4108 6340
626 432 722 486 471

628 552 821 607 dicitur
849 590 861 613 ,
892 546 983 601 sed
1014 546 1119 599 duo
1149 550 1202 597 et
1225 540 1325 594 tria
1367 546 1422 591 et
1448 534 1610 589 multo
1643 530 1788 597 plura
1817 521 2156 613 reperiuntur
2182 532 2195 569 :

628 646 855 712 primum
882 682 896 705 ,
931 636 1071 707 quod
1119 641 1361 688 mortuus
1410 627 1511 691 sit;
1554 620 1846 677 secundum
1872 612 2077 712 ,ulurid
2108 625 2201 712 pro

631 704 839 803 impiis;
873 704 1089 784 tertium
1115 772 1127 792 ,
1160 724 1299 794 quod
1355 712 1775 803 reconciliaverit
1796 708 2066 803 ,Asalntem
2104 704 2199 803 de:

632 790 1256 890 deritpjustificav‘crit,
1309 806 1636 864 immortales
1686 797 2011 860 reddiderit,
2062 790 2202 862 quod

632 914 766 968 filios
792 920 848 967 et
887 908 1114 965 heredes
1154 904 1356 960 fecerit.
1408 900 1522 954 Non
1554 898 1712 967 igitur
1734 908 1763 946 a
1794 898 1965 945 morte
1997 894 2199 940 tantum

631 1003 971 1058 corroborari
995 1005 1240 1069 Oportet,
1268 995 1362 1056 ait,
1393 989 1487 1047 sed
1518 989 1676 1043 etiam
1707 999 1734 1036 a
1760 982 1904 1037 dono
1934 993 2027 1047 per
2062 989 2204 1030 mor—

640 1106 746 1150 tem
799 1094 948 1148 nobis
996 1090 1233 1145 collato:
1288 1096 1647 1155 quamquam,
1692 1076 1736 1130 si
1784 1083 2022 1127 mortuus
2062 1074 2202 1122 essm

634 1194 833 1239 tantum
863 1196 960 1251 pro
992 1180 1145 1234 nobis
1170 1178 1261 1247 qui
1296 1176 1428 1229 tales
1454 1186 1660 1234 sumus,
1690 1166 1977 1221 maximum
2004 1158 2203 1213 amoris

631 1284 1005 1345 argumentum
1034 1280 1209 1335 esset,
1239 1268 1293 1323 id
1323 1265 1464 1337 quod
1498 1264 1692 1318 factum
1720 1268 1840 1321 est;
1872 1260 2200 1345 comantem

630 1340 840 1420 constet
872 1364 1023 1418 illum
1050 1363 1367 1416 morientem
1415 1356 1551 1411 dona
1577 1394 1593 1421 ,
1621 1360 1674 1406 et
1708 1357 1847 1403 tanta
1875 1346 2012 1399 dona
2046 1340 2202 1410 largi-

632 1466 745 1511 tum
786 1471 941 1521 esse,
990 1454 1181 1507 talibus
1220 1448 1562 1510 hominibus,
1608 1456 1820 1498 omnem
1872 1433 2201 1509 hyperbolen

641 1556 895 1616 superant
924 1561 1013 1610 ea,
1043 1560 1161 1614 quaa
1203 1542 1337 1595 facta
1385 1546 1539 1603 sunt,
1568 1543 1621 1589 et
1649 1533 1731 1587 vel
1780 1528 2203 1616 stupidissimum

636 1614 891 1692 adﬁlidem
937 1635 1224 1690 deducant.
1252 1631 1431 1699 Neque
1460 1626 1602 1680 enim
1629 1622 1766 1676 alius
1796 1620 2024 1674 salutem
2052 1614 2205 1670 nobis

632 1731 857 1783 (laturus
880 1734 992 1791 est,
1019 1741 1176 1795 quam
1201 1723 1275 1787 is,
1300 1721 1389 1790 qui
1424 1734 1519 1773 nos
1551 1722 1859 1787 peccatores
1882 1711 1957 1766 sic
1985 1706 2202 1770 amavit,

635 1830 691 1874 ut
728 1830 781 1873 et
826 1820 1061 1887 seipsum
1115 1813 1371 1869 traderet.
1404 1809 1589 1864 \‘idcn'
1616 1814 1869 1875 quantam
1919 1802 2068 1856 locus
2118 1797 2203 1851 hic

634 1912 998 1981 probationem
1044 1907 1233 1961 all'erat
1272 1905 1335 1957 ad
1380 1918 1527 1971 spem
1581 1901 1879 1953 futurorum
1924 1894 2206 1981 adstruenf

635 1980 797 2055 dam?
828 2000 1071 2054 Antehac
1098 1998 1239 2052 enim
1274 1994 1379 2049 duo
1408 1992 1561 2045 nobis
1582 1998 1735 2043 erant
1764 1986 1829 2040 ad
1860 1985 2087 2038 salutem
2113 1980 2208 2034 dif-

635 2091 791 2145 ficilia
818 2106 833 2143 :
862 2088 1003 2158 quod
1035 2094 1345 2157 peccatores
1373 2093 1614 2135 essemus
1639 2118 1653 2141 ,
1695 2085 1749 2131 et
1774 2072 1915 2145 quod
1948 2088 2043 2141 per
2072 2084 2207 2124 mor-

628 2192 739 2236 tem
771 2180 975 2233 Domiui
1001 2179 1227 2231 salutem
1250 2170 1502 2240 consequi
1541 2177 1814 2239 oporteret
1845 2184 1858 2217 :
1890 2162 2032 2234 quod
2078 2176 2202 2215 cre-

629 2272 741 2327 ditu
766 2270 983 2325 difficile
1025 2275 1140 2323 erat
1193 2274 1479 2333 antequam
1532 2260 1704 2322 fieret,
1752 2256 2026 2323 multaque
2064 2265 2205 2320 opus

601 2428 603 2430 η
636 2361 869 2416 habebat
898 2358 1120 2413 caritate
1147 2363 1205 2409 ut
1232 2354 1403 2408 ﬁeret.
1432 2350 1581 2406 Nunc
1606 2364 1755 2411 vero,
1785 2354 2062 2414 postquam

632 2464 899 2512 evenere,
929 2447 1132 2515 reliqua
1178 2444 1411 2499 faciliora
1456 2450 1597 2495 sunt.
1644 2436 1851 2491 Etenim
1884 2433 2039 2485 amici
2082 2429 2206 2483 facti

632 2555 815 2596 sumus
839 2579 851 2603 ,
887 2554 983 2593 nec
1012 2539 1147 2591 ultra
1181 2544 1351 2588 morte
1374 2546 1506 2602 opus
1529 2538 1628 2585 est.
1663 2527 1762 2595 Qui
1789 2527 1947 2596 igitur
1974 2522 2204 2577 inimicis

638 2634 707 2687 ita
746 2630 1006 2701 pepercit,
1039 2638 1097 2683 ut
1127 2628 1263 2681 Filio
1288 2641 1387 2680 suo
1412 2640 1515 2678 non
1545 2627 1830 2691 parceret,
1859 2632 2000 2673 nunc
2019 2614 2205 2670 amicis

639 2740 743 2778 non
776 2722 1191 2793 patrocinabitur
1211 2760 1229 2785 ,
1258 2734 1377 2773 cum
1405 2718 1513 2786 jam
1557 2715 1699 2768 nulla
1727 2713 1796 2765 sit
1826 2709 2120 2765 necessitas
2151 2715 2208 2760 ut

638 2816 799 2868 Filius
827 2810 1098 2866 tradatur?
1123 2810 1216 2864 Vel
1248 2809 1387 2863 enim
1437 2807 1557 2876 quis
1596 2804 1820 2858 salutem
1869 2815 1973 2853 non
2025 2797 2200 2860 affert,

638 2907 776 2975 quod
805 2921 907 2959 non
954 2904 1114 2967 velit;
1150 2902 1232 2955 vel
1262 2899 1402 2968 quod
1433 2912 1576 2967 serpe
1597 2938 1610 2960 ,
1653 2894 1861 2949 etiamsi
1888 2893 2050 2955 velit,
2100 2904 2205 2943 non

638 2997 838 3065 possit:
873 3002 1115 3049 neutrum
1144 3007 1272 3045 vero
1307 2990 1471 3060 possit
1512 2989 1578 3042 de
1610 2987 1714 3041 Deo
1741 2985 1869 3039 dici.
1900 2976 2030 3036 Nam
2062 2992 2205 3051 quod

642 3087 900 3148 voluerit,
929 3083 1050 3139 inde
1074 3085 1277 3153 liquet,
1300 3080 1441 3152 quod
1473 3079 1664 3133 Filium
1688 3092 1842 3131 suum
1890 3073 2168 3129 tradiderit
2192 3089 2207 3137 ;

638 3180 777 3249 quod
801 3193 927 3233 vero
950 3176 1136 3247 possit,
1161 3176 1320 3230 etiam
1340 3171 1743 3235 demonstravit,
1772 3166 1987 3238 quando
2023 3179 2213 3235 pecca-

643 3286 784 3327 tores
806 3270 1134 3340 justifieavit.
1163 3266 1299 3335 Quid
1323 3266 1479 3335 igitur
1506 3262 1783 3333 prohibet,
1812 3259 2096 3331 quominus
2119 3271 2215 3311 nos

642 3365 815 3416 futura
839 3357 1267 3429 consequamur?
1291 3356 1455 3411 Nihil.
1487 3354 1686 3409 Deinde
1715 3366 1918 3413 rursus,
1941 3365 2005 3405 ne
2028 3362 2216 3418 pecca-

641 3462 817 3515 tores,
866 3450 1128 3511 inimicos,
1151 3446 1425 3508 inﬁmos,
1479 3442 1672 3513 impios
1715 3442 1979 3507 audiens,
2014 3439 2216 3510 pudore

641 3543 894 3597 aflieiaris
941 3551 994 3597 et
1040 3539 1361 3602 erubescas,
1410 3535 1530 3590 audi
1562 3535 1688 3604 quid
1740 3534 1920 3589 dicat:
1958 3534 2043 3586 Il.
2094 3530 2216 3585 Non

644 3637 806 3688 solum
818 3643 1007 3699 autem,
1040 3631 1128 3686 sed
1144 3640 1189 3684 et
1207 3630 1482 3701 gloriamur
1497 3628 1547 3681 in
1564 3626 1669 3680 Deo
1698 3642 1785 3695 per
1819 3624 2086 3677 Dominum
2118 3638 2213 3675 no-

643 3735 799 3779 strum
824 3724 998 3779 Iesum
1026 3723 1303 3782 Christum,
1336 3737 1422 3789 per
1442 3735 1588 3788 quem
1613 3733 1745 3770 nunc
1764 3716 2218 3771 reconciliationem

650 3815 954 3883 accepimus.
985 3812 1121 3879 Quid
1167 3820 1249 3866 est
1302 3808 1457 3874 illud,
1511 3807 1630 3862 Non
1672 3805 1835 3859 solum
1866 3806 2071 3859 autem!
2100 3804 2217 3858 Non

649 3907 821 3959 solum
854 3904 1080 3959 salutem
1113 3899 1422 3969 consequuti
1466 3912 1648 3953 sumus
1668 3941 1681 3962 ,
1708 3897 1896 3965 inquit,
1926 3894 2019 3950 sed
2050 3896 2209 3949 etiam

657 3997 725 4051 de
754 3997 853 4049 hoc
898 3996 1013 4063 ipso
1042 3993 1367 4063 gloriamur,
1395 3990 1461 4045 de
1500 4004 1607 4058 quo
1651 3988 1915 4058 quispiam
1956 3984 2221 4056 putaverit

654 4102 753 4141 nos
778 4084 1120 4140 erubescere.
1162 4082 1314 4150 Quod
1358 4090 1533 4134 autem
1579 4079 1634 4133 in
1680 4088 1821 4131 tanta
1868 4076 2103 4146 nequitia
2153 4075 2221 4128 vi-

652 4186 841 4232 ventes
869 4176 999 4231 salvi
1028 4176 1286 4229 fuerimus
1308 4216 1323 4240 ,
1355 4174 1561 4242 signum
1586 4181 1667 4225 est
1693 4186 1790 4225 nos
1820 4169 2044 4223 multum
2073 4167 2217 4237 diligi

658 4270 726 4324 ab
752 4285 856 4336 eo,
882 4270 971 4338 qui
999 4269 1175 4322 salvos
1214 4281 1311 4321 nos
1356 4266 1496 4321 fecit.
1536 4264 1651 4320 Non
1683 4264 1823 4320 enim
1866 4279 1963 4334 per
2002 4264 2222 4334 angelos

655 4371 746 4417 aut
774 4360 1123 4430 archangelos
1142 4400 1158 4426 ,
1186 4358 1279 4412 sed
1307 4372 1402 4428 per
1431 4358 1767 4426 Unigenitum
1809 4356 2035 4410 salutem
2067 4355 2221 4408 nobis

654 4453 905 4507 contulit.
943 4450 1126 4519 Itaque
1169 4459 1222 4504 et
1267 4449 1409 4518 quod
1455 4448 1679 4502 salutem
1727 4446 1971 4510 dederit,
2000 4444 2221 4513 etquod

657 4543 852 4597 talibus
878 4541 1105 4605 dederit,
1135 4539 1383 4609 quodque
1408 4554 1505 4609 per
1528 4537 1889 4608 Unigenitnm,
1923 4550 2092 4606 neque
2120 4550 2235 4590 mo-

656 4633 724 4689 do
753 4649 845 4703 per
890 4631 1229 4702 Unigeuitum
1252 4673 1267 4699 ,
1311 4628 1405 4684 sed
1452 4644 1546 4698 per
1581 4628 1891 4697 sanguinem
1935 4626 2101 4697 ipsius
2127 4667 2141 4691 ,
2173 4626 2223 4679 id

658 4727 801 4779 mille
850 4725 1001 4779 nobis
1050 4723 1232 4792 gloria:
1285 4736 1513 4777 coronas
1564 4721 1745 4775 nectit.
1780 4718 1920 4773 Nihil
1970 4718 2112 4772 enim
2158 4716 2224 4771 ad

659 4814 882 4883 gloriam
924 4822 981 4866 et
1010 4812 1253 4865 fiduciam
1297 4811 1631 4866 excitandam
1680 4811 1751 4864 ita
1793 4809 2037 4875 confert,
2067 4823 2224 4877 quam

654 4904 795 4971 quod
821 4916 1060 4956 amemur
1083 4917 1110 4955 a
1136 4902 1266 4967 Deo,
1296 4913 1347 4956 et
1371 4902 1513 4971 quod
1536 4902 1681 4955 illum
1705 4901 1936 4955 vicissim
1960 4914 2222 4955 amemus.

656 4994 767 5047 Hoc
813 4993 1028 5062 angelos
1074 4991 1383 5061 splendidos
1432 4992 1641 5058 reddit,
1673 4992 1773 5045 hoc
1822 4992 2150 5061 principatus
2176 5000 2231 5045 et

659 5094 949 5154 potestates
969 5126 983 5149 ,
1033 5083 1134 5137 hoc
1162 5098 1348 5153 regno
1397 5082 1567 5151 majus
1596 5090 1699 5138 est.
1730 5080 1853 5137 Ideo
1883 5083 2045 5138 Paulu
2126 5081 2228 5135 hoc

663 5176 981 5245 pneferebat
1008 5191 1172 5246 regno
1199 5195 1211 5229 :
1241 5175 1361 5231 ideo
1384 5176 1541 5229 etiam
1567 5173 1911 5243 incorporeas
1939 5183 2230 5245 potestates

658 5268 836 5323 beatas
863 5268 1001 5332 dico,
1034 5267 1173 5336 quod
1202 5274 1383 5321 ament
1425 5281 1547 5320 eum
1583 5273 1635 5319 et
1660 5264 1712 5319 in
1738 5265 1986 5319 omnibus
2014 5265 2061 5319 ei
2093 5265 2227 5319 obe-

661 5358 829 5411 diaut.
858 5356 993 5411 IIine
1020 5359 1176 5427 igitur
1208 5358 1325 5411 illas
1353 5358 1609 5427 propheta
1638 5356 1930 5411 mirabatur
1954 5398 1968 5424 ,
1998 5356 2183 5409 dicens
2214 5372 2227 5408 :

669 5448 899 5501 Potentes
942 5450 1153 5515 virtute,
1207 5451 1447 5519 facientes
1486 5448 1686 5502 verbum
1741 5448 1876 5501 illius
1904 5447 2073 5521 (Psal.
2108 5448 2227 5502 1οἳ.

660 5537 751 5607 20)
781 5556 793 5590 ι
830 5539 953 5592 hinc
980 5549 1033 5593 et
1075 5540 1404 5610 Seraphinos
1453 5540 1617 5594 Isaias
1648 5539 1983 5606 celebrabat,
2028 5555 2092 5595 ac
2122 5556 2233 5593 ma-

662 5645 817 5698 gnam
848 5632 1084 5701 ipsormn
1112 5634 1379 5697 virtutem,
1410 5633 1551 5703 quod
1581 5641 1786 5686 starent
1813 5647 1979 5704 prope
2006 5634 2229 5704 gloriam

665 5724 830 5788 illam,
858 5724 907 5777 id
937 5724 1077 5794 quod
1098 5725 1394 5779 dilectionis
1418 5727 1660 5779 maximae
1688 5736 1898 5795 stgnum
1930 5736 2063 5780 erat.

732 5819 784 5870 4.
830 5816 1099 5872 Imitemur
1124 5832 1251 5888 ergo
1279 5826 1331 5873 et
1361 5832 1456 5873 nos
1481 5832 1738 5889 supernas
1768 5818 1883 5875 illas
1914 5828 2224 5890 potestates,

1295 416 1354 474 S.
1391 408 1663 471 IOANNIS
1689 384 2160 463 CIIIiYSOSTOBII
2203 391 2515 449 AllCIIIEP.
2556 392 3081 451 CONSTANTINOP.

3791 389 3896 442 ιη

2312 523 2364 565 et
2392 530 2494 568 non
2526 514 2682 568 modo
2712 530 2875 583 prope
2903 514 3096 567 solium
3126 518 3267 566 stare
3296 523 3567 572 curemus,
3602 506 3698 562 sed
3730 508 3899 560 etiam

2307 618 2450 668 eum,
2481 604 2567 673 qui
2595 608 2643 656 in
2675 605 2810 659 solio
2837 603 3009 669 sedet,
3036 604 3087 656 in
3121 602 3273 655 nobis
3304 600 3631 654 habitantem
3664 598 3899 653 habere.

2312 694 2400 749 lllc
2431 709 2658 762 namque
2698 706 2750 750 et
2786 711 2844 749 se
2884 694 3127 749 odientes
3152 695 3375 757 amavit,
3408 701 3460 747 et
3489 706 3673 745 amare
3705 706 3901 760 persc-

2308 792 2456 841 vcrat
2486 803 2501 839 :
2533 786 2731 841 etenim
2761 786 2933 841 Solem
2960 786 3084 839 oriri
3115 786 3237 855 facit
3264 799 3415 854 super
3438 781 3597 836 malos
3621 792 3671 835 et
3697 782 3863 836 bones
3882 823 3897 845 ,

2308 890 2354 931 et
2400 879 2529 947 pluit
2570 894 2723 946 super
2762 880 2930 946 justas
2970 887 3017 931 et
3064 878 3283 946 injustas
3327 875 3538 946 (Hatth.
3572 874 3628 929 5.
3660 874 3779 942 45).
3819 873 3898 927 Tu

2307 984 2433 1037 ergo
2456 979 2505 1023 te
2534 977 2797 1023 amantem
2822 983 2939 1022 ama
2964 984 2979 1034 ;
3014 977 3065 1021 te
3088 968 3284 1038 quippe
3311 977 3471 1021 amat.
3504 967 3570 1021 Et
3596 966 3897 1037 quomodo,

2310 1059 2534 1128 inquies,
2581 1059 2669 1113 ille
2698 1059 2787 1128 qui
2816 1066 2979 1123 amat,
3010 1057 3334 1127 gehennam,
3366 1071 3580 1124 poenam
3607 1064 3661 1109 et
3688 1055 3900 1123 suppli-

2308 1150 2445 1203 cinm
2474 1150 2826 1204 comminatus
2864 1149 2979 1205 est?
3028 1148 3105 1203 Ex
3135 1162 3202 1203 eo
3232 1148 3348 1217 ipso
3377 1146 3521 1217 quod
3547 1156 3714 1202 amet.
3760 1146 3896 1201 Nam

2308 1241 2564 1295 malitiam
2592 1239 2924 1303 rescindens,
2950 1246 3004 1294 et
3033 1239 3224 1293 timore
3256 1246 3525 1308 tamquam
3553 1237 3716 1292 freno
3746 1246 3896 1291 tuum

2309 1346 2567 1387 coercens
2594 1331 2658 1385 ad
2689 1330 2870 1403 pejora
2898 1332 3175 1401 impetum,
3229 1330 3359 1386 nihil
3407 1345 3512 1384 non
3550 1330 3679 1400 agit,
3717 1339 3775 1384 ut
3808 1345 3901 1398 per

2311 1420 2446 1475 bona
2469 1430 2520 1475 et
2553 1422 2775 1477 molesta
2808 1437 3034 1491 pronum
3060 1431 3206 1475 tuum
3233 1421 3301 1474 ad
3334 1422 3513 1475 infima
3539 1421 3781 1474 animum
3816 1435 3899 1475 re-

2311 1513 2495 1579 tineat,
2531 1523 2584 1569 et
2607 1514 2672 1569 ad
2700 1530 2758 1569 se
2789 1514 3006 1569 reducat
3036 1523 3091 1569 et
3118 1512 3347 1568 abducat
3370 1513 3435 1569 ab
3458 1514 3604 1568 omni
3632 1513 3895 1582 nequitia,

2308 1620 2427 1673 qua:
2456 1614 2539 1661 est
2566 1606 2809 1675 gehenna
2834 1606 3066 1675 gravior.
3117 1604 3268 1673 Quod
3310 1605 3355 1659 si
3400 1604 3468 1659 de
3492 1605 3601 1672 jam
3632 1605 3795 1659 dictis
3822 1606 3897 1660 ri-

2309 1693 2465 1757 deas,
2496 1704 2551 1750 et
2578 1696 2795 1749 omnino
2824 1696 2976 1750 malis
3005 1696 3054 1751 in
3082 1695 3315 1765 nequitia
3341 1696 3551 1761 vivere,
3584 1710 3746 1765 quam
3792 1710 3899 1749 uno

2310 1786 2469 1855 affligi
2512 1785 2619 1849 die,
2669 1786 2802 1840 nihil
2850 1786 3041 1840 mirum
3073 1804 3085 1839 :
3119 1801 3239 1839 nam
3272 1786 3372 1839 hoc
3404 1784 3704 1853 imperfecti
3734 1786 3896 1840 animi

2311 1877 2385 1930 tui
2417 1876 2625 1947 signum
2667 1885 2767 1940 est,
2811 1886 2868 1931 et
2914 1876 3189 1931 ebrietatis
3234 1875 3650 1945 insanabilisque
3699 1876 3895 1930 morbi.

2311 1965 2438 2020 Nam
2470 1976 2525 2021 et
2558 1968 2761 2035 pueruli
2801 1981 2921 2020 cum
2967 1966 3149 2020 vident
3194 1965 3458 2020 medicum
3486 1967 3661 2035 ignem
3690 1966 3779 2019 vel
3814 1981 3898 2020 se-

2310 2057 2539 2111 etionem
2580 2056 2940 2122 inducentem,
2986 2056 3193 2124 fugiunt
3237 2063 3292 2110 et
3331 2054 3596 2121 resiliunt,
3635 2053 3899 2123 ejnlantes

2310 2156 2366 2201 et
2390 2162 2509 2201 sese
2548 2146 2847 2201 lacerantes
2872 2188 2887 2211 ,
2933 2146 3243 2215 maluntque
3268 2145 3320 2200 in
3354 2153 3610 2215 perpetua
3651 2146 3901 2215 corporis

2312 2237 2612 2306 pnruleutia
2658 2237 2870 2307 perire,
2920 2250 3078 2307 quam
3130 2246 3533 2305 temporaueum
3580 2235 3901 2291 sustinendo

2312 2328 2571 2393 dolorem,
2605 2330 2885 2383 sanitatem
2914 2336 3096 2397 postea
3123 2329 3357 2400 assequi.
3382 2331 3561 2399 Atqui
3590 2340 3776 2385 mente
3801 2346 3895 2383 va-

2313 2420 2443 2483 lent,
2475 2419 2650 2472 sciunt
2677 2419 2891 2488 gravius
2915 2434 3036 2475 esse
3065 2429 3347 2489 a'grotare,
3396 2434 3557 2490 quam
3592 2421 3775 2490 aliqua
3814 2436 3900 2476 se-

2310 2512 2486 2565 ctione
2529 2509 2687 2573 allici,
2733 2510 3177 2579 quemadmodum
3228 2514 3388 2567 etiam
3430 2513 3732 2583 improbum
3780 2530 3901 2571 esse

2313 2602 2466 2671 pejus
2502 2613 2605 2663 εει,
2651 2616 2810 2670 quam
2866 2603 3037 2671 puniri
3084 2618 3098 2654 :
3144 2603 3244 2657 hoc
3287 2603 3429 2658 enim
3477 2613 3555 2658 est
3606 2606 3789 2660 curari
3848 2618 3900 2661 et

2313 2704 2496 2764 postea
2520 2692 2657 2747 bene
2684 2692 2882 2759 valere,
2926 2693 3053 2747 illud
3077 2688 3205 2748 vero
3234 2694 3407 2762 perire
3448 2702 3501 2749 ct
3540 2696 3593 2751 in
3636 2707 3896 2766 perpetua

2313 2784 2628 2853 :rgritudine
2657 2785 2880 2838 versari.
2919 2784 3068 2852 Quod
3098 2794 3275 2839 autem
3305 2785 3441 2841 bona
3465 2786 3718 2841 valetudo
3742 2791 3901 2860 ωετί-

2314 2877 2479 2929 tudini
2508 2876 2577 2930 sit
2606 2875 2961 2945 praaferenda,
3009 2876 3209 2931 nemini
3238 2892 3341 2931 non
3370 2886 3555 2932 notum
3585 2888 3669 2933 est
3702 2897 3714 2931 :
3743 2896 3905 2950 quau-

2312 2966 2599 3036 doqnidem
2629 2976 2682 3020 et
2714 2965 2880 3031 fures,
2930 2980 3035 3021 non
3080 2966 3295 3037 quando
3319 2968 3557 3036 ipsorum
3582 2968 3752 3023 latera
3787 2985 3905 3038 per-

2317 3058 2606 3125 fodiuntur,
2639 3058 2733 3113 sed
2763 3057 2977 3127 quando
3004 3073 3186 3112 muros
3219 3057 3528 3129 perfodiunt
3552 3069 3605 3115 et
3627 3061 3904 3128 occidunt,

2317 3149 2565 3220 lacrymis
2610 3148 2754 3219 digni
2796 3158 2939 3203 sunt.
2973 3147 3029 3203 Si
3058 3149 3200 3203 enim
3228 3149 3419 3203 melior
3443 3162 3526 3205 est
3568 3152 3749 3205 anima
3780 3166 3905 3206 cor-

2327 3256 2477 3311 pore,
2502 3248 2562 3295 ut
2588 3255 2775 3295 revera
2803 3240 2990 3294 melior
3015 3249 3130 3305 est;
3164 3240 3250 3293 illa
3276 3255 3486 3295 morata
3516 3243 3686 3311 magis
3719 3242 3909 3313 Ingen-

2318 3332 2445 3387 dum
2473 3341 2528 3387 et
2555 3331 2875 3402 gemendum
2902 3343 2982 3385 est
3012 3348 3026 3385 :
3056 3330 3197 3400 quod
3238 3332 3279 3384 si
3318 3331 3404 3383 illa
3437 3330 3657 3386 minime
3686 3335 3906 3398 sentiat,

2322 3424 2441 3479 ideo
2496 3424 2665 3493 magis
2717 3422 2945 3493 lugenda
2994 3430 3096 3477 est.
3142 3422 3274 3476 Nam
3331 3423 3421 3493 qui
3467 3423 3677 3494 impuro
3722 3439 3910 3480 arnore

2320 3524 2522 3580 amant,
2552 3515 2721 3584 magis
2748 3523 2873 3568 sunt
2898 3512 3233 3583 deplorandi,
3286 3528 3444 3583 qnam
3478 3515 3511 3568 ii
3541 3514 3631 3585 qui
3663 3515 3799 3570 febri
3829 3518 3908 3570 la-

2322 3606 2545 3669 borant;
2576 3605 2923 3673 similiterque
2944 3603 3137 3659 ebriosi
3166 3604 3353 3674 magis,
3386 3620 3544 3673 quam
3591 3605 3625 3659 ii
3667 3607 3760 3675 qui
3801 3616 3908 3662 tor-

2321 3699 2514 3753 mentis
2538 3697 2893 3766 applicantur.
2932 3696 3000 3749 At
3034 3696 3079 3750 si
3128 3696 3213 3750 illa
3241 3697 3511 3767 graviora,
3553 3696 3784 3767 inquies,
3814 3713 3912 3753 cnr

2323 3793 2498 3859 potius
2523 3790 2608 3844 illa
2638 3789 2920 3858 eligimus?
2940 3788 3071 3854 Quia
3101 3789 3369 3858 plerisque
3396 3788 3701 3843 hominibus
3728 3806 3911 3845 secun-

2324 3883 2446 3936 dum
2491 3882 2828 3952 provm-bium
2875 3881 3057 3951 pejora
3109 3881 3360 3951 placent,
3400 3880 3598 3952 illaque
3646 3883 3910 3953 diligunt,

2326 3978 2543 4031 meliora
2586 3978 3067 4046 pmetermittentes.
3121 3975 3175 4030 Id
3205 3974 3348 4045 quod
3380 3976 3540 4029 etiam
3575 3976 3624 4030 in
3654 3976 3793 4031 clhis
3823 3978 3905 4030 vi-

2324 4066 2453 4121 dere
2478 4075 2753 4135 est,atque
2778 4068 2828 4118 in
2858 4066 2978 4119 vita:
3008 4064 3280 4131 institutis,
3302 4065 3351 4119 in
3378 4065 3745 4133 :etnnlatione,
3778 4081 3834 4122 et
3860 4070 3909 4121 in

2325 4157 2703 4227 voluptatibus,
2746 4157 2797 4211 in
2847 4157 3180 4222 mulieribus,
3224 4158 3275 4211 in
3300 4157 3573 4224 domibus,
3623 4160 3678 4214 in
3709 4163 3911 4216 manci-

2326 4250 2446 4318 piis,
2475 4250 2525 4302 in
2567 4247 2730 4317 agris,
2762 4248 2813 4301 in
2841 4248 3062 4317 aliisque
3086 4248 3354 4304 omnibus.
3395 4251 3583 4307 Utrum
3614 4252 3761 4306 enim
3786 4253 3909 4307 dul-

2325 4341 2461 4404 cius,
2493 4354 2675 4410 qumso
2704 4347 2771 4405 te,
2798 4354 2922 4394 cum
2947 4338 3155 4393 feminis
3181 4352 3247 4393 an
3269 4354 3390 4394 cum
3415 4340 3667 4396 masculis
3687 4356 3913 4412 congre-

2327 4430 2410 4495 di,
2435 4445 2557 4484 cum
2597 4429 2807 4483 feminis
2854 4444 2923 4483 an
2952 4444 3072 4484 cun.
3101 4429 3387 4484 mulabus?
3426 4431 3674 4487 Attamen
3715 4434 3915 4488 multos

2330 4520 2658 4584 invenimus,
2714 4520 2804 4589 qui
2859 4534 2981 4574 cum
3034 4520 3203 4575 brutis
3254 4530 3489 4589 coeunt,
3548 4532 3601 4577 et
3646 4526 3915 4579 masculo-

2328 4629 2444 4668 rum
2489 4628 2709 4682 corpora
2761 4613 3048 4683 deturpant
3077 4629 3090 4665 :
3126 4627 3445 4683 quamquam
3471 4628 3554 4680 ea,
3581 4630 3703 4686 quas
3723 4631 3914 4671 secun-

2327 4703 2451 4758 dum
2475 4715 2713 4759 naturam
2742 4713 2886 4772 sunt,
2910 4703 2997 4771 iis,
3018 4719 3135 4774 qua:
3162 4712 3349 4759 contra
3373 4715 3637 4773 naturam,
3664 4710 3914 4765 suaviora

2328 4798 2453 4852 sint.

2402 4887 2723 4958 Supplicium
2771 4904 2871 4942 non
2917 4888 3109 4941 malum
3150 4889 3421 4959 quomodo.
3473 4890 3750 4948 Eruntua:
3798 4912 3915 4949 cum

2331 4981 2479 5035 laude
2526 4981 2622 5035 Dei
2671 4980 2911 5050 ferendae.
2945 5012 3004 5022 —
3039 4983 3282 5037 Attamen
3311 4982 3460 5039 mulli
3491 4995 3635 5052 sunt,
3666 4989 3757 5057 qui
3808 4989 3915 5043 risu

2332 5072 2507 5142 digna,
2530 5071 2850 5149 injucunda,
2885 5080 2937 5127 et
2976 5072 3294 5142 supplicium
3324 5073 3596 5142 habentia,
3645 5087 3704 5130 ut
3730 5079 3912 5131 suavia

2332 5175 2744 5234 persequuntur.
2792 5164 2902 5219 Illis
2941 5165 3080 5219 enim
3122 5166 3236 5221 lucc
3277 5168 3460 5221 suavia
3493 5165 3745 5221 videntur
3769 5184 3910 5235 esse,

2336 5258 2561 5329 inquies.
2589 5261 2658 5313 At
2686 5258 2783 5313 hac
2808 5258 2917 5327 ipsa
2948 5259 3014 5314 de
3040 5273 3196 5315 causa
3228 5261 3411 5315 miseri
3438 5269 3583 5326 sunt,
3613 5263 3754 5331 quod
3788 5278 3913 5318 sua»

2336 5353 2415 5407 via
2462 5360 2645 5423 putent
2692 5367 2752 5407 ea
2799 5366 2940 5418 esse,
2979 5369 3098 5422 qua:
3144 5354 3362 5407 minime
3408 5354 3592 5408 suavia
3640 5364 3791 5410 sunt.
3828 5356 3912 5412 Sic

2335 5444 2492 5499 etiam
2521 5443 2836 5513 supplicium
2882 5453 3100 5515 peccato
3144 5444 3381 5500 deterius
3430 5460 3548 5502 esse
3588 5457 3802 5517 putant.
3850 5450 3913 5503 At

2336 5552 2442 5591 non
2487 5537 2565 5593 sic
2588 5546 2691 5599 est,
2723 5535 2815 5590 sed
2847 5536 3173 5591 contrarium
3206 5537 3444 5593 omnino.
3475 5538 3606 5592 Nam
3635 5540 3679 5593 si
3705 5540 3907 5609 suppli-

2334 5635 2471 5685 cium
2518 5629 2752 5699 peccatis
2800 5628 3055 5683 indictum
3096 5630 3290 5684 malum
3333 5642 3511 5697 esset,
3560 5631 3704 5685 Deus
3756 5633 3909 5687 malis

2337 5725 2472 5780 mala
2501 5741 2607 5779 non
2636 5723 2946 5791 addidisset,
2980 5738 3150 5791 neque
3178 5723 3294 5779 illos
3324 5725 3534 5795 pejores
3568 5723 3795 5781 reddere
3822 5741 3909 5778 vo.

2339 5819 2526 5875 luisset
2569 5818 2703 5889 :qui
2738 5817 2880 5873 enim
2926 5816 3100 5873 omnia
3133 5817 3277 5885 facit,
3320 5828 3378 5871 ut
3413 5816 3669 5873 malitiam
3711 5819 3904 5875 exstin-
