4108 6340
257 452 360 505 471

253 565 352 617 τοῦ
396 563 627 617 θανάτου
661 561 820 633 μόνον
868 560 1244 633 ἰσχυρίζεσθαι
1278 559 1407 630 χρὴ,
1446 559 1633 627 φησὶν,
1668 556 1804 610 ἀλλὰ
1843 554 1938 607 καὶ

256 649 364 706 ἀπὸ
401 652 493 706 τοῦ
544 651 786 714 δοθέντος
827 653 956 721 ἡμῖν
1006 650 1091 703 διὰ
1121 648 1213 702 τοῦ
1256 648 1490 700 θανάτου
1513 663 1526 676 ⁸
1564 645 1740 697 καίτοι
1772 660 1835 710 γε
1888 642 1937 694 εί

256 740 354 791 καὶ
385 739 637 809 τεθνήκει
680 740 838 808 μόνον
869 737 1009 807 ὑπὲρ
1055 735 1215 806 ἡμῶν
1242 736 1497 789 τοιούτων
1518 734 1709 794 όντων,
1772 730 1935 799 μέγι-

264 843 394 879 στον
418 822 486 896 ἦν
512 827 710 897 δεῖγμα
736 827 957 895 ἀγάπης
981 824 1040 878 τὸ
1068 823 1437 895 γεγενημένον
1457 840 1469 853 ·
1501 824 1629 875 ὅταν
1661 820 1717 872 δὲ
1749 818 1945 888 φαίνη-

252 931 346 967 ται
401 915 496 967 καὶ
557 914 918 982 ἀποθνήσκων
963 911 1328 982 δωρούμενος,
1387 910 1481 963 καὶ
1536 908 1760 961 τοιαῦτα
1840 906 1942 959 δω-

258 1001 519 1072 ρούμενος
562 1002 653 1056 καὶ
706 1000 967 1063 τοιούτοις
1018 994 1157 1065 οὖσι,
1218 1000 1399 1051 πᾶσαν
1440 995 1748 1069 ὑπερϐολὴν
1807 993 1942 1047 ἀπο-

258 1092 495 1161 κρύπτει
527 1088 594 1140 τά
637 1088 1003 1157 γεγενημένα,
1042 1087 1134 1140 καὶ
1186 1086 1277 1139 τὸν
1349 1086 1553 1155 σφόδρα
1615 1081 1941 1152 ἀναίσθητον

258 1178 344 1239 είς
372 1177 551 1228 πίστιν
611 1176 756 1243 ἄγει.
804 1176 938 1228 Ούδέ
1006 1176 1115 1247 γάρ
1147 1173 1303 1237 ἄλλος
1353 1174 1500 1225 ἐστὶν
1528 1174 1555 1224 0
1588 1169 1797 1241 μέλλων
1833 1166 1942 1219 σώ-

257 1263 373 1326 ζειν
409 1265 575 1333 ἡμᾶς,
636 1263 749 1317 ἀλλ’
780 1265 1038 1327 ἐκεῖνοςό
1096 1262 1240 1315 οὕτω
1304 1261 1535 1330 φιλήσας
1585 1256 1942 1329 ἁμαρτωλοὺς

253 1350 439 1413 ὄντας,
500 1350 575 1412 ὡς
636 1350 730 1404 καὶ
783 1350 976 1405 ἑαυτὸν
1025 1349 1289 1403 ἐκδοῦναι.
1336 1344 1488 1410 Εἶδες
1531 1347 1703 1415 πόσην
1744 1345 1858 1413 ἔχει
1884 1344 1944 1396 10

253 1438 455 1508 χωρίον
515 1438 673 1491 τοῦτο
736 1438 1083 1509 κατασκευὴν
1143 1438 1277 1508 πρὸς
1323 1435 1422 1507 τὴν
1474 1435 1584 1487 τῶν
1638 1433 1943 1503 μελλόντων

255 1524 479 1590 ἐλπίδα;
528 1527 640 1596 Πρὸ
709 1528 807 1596 μὲν
865 1526 973 1596 γὰρ
1009 1525 1222 1587 τούτου,
1256 1524 1349 1579 δύο
1397 1523 1633 1577 δύσκολα
1681 1518 1750 1591 ἦν
1806 1521 1943 1590 πρὸς

256 1613 537 1683 σωτηρίαν
571 1615 724 1683 ήμίν,
759 1614 821 1666 τὸ
852 1614 946 1666 καὶ
986 1613 1347 1683 ἁμαρτωλοὺς
1394 1607 1557 1676 εἶναι,
1609 1610 1701 1662 καὶ
1734 1609 1821 1661 διὰ
1850 1607 1944 1661 τοῦ

254 1698 492 1753 θανάτου
529 1701 622 1754 τοῦ
674 1702 945 1755 Δεσπότου
985 1702 1093 1753 δεῖν
1130 1701 1402 1771 σωθῆναι⁹
1452 1701 1590 1769 ὅπερ
1618 1698 1711 1751 καὶ
1744 1696 1945 1751 ἀπίθα-

254 1803 350 1838 νον
379 1782 446 1857 ἦν
479 1788 665 1858 πρὶνῆ
696 1788 972 1856 γενέσθαι,
1010 1791 1114 1860 καὶ,
1150 1788 1353 1857 πολλῆς
1384 1788 1572 1858 δεόμεκ.
1586 1806 1640 1840 ,ν
1676 1788 1774 1857 τῆς
1808 1786 1945 1852 ἀγά-

253 1890 367 1943 πης
398 1873 485 1928 ἴνα
545 1875 769 1947 γένηται
794 1892 807 1905 ⁸
842 1877 957 1930 νυνὶ
986 1876 1043 1929 δὲ
1074 1875 1262 1947 ἐπειδὴ
1288 1875 1462 1929 ταῦτα
1516 1874 1696 1944 ἐξέϐη,
1734 1873 1802 1926 τὰ
1835 1873 1945 1926 λει-

251 1961 466 2031 πόμενα
494 1962 835 2033 εὑκολὼτερα
857 1981 869 1993 ’
903 1964 995 2018 καὶ
1022 1964 1130 2035 γὰρ
1172 1964 1316 2033 φίλοι
1358 1964 1687 2033 γεγόναμεν,
1720 1962 1814 2015 καὶ
1849 1960 1947 2016 θα-

251 2048 418 2101 νάτου
448 2049 633 2103 λοιπὸν
662 2050 721 2103 ού
750 2052 848 2106 δεῖ.
891 2052 951 2104 Ὁ
982 2052 1160 2104 τοίνυν
1193 2051 1301 2104 τῶν
1328 2049 1539 2121 ἐχθρῶν
1590 2049 1732 2103 οὕτω
1754 2049 1940 2119 φεισά-

254 2155 439 2207 μενος,
493 2140 636 2193 ὥστε
688 2141 764 2211 μὴ
798 2140 1087 2209 φείσασθαι
1124 2140 1215 2193 τοῦ
1248 2140 1459 2205 Παιδὸς,
1484 2138 1654 2206 φίλων
1686 2140 1854 2192 ὄντων
1880 2139 1941 2191 ού

252 2228 646 2296 προστήσεται,
668 2230 754 2282 ὅτε
786 2227 970 2281 λοιπον
1000 2229 1121 2282 ούδέ
1157 2228 1251 2280 τοῦ
1297 2228 1388 2281 τὸν
1442 2228 1614 2280 Παῖδα
1634 2239 1657 2267 α
1690 2226 1942 2279 ἐκδοῦναι

251 2312 434 2383 Χρείαν
458 2316 526 2366 Ἢ
543 2314 652 2385 γὰρ
672 2314 762 2368 διὰ
791 2315 851 2368 10
875 2314 950 2385 μὴ
978 2314 1261 2384 βούλεσθαί
1290 2331 1393 2379 τις,
1446 2313 1479 2384 ἢ
1517 2314 1605 2367 διὰ
1649 2312 1710 2366 τὸ
1757 2314 1831 2383 μὴ
1853 2312 1943 2365 δύ-

250 2399 473 2461 νασθαι,
530 2401 636 2456 κᾶν
691 2401 969 2472 βούληται,
1026 2402 1284 2465 πολλάκις
1324 2403 1386 2455 οὑ
1427 2401 1623 2465 σώζει·
1667 2395 1744 2455 ὧν
1786 2402 1943 2455 οὐδὲν

250 2489 402 2542 ἐστιν
442 2491 616 2544 εἰπεῖν
669 2492 763 2544 ἐπὶ
804 2491 898 2545 τοῦ
931 2492 1089 2557 Θεοῦ,
1156 2492 1215 2557 ἐξ
1241 2487 1315 2546 ὦν
1345 2492 1436 2545 τὸν
1483 2493 1611 2545 Υίον
1654 2491 1938 2556 ἐξέδωκεν.

250 2577 379 2629 Ὀτι
422 2577 479 2629 δέ
523 2580 618 2631 καὶ
642 2579 885 2645 δύναται,
912 2580 1004 2633 καὶ
1048 2580 1180 2634 αὑτὸ
1223 2580 1426 2650 ὁμοίως
1470 2578 1752 2644 ἀπέδειξεν
1785 2579 1844 2644 ἐξ
1868 2573 1942 2634 ὧν

248 2664 614 2736 ἁμαρτωλοὺς
640 2666 795 2728 ὄντας
819 2666 1206 2721 ἐδικαίωσε.Τί
1227 2666 1320 2721 οὖν
1349 2668 1535 2721 λοιπὸν
1569 2668 1629 2721 τὸ
1656 2667 1739 2740 [Si
1753 2667 1808 2741 6]
1836 2686 1944 2722 κω-

246 2752 381 2805 λύον
406 2752 525 2805 ἐστὶ
553 2756 736 2823 τυχεῖν
760 2754 865 2807 τῶν
893 2756 1197 2826 μελλόντων
1228 2759 1377 2827 ήμᾶς
1406 2776 1421 2824 ;
1457 2756 1645 2812 Οὐδέν.
1678 2753 1811 2811 Εἶτα
1838 2756 1943 2810 πά-

244 2841 375 2903 λιν,
433 2840 519 2892 ῐνα
581 2841 656 2910 μὴ
718 2842 1078 2913 ἁμαρτωλοὺς
1129 2844 1219 2895 καὶ
1273 2844 1501 2914 ἐχθροὺς
1553 2844 1652 2897 καὶ⁵
1697 2845 1942 2909 ἀσθενεῖς

245 2925 494 2988 ἀκούσας
523 2928 618 2979 καὶ
644 2928 881 2993 ἀσεϐεῖς,
934 2930 1134 3003 μέλλῃς
1168 2931 1517 3001 αἰσχύνεσθαι
1543 2934 1638 2984 καὶ
1660 2932 1940 3003 ἐρυθριᾷν,

245 3013 485 3067 ἄκουσον
513 3014 566 3066 τί
596 3032 776 3085 φησιν·
805 3019 885 3071 Οὐ
912 3020 1107 3087 μόνον
1130 3018 1219 3083 δὲ,
1248 3019 1409 3074 ἀλλά
1437 3020 1536 3073 καί
1567 3020 1943 3091 καυχώμενοι

246 3100 325 3155 ἐν
353 3100 433 3165 τῷ
468 3100 590 3165 Θεῷ
628 3103 722 3156 διὰ
749 3104 853 3158 τοῦ
879 3106 1102 3174 Κυρίου
1126 3106 1294 3175 ἡμῶν
1327 3108 1531 3175 Ἰησοῦ
1567 3109 1941 3177 Χριστοῦ,δι⁹

246 3184 327 3244 οὗ
362 3188 480 3241 νῦν
506 3190 622 3257 τὴν
651 3192 1046 3261 καταλλαγὴν
1071 3194 1386 3263 ἐλάϐομεν.
1431 3195 1497 3247 Τί
1526 3196 1696 3261 ἐστιν,
1736 3198 1819 3249 Οὐ
1834 3198 1945 3264 μό-

248 3290 369 3327 νον
396 3274 500 3339 δέ;
553 3278 628 3329 Οὐ
660 3277 819 3347 μόνον
840 3278 1147 3349 ἐσώθημεν,
1178 3280 1366 3351 φησὶν,
1413 3280 1548 3334 ἀλλά
1608 3281 1700 3335 καὶ
1727 3280 1943 3352 καυχώ-

252 3360 398 3430 μεθα
426 3362 493 3413 δι’
529 3364 664 3417 αὑτὸ
689 3364 865 3433 τοῦτο,
901 3367 966 3419 δι’
996 3366 1024 3419 ὃ
1054 3369 1263 3437 νομίζει
1292 3385 1375 3431 τις
1418 3370 1564 3437 ήμᾶς
1605 3368 1945 3435 ἐγκαλύπτε-

246 3449 401 3504 σθαι.
468 3449 542 3502 T0
596 3452 706 3522 γάρ
758 3453 815 3504 ἐν
842 3452 1077 3523 τοσαύτῃ
1122 3456 1357 3525 πονηρίᾳ.
1390 3456 1599 3519 ζῶντας
1635 3457 1783 3527 ἡμᾶς
1838 3474 1945 3511 σω-

248 3536 442 3607 εῆναι,
484 3537 580 3590 τοῦ
614 3540 819 3609 σφόδρα
851 3541 1205 3613 ἀγαπηθῆναι
1235 3544 1386 3615 παρὰ
1426 3543 1519 3597 τοῦ
1553 3545 1822 3608 σώζοντος
1847 3545 1945 3614 μέ-

247 3641 440 3691 γιστον
463 3625 685 3696 σημεῖόν
706 3629 870 3681 ἐστιν.
901 3629 974 3681 Οὑ
1002 3630 1111 3700 γάρ
1134 3630 1200 3683 δι’
1230 3630 1476 3699 ἀγγέλων
1499 3632 1531 3702 ἢ
1559 3632 1941 3703 ἀρχαγγέλων,

244 3711 393 3765 ἀλλά
424 3712 489 3764 δι’
518 3714 682 3767 αὑτοῦ
712 3715 806 3767 τοῦ
842 3717 1178 3784 Μονογενοῦς
1200 3718 1594 3771 ἐσιι›σεν.Ὥστε
1622 3720 1715 3771 καὶ
1754 3721 1813 3772 10
1848 3719 1945 3773 σῶ-

247 3817 369 3861 σαι,
416 3800 511 3853 καὶ
535 3800 594 3853 τὸ
619 3802 893 3866 τοιούτους
921 3802 1081 3867 ὄντας
1112 3804 1306 3869 σῶσαι,
1341 3807 1433 3859 καὶ
1461 3806 1522 3859 τὸ
1571 3805 1661 3859 διά
1690 3806 1784 3859 τοῦ
1830 3808 1945 3862 Μο-

244 3886 506 3954 νογενοῦς
546 3888 706 3942 τοῦτο
752 3891 995 3960 ποιῆσαι,
1032 3892 1123 3945 καὶ
1155 3892 1274 3946 οὑδέ
1305 3892 1495 3956 ἁπλῶς
1527 3894 1616 3947 διά
1650 3894 1743 3946 τοῦ
1776 3896 1943 3948 Μονο-

244 3974 470 4043 γενοῦς,
498 3976 633 4031 ἀλλὰ
670 3977 756 4031 διὰ
780 3977 873 4031 τοῦ
909 3979 1140 4050 αἵματος
1164 3980 1357 4047 αὑτοῦ,
1390 3981 1615 4051 μυρίους
1643 3984 1778 4052 ἡμῖν
1807 3999 1940 4036 καυ-

244 4065 468 4134 χήσεως
504 4065 692 4118 πλέκει
725 4068 1041 4136 στεφάνους.
1078 4069 1247 4127 Οὐδὲν
1271 4070 1380 4139 γὰρ
1412 4072 1525 4123 ίσον
1555 4072 1634 4132 είς
1668 4071 1826 4142 δόξης
1852 4071 1940 4126 λό-

244 4165 351 4214 γον
390 4149 481 4201 καὶ
504 4152 815 4221 παρρησίας
843 4152 933 4206 τοῦ
963 4154 1232 4224 φιλεῖσθαι
1253 4158 1404 4227 παρά
1435 4157 1526 4210 τοῦ
1554 4157 1689 4211 Θεοῦ
1724 4160 1815 4213 καὶ
1843 4157 1939 4213 τοῦ

246 4236 431 4305 φιλεῖν
474 4238 635 4291 αὑτὸν
666 4239 758 4292 τὸν
780 4240 1104 4308 ἀγαπῶντα.
1134 4242 1304 4296 Τοῦτο
1330 4245 1455 4308 τοὺς
1501 4246 1766 4314 ἀγγέλους
1795 4250 1943 4301 ποιεῖ

243 4324 561 4395 λαμπροὺς,
627 4326 787 4381 τοῦτο
819 4328 917 4392 τάς
956 4329 1129 4400 ἀρχὰς
1158 4330 1252 4384 καὶ
1298 4331 1397 4394 τὰς
1446 4332 1727 4403 δυνάμεις,
1781 4334 1939 4390 τοῦτο

246 4410 533 4480 βασιλείας
570 4412 790 4482 μεῖζονο
825 4412 913 4467 διά
943 4416 1103 4469 τοῦτο
1140 4416 1234 4469 καὶ
1271 4418 1481 4482 Παῦλος
1552 4420 1659 4489 πρὸ
1708 4421 1807 4492 τῆς
1840 4422 1941 4493 βα-

237 4497 461 4563 σιλείας
491 4498 650 4552 τοῦτο
673 4499 837 4553 ἐτίθει
858 4520 869 4531 ·
902 4501 989 4555 διά
1016 4503 1172 4556 τοῦτο
1200 4505 1293 4557 καὶ
1316 4505 1415 4569 τάς
1437 4509 1766 4578 ἀσωμάτους
1832 4527 1937 4581 μα-

244 4583 465 4653 καρίζω
502 4584 781 4655 δυνάμεις,
836 4589 919 4641 ὅτι
948 4590 1041 4643 καὶ
1105 4590 1352 4658 φιλοῦσιν
1402 4594 1589 4661 αὑτὸν,
1634 4597 1728 4649 καὶ
1759 4596 1937 4650 πάντα

247 4671 645 4727 ὑπακούουσιν.
690 4675 972 4729 Ἐντεῦθεν
1036 4678 1165 4745 γοῦν
1199 4680 1396 4743 αὐτοὺς
1454 4681 1549 4734 καὶ
1589 4684 1617 4736 0
1651 4685 1939 4755 προφήτης

244 4757 554 4829 ἐθαύμαζε,
588 4759 790 4829 λέγων·
821 4766 1071 4818 Δυνατοὶ
1123 4768 1297 4833 ίσχύῖ
1342 4767 1657 4835 ποιοῦντες
1694 4770 1805 4823 τὸν
1835 4771 1939 4824 λό-

245 4861 367 4914 γον
394 4847 579 4900 αὐτοῦ
601 4862 615 4878 ο
649 4849 895 4902 ἐντεῦθεν
931 4853 1021 4903 καὶ
1056 4854 1122 4905 τά
1146 4854 1395 4925 Σεραφὶμ
1426 4855 1455 4905 0
1482 4856 1707 4920 Ἡσαΐας
1739 4858 1938 4930 ἀνεκή-

247 4950 442 5003 ρυττε,
486 4934 584 5005 τὴν
632 4937 875 5007 μεγάλην
943 4940 1120 4991 αὑτῶν
1179 4941 1589 5014 ἐνδεικνύμενος
1643 4944 1843 5016 ἀρετὴν
1874 4948 1937 5000 ἐκ

244 5018 355 5071 τοῦ
389 5022 607 5074 ἑστάναι
645 5022 870 5090 πλησίον
898 5026 996 5095 τῆς
1030 5026 1188 5098 δόξης
1216 5029 1452 5099 ἐκείνης,
1502 5033 1637 5097 ὅπερ
1673 5034 1936 5105 μεγίστης

249 5108 481 5180 ἀγάπης
509 5112 731 5181 σημεῖον
751 5108 837 5183 ἦν.

330 5265 391 5319 δ’.
426 5267 769 5339 Ζηλώσωμεν
799 5270 977 5324 τοίνυν
1019 5274 1112 5326 καὶ
1155 5275 1317 5344 ἡμεῖς
1350 5277 1449 5341 τὰς
1495 5278 1607 5332 ἄνω
1652 5279 1936 5351 δυνάμεις,

250 5353 355 5406 καὶ
392 5356 465 5425 μὴ
496 5356 656 5424 μόνον
683 5359 849 5425 ἐγγὺς
900 5360 993 5411 τοῦ
1042 5361 1232 5431 θρόνου
1272 5368 1463 5434 στῆναι
1520 5369 1933 5440 σπουδάσωμεν,

247 5440 394 5494 ἀλλά
459 5445 551 5496 καὶ
624 5444 832 5498 ἐνοικον
881 5448 1042 5501 αὑτὸν
1107 5449 1252 5519 ἔχειν
1308 5453 1398 5505 τὸν
1446 5456 1538 5508 ἐπὶ
1591 5456 1686 5509 τοῦ
1743 5458 1934 5528 θρόνου

250 5528 592 5597 καθήμενον.
632 5532 864 5596 Ἐκεῖνος
899 5534 998 5603 μὲν
1044 5535 1156 5605 γὰρ
1197 5540 1287 5591 καὶ
1348 5541 1641 5609 μισοῦντας
1685 5546 1931 5616 ἐφίλησε,

250 5617 357 5668 καὶ
412 5615 581 5684 φιλῶν
641 5619 905 5672 διατελεί’
955 5623 1046 5674 καὶ
1094 5624 1199 5695 γάρ
1261 5626 1369 5679 Τὸν
1411 5628 1587 5695 ἣλιον
1615 5634 1935 5689 ἀνατέλλει

249 5702 357 5754 ἐπὶ
410 5705 712 5772 πονηροὺς
751 5708 850 5759 καὶ
905 5711 1184 5777 ἀγαθοὺς,
1240 5714 1337 5766 καὶ
1362 5716 1571 5785 βρέχει
1602 5720 1701 5772 ἐπὶ
1740 5721 1932 5775 δικαί-

250 5808 370 5854 ους
419 5790 515 5842 καὶ
573 5793 840 5859 ἀδίκους.
894 5797 964 5847 Συ
1023 5798 1079 5850 δέ
1112 5800 1367 5867 φιλοῦντα
1423 5804 1551 5871 γοῦν
1608 5808 1930 5879 ἀγόιπησον⁹

252 5876 409 5944 φιλεῖ
455 5880 582 5948 γάρ.
664 5882 771 5934 Καὶ
828 5884 963 5951 πῶς,
1007 5888 1191 5956 φησὶν,
1248 5890 1276 5941 0
1337 5891 1504 5959 φιλῶν
1553 5876 1793 5961 γέενναν-
1838 5899 1933 5951 καὶ

329 6060 355 6087 ⁸
381 6060 459 6111 Sic
487 6079 611 6114 unus
637 6069 737 6116 cmi.
772 6072 973 6131 optimc.
1006 6075 1122 6123 Edd.
1150 6078 1254 6125 οὐδὲ
1282 6081 1358 6129 τὸν
1384 6084 1552 6129 τούτου
1574 6084 1737 6134 παῖδα.
1763 6086 1894 6135 ιίῖυιτ.

1497 440 1559 495 ΙΝ
1604 440 1816 495 Ειτιςτ.
1862 438 1949 492 AD
1992 436 2155 492 [ωλι.
2215 435 2448 489 1103111..
2496 433 2585 489 IX.

3627 430 3735 487 479.

2048 552 2268 605 κόλασιν
2316 551 2412 604 καὶ
2460 549 2735 619 τιμωρίαν
2784 548 3087 618 ἠπείλησες
3172 550 3231 601 Δι
3300 546 3432 600 αὑτὸ
3479 546 3636 599 τοῦτο
3682 548 3742 599 τὸ

2047 640 2255 707 φιλεῖν·
2324 638 2418 690 καὶ
2478 636 2589 707 γὰρ
2639 636 2925 689 ἐκκόπτων
2982 653 3074 688 σου
3136 635 3234 707 τήν
3293 635 3582 705 πονηρίαν,
3646 636 3742 687 καὶ

2047 723 2240 792 ὥσπερ
2290 724 2397 775 τινὶ
2436 720 2641 792 χαλινῴ
2684 720 2763 790 τῷ
2812 721 2964 792 φόϐῳ
3007 721 3254 792 κατέχων
3281 738 3374 774 σου
3409 719 3509 790 τὴν
3541 720 3633 771 ἐπὶ
3671 720 3741 771 τά

2041 811 2210 879 χείρω
2234 809 2439 881 ῥύμην,
2482 812 2662 863 πάντα
2706 811 2852 862 ποιεῖ
2881 808 2974 863 καὶ
3010 809 3483 880 πραγματεύεται,
3518 808 3613 860 καὶ
3650 806 3739 858 διά

2040 896 2150 949 τῶν
2203 896 2455 965 χρηστῶν
2505 896 2599 948 καὶ
2647 895 2732 950 διὰ
2782 895 2892 949 τῶν
2936 896 3199 967 λυπηρῶν
3270 894 3612 947 ἀναστέλλων
3680 910 3739 945 σε

2039 984 2139 1052 τῆς
2193 984 2287 1036 ἐπὶ
2347 982 2418 1036 τὰ
2472 982 2623 1037 κάτω
2683 985 2875 1054 φορᾶς,
2908 984 3004 1037 καὶ
3052 984 3190 1054 πρὸς
3222 983 3414 1037 ἐαυτὸν
3448 982 3739 1049 ἐπανάγων

2039 1070 2134 1123 καὶ
2187 1068 2418 1138 ἀπάγων
2454 1070 2481 1109 b
2531 1070 2733 1132 κακίας
2791 1071 3011 1141 πάσης,
3074 1070 3368 1142 ἣγεέννης
3400 1070 3518 1122 ἐστ)⁸
3577 1067 3735 1138 χαλε-

2040 1156 2281 1227 πωτέρα.
2340 1157 2404 1209 Et
2448 1156 2506 1209 δὲ
2558 1157 2722 1228 γελᾷς
2772 1157 2866 1211 ἐπὶ
2904 1160 3020 1221 τοῖς
3045 1158 3380 1230 εἰρημένοις,
3415 1155 3511 1210 καὶ
3546 1156 3741 1226 μυριά-

2040 1261 2128 1307 κις
2182 1245 2240 1297 ἐν
2295 1244 2533 1315 πονηρίᾳ
2567 1244 2667 1313 ζῇν
2720 1244 2945 1308 ἐθέλεις,
3000 1246 3033 1316 ἦ
3072 1246 3203 1316 μίαν
3240 1244 3565 1308 κολάζεσθαι
3600 1244 3741 1314 ὴμέ-

2042 1346 2164 1400 ραν,
2214 1330 2528 1401 θαυμαστὸν
2582 1331 2770 1385 οὐδέν·
2826 1334 2922 1386 καλ⁸
2971 1334 3079 1403 γάρ
3128 1334 3223 1387 καὶ
3282 1332 3443 1385 τοῦτὸ
3496 1348 3590 1385 σου
3642 1331 3738 1401 τῆς

2042 1413 2265 1477 ἀτελοῦς
2316 1416 2543 1486 γνώμης
2594 1419 2852 1486 σημεῖον,
2934 1418 3029 1469 καὶ
3084 1416 3186 1485 τῆς
3249 1417 3421 1487 μέθης
3484 1417 3578 1469 καὶ
3641 1416 3740 1484 τῆς

2043 1499 2263 1552 ἀνιάτου
2311 1501 2504 1554 νόσου’
2570 1504 2691 1554 ἐπεὶ
2746 1504 2840 1555 καὶ
2897 1503 2963 1555 τά
3020 1502 3210 1555 παιδία
3256 1502 3323 1553 τὰ
3384 1502 3557 1572 μικρά
3611 1502 3739 1554 ὅταν

2044 1585 2128 1655 ἴδῃ
2175 1585 2267 1638 τὸν
2323 1588 2505 1657 ίατρὸν
2561 1587 2740 1658 ἣπῦρ
2779 1589 2811 1658 ἢ
2861 1589 3033 1659 τομὴν
3066 1589 3361 1657 ἐπάγοντα,
3401 1588 3592 1658 φεύγει
3647 1588 3741 1640 καὶ

2044 1672 2299 1743 ἀποπηδᾷ
2359 1674 2682 1737 όλολύζοντα
2752 1676 2845 1728 καὶ
2890 1677 3335 1747 σπαραττόμενα,
3386 1678 3481 1728 καὶ
3538 1676 3740 1745 μᾶλλον

2042 1755 2281 1823 αἱρεῖται
2345 1758 2585 1827 διηνεκεῖ
2640 1759 2894 1831 σηπεδόνι
2957 1760 3210 1829 σώματος
3263 1758 3646 1821 ἐναπολέσθαι,
3704 1758 3736 1827 ἦ

2042 1844 2380 1916 πρόσκαιρον
2431 1847 2805 1916 ὑπομείναντα
2855 1848 3037 1911 πόνον,
3092 1849 3190 1917 τῆς
3218 1846 3357 1917 μετά
3398 1846 3571 1899 ταῦτα
3604 1848 3739 1899 ἁπο-

2041 1930 2227 1983 λαύειν
2282 1933 2489 2000 ὑγείας.
2545 1934 2609 1985 Of.
2660 1934 2718 1987 δὲ
2762 1934 2887 1987 νοῦν
2945 1934 3161 2004 ἔχοντες
3201 1934 3406 1997 ίσασιν,
3430 1934 3513 1985 ὅτι
3559 1932 3618 1985 τὸ
3654 1952 3740 1987 vo-

2042 2022 2155 2074 σεῖν
2218 2021 2311 2074 τοῦ
2349 2022 2645 2093 τέμνεσθαι
2700 2024 3104 2095 χαλεπώτερον,
3166 2023 3356 2093 ὥσπερ
3401 2020 3495 2076 οὖν
3531 2024 3590 2075 τδ
3643 2040 3741 2075 κα-

2041 2111 2153 2173 κῶς
2208 2108 2347 2165 εἶναι
2396 2112 2491 2165 τοῦ
2549 2112 2875 2176 κολάζεσθαι
2922 2117 3139 2185 χεῖρον·
3179 2114 3240 2166 τὸ
3281 2114 3379 2183 μὲν
3414 2114 3521 2183 γάρ
3572 2113 3738 2181 θερα-

2043 2198 2306 2251 πεύεσθαι
2338 2200 2434 2252 καὶ
2457 2201 2725 2268 ὑγιαίνειν
2755 2202 2899 2264 ἐστὶ,
2931 2202 2992 2254 τὸ
3017 2200 3169 2273 [517]
3197 2201 3253 2254 δὲ
3278 2201 3617 2255 ἀπόλλυσθαι
3642 2201 3740 2254 καὶ

2040 2286 2097 2337 ἐν
2130 2286 2412 2360 ἀρρωστίᾳ
2476 2283 2618 2342 εἶναι
2670 2289 2929 2361 διηνεκεῖ.
2985 2289 3196 2343 ’Ὁτιδέ
3242 2289 3553 2360 ἀρρωστίας
3580 2288 3738 2357 ὑγεία

2041 2373 2266 2443 βέλτιον,
2306 2377 2471 2429 παντί
2522 2394 2627 2430 που
2676 2377 2872 2449 δῆλονο
2934 2378 3058 2432 ἐπεὶ
3091 2379 3183 2431 καὶ
3233 2379 3360 2441 τοὺς
3392 2377 3739 2449 λῃστάς,οὑχ

2038 2463 2165 2515 ὅταν
2225 2464 2609 2534 διορύττωνται
2640 2465 2741 2529 τὰς
2773 2466 3034 2537 πλευρὰς,
3093 2466 3350 2537 δακρύειν
3400 2466 3570 2530 ἀξιον,
3623 2464 3738 2518 ἀλλ’

2038 2548 2167 2602 ὅταν
2233 2550 2556 2620 διορύττωσι
2613 2552 2827 2621 τοίχους
2875 2555 2971 2608 καὶ
3006 2554 3335 2621 φονεύωσιν.
3383 2554 3448 2606 Et
3480 2552 3589 2624 γάρ
3620 2548 3744 2621 βέλη

2037 2653 2153 2690 τιον
2200 2637 2347 2709 ψυχὴ
2400 2638 2674 2710 σώματος,
2724 2640 2916 2712 ὥσπερ
2971 2636 3065 2696 οὖν
3108 2642 3202 2695 καὶ
3248 2641 3477 2712 βέλτιον,
3533 2640 3738 2707 ταύτης

2038 2723 2442 2796 ἀπολλυμένης,
2514 2726 2715 2795 μᾶλλον
2772 2728 2981 2782 στένειν
3042 2728 3251 2781 δίκαιον
3302 2728 3395 2781 καὶ
3421 2726 3734 2797 ὀδύρεσθαι·

2039 2812 2088 2863 εί
2134 2811 2190 2864 δὲ
2249 2810 2323 2882 μὴ
2382 2812 2709 2878 αίσθάνοιτο,
2764 2815 2860 2868 καὶ
2896 2813 3070 2887 ταύτῃ
3103 2815 3367 2886 μειζόνως
3400 2815 3571 2885 αὑτὴν
3611 2831 3740 2866 πεν-

2040 2898 2152 2951 θεῖν
2198 2899 2295 2952 δεῖ.
2346 2902 2456 2954 Kal
2495 2901 2605 2973 γὰρ
2659 2902 2787 2965 τοὺς
2818 2902 3059 2973 ἐρῶντας
3087 2904 3387 2957 ἀκόλαστον
3427 2903 3604 2973 ἔρωτα
3630 2900 3741 2955 τῶν

2040 2986 2420 3058 πυρεττόντων
2450 2989 2706 3059 χαλεπῶς
2762 2991 2963 3061 μᾶλλον
3020 2991 3192 3044 ἐλεεῖν
3240 2992 3412 3058 ἀξιον,
3464 2992 3561 3045 καὶ
3613 2991 3743 3054 τοὺς

2043 3074 2344 3145 μεθύοντας
2372 3077 2479 3129 τῶν
2513 3078 2979 3149 βασανιζομένων.
3034 3080 3145 3133 Καὶ
3200 3081 3248 3133 εί
3286 3080 3460 3133 ταῦτα
3490 3079 3741 3150 χαλεπώ-

2041 3176 2198 3232 τερα,
2236 3164 2392 3234 φησὶ,
2429 3164 2517 3216 διά
2548 3166 2597 3217 τί
2633 3164 2834 3234 μᾶλλον
2863 3166 3004 3219 αὑτά
3034 3166 3374 3237 αἱρούμεθα;
3434 3168 3555 3220 ’Ότι
3613 3168 3743 3219 πολ-

2039 3246 2153 3312 λοῖς
2189 3248 2297 3303 τῶν
2346 3251 2673 3321 ἀνθρώπων,
2721 3253 2863 3306 κατά
2906 3253 3007 3324 τὴν
3040 3255 3362 3327 παροιμίαν,
3413 3256 3638 3325 ἀρέσκει
3672 3256 3742 3309 τὰ

2040 3333 2230 3405 χείρω,
2291 3336 2387 3389 καὶ
2451 3337 2628 3391 ταῦτα
2706 3340 3011 3411 αἱροῦνται,
3062 3342 3130 3395 τά
3189 3343 3400 3412 ἀμείνω
3465 3344 3743 3413 παρατρέ-

2039 3436 2247 3490 χοντες.
2285 3422 2463 3494 Ὅπερ
2502 3425 2601 3477 καῖ
2623 3426 2680 3477 ἐν
2710 3427 3007 3497 ἐδέσμασιν
3032 3427 3177 3499 όρᾷν-
3200 3428 3337 3493 ἐστι,
3375 3430 3473 3481 καὶ
3502 3430 3559 3481 ἐν
3583 3431 3738 3484 πολι-

2038 3508 2236 3573 τείαις,
2262 3515 2357 3563 καὶ
2386 3511 2444 3564 ἐν
2466 3510 2649 3582 ζήλοις
2680 3512 2829 3582 βίων,
2870 3514 2965 3567 καὶ
2995 3517 3051 3569 ἐν
3080 3516 3274 3586 ήδονῆς
3294 3516 3615 3583 ἀπολαύσει,
3645 3520 3741 3572 καὶ

2040 3595 2099 3648 ἐν
2140 3595 2377 3664 γυναιξὶ,
2405 3599 2501 3651 καὶ
2525 3601 2582 3652 ἐν
2623 3601 2846 3664 οἰκίαις,
2878 3602 2972 3657 καὶ
2999 3603 3056 3654 ἐν
3106 3602 3490 3673 ἀνδραπόδοις,
3541 3606 3637 3658 καὶ
3682 3607 3744 3659 ἐν

2040 3684 2250 3754 ἀγροῖς,
2285 3688 2379 3741 καὶ
2435 3688 2528 3740 ἐπὶ
2583 3690 2693 3742 τῶν
2741 3691 2919 3745 ἄλλων
2990 3692 3248 3747 ἁπάντων
3302 3694 3609 3765 γινόμενον.
3674 3698 3744 3750 Τί

2038 3772 2148 3843 γὰρ
2172 3774 2340 3845 ήδιον,
2371 3776 2492 3829 είπέ
2525 3794 2651 3847 μοι,
2684 3779 2931 3846 γυναιξὶν
2977 3780 3009 3851 ἢ
3043 3781 3237 3851 ἄρρεσι
3275 3782 3608 3851 μίγνυσθαις
3641 3801 3741 3852 γυ-

2038 3859 2213 3925 ναιξὶν
2237 3860 2269 3930 ἢ
2298 3860 2573 3932 ήμιόνοις;
2611 3865 2750 3918 Ἀλλ’
2791 3868 2942 3937 ὅμως
2972 3868 3201 3932 πολλοὺς
3222 3869 3529 3940 εὑρήσομεν
3552 3875 3739 3940 γυναῖ-

2037 3963 2142 4007 κας
2176 3947 2276 4018 μὲν
2314 3951 2763 4023 παρατρέχοντας
2788 3995 2802 4018 ,
2841 3951 3057 4021 ἀλόγοις
3094 3956 3151 4008 δὲ
3206 3958 3594 4025 μιγνυμένους,
3643 3963 3740 4013 καὶ

2036 4035 2283 4107 ἀρρένων
2319 4039 2568 4109 σώμασιν
2609 4041 3012 4114 ἐνυϐρίζοντας,
3057 4043 3233 4097 καίτοι
3278 4045 3347 4099 τὰ
3394 4046 3538 4099 κατά
3574 4047 3745 4116 φύσιν

2036 4124 2145 4177 τῶν
2177 4126 2326 4201 παρά
2354 4125 2514 4196 φύσιν
2546 4128 2700 4200 ήδίω.

2122 4281 2261 4333 Ἀλλ’
2288 4282 2439 4353 ὅμως
2464 4283 2571 4336 είσὶ
2603 4284 2787 4338 πολλοὶ
2816 4283 2887 4339 τὰ
2906 4289 3307 4365 ,καταγέλαστα
3336 4293 3429 4346 καὶ
3462 4293 3599 4366 ἀηδῆ
3639 4297 3735 4350 καὶ

2034 4368 2253 4422 κόλασιν
2282 4370 2474 4440 ἔχοντα
2508 4371 2583 4434 ὡς
2618 4372 2747 4442 ήδέα
2799 4373 3107 4438 διώκοντες.
3140 4377 3402 4443 Ἐκείνοις
3441 4382 3549 4451 γὰρ
3600 4384 3739 4453 ήδέα

2031 4459 2203 4513 ταῦτα
2233 4457 2372 4514 εἶναι
2420 4460 2586 4524 δοκεῖ,
2618 4461 2802 4532 φησίν.
2840 4464 3003 4517 Ἀλλά
3037 4465 3104 4517 δι’
3134 4468 3268 4520 αὐτὸ
3316 4468 3416 4540 μὲν
3446 4466 3538 4524 οὖν
3573 4473 3743 4525 τοῦτο

2036 4546 2102 4599 ἂν
2154 4541 2263 4599 εἶεν
2297 4547 2495 4613 ἄθλιοι,
2552 4549 2636 4601 ὅτι
2699 4550 2793 4601 καὶ
2824 4551 2955 4621 ήδέα
2986 4554 3300 4622 νομίζουσιν
3348 4553 3487 4610 εἷναι
3526 4559 3593 4613 τά
3632 4561 3736 4631 οὐχι

2036 4634 2184 4705 ήδέα.
2218 4634 2375 4688 Οὕτω
2400 4636 2494 4688 καὶ
2538 4636 2636 4706 τὴν
2667 4637 2887 4690 κόλασιν
2914 4640 3013 4708 τῆς
3054 4641 3327 4713 ἁμαρτίας
3361 4644 3528 4715 χείρω
3554 4647 3738 4699 τίθενο

2034 4735 2124 4771 ται
2146 4738 2159 4752 ’
2197 4720 2299 4772 οὑκ
2348 4720 2567 4786 ἔστιδὲ,
2600 4721 2736 4775 ἀλλὰ
2762 4723 3076 4778 τούναντίον
3120 4726 3285 4781 ἅπαν.
3321 4729 3381 4780 El
3418 4730 3527 4799 γάρ
3560 4732 3739 4786 κακὸνε

2034 4800 2103 4876 ἦν
2130 4807 2245 4871 τοῖς
2274 4808 2701 4877 ἁμαρτάνουσιν,
2746 4810 2845 4863 οὒκ
2894 4810 2959 4863 ἂν
3008 4813 3319 4884 προσέθηκε
3353 4820 3543 4879 κακοῖς
3583 4820 3737 4873 λακάι

2035 4894 2063 4945 0
2089 4895 2241 4957 θεὸς,
2278 4896 2399 4947 οὑδὲ
2431 4894 2645 4965 χείρους
2672 4896 2736 4949 ἂν
2769 4898 2965 4961 αὑτοὺς
2990 4900 3215 4971 ποιῆσαι
3241 4901 3499 4972 ἐθέλησεν
3520 4922 3534 4935 ·
3567 4907 3594 4957 0
3621 4907 3729 4977 γὰρ

2036 4986 2215 5038 πάντα
2248 4983 2437 5047 ποιῶν,
2464 4984 2605 5037 ὥστε
2632 4985 2926 5056 σϐεσθῆναι
2960 4987 3058 5058 τὴν
3098 4989 3318 5055 κακίαν,
3348 4993 3449 5045 οὑκ
3468 4993 3532 5045 ἂν
3556 4993 3737 5064 αὑτὴψ

2034 5071 2290 5141 ηϋξησεν.
2328 5072 2442 5125 Οὑκ
2469 5073 2576 5143 ἄρα
2598 5072 2655 5124 τὺ
2682 5073 3007 5136 κολάζεσθαι
3034 5077 3203 5129 κακὸν
3233 5077 3310 5147 τῷ
3339 5080 3729 5150 πλημμελοῦν-

2033 5176 2107 5219 τι,
2149 5159 2283 5213 ἀλλὰ
2306 5160 2364 5212 τὸ
2390 5159 2563 5222 οὕτως
2586 5160 2777 5231 ἔχοντα
2805 5174 2827 5201 ο
2862 5163 2935 5233 μὴ
2965 5163 3306 5229 κολάξεσθαι,
3336 5166 3523 5238 ὥσπερ
3550 5166 3641 5221 οὖν
3665 5172 3735 5223 τὸ-

2033 5246 2125 5299 τὸν
2178 5247 2566 5318 ἀρρωστοῦντα
2617 5251 2690 5319 μὴ
2739 5250 3163 5319 θεραπεύεσθαι.
3228 5255 3392 5306 Ούδέν
3428 5257 3539 5327 γὰρ
3583 5258 3730 5311 οὕτω

2034 5339 2205 5393 κακὸν
2233 5339 2307 5401 ὡς
2341 5339 2606 5409 ἐπιθυμία
2635 5340 2833 5405 ἄτοπος
2858 5359 2869 5371 ’
2924 5342 3125 5397 ἄτοπον
3177 5345 3233 5398 δέ
3269 5347 3400 5398 ὅταν
3441 5348 3600 5407 εἴπω,
3631 5350 3731 5401 καὶ

2032 5426 2131 5497 τὴν
2160 5427 2257 5497 τῆς
2281 5428 2494 5498 τρυφῆς
2548 5429 2710 5497 λέγω,
2746 5432 2840 5483 καὶ
2882 5431 2981 5502 τὴν
3015 5434 3112 5503 τῆς
3153 5434 3311 5503 δόξης
3338 5439 3437 5505 τῆς
3466 5437 3722 5509 ἀκαίρου,

2035 5515 2128 5567 καὶ
2177 5514 2273 5585 τὴν
2316 5516 2412 5585 τῆς
2461 5516 2800 5583 δυναστείας,
2834 5520 2927 5571 καὶ
2980 5521 3077 5591 τὴν
3111 5522 3368 5574 ἁπάντων
3400 5524 3584 5586 ἁπλῶς
3613 5526 3723 5577 τῶν

2036 5601 2172 5671 ὑπὲρ
2232 5602 2330 5670 τὴν
2386 5604 2573 5673 χρείαν
2623 5606 2985 5675 πραγμάτων.
3051 5608 3108 5660 '0
3143 5609 3251 5680 γὰρ
3285 5610 3523 5673 τοιοῦτος
3570 5613 3598 5663 0
3630 5614 3733 5665 τὸν

2034 5688 2205 5759 ὑγρὸν
2261 5691 2356 5743 καὶ
2405 5691 2785 5760 διαλελυμένον
2825 5693 2932 5757 ζῶν
2980 5695 3114 5763 βίον,
3159 5696 3307 5749 δοκεῖ
3351 5698 3449 5766 μὲν
3502 5700 3720 5753 πάντων

2035 5770 2172 5829 εἶναι
2214 5779 2650 5849 μακαριώτερος,
2695 5780 2911 5833 πάντων
2952 5781 3007 5833 δέ
3067 5785 3214 5836 ἐστιν
3254 5784 3604 5855 ἀθλιώτερος,
3644 5788 3724 5839 δε-

2037 5862 2259 5922 σποίνας
2288 5862 2527 5932 χαλεπάς
2556 5865 2648 5914 καὶ
2673 5865 2967 5932 τυράννους
2996 5866 3305 5935 ἐπεισάγων
3332 5869 3495 5922 αὑτοῦ
3522 5874 3585 5940 τῇ
3621 5871 3722 5938 ψυν

2032 5951 2122 6017 κῇ.
2161 5948 2259 6001 Διά
2286 5950 2439 6002 τοῦτο
2468 5950 2721 6004 ἐπίπονον
2767 5954 2794 6004 ὁ
2824 5953 2955 6016 Θεὸς
2995 5955 3125 6023 ἡμῖν
3150 5956 3240 6008 τὸν
3269 5956 3509 6026 πάροντα
3535 5959 3718 6027 ἐποίη-

2100 6090 2283 6151 5315‘s.,
2310 6096 2387 6138 και
2409 6094 2735 6141 άπνγαττων
2810 6098 2830 6127 (“
2868 6094 3062 6159 Μητρὶ,
3090 6099 3171 6145 τὸν
3200 6101 3346 6146 οὕτως
3373 6101 3555 6161 ἔχοντα.
