4112 6352
515 415 584 467 73
1278 408 1336 466 S.
1376 407 1656 466 JOANNIS
1696 407 2181 466 CIIR'YSOSTOMI
2221 408 2538 466 ARCIIIEP.
2580 410 3122 467 CONSTANTINOP.

481 546 541 582 σε
573 529 703 599 βίον,
734 527 818 581 ἵνα
848 526 1057 595 ἐκείνης
1083 527 1229 594 ἡμᾶς
1286 525 1565 596 ἀπαλλάξῃ
1601 526 1697 595 τῆς
1745 524 2007 587 δουλείας,
2036 525 2129 577 καὶ

478 616 557 677 εἰς
614 613 856 684 καθαρὰν
885 611 1193 681 ἐλευθερίαν
1226 613 1407 682 ἀγάγῃ
1428 630 1441 642 ο
1468 611 1553 663 διὰ
1600 612 1757 664 τοῦτο
1794 611 1887 664 καὶ
1912 612 2130 665 κόλασιν

476 701 754 771 ἠπείλησε,
789 700 882 752 καὶ
927 698 1121 760 πόνους
1177 698 1581 767 συνεκλήρωσεν
1631 697 1786 764 ήμῶν
1814 700 1879 768 τῇ
1908 697 2043 769 ζωῇ,
2069 700 2131 753 τὸ

474 786 669 857 χαῦνον
692 786 1050 853 ἐπισφίγγων.
1071 785 1225 838 Οὕτω
1257 784 1383 852 γοῦν
1424 783 1517 836 καὶ
1558 784 1607 836 οῖ
1623 784 1883 845 Ἰουδαῖοι,
1916 786 2002 838 ὅτε
2028 787 2129 857 μὲν

473 873 549 943 τῷ
572 872 724 943 πηλῷ
739 874 833 925 καὶ
854 877 918 942 τῇ
944 872 1159 925 πλινθου
1167 872 1290 941 ργίᾳ
1306 871 1716 941 προσδεδεμένοι
1735 867 1894 942 ἦσαν,
1910 873 2003 924 καὶ
2017 875 2132 926 ἐπι-

474 961 638 1020 εικεῖς
668 955 825 1028 ἦσαν,
850 960 943 1011 καὶ
966 960 1055 1011 τὸν
1077 958 1207 1010 Θεὸν
1235 958 1461 1011 ἐκάλουν
1496 959 1754 1032 συνεχῶς,
1770 960 1857 1012 ὅτε
1883 960 1940 1013 δέ
1979 961 2130 1013 ἐλευ-

473 1044 660 1116 θερίας
692 1046 1032 1115 ἀπήλαυσαν,
1076 1045 1164 1097 καὶ
1204 1043 1519 1111 ἐγόγγυζον,
1559 1046 1652 1097 καὶ
1689 1045 2009 1116 παρώξυναν
2037 1047 2127 1097 τὸν

472 1132 769 1201 Δεσπότην,
802 1132 893 1184 καὶ
921 1130 1131 1200 μυρίοις
1163 1130 1390 1193 ἐαυτοὺς
1438 1131 1787 1201 περιέπειρον
1820 1133 2027 1192 κακοῖς.
2061 1132 2127 1184 Τί

471 1212 585 1278 ὧν,
615 1217 797 1287 φησὶν,
822 1216 885 1269 ἂν
907 1217 1080 1279 εῖποις
1110 1217 1244 1286 πρὸς
1267 1218 1391 1277 τοὺς
1410 1216 1513 1268 ὐπὸ
1536 1216 1684 1286 [518]
1707 1216 1935 1283 θλίψεως
1968 1232 2095 1286 περι
2113 1245 2125 1255 -

469 1306 774 1374 τραπέντας
804 1303 1062 1366 πολλάκις
1082 1320 1095 1367 ;
1115 1304 1239 1356 Ὀτι
1272 1303 1331 1356 οὐ
1360 1304 1457 1373 τῆς
1479 1304 1709 1372 θλίψεως
1739 1305 1893 1373 ἔργον
1916 1306 1948 1373 ή
1969 1320 2126 1374 περι.

468 1388 663 1458 τροπή,
703 1388 837 1440 ἀλλά
870 1388 969 1456 τῆς
994 1388 1276 1452 ἀσθενείας
1320 1388 1419 1455 τῆς
1458 1389 1697 1441 ἐκείνων.
1748 1389 1879 1441 Οὐδέ
1920 1390 2048 1459 γάρ,
2078 1389 2131 1442 εῖ

468 1490 551 1537 τις
580 1474 845 1543 στόμαχον
869 1474 1148 1544 ἄρρωστον
1171 1474 1328 1544 ἔχων,
1352 1476 1430 1544 μὴ
1457 1474 1661 1544 δέχοιτο
1687 1474 1879 1543 πικρὸν
1906 1476 2126 1545 φάρμα-

469 1578 564 1613 κον
595 1560 890 1631 δυνάμενον
921 1560 1079 1615 αὐτὸν
1114 1562 1365 1631 καθᾶραι,
1395 1561 1527 1613 ἀλλά
1549 1562 1643 1613 καὶ
1674 1560 2025 1631 ἐπιτρίϐοιτο,
2062 1562 2123 1615 οὐ

466 1646 529 1698 τὸ
568 1648 853 1717 φάρμακον
909 1646 1282 1716 αἰτιασόμεθα,
1336 1646 1471 1701 ἀλλά
1513 1648 1611 1716 τὴν
1669 1648 1978 1719 ἀρρωστίαν
2028 1648 2120 1700 τοῦ

471 1732 682 1801 μέλους,
704 1732 889 1804 ὥσπερ
909 1730 1001 1787 οὖν
1017 1734 1107 1785 καὶ
1129 1733 1357 1787 ἐνταῦθα
1377 1734 1475 1804 τήν
1495 1734 1740 1788 εὐκολίαν
1762 1735 1858 1803 τῆς
1878 1734 2119 1804 γνώμης.

468 1818 579 1869 Καὶ
607 1819 713 1889 γὰρ
741 1820 770 1871 ό
803 1819 905 1871 ὑπὸ
932 1819 1162 1889 θλίψεως
1195 1822 1680 1891 περιτρεπόμενος,
1708 1821 1889 1892 πολλῷ
1924 1822 2122 1892 μᾶλλον

466 1901 571 1954 ὐπὸ
609 1903 842 1965 ἀνέσεως
886 1904 1043 1957 τοῦτο
1087 1906 1359 1959 πείσεται·
1402 1910 1449 1959 εἰ
1481 1908 1585 1978 γὰρ
1619 1907 1899 1979 δεδεμένος
1935 1909 2121 1962 πίπτει

468 1986 648 2057 (τοῦτο
689 1990 798 2060 γὰρ
852 1993 886 2061 ή
938 1990 1157 2061 θλῖψις),
1213 1992 1390 2062 πολλῷ
1442 1994 1639 2062 μᾶλλον
1702 1995 2019 2064 λελυμένος·
2071 1998 2120 2049 εἰ

470 2074 826 2145 σφιγγόμενος
862 2078 1264 2147 περιτρέπεται,
1300 2079 1477 2148 πολλῷ
1507 2080 1704 2149 μᾶλλον
1733 2080 2115 2149 χαυνούμενος.

468 2160 576 2213 Καὶ
618 2162 733 2224 πῶς
764 2163 1079 2232 δυνήσομαι,
1111 2165 1261 2233 φησί,
1317 2165 1390 2235 μή
1429 2167 1827 2237 περιτραπῆναι
1868 2167 2117 2237 θλιϐόμε-

462 2264 581 2313 νοςς
636 2250 731 2301 Ἂν
758 2250 1017 2321 ἐννοήσῃς
1044 2251 1145 2312 ὅτι,
1193 2250 1295 2305 κᾶν
1330 2252 1487 2323 θέλῃς
1518 2252 1622 2306 κάν
1648 2254 1720 2322 μή
1752 2252 1927 2323 θέλῃς,
1950 2255 2116 2317 οῖσεις

462 2335 523 2386 τὸ
549 2335 836 2403 ἐπενεχθέν
858 2352 868 2363 ·
895 2336 1008 2388 ἀλλ’
1040 2336 1104 2389 ἂν
1133 2338 1229 2406 μέν
1250 2340 1603 2407 εὐχαρίστως,
1631 2340 1911 2408 κερδανεῖς
1934 2342 2000 2394 τά
2024 2342 2119 2410 μέ-

462 2436 644 2488 γιστα,
672 2420 738 2473 ἂν
777 2421 834 2474 δὲ
875 2423 1261 2476 ἁποδυσπετῶν
1294 2426 1388 2477 καὶ
1429 2426 1607 2478 ἀλύων
1660 2427 1751 2479 καὶ
1798 2426 2113 2497 δυσφημῶν,

462 2507 585 2560 οὐτε
623 2508 719 2579 τήν
754 2511 1035 2579 συμφορὰν
1070 2510 1273 2563 ἐλάττω
1307 2511 1476 2583 ταύτῃ
1544 2516 1804 2583 ποιήσεις,
1856 2514 1949 2566 καὶ
1999 2517 2117 2582 μεῖ-

462 2592 553 2657 ζον
590 2594 794 2665 ἐργάσῃ
822 2594 881 2648 τὸ
912 2595 1214 2650 κλυδώνιον.
1252 2596 1435 2651 Ταῦτα
1487 2595 1579 2651 οὖν
1617 2600 1937 2664 ἐννοοῦντες,
1964 2602 1992 2654 ὃ
2016 2602 2115 2672 τῆς

463 2680 704 2750 ἀνάγκης
743 2681 876 2744 ἐστὶ,
910 2681 1153 2749 ποιῶμεν
1179 2684 1276 2751 τῆς
1302 2685 1676 2755 προαιρέσεως
1698 2682 1836 2740 εἶναι
1865 2688 1963 2757 τῆς
1986 2690 2118 2758 ήμε·

462 2765 647 2836 τέρας·
680 2764 788 2821 οἷόν
820 2784 872 2819 τι
908 2767 1050 2835 λέγω
1085 2785 1099 2798 ’
1144 2769 1316 2822 Παῖδά
1342 2787 1427 2833 τις
1465 2771 1702 2824 ἀπέϐαλε
1742 2775 1986 2841 γνήσιον,
2012 2774 2113 2845 τὴν

462 2852 649 2905 οὐσίαν
682 2853 866 2924 ῑτερος
901 2856 1117 2908 ἃπασαν
1146 2872 1158 2885 ·
1207 2855 1273 2908 ἀν
1302 2858 1581 2928 ἐννοήσῃς,
1632 2859 1713 2911 ὅτι
1755 2860 1979 2929 λυθῆναι
2012 2862 2112 2933 μέν

461 2937 523 2989 τὸ
555 2941 918 3009 γεγενημένον
946 2941 1044 2993 οὐκ
1076 2942 1173 3004 ενι,
1216 2942 1292 2993 ἔνι
1319 2941 1374 2994 δέ
1405 2960 1458 2995 τι
1490 2944 1883 3015 καρπώσασθαι
1921 2949 2013 3001 καὶ
2049 2951 2112 3002 ἐκ

461 3026 559 3095 τῆς
585 3026 801 3080 ἀνιάτου
826 3031 1104 3097 συμφορᾶς
1128 3028 1185 3080 τὸ
1208 3030 1466 3097 γενναίως
1498 3033 1739 3098 ἐνεγκεῖν
1783 3035 1845 3085 τὸ
1878 3036 2109 3104 συμϐὰν,

462 3110 555 3162 καὶ
577 3111 697 3164 ἀντὶ
718 3111 826 3164 τῶν
856 3115 1115 3183 ῥημάτων
1142 3115 1249 3168 τῶν
1274 3116 1572 3187 δυσφήμων
1593 3119 1865 3189 εὐφημίαν
1894 3122 2112 3190 ἀνενέγ-

462 3213 563 3267 κῃς
591 3209 616 3237 ι
644 3198 720 3267 τῷ
750 3200 1019 3270 Δεσπότη,
1074 3200 1218 3254 οὓτω
1269 3205 1339 3256 τά
1392 3204 1705 3272 ἀϐουλήτως
1753 3208 2113 3277 ἐπενεχθέντα

461 3284 623 3345 κακά,
650 3287 1017 3355 προαιρέσεως
1053 3287 1205 3341 ἐσται
1238 3306 1316 3341 σοι
1362 3291 1773 3361 κατορθώματα.
1812 3291 1963 3359 Εἶδες
2000 3297 2113 3348 υίὸν

460 3370 777 3439 ἁρπαγέντα
826 3374 1033 3442 άωρον;
1076 3374 1230 3438 Εἰπὲ,
1280 3376 1341 3427 Ὀ
1380 3378 1597 3443 Κύριος
1638 3377 1879 3443 ἔδωκεν,
1920 3383 1951 3433 ό
1997 3383 2112 3434 Κύ-

450 3472 583 3521 ριος
600 3456 895 3524 ἀφείλετο.
927 3457 1078 3521 Εἶδες
1093 3460 1279 3513 οὐσίαν
1304 3462 1657 3527 κενωθεῖσαν;
1691 3464 1845 3527 Εἰπὲ,
1870 3467 2111 3535 Γυμνός

454 3540 717 3608 ἐξῆλθον
748 3542 816 3594 ἐκ
856 3545 1088 3608 κοιλίας
1121 3547 1349 3612 μητρός
1388 3564 1541 3613 μου,
1575 3549 1803 3615 γυμνὸς
1862 3551 1957 3602 καί
1995 3553 2109 3604 ἁπ-

452 3626 800 3695 ελεύσομαι.
824 3623 974 3691 Εἶδες
1003 3633 1273 3699 πονηροὺς
1290 3632 1717 3702 εὐπραγοῦντας,
1752 3636 1845 3687 καὶ
1868 3635 2108 3705 δικαίρυς

452 3712 891 3784 δυσημεροῦντας
924 3718 1018 3769 καὶ
1065 3718 1236 3786 μυρία
1272 3718 1579 3788 πάσχοντας
1620 3720 1786 3785 δεινά,
1813 3722 1913 3775 οὐκ
1940 3722 2109 3789 ἔγνως

451 3801 509 3853 δὲ
537 3801 642 3855 τῶν
673 3804 976 3873 γενομένων
1000 3807 1180 3874 εὐρεῖν
1228 3808 1327 3876 τὴν
1371 3808 1575 3870 αἰτίαν;
1610 3811 1763 3876 Εἰπὲ,
1790 3812 2107 3881 Κτηνώδης

450 3883 744 3951 ἐγενόμην
763 3886 920 3952 παρὰ
951 3887 1068 3951 σοί,
1100 3888 1266 3955 πλὴν
1296 3890 1413 3957 ἐγὼ
1448 3891 1775 3960 διαπαντὸς
1796 3898 1945 3963 μετὰ
1968 3896 2105 3949 σοῦ.

457 3969 517 4019 Εἰ
554 3970 610 4020 δὲ
632 3970 723 4023 καὶ
748 3972 845 4041 τήν
884 3974 1062 4026 αἰτίαν
1096 3974 1301 4045 ζητεῖς,
1339 3978 1589 4050 ἐννόησον
1614 3982 1697 4034 ὅτι
1726 3980 1949 4051 ἔστησεν
1974 3983 2109 4053 ήμέ·

454 4075 573 4125 ραν,
607 4059 725 4112 καθ’
760 4060 826 4127 ήν
852 4060 1033 4131 μέλλει
1063 4065 1270 4133 κρίνειν
1306 4066 1406 4137 τὴν
1432 4068 1774 4138 οἰκουμένην,
1808 4073 1899 4123 καὶ
1930 4073 2107 4126 πᾶσαν

451 4144 700 4206 ἐκϐαλεῖς
730 4147 962 4217 ἀπορίαν
994 4165 1007 4177 ·
1042 4150 1140 4219 τὴν
1170 4152 1279 4221 γάρ
1312 4152 1467 4217 ἀξίαν
1496 4154 1613 4206 τότε
1651 4154 1877 4219 ἕκαστος
1905 4158 2108 4230 ἀπολή-

450 4234 629 4299 ψετκι,
661 4231 846 4303 ὥσπερ
866 4236 894 4286 ό
917 4235 1162 4305 Λάζαρος
1201 4238 1294 4291 καὶ
1324 4240 1353 4293 ό
1393 4241 1662 4306 πλούσιος.
1710 4243 2103 4317 ’Δναμνήσθητι

514 4402 543 4431 ⁸
562 4402 679 4459 Αἰξί,
1082 4407 1353 4468 ἀνενεγκεῖν.

569 4572 2227 4601 ..__________._____________________

3789 410 3895 464 τίτί

2228 523 2337 576 τῶν
2381 525 2696 577 ἀποστόλων
2729 541 2742 553 ·
2794 526 2887 578 καὶ
2940 525 3048 595 γάρ
3105 525 3302 577 ἐκεῖνοι
3350 522 3735 593 μαστιζόμενοι
3802 527 3895 577 καὶ

2227 611 2575 681 ἐλαυνόμενοι
2627 614 2720 665 καὶ
2768 614 2939 684 μυρία
2982 612 3303 682 πάσχοντες,
3359 612 3576 681 ἔχαιρον
3611 612 3695 664 ὅτι
3761 628 3899 664 κατε

2225 697 2536 765 ηξιώθησαν
2554 698 2693 767 ὑπὲρ
2715 700 2806 750 τοῦ
2824 698 3083 767 ὀνόματος
3116 697 3207 750 τοῦ
3235 696 3471 767 Χριστοῦ
3502 698 3897 766 ἀτιμασθῆναι.

2228 786 2336 838 Καὶ
2364 786 2427 837 σὺ
2452 784 2629 836 τοίνυν
2666 784 2731 837 ἂν
2765 785 3127 854 ἀρῤωστήσης
3146 824 3161 847 ,
3199 783 3333 854 φέρε
3367 783 3630 850 γενναίως
3650 824 3665 844 ,
3698 782 3791 835 καὶ
3815 782 3899 851 τῷ

2226 872 2343 941 Θεῷ
2383 872 2608 941 χάριτας
2640 870 2945 938 ὡμολόγει,
2992 870 3088 923 καὶ
3134 869 3276 923 οὕτω
3326 870 3416 921 τὸν
3458 870 3619 921 αὐτὸν
3663 871 3898 931 ἐκείνοις

2226 961 2370 1029 λήψῃ
2409 959 2619 1028 μισθόν.
2662 958 2784 1019 Πῶς
2808 957 2866 1008 δέ
2917 958 2975 1009 ἐν
3014 956 3298 1026 ἀρρωστίᾳ
3332 955 3521 1008 ὣνκαὶ
3553 954 3771 1016 ὀδύναις
3802 955 3899 1009 δυσ

2224 1047 2363 1116 νήσῃ
2395 1046 2471 1115 τῷ
2503 1045 2746 1115 Δεσπότῃ
2770 1044 2929 1112 χάριν
2959 1042 3193 1107 εἰδέναις
3233 1044 3329 1097 "Av
3385 1043 3543 1113 φιλῇς
3566 1042 3724 1094 αὐτὸν
3758 1058 3897 1109 γνη-

2227 1133 2377 1195 σίως.
2408 1134 2468 1185 Εἰ
2490 1132 2599 1202 γάρ
2623 1132 2701 1194 εἰς
2732 1131 2962 1200 κάμινον
2986 1128 3321 1197 ἐμπεσόντες
3348 1132 3396 1181 οί
3431 1129 3618 1189 παῖδες
3648 1131 3695 1179 οἰ
3715 1131 3892 1197 τρεῖς,

2225 1219 2322 1272 καὶ
2354 1222 2412 1272 ἐν
2444 1218 2835 1288 δεσμωτηρίοις
2858 1217 3011 1277 ὄντες
3037 1214 3213 1286 ἐτεροι
3236 1216 3329 1267 καὶ
3358 1217 3417 1267 ἐν
3453 1215 3666 1284 μυρίοις
3704 1214 3894 1278 ἄλλοις

2225 1309 2434 1370 κακοῖς,
2473 1307 2535 1357 οὐ
2568 1304 2805 1357 διέλιπον
2843 1299 3291 1373 εὐχαριστοῦντες
3327 1318 3342 1333 ο
3380 1300 3561 1370 πολλῷ
3605 1301 3805 1370 μᾶλλον
3840 1303 3893 1355 oi

2224 1392 2281 1445 ἐν
2313 1393 2489 1455 νόσοις
2517 1392 2668 1454 ὄντες
2701 1391 2795 1444 καὶ
2832 1392 2890 1442 ἐν
2920 1389 3251 1460 ἀρρωστίαις
3291 1388 3556 1457 χαλεπαῖς
3590 1388 3893 1457 κατεχόμε-

2225 1494 2303 1530 νοι
2326 1477 2484 1529 τοῦτο
2518 1478 2837 1547 δυνήσονται
2883 1477 3078 1528 ποιεῖν.
3138 1475 3212 1526 Οὐ
3264 1474 3371 1542 γάρ
3408 1472 3581 1533 ἔστιν,
3612 1475 3712 1526 οὐκ
3739 1474 3892 1526 ἐστιν

2221 1563 2394 1623 οὐδὲν,
2423 1562 2451 1614 ὃ
2485 1562 2559 1632 μὴ
2598 1564 2724 1632 νικᾷ
2748 1561 2910 1624 πόθος
2932 1577 2947 1593 ο
2971 1560 3098 1613 ὅταν
3122 1558 3177 1611 δέ
3209 1559 3302 1611 καὶ
3327 1558 3462 1611 Θεοῦ
3496 1557 3655 1620 πόθος
3678 1554 3734 1631 ᾖ,
3757 1559 3892 1613 πάν-

2220 1664 2328 1699 των
2364 1648 2510 1700 ἐστὶν
2549 1648 2896 1718 ὑψηλότερος,
2938 1646 3031 1698 καὶ
3072 1644 3196 1698 οὐτε
3243 1643 3393 1715 πῦρ,
3436 1644 3497 1697 οὐ
3542 1645 3781 1713 σίδηρος,
3824 1645 3890 1697 οὐ

2223 1734 2403 1793 πενία,
2459 1734 2559 1786 οὐκ
2612 1732 2912 1804 ἀρρωστία,
2967 1732 3029 1783 οὐ
3089 1731 3337 1794 θάνατος,
3388 1731 3488 1783 οὐκ
3532 1728 3660 1783 ἀλλο
3692 1746 3743 1781 τι
3778 1730 3891 1782 τῶν

2220 1819 2475 1873 τοιούτων
2509 1822 2757 1887 φανεῖται
2799 1818 2968 1873 δεινὸν
3018 1816 3098 1887 τῷ
3140 1816 3380 1870 τοιοῦτον
3438 1816 3762 1886 κεκτημένῳ
3794 1816 3890 1869 τὸν

2222 1904 2418 1975 ἔρωτα,
2444 1905 2580 1958 άλλά
2624 1904 2841 1957 πάντων
2888 1902 3265 1971 καταγελάσας
3285 1941 3300 1966 ,
3351 1901 3487 1971 πρὸς
3524 1903 3613 1954 τὸν
3652 1901 3891 1972 οὐρανὸν

2220 1994 2504 2062 πτήσεται,
2532 1991 2627 2043 καὶ
2654 1991 2760 2043 τῶν
2789 1992 2903 2043 ἐκεῖ
2938 1989 3322 2060 διατριϐόντων
3341 1988 3489 2041 οὐδὲν
3522 1987 3744 2040 ἔλαττον
3771 1988 3890 2041 δια-

2223 2078 2484 2141 κείσεται,
2516 2078 2668 2131 οὐδὲν
2694 2077 2881 2147 ἕτερον
2900 2076 3065 2147 ὀρῶν,
3095 2076 3194 2129 οὐκ
3211 2074 3460 2146 οὐρανὸν,
3494 2072 3647 2145 [519]
3676 2076 3737 2127 οὐ
3757 2076 3888 2143 γῆν,

2218 2166 2279 2217 οὐ
2310 2165 2597 2226 θάλατταν,
2617 2162 2752 2216 ἀλλά
2781 2164 2915 2234 πρὸς
2932 2163 2989 2215 ἐν
3032 2162 3191 2232 μόνον
3226 2161 3417 2222 κάλλος
3442 2160 3468 2200 ι’
3500 2160 3792 2229 τεταμένος
3822 2160 3890 2212 τὸ

2218 2252 2316 2322 τῆς
2348 2249 2503 2319 δόξης
2525 2250 2740 2320 ἐκείνης
2767 2266 2779 2278 ·
2815 2250 2908 2303 καὶ
2938 2247 3058 2302 οῦτε
3086 2248 3153 2303 τά
3181 2248 3400 2318 λυπηρά
3431 2245 3592 2299 αὐτὸν
3616 2245 3712 2298 τοῦ
3742 2263 3889 2317 παρ-

2217 2338 2366 2399 όντος
2420 2336 2754 2389 ταπεινῶσαι
2802 2336 3092 2406 δυνήσεται
3154 2334 3300 2405 βίον,
3369 2332 3491 2386 οὐτε
3540 2334 3740 2402 ἐπᾶραι
3790 2333 3887 2385 καὶ

2218 2423 2456 2491 φυσῆσαι
2503 2420 2571 2473 τὰ
2620 2423 2833 2492 χρηστά
2866 2423 2959 2475 καὶ
3011 2420 3201 2491 ἡδονὴν
3251 2424 3459 2489 ἔχοντα.
3526 2418 3885 2489 Ἐρασθῶμεν

2216 2509 2392 2561 τοίνυν
2424 2507 2613 2561 τοῦτον
2645 2509 2735 2560 τὸν
2766 2508 2939 2578 ἔρωτα
2979 2506 3187 2574 (τούτου
3210 2507 3316 2575 γάρ
3344 2505 3455 2557 ἴσον
3481 2506 3651 2560 οὐδὲνὶ
3680 2507 3773 2558 καί
3793 2506 3884 2559 διὰ

2215 2596 2284 2648 τά
2312 2597 2576 2665 παρόντα,
2610 2597 2705 2649 καὶ
2735 2596 2820 2650 διὰ
2851 2596 2917 2648 τά
2954 2594 3214 2665 μέλλοντα
3245 2610 3259 2624 ·
3312 2596 3510 2665 μᾶλλον
3540 2595 3596 2647 δέ
3622 2595 3727 2665 πρὸ
3755 2593 3887 2647 τού-

2214 2698 2344 2745 των,
2379 2682 2443 2734 δι’
2476 2682 2644 2752 αὐτήν
2672 2682 2767 2751 τήν
2791 2682 2884 2735 τοῦ
2917 2682 3117 2750 ἔρωτος
3139 2681 3301 2750 φύσιν
3334 2698 3347 2712 ·
3384 2682 3888 2751 ἀπαλλαγησόμεθα

2216 2767 2324 2836 γὰρ
2351 2768 2445 2820 κα¹ι
2475 2766 2579 2819 τῶν
2609 2768 2748 2820 κατά
2778 2768 2871 2820 τὸν
2900 2768 3142 2839 παρόντα
3173 2767 3286 2837 βίον
3332 2767 3427 2821 καὶ
3462 2767 3571 2820 τῶν
3610 2769 3755 2821 κατά
3791 2770 3887 2821 τὸν

2220 2854 2484 2925 μέλλοντα
2517 2854 2690 2907 αἰῶνα
2722 2855 3093 2924 κολαστηρίων
3115 2896 3130 2918 ,
3163 2856 3257 2909 καὶ
3302 2854 3403 2924 τῆς
3435 2854 3711 2923 βασιλείας
3746 2856 3890 2908 ἀπο-

2215 2940 2548 3011 λαυσόμεθα.
2592 2942 2737 3012 Πλὴν
2785 2941 2908 2994 οὔτε
2954 2943 3178 3012 γεέννης
3224 2943 3531 3013 ἀπαλλαγὴ,
3567 2942 3690 2996 οῦτε
3728 2942 3890 3012 βασι-

2215 3029 2362 3093 λείας
2402 3030 2721 3094 ἀπόλαυσις,
2749 3029 2889 3100 μέγα
2919 3048 2971 3083 τι
3000 3032 3135 3101 πρὸς
3155 3032 3214 3085 τὸ
3237 3032 3600 3103 λεχθήσεσθαι
3635 3033 3831 3100 μέλλον
3866 3048 3882 3063 ·

2213 3118 2416 3171 τούτων
2454 3116 2561 3189 γὰρ
2586 3117 2838 3171 ἁπάντων
2870 3118 3053 3189 μεῖζον
3089 3118 3152 3171 τό
3189 3119 3282 3173 τὸν
3322 3121 3558 3189 Χριστὸν
3600 3119 3886 3190 ἐρώμενον

2214 3203 2357 3271 ἔχειν
2384 3204 2519 3271 ὁμοῦ
2546 3205 2638 3257 καὶ
2670 3206 2926 3275 ἐραστήν.
2966 3206 3028 3257 Εἰ
3084 3206 3192 3276 γὰρ
3244 3207 3331 3259 ἐπ’
3385 3206 3690 3277 ἀνθρώπων
3722 3207 3888 3259 τοῦτο

2216 3290 2510 3359 συμϐαῖνον
2536 3290 2717 3358 πάσης
2742 3291 2934 3361 ήδονῆς
2963 3292 3107 3343 ἐστιν
3134 3292 3426 3364 ἀνώτερον,
3454 3295 3580 3347 ὃταν
3610 3294 3706 3346 ἐπὶ
3741 3292 3885 3346 Θεοῦ

2211 3376 2279 3427 τὰ
2310 3377 2594 3445 ἀμφότερα
2615 3376 2860 3449 ἐκϐαίνῃ,
2914 3379 3062 3440 ποῖος
3106 3378 3278 3445 λόγος,
3312 3378 3441 3432 ποία
3467 3380 3673 3431 διάνοια
3698 3396 3886 3448 παρα-

2213 3462 2406 3531 στῆσαι
2429 3462 2715 3533 δυνήσεται
2746 3463 2842 3532 τὴν
2878 3464 3253 3533 μακαριότητα
3291 3462 3495 3532 ταύτης
3530 3464 3629 3533 τῆς
3659 3466 3881 3535 ψυχῆςς

2210 3548 2322 3599 Οὐκ
2355 3548 2501 3601 ἐστιν
2526 3550 2750 3619 οὐδεμία
2789 3550 2944 3619 άλλη,
2988 3551 3100 3602 ἀλλ’
3152 3552 3183 3620 ή
3242 3553 3404 3621 πεῖρα
3470 3552 3625 3622 μόνη.
3662 3554 3759 3605 Ἰν*
3788 3550 3884 3608 οὖν

2208 3632 2296 3685 διὰ
2322 3636 2419 3703 τῆς
2444 3635 2639 3704 πείρας
2686 3635 2945 3705 μάθωμεν
2984 3636 3082 3706 τήν
3127 3638 3504 3706 πνευματικὴν
3544 3639 3747 3707 ταύτην
3787 3642 3886 3693 εὐ-

2210 3721 2483 3791 φροσύνην
2512 3724 2605 3775 καὶ
2636 3723 2727 3775 τὸν
2773 3724 3044 3795 μακάριον
3081 3724 3192 3793 βίον
3229 3726 3322 3777 καὶ
3346 3726 3437 3777 τὸν
3464 3725 3735 3795 θησαυρὸν
3772 3729 3884 3779 τῶν

2214 3809 2422 3877 μυρίων
2462 3808 2703 3875 ἀγαθῶν,
2745 3812 2921 3863 πάντα
2960 3811 3191 3877 ἀφέντες
3238 3812 3452 3879 ἐκείνης
3486 3812 3740 3881 ἐχώμεθα
3780 3815 3888 3883 τῆς

2210 3892 2452 3961 ἀγάπης,
2476 3894 2570 3946 καὶ
2601 3895 2681 3957 εἰς
2715 3894 3053 3964 εὐφροσύνην
3079 3895 3355 3965 ἡμετέραν
3384 3895 3479 3948 καὶ
3499 3898 3580 3959 εἰς
3604 3896 3763 3964 δόξαν
3783 3898 3881 3954 τοῦ

2211 3978 2547 4049 ποθουμένου
2576 3981 2711 4033 Θεοῦ
2755 3998 2770 4014 ο
2807 3983 2889 4034 ὅτι
2918 3982 3065 4051 αὐτῷ
3110 3984 3142 4051 ή
3170 3981 3295 4046 δόξα
3335 3982 3428 4034 καὶ
3455 3982 3518 4035 τὸ
3550 3987 3751 4055 κράτος
3780 3986 3879 4039 σὺν

2206 4065 2284 4134 τῷ
2314 4064 2610 4133 Μονογενεῖ
2636 4068 2727 4120 καὶ
2750 4068 2889 4137 ἀγίῳ
2918 4069 3216 4139 Πνεύματι,
3246 4068 3341 4121 νῦν
3384 4067 3481 4121 καὶ
3514 4069 3623 4136 ἀεὶ,
3657 4072 3755 4125 καὶ
3791 4076 3875 4139 εις

2207 4153 2332 4215 τοὺς
2364 4153 2681 4223 σύμπαντας
2712 4154 2913 4217 αἰῶνας
2934 4156 3042 4208 τῶν
3069 4154 3300 4207 αἰώνων.
3346 4154 3534 4226 Ἀμήν.

2272 4358 2299 4397 ιι
2326 4359 2405 4427 δίε
2431 4373 2490 4409 ex
2516 4376 2623 4427 9119
2650 4363 2753 4427 cod_.
2784 4365 3083 4427 reslilulum.
3129 4364 3294 4415 Moan.
3334 4373 3385 4413 et
3424 4366 3595 4427 Savll,
3618 4370 3675 4419 οὐ
3702 4370 3887 4420 θάλασ-

2212 4436 2301 4467 σαν
2327 4422 2484 4481 μόνον,
2508 4423 2627 4470 ἀλλά
2659 4424 2775 4486 πρὸς
2807 4426 2853 4473 ἓν
2895 4426 3081 4482 κάλλος.
3109 4428 3246 4479 Enl'r.

2233 4594 3786 4625 .._._...__..____________________________.

2010 4775 2254 4829 OMIAIA
2294 4777 2348 4831 I'.

450 4874 779 4961 Ald‘toﬁtq,
813 4879 1012 4961 ὥσπερ
1045 4882 1134 4961 δέξ
1154 4885 1287 4961 ἐνὸς
1311 4887 1622 4961 ἀνθρώπου
1719 4892 1972 4961 ἁμαρτία
2012 4895 2099 4955 εἰς

521 4947 628 5031 ξιξν
688 4947 932 5031 κόσμον.
962 4952 1227 5031 εἰσῆλθε,
1264 4947 1378 5031 ⁷καί
1417 4947 1538 5012 ’διὰ
1574 4947 2098 5031 Ῠτῆξ-νῖἰμξιρτίαςό

520 5020 805 5101 θάνατος’·
839 5020 936 5071 καί
970 5020 1261 5101 οὔτωςρίς
1288 5025 1517 5101 πάντας
1554 5020 1900 5097 ἀνθρώπους
1927 5020 2101 5101 διῆλ-

521 5088 625 5137 θεν
663 5089 695 5138 ό
725 5086 996 5154 θάνατος,
1026 5091 1118 5157 ἐφ’
1151 5085 1198 5157 ᾧ
1218 5085 1439 5160 στάντες
1474 5085 1756 5165 ἥμαρτον.

518 5233 583 5278 α’.
613 5228 878 5301 Καθάπερ
898 5235 943 5286 οἱ
980 5233 1087 5286 τῶν
1118 5237 1312 5305 ἰατρῶν
1346 5238 1555 5307 ἄριστοι
1578 5242 1675 5310 τήν
1708 5241 1862 5311 ῥίζαν
1888 5242 1972 5294 ἀεὶ
2003 5262 2101 5297 πο-

454 5312 887 5385 λυπραγμονοῦσι
912 5322 1020 5374 τῶν
1046 5326 1383 5393 νοσημάτων,
1403 5326 1498 5379 καὶ
1529 5327 1614 5379 ἐπ’
1646 5329 1815 5399 αὐτὴν
1854 5329 2102 5399 ἔρχονται

452 5400 549 5469 τὴν
579 5403 753 5472 πηγὴν
791 5404 883 5457 τοῦ
924 5408 1095 5461 κακοῦ
1124 5425 1135 5439 ‘
1182 5409 1324 5463 οῦτω
1368 5413 1459 5463 καλ
1494 5413 1521 5463 ὁ
1559 5415 1825 5485 μακάριον
1869 5416 2101 5482 Παῦλος.

454 5488 636 5541 Εἰπὼν
668 5492 792 5559 γάρ.
826 5495 906 5546 ὅτι
934 5496 1351 5567 ἐδικαιώθημεν,
1386 5499 1477 5551 καῖ
1509 5500 1683 5563 δείξας
1712 5502 1817 5554 ἀπὸ
1864 5503 1957 5556 τοῦ
1997 5524 2101 5558 πα-

452 5576 708 5647 τριάρχου
748 5581 837 5631 καὶ
862 5582 969 5632 ἀπὸ
998 5584 1089 5635 τοῦ
1130 5584 1445 5653 Πνεύματος
1474 5586 1567 5639 καὶ
1593 5588 1654 5638 ἐκ
1684 5588 1772 5639 τοῦ
1813 5591 2103 5646 ἀποθανεῖν

453 5665 539 5716 τὸν
580 5665 808 5735 Χριστὸν
834 5666 971 5732 (οὐδέ
1001 5670 1106 5739 γὰρ
1138 5670 1203 5723 ἂν
1245 5673 1536 5736 ἀπέθανεν,
1592 5675 1639 5725 εἰ
1694 5674 1766 5743 μὴ
1800 5676 1986 5745 ἔμελλε
2022 5679 2101 5731 δι-

453 5752 658 5819 καιοῦν)
689 5795 702 5815 ,
758 5754 1155 5816 κατασκευάζει
1206 5758 1387 5811 λοιπὸν
1446 5760 1535 5811 καὶ
1585 5761 1849 5829 ἑτέρωθεν
1891 5766 1957 5816 τὰ
2014 5767 2100 5817 διὰ

455 5834 655 5887 τούτων
684 5839 1088 5907 ἀποδειχθέντα,
1117 5843 1207 5893 καὶ
1236 5843 1340 5894 ἀπὸ
1366 5844 1471 5896 τῶν
1497 5846 1751 5899 ἐναντίων
1772 5850 2020 5911 συνιστὰς
2045 5850 2101 5901 τὸ

457 5923 825 5991 προκείμενον,
852 5928 1145 5996 τουτέστιν,
1172 5930 1277 5983 ἀπὸ
1314 5930 1405 5983 τοῦ
1434 5932 1656 5987 θανάτου
1693 5935 1784 5985 καὶ
1808 5935 1903 6003 τῆς
1924 5938 2100 6005 ἀμαρ-

2202 4892 2345 4957 τίας,
2378 4891 2496 4955 πῶς
2532 4896 2628 4945 καὶ
2679 4894 2782 4949 τίνι
2841 4898 3029 4969 τρόπῳ
3073 4900 3247 4969 ζητεῖ,
3300 4902 3394 4955 καὶ
3428 4902 3589 4957 πόθεν
3624 4906 3881 4976 εἰσῆλθεν

2202 4981 2231 5031 ό
2259 4980 2504 5044 θάνατος,
2542 4982 2637 5036 καὶ
2676 4984 2794 5046 πῶς
2826 4986 3117 5056 ἐκράτησε.
3169 4988 3294 5053 Πῶς
3339 4987 3428 5044 οὖν
3452 4993 3699 5060 εἰσῆλθεν
3727 4999 3752 5047 ό
3782 4996 3879 5048 θά-

2209 5084 2385 5132 νατος,
2420 5069 2514 5121 καὶ
2539 5070 2846 5138 ὲκράτησες
2889 5074 2987 5125 Διά
3010 5076 3108 5143 τῆς
3134 5075 3405 5145 ἁμαρτίας
3432 5078 3525 5131 τοῦ
3562 5081 3699 5142 ἐνός.
3726 5082 3793 5133 Τί
3821 5082 3879 5136 δέ

2208 5156 2373 5220 ἐστιν,
2403 5158 2523 5225 Ἐφ’
2563 5151 2612 5222 ᾧ
2675 5160 2899 5225 πάντες
2950 5161 3253 5229 ἥμαρτονς
3319 5164 3561 5219 Ἐκείνου
3593 5168 3874 5233 πεσόντος,

2207 5242 2300 5295 καὶ
2331 5245 2376 5295 οἰ
2407 5244 2480 5315 μὴ
2507 5246 2773 5313 φαγόντες
2803 5248 2910 5301 ἀπὸ
2941 5248 3035 5301 τοῦ
3067 5249 3224 5315 ξύλου
3258 5252 3547 5320 γεγόνασιν
3574 5254 3631 5319 ἐξ
3660 5256 3875 5309 ἐκείνου

2202 5331 2400 5395 πάντες
2457 5333 2661 5403 θνητοί.
2716 5336 2886 5404 Ἀχρι
2940 5337 3048 5406 γὰρ
3106 5340 3295 5407 νόμου
3358 5342 3612 5408 ἁμαρτία
3665 5337 3746 5411 ἦν
3804 5345 3876 5396 ὲν

2202 5420 2409 5488 κόσμῳ
2449 5438 2460 5449 ·
2501 5422 2754 5489 ἁμαρτία
2797 5422 2865 5475 δὲ
2910 5426 3019 5479 οὐκ
3056 5426 3413 5493 ἑλλογεῐταε,
3446 5427 3531 5494 μὴ
3568 5427 3742 5493 ὄντος
3771 5431 3876 5482 νό-

2196 5523 2333 5570 μου.
2364 5508 2459 5573 Τὸ,
2488 5511 2660 5576 Ἀχρι
2691 5511 2898 5577 νόμου,
2930 5514 3073 5575 τινὲς
3111 5513 3202 5565 τὸν
3249 5513 3439 5583 χρόνον
3486 5514 3691 5567 ἐκεῖνον
3720 5516 3877 5584 νομί-

2202 5591 2382 5653 ζουσιν
2421 5595 2585 5648 αὐτὸν
2602 5598 2885 5667 ,εἰρηκέναι
2911 5600 3005 5652 τὸν
3036 5600 3143 5671 πρὸ
3171 5600 3271 5669 τῆς
3297 5600 3389 5652 τοῦ
3420 5600 3583 5670 νόμου
3617 5601 3822 5665 δόσεως
3858 5621 3873 5635 ·

2204 5672 2312 5729 οἷον
2341 5680 2431 5731 τὸν
2467 5682 2560 5731 ἐπὶ
2595 5682 2775 5745 Ἅϐελ,
2803 5683 2892 5734 τὸν
2918 5685 3009 5736 ἐπὶ
3044 5686 3187 5751 Νῶε,
3223 5686 3312 5738 τὸν
3348 5688 3437 5739 ἐπὶ
3467 5684 3739 5757 Ἁϐραάμ,
3777 5689 3875 5740 τὸν

2204 5766 2306 5827 ἕως
2340 5767 2426 5819 ὅτε
2457 5769 2697 5835 Ἶωύσῆς
2723 5771 3004 5841 ἐγεννήθη.
3044 5771 3175 5825 Ποία
3208 5769 3301 5826 οὖν
3350 5774 3470 5825 τότε
3509 5768 3574 5843 ἦν
3617 5775 3649 5844 ή
3690 5776 3875 5845 ἀμαρ-

2202 5854 2325 5916 τία,
2360 5856 2513 5915 Τινές
2557 5874 2685 5921 φασι
2722 5858 2816 5926 τὴν
2866 5862 2921 5910 ὲν
2972 5860 3282 5929 παραδείσῳ
3327 5860 3505 5926 λέγειν
3538 5862 3703 5913 αὐτόν
3730 5877 3740 5887 ·
3777 5865 3870 5914 οὐ·

2203 5940 2345 5993 δέπω
2368 5944 2474 6011 γὰρ
2496 5940 2561 6013 ἦν
2592 5944 2828 6007 λυθ;ῒ;α,
2859 5947 3041 6015 φησὶν,
3067 5947 3201 5998 ἀλλὰ
3234 5946 3380 6017 [5'20]
3402 5948 3495 5999 καὶ
3522 5940 3672 6008 ἤνθει
3700 5950 3875 6017 αὐτῆς
