4108 6340
169 398 271 458 473

164 526 309 585 gnat.
356 528 458 566 non
494 511 636 564 illam
670 514 909 577 angeret.
942 504 1080 575 Ergo
1111 517 1217 556 non
1248 505 1443 578 malum
1473 510 1555 554 est
1586 499 1751 554 delin-

162 607 347 677 quenti
387 604 527 674 quod
575 602 845 673 puniatur,
888 598 981 652 sed
1010 596 1183 651 eidem
1214 595 1408 649 malum
1442 603 1545 658 est,
1573 592 1617 646 si
1651 606 1753 645 non

165 701 447 769 puniatur;
481 706 536 749 ut
562 692 839 765 :rgrotanti
866 692 1060 744 malum
1082 732 1095 756 ,
1126 690 1168 743 si
1201 704 1303 743 non
1335 696 1574 743 curetur.
1615 686 1755 741 Nihil

161 794 305 847 cnim
335 792 403 844 ita
429 789 624 842 malum
656 794 737 839 est
768 792 824 838 ut
850 781 1081 836 absurda
1117 780 1551 850 c0iiCUpisccntia
1588 796 1600 832 τ
1634 793 1753 832 cum

163 882 456 936 absurdum
490 879 630 941 dico,
664 875 731 931 de
774 875 978 930 deliciis
1020 874 1232 943 loquor,
1258 873 1323 927 dc
1364 871 1532 941 gloria
1566 871 1760 924 intem-

160 975 388 1043 pestiva,
417 970 484 1025 de
516 970 842 1037 principatus
877 982 1082 1032 amore,
1132 966 1307 1035 deque
1348 965 1603 1018 omnibus
1651 979 1756 1016 uno

163 1068 354 1130 verbo,
402 1078 627 1132 quorum
676 1061 969 1117 necessitas
1003 1060 1146 1113 nulla
1193 1072 1293 1113 est.
1327 1058 1457 1111 Nam
1500 1059 1588 1128 qui
1636 1057 1755 1111 talis

161 1168 266 1221 est,
316 1157 406 1225 qui
456 1156 671 1210 mollem
698 1164 749 1209 et
780 1154 1007 1208 solutam
1036 1154 1199 1207 vitam
1232 1154 1359 1223 agit,
1403 1154 1614 1207 videtur
1645 1152 1755 1223 qui-

162 1251 281 1302 dem
328 1249 565 1303 omnium
607 1247 945 1302 felicissimus
976 1260 1117 1311 esse,
1152 1246 1245 1300 sed
1282 1253 1365 1299 est
1390 1246 1627 1299 omnium
1653 1244 1753 1298 mi-

161 1345 420 1397 serrimus
454 1361 467 1399 :
502 1344 590 1413 qui
624 1342 879 1396 molestas
900 1348 953 1395 et
985 1340 1145 1394 duras
1185 1338 1432 1393 dominas
1468 1338 1666 1391 inducit
1702 1338 1751 1390 in

160 1435 398 1488 animam
438 1448 608 1487 suam.
644 1433 769 1487 Ideo
796 1431 1122 1485 laboriosam
1151 1430 1307 1484 nobis
1335 1430 1477 1484 Βυιιε
1504 1429 1643 1483 hanc
1671 1429 1753 1481 vi-

162 1538 267 1581 tam
303 1527 553 1593 reddidit,
604 1536 660 1580 ut
707 1540 805 1579 nos
847 1540 873 1576 a
904 1525 992 1578 tali
1024 1525 1283 1579 servitute
1311 1523 1583 1585 liberaret,
1616 1530 1670 1576 et
1700 1523 1752 1575 in

162 1636 351 1690 puram
381 1619 677 1673 libertatem
710 1616 1003 1671 adduceret
1032 1633 1046 1669 :
1078 1615 1199 1670 ideo
1242 1613 1562 1683 supplicium
1608 1628 1753 1665 com—

160 1716 397 1768 minatus
439 1720 541 1775 est,
592 1719 646 1766 et
673 1710 838 1765 vitam
880 1720 1118 1763 nostram
1157 1707 1398 1763 laborum
1443 1715 1749 1760 consortem

161 1808 310 1868 fecit,
346 1805 624 1860 mollitiem
652 1802 1049 1871 constringens.
1081 1800 1171 1855 Sic
1208 1799 1377 1855 Judrci
1406 1813 1524 1852 cum
1560 1799 1669 1851 luto
1701 1807 1754 1852 et

160 1899 396 1953 lateritio
442 1896 593 1967 operi
634 1895 883 1950 adstricti
946 1901 1171 1958 essent,
1236 1891 1505 1946 mansueti
1562 1900 1747 1955 erant,

163 1990 445 2059 Deumque
496 1981 805 2058 frequenter
852 1984 1212 2048 invocabant;
1260 1992 1540 2054 postquam
1571 1991 1749 2037 autem

161 2082 465 2137 libertatem
496 2080 672 2150 adepti
700 2087 845 2145 sunt,
878 2091 1299 2142 murmuravere,
1331 2086 1381 2131 et
1426 2077 1589 2131 Deum
1634 2076 1751 2130 irri-

164 2182 432 2236 taverunt,
462 2171 837 2240 sexcentisque
880 2184 941 2225 se
988 2169 1144 2223 malis
1198 2167 1556 2223 involverunt.
1610 2166 1749 2235 Quid

163 2264 324 2335 igitur
367 2264 601 2328 dixeris,
658 2264 889 2333 inquies,
937 2262 1006 2317 de
1051 2262 1136 2329 iis,
1182 2277 1317 2331 quos
1340 2276 1483 2331 sarpe
1509 2276 1749 2316 mrumna

166 2366 506 2412 transversos
547 2356 693 2427 egit?
720 2355 849 2411 illud
878 2369 981 2410 non
1024 2371 1089 2410 ex
1120 2370 1357 2410 :erumna
1400 2355 1710 2424 provenisse
1736 2396 1751 2421 ,

164 2450 258 2506 sed
291 2468 358 2506 ex
388 2451 598 2505 illorum
630 2450 959 2505 inﬁrmitate.
1000 2448 1185 2518 Neque
1216 2450 1358 2504 enim
1406 2449 1449 2503 si
1481 2450 1601 2518 quis
1640 2456 1757 2503 sto-

166 2546 415 2597 machum
448 2543 714 2597 inﬂrmum
740 2542 942 2597 habens
970 2556 1094 2596 acre
1124 2541 1472 2615 pliarinaeum
1499 2540 1752 2611 accipiat,

165 2650 271 2701 quo
296 2636 509 2703 purgari
539 2633 821 2702 possit,sed
849 2634 1009 2688 etiam
1039 2633 1105 2687 ab
1134 2633 1225 2687 illo
1250 2642 1530 2697 atteratur,
1564 2648 1671 2687 non
1703 2631 1755 2686 id

169 2726 457 2793 pharmace
480 2724 794 2789 tribuemus,
812 2724 903 2778 sed
920 2724 1143 2777 membri
1172 2724 1465 2777 infirmitati
1487 2741 1498 2775 :
1523 2722 1754 2791 idipsum

168 2831 382 2885 quoque
412 2816 479 2870 de
534 2816 696 2869 animi
741 2815 1015 2870 debilitate
1063 2815 1325 2870 dicemus.
1376 2813 1507 2868 Nam
1556 2813 1647 2884 qui
1692 2813 1759 2868 ab

168 2920 405 2958 a'rumna
447 2905 793 2967 subvertitur,
824 2904 874 2958 id
908 2905 1074 2958 multo
1106 2906 1274 2975 magis
1300 2920 1329 2957 a
1358 2903 1561 2958 desidia
1588 2904 1757 2973 patie—

171 3004 256 3051 tur
288 3015 301 3051 :
336 2996 379 3049 si
410 2996 551 3050 enim
584 2996 629 3049 is
661 2996 868 3049 vinetus
898 2996 1042 3049 cadit
1090 2994 1230 3067 (hoc
1278 2995 1475 3065 quippe
1520 3010 1757 3049 mrunina

172 3085 297 3156 εει),
342 3087 510 3140 multo
554 3087 722 3156 magis
752 3086 961 3141 solutus
1000 3086 1291 3149 ceciderit;
1346 3087 1389 3139 si
1438 3087 1760 3140 c0n5lrictus

173 3180 520 3246 subvertitur,
577 3181 744 3233 multo
799 3181 968 3249 magis
1017 3180 1306 3233 relaxatus.
1359 3178 1427 3233 Et
1466 3180 1757 3249 quomodo,

173 3272 415 3341 inquies,
464 3281 655 3343 potero
696 3286 800 3326 non
835 3271 1097 3338 subverti,
1140 3272 1182 3325 si
1212 3272 1349 3325 adsit
1381 3272 1657 3325 mrumna?
1703 3271 1757 3327 Si

172 3367 374 3435 cogites
427 3374 498 3432 te,
548 3366 680 3421 velis
731 3365 890 3432 nolis,
941 3365 1086 3419 illam
1120 3365 1351 3420 laturum
1380 3380 1539 3429 esse;
1594 3364 1689 3420 sed
1715 3366 1760 3419 si

174 3474 289 3511 cu.n
318 3458 610 3527 gratiarum
639 3458 871 3524 actione,
917 3473 1165 3527 magnum
1196 3456 1465 3527 quidpiam
1501 3466 1551 3512 te
1582 3460 1760 3511 lucra-

176 3561 347 3604 tnrinn
383 3565 536 3614 esse;
570 3552 651 3605 sin
684 3550 899 3616 invitus,
930 3566 1163 3605 maerens
1195 3556 1249 3606 et
1278 3551 1586 3619 blasphoma
1632 3566 1761 3620 pro-

174 3641 370 3708 fui-ens,
428 3658 534 3697 non
574 3644 836 3697 minorem
877 3642 1210 3697 redditurum
1242 3643 1624 3707 calamitatem,
1664 3642 1760 3697 sed

174 3734 429 3803 majorem
480 3733 740 3788 facturum
776 3743 1168 3803 tempestatem.
1196 3734 1321 3788 Hmc
1350 3743 1668 3803 cogitantes,
1709 3733 1761 3788 id

175 3826 313 3894 quod
357 3826 666 3881 necessario
710 3825 923 3891 accidit,
953 3841 1016 3881 ex
1047 3825 1320 3895 proposito
1352 3824 1641 3880 voluntatis
1664 3825 1762 3879 ad-

174 3921 467 3974 inittamus.
498 3920 738 3989 Exempli
764 3935 943 3984 causa,
977 3920 1140 3974 filium
1168 3920 1287 3989 quis
1308 3922 1598 3989 genuinum
1630 3922 1763 3975 ami-

175 4014 257 4074 sit,
293 4013 429 4066 alius
460 4011 737 4066 faeiiltates
773 4026 994 4076 omnes;
1040 4011 1083 4065 si
1111 4012 1335 4081 cogites,
1380 4012 1431 4065 id
1474 4012 1626 4065 vitari
1656 4029 1761 4068 non

176 4122 331 4173 posse
355 4148 370 4173 ,
416 4104 509 4159 sed
540 4120 604 4159 ex
634 4104 923 4159 inevitabili
951 4105 1256 4159 calamitate
1286 4102 1515 4159 fructum
1545 4105 1764 4175 decerpi

179 4212 357 4264 posse,
405 4196 548 4249 illam
594 4210 859 4266 generose
900 4193 1146 4260 ferendo,
1177 4204 1233 4250 et
1262 4194 1615 4265 blasphemia:
1647 4197 1766 4251 loco

173 4290 384 4344 laudem
412 4288 635 4342 Domino
663 4286 887 4351 referas,
912 4287 988 4340 sic
1010 4287 1166 4350 mala,
1201 4295 1252 4340 te
1280 4302 1383 4341 non
1414 4288 1629 4343 volente
1651 4289 1767 4342 illa-

177 4389 225 4433 ta
249 4423 264 4446 ,
315 4381 366 4433 in
401 4378 655 4448 propositi
687 4387 740 4433 et
777 4379 1065 4431 voluntatis
1106 4380 1293 4432 merita
1339 4389 1636 4433 vertentur.
1673 4380 1766 4434 Vi-

175 4465 351 4526 distin’
370 4472 533 4525 ﬁlium
566 4471 864 4525 immatura:
888 4472 1061 4525 anatis
1091 4472 1413 4540 abreptum?
1438 4473 1548 4539 Dic,
1583 4473 1765 4527 Domi-

176 4582 269 4619 mis
293 4564 450 4629 dedit,
480 4563 726 4617 Dominus
751 4563 957 4617 abstulit
986 4563 1126 4634 (Job.
1158 4564 1206 4618 l.
1240 4564 1353 4637 21).
1385 4566 1572 4622 Vidisti
1603 4568 1767 4622 facul-

179 4665 313 4709 tates
340 4654 743 4725 pessumdatus?
776 4654 889 4719 Dic,
927 4654 1113 4708 Nudus
1143 4672 1372 4726 egressus
1402 4674 1513 4710 sum
1536 4659 1599 4711 de
1626 4671 1768 4713 utero

178 4747 351 4801 matris
382 4762 521 4811 mete,
548 4756 595 4799 et
622 4745 790 4799 nudus
828 4756 1049 4801 revertar
1095 4746 1303 4819 (lbid.).
1336 4748 1524 4803 Vidisti
1560 4752 1763 4819 impro-

178 4838 273 4893 bos
325 4853 583 4908 prospere
614 4848 859 4908 agentes,
901 4848 954 4894 et
977 4839 1151 4908 jusms
1178 4839 1462 4896 infeliciter
1506 4859 1615 4896 rem
1658 4860 1753 4912 ge-

1281 390 1344 445 ΙΝ
1389 387 1607 443 EI’IST.
1650 386 1736 439 AD
1782 386 1940 440 ΗΘΜ.
1988 388 2217 443 llO.‘.ilL.
2266 388 2333 443 Χ.

3366 400 3466 459 474

1866 516 2001 564 ri-i-o,
2055 511 2109 556 ct
2140 504 2437 559 innumeris
2482 503 2643 576 afﬂigi
2690 507 2866 573 malis,
2919 523 3019 563 nec
3075 521 3228 579 potes
3272 513 3464 567 borum

1864 607 2079 647 causam
2129 596 2457 664 explorare?
2491 597 2587 650 Dic
2630 596 2744 652 :Ut
2781 600 3074 669 jumentum
3122 601 3292 671 factus
3345 621 3467 661 sum

1863 688 2004 754 apud
2031 697 2077 741 te
2104 703 2122 740 :
2159 704 2249 759 ego
2293 698 2461 743 tamen
2496 706 2696 760 semper
2725 701 2888 746 locum
2929 692 3102 764 (Psal.
3138 694 3225 747 72.
3255 695 3372 765 9.5).
3405 690 3465 750 Si

1864 795 1992 835 vero
2018 795 2233 834 causam
2261 798 2474 851 quau-as
2495 825 2507 848 ,
2541 784 2716 854 cogita
2749 783 2892 839 diem
2915 801 2944 839 a
2977 786 3085 841 Deo
3112 789 3464 842 constitutum

1862 887 2003 935 esse,
2039 888 2144 942 quo
2167 874 2507 941 judicaturus
2541 886 2623 930 est
2653 877 2860 942 orbem,
2896 888 2949 932 et
2974 892 3187 933 omnem
3222 881 3464 936 excutics

1868 965 2251 1019 dubitationem
2306 982 2321 1020 :
2369 975 2495 1020 tunc
2550 968 2693 1021 enim
2745 970 3114 1041 unusquisque
3166 972 3463 1026 secundum

1864 1057 2109 1111 mei-itum
2152 1057 2414 1126 accipiet;
2470 1069 2524 1111 ut
2566 1058 2799 1114 Lazarus
2841 1070 2895 1115 et
2940 1061 3108 1117 dives.
3148 1063 3460 1120 Recordare

1861 1151 2226 1217 apostolorum
2264 1168 2276 1203 :
2310 1150 2384 1203 illi
2427 1152 2570 1204 enim
2606 1152 2878 1221 liagellati,
2911 1153 3068 1223 pulsi,
3094 1162 3147 1208 et
3176 1156 3338 1209 millia
3375 1171 3465 1225 pa-

1864 1244 2077 1307 tientes,
2109 1243 2433 1313 gaudebant,
2465 1244 2609 1313 quod
2652 1246 2854 1315 dignati
2896 1256 3079 1302 essent
3120 1263 3217 1318 pro
3244 1250 3465 1304 nomine

1860 1336 2055 1390 Christi
2085 1337 2464 1390 contumeliam
2495 1336 2656 1392 ferre.
2704 1337 2772 1392 Et
2816 1347 2870 1392 tu
2914 1339 3115 1409 itaque,
3168 1342 3210 1395 si
3235 1343 3454 1411 :rgritu-

1860 1426 1985 1482 dine
2013 1428 2243 1494 labores,
2276 1427 2327 1481 id
2361 1428 2569 1482 fortiter
2594 1428 2758 1493 feras,
2791 1439 2846 1484 et
2869 1431 2979 1486 Deo
3003 1432 3204 1501 gratias
3230 1433 3461 1500 reddas;

1860 1518 2043 1587 sicque
2085 1518 2329 1572 eamdem
2369 1534 2528 1588 quain
2564 1519 2637 1573 illi
2671 1520 2976 1576 mercedem
3020 1524 3272 1592 accrpies.
3317 1524 3466 1591 Quo-

1860 1609 2020 1663 modo
2064 1619 2242 1663 autein
2281 1610 2332 1662 in
2376 1610 2590 1677 morbo,
2620 1610 2675 1665 in
2706 1610 2982 1667 doloribus
3012 1614 3211 1681 poteris
3237 1614 3465 1671 Domino

1859 1702 2083 1769 gratiam
2112 1700 2354 1756 habere?
2388 1700 2444 1756 Si
2476 1703 2625 1757 illum
2654 1707 2869 1760 sincere
2894 1720 3065 1760 ames.
3116 1706 3249 1762 Nam
3278 1709 3321 1763 si
3356 1720 3469 1764 ires

1860 1793 2011 1861 pueri
2042 1794 2091 1846 in
2121 1792 2393 1848 fornacem
2417 1796 2667 1864 conjecti,
2694 1806 2747 1851 et
2773 1798 2863 1851 alii
2897 1798 3131 1855 vinculis
3162 1801 3464 1866 constricti,

1859 1883 1940 1937 vel
1971 1884 2267 1939 innumeris
2297 1883 2482 1939 afﬂicti
2511 1887 2687 1953 malis,
2724 1902 2829 1942 non
2854 1887 3179 1944 destiterunt
3201 1906 3229 1943 a
3258 1894 3463 1962 gratia-

1860 1993 1981 2032 rum
2008 1980 2220 2033 actione
2251 1996 2263 2031 :
2296 1979 2464 2033 multo
2494 1981 2663 2051 magis
2691 1982 2749 2049 ii,
2778 1983 2868 2052 qui
2897 1983 3101 2038 morbis
3132 1992 3186 2039 et
3208 1985 3357 2040 duris
3388 1987 3471 2040 in-

1859 2070 2201 2126 ﬁrmitatibus
2228 2072 2575 2141 afﬂictantur,
2630 2075 2733 2130 hoc
2778 2076 2956 2133 facere
2992 2088 3265 2148 poterunt.
3320 2080 3465 2135 Nihil

1858 2162 2000 2217 enim
2041 2173 2145 2227 est,
2194 2164 2326 2218 nihil
2372 2176 2539 2231 certe,
2584 2167 2725 2236 quod
2752 2184 2906 2223 amor
2941 2186 3046 2223 non
3080 2171 3255 2225 vincat
3297 2189 3311 2226 :
3345 2188 3467 2227 cum

1858 2268 2019 2321 porro
2054 2254 2144 2309 Dei
2177 2270 2329 2309 amor
2356 2266 2479 2322 est,
2518 2258 2768 2314 omnibus
2810 2270 2893 2315 est
2933 2261 3235 2328 sublimior,
3283 2279 3458 2332 neque

1866 2345 2004 2416 ignis
2050 2362 2223 2416 neque
2276 2347 2496 2412 ferrum,
2546 2365 2653 2404 non
2684 2362 2993 2421 paupertas,
3025 2364 3127 2407 non
3154 2355 3465 2420 infirmitas,

1864 2452 1971 2491 non
2013 2454 2178 2503 mors,
2212 2455 2316 2493 non
2352 2440 2563 2509 quidvis
2590 2442 2735 2496 aliud
2767 2459 2927 2512 grave
2957 2446 3227 2501 videbitur
3254 2448 3323 2519 ei,
3375 2449 3466 2519 qui

1864 2528 1967 2584 lioc
1997 2544 2181 2585 amore
2216 2532 2468 2585 detentus
2496 2540 2612 2596 est;
2661 2533 2755 2587 sed
2783 2536 2963 2588 omnia
2994 2537 3260 2605 irridebit,
3284 2517 3362 2593 ἐι
3394 2517 3467 2591 ad

1865 2622 2054 2678 caalum
2098 2624 2318 2687 volabit,
2346 2639 2446 2678 nec
2476 2624 2582 2678 alio
2612 2624 2772 2679 modo
2800 2625 3027 2681 aﬂ'ectus
3069 2628 3173 2683 erit
3206 2644 3365 2699 quam
3412 2630 3466 2694 ii,

1865 2716 1956 2786 qui
1990 2717 2098 2770 illic
2126 2716 2363 2786 degunt;
2397 2716 2531 2770 nihil
2559 2717 2700 2771 aliud
2733 2718 3052 2787 respiciens,
3086 2735 3193 2775 non
3232 2720 3423 2776 ca-luin
3450 2761 3467 2787 ,

1868 2823 1974 2861 non
2005 2817 2224 2872 terram,
2260 2823 2363 2863 non
2394 2824 2563 2876 mare,
2591 2809 2684 2863 sed
2714 2825 2873 2865 unam
2909 2811 3194 2866 attendens
3227 2811 3469 2882 pulchri-

1870 2900 2129 2965 tudinem,
2163 2902 2347 2971 gloriae
2377 2918 2572 2973 nempe
2600 2903 2742 2958 illius
2770 2923 2783 2959 :
2808 2920 2983 2975 neque
3024 2907 3304 2975 praesentis
3346 2908 3470 2961 vita:

1866 3009 2122 3048 aerumna:
2155 2995 2304 3049 illum
2335 2995 2659 3065 deprimere,
2685 3011 2859 3066 neque
2884 3012 3137 3067 prospera
3156 3008 3212 3055 et
3234 2998 3473 3069 volupta-

1868 3092 1974 3139 tem
2009 3085 2231 3140 ferentia
2265 3085 2455 3141 inﬂare
2498 3095 2767 3155 pOIerunt.
2819 3088 2972 3143 llunc
3015 3103 3146 3161 ergo
3185 3089 3472 3161 diligamus

1867 3190 2129 3243 amorem,
2162 3178 2245 3231 cui
2284 3192 2383 3247 par
2412 3178 2541 3232 nihil
2568 3190 2673 3245 est,
2724 3190 2778 3235 et
2826 3190 3047 3252 propter
3089 3185 3377 3251 prasentia
3420 3194 3476 3240 et

1867 3277 2088 3337 propter
2116 3269 2324 3335 futura;
2365 3271 2473 3325 imo
2504 3285 2635 3325 vero
2661 3278 2715 3325 et
2743 3270 2793 3325 in
2817 3271 3029 3342 primis,
3059 3284 3283 3344 propter
3302 3274 3471 3345 ipsam

1867 3362 2069 3415 amoris
2100 3372 2369 3416 naturam.
2406 3362 2497 3418 Sic
2524 3364 2668 3419 enim
2700 3364 3055 3421 liberabimur
3086 3376 3141 3422 et
3168 3382 3197 3421 a
3230 3382 3472 3437 prsesen-

1871 3453 1938 3507 tis
1963 3462 2018 3507 et
2050 3470 2075 3506 a
2106 3453 2295 3508 futurae
2324 3455 2447 3510 vitae
2474 3456 2773 3525 suppliciis,
2795 3466 2852 3513 et
2878 3473 3045 3529 regno
3066 3457 3322 3516 fruemur.
3357 3460 3474 3515 Cie-

1872 3554 2045 3599 terum
2078 3560 2253 3615 neque
2286 3546 2533 3601 liberatio
2558 3564 2587 3602 a
2612 3548 2881 3618 gebenna,
2926 3566 3101 3621 neque
3138 3551 3285 3621 regni
3332 3551 3476 3607 illius

1870 3639 2142 3707 possessio
2168 3652 2420 3708 magnum
2453 3639 2726 3709 quidpiam
2757 3651 2861 3709 est,
2894 3642 2938 3695 si
2978 3650 3325 3712 comparetur
3348 3658 3473 3697 cum

1871 3732 1987 3799 illo,
2021 3732 2163 3804 quod
2207 3733 2402 3787 dicturi
2445 3748 2631 3789 sumus
2666 3751 2679 3788 :
2712 3733 2816 3789 illis
2861 3735 3113 3790 omnibus
3149 3734 3324 3803 majus
3367 3746 3471 3801 est,

1870 3824 2144 3880 Christum
2172 3836 2223 3881 et
2250 3837 2487 3880 amatum
2533 3834 2588 3881 et
2626 3832 2921 3880 amatorem
2962 3825 3179 3881 habere.
3227 3826 3285 3881 Si
3325 3826 3468 3881 enim

1871 3919 2010 3988 apud
2041 3919 2287 3972 homines
2314 3919 2398 3973 hic
2426 3933 2580 3973 amor
2600 3926 2817 3973 mutuus
2843 3917 2991 3974 omni
3019 3919 3295 3990 voluptate
3318 3933 3478 3989 supe-

1871 4014 1984 4067 rior
2024 4022 2106 4068 est
2130 4054 2145 4077 ,
2186 4029 2308 4068 cuni
2337 4013 2477 4083 apud
2510 4013 2677 4067 Deum
2708 4011 2796 4066 hic
2818 4021 3033 4067 mutuus
3060 4028 3211 4067 amor
3236 4028 3470 4067 concur-

1873 4104 1963 4170 rit,
1997 4104 2117 4173 quis
2139 4118 2338 4171 sermo,
2379 4120 2498 4173 qua:
2529 4119 2681 4159 mens
2705 4105 2873 4174 possit
2898 4104 3051 4160 istius
3078 4105 3271 4159 animae
3296 4104 3473 4160 felici-

1872 4204 2036 4250 tatem
2064 4195 2380 4252 declarare?
2407 4196 2561 4251 Nulla
2585 4197 2635 4251 id
2664 4204 2840 4267 potest
2860 4212 3034 4262 mens,
3064 4197 3159 4252 sed
3186 4198 3475 4268 experien-

1877 4289 1946 4343 tia
1979 4298 2205 4343 tantum.
2240 4288 2310 4344 Ut
2337 4304 2465 4360 ergo
2496 4298 2546 4345 et
2578 4288 2914 4358 spiritualem
2948 4288 3087 4343 hanc
3114 4289 3376 4353 laetitiam,
3415 4297 3472 4346 et

1874 4383 2084 4437 beatam
2112 4383 2296 4456 vitam,
2320 4391 2373 4437 et
2394 4382 2537 4436 mille
2565 4382 2826 4437 bonorum
2854 4380 3162 4437 thesaurum
3191 4380 3478 4450 experien-

1879 4476 1945 4528 tia
1969 4475 2293 4538 ediscamus,
2325 4474 2527 4528 relictis
2549 4474 2819 4539 omnibus,
2840 4472 2986 4528 hunc
3007 4488 3247 4527 amorem
3270 4472 3473 4542 ample-

1876 4574 2106 4629 ctamur,
2151 4574 2204 4618 ct
2230 4564 2295 4619 ad
2329 4564 2567 4618 ltetitiam
2596 4572 2834 4617 nostram
2868 4571 2924 4617 et
2950 4562 3016 4617 ad
3040 4562 3201 4616 amati
3231 4562 3325 4617 Dei
3351 4562 3472 4633 glo-

1878 4660 2011 4712 riam
2047 4678 2058 4712 :
2090 4658 2208 4727 quia
2253 4658 2350 4727 ipsi
2379 4656 2549 4727 gloria
2598 4664 2652 4710 et
2692 4654 2978 4724 imperium
3021 4668 3143 4709 cum
3182 4652 3471 4723 Unigenito

1878 4763 1931 4807 et
1963 4763 2149 4806 sancio
2174 4750 2408 4819 Spiritu,
2461 4764 2601 4804 nunc
2633 4757 2687 4803 et
2712 4762 2952 4818 semper,
2984 4756 3039 4803 et
3066 4748 3123 4802 in
3148 4746 3346 4802 saicula
3375 4763 3468 4802 sa:-

1878 4844 2140 4897 culorum.
2178 4843 2371 4895 Amen.

190 4965 3492 4999 W

1578 5052 1927 5113 HOMILIA
1995 5051 2080 5110 X.

183 5192 310 5248 CAP.
350 5194 404 5249 5.
452 5209 505 5247 v.
554 5192 641 5248 η.
686 5190 967 5261 Pr0pterea
1014 5192 1144 5246 sicut
1190 5209 1279 5262 per
1325 5210 1483 5247 unum
1528 5196 1781 5249 hominem

256 5296 516 5356 peccatum
538 5286 591 5339 in
619 5284 863 5338 mundum
893 5284 1119 5350 intravit,
1147 5294 1192 5339 et
1214 5303 1303 5355 per
1325 5298 1588 5356 peccatum
1616 5306 1783 5343 mors:

257 5380 327 5431 sic
374 5387 417 5431 et
464 5378 716 5431 inmunes
763 5376 990 5430 homines
1038 5394 1171 5431 mors
1211 5380 1526 5448 pertransiit,
1585 5381 1637 5433 in
1683 5398 1783 5451 quo

260 5485 429 5523 omnes
478 5478 827 5538 peccaverunt.

263 5562 312 5612 i.
356 5559 814 5625 Quemadmodum
841 5560 1027 5629 Optimi
1058 5560 1250 5615 medici
1284 5562 1519 5617 radicem
1569 5580 1784 5632 semper

195 5651 502 5704 morborum
528 5651 829 5719 explorant,
869 5662 923 5705 et
951 5652 1014 5712 ad
1046 5654 1216 5721 ipsum
1251 5654 1372 5707 tituli
1403 5653 1603 5707 fontem
1635 5670 1783 5710 scm-

198 5757 288 5811 per
312 5744 527 5796 veniunt
557 5762 571 5798 :
600 5744 675 5798 sic
706 5754 756 5797 ct
778 5745 963 5798 beatus
994 5746 1209 5799 Paulus.
1236 5747 1365 5799 Cum
1390 5748 1613 5802 dixisset
1635 5749 1777 5802 enim

199 5849 295 5889 nos
317 5836 629 5906 justiticatos
662 5837 841 5900 fuisse,
871 5837 1027 5909 idque
1055 5839 1375 5894 ostendisset
1396 5856 1422 5894 a
1451 5840 1771 5911 patriarcha,

508 5947 781 6006 Parnm.
830 5948 948 6006 Gn.
997 5946 1128 6008 LX.

1889 5211 1917 5249 a
1949 5194 2149 5263 Spiritu
2177 5200 2230 5249 et
2256 5210 2286 5249 a
2331 5201 2504 5249 morte
2539 5192 2737 5247 Christi
2789 5190 3004 5260 (neque
3042 5189 3184 5244 enim
3236 5194 3480 5244 mortu’us

1888 5286 2106 5351 fuisset,
2160 5285 2265 5341 nisi
2308 5285 2698 5355 justiﬂcaturus
2735 5282 2925 5351 esset)
2980 5298 2992 5335 :
3036 5280 3226 5350 probat
3264 5279 3481 5333 demum

1887 5374 2103 5433 aliunde
2153 5392 2238 5443 ea,
2282 5391 2401 5447 qua:
2431 5391 2527 5445 per
2554 5375 2670 5429 haec
2698 5373 3182 5435 demonstraverat,
3216 5379 3271 5425 et
3297 5385 3326 5423 a
3350 5385 3486 5425 cono

1890 5471 2067 5525 trariis
2098 5470 2428 5539 propositum
2458 5475 2720 5533 statuens,
2750 5464 2803 5519 id
2834 5471 2937 5530 est,
2969 5477 2998 5516 ι
3028 5469 3201 5517 morte
3228 5470 3285 5516 et
3307 5474 3337 5514 a
3362 5474 3487 5529 pec-

1886 5572 2044 5628 cato,
2093 5562 2285 5631 quierit
2325 5557 2596 5629 quomodo
2637 5567 2686 5613 et
2719 5556 2861 5611 unde
2892 5568 3040 5608 mors
3070 5551 3369 5617 intraverit,
3422 5560 3482 5607 et

1887 5670 1989 5723 qua
2032 5654 2236 5707 ratione
2260 5652 2531 5706 dominata
2563 5648 2743 5705 fuerit.
2775 5643 3059 5714 Quomodo
3084 5657 3214 5715 ergo
3255 5641 3485 5696 intravit

1892 5760 2059 5811 mors,
2088 5754 2142 5799 et
2169 5744 2437 5799 dominata
2468 5743 2593 5797 est?
2643 5741 2744 5795 Per
2790 5746 3067 5810 peccatum
3111 5736 3293 5791 unius.
3340 5730 3483 5801 Quid

1887 5838 1985 5892 Sibi
2021 5836 2131 5891 vult
2161 5834 2310 5901 illud,
2340 5832 2403 5887 In
2442 5850 2539 5905 quo
2578 5848 2749 5887 omnes
2775 5828 3149 5902 peccaverunt?
3176 5824 3277 5883 illo
3305 5824 3478 5891 lapso.

3072 5928 3153 5991 30
