4108 6340
698 445 800 499 478

699 562 732 612 ii
774 561 953 622 etiam,
1000 553 1086 624 qui
1125 551 1192 606 de
1235 550 1376 620 ligno
1404 563 1505 602 non
1532 545 1894 608 eumederaut,
1941 540 2112 595 effecti
2141 547 2263 606 sunt

699 668 767 706 ex
799 651 886 704 illo
901 661 1092 703 omnes
1120 643 1387 699 mortales.
1417 641 1501 695 l5.
1536 638 1702 708 Usque
1726 636 1791 690 ad
1812 637 1968 703 legem
1997 634 2127 685 enim
2155 647 2269 698 pec-

700 755 864 795 catum
893 749 999 793 erat
1025 740 1078 791 itt
1111 736 1293 790 mundo
1315 751 1333 787 :
1362 740 1621 803 percatum
1649 738 1815 782 autem
1843 742 1940 779 non
1964 726 2264 789 imputatur,

698 851 813 886 cum
847 841 1048 885 nonest
1081 828 1181 883 lex.
1214 825 1362 887 illud,
1397 823 1566 891 Usque
1585 822 1651 874 ad
1681 822 1858 890 legem,
1900 815 2109 884 quidam
2138 824 2268 866 tent-

701 939 801 992 pus
839 920 965 975 illud
998 920 1064 974 ab
1094 920 1206 987 ipso
1236 915 1452 969 indicari
1486 921 1691 983 putant,
1740 907 1878 978 quod
1923 915 2045 959 ante
2091 905 2266 972 legem

704 1013 881 1066 (latam
916 1011 1037 1074 luit;
1081 1022 1271 1076 nempe
1300 1020 1405 1075 quo
1433 1003 1587 1064 Abel,
1621 1001 1732 1055 Noe
1757 1009 1810 1053 ct
1835 995 2095 1050 Abraham
2124 997 2270 1047 vixcu

700 1112 842 1167 rtmt,
873 1102 1039 1156 donec
1065 1100 1275 1169 Moyses
1303 1106 1455 1150 natus
1485 1103 1583 1148 est.
1630 1089 1782 1158 Quod
1826 1103 1955 1157 ergo
2003 1097 2124 1138 tunc
2155 1090 2269 1137 erat

702 1191 1008 1260 peccatum?
1036 1187 1259 1256 Quidam
1281 1186 1482 1248 dicunt,
1509 1181 1633 1236 illud
1661 1179 1799 1249 quod
1829 1180 1880 1231 in
1910 1177 2149 1246 paradiso
2175 1172 2269 1226 ad-

702 1283 919 1335 missum
952 1289 1033 1334 est
1067 1276 1350 1346 signiticari
1390 1293 1402 1327 :
1435 1271 1667 1327 nondum
1699 1272 1839 1324 enim
1869 1277 1984 1321 erat
2013 1266 2264 1327 solutum,

701 1374 889 1442 inquit,
942 1370 1035 1425 scd
1084 1371 1198 1438 ejus
1235 1365 1441 1420 fructus
1486 1364 1711 1418 llorehat
1739 1379 1750 1414 :
1783 1376 1903 1414 nam
1933 1371 2266 1412 communem

705 1464 846 1518 illam
881 1471 1100 1515 tnortcm
1129 1459 1318 1523 attulit,
1340 1473 1457 1526 qua:
1479 1454 1846 1510 dominabatur
1865 1461 1917 1505 et
1941 1449 2266 1520 tyrannidem

706 1553 1010 1608 exercebat.
1057 1551 1164 1605 Cur
1202 1564 1329 1619 ergo
1358 1546 1645 1615 sulijnngit,
1676 1545 1944 1598 Peccatum
1970 1551 2134 1593 autem
2169 1556 2268 1592 non

701 1649 1001 1714 imputatur,
1031 1660 1144 1696 cum
1170 1658 1266 1694 non
1289 1649 1360 1694 est
1382 1638 1496 1692 lex?
1518 1637 1594 1691 Ex
1615 1636 1916 1705 obiectione
1936 1632 2263 1698 Judatorum,

703 1737 892 1805 inquit,
931 1736 964 1788 ii
995 1734 1082 1802 qui
1116 1732 1388 1785 nobiscum
1435 1727 1670 1784 sentiunt
1717 1736 1770 1780 et
1817 1726 2123 1794 loquuntur,
2166 1722 2268 1776 hoc

703 1830 870 1898 ipsum
918 1825 1157 1894 posuisse
1202 1823 1384 1877 dicunt
1429 1839 1443 1875 :
1493 1817 1632 1889 quod
1663 1819 1839 1873 sinon
1885 1817 1953 1870 sit
1995 1825 2267 1886 peccatum

701 1921 815 1972 sine
861 1919 995 1987 iege,
1043 1915 1309 1987 quomodo
1357 1928 1502 1968 mors
1550 1925 1756 1972 omnes,
1803 1910 1891 1978 qui
1932 1919 2056 1963 ante
2098 1909 2268 1976 legem

701 2021 871 2074 erant,
919 2009 1245 2078 absumpsit?
1295 2007 1421 2061 Mihi
1471 2016 1647 2059 autem
1681 2003 1888 2057 videtur
1916 2002 1987 2067 id,
2019 2001 2156 2072 quod
2184 2001 2267 2055 di-

702 2106 830 2157 ctur'
881 2117 1087 2168 sumus,
1129 2101 1317 2154 rationi
1348 2097 1514 2166 magis
1557 2103 1975 2150 consentaneum
2027 2109 2168 2158 esse,
2214 2101 2269 2147 ct

701 2211 817 2247 cum
840 2192 1126 2263 apostolica
1155 2202 1329 2245 mente
1357 2187 1677 2244 consentire.
1697 2186 1828 2253 Quid
1855 2185 1982 2239 illud
2004 2185 2120 2240 est?
2137 2185 2266 2238 Cum

699 2288 946 2351 dixisset,
976 2299 1144 2350 usque
1175 2283 1240 2335 ad
1267 2281 1434 2351 legem
1466 2287 1739 2348 peccatum
1773 2276 1936 2332 luisse
1966 2276 2018 2330 in
2049 2276 2265 2340 mundo,

700 2377 800 2429 hoc
827 2376 953 2428 mihi
985 2375 1189 2429 ridetur
1213 2374 1409 2438 dicere,
1435 2371 1574 2442 quod
1609 2378 1725 2440 post
1750 2369 1924 2425 datam
1956 2370 2123 2438 legem
2150 2383 2268 2436 pec-

699 2476 870 2519 catum
915 2481 982 2519 ex
1031 2463 1450 2532 transgressione
1490 2472 1664 2516 ortum
1706 2459 2030 2514 dominatum
2064 2459 2165 2524 sit,
2215 2466 2267 2512 et

699 2557 894 2609 tamdiu
924 2555 1246 2608 dominatum
1279 2553 1362 2613 sit,
1395 2552 1564 2606 donec
1597 2551 1682 2605 lex
1711 2558 1853 2605 esset
1880 2567 1894 2604 :
1928 2564 2099 2617 neque
2125 2549 2265 2602 enim

696 2646 988 2699 enitsisterc
1021 2651 1194 2712 potest
1221 2652 1516 2712 peccatum,
1553 2642 1745 2710 inquit,
1774 2656 1891 2693 cum
1923 2641 2005 2693 lex
2031 2655 2133 2693 non
2165 2648 2264 2693 est.

697 2735 750 2787 Si
796 2749 943 2802 ergo,
989 2735 1214 2800 inquies,
1269 2733 1367 2786 hoc
1418 2741 1690 2800 peccatmn
1721 2747 1785 2784 ex
1813 2730 1945 2799 legis
1974 2739 2266 2799 transgres-

699 2828 849 2879 sione
879 2834 1106 2879 mortcm
1136 2825 1358 2893 peperit,
1394 2823 1660 2892 quomodo
1687 2823 1774 2891 qui
1801 2832 1923 2874 ante
1951 2821 2118 2890 legem
2151 2823 2264 2875 t'ueo

701 2924 845 2979 runt,
881 2929 1068 2968 omnes
1095 2915 1286 2968 mortui
1314 2913 1476 2969 sunt?
1517 2913 1570 2968 Si
1597 2913 1737 2966 enim
1780 2927 1843 2966 ex
1877 2921 2093 2980 peccato
2121 2927 2264 2966 mors

695 3006 927 3059 radicem
953 3004 1155 3070 habuit,
1187 3012 1241 3059 et
1267 3004 1314 3058 si
1337 3019 1440 3058 non
1463 3013 1702 3058 exstante
1726 3003 1840 3071 lege
1864 3012 2135 3071 peccatum
2159 3019 2263 3056 non

697 3098 1008 3164 inmutatur,
1032 3095 1298 3165 quomodo
1321 3110 1463 3150 mors
1494 3094 1893 3149 dominabatur?
1918 3093 2067 3148 Unde
2093 3095 2264 3162 palam

694 3195 796 3246 cst,
827 3201 929 3238 non
964 3196 1236 3252 peccatum
1269 3186 1418 3252 illud,
1462 3186 1599 3254 quod
1627 3195 1706 3239 est
1735 3185 1861 3252 legis
1894 3186 2261 3253 transgressio,

698 3277 790 3329 sed
836 3275 960 3329 illud
1004 3277 1188 3330 Adami
1240 3287 1512 3344 peccatum
1564 3276 1953 3335 inobedicntim.
1984 3279 2266 3345 ipsumtnct

699 3369 862 3421 fuisse
911 3367 1051 3436 quod
1098 3367 1271 3421 omnia
1318 3367 1562 3436 perdidit.
1618 3368 1683 3421 Et
1726 3384 1966 3437 qua'nam
2001 3370 2153 3437 hujus
2188 3371 2259 3423 rei

697 3459 937 3525 probatio
985 3458 1106 3511 est?
1154 3458 1304 3524 Quod
1358 3471 1481 3511 ante
1537 3458 1702 3527 legem
1755 3473 1942 3513 omnes
1997 3475 2266 3513 moreren.

699 3559 801 3600 tur.
841 3549 927 3602 14.
965 3549 1207 3618 Regnavit
1237 3549 1368 3601 enim
1401 3564 1552 3611 mors,
1603 3549 1791 3617 inquit,
1839 3549 1896 3600 ab
1933 3550 2092 3602 Adam
2114 3567 2266 3620 usque

697 3638 764 3689 ad
795 3637 1020 3706 Moyscm
1061 3638 1209 3690 etiam
1261 3638 1313 3690 in
1357 3655 1458 3702 eos,
1495 3640 1580 3702 qui
1609 3655 1706 3691 non
1741 3651 2083 3707 peccaverunt.
2119 3643 2264 3708 Qun:

681 3726 854 3798 amodo
881 3727 1160 3796 regnavit?
1178 3726 1242 3780 In
1271 3728 1646 3781 similitudinem
1669 3731 2091 3799 prmvaricationis
2118 3732 2260 3798 Λάαν,

697 3819 780 3885 qui
802 3827 872 3870 est
893 3819 1055 3887 ﬁgura
1075 3819 1250 3887 futuri.
1276 3817 1397 3873 ideo
1419 3821 1558 3873 enim
1584 3829 1737 3889 typus
1759 3830 1840 3874 est
1860 3821 2056 3876 Christi
2073 3824 2261 3877 Adam.

699 3906 992 3973 Quomodo,
1027 3907 1252 3976 inquies,
1279 3907 1467 3976 typus?
1493 3908 1627 3974 Quia
1657 3911 1794 3963 sicut
1824 3912 1910 3965 ille
1934 3926 1997 3964 ex
2030 3925 2087 3966 se
2115 3915 2265 3980 ortis,

701 3996 821 4049 licet
850 4011 952 4050 non
1003 3997 1331 4051 comederint
1357 3997 1422 4051 de
1452 3999 1614 4068 ligno,
1649 4015 1805 4055 causa
1837 4001 1934 4055 fuit
1964 4003 2148 4056 mortis
2177 4020 2269 4074 per

699 4088 873 4141 cibum
909 4088 1056 4143 illum
1087 4088 1316 4144 inducta:
1346 4107 1360 4144 :
1399 4091 1472 4144 ita
1500 4099 1553 4144 et
1578 4089 1818 4146 Christus
1848 4094 1979 4156 suis,
2013 4095 2136 4148 licet
2163 4109 2265 4148 non

697 4179 837 4249 juste
861 4179 1083 4246 egerint,
1105 4179 1324 4248 justitia:
1353 4181 1665 4236 conciliator
1690 4182 1805 4248 fuit,
1841 4200 1996 4252 quam
2030 4201 2120 4253 per
2140 4203 2264 4238 cru-

698 4281 817 4322 ccm
848 4269 1003 4323 nobis
1040 4271 1290 4325 omnibus
1328 4273 1548 4341 largitus
1573 4282 1677 4327 est.
1704 4274 2034 4344 QuaprOpter
2059 4292 2268 4346 semper

704 4366 756 4410 et
785 4359 976 4427 ubique
1008 4358 1131 4413 huic
1160 4360 1235 4414 rei
1264 4360 1480 4426 insistit,
1513 4373 1566 4416 et
1606 4362 1910 4432 frequenter
1941 4366 2039 4419 hoc
2071 4367 2122 4418 in
2155 4382 2266 4420 mc-

702 4447 848 4500 dium
878 4448 1108 4514 adducit,
1143 4448 1327 4503 dicens
1381 4469 1392 4502 :
1446 4471 1465 4502 ‹
1495 4452 1638 4505 Sicut
1667 4468 1758 4521 per
1798 4470 1956 4507 unum
2003 4454 2268 4509 hominem

702 4553 844 4590 mors
873 4538 1083 4591 intravit
1109 4539 1162 4593 in
1190 4539 1444 4593 mundum
1478 4540 1650 4610 (liam.
1675 4543 1727 4597 5.
1759 4542 1874 4612 12);
1903 4562 1922 4594 i
1950 4554 2022 4610 et,
2058 4565 2074 4597 ι
2106 4545 2270 4600 Unius

705 4637 924 4695 peccato
952 4630 1100 4683 multi
1132 4631 1326 4685 mortui
1358 4641 1480 4685 sunt
1512 4631 1671 4700 (Ibid.
1701 4649 1748 4685 υ.
1785 4634 1907 4704 1ὅ);
1941 4654 1958 4686 ι
2001 4645 2072 4698 et,
2108 4656 2124 4687 ‹
2153 4637 2268 4691 Non

703 4719 833 4771 sicut
862 4735 953 4788 per
982 4736 1143 4774 unum
1172 4732 1524 4788 peccatorem,
1557 4724 1623 4776 ita
1656 4725 1887 4792 donum;
1921 4746 1938 4778 ι
1973 4739 2043 4791 et,
2080 4730 2270 4784 110(Ιὶ-

705 4811 842 4860 cium
873 4826 932 4862 ex
962 4826 1065 4863 uno
1092 4813 1142 4865 in
1171 4813 1666 4869 condemnationem
1694 4833 1708 4879 ;
1745 4836 1762 4868 ›
1813 4828 1866 4871 et
1909 4834 2113 4883 rursus,
2168 4840 2184 4872 ‹
2214 4821 2267 4876 Si

704 4898 842 4950 enim
872 4913 963 4965 per
991 4901 1143 4954 unius
1169 4900 1419 4955 delictum
1451 4921 1595 4958 mors
1625 4909 1859 4975 regnavit
1887 4925 1980 4978 per
2007 4926 2168 4964 unum
2198 4928 2210 4975 ;
2246 4931 2262 4963 ι

705 4998 777 5052 ct,
809 5007 826 5040 ι
853 4989 1031 5058 Itaque
1062 4991 1104 5044 si
1137 5006 1230 5059 per
1262 4993 1417 5046 unius
1445 4994 1730 5063 delictum;
1763 5017 1781 5049 ι
1816 5009 1869 5053 et
1895 5017 2122 5067 rursum,
2161 5004 2270 5057 «Si.

705 5087 792 5131 ent
833 5094 925 5148 per
953 5081 1360 5142 inobedicntiam
1393 5085 1546 5139 unius
1572 5085 1800 5142 hominis
1832 5103 2136 5158 peccatores
2189 5095 2266 5148 ei-

705 5169 822 5222 feeti
849 5178 972 5223 sunt
999 5171 1148 5224 multi
1178 5171 1336 5241 (Ibid.
1371 5191 1415 5227 v.
1448 5176 1512 5229 lG
1543 5179 1749 5247 etsqq.)
1776 5196 1789 5233 :
1823 5199 1840 5232 ι
1876 5196 2044 5251 neque
2073 5185 2139 5237 ab
2169 5185 2270 5238 hoc

707 5276 814 5312 uno
840 5261 1079 5327 desistit;
1125 5272 1181 5316 ut
1204 5279 1320 5318 cum
1353 5267 1446 5320 tibi
1478 5268 1674 5324 dixerit
1701 5270 1938 5338 Judzcus,
1995 5276 2270 5343 Quomodo

711 5366 813 5401 uno
847 5351 1061 5406 Christo
1107 5364 1252 5410 recte
1300 5367 1574 5425 operante,
1604 5363 1746 5416 orbis
1777 5366 2000 5420 salutem
2033 5379 2109 5422 est
2140 5371 2268 5423 ade-

710 5443 868 5507 ptus?
917 5445 1088 5512 possis
1118 5445 1213 5513 ipsi
1241 5446 1418 5502 dicere
1446 5468 1458 5501 :
1489 5450 1765 5516 Quomodo
1797 5473 1900 5511 uno
1933 5459 2269 5518 inobedicnte

708 5531 934 5598 Adamo,
970 5535 1112 5589 orbis
1142 5537 1522 5595 condemnatus
1549 5542 1668 5596 est?
1694 5561 2009 5617 quamquam
2037 5566 2140 5605 non
2176 5569 2269 5622 par

704 5623 771 5675 sit
806 5633 1076 5691 pcccatmn
1119 5628 1319 5694 gratiae,
1353 5645 1448 5685 nec
1473 5647 1564 5701 par
1593 5635 1658 5688 sit
1685 5652 1828 5692 mors
1852 5641 1992 5705 vitae,
2025 5660 2121 5698 nec
2152 5645 2266 5700 dia-

705 5714 855 5770 bolus
886 5718 1013 5781 Deo,
1045 5720 1134 5772 sed
1164 5721 1474 5777 immensum
1506 5727 1574 5781 sit
1597 5728 1900 5786 discrimen.
1947 5735 2078 5790 Cum
2108 5738 2264 5807 igitur

706 5814 758 5858 et
789 5821 849 5860 ex
881 5820 1066 5867 natura
1094 5811 1186 5876 rei,
1222 5821 1270 5868 ct
1301 5828 1327 5865 a
1369 5829 1481 5870 rem
1519 5820 1854 5890 suscipientis
1896 5835 2174 5897 potestate,
2211 5843 2264 5887 et

1494 435 1546 488 S.
1602 427 1873 487 JOANNIS
1911 420 2378 481 (IllRYSOSTOMI
2419 420 2734 477 AllClllEP.
2775 420 3302 478 CONSTANTINOP.

3850 422 3950 478 476

2367 533 2434 586 ab
2465 534 2578 602 ipso
2603 533 2798 589 decoro
2830 554 2842 590 :
2871 536 2978 592 Deo
3005 539 3197 607 quippe
3225 535 3389 590 multo
3414 534 3699 592 decentius
3725 545 3812 591 est
3838 553 3948 591 ser-

2372 640 2514 690 vare,
2575 642 2732 694 quam
2767 629 2950 695 punire
2980 648 2994 682 :
3025 643 3146 682 cum
3173 644 3232 682 ex
3255 627 3606 696 his,inquam,
3636 628 3950 698 praestantia

2369 726 2423 770 ct
2451 717 2666 769 victoria
2702 719 2954 784 pariatur,
2990 735 3168 788 quam,
3213 735 3413 789 qurcso,
3444 719 3847 774 incredulitatis
3874 737 3952 772 ra-

2372 806 2566 860 tiOncm
2596 807 2828 860 habeas?
2872 809 3024 873 Quod
3070 810 3230 877 igitur
3266 809 3317 863 id
3349 808 3490 880 quod
3516 807 3719 863 factum
3758 819 3846 865 est
3873 825 3951 863 ra-

2373 898 2513 950 tione
2544 898 2757 962 nitatur,
2799 898 3032 952 ostendit
3067 899 3292 954 dicens:
3330 919 3347 951 ι
3383 901 3465 955 15.
3509 899 3615 955 Sed
3657 915 3769 955 n0u
3815 902 3949 955 sicut

2371 987 2643 1055 delictum,
2674 989 2742 1042 ita
2773 997 2825 1043 et
2852 989 3072 1046 donum.
3119 988 3175 1043 Si
3207 991 3350 1044 enim
3385 993 3537 1044 tutius
3569 990 3774 1046 delicto
3799 993 3949 1046 multi

2372 1080 2562 1131 mortui
2594 1089 2735 1144 sunt,
2767 1079 2933 1133 multo
2960 1081 3126 1148 magis
3147 1082 3314 1150 gratia
3343 1081 3432 1134 Dei
3453 1093 3502 1135 et
3532 1084 3735 1137 donum
3769 1085 3820 1137 in
3845 1101 3949 1152 gra-

2373 1171 2440 1222 tia
2471 1170 2626 1224 unius
2651 1171 2879 1224 hominis
2909 1170 3033 1226 Jesu
3057 1172 3251 1226 Christi
3283 1174 3333 1225 in
3363 1173 3540 1242 plures
3573 1174 3896 1231 abundavit.
3930 1197 3946 1228 ι

2371 1261 2424 1316 Id
2448 1273 2548 1328 cst,
2576 1264 2619 1317 si
2649 1272 2920 1332 peccatum
2955 1274 3152 1317 tantmn
3185 1266 3366 1329 valuit,
3395 1274 3554 1334 atque
3586 1269 3746 1322 unius
3784 1268 3948 1323 homi-

2374 1354 2454 1407 nis
2483 1365 2754 1423 peccatum
2779 1373 2792 1418 ;
2823 1357 3010 1425 gratia,
3059 1357 3167 1410 imo
3199 1357 3288 1412 Dei
3320 1359 3506 1427 gratia,
3534 1374 3632 1414 nec
3659 1361 3827 1414 modo
3853 1362 3948 1415 l’a-

2372 1450 2483 1512 tris,
2514 1450 2605 1502 scd
2637 1450 2794 1502 etiam
2826 1449 2963 1512 Filii,
3015 1453 3282 1520 quomodo
3307 1468 3410 1505 non
3450 1452 3608 1523 longe
3635 1456 3951 1524 superabit?

2369 1542 2470 1596 hoc
2500 1544 2640 1596 enim
2673 1545 2837 1596 multo
2893 1545 3058 1613 magis
3104 1547 3291 1601 rationi
3335 1561 3648 1601 consonum.
3704 1549 3948 1604 Alterum

2369 1635 2507 1688 enim
2549 1651 2642 1704 pro
2686 1638 2852 1689 altero
2897 1652 3079 1706 prunas
3111 1639 3238 1692 dare
3261 1680 3274 1702 ,
3327 1654 3432 1693 non
3462 1655 3670 1709 arqnu..t
3704 1642 3944 1706 videtur;

2368 1725 2594 1778 alterum
2623 1741 2749 1781 vero
2772 1737 2989 1796 prepter
3015 1728 3244 1782 alterum
3277 1732 3500 1796 servari,
3527 1733 3576 1786 id
3607 1745 3758 1788 certe
3781 1737 3949 1805 magis

2368 1813 2620 1869 decorum
2656 1825 2707 1871 ct
2733 1827 3166 1873 consentaneum.
3197 1820 3252 1875 Si
3282 1835 3409 1890 ergo
3443 1823 3592 1892 illud,
3627 1826 3802 1880 multo
3834 1842 3947 1882 ma-

2368 1906 2450 1974 gis
2478 1907 2577 1960 hoc
2609 1909 2800 1962 lactent
2831 1918 2933 1966 est.

2437 1998 2489 2052 2.
2520 1999 2669 2066 Quod
2699 2015 2829 2070 ergo
2856 2002 2906 2057 id
2926 2002 3176 2060 decorum
3208 2015 3263 2062 et
3286 2023 3585 2079 congruens
3613 2011 3705 2076 sit,
3737 2011 3824 2067 his
3859 2014 3948 2068 ille

2372 2092 2612 2158 probarit
2641 2110 2654 2145 τ
2683 2093 2775 2147 illo
2800 2097 2941 2150 enim
2965 2111 3413 2167 commonstrato,
3449 2103 3548 2158 hoc
3574 2116 3764 2175 postea
3791 2106 3948 2163 facile

2369 2182 2745 2237 admittebatur
2779 2204 2791 2238 :
2824 2188 2964 2255 quod
2993 2205 3122 2244 vero
3152 2191 3310 2245 etiam
3339 2197 3734 2262 necessarium,
3769 2213 3833 2255 ex
3864 2214 3948 2254 se-

2369 2275 2653 2341 quentibus
2683 2277 2887 2343 probat.
2911 2280 3190 2346 Quomodo
3211 2283 3260 2337 id
3284 2286 3515 2353 probat?
3547 2288 3634 2342 l6.
3665 2287 3791 2342 Non
3823 2293 3948 2345 sicut

2371 2384 2460 2435 per
2486 2385 2637 2420 untun
2669 2383 2972 2438 peccantem,
2999 2375 3067 2426 ita
3088 2386 3131 2427 ct
3163 2377 3351 2430 donum
3369 2422 3382 2445 ,
3411 2381 3582 2450 inquit
3613 2400 3628 2436 :
3659 2399 3782 2435 nam
3803 2385 3947 2450 iudi-

2369 2461 2502 2512 cium
2533 2463 2731 2530 quidem
2753 2481 2815 2516 cat
2839 2481 2938 2518 uno
2967 2467 3017 2519 in
3044 2472 3506 2525 condemnationem
3528 2489 3550 2536 ;
3573 2477 3757 2543 gratias
3778 2488 3945 2531 autem

2369 2567 2431 2604 ex
2459 2554 2628 2605 multis
2668 2556 2859 2609 delictis
2888 2557 2939 2610 in
2974 2560 3408 2627 justi/icatiouem.
3452 2563 3654 2634 Ecquid
3699 2568 3801 2622 hoc
3845 2569 3945 2623 sibi

2367 2643 2477 2694 vult
2499 2644 2520 2695 ?
2546 2643 2694 2710 Quod
2728 2659 3001 2714 peccatum
3031 2660 3253 2705 mortetn
3284 2662 3336 2707 et
3366 2653 3762 2712 damnationem
3794 2659 3946 2714 indu—

2368 2750 2490 2789 cere
2525 2741 2792 2804 potuerit;
2824 2743 2989 2810 gratia
3023 2758 3148 2798 vero
3178 2763 3280 2797 non
3315 2748 3443 2801 illud
3473 2750 3631 2804 modo
3660 2762 3942 2820 peccatum

2366 2828 2643 2884 ab‘stulerit
2674 2872 2690 2896 ,
2719 2832 2812 2886 scd
2843 2835 2945 2887 alia
2987 2851 3199 2907 quoque
3247 2841 3424 2894 omnia
3456 2882 3471 2906 ,
3503 2857 3622 2912 qua:
3663 2855 3786 2914 post
3816 2846 3945 2902 illud

2365 2919 2595 2975 admissa
2628 2931 2770 2977 sunt.
2799 2924 2875 2978 Ne
2907 2927 3048 2980 enim
3085 2929 3234 2995 illud,
3265 2932 3413 2999 sicut,
3448 2943 3501 2988 et
3531 2936 3686 3002 illud,
3711 2939 3808 3003 ita,
3837 2953 3946 3009 pa-

2367 3025 2477 3064 rcm
2521 3013 2832 3070 inducet-ent
2875 3017 3137 3075 bonorum
3179 3033 3232 3076 et
3274 3025 3531 3081 malorum
3582 3044 3942 3096 mensuram;

2368 3119 2499 3156 neve
2527 3117 2740 3173 putares
2769 3149 2781 3172 ,
2825 3112 3000 3164 audita
3029 3114 3217 3168 Adami
3261 3132 3392 3172 voce
3419 3160 3432 3180 ,
3465 3119 3633 3187 ipsius
3663 3121 3947 3180 dumtaxat

2367 3208 2637 3264 peccatum
2661 3199 2956 3255 abstersum
2987 3220 3127 3270 esse,
3159 3207 3284 3262 dicit
3311 3211 3398 3264 ille
3419 3212 3607 3268 delicta
3632 3217 3797 3271 multa
3818 3220 3945 3274 sub—

2367 3288 2468 3340 lata
2498 3290 2677 3344 fuisse.
2715 3291 2984 3347 Undenam
3019 3295 3119 3351 hoc
3146 3299 3308 3367 liquet
3328 3301 3492 3369 ?Quia
3512 3317 3629 3374 post
3661 3308 3946 3365 innumera

2366 3381 2449 3434 illa
2475 3392 2829 3456 peccata,qu:e
2845 3396 2958 3454 post
2978 3390 3103 3445 illud
3123 3391 3171 3443 in
3190 3393 3433 3461 paradiso
3447 3395 3738 3452 admissum
3758 3416 3949 3471 sequu-

2368 3484 2415 3525 ta
2439 3485 2580 3541 sunt,
2607 3479 2656 3530 in
2683 3480 3114 3548 justiﬁcationem
3143 3499 3227 3538 res
3253 3485 3475 3540 deducta
3503 3497 3602 3542 est.
3640 3489 3736 3545 Ubi
3764 3504 3945 3548 autem

2365 3576 2445 3620 est
2466 3568 2690 3636 justitia,
2727 3571 2796 3625 ibi
2826 3573 2925 3626 vita
2954 3583 3002 3627 et
3035 3576 3234 3630 inlinita
3264 3578 3399 3632 bona
3432 3583 3736 3637 necessario
3762 3600 3948 3642 conse-

2365 3669 2615 3728 quuntur;
2641 3663 2775 3715 sicut
2802 3664 2887 3717 ulti
2912 3675 2991 3718 est
3017 3678 3309 3734 peccatum,
3343 3671 3414 3726 lbi
3442 3687 3583 3726 mors
3607 3689 3823 3744 quoque
3839 3688 3945 3730 est.

2435 3755 2644 3808 Justitia
2671 3760 2782 3810 vita;
2810 3759 2979 3812 radix.
3006 3788 3077 3799 —
3105 3761 3315 3816 Justitia
3347 3765 3488 3818 enim
3515 3765 3637 3834 plus
3670 3777 3754 3821 est
3779 3784 3940 3838 quam

2369 3847 2476 3898 vita
2508 3887 2519 3908 ,
2547 3848 2974 3917 quandoquidem
3003 3853 3151 3906 radix
3181 3853 3302 3907 vita:
3330 3865 3428 3908 est.
3457 3857 3608 3923 Quod
3638 3859 3801 3927 igitur
3829 3863 3947 3929 plu-

2370 3937 2501 3989 rima
2532 3939 2739 3992 inducta
2763 3940 2869 3992 sint
2893 3939 3051 4007 bona,
3085 3958 3258 4013 neque
3289 3946 3413 3999 illud
3444 3941 3602 4000 modo
3624 3961 3904 4016 peceatum
3929 3994 3943 4012 ,

2369 4028 2460 4080 Sed
2489 4030 2646 4082 etiam
2678 4041 2868 4085 cetera
2895 4035 3070 4088 omnia
3094 4035 3301 4090 sublata
3329 4037 3453 4103 sint,
3479 4039 3529 4094 id
3551 4041 3663 4109 ipse
3687 4041 3943 4097 declarat:

2372 4118 2546 4171 Gratia
2574 4137 2635 4172 ea:
2665 4122 2833 4174 multis
2863 4123 3060 4178 delictis
3099 4126 3166 4178 ad
3202 4128 3636 4196 justiﬁeationem.
3673 4132 3830 4188 Unde
3857 4152 3947 4190 tte-

2369 4213 2600 4265 ccssario
2630 4215 2756 4267 illud
2789 4231 2998 4285 quoque
3027 4226 3296 4273 ostensum
3317 4230 3416 4288 est,
3441 4233 3668 4277 mortem
3693 4227 3945 4283 radicitus

2370 4307 2604 4357 avulsam
2633 4305 2813 4360 fuisse.
2843 4308 3176 4363 Prohandnm
3205 4328 3331 4367 vero
3356 4325 3540 4382 restat,
3573 4319 3835 4385 quoniam
3869 4337 3946 4374 se-

2371 4397 2602 4450 cmidum
2638 4401 2806 4467 primo
2838 4402 3008 4470 majus
3038 4419 3154 4458 esse
3174 4406 3316 4460 dixit
3343 4447 3358 4470 ,
3387 4418 3446 4461 ut
3475 4408 3576 4464 hoc
3606 4427 3826 4481 quoque
3853 4414 3945 4468 ad-

2372 4497 2623 4543 struatur.
2672 4492 2848 4545 Primo
2897 4495 3094 4565 quippe
3144 4498 3282 4552 dixit
3315 4519 3326 4552 :
3358 4500 3413 4553 Si
3463 4502 3618 4556 unius
3669 4517 3944 4574 peccatum

2373 4594 2558 4633 omnes
2590 4584 2743 4636 morti
2778 4586 3027 4653 tradidit,
3063 4591 3227 4642 multo
3259 4592 3424 4660 magis
3454 4595 3610 4650 unius
3634 4600 3806 4664 gratia
3841 4615 3948 4653 ser-

2375 4687 2498 4726 rare
2529 4677 2719 4740 poterit
2752 4692 2764 4729 :
2802 4688 2981 4745 postea
3013 4682 3288 4746 ostendit,
3323 4699 3426 4736 non
3468 4685 3596 4738 illttd
3630 4688 3793 4742 modo
3825 4707 3944 4759 pec-

2373 4777 2544 4817 eatum
2575 4782 2667 4834 per
2686 4768 2943 4835 justitiam
2967 4773 3230 4826 sublatum
3259 4775 3437 4841 fuisse,
3460 4777 3550 4830 scd
3573 4781 3732 4833 etiam
3757 4795 3943 4837 cetera

2373 4854 2546 4908 innitia
2583 4874 2595 4921 ;
2633 4874 2803 4926 neque
2857 4862 3026 4914 solum
3079 4863 3318 4918 abstersa
3362 4880 3572 4936 peccata
3621 4872 3830 4939 fuisse,
3856 4875 3944 4928 sed

2372 4944 2546 4998 datam
2599 4963 2810 5018 qucque
2857 4951 3017 5005 fuisse
3063 4951 3356 5020 justitiam;
3388 4973 3485 5013 nec
3532 4959 3695 5015 modo
3747 4973 3945 5017 tantum

2375 5039 2632 5104 profuisse
2663 5041 2970 5106 Christum,
3004 5053 3256 5112 quantum
3307 5048 3473 5102 Adam
3507 5064 3767 5108 nocuerat
3801 5099 3816 5117 ,
3858 5061 3946 5108 sed

2377 5128 2527 5199 longe
2555 5132 2741 5196 magis.
2771 5132 2903 5199 Quia
2936 5136 3092 5204 igitur
3121 5146 3260 5192 tanta
3287 5144 3645 5208 pronuntiarit
3678 5187 3694 5210 ,
3727 5148 3812 5202 hic
3841 5164 3945 5201 ma-

2372 5221 2487 5288 jnre
2518 5238 2651 5290 Opus
2689 5235 2772 5277 est
2813 5226 3137 5293 probatione.
3186 5230 3460 5298 Quomodo
3502 5235 3662 5304 igitur
3695 5238 3827 5294 illud
3859 5243 3950 5295 ad—

2377 5315 2528 5366 struit
2556 5317 2578 5366 ?
2615 5317 2696 5369 l7.
2725 5316 2784 5370 Si
2810 5318 2938 5369 enim
2962 5322 3111 5373 unius
3137 5322 3338 5388 delicto,
3373 5325 3540 5395 inquit
3568 5369 3581 5393 ,
3606 5345 3744 5384 mors
3772 5350 3949 5404 regna-

2375 5409 2438 5458 vit
2466 5425 2552 5476 pcr
2577 5425 2730 5461 unum
2753 5451 2766 5473 ,
2794 5411 2947 5464 multo
2970 5415 3129 5484 magis
3154 5417 3190 5468 ii
3217 5457 3231 5482 ,
3263 5420 3349 5486 qui
3378 5417 3746 5476 abundantiam
3777 5429 3951 5495 gratia;

2376 5511 2419 5552 et
2445 5502 2732 5556 donationis
2767 5504 2982 5573 justitia:
3022 5509 3037 5539 ί
3070 5522 3367 5578 acceperunt
3395 5555 3411 5579 ,
3452 5515 3504 5567 in
3533 5516 3637 5569 vita
3669 5523 3951 5588 regnabit”

2377 5610 2460 5660 per
2492 5611 2645 5648 uuunt
2675 5596 2854 5653 Jesurn
2875 5597 3143 5652 Christum.
3180 5601 3232 5654 id
3255 5613 3336 5657 est
3367 5621 3380 5660 :
3409 5607 3534 5676 quid
3559 5620 3793 5666 mortem
3817 5630 3948 5667 eon-

2377 5696 2451 5738 tra
2483 5688 2735 5741 mundum
2758 5700 2920 5744 totum
2939 5694 3161 5746 armavit
3181 5693 3201 5747 ?
3225 5695 3371 5762 Quod
3395 5713 3531 5752 unus
3551 5707 3762 5759 tantum
3791 5705 3949 5761 hoino

2437 5847 2449 5874 ι
2488 5844 2681 5900 Quidam
2707 5845 2895 5894 habent.
2917 5853 2959 5899 ct
2982 5848 3249 5902 (lanationis
3273 5857 3317 5901 et
3331 5855 3556 5912 justttur.
