4112 6352
188 381 297 437 477

188 518 257 574 de
305 520 447 589 ligno
499 518 846 573 comedisset.
886 517 940 573 Si
985 533 1113 585 ergo
1159 532 1302 570 mors
1347 533 1411 571 ex
1461 532 1565 570 uno
1595 514 1790 569 delicto

188 622 395 667 tantam
427 611 532 665 vim
580 612 813 681 accipit;
848 626 966 665 cum
1001 610 1214 680 quidam
1258 609 1460 664 inventi
1502 611 1609 664 sint
1645 650 1657 672 ,
1701 610 1789 678 qui

185 704 362 757 ntulto
391 703 653 772 majorem
690 712 906 772 peccato
939 703 1030 755 illo
1061 702 1285 771 gratiam
1321 712 1374 757 et
1400 701 1663 771 justitiam
1704 716 1792 753 ac-

185 805 459 863 ceperunt
487 838 500 858 ,
533 795 805 865 quomodo
836 807 1081 863 potem-nt
1126 795 1321 850 deinde
1357 796 1516 849 morti
1548 808 1667 847 esse
1696 794 1790 846 nb-

185 886 336 939 noxii
365 888 387 940 ?
420 888 543 942 ideo
574 903 679 940 non
712 887 797 941 hic
824 887 957 941 dixit
991 929 1003 953 ,
1033 888 1257 958 gratiam
1291 930 1304 953 ,
1336 888 1428 943 sed
1464 930 1478 952 ,
1512 887 1791 940 Abundan-

185 980 311 1031 tiatn
345 982 544 1049 gratim.
582 978 697 1032 Non
745 979 903 1033 modo
936 981 1077 1034 enim
1127 988 1384 1049 quantunt
1414 995 1548 1049 opus
1577 988 1694 1033 erat
1723 978 1787 1031 ad

184 1078 473 1138 peccatum
506 1070 800 1124 tollendum
836 1112 849 1136 ,
881 1085 946 1124 ex
978 1072 1145 1141 gratia
1183 1072 1269 1124 illa
1312 1070 1615 1141 accepimus
1640 1112 1653 1134 ,
1694 1069 1789 1123 sed

183 1160 357 1213 multo
405 1161 655 1229 amplius.
699 1160 830 1215 Nam
864 1176 890 1213 a
925 1161 1186 1229 supplicio
1218 1162 1425 1216 liberati
1472 1177 1658 1215 sumus
1690 1202 1703 1225 ,
1734 1170 1789 1214 et

184 1250 486 1318 nequitiam
515 1266 726 1304 omnem
753 1251 1019 1315 exuimus,
1047 1267 1107 1304 ac
1137 1251 1310 1319 primo
1338 1254 1662 1321 regenerati,
1698 1267 1786 1306 re-

182 1344 523 1397 surreximus
549 1386 563 1410 ,
587 1345 795 1413 sepulto
817 1345 985 1398 veteri
1008 1344 1225 1400 homine
1259 1363 1270 1398 :
1305 1345 1569 1415 redempti
1602 1362 1788 1401 sumus

184 1446 235 1490 ct
264 1438 608 1501 sanctitieati,
643 1446 801 1504 atque
833 1437 885 1490 in
915 1437 1259 1507 adoptionem
1289 1439 1505 1493 adducti
1536 1481 1550 1505 ,
1580 1440 1783 1507 justiti-

180 1526 308 1592 cati,
344 1541 409 1579 ac
439 1526 633 1580 fratres
665 1526 934 1597 Uuigeniti
964 1528 1139 1583 effecti
1164 1572 1176 1592 ,
1210 1540 1264 1583 et
1293 1530 1609 1597 coheredes,
1639 1532 1784 1599 ejus-

180 1618 303 1672 dem
331 1620 579 1688 corporis
599 1627 654 1673 et
677 1618 855 1673 carnis
870 1629 1168 1685 consortes,
1200 1621 1339 1675 sicut
1360 1636 1419 1675 ca
1430 1632 1523 1690 put
1547 1625 1781 1692 corpori,

181 1709 250 1762 ita
284 1709 387 1778 ipsi
430 1710 605 1779 juncti
648 1724 854 1765 sumus.
905 1709 1031 1766 Htec
1075 1711 1254 1781 itaque
1284 1714 1459 1767 omnia
1504 1714 1787 1769 abundan-

180 1800 308 1853 tiam
342 1803 530 1870 gratia:
558 1801 761 1856 Paulus
790 1804 1049 1869 vocavit,
1081 1804 1373 1859 ostendens
1402 1820 1500 1859 nos
1531 1805 1785 1876 pharma-

179 1906 301 1944 eum
329 1892 607 1960 accepisse
635 1908 743 1947 non
773 1892 932 1948 modo
959 1908 1059 1964 par
1085 1894 1291 1950 vulneri
1325 1935 1338 1959 ,
1386 1897 1481 1950 sed
1509 1898 1670 1951 etiam
1700 1911 1785 1952 sa-

180 1984 407 2038 nitatem
441 2025 456 2049 ,
520 1984 1021 2053 pulchritudinem,
1078 1985 1382 2053 honorem,
1433 1988 1658 2058 gloriam
1731 1999 1785 2044 et

177 2074 469 2145 dignitates
512 2077 669 2147 longe
709 2087 957 2132 naturam
1002 2088 1240 2134 nostram
1279 2090 1624 2149 superantes.
1652 2081 1784 2148 Qua:

178 2168 389 2236 singula
430 2170 544 2223 sola
588 2179 837 2239 poterant
877 2182 1105 2227 mortem
1149 2174 1399 2229 solvere:
1433 2190 1557 2229 cum
1602 2185 1783 2231 autem

180 2259 365 2312 omnia
413 2261 572 2314 simul
616 2270 987 2329 concurrunt,
1032 2279 1208 2333 neque
1246 2266 1531 2334 vestigium
1562 2307 1577 2334 ,
1606 2282 1783 2337 neque

178 2348 368 2403 umbra
409 2350 552 2404 illius
584 2351 754 2405 videri
786 2361 985 2423 potest,
1019 2368 1137 2409 cum
1161 2354 1421 2410 radicitus
1449 2357 1625 2411 deleta
1655 2357 1773 2413 fue-

180 2441 265 2495 rit.
295 2441 768 2506 Quemadmodum
801 2460 929 2514 ergo
959 2446 1002 2499 si
1026 2447 1144 2516 quis
1166 2446 1439 2503 hominem
1462 2451 1651 2505 obolos
1680 2451 1782 2506 sibi

176 2534 363 2588 decem
400 2534 691 2590 debentem
716 2577 731 2601 ,
764 2538 815 2591 in
845 2553 1115 2595 carcerem
1161 2541 1370 2607 tradat;
1406 2560 1580 2614 neque
1608 2546 1779 2614 ipsum

176 2627 348 2681 solum
378 2668 394 2691 ,
428 2628 523 2682 sed
552 2628 715 2683 etiam
747 2647 972 2687 uxorem
1006 2674 1021 2700 ,
1056 2633 1195 2689 filios
1222 2647 1277 2691 ct
1304 2638 1531 2692 famulos
1560 2649 1781 2709 propter

179 2720 348 2785 ipsum
382 2737 399 2786 ;
429 2721 567 2775 alius
596 2738 725 2777 vero
752 2725 1039 2790 accedens,
1072 2743 1179 2783 non
1212 2728 1399 2785 decem
1428 2733 1781 2789 tantum‘obo-

178 2811 257 2864 los
288 2822 580 2881 numeret,
615 2814 710 2868 sed
733 2816 894 2870 etiam
926 2817 1107 2873 decies
1136 2820 1283 2875 mille
1309 2822 1505 2877 talenta
1529 2826 1644 2877 auri
1678 2866 1693 2891 ,
1727 2833 1783 2880 et

176 2905 415 2958 vinctum
446 2905 495 2957 in
530 2905 707 2975 regias
736 2906 882 2961 :edes
906 2908 1145 2975 inducat,
1180 2919 1344 2981 atque
1373 2913 1423 2966 in
1456 2914 1649 2969 solium
1671 2916 1781 2971 cel-

178 2995 452 3048 sissimum
481 2996 732 3061 collocet,
755 3008 1173 3069 consortemque
1201 3003 1438 3070 supremi
1470 3004 1693 3060 honoris
1724 3015 1779 3062 et

178 3086 483 3155 splendoris
516 3088 736 3152 reddat;
768 3090 857 3157 qui
886 3090 1074 3145 decem
1101 3090 1293 3147 obolos
1320 3096 1775 3164 commodaverat,

178 3195 359 3233 eorum
403 3181 538 3233 ultra
584 3181 858 3236 reminisci
903 3196 1012 3237 non
1061 3184 1299 3252 poterit:
1328 3186 1406 3240 sic
1438 3187 1571 3240 etin
1619 3189 1775 3243 nobis

180 3276 423 3347 contigit.
473 3276 660 3347 Longe
702 3276 858 3347 plura
907 3279 1051 3332 enim
1094 3295 1252 3348 quant
1286 3279 1578 3337 debeamus
1619 3284 1779 3338 solvit

179 3368 445 3436 Christus,
475 3378 530 3424 et
557 3377 705 3424 tanto
744 3370 899 3439 plura
932 3413 946 3434 ,
975 3379 1175 3439 quanto
1208 3372 1527 3427 immensum
1560 3376 1778 3445 pelagus

180 3462 240 3515 ad
262 3463 465 3517 stillam
486 3477 638 3531 aqua:
660 3461 911 3515 collatum
931 3463 1106 3532 majus
1127 3472 1229 3517 est.
1252 3463 1331 3517 Ne
1351 3464 1528 3534 itaque
1541 3465 1775 3531 dubites,

181 3567 211 3605 ο
256 3551 423 3606 homo
454 3594 467 3617 ,
502 3568 621 3607 cum
655 3560 832 3606 tantas
869 3552 1130 3607 bonorum
1178 3552 1391 3607 divitias
1428 3554 1611 3609 videas
1637 3597 1649 3621 ,
1677 3570 1777 3611 nec

181 3660 385 3713 qnteras
416 3644 687 3715 quomodo
736 3645 822 3699 illa
855 3647 1043 3700 mortis
1074 3656 1128 3700 et
1161 3647 1367 3714 peccati
1406 3648 1640 3702 scintilla
1676 3663 1773 3702 ex-

180 3739 365 3791 stincta
391 3738 480 3801 sit,
503 3752 624 3791 cum
645 3737 698 3790 in
721 3738 862 3791 illam
890 3747 967 3791 tot
992 3737 1373 3792 charismatum
1404 3754 1552 3794 mare
1580 3740 1778 3794 immis-

180 3844 291 3883 sum
332 3827 514 3882 fuerit.
546 3828 659 3883 Hoc
680 3828 824 3883 enim
856 3838 911 3883 et
930 3828 1127 3883 Paulus
1150 3828 1508 3901 subindicavit
1537 3830 1726 3886 dicens
1758 3872 1773 3898 ,

184 3919 278 3986 Qui
297 3919 671 3973 abundantiam
696 3920 878 3989 gratias
902 3929 949 3973 et
972 3920 1191 3989 justitiw
1225 3930 1526 3990 acceperunt
1549 3964 1564 3987 ,
1591 3923 1645 3974 in
1671 3923 1775 3975 vita

181 4012 456 4082 regnabant
488 4028 505 4063 :
544 4021 597 4066 et
624 4022 905 4081 postquam
939 4011 1068 4065 illud
1102 4013 1247 4067 clare
1276 4016 1723 4069 eommonstravit
1756 4058 1771 4082 ,

182 4119 365 4159 rursus
404 4103 638 4173 primum
682 4103 1051 4173 syllogismum
1107 4104 1311 4169 refert,
1354 4115 1411 4161 et
1452 4109 1773 4177 repetitione

179 4198 458 4251 confirmat
497 4195 721 4250 dicens:
752 4198 795 4250 si
841 4205 1061 4267 propter
1098 4197 1351 4253 delictum
1400 4200 1540 4254 illius
1587 4216 1773 4256 omnes

179 4287 371 4342 dedere
423 4302 646 4355 ptenas,
683 4287 807 4342 hinc
851 4302 1011 4358 posse
1060 4289 1180 4343 illos
1223 4289 1523 4357 justificari.
1569 4293 1769 4359 Quam-

178 4381 357 4433 obrem
389 4379 500 4432 ait:
529 4378 617 4433 18.
652 4377 819 4449 Igitur
854 4380 986 4432 sicut
1019 4397 1109 4449 per
1135 4382 1287 4435 unius
1322 4382 1563 4436 delictum
1585 4386 1636 4437 in
1658 4402 1769 4439 om-

180 4487 260 4524 nes
291 4472 522 4525 homines
542 4471 611 4523 ad
637 4472 1103 4525 condemnationem
1130 4489 1147 4525 :
1173 4473 1244 4526 sic
1268 4482 1313 4526 et
1336 4491 1426 4543 per
1449 4476 1599 4529 unius
1619 4477 1772 4545 justi-

180 4561 462 4629 ﬂeatiouem
493 4563 543 4614 in
572 4579 744 4615 omnes
770 4562 996 4616 homines
1018 4564 1086 4617 ad
1105 4565 1521 4633 iustiﬁcatioucm
1544 4571 1677 4623 vitae.
1708 4571 1773 4625 Et

179 4651 273 4708 hac
297 4654 364 4707 de
396 4668 452 4706 re
482 4652 671 4706 iterum
700 4663 976 4708 concertat
1001 4655 1082 4707 his
1100 4655 1311 4709 verbis:
1343 4657 1424 4712 l9.
1462 4659 1608 4713 Sicut
1638 4663 1771 4715 enim

180 4762 263 4815 per
280 4748 428 4799 unius
447 4747 665 4799 hominis
681 4745 1070 4799 inobedientiam
1087 4748 1312 4802 homines
1326 4752 1471 4805 multi
1484 4764 1770 4821 peccatores

179 4837 335 4904 effecti
352 4846 496 4891 sunt:
518 4839 589 4891 sic
607 4846 650 4890 et
670 4854 758 4905 per
778 4840 931 4893 unius
949 4839 1283 4893 obedientiam
1304 4843 1433 4911 justi
1460 4846 1770 4899 constituen-

181 4940 256 4982 tur
281 4931 448 4983 multi.
472 4931 550 4983 Ac
574 4931 785 4985 videtur
802 4931 1017 5000 quidem
1042 4928 1241 4986 dictum
1267 4934 1392 4987 illud
1419 4951 1522 4989 non
1553 4952 1769 5005 parvam

181 5023 371 5079 inferre
399 5024 748 5093 quarstionetn
782 5039 797 5088 ;
822 5024 862 5076 si
889 5025 1010 5092 quis
1034 5040 1159 5079 vero
1187 5026 1427 5081 studiose
1456 5030 1767 5097 attenderit,

108 5094 111 5095 ν
180 5114 259 5167 illa
289 5114 447 5169 facile
477 5114 736 5168 solvetur.
771 5115 1028 5180 Quanam
1065 5117 1222 5185 igitur
1268 5117 1356 5170 illa
1386 5119 1611 5187 qurestio
1637 5131 1717 5175 est

181 5205 376 5276 Nempe
403 5206 604 5268 dicere,
642 5221 735 5275 per
763 5206 1182 5261 inobedientiam
1214 5209 1371 5263 unius
1403 5210 1599 5265 multos
1628 5212 1769 5267 efllci

182 5309 502 5366 peccatores.
534 5297 685 5366 Quod
709 5299 853 5352 enim
883 5298 975 5353 illo
1005 5308 1265 5370 peccante
1288 5312 1341 5355 et
1365 5302 1578 5356 mortali
1602 5302 1764 5370 facto,

182 5389 263 5456 qui
286 5405 346 5445 ex
380 5390 470 5443 illo
496 5389 595 5444 orti
625 5398 784 5454 sunt,
820 5392 952 5444 tales
981 5391 1289 5447 efficiantur
1311 5436 1323 5456 ,
1352 5394 1403 5447 id
1431 5409 1461 5448 a
1491 5396 1768 5450 verisimili

185 5497 280 5535 non
313 5483 601 5548 abhorret;
628 5483 770 5552 quod
794 5493 971 5539 autem
992 5500 1056 5539 ex
1082 5486 1444 5541 inobedientia
1471 5488 1611 5542 illius
1632 5490 1769 5544 alter

187 5586 424 5641 peccator
456 5575 575 5638 fiat,
609 5576 661 5629 id
691 5593 850 5645 quam
878 5580 1319 5648 consequentiam
1354 5580 1652 5636 habuerit?
1688 5582 1771 5636 ln-

188 5670 416 5723 \‘ettietur
442 5670 642 5738 quippe
672 5670 761 5724 ille
792 5672 863 5725 ita
894 5686 994 5727 nec
1026 5686 1213 5742 pmnas
1235 5673 1454 5742 debere,
1488 5675 1586 5731 nisi
1616 5691 1680 5732 ex
1710 5691 1769 5732 se

190 5770 426 5829 peccator
453 5760 632 5815 fuerit.

255 5854 301 5906 ὖ.
344 5854 474 5923 Quid
525 5855 682 5925 igitur
738 5854 824 5911 hic
878 5856 1139 5929 signiﬁcat
1192 5860 1321 5916 illud
1353 5903 1366 5929 ,
1413 5859 1767 5917 Percuteret?

1302 382 1363 437 lN
1407 382 1619 435 arma
1666 341 1778 434 ao.

1892 382 1956 434 .‘d.
2001 381 2231 438 llillllL.
2278 383 2342 437 Χ.
3398 392 3512 449 4Ἱὸ

1902 514 2024 569 Mihi
2056 517 2270 586 quidem
2303 520 2554 586 videtur,
2586 526 2851 594 supplicio
2881 527 3152 582 obnoxios
3182 537 3235 583 et
3257 530 3322 583 ad
3349 545 3502 586 mor-

1902 616 2004 660 tem
2036 609 2337 665 damnatos.
2392 614 2543 680 Quod
2578 617 2737 686 igitur
2780 619 2987 673 Adatno
3016 633 3231 675 mortuo
3267 665 3280 688 ,
3311 640 3501 679 omnes

1898 698 2063 752 simus
2096 705 2347 757 mortales
2373 706 2544 759 effecti
2582 750 2595 774 ,
2629 707 2681 762 id
2712 709 2857 765 clare
2881 721 2932 765 ct
2962 711 3206 781 pluribus
3228 718 3452 769 ostendit
3482 737 3495 771 :

1896 793 2036 860 quod
2080 797 2336 862 quaeritur
2380 810 2557 851 autent
2608 810 2727 864 est,
2774 818 2871 857 cur
2917 804 2987 857 ita
3031 804 3229 859 factunt
3261 807 3349 860 sit.
3392 808 3497 860 διὰ

1897 885 2131 938 nondum
2158 887 2285 940 illud
2305 889 2524 957 adjicit;
2560 907 2733 962 neque
2761 896 2902 948 enim
2936 895 2985 949 id
3019 897 3082 950 ad
3111 914 3221 951 rem
3257 914 3495 967 praesen-

1898 985 2003 1031 tem
2038 980 2272 1047 pertinet
2306 1001 2317 1035 :
2358 999 2479 1036 nam
2520 996 2705 1039 contra
2735 986 2980 1043 Judzettm
3005 990 3317 1046 decertatur
3349 1035 3364 1057 ,
3407 996 3495 1062 qui

1894 1065 2098 1121 dubitat
2122 1084 2182 1123 ac
2203 1070 2413 1125 deridet
2443 1075 2586 1128 illam
2611 1092 2709 1163 per
2727 1093 2889 1132 ttnum
2917 1079 3493 1152 Itominemjustitiatn.

1895 1156 2020 1211 ideo
2047 1171 2329 1230 postquam
2361 1156 2953 1238 ostendit'supplieiunt
2987 1172 3054 1225 ab
3086 1190 3191 1227 tuto
3225 1176 3276 1228 in
3304 1192 3495 1236 omnes
3532 1202 3535 1204 ·

1894 1247 2215 1315 derivatum,
2241 1268 2336 1307 cur
2367 1254 2417 1307 id
2447 1255 2643 1312 factum
2675 1260 2763 1323 Sit,
2798 1278 2902 1315 non
2930 1263 3116 1319 addit:
3151 1281 3325 1336 neque
3352 1269 3495 1323 enim

1892 1342 2165 1409 superflue
2199 1345 2437 1414 loquitur
2462 1391 2477 1413 ,
2510 1350 2605 1404 sed
2646 1352 2786 1406 circa
2817 1357 3121 1410 necessaria
3165 1368 3367 1414 tantum
3411 1362 3495 1414 in-

1893 1441 2017 1488 stat.
2054 1435 2164 1491 lloc
2196 1439 2339 1491 enim
2374 1456 2478 1494 non
2509 1444 2677 1513 magis
2704 1446 2874 1513 illum,
2910 1464 3068 1518 quam
3097 1450 3341 1506 Judaaum
3367 1495 3380 1520 ,
3410 1454 3495 1509 di-

1890 1537 2014 1578 cere
2044 1528 2267 1596 cogebat
2297 1533 2650 1587 certaminum
2683 1535 2765 1589 lex
2801 1556 2812 1590 :
2841 1551 3170 1610 quapropter
3201 1559 3311 1598 rem
3344 1546 3493 1600 inso-

1893 1616 2055 1670 lutam
2086 1621 2361 1691 relinquit.
2388 1624 2543 1692 Quod
2586 1628 2629 1681 si
2662 1630 2782 1699 quis
2819 1642 3059 1687 vestrum
3107 1646 3316 1705 qntcrat
3348 1682 3359 1702 ,
3392 1639 3499 1695 hoo

1891 1709 2131 1766 dicemus
2163 1754 2176 1777 ,
2223 1730 2321 1769 nos
2354 1733 2381 1768 a
2413 1730 2588 1773 morte
2621 1720 2925 1789 lutjusutodi
2954 1742 3017 1779 ac
3043 1728 3497 1789 condcmnatione

1893 1816 1995 1855 non
2040 1804 2202 1857 modo
2249 1806 2381 1861 nihil
2430 1809 2588 1864 laesos
2629 1810 2795 1868 fuisse
2824 1856 2838 1877 ,
2871 1815 2915 1868 si
2946 1816 3299 1887 advigilemus
3336 1864 3349 1887 ,
3396 1825 3489 1879 sed

1892 1894 2053 1949 etiam
2080 1896 2318 1954 lucratos
2350 1916 2470 1956 esse
2503 1946 2517 1968 ,
2552 1920 2673 1958 eum
2720 1908 2977 1962 mortales
3019 1910 3196 1966 effecti
3254 1931 3441 1971 sumus
3474 1936 3486 1972 ε

1892 1985 2064 2055 primo
2096 2031 2110 2053 ,
2143 1992 2285 2060 quod
2328 2010 2433 2047 non
2479 1994 2531 2048 itt
2572 2011 2801 2066 corpore
2834 2000 3123 2057 immortali
3156 2020 3443 2075 peccemus
3479 2028 3493 2074 ;

1890 2078 2127 2130 secundo
2158 2121 2171 2146 ,
2206 2082 2345 2150 quod
2400 2085 2709 2141 innumeras
2762 2088 3117 2159 philosophia:
3166 2112 3326 2151 ansas
3372 2099 3512 2155 hinc

1890 2176 2218 2224 mutuemur.
2243 2172 2377 2227 Nam
2404 2188 2461 2229 ut
2489 2179 2705 2232 modum
2732 2195 3030 2248 servemus,
3055 2195 3110 2239 ιιι
3135 2196 3494 2258 temperantes

1892 2258 2061 2313 simus
2093 2269 2146 2315 et
2192 2278 2290 2317 nos
2335 2267 2695 2335 reprimatnus
2727 2311 2741 2336 ,
2776 2281 2942 2341 utque
2973 2278 3041 2328 ab
3074 2280 3217 2332 omni
3252 2282 3485 2350 nequitia

1889 2348 2275 2419 abstineamus,
2312 2364 2363 2408 et
2395 2372 2635 2426 prmseus
2665 2368 2721 2414 et
2751 2374 3063 2431 exspectata
3096 2384 3240 2423 mors
3271 2348 3478 2425 suadet.

1889 2443 1969 2496 Ad
2005 2445 2117 2499 haec
2150 2461 2297 2513 vero,
2331 2449 2437 2503 imo
2461 2450 2639 2519 potius
2666 2463 2791 2509 ante
2826 2455 2958 2521 haec,
2989 2460 3093 2513 alia
3130 2462 3357 2528 plurima
3384 2483 3475 2518 nr;-

1888 2534 1969 2591 his
2001 2538 2178 2593 intulit
2206 2540 2364 2594 bona.
2397 2543 2535 2599 Ilinc
2567 2547 2710 2599 enim
2740 2560 3035 2621 martyrum
3062 2568 3278 2610 coronae
3311 2599 3325 2621 ,
3354 2574 3486 2626 apo.-

1887 2629 2151 2685 stolorum
2186 2632 2366 2688 bravia
2401 2654 2413 2689 :
2444 2637 2521 2691 sic
2545 2638 2676 2693 Abel
2702 2639 3028 2709 justifieatus
3056 2656 3140 2701 est
3166 2690 3179 2712 ,
3212 2650 3290 2703 sic
3319 2650 3493 2705 Abra-

1889 2720 2011 2775 ham
2070 2734 2302 2779 mactato
2351 2726 2462 2782 filio
2493 2770 2506 2795 ,
2538 2730 2618 2786 sic
2658 2729 2897 2789 Joannes
2949 2746 3173 2807 propter
3214 2738 3489 2796 (ΣΙιι-ἰοιιιηι

1886 2813 2117 2878 occisus,
2148 2814 2225 2869 sic
2255 2824 2360 2870 tres
2390 2820 2565 2886 pueri,
2598 2820 2675 2875 sic
2706 2822 2916 2880 Daniel.
2946 2825 3001 2881 Si
3032 2831 3175 2883 enim
3208 2831 3439 2886 velimus
3471 2876 3486 2897 ,

1886 2918 1985 2957 nec
2008 2920 2175 2973 mors,
2206 2923 2305 2962 nec
2334 2908 2448 2978 ipse
2476 2910 2723 2967 diabolus
2751 2916 2907 2971 nobis
2935 2934 3136 2977 nocere
3164 2926 3382 2992 poterit.
3413 2929 3494 2982 Ad

1887 2992 2001 3049 haec
2047 2996 2178 3051 illud
2229 3014 2442 3069 quoque
2498 3002 2603 3057 dici
2639 3014 2853 3073 potest,
2898 3009 3359 3071 immortalitatem
3396 3034 3497 3075 nos

1886 3096 2230 3155 excepturam
2264 3104 2402 3157 esse,
2437 3102 2491 3147 et
2520 3094 2586 3149 ad
2619 3097 2888 3154 modicum
2920 3109 3133 3173 tempus
3163 3107 3489 3178 admonitos,

1887 3174 2078 3231 futuris
2110 3192 2209 3233 nos
2241 3180 2496 3238 fruituros
2549 3199 2669 3240 esse
2718 3188 2878 3245 bonis
2909 3209 2922 3246 :
2954 3206 3238 3266 postquam
3290 3201 3341 3255 in
3394 3174 3493 3261 hac

1885 3273 2013 3335 vita,
2050 3273 2202 3341 quasi
2238 3274 2290 3327 in
2318 3262 2587 3332 litterario
2610 3279 2761 3344 ludo,
2794 3279 3095 3343 ex'morbis
3124 3332 3138 3355 ,
3171 3298 3426 3351 utrumuis
3461 3339 3478 3365 ,

1888 3365 2294 3433 tcntationibus,
2327 3379 2664 3437 paupertate,
2692 3382 2747 3428 et
2772 3375 2910 3442 aliis,
2945 3394 3065 3449 qua:
3081 3385 3263 3451 gravia
3295 3389 3488 3443 viden-

1888 3460 1969 3507 tur
1998 3469 2151 3521 esse,
2186 3458 2410 3513 instituti
2439 3471 2493 3516 et
2522 3464 2703 3519 idonei
2734 3466 2860 3523 facti
2891 3470 3151 3531 fuerimus
3180 3477 3247 3532 ad
3278 3478 3486 3538 futuro-

1885 3560 2001 3599 rum
2033 3547 2295 3603 bonorum
2320 3552 2686 3622 adeptionem.

1955 3637 2065 3692 Lex
2095 3642 2325 3694 morbum
2356 3646 2521 3697 auxit.
2561 3676 2634 3686 -——
2665 3648 2754 3704 20.
2786 3650 2896 3705 Leu:
2922 3662 3092 3709 autem
3138 3660 3443 3718 subiutravit
3470 3708 3484 3731 ,

1887 3741 1940 3784 ut
1967 3733 2252 3787 abundaret
2300 3736 2562 3792 delictum.
2612 3741 2902 3813 Postquam
2949 3749 3094 3803 enim
3143 3755 3382 3810 ostendit
3424 3759 3492 3813 ab

1884 3823 2094 3879 Adamo
2121 3825 2432 3881 damnatum
2463 3830 2648 3885 orbem
2675 3872 2691 3898 ,
2729 3843 2785 3889 et
2813 3851 2840 3889 a
2870 3833 3090 3894 Christo
3116 3845 3288 3900 salute
3320 3847 3490 3904 dona-

1885 3925 1995 3969 tum
2018 3958 2030 3981 ,
2060 3925 2221 3986 atque
2247 3933 2275 3972 a
2303 3921 2569 3989 supplicio
2595 3923 2915 3994 liberatum;
2942 3945 3247 4001 opportune
3278 3937 3344 3993 de
3373 3940 3491 4011 lege

1882 4009 2094 4078 qtncrit,
2120 4012 2429 4080 opinionem
2459 4030 2617 4084 quam
2645 4017 2711 4072 dc
2746 4019 2832 4073 illa
2862 4019 3133 4079 habebant
3155 4009 3491 4097 deprimens.

1883 4100 2000 4155 Non
2035 4104 2196 4158 modo
2228 4106 2369 4159 enim
2398 4148 2412 4173 ,
2446 4108 2653 4178 inquit,
2684 4112 2817 4166 nihil
2851 4114 3049 4181 profuit
3080 4135 3180 4173 nec
3204 4124 3363 4191 juvit,
3395 4128 3490 4182 sed

1883 4194 2043 4248 etiam
2075 4198 2159 4249 illa
2190 4197 2532 4257 subintrante
2561 4212 2749 4257 auctus
2780 4216 2861 4259 est
2889 4209 3131 4266 morbus.
3164 4212 3297 4269 lllttd
3329 4234 3485 4287 vero,

1886 4286 1951 4341 Ut
1976 4330 1989 4353 ,
2019 4288 2104 4342 hic
2134 4304 2241 4345 non
2270 4306 2485 4347 causam
2518 4294 2738 4364 indicat,
2764 4298 2859 4353 sed
2889 4312 3166 4359 eventum.
3196 4307 3311 4363 Non
3342 4286 3486 4367 enim

1882 4379 2006 4433 ideo
2051 4380 2175 4434 data
2229 4391 2345 4448 est,
2399 4385 2824 4453 uLabundaret,
2861 4391 2955 4445 sed
3007 4401 3064 4447 ut
3116 4398 3386 4455 minueret
3436 4414 3491 4458 et

1882 4473 2093 4526 tolleret
2123 4486 2397 4541 peccatum
2426 4493 2437 4540 ;
2472 4479 2798 4533 contrarium
2824 4492 3001 4537 autem
3032 4489 3209 4542 evenit
3236 4531 3250 4555 ,
3285 4507 3389 4545 non
3422 4510 3486 4549 ex

1882 4572 2085 4617 natura:
2128 4565 2241 4635 lege
2266 4608 2281 4632 ,
2313 4566 2405 4620 sed
2435 4583 2496 4621 ex
2526 4568 2906 4638 accipientium
2940 4574 3174 4644 ignavia.
3218 4580 3327 4634 Cur
3360 4600 3489 4639 vero

1880 4671 1986 4710 non
2020 4656 2153 4709 dixit
2179 4700 2191 4719 ,
2224 4657 2334 4711 Lex
2364 4658 2485 4712 data
2520 4670 2635 4725 est;
2666 4663 2791 4727 sed,
2825 4663 2933 4718 Lex
2960 4668 3303 4726 subintrarit?
3328 4675 3487 4730 Τοίην

1880 4765 2176 4819 porancum
2207 4752 2505 4806 ostendens
2560 4754 2704 4808 illius
2740 4772 2892 4809 nsunt
2922 4800 2935 4825 ,
2970 4776 3078 4815 non
3126 4774 3304 4818 autem
3358 4786 3486 4837 pro:

1879 4846 2056 4912 prium
2110 4844 2188 4897 vel
2240 4847 2571 4915 prurcipuum
2602 4866 2612 4900 :
2645 4850 2787 4917 quod
2839 4853 2998 4906 etiam
3047 4856 3098 4909 in
3153 4859 3390 4927 Epistola
3421 4865 3486 4918 ad

1879 4935 2094 4991 Galatas
2147 4936 2365 4991 diverso
2416 4940 2578 4994 modo
2611 4940 2779 4996 dicit:
2815 4943 3100 5016 Antequam
3132 4954 3266 5005 enim
3296 4957 3487 5011 veniret

1879 5030 2005 5098 ﬁdes
2027 5072 2040 5094 ,
2076 5048 2108 5083 a
2152 5032 2259 5102 lege
2285 5073 2300 5098 ,
2335 5033 2546 5103 inquit,
2581 5037 3027 5107 custodiebantur,
3064 5046 3293 5099 conclusi
3319 5050 3388 5101 ad
3418 5052 3487 5116 ﬁ-

1878 5121 2015 5189 dem,
2031 5126 2426 5193 qua'revclauda
2440 5138 2547 5180 erat
2569 5126 2711 5199 (Gal.
2729 5129 2903 5203 5.25).
2928 5132 3110 5204 Itaque
3129 5136 3212 5192 lcx
3236 5156 3341 5193 non
3361 5144 3485 5207 sibi,
3536 5172 3547 5178 -

1879 5218 1972 5272 sed
2003 5218 2155 5272 alteri
2188 5234 2405 5289 gregem
2434 5222 2799 5277 custodiebat.
2838 5225 2971 5292 Quia
3001 5231 3143 5283 enim
3177 5232 3347 5289 Judmi
3380 5237 3484 5291 illi-

1877 5310 2088 5365 berales
2109 5323 2262 5366 erant
2286 5328 2348 5367 ac
2378 5313 2627 5369 dissoluti
2660 5324 2714 5370 et
2743 5317 2807 5370 ad
2835 5318 2945 5387 ipsa
2979 5319 3118 5375 dona
3142 5326 3341 5394 supini,
3368 5327 3487 5384 ideo

1880 5402 1965 5457 lex
1995 5403 2113 5457 data
2144 5414 2227 5458 est
2253 5447 2267 5467 ,
2301 5417 2361 5459 ut
2393 5406 2514 5460 illos
2542 5408 2710 5478 magis
2740 5424 3059 5481 eoargueret
3084 5455 3099 5478 ,
3134 5424 3188 5470 et
3218 5418 3363 5474 clare
3389 5422 3485 5475 do-

1880 5504 2027 5549 ceret
2071 5511 2176 5563 quo
2220 5496 2273 5549 in
2324 5506 2467 5552 statu
2514 5509 2735 5563 essent,
2769 5510 2931 5572 atque
2959 5508 3359 5564 accusationem
3393 5527 3487 5567 au-

1880 5601 2012 5655 gens
2041 5629 2053 5653 ,
2089 5587 2208 5640 illos
2243 5590 2411 5659 magis
2452 5591 2875 5661 constringeret.
2909 5593 3109 5649 Verum
3142 5613 3209 5651 ne
3244 5600 3435 5658 timeas
3470 5624 3483 5657 :

1881 5693 2056 5747 neque
2102 5681 2244 5733 enim
2292 5690 2347 5734 ut
2399 5682 2571 5751 majus
2615 5683 2938 5751 supplicium
2990 5697 3175 5754 esset,
3209 5691 3257 5745 id
3288 5693 3486 5753 factum

1882 5780 1966 5825 est
1990 5814 2003 5839 ,
2052 5773 2147 5827 sed
2180 5784 2237 5828 ttt
2269 5774 2443 5845 major
2472 5786 2760 5845 appareret
2806 5779 2997 5849 gratia.
3050 5782 3178 5838 ldco
3225 5786 3485 5858 subjicit:

1890 5863 1929 5919 L’
1937 5864 1985 5919 bi
2030 5865 2304 5921 abundavit
2359 5878 2621 5933 peccatum
2644 5910 2658 5925 .
2690 5872 3120 5932 superabundavit
3151 5888 3339 5949 gratia.
3369 5883 3485 5941 Non
