4108 6340
654 343 754 399 679

654 459 826 522 dixit,
856 454 1193 521 Abundavll;
1224 452 1319 509 sed
1346 494 1361 519 ,
1396 447 1857 521 Supcrabuudarit.
1905 444 2021 500 Non
2067 440 2225 498 modo

653 550 793 604 enim
844 563 873 601 τι
920 546 1182 617 supplicio
1221 545 1493 605 liberavit,
1540 541 1632 595 sed
1678 539 1839 593 etiam
1887 543 2222 606 peccatorum

655 638 1025 695 remissionem
1073 645 1126 690 et
1165 636 1327 689 vitam
1377 632 1558 695 dedit,
1608 630 1816 699 aliaque
1860 629 2017 681 etiam
2045 667 2059 691 ,
2106 640 2225 694 qua:

650 744 791 797 stupe
821 729 1051 781 diximus
1080 745 1092 780 :
1124 741 1186 780 ac
1219 726 1262 779 si
1294 725 1408 793 quis
1441 721 1825 776 febricitantem
1858 731 1961 771 non
1994 714 2163 768 solum
2194 728 2221 766 a

658 820 842 875 morbo
871 818 1158 883 liberaret,
1187 815 1279 871 sed
1325 814 1481 869 etiam
1517 812 1809 865 formosum
1829 850 1842 873 ,
1877 806 2064 860 fortem
2084 847 2096 869 ,
2130 806 2225 857 ho—

653 922 897 967 noratum
927 911 1213 972 redderet;
1244 917 1334 962 aut
1362 906 1682 961 esurientem
1715 918 1816 956 non
1851 899 2008 954 modo
2033 897 2220 960 aleret,

654 1004 749 1058 sed
789 1004 969 1057 multis
1019 1000 1258 1072 pecuniis
1308 999 1567 1062 donaret,
1618 1004 1774 1063 atque
1826 992 1890 1047 ad
1941 990 2219 1060 imperium

653 1094 943 1147 maximum
970 1092 1237 1148 evelleret.
1278 1090 1343 1143 Et
1372 1085 1638 1159 quomodo
1658 1127 1672 1150 ,
1707 1083 1912 1153 inquies
1936 1124 1950 1147 ,
1980 1080 2220 1134 abunda-

654 1186 730 1239 vit
778 1183 1072 1240 delictum?
1101 1182 1380 1236 lnnumera
1427 1178 1573 1234 dedit
1626 1177 1707 1231 lex
1756 1184 2019 1246 praecepta
2053 1190 2065 1225 :
2098 1174 2220 1241 quia

651 1291 781 1345 ergo
807 1275 894 1330 illa
916 1274 1093 1329 omnia
1122 1269 1438 1341 transgressi
1465 1278 1607 1334 sunt,
1632 1266 1919 1322 abundavit
1944 1264 2216 1319 delictum.

650 1365 836 1419 Viden'
863 1373 1118 1435 quantum
1148 1363 1355 1417 intersit
1381 1361 1602 1430 gratiam
1628 1360 1765 1414 inter
1790 1368 1842 1412 et
1871 1354 2083 1426 legero?
2110 1354 2219 1408 Lex

648 1460 790 1510 enim
841 1457 1261 1511 additamentum
1306 1452 1662 1509 damnationis
1717 1450 1853 1506 facta
1902 1458 2019 1504 est:
2050 1449 2217 1519 gratia

648 1563 776 1603 vero
804 1546 928 1601 doni
969 1545 1338 1601 redundantia.

717 1638 770 1692 4.
811 1638 1097 1708 Postquam
1128 1638 1443 1691 immensum
1474 1635 1567 1689 Dei
1595 1649 1721 1704 erga
1747 1648 1843 1687 nos
1872 1632 2103 1687 studium
2135 1632 2215 1685 di-

650 1738 834 1795 xerat,
868 1742 1053 1782 rursus
1099 1728 1285 1797 qumrit
1316 1726 1631 1797 principium
1659 1735 1713 1780 et
1756 1725 1988 1779 radicem
2031 1722 2217 1778 mortis

649 1829 703 1872 et
730 1822 871 1876 vitm.
904 1820 1155 1885 Quantam
1182 1819 1339 1888 igitur
1362 1819 1549 1872 mortis
1573 1816 1721 1872 radix
1752 1818 1870 1871 est?
1898 1816 2215 1871 Peccatum:

647 1910 769 1964 ideo
799 1910 967 1966 dixit:
996 1909 1087 1964 21.
1124 1909 1191 1964 Ut
1219 1910 1345 1964 sicut
1370 1911 1596 1980 regnavit
1626 1918 1881 1977 peccatum
1902 1908 1954 1959 in
1978 1915 2217 1958 mortem:

647 2001 717 2053 ita
747 2010 791 2053 et
822 2002 985 2071 gratia
1010 2010 1179 2072 regnet
1206 2017 1293 2069 per
1309 2001 1561 2070 justitiam
1589 2000 1639 2052 in
1670 2002 1821 2053 vitam
1851 2008 2087 2051 (sternam
2127 2012 2217 2066 per

647 2093 824 2145 Jcsum
853 2092 1106 2146 Christum
1144 2091 1417 2145 Dominum
1459 2100 1703 2144 nostrum.
1748 2090 1871 2143 lla‘c
1912 2099 2086 2142 autem
2131 2088 2214 2141 di-

648 2183 722 2235 xit
747 2224 759 2247 ,
790 2183 1078 2236 ostendens
1107 2192 1381 2251 peccatum
1405 2182 1617 2251 quidem
1643 2182 1790 2253 quasi
1822 2196 1998 2249 regem
2029 2180 2211 2245 fuisse,

644 2284 869 2329 mortem
917 2287 1048 2329 vero
1091 2275 1239 2342 quasi
1273 2274 1492 2328 militem
1521 2274 1620 2327 sub
1651 2274 1765 2343 ipso
1795 2282 2025 2327 stantem
2067 2282 2122 2327 et
2150 2274 2216 2329 ab

640 2366 760 2433 ipso
789 2375 1071 2420 armatum.
1105 2365 1244 2435 Ergo
1274 2366 1317 2418 si
1366 2375 1639 2434 peccatum
1685 2374 1912 2419 mortem
1944 2365 2167 2419 armavit
2196 2406 2211 2430 ,

643 2457 818 2525 palam
848 2465 930 2510 est
970 2456 1228 2525 justitiam
1252 2499 1265 2521 ,
1298 2470 1415 2526 qua:
1463 2464 1739 2525 peccatum
1790 2456 1962 2520 tollit,
1992 2470 2214 2525 qumque

648 2566 741 2619 per
770 2554 989 2620 gratiam
1022 2550 1311 2614 inducitur,
1338 2558 1559 2604 mortem
1594 2564 1695 2603 non
1721 2548 1876 2602 modo
1903 2547 2062 2602 armis
2086 2563 2211 2618 spo-

598 2630 599 2633 i
644 2640 773 2695 liarc
798 2682 812 2704 ,
860 2642 951 2698 scd
983 2641 1144 2698 etiam
1171 2640 1238 2694 dc
1281 2642 1456 2695 medio
1490 2641 1706 2704 tollere,
1743 2648 1798 2695 et
1824 2641 1964 2695 illius
1993 2656 2213 2708 regnum

640 2742 806 2787 totum
825 2733 1325 2802 auferre,quatenus
1350 2731 1513 2801 ipsius
1541 2745 1757 2801 regnum
1788 2730 1959 2799 majus
1986 2730 2077 2784 illo
2096 2738 2209 2789 est:

639 2840 759 2895 qua:
789 2838 895 2879 non
927 2823 1324 2893 per'hominem
1371 2822 1454 2879 vel
1504 2837 1598 2891 per
1649 2822 1921 2876 diabolum
1948 2861 1963 2886 ,
1996 2821 2087 2875 sed
2121 2836 2214 2889 per

644 2915 808 2969 Deum
837 2924 890 2969 ct
916 2930 1009 2983 per
1028 2915 1248 2985 gratiam
1281 2914 1563 2979 inducitur,
1587 2923 1640 2968 et
1667 2914 1731 2971 ad
1760 2915 2031 2968 meliorem
2054 2914 2211 2967 finem

640 3004 799 3059 vitam
832 3013 1066 3063 nostram
1109 3004 1326 3061 adducit
1368 3014 1421 3059 et
1453 3004 1715 3058 infinitum
1765 3005 1962 3059 bonum
1994 3023 2005 3058 :
2041 3020 2211 3075 neque

639 3096 782 3152 enim
815 3097 1040 3166 amplius
1071 3097 1230 3151 tinem
1262 3097 1517 3161 habebit,
1551 3108 1605 3150 ut
1631 3097 1757 3152 hinc
1786 3098 1953 3167 magis
1982 3098 2209 3153 ediscas.

640 3188 772 3243 Illud
800 3189 1011 3258 quidem
1041 3204 1138 3243 nos
1164 3203 1191 3241 a
1225 3189 1471 3258 prmsenti
1497 3190 1603 3243 vita
1628 3188 1785 3259 ejecit
1806 3204 1822 3253 ;
1844 3190 2013 3259 gratia
2034 3200 2211 3243 autem

639 3284 859 3336 veniens
883 3323 895 3346 ,
932 3296 1038 3334 non
1068 3290 1390 3352 prsescntem
1413 3322 1427 3347 ,
1461 3280 1555 3336 sed
1588 3281 1941 3336 immortalem
1976 3288 2030 3336 et
2055 3290 2212 3335 uetera

638 3388 759 3428 nam
808 3372 960 3426 nobis
1007 3373 1165 3425 vitam
1214 3372 1448 3428 donavit.
1505 3371 1704 3428 Horum
1754 3381 1929 3425 autem
1974 3372 2211 3426 omnium

637 3466 947 3521 conciliator
976 3466 1129 3519 nobis
1160 3474 1243 3518 cst
1283 3464 1546 3523 Christus.
1581 3464 1657 3518 Ne
1682 3465 1860 3535 itaque
1886 3464 1955 3520 de
1984 3466 2088 3519 vita
2116 3464 2213 3519 du-

638 3558 796 3621 bites,
827 3572 949 3612 cum
974 3554 1229 3625 justitiam
1277 3553 1471 3609 habeas
1507 3570 1520 3606 :
1566 3554 1767 3623 justitia
1809 3556 2003 3625 quippe
2042 3556 2212 3624 major

639 3658 722 3701 est
751 3663 906 3716 quam
934 3648 1037 3700 vita
1057 3688 1071 3711 ,
1103 3649 1225 3717 quia
1255 3655 1423 3701 mater
1453 3646 1567 3715 ejus
1595 3656 1696 3702 est.
1732 3646 1882 3717 (Cap.
1914 3646 2044 3711 6.)l.
2075 3647 2212 3713 Quid

634 3755 752 3808 ergo
775 3740 798 3791 ?
824 3739 1130 3791 manebimus
1153 3739 1203 3789 in
1230 3747 1434 3805 peccato
1457 3778 1470 3803 ,
1496 3748 1549 3790 ut
1570 3738 1732 3808 gratia
1757 3737 2021 3793 abundet?
2049 3739 2207 3793 Absit.

636 3831 837 3884 Itursus
869 3829 934 3882 ad
978 3830 1230 3883 moralem
1282 3830 1469 3883 transit
1511 3844 1811 3883 sermonem
1839 3870 1854 3894 ,
1905 3843 2010 3883 non
2060 3831 2210 3897 quasi

638 3924 758 3976 data
788 3936 945 3990 opera
987 3922 1133 3976 illum
1166 3920 1421 3975 inducens
1443 3962 1456 3986 ,
1488 3936 1554 3975 nc
1600 3921 1841 3976 videatur
1869 3936 2129 3977 onerosus
2159 3930 2212 3975 et

639 4014 891 4067 molestus
922 4012 1100 4066 multis
1131 4027 1289 4077 esse;
1321 4012 1413 4067 sed
1442 4027 1503 4065 ex
1537 4012 1845 4082 dogmatum
1887 4015 2047 4067 serie.
2078 4012 2210 4066 Nam

638 4107 683 4159 si
715 4120 1016 4159 sermonem
1043 4106 1112 4157 ita
1141 4104 1352 4157 varians
1383 4104 1637 4168 cavebat,
1675 4120 1739 4157 ne
1784 4103 1919 4157 forte
1950 4104 2032 4156 isti
2072 4119 2211 4172 aegre

642 4194 840 4249 ferrent
864 4194 1112 4263 (ideoque
1156 4194 1367 4247 dicebat
1399 4211 1410 4245 :
1440 4193 1697 4247 Audacius
1725 4204 1892 4246 autem
1920 4194 2055 4247 vobis
2084 4195 2211 4246 scri-

640 4289 717 4357 psi
745 4304 806 4341 ea:
826 4288 989 4355 parte)
1023 4287 1195 4355 (Rom.
1228 4288 1314 4341 15.
1354 4288 1442 4355 15)
1468 4302 1481 4351 ;
1516 4285 1615 4339 nisi
1648 4285 1748 4340 hoc
1776 4287 2022 4352 fecisset,
2052 4301 2209 4353 aspc-

640 4378 749 4429 rior
796 4377 897 4429 illis
925 4377 1071 4429 visus
1122 4376 1324 4429 fuisset.
1358 4376 1642 4444 Postquam
1691 4392 1817 4446 ergo
1849 4379 2162 4431 monstravit
2192 4418 2208 4441 ,

642 4483 885 4535 magnam
916 4480 1038 4520 esse
1081 4467 1303 4534 gratiam
1353 4474 1564 4535 peceata
1594 4469 1772 4535 gravia
1801 4469 2056 4532 curandi;
2088 4484 2209 4521 cum

642 4558 761 4611 hinc
792 4555 1163 4625 insipientibus
1191 4556 1459 4610 videretur
1492 4557 1593 4610 hoc
1637 4558 1836 4611 dictum
1881 4558 2210 4613 adhortatio-

642 4664 762 4701 nem
796 4662 914 4701 esse
959 4647 1024 4699 ad
1058 4648 1424 4717 peccandum:
1459 4649 1514 4703 Si
1556 4650 1698 4703 enim
1748 4650 1869 4705 idco
1895 4691 1909 4715 ,
1958 4652 2207 4717 aiebant,

645 4740 818 4806 major
847 4739 954 4791 visa
981 4748 1062 4792 est
1092 4742 1256 4809 gratia
1277 4782 1289 4803 ,
1322 4741 1441 4809 quia
1487 4756 1674 4809 magna
1721 4752 1937 4810 peccata
1997 4744 2213 4796 admisi-

648 4846 793 4896 mus,
828 4844 1052 4897 peccare
1080 4846 1147 4885 ne
1191 4831 1496 4887 desinamus
1520 4874 1533 4898 ,
1583 4845 1637 4887 ut
1667 4835 1895 4903 amplior
1922 4836 2089 4904 gratia
2118 4852 2210 4891 os-

647 4921 929 4976 tendatur:
960 4937 1026 4974 ne
1059 4921 1215 4990 igitur
1260 4920 1375 4975 lucc
1421 4923 1654 4977 dicerent
1702 4926 1788 4979 vel
1821 4926 2166 4995 opinarentur
2193 4970 2207 4995 ,

642 5012 761 5065 vide
788 5011 1053 5080 quomodo
1101 5012 1454 5082 objectionem
1506 5016 1777 5070 subvertat
1804 5058 1817 5083 ,
1850 5020 2020 5086 primo
2052 5036 2212 5089 nega-

645 5104 789 5157 tione
813 5142 827 5166 ,
873 5102 1084 5168 dicens,
1135 5105 1303 5168 Absit;
1350 5113 1407 5159 ut
1434 5106 1571 5160 solet
1603 5107 1653 5161 in
1683 5108 1746 5161 iis
1767 5149 1782 5173 ,
1835 5125 1953 5180 qua:
1981 5112 2211 5167 absurda

645 5211 765 5249 csse
809 5196 859 5249 in
906 5196 1151 5251 confesso
1177 5206 1260 5252 est
1303 5198 1541 5254 :deinde
1570 5200 1903 5257 ratiocinium
1949 5205 2207 5272 adhibet,

647 5289 729 5339 cui
763 5290 1042 5357 repugnari
1076 5300 1323 5361 nequeat.
1353 5292 1527 5359 Quare
1556 5294 1726 5348 illud?
1768 5295 1821 5351 2.
1877 5298 1978 5365 Qui
2028 5302 2210 5355 mortui

645 5394 849 5445 sumus,
884 5380 1087 5448 inquit,
1141 5392 1341 5450 peccato
1366 5424 1380 5449 ,
1429 5387 1676 5452 quomodo
1702 5388 1867 5440 adhuc
1898 5389 2113 5443 vivemus
2157 5393 2208 5445 in

644 5468 778 5521 illo?
831 5469 963 5535 Quid
1017 5479 1100 5525 est
1155 5473 1317 5539 illud,
1377 5474 1568 5529 Μοντιιὶ
1618 5482 1839 5533 sumus?
1896 5481 1986 5535 Vel
2040 5485 2202 5552 quod,

640 5570 896 5631 quantum
950 5560 1015 5614 ad
1067 5564 1191 5617 illud
1242 5577 1466 5635 spectat,
1518 5572 1833 5625 sententiam
1903 5576 2205 5644 accepimus

644 5652 875 5708 omnes?
929 5668 994 5707 an
1057 5656 1196 5724 quod
1258 5661 1452 5715 mortui
1509 5678 1691 5717 sumus
1743 5664 1863 5731 illi,
1920 5667 2202 5723 credentes

641 5755 693 5801 ct
726 5744 1034 5814 illuminati,
1071 5746 1117 5801 id
1167 5750 1304 5818 quod
1353 5762 1492 5809 ccrtc
1544 5757 1715 5825 potius
1747 5756 2025 5816 dicendum
2056 5780 2063 5811 :
2101 5762 2201 5817 hoc

1357 336 1411 391 S.
1454 331 1731 392 JOANNIS
1762 324 2226 386 CllllYSOSTUMl
2268 323 2583 379 ARCIHEP.
2623 324 3155 381 CONSTANTINOP.

3800 328 3907 382 130

2328 437 2470 493 enim
2499 438 2737 493 ostendit
2768 439 2930 494 etiam
2973 439 3023 493 id
3075 440 3215 509 quod
3260 441 3519 507 sequitur.
3553 440 3691 507 Quid
3735 451 3913 494 autem

2324 538 2448 593 cst,
2476 539 2715 584 mortuos
2761 546 2882 585 esse
2928 532 3184 601 peccato?
3234 531 3287 584 In
3336 532 3479 585 nullo
3524 532 3783 602 deinceps
3816 530 3914 603 ipsi

2324 620 2570 686 obsequi.
2604 620 2713 673 lloc
2737 620 2878 674 enim
2909 622 3074 675 semel
3105 620 3227 675 fecit
3250 622 3548 689 baptisma;
3581 638 3682 677 nos
3714 640 3908 691 pecca-

2327 720 2379 763 to
2406 719 2644 765 mortuos
2670 712 2925 765 reddidit.
2975 712 3198 780 Oportet
3241 723 3415 766 autem
3449 713 3551 767 hoc
3582 715 3766 768 studio
3809 732 3908 767 no-

2325 811 2435 855 SIro
2459 801 2509 854 in
2539 812 2851 871 perpetuum
2869 803 3106 871 exsequi,
3130 813 3186 856 ut
3208 812 3630 874 quantacumque
3652 806 3907 873 imperet,

2326 908 2427 947 non
2460 894 2597 947 ultra
2628 894 2771 947 dicto
2798 894 3076 949 audientes
3121 896 3291 950 simus
3318 938 3333 963 ,
3368 898 3459 952 sed
3486 900 3635 968 quasi
3661 902 3864 953 mortui
3890 942 3907 967 ,

2327 986 2533 1038 immoti
2568 1000 2896 1039 maneamus.
2944 986 3104 1054 Atqui
3148 986 3274 1040 alibi
3305 1003 3518 1057 quoque
3566 990 3677 1051 ait,
3729 990 3904 1057 ipsum

2325 1084 2595 1144 peccatum
2647 1085 2915 1129 mortuum
2963 1090 3125 1140 esse;
3179 1076 3273 1130 sed
3319 1076 3431 1141 ibi,
3486 1088 3541 1132 ut
3570 1078 3782 1134 facilem
3815 1095 3905 1134 os-

2326 1165 2507 1220 tendat
2554 1166 2844 1232 virtutem,
2895 1165 2997 1221 hoc
3052 1166 3292 1236 profert;
3328 1168 3415 1223 hic
3464 1185 3596 1225 vero
3646 1172 3904 1240 quoniam

2321 1256 2619 1312 auditorem
2653 1259 2888 1315 excitare
2917 1259 3151 1324 festinat,
3183 1260 3247 1314 ad
3273 1261 3445 1329 ipsum
3468 1272 3696 1318 mortem
3724 1274 3903 1319 trans-

2322 1346 2443 1403 fert.
2482 1348 2679 1404 Deinde
2701 1392 2714 1415 ,
2746 1352 2866 1419 quia
2896 1351 3093 1405 dictum
3119 1353 3245 1407 illud
3277 1354 3565 1410 obscurum
3596 1366 3735 1423 erat,
3770 1357 3905 1412 illud

2320 1440 2548 1508 explicat
2576 1440 2975 1497 vehementiore
3007 1452 3161 1497 utens
3204 1459 3455 1499 sermone
3481 1465 3493 1499 :
3522 1447 3597 1500 ait
3628 1449 3773 1501 enim
3802 1467 3815 1500 :
3846 1450 3900 1503 3.

2321 1533 2398 1586 Αη
2428 1534 2671 1603 ignoratis
2696 1576 2709 1598 ,
2764 1538 2946 1605 fratres
2971 1576 2985 1598 ,
3035 1538 3169 1603 quod
3214 1536 3513 1607 quicumque
3556 1540 3609 1591 in
3639 1539 3903 1593 Christum

2320 1626 2559 1694 baptizati
2596 1643 2766 1679 sunms
2787 1667 2802 1691 ,
2832 1628 2882 1679 in
2913 1638 3119 1680 mortem
3151 1630 3307 1698 ipsius
3330 1630 3570 1697 baptizati
3598 1647 3777 1685 sumus
3796 1634 3822 1685 ?
3844 1634 3899 1688 4.

2319 1716 2610 1784 Couscpulti
2640 1718 2797 1787 igitur
2818 1719 2918 1785 ipsi
2947 1736 3118 1772 sumus
3141 1737 3229 1788 per
3254 1722 3553 1789 baptismum
3582 1724 3633 1775 iu
3659 1734 3899 1779 mortem.

2318 1808 2453 1878 Quid
2483 1809 2581 1863 sibi
2615 1811 2725 1862 vult
2757 1810 2907 1873 illud,
2946 1809 3011 1863 Itt
3056 1824 3267 1863 mortem
3310 1813 3474 1879 ipsius
3517 1814 3763 1882 baptismi
3809 1832 3904 1867 su-

2318 1916 2428 1951 mus
2450 1900 2475 1951 ?
2503 1898 2569 1954 Ut
2601 1901 2699 1969 ipsi
2733 1902 3023 1955 moriamur
3049 1903 3186 1955 sicut
3213 1912 3265 1956 et
3296 1903 3383 1957 ille
3411 1922 3422 1956 :
3456 1904 3601 1957 Crux
3635 1906 3781 1959 enim
3806 1907 3901 1961 ba-

2318 1990 2512 2059 ptisma
2557 2003 2658 2045 est.
2691 1990 2845 2057 Quod
2878 1993 3033 2061 igitur
3063 1992 3277 2048 Christo
3323 1994 3419 2048 fuit
3460 2010 3588 2049 crux
3617 2005 3671 2049 et
3708 1998 3899 2066 sepul-

2317 2098 2467 2136 crum
2492 2125 2506 2149 ,
2536 2082 2637 2137 hoc
2688 2085 2841 2139 nobis
2888 2086 3143 2153 baptisma
3180 2085 3305 2152 fuit,
3334 2088 3432 2141 etsi
3466 2103 3568 2142 non
3604 2088 3795 2143 iisdem
3847 2092 3899 2144 in

2318 2177 2477 2230 rebus
2502 2194 2513 2228 :
2548 2176 2661 2245 ipse
2686 2194 2911 2247 namque
2941 2193 3100 2233 carne
3127 2190 3367 2234 mortuus
3395 2196 3457 2234 ac
3497 2182 3742 2250 sepultus
3771 2195 3852 2237 est
3880 2227 3896 2249 ,

2318 2281 2416 2320 nos
2442 2278 2623 2323 autem
2651 2280 2869 2336 peccato
2898 2280 3201 2340 utrumque.
3233 2272 3571 2341 Quapropter
3600 2290 3704 2327 non
3738 2275 3897 2337 dixit,

2315 2358 2656 2427 Complaututi
2682 2376 2802 2416 cum
2831 2372 3036 2425 morte;
3065 2362 3159 2416 sed
3187 2361 3313 2417 Cum
3339 2365 3669 2417 similitudine
3694 2368 3895 2420 mortis.

2316 2452 2454 2507 Mors
2494 2454 2635 2507 enim
2666 2463 2747 2507 est
2768 2464 2819 2509 et
2848 2454 2947 2509 hoc
2974 2465 3028 2510 et
3056 2456 3208 2521 illud,
3233 2457 3326 2511 sed
3355 2473 3460 2512 non
3487 2458 3729 2527 ejusdem
3763 2460 3899 2513 suh-

2312 2544 2475 2613 jecti:
2506 2558 2649 2598 mors
2676 2548 2820 2599 enim
2860 2546 3060 2611 carnis,
3093 2546 3292 2601 Christi
3314 2558 3431 2608 est;
3464 2564 3607 2602 mors
3649 2552 3895 2618 peccati,

2316 2643 2520 2686 nostra.
2572 2634 3032 2701 Quemadmodum
3064 2637 3151 2690 illa
3186 2678 3201 2703 ,
3235 2637 3313 2691 sic
3343 2647 3397 2692 et
3446 2638 3558 2694 haec
3604 2656 3730 2694 vcm
3788 2651 3893 2695 est.

2317 2728 2507 2781 Atetsi
2537 2742 2664 2782 vera
2695 2729 2802 2795 sit,
2834 2744 2897 2783 ea
2954 2745 3071 2799 qua:
3118 2744 3432 2799 penes.nos
3480 2741 3605 2784 sunt
3649 2735 3898 2787 confera-

2316 2835 2434 2874 mus
2487 2831 2739 2890 oportet:
2776 2821 2898 2875 ideo
2948 2822 3221 2889 subjungit
3274 2840 3287 2876 :
3344 2822 3410 2877 Ut
3464 2825 3898 2895 quemadmodum

2315 2910 2545 2966 Christus
2575 2914 2792 2966 surrexit
2818 2928 2848 2963 α
2878 2914 3087 2966 mortuis
3119 2931 3207 2981 per
3248 2916 3463 2985 gloriam
3492 2915 3700 2981 Patris,
3729 2920 3803 2970 ita
3850 2930 3899 2972 et

2313 3020 2403 3056 nos
2433 3004 2483 3056 iu
2511 3004 2725 3056 novitate
2748 3006 2859 3057 vita:
2885 3005 3216 3060 ambulemus.
3245 3006 3338 3060 llic
3363 3022 3483 3060 eum
3508 3020 3655 3062 recte
3681 3011 3895 3064 vivendi

2313 3096 2489 3149 studio
2532 3097 2982 3151 resurrectionem
3007 3112 3217 3167 quoque
3239 3099 3559 3154 subindicat.
3584 3101 3900 3168 Quomodo?

2315 3190 2623 3257 Credidisti,
2655 3192 2845 3261 inquit,
2876 3192 3147 3245 Christum
3183 3206 3452 3249 mortuum
3503 3194 3670 3250 fuisse
3718 3207 3773 3250 et
3804 3212 3896 3251 re-

2314 3284 2651 3338 surrexisse?
2682 3284 2819 3352 Ergo
2846 3294 2899 3339 ct
2920 3284 3062 3353 quod
3092 3285 3156 3339 ad
3190 3294 3238 3339 te
3268 3288 3495 3353 pertinet
3521 3287 3764 3352 credito;
3795 3289 3900 3343 hoc

2314 3376 2455 3429 enim
2488 3376 2558 3429 illi
2589 3376 2763 3431 simile
2805 3386 2890 3431 est
2914 3419 2928 3444 ,
2958 3378 3206 3446 quoniam
3238 3378 3303 3431 ad
3338 3388 3387 3433 te
3434 3395 3646 3449 quoque
3692 3394 3901 3450 Spectat

2314 3476 2369 3521 et
2396 3482 2525 3521 crux
2552 3477 2605 3522 et
2631 3468 2962 3535 sepulcrum.
2997 3469 3126 3522 Nam
3158 3469 3202 3523 si
3233 3471 3284 3523 in
3313 3480 3488 3526 morte
3526 3482 3581 3526 et
3626 3474 3678 3526 in
3710 3474 3897 3543 sepul-

2315 3572 2407 3611 cro
2437 3573 2660 3614 consors
2689 3562 2790 3629 ipsi
2821 3559 3001 3627 fuisti,
3035 3562 3203 3615 multo
3234 3564 3399 3631 magis
3423 3564 3473 3616 in
3499 3569 3899 3622 resurrectione

2313 3658 2367 3705 et
2394 3650 2497 3703 vita
2528 3668 2541 3702 :
2571 3650 2745 3704 soluto
2775 3666 3004 3719 namque
3052 3652 3253 3721 majore
3279 3693 3296 3719 ,
3344 3654 3592 3707 nimirum
3625 3669 3851 3723 peccato
3881 3700 3893 3717 ,

2318 3744 2386 3799 de
2435 3743 2671 3809 minore,
2704 3760 2897 3813 nempe
2928 3746 3115 3799 mortis
3141 3747 3305 3799 exitio
3331 3786 3342 3808 ,
3375 3763 3479 3800 non
3511 3757 3593 3800 est
3620 3749 3765 3816 quod
3795 3751 3891 3803 dn-

2317 3833 2534 3887 bitetur.
2564 3833 2761 3887 Verum
2793 3833 2907 3888 iure
2952 3834 3163 3889 interim
3194 3836 3393 3889 Paulus
3431 3837 3740 3892 auditorum
3769 3855 3899 3893 con-

2315 3924 2551 3977 scientiae
2580 3923 2972 3979 consideranda
3000 3927 3287 3996 relinquit;
3323 3929 3436 3995 ipse
3460 3943 3590 3983 vero
3620 3934 3897 3999 preposita

2316 4013 2489 4067 futura
2535 4018 2926 4070 resurrectione
2951 4058 2964 4083 ,
2995 4018 3151 4073 aliam
3184 4033 3212 4071 a
3262 4019 3416 4072 nobis
3443 4023 3895 4077 resurrectionem

2317 4108 2500 4177 exigit,
2530 4124 2720 4162 novum
2754 4110 3051 4163 institutum
3099 4111 3150 4164 in
3186 4113 3433 4179 przcsenli
3487 4114 3621 4180 vita,
3656 4118 3798 4184 quod
3830 4134 3893 4172 ex

2315 4217 2526 4255 tnorum
2557 4203 2851 4255 mutatione
2900 4204 3007 4255 fiat.
3057 4202 3187 4255 Nam
3232 4219 3350 4257 cum
3396 4206 3689 4261 fornicator
3719 4222 3897 4264 castus

2315 4291 2543 4347 efficitur
2565 4334 2578 4357 ,
2623 4308 2817 4347 avarus
2851 4294 3159 4348 misericors
3184 4336 3198 4358 ,
3231 4310 3390 4363 asper
3422 4307 3741 4352 mansuetus
3765 4342 3781 4363 ,
3812 4300 3899 4354 hic.

2314 4398 2526 4452 quoque
2577 4386 2899 4438 resurrectio
2932 4386 2988 4437 fit
3018 4426 3031 4449 ,
3062 4402 3179 4453 qua:
3211 4385 3403 4440 futurre
3433 4389 3755 4456 prommium
3792 4404 3893 4445 e5t.

2315 4475 2384 4528 Et
2426 4476 2691 4544 quomodo
2721 4480 3042 4532 resurrectio
3085 4479 3208 4533 est?
3262 4480 3469 4534 Mortuo
3522 4493 3746 4550 peccato
3777 4526 3791 4549 ,
3844 4496 3897 4539 et

2311 4567 2516 4635 justitia
2540 4579 2859 4637 exsurgentc
2888 4584 2902 4633 ;
2936 4571 3153 4637 pristina
3188 4570 3294 4624 vita
3324 4571 3519 4635 deleta,
3554 4589 3691 4627 nova
3716 4588 3896 4631 autem

2319 4658 2417 4711 hac
2444 4668 2496 4711 et
2522 4659 2753 4727 angelica
2795 4660 3028 4728 vigcnze.
3074 4661 3203 4713 Cum
3250 4662 3401 4715 audis
3449 4668 3611 4718 vitam
3654 4682 3848 4721 novam
3879 4709 3894 4732 ,

2318 4749 2534 4802 multam
2560 4766 2740 4818 qutcre
2768 4749 3130 4804 diversitatem
3158 4761 3213 4806 et
3249 4755 3594 4809 mutationem
3623 4773 3892 4829 magnam.

2384 4843 2434 4895 5.
2481 4840 2751 4894 Peccatum
2792 4853 3093 4895 senectutem
3119 4842 3584 4909 a/I'ert.—Vcrum
3627 4849 3683 4903 in
3719 4851 3891 4921 lacry-

2318 4948 2429 4985 mas
2455 4948 2675 5001 crumpo
2698 4943 2747 4987 ct
2772 4932 2821 4985 in
2864 4934 3092 5001 gemitus
3120 4951 3357 5005 magnos,
3386 4954 3504 4993 cum
3529 4943 3708 5010 Cogito
3731 4960 3897 5013 quan-

2319 5033 2423 5079 tam
2452 5042 2480 5080 a
2552 5027 2660 5080 )bis
2692 5026 3082 5095 philosolihiam
3114 5030 3289 5098 exigat
3317 5030 3530 5097 Paulus,
3563 5043 3617 5086 et
3647 5035 3702 5089 in
3729 5053 3869 5105 quau

2319 5124 2421 5169 tam
2453 5133 2549 5171 nos
2597 5118 2861 5186 ignaviam
2904 5119 3264 5186 coniecimus,
3308 5132 3425 5191 post
3464 5124 3786 5191 baptismum
3830 5134 3893 5181 ad

2316 5208 2544 5275 priorem
2579 5220 2908 5264 senectutem
2952 5213 3149 5266 reversi
3173 5254 3185 5277 ,
3215 5224 3373 5282 atque
3400 5216 3451 5268 in
3484 5215 3776 5286 {Egyptum
3808 5237 3894 5275 re-

2315 5299 2557 5361 deuntes,
2588 5310 2639 5354 et
2667 5311 2786 5369 post
2820 5317 3030 5367 manna,
3057 5302 3177 5355 allia
3210 5304 3260 5357 in
3296 5306 3606 5360 memoriam
3638 5324 3897 5365 revocan-

2318 5401 2417 5445 tes.
2464 5392 2650 5445 Decem
2692 5392 2834 5445 enim
2876 5404 2964 5447 aut
3010 5394 3189 5465 viginti
3230 5396 3417 5450 diebus
3459 5408 3577 5471 post
3630 5401 3894 5472 baptisma

2315 5488 2520 5551 mutati,
2548 5488 2767 5556 pristina
2797 5503 3005 5542 rursum
3030 5490 3380 5559 aggredimur.
3412 5494 3472 5545 At
3505 5508 3610 5548 non
3635 5506 3894 5553 statutum

2312 5579 2513 5632 dierum
2540 5595 2839 5645 numerum,
2868 5581 2957 5635 sed
2994 5590 3153 5635 totam
3188 5586 3345 5636 Vitam
3372 5587 3570 5653 expetit
3603 5586 3800 5643 Paulus
3827 5592 3893 5645 ad

2314 5670 2412 5723 hoc.
2444 5670 2647 5723 vivendi
2686 5671 2978 5725 institutum
3015 5692 3024 5725 :
3059 5688 3153 5726 nos
3175 5684 3351 5728 autem
3382 5676 3445 5729 ad
3481 5677 3761 5744 pristinum
3794 5698 3896 5733 vn-

2312 5764 2493 5817 mitum
2541 5765 2737 5818 reversi
2763 5774 2921 5834 ,‘post
2968 5765 3293 5833 joventutcm
3323 5783 3348 5820 a
3378 5771 3542 5838 gratia
3576 5782 3852 5843 acet'ptattt
3875 5815 3892 5841 ,
