4108 6340
185 411 282 466 481

189 549 220 583 a
250 522 482 593 peccatis
531 525 865 575 senectutem
919 530 1187 584 paramus.
1247 511 1379 566 Nam
1431 510 1780 580 pecuuiarmn

186 631 342 672 amor
369 622 424 668 et
455 610 805 666 absurdarum
833 606 1185 676 cupiditatum
1218 602 1453 656 servitus
1474 643 1487 666 ,
1518 615 1783 668 omneque

189 705 407 761 tandem
443 712 748 774 peccatum,
784 707 1116 754 senectutem
1146 694 1388 764 operanti
1419 692 1604 747 afferre
1619 691 1778 746 solet:

179 797 329 870 quod
361 807 538 850 autem
569 795 632 848 ad
666 800 981 846 vetustatem
1024 796 1462 854 senectutemque
1509 785 1779 848 declinat,

181 888 424 944 interitui
451 887 750 956 proximum
778 893 878 936 est.
913 881 1094 950 Neque
1120 879 1262 934 enim
1289 880 1357 931 ita
1391 887 1567 946 potest
1589 891 1783 944 eoi-pus

184 995 284 1048 per
313 986 648 1033 senectutem
680 973 898 1027 dissolvi
923 1015 936 1036 ,
969 981 1026 1025 ut
1054 971 1227 1023 anin'ia
1270 969 1501 1037 peccatis
1531 976 1780 1034 corrupta

179 1085 248 1124 ac
278 1071 492 1141 delapsa
525 1086 536 1120 :
570 1069 636 1122 ad
662 1077 934 1122 extremas
957 1063 1098 1117 enim
1131 1071 1255 1115 tunc
1283 1073 1449 1128 nugas
1477 1058 1779 1122 deducitur,

179 1163 356 1217 futilia
411 1164 634 1230 loquens
657 1199 672 1224 ,
702 1155 1151 1229 quemadmodum
1194 1166 1351 1206 senes
1380 1160 1435 1204 et
1478 1150 1665 1212 deliri,
1699 1157 1778 1202 at-

179 1273 290 1328 que
329 1257 514 1327 pituita
568 1254 800 1316 referta,
863 1263 1073 1304 necnon
1129 1255 1348 1315 stupore
1383 1286 1397 1309 ,
1446 1253 1604 1312 atque
1640 1242 1780 1296 obli-

178 1352 343 1405 vione
375 1393 390 1417 ,
440 1349 596 1418 lippis
649 1348 905 1400 instructa
958 1342 1163 1408 oculis,
1218 1337 1523 1393 hominibus
1579 1333 1785 1389 abomi-

180 1444 361 1500 nanda
385 1485 398 1508 ,
431 1453 484 1498 et
515 1439 732 1495 diabolo
762 1447 919 1507 captu
965 1435 1136 1490 facilis
1170 1442 1293 1489 est:
1326 1432 1459 1486 tales
1486 1428 1630 1485 enim
1662 1436 1785 1481 sunt

179 1546 523 1606 peccatorum
561 1535 776 1587 animus.
807 1531 1084 1586 Justorum
1115 1544 1240 1582 vero
1270 1527 1462 1580 animae
1490 1534 1672 1578 contra
1701 1522 1784 1592 ju-

179 1637 479 1684 vencscunt
507 1641 568 1680 ac
592 1627 791 1695 vigent,
822 1632 875 1677 et
899 1624 949 1677 in
985 1623 1100 1692 ipso
1131 1619 1304 1674 altatis
1334 1616 1465 1670 ﬂore
1495 1625 1618 1669 sunt
1644 1629 1785 1668 sem-

180 1738 281 1791 per
301 1764 315 1788 ,
345 1720 412 1774 ad
446 1734 674 1789 pugnant
704 1728 757 1772 et
787 1718 982 1770 luetam
1028 1728 1241 1780 semper
1273 1722 1490 1780 paratm.
1527 1709 1779 1764 I’eccato-

181 1828 304 1866 rum
329 1825 457 1864 vero
492 1810 685 1862 anima:
727 1809 778 1862 in
826 1822 986 1877 quam
1031 1805 1255 1858 minimo
1300 1801 1552 1856 conﬂictu
1599 1799 1779 1853 statim

179 1902 384 1956 cadunt
411 1911 465 1955 et
497 1908 721 1969 pereunt
753 1917 764 1952 :
798 1898 847 1952 id
871 1897 1010 1968 quod
1044 1895 1322 1950 declarans
1346 1892 1606 1963 propheta
1637 1890 1784 1943 dice-

179 1995 272 2048 Iiat
312 2012 322 2047 :
357 1992 638 2060 Tamquam
686 1991 848 2059 putris
875 2031 888 2054 ,
924 2005 1068 2053 quem
1112 1986 1315 2057 projicit
1360 1992 1534 2036 ventus
1579 1996 1609 2033 a
1655 1981 1785 2052 {acie

179 2098 334 2140 terra:
362 2086 534 2155 (Psal.
567 2085 619 2138 I.
650 2084 773 2150 Η),
811 2082 881 2135 ita
913 2089 1034 2134 sunt
1069 2077 1350 2134 versatiles
1381 2117 1396 2142 ,
1437 2085 1490 2130 ct
1528 2075 1780 2128 damnum

182 2177 494 2245 parantibus
525 2174 672 2228 aditu
706 2173 912 2238 faciles,
942 2172 1030 2241 qui
1064 2171 1114 2224 in
1147 2168 1381 2240 peccatis
1411 2166 1572 2219 vitam
1596 2175 1781 2235 agunt.

179 2266 367 2336 Neque
401 2266 541 2318 enim
579 2265 725 2319 clare
767 2265 983 2327 vident,
1015 2277 1110 2314 nec
1147 2263 1356 2314 sincere
1386 2257 1645 2320 audiunt,
1687 2272 1784 2310 nec

180 2360 511 2413 articulatim
543 2361 832 2428 loquuntur
858 2375 871 2410 :
902 2357 1132 2426 singultu
1168 2356 1335 2408 nmlto
1358 2362 1666 2423 gravantur,
1701 2352 1781 2403 in-

177 2459 396 2518 gentem
438 2452 489 2504 in
529 2465 623 2504 ore
666 2451 886 2504 salivam
916 2447 1323 2502 circumferunt.
1366 2447 1538 2513 Atque
1581 2444 1782 2497 utinam

179 2541 434 2594 salivam!
467 2557 570 2594 non
594 2541 736 2594 enim
769 2541 818 2593 id
850 2538 1139 2594 absurdum
1165 2548 1347 2600 esset;
1373 2535 1466 2590 sed
1491 2537 1600 2605 jam
1628 2549 1785 2588 emno

183 2632 455 2699 putidiora
485 2632 645 2686 verba
681 2632 1004 2702 proferunt:
1031 2629 1281 2699 quodque
1319 2629 1532 2698 gravius
1565 2636 1645 2681 est
1667 2667 1681 2692 ,
1712 2641 1781 2680 ne

181 2737 381 2790 Spuere
402 2723 616 2792 quidem
641 2722 946 2791 hujusmodi
970 2721 1256 2775 verborum
1271 2735 1514 2789 Spumant
1537 2727 1781 2789 possunt,

181 2815 278 2868 sed
306 2830 462 2866 Inanu
491 2815 842 2884 excipientes,
870 2812 1200 2868 exsecrando
1225 2810 1385 2865 modo
1412 2826 1597 2866 rursus
1631 2810 1774 2863 illam

183 2915 442 2971 atterunt,
472 2921 593 2960 cum
625 2907 695 2960 sit
721 2905 906 2968 densa,
933 2919 1031 2958 nec
1053 2902 1208 2958 facile
1229 2903 1361 2957 solvi
1397 2903 1581 2973 possit.
1618 2901 1779 2957 Forte

185 3013 308 3051 eum
349 3013 547 3052 nausea
580 3006 633 3052 et
676 2997 893 3052 fastidio
932 2997 1292 3051 narrationem
1331 2993 1468 3048 hanc
1500 2994 1782 3063 excipitis:

185 3101 388 3161 quanto
415 3093 586 3162 magis
619 3106 730 3145 rem
763 3091 931 3160 ipsam
965 3088 1277 3143 fastidiretis
1303 3089 1315 3141 !
1345 3087 1479 3141 Nam
1506 3087 1550 3140 si
1578 3088 1629 3141 in
1663 3102 1782 3140 cor-

186 3200 316 3254 pore
343 3184 460 3238 haec
497 3184 702 3253 ingrata
745 3193 799 3238 et
837 3183 1079 3237 insuavia
1123 3191 1282 3245 sunt,
1325 3181 1495 3235 multo
1523 3181 1692 3250 magis
1733 3181 1786 3235 in

184 3278 383 3330 anima.
416 3277 563 3330 Talis
585 3284 699 3330 erat
721 3275 937 3345 juvenis
964 3275 1078 3340 ille,
1103 3275 1192 3343 qui
1219 3274 1398 3328 omnia
1419 3287 1512 3328 sua
1535 3287 1787 3327 consum-

186 3380 401 3441 prerat,
433 3379 486 3424 et
525 3370 578 3422 in
618 3379 912 3424 extremam
941 3368 1232 3436 nequitiam
1269 3366 1599 3430 devenerat,
1633 3366 1702 3419 ita
1732 3372 1788 3418 ut

185 3463 357 3517 deliro
383 3462 528 3514 otnni
568 3469 623 3514 et
664 3471 960 3528 mgrotante
1006 3459 1234 3513 debilior
1261 3466 1424 3511 esset.
1461 3459 1530 3510 At
1569 3457 1786 3526 quando

186 3552 375 3617 voluit,
408 3552 699 3621 derepente
730 3565 897 3606 novus
935 3550 1101 3604 factus
1131 3559 1232 3610 est,
1266 3565 1332 3603 ex
1360 3563 1462 3602 una
1507 3549 1670 3602 animi
1696 3565 1787 3602 vo-

187 3643 393 3697 luntate
431 3657 494 3696 ac
530 3644 840 3697 mutatione.
877 3642 1163 3711 Postquam
1211 3642 1352 3694 enim
1392 3641 1642 3706 dixerat,
1685 3640 1790 3695 Ite-

188 3743 369 3786 vertar
396 3732 461 3785 ad
486 3743 687 3800 patrem
719 3747 896 3785 meum
921 3730 1072 3800 (Luc.
1107 3731 1193 3784 15.
1232 3730 1317 3798 18)
1352 3747 1364 3783 :
1401 3729 1514 3783 hzcc
1548 3746 1648 3784 una
1682 3746 1786 3784 vox

187 3824 367 3876 omnia
401 3824 500 3893 Ipsi
524 3824 752 3876 contulit
791 3823 967 3885 bona;
1001 3823 1108 3876 imo
1131 3836 1259 3876 vero
1287 3837 1392 3876 non
1416 3821 1785 3876 verbum.tan-

191 3926 324 3978 tum,
363 3915 456 3969 sed
487 3929 621 3983 opus
664 3929 786 3968 cum
835 3914 1001 3969 verbo
1045 3915 1411 3982 conjunctum.
1468 3913 1586 3968 Non
1640 3915 1786 3969 enim

188 4009 344 4074 dixit,
379 4008 656 4071 Revertar,
691 4020 745 4062 et
773 4008 842 4061 ibi
872 4007 1105 4071 mansit;
1138 4006 1254 4066 sed.
1292 4007 1580 4073 Revertar,
1611 4016 1664 4061 et
1696 4023 1785 4061 rc-

189 4113 381 4153 versus
424 4112 486 4151 ac
513 4098 650 4150 viam
681 4106 847 4151 totam
879 4097 1026 4151 illam
1052 4112 1305 4151 emensus
1344 4107 1446 4152 est.
1488 4098 1577 4153 Sic
1606 4107 1660 4152 ct
1689 4114 1788 4152 nos

189 4191 488 4246 faciamus:
519 4190 730 4245 etiamsi
761 4200 911 4244 extra
947 4191 1131 4259 patria:
1160 4189 1293 4244 fines
1319 4190 1588 4260 deportati
1624 4191 1788 4246 fueri-

191 4300 333 4348 mus,
364 4283 430 4337 ad
460 4293 733 4352 paternam
765 4295 941 4338 tamen
972 4283 1191 4338 domum
1220 4282 1527 4349 redeamus,
1562 4301 1659 4340 nec
1693 4302 1790 4340 nos

193 4377 453 4446 longioris
481 4379 579 4429 via:
609 4377 804 4445 pigeat.
841 4374 971 4428 Nam
1003 4376 1046 4429 si
1079 4375 1406 4429 voluerimus
1433 4417 1445 4440 ,
1480 4376 1649 4430 facilis
1690 4378 1792 4431 erit

192 4471 397 4524 reditus
431 4484 490 4522 ac
513 4469 865 4532 celerrimus,
900 4469 1058 4524 modo
1091 4470 1424 4538 peregrinam
1461 4479 1656 4524 terram
1691 4469 1787 4524 de-

193 4576 440 4617 seramus
469 4577 481 4613 :
516 4560 618 4614 hoc
648 4561 788 4613 enim
822 4562 994 4631 ipsum
1024 4571 1105 4614 est
1137 4572 1430 4629 peccatum,
1462 4561 1604 4630 quod
1635 4576 1731 4615 nos
1762 4578 1789 4614 a

194 4663 420 4723 paterna
449 4652 609 4706 domo
636 4652 869 4705 abducit.
903 4651 1050 4704 Illam
1090 4652 1270 4721 itaque
1303 4654 1702 4721 relinquamus,
1737 4663 1793 4706 ut

196 4743 261 4795 ad
294 4726 568 4811 paternam
607 4753 937 4796 revertamur
967 4743 1206 4795 domum.
1249 4741 1379 4794 Nam
1412 4743 1578 4812 prolis
1607 4758 1792 4797 amans

198 4846 280 4889 est
310 4843 460 4903 pater
485 4877 499 4900 ,
531 4849 628 4888 nec
672 4849 771 4887 nos
813 4834 1123 4887 immutatos
1155 4834 1331 4886 minus
1373 4833 1597 4903 diliget,
1633 4850 1791 4902 quam

199 4942 312 4988 eos,
345 4926 433 4995 qui
466 4926 584 4978 vitm
617 4925 879 4993 probitate
903 4925 1119 4992 florent,
1155 4925 1260 4978 imo
1293 4925 1408 4992 plus
1441 4926 1641 4977 amabit
1671 4944 1683 4978 :
1715 4927 1791 4979 si-

199 5018 416 5087 quidem
443 5017 590 5069 illum
623 5025 770 5086 pater
793 5018 907 5084 plus
942 5017 991 5070 iu
1032 5018 1234 5071 honore
1265 5018 1444 5071 habuit
1477 5059 1488 5080 ,
1515 5018 1796 5088 magisque

202 5113 496 5166 delectatus
522 5120 603 5164 est
629 5111 738 5165 filio
769 5123 1102 5180 recuperato.
1140 5113 1201 5165 Et
1235 5111 1502 5181 quomodo
1532 5121 1791 5176 revertar,

205 5204 457 5275 inquies?
486 5205 618 5258 Item
661 5204 833 5272 incipe
861 5215 1062 5258 tantum
1089 5245 1101 5266 ,
1145 5214 1196 5260 et
1243 5216 1409 5260 totum
1443 5206 1638 5260 factum
1673 5216 1792 5259 est:

209 5313 434 5366 peccare
471 5297 679 5363 desine,
712 5313 809 5352 nec
846 5299 980 5351 ultra
1031 5298 1287 5367 procedas
1315 5341 1328 5364 ,
1371 5309 1423 5354 et
1467 5301 1576 5366 jam
1628 5309 1795 5353 totum

209 5389 480 5458 accepisti.
527 5390 674 5444 Sicut
705 5392 845 5444 enim
885 5391 969 5453 iis,
1008 5392 1097 5460 qui
1139 5392 1328 5445 morbo
1365 5392 1647 5455 laborant,
1689 5409 1795 5446 non

213 5483 362 5550 pejus
391 5481 587 5536 habere
624 5482 828 5536 initium
852 5494 930 5537 est
957 5485 1362 5538 convalescendi
1392 5503 1405 5539 :
1435 5486 1510 5538 sic
1541 5495 1593 5539 et
1624 5486 1673 5538 in
1704 5503 1798 5540 ne-

212 5573 376 5640 quitia
407 5576 697 5643 eontingit:
731 5590 797 5627 ne
827 5574 1048 5628 ulterius
1082 5577 1464 5644 progrediaris,
1490 5587 1543 5630 ct
1566 5579 1799 5647 nequitia

215 5666 374 5719 tinem
407 5666 644 5720 habebit.
676 5667 727 5720 Si
772 5683 864 5734 per
896 5669 1110 5720 biduum
1145 5669 1245 5721 hoc
1274 5669 1465 5722 feceris
1487 5710 1502 5734 ,
1536 5671 1693 5723 tertio
1716 5671 1803 5725 dle

217 5757 421 5812 facilius
448 5759 740 5812 ali-tiaebis
765 5803 778 5823 ,
808 5775 870 5812 ac
913 5754 1082 5813 tribus
1123 5759 1308 5814 decem
1349 5760 1547 5826 addes;
1576 5761 1697 5816 hinc
1727 5764 1803 5816 vi-

218 5851 370 5920 ginti,
402 5863 584 5922 postca
615 5861 824 5907 centum
861 5893 874 5920 ,
912 5851 1140 5922 denique
1182 5861 1344 5907 totam
1380 5854 1560 5907 vitam.
1589 5853 1798 5921 Quanto

1309 395 1372 448 IN
1418 393 1634 449 EI’IS’I‘.
1679 393 1770 447 AD
1811 392 1971 448 ROM.
2015 393 2240 449 lIOlIIL.
2288 395 2354 450 Χ.

3392 395 3497 448 452

1890 509 2032 564 enim
2061 513 2228 581 magis
2252 526 2566 582 progressus
2587 510 2772 577 fueris,
2798 512 3091 568 faciliorem
3114 528 3304 568 cernes
3330 514 3494 581 viain,

1888 612 1940 656 ct
1970 604 2035 657 ad
2065 605 2236 672 ipsum
2269 606 2480 659 culmen
2505 603 2791 668 adductus,
2818 606 3178 674 complurium
3210 604 3368 660 simul
3401 605 3498 658 bo-

1889 711 2079 749 norum
2128 697 2354 750 fructum
2403 697 2684 766 decerpcs.
2737 696 2870 750 Nam
2919 707 3044 750 tunc
3076 713 3328 766 quoque,
3369 715 3493 751 cuni

1892 787 2143 856 prodigus
2168 788 2258 840 ille
2289 803 2541 841 reversus
2564 797 2665 851 est,
2688 798 2738 842 ct
2760 789 2903 842 tibiae
2925 799 2978 842 et
2996 789 3218 842 cithara!
3240 800 3293 842 et
3314 789 3490 851 chori,

1892 876 2068 930 thalim
2111 888 2162 932 et
2201 879 2548 933 celebritates
2577 881 2835 933 aderant:
2868 892 3030 950 atque
3063 881 3107 932 is
3137 922 3150 946 ,
3186 880 3273 949 qui
3317 896 3346 934 a
3383 883 3493 935 tilio

1889 970 1954 1023 de
1987 980 2092 1024 tam
2124 973 2499 1038 intempestivo
2527 983 2741 1041 sumptu
2769 972 2943 1042 deque
2975 973 3226 1026 diuturna
3255 974 3372 1041 fuga
3402 989 3490 1026 ra-

1892 1064 2060 1117 tiones
2107 1065 2433 1132 repetiturus
2473 1079 2594 1118 csse
2640 1065 2965 1126 videbatur,
3006 1065 3137 1118 nihil
3189 1065 3495 1133 hujusuiodi

1889 1153 2051 1219 fecit;
2101 1156 2206 1207 imo
2245 1157 2388 1208 illum
2416 1156 2564 1224 quasi
2611 1157 2868 1225 praeclare
2898 1172 3018 1212 sese
3056 1159 3314 1227 gCS>IsSCI
3362 1175 3494 1212 con-

1890 1247 2062 1316 spexit
2093 1264 2106 1299 :
2142 1262 2240 1301 nec
2289 1247 2448 1301 modo
2495 1248 2639 1301 IIIIIIII
2669 1249 2851 1302 verbis
2895 1264 2999 1301 non
3043 1250 3357 1318 increpavit,
3391 1265 3495 1305 nec

1892 1338 2127 1406 pristina:
2152 1339 2275 1392 vitm
2316 1340 2643 1394 mentionem
2690 1341 2853 1406 fecit;
2889 1341 2981 1395 sed
3010 1341 3260 1410 perfusus
3299 1343 3496 1413 gaudio

1889 1431 2162 1485 osculatus
2184 1440 2286 1496 est,
2309 1432 2534 1484 vitulum
2563 1433 2834 1498 mactavit,
2855 1442 2910 1487 et
2935 1433 3073 1486 stola
3105 1434 3278 1502 ipsum
3301 1434 3495 1500 induit,

1890 1525 2224 1592 multumque
2264 1523 2469 1577 addidit
2504 1535 2777 1577 ornatum.
2831 1524 2923 1577 llis
2950 1539 3080 1594 ergo
3121 1526 3384 1594 exemplis
3413 1527 3499 1578 in-

1891 1618 2116 1681 structi,
2150 1617 2485 1671 confidamus
2517 1627 2572 1672 ct
2616 1633 2684 1672 ne
2712 1618 3086 1688 desperemus.
3125 1619 3309 1689 Neque
3353 1620 3496 1674 enim

1890 1709 1977 1764 ille
2010 1711 2078 1762 ita
2108 1709 2319 1762 Imtatur
2341 1725 2461 1764 cum
2489 1710 2770 1777 Dominus,
2805 1719 2862 1763 ut
2889 1718 3010 1764 cum
3044 1711 3205 1765 Pater
3233 1721 3455 1765 vocatur
3482 1729 3497 1778 ;

1892 1801 2198 1870 mavultque
2248 1799 2411 1853 tilium
2440 1842 2453 1864 ,
2500 1816 2660 1869 quam
2704 1816 2919 1854 servum
2954 1800 3173 1856 habere.
3205 1801 3497 1872 PrOpterca

1891 1890 1976 1944 illa
2007 1891 2185 1944 omnia
2223 1889 2366 1955 fecit,
2405 1890 2691 1960 Uuigcuito
2724 1907 2822 1944 suo
2845 1907 2949 1945 nou
2977 1892 3248 1960 pepercit,
3276 1902 3332 1946 ut
3361 1895 3501 1948 filio-

1890 1998 2007 2038 rum
2059 1983 2403 2050 adoptionem
2452 1984 2818 2051 reciperemus
2850 1983 3026 2054 (liam.
3059 1984 3111 2037 8.
3149 1986 3246 2051 25)
3274 2025 3286 2046 ,
3332 1994 3496 2053 utque

1892 2074 2038 2128 illum
2072 2091 2174 2129 non
2204 2075 2363 2130 modo
2401 2084 2456 2128 ut
2489 2075 2769 2128 Dominum
2799 2117 2814 2140 ,
2851 2074 2946 2129 sed
2983 2077 3144 2130 etiam
3187 2086 3242 2129 ut
3282 2076 3497 2130 Patrem

1889 2168 2253 2238 diligeremus.
2282 2166 2334 2220 Id
2364 2168 2505 2236 quod
2535 2169 2577 2221 si
2611 2185 2638 2221 a
2670 2169 2825 2222 nobis
2857 2170 3203 2231 obtineatur,
3229 2185 3293 2224 ac
3315 2169 3358 2222 si
3381 2170 3499 2239 glo-

1890 2264 2021 2317 riam
2053 2263 2300 2330 adeptus,
2329 2263 2427 2316 hoc
2451 2261 2624 2327 effert,
2656 2262 3015 2332 omnibusque
3043 2262 3380 2317 laetabundus
3404 2262 3499 2317 de-

1889 2356 2075 2418 clarat,
2100 2356 2185 2422 qui
2213 2354 2358 2406 nullo
2383 2363 2691 2406 nostrorum
2720 2352 2940 2420 indiget.
2970 2353 3082 2406 Iloc
3103 2369 3227 2422 erga
3255 2354 3499 2406 Abraha-

1892 2461 2035 2500 mum
2064 2446 2256 2508 effecit,
2288 2446 2376 2514 qui
2403 2445 2600 2514 passim
2626 2445 2754 2498 dicit
2785 2463 2796 2498 :
2830 2445 2941 2513 Ego
2970 2445 3109 2499 Deus
3139 2446 3408 2498 Abraham
3443 2457 3499 2498 et

1891 2537 2037 2591 Isaac
2060 2547 2112 2592 et
2136 2537 2322 2591 .la'coh.
2351 2538 2509 2606 Atqui
2541 2537 2592 2590 in
2620 2536 2702 2590 his
2725 2551 2912 2591 servos
2936 2537 3156 2606 gloriari
3179 2538 3495 2606 oportebat;

1890 2641 1944 2684 at
1973 2647 2114 2685 nunc
2160 2632 2274 2700 ipse
2323 2631 2580 2685 Dominus
2629 2630 2730 2685 hac
2759 2630 2824 2684 de
2862 2646 2919 2684 re
2960 2631 3244 2699 gloriatur.
3297 2629 3500 2684 Idcirco

1893 2724 2052 2778 Petro
2080 2723 2211 2777 dicit
2242 2740 2254 2775 :
2288 2721 2477 2789 Diligis
2523 2738 2603 2775 me
2629 2722 2744 2792 plus
2787 2721 2866 2774 liis
2888 2721 3072 2791 (Joau.
3113 2722 3204 2776 21.
3236 2721 3373 2790 I7)?
3403 2738 3495 2774 os-

1894 2815 2120 2869 tendens
2147 2830 2206 2869 se
2240 2815 2371 2868 nihil
2417 2813 2646 2884 perinde
2689 2828 2718 2866 a
2762 2812 2919 2867 nobis
2955 2822 3232 2883 expetere.
3269 2813 3500 2881 Ideoque

1893 2907 2256 2960 Abrahamum
2282 2907 2446 2973 jussit
2477 2907 2643 2959 lilium
2675 2920 2832 2958 suum
2877 2905 3162 2960 immolare
3188 2948 3201 2971 ,
3232 2916 3288 2960 ut
3325 2909 3502 2961 omni-

1893 2997 1994 3051 bus
2047 2999 2220 3067 palam
2269 2998 2469 3051 faceret
2512 3013 2572 3052 se
2612 2998 2841 3051 multum
2874 3013 2903 3050 a
2948 2998 3256 3066 patriarcha
3305 3001 3498 3053 amari.

1892 3090 2026 3144 Illud
2052 3105 2252 3159 porro,
2281 3090 2424 3159 quod
2467 3105 2525 3144 se
2569 3090 2794 3144 multum
2843 3093 3010 3145 amari
3055 3093 3272 3161 cupiat,
3324 3093 3500 3160 ipsum

1853 3185 2054 3238 !etiam
2103 3186 2326 3237 multum
2374 3199 2558 3238 amare
2614 3183 2905 3253 significat.
2956 3184 3190 3253 Ideoque
3241 3186 3501 3254 apostolis

1892 3274 2142 3329 diccbat:
2178 3275 2277 3339 Qui
2304 3285 2443 3327 autat
2481 3285 2677 3342 patrem
2708 3285 2756 3328 et
2798 3285 3011 3328 matrem
3051 3276 3167 3345 plus
3193 3292 3344 3344 quam
3382 3293 3496 3342 me,

1892 3369 2086 3413 nonest
2119 3376 2196 3412 me
2227 3360 2412 3429 digitus
2445 3359 2663 3429 (Matth.
2701 3360 2787 3415 10.
2819 3360 2933 3429 57).

1951 3450 2016 3507 ’6.
2062 3451 2292 3506 Christus
2337 3463 2585 3522 quantum
2625 3469 2656 3505 a
2691 3454 2834 3506 nobis
2874 3469 3099 3506 amorem
3138 3454 3326 3523 exigat.
3392 3453 3499 3509 I’ro

1892 3544 2002 3614 ipso
2032 3545 2138 3612 pati
2167 3543 2362 3597 lucrum
2392 3546 2542 3610 parit.
2566 3574 2638 3583 —
2662 3545 2867 3599 Idcirco
2896 3545 3037 3615 quod
3066 3548 3306 3599 Omnium
3341 3548 3498 3602 nobis

1891 3636 2230 3689 Carissimum
2259 3645 2341 3689 est
2365 3676 2378 3700 ,
2414 3637 2649 3690 animam
2679 3651 2875 3706 nempe
2896 3679 2909 3702 ,
2936 3638 3088 3706 jubet
3119 3640 3409 3693 secundam
3443 3641 3496 3694 in

1892 3741 2075 3781 amore
2107 3728 2228 3796 poni
2256 3744 2270 3792 ;
2303 3729 2426 3797 quia
2459 3727 2573 3797 ipse
2601 3730 2861 3798 majorem
2910 3731 2962 3783 in
3002 3730 3220 3786 modum
3255 3743 3309 3786 et
3334 3747 3503 3801 super

1893 3820 2071 3875 omnia
2100 3821 2266 3874 vulta
2297 3820 2451 3875 nobis
2488 3824 2677 3875 amari.
2728 3822 2938 3876 Etenim
2991 3833 3041 3878 et
3084 3838 3183 3878 nos
3220 3840 3342 3879 cmn
3392 3842 3500 3879 non

1893 3911 2182 3966 admodum
2207 3927 2331 3982 erga
2355 3913 2587 3982 aliquem
2611 3913 2878 3968 afficimur
2902 3957 2917 3982 ,
2950 3917 3095 3970 illius
3125 3933 3365 3972 amorem
3392 3935 3502 3973 non

1896 4006 2120 4058 multum
2152 4020 2405 4059 curamus
2431 4047 2445 4071 ,
2479 4007 2580 4060 etsi
2610 4023 2836 4076 magnus
2877 4009 2942 4063 sit
2985 4019 3040 4064 et
3081 4010 3343 4077 illustris;
3377 4029 3500 4068 cum

1895 4112 2024 4152 vero
2053 4098 2357 4166 quempiam
2383 4098 2594 4152 sincere
2625 4115 2870 4153 amamus
2894 4142 2910 4166 ,
2937 4102 3040 4156 etsi
3064 4104 3184 4156 vilis
3217 4107 3503 4175 tenuisque

1896 4189 2002 4255 sit,
2044 4189 2162 4257 ejus
2201 4187 2445 4242 mutuum
2478 4206 2718 4245 amorem
2753 4195 2932 4262 magni
2965 4195 3209 4249 facimus.
3242 4197 3368 4252 Ideo
3412 4199 3503 4254 ille

1895 4296 2002 4334 non
2031 4281 2204 4334 solum
2231 4297 2260 4333 a
2293 4281 2446 4335 nobis
2471 4284 2638 4336 amari
2669 4326 2681 4349 ,
2714 4284 2808 4339 Sed
2838 4285 2999 4340 etiam
3049 4303 3145 4357 pro
3181 4289 3333 4344 nobis
3368 4306 3505 4346 con-

1899 4370 2179 4425 tumeliosa
2208 4371 2299 4424 illa
2333 4373 2480 4441 pati,
2526 4375 2756 4443 gloriam
2797 4377 3044 4432 vocabat.
3083 4379 3277 4434 Verum
3314 4382 3402 4436 illa
3434 4385 3505 4438 ob

1897 4465 2241 4520 dilectionem
2271 4476 2474 4521 tantum
2500 4470 2668 4538 gloria
2697 4482 2852 4525 erant
2883 4490 2894 4523 :
2924 4489 3044 4543 quzr.
3073 4484 3249 4529 autem
3282 4491 3380 4530 nos
3408 4493 3504 4546 pro

1901 4558 2017 4626 ipso
2047 4560 2185 4626 passi
2220 4558 2477 4613 fuerimus
2503 4603 2516 4620 .
2551 4578 2653 4613 non
2701 4573 2922 4632 propter
2966 4582 3204 4620 amorem
3255 4578 3458 4623 tantum
3488 4613 3503 4635 ,

1900 4652 1995 4706 sed
2024 4653 2183 4706 etiam
2219 4662 2439 4722 propter
2466 4654 2629 4707 amati
2661 4655 2887 4723 gloriam
2918 4665 2973 4711 ct
2997 4659 3312 4725 dignitatem
3341 4703 3351 4724 ,
3385 4663 3505 4732 glo-

1902 4745 1977 4798 ria
2008 4759 2131 4797 vi-rc
2158 4755 2419 4799 vocentur
2448 4755 2502 4800 et
2532 4746 2725 4800 fuerint

1973 4836 2133 4901 Quasi
2162 4849 2288 4904 ergo
2317 4833 2384 4887 ad
2410 4851 2636 4889 coronas
2667 4838 2930 4892 maximas
2959 4881 2973 4904 ,
3010 4840 3073 4892 ad
3125 4843 3355 4910 pericula
3408 4861 3504 4914 pro

1905 4929 2019 4996 ipso
2041 4928 2317 4982 subeunda
2344 4944 2623 4982 curramus
2652 4972 2664 4992 ,
2691 4946 2790 4983 nec
2817 4941 3186 4999 paupertatem
3215 4977 3228 4998 ,
3257 4936 3339 4988 vel
3367 4953 3510 4988 inor-

1903 5018 2026 5071 hum
2056 5061 2069 5083 ,
2103 5018 2185 5073 vel
2231 5020 2569 5084 molestiam,
2617 5022 2699 5075 vel
2737 5023 3143 5092 sycophantiam
3175 5067 3187 5088 ,
3221 5026 3303 5080 vel
3339 5028 3506 5096 ipsam

1905 5125 2134 5170 mortem
2165 5133 2383 5186 gravent
2407 5127 2459 5171 et
2488 5117 2768 5171 molestam
2794 5134 2913 5172 esse
2941 5129 3184 5185 putemus
3212 5164 3224 5186 ,
3251 5138 3370 5176 cum
3397 5123 3511 5177 Iizt-c

1906 5218 2125 5278 propter
2175 5209 2320 5262 illum
2365 5209 2677 5262 sustinenda
2731 5211 2855 5264 sint.
2913 5211 3047 5264 Nam
3104 5213 3148 5265 si
3197 5214 3507 5281 sapiamus,

1909 5318 2156 5371 magnum
2189 5301 2310 5355 inde
2341 5299 2569 5356 fructum
2617 5302 2966 5372 (ICCL‘I‘DCIIIIIS
2993 5321 3007 5368 ;
3055 5306 3510 5374 quemadmodum

1908 5393 2010 5447 nisi
2040 5395 2309 5461 sapiamus
2333 5435 2345 5457 ,
2379 5410 2446 5447 ne
2479 5413 2506 5446 ιι
2550 5396 2837 5448 contrariis
2882 5396 3098 5464 quidem
3141 5398 3341 5466 aliquid
3388 5399 3512 5452 boni

1909 5486 2255 5540 luerahimur.
2284 5486 2561 5556 Perpende
2588 5498 2765 5540 autem
2796 5504 2809 5540 :
2838 5489 2928 5542 tibi
2958 5490 3223 5558 quiSpiam
3248 5491 3514 5547 molestus

1911 5587 1991 5632 est
2017 5619 2032 5643 ,
2062 5588 2114 5630 et
2144 5579 2498 5631 adversatur?
2537 5579 2616 5631 Ad
2650 5579 2976 5648 vigilandum
3011 5591 3062 5635 te
3095 5581 3183 5634 ille
3215 5594 3515 5651 provocat,

1911 5670 2356 5738 ocrasioncmque
2397 5670 2488 5722 tibi
2533 5671 2767 5738 pra‘bct,
2817 5679 2876 5724 ut
2918 5675 2992 5726 sis
3036 5673 3147 5726 Deo
3193 5672 3408 5727 similis.
3461 5674 3513 5728 Si

1915 5761 2253 5815 insidiantem
2300 5763 2391 5814 tibi
2440 5762 2663 5833 diligas,
2695 5764 2889 5817 similis
2932 5780 3037 5818 eris
3079 5767 3127 5819 ei
3154 5806 3168 5830 ,
3219 5764 3318 5828 Qui
3359 5767 3516 5819 solum

1917 5856 2038 5908 oriri
2068 5856 2186 5924 [erit
2217 5872 2367 5924 super
2395 5855 2554 5910 malos
2584 5866 2626 5910 et
2657 5855 2811 5912 boues
2842 5855 2859 5927 (
2887 5856 3071 5912 Matth.
3109 5859 3158 5913 5.
3192 5859 3260 5913 45
3290 5864 3326 5928 ).
3352 5841 3514 5914 Ἀιίιις
