4112 6352
644 344 744 399 ‘8':

644 463 737 516 tibi
770 462 1015 531 pecunias
1038 457 1271 529 abripit?
1294 456 1350 513 Si
1379 470 1634 528 generose
1658 453 1796 509 feras
1815 494 1829 517 ,
1861 452 2105 507 eamdem
2129 464 2213 504 re.

645 555 809 623 cipies
851 551 1189 617 mercedem,
1236 565 1395 621 quam
1437 550 1480 604 si
1528 548 1615 618 qni
1667 547 1843 602 omnia
1893 544 2215 616 pauperibus

643 645 959 712 largiuntur.
989 641 1127 696 Nam
1172 642 1400 707 rapinam
1443 639 1744 708 facultatum
1783 647 2059 691 vestrarum
2084 676 2098 700 ,
2131 636 2215 689 in-

640 735 793 803 quit,
849 750 963 786 cum
1008 733 1195 803 gaudio
1240 730 1535 799 rxcepistis,
1583 730 1789 783 scientes
1829 744 1914 781 vos
1955 727 2212 780 meliorem

642 823 821 875 habere
847 832 893 876 et
937 831 1216 876 manentem
1257 822 1307 874 in
1343 821 1480 875 cwlis
1520 820 1849 873 substantiam
1890 816 2089 886 (Hebr.
2123 817 2207 871 10.

638 916 774 985 34)ξ
831 915 1120 970 Maledictis
1160 922 1212 968 et
1255 913 1509 967 conviciis
1557 922 1606 966 te
1648 911 1905 981 quispiam
1956 909 2210 963 incessit?

641 1006 748 1061 Seu
779 1022 899 1061 vera
926 1048 941 1072 ,
970 1020 1064 1060 seu
1095 1004 1224 1059 falsa
1258 1003 1343 1056 illa
1366 1003 1474 1057 sint
1499 1044 1513 1065 ,
1536 1016 1785 1056 coronam
1810 1000 1900 1055 tibi
1924 1000 2205 1052 maximam

640 1098 823 1151 nexuit
850 1137 866 1161 ,
892 1096 934 1148 si
961 1110 1115 1163 aequo
1141 1095 1321 1148 animo
1353 1094 1510 1147 feras.
1545 1092 1676 1147 Nam
1722 1091 2046 1162 schphanta
2090 1106 2205 1144 ma-

638 1204 793 1257 gnam
828 1189 979 1241 nobis
1018 1185 1323 1241 mercedem
1362 1185 1607 1240 conciliat
1653 1185 1672 1253 (
1704 1184 1926 1239 Gaudete
1950 1224 1964 1249 ,
1997 1184 2203 1253 inquit,

638 1289 685 1331 et
712 1277 954 1330 exsultate
980 1316 996 1342 ,
1028 1291 1141 1328 cum
1172 1291 1317 1329 omne
1344 1274 1532 1328 malum
1553 1276 1771 1329 dixerint
1790 1276 2049 1328 adversum
2079 1288 2164 1325 vos
2186 1312 2202 1339 ,

638 1368 965 1427 mentientes;
1007 1367 1128 1437 quia
1178 1381 1361 1419 merces
1404 1376 1566 1419 vestra
1612 1366 1815 1435 copiosa
1855 1374 1926 1418 est
1972 1366 2025 1418 in
2070 1365 2207 1418 cretis

638 1459 656 1527 (
687 1457 870 1511 Matth.
902 1458 954 1513 5.
989 1454 1211 1530 12.1!)
1244 1474 1256 1511 :
1285 1472 1513 1527 cumque
1536 1473 1661 1511 vera
1680 1456 1999 1519 dicit,etiam
2070 1457 2206 1510 mul-

638 1562 749 1605 tum
779 1550 1032 1619 prodest,
1062 1549 1103 1604 si
1135 1558 1308 1604 tamen
1338 1548 1477 1603 dicta
1508 1550 1766 1618 patienter
1796 1547 2047 1603 feramus.
2081 1549 2204 1603 Ete-

638 1643 745 1695 nim
778 1642 1076 1695 Phariszcus
1101 1641 1197 1694 ille.
1216 1654 1339 1694 vera
1367 1648 1549 1693 contra
1588 1639 1924 1708 publicanum
1966 1640 2205 1709 profere-

635 1733 724 1788 bat
754 1732 924 1803 (Luc.
954 1732 1041 1789 i8.
1069 1732 1127 1786 Η
1163 1732 1223 1801 );
1258 1731 1403 1786 atde
1448 1729 1730 1800 publicano
1764 1732 1964 1799 justum
2009 1732 2199 1787 etTecit.

633 1825 766 1892 Quid
798 1838 931 1893 opus
960 1834 1043 1879 est
1067 1822 1275 1893 singula
1306 1823 1597 1893 prosequi?
1627 1838 1746 1876 nam
1774 1822 1893 1878 Jobi
1918 1826 2207 1878 certamina

636 1916 980 1983 perpemlenti
1031 1916 1155 1969 licet
1193 1914 1368 1968 omnia
1407 1925 1653 1969 accurate
1701 1915 1928 1970 discere.
1979 1915 2207 1985 Ideoque

634 2005 827 2059 Paulus
851 2006 1061 2060 dicebat
1092 2015 1105 2050 ε
1142 2005 1202 2059 Si
1241 2004 1375 2058 Deus
1416 2002 1507 2072 pro
1548 2005 1720 2071 nobis,
1757 2007 1867 2076 quis
1902 2019 2076 2061 contra
2115 2024 2207 2063 nos

634 2095 652 2164 (
681 2096 827 2148 ltom.
856 2095 907 2151 8.
939 2096 999 2151 5|
1032 2095 1094 2163 )‘i
1138 2094 1203 2150 Ut
1232 2110 1358 2164 ergo
1388 2096 1431 2148 si
1462 2096 1694 2151 studium
1723 2097 2070 2154 adhibeamus
2094 2141 2107 2165 ,
2136 2100 2205 2156 ab

630 2184 695 2235 iis
717 2185 799 2250 qui
819 2184 970 2239 nobis
990 2184 1282 2241 molestiam
1308 2186 1539 2241 inferunt
1567 2229 1581 2251 ,
1605 2188 1810 2243 lucrum
1834 2200 2200 2258 reportamus:

629 2274 706 2327 sic
732 2275 773 2325 si
806 2275 977 2343 ignavi
1004 2275 1171 2329 simus
1191 2317 1205 2341 ,
1240 2291 1306 2331 ue
1333 2277 1399 2331 ab
1428 2278 1492 2331 iis
1520 2278 1733 2348 quidem
1758 2319 1774 2344 ,
1820 2281 1912 2349 qui
1949 2283 2202 2351 prodesse

631 2364 813 2417 volunt
836 2405 850 2425 ,
883 2365 1134 2419 meliores
1163 2364 1444 2421 efficimur.
1467 2367 1599 2433 Quid
1622 2368 1771 2423 iud-.1:
1793 2411 1807 2435 ,
1831 2387 2011 2439 quaeso
2034 2412 2048 2437 ,
2079 2387 2201 2442 pro-

630 2457 725 2509 fuit
762 2456 960 2509 Christi
998 2457 1441 2511 contubernium?
1483 2460 1609 2529 quid
1658 2460 1857 2514 iudicis
1903 2462 2028 2515 lex?
2073 2464 2197 2532 quid

626 2544 832 2598 Adamo
858 2544 1173 2614 paradisus?
1208 2546 1333 2617 quid
1367 2548 1429 2602 iis
1455 2588 1469 2613 ,
1514 2550 1602 2618 qui
1644 2550 1696 2604 in
1745 2551 1962 2606 deserto
2005 2562 2195 2620 erant,

625 2635 873 2706 Moyses?
901 2635 1255 2705 Quamobrem
1285 2637 1368 2691 bis
1388 2637 1655 2704 dimissis,
1686 2641 1743 2694 id"
1768 2657 1927 2697 unum
1952 2652 2197 2711 spectare

622 2725 913 2789 debemus,
956 2724 1223 2796 quomodo
1262 2736 1445 2783 nostra
1493 2738 1639 2785 recte
1686 2746 2087 2801 componamus.
2139 2736 2198 2791 Si

627 2815 728 2869 hoc
761 2816 1015 2871 faciamus
1039 2858 1054 2883 ,
1097 2833 1163 2872 ne
1205 2818 1317 2888 ipse
1360 2819 1573 2887 quidem
1608 2820 1848 2878 diabolus
1896 2826 2046 2881 nobis
2080 2843 2194 2883 um-

623 2922 779 2974 quam
809 2908 1052 2976 superior
1075 2908 1215 2971 erit;
1261 2910 1353 2965 sed
1388 2913 1554 2982 magis
1582 2915 1737 2969 nobis
1765 2917 2033 2986 proderit,
2064 2921 2191 2979 dum

622 3012 717 3049 nos
746 2997 809 3051 ad
842 2998 1161 3067 vigilandum
1186 3000 1405 3055 inducit.
1431 3001 1520 3059 Sic
1546 3002 1807 3074 Ephesios
1832 3008 2023 3064 Paulus
2049 3014 2194 3067 exci-

620 3087 785 3150 tavit,
831 3087 954 3140 dum
995 3088 1190 3142 diaboli
1241 3090 1501 3145 feritatem
1540 3107 1785 3151 narraret
1829 3099 2061 3169 (Ep/tes.
2089 3103 2189 3173 6).

620 3175 814 3229 Verum
847 3193 943 3231 nos
972 3192 1161 3234 somno
1188 3179 1351 3235 dediti
1379 3185 1651 3239 stertimus
1673 3227 1688 3252 ,
1712 3202 1832 3243 cum
1858 3206 1969 3245 rem
1994 3193 2190 3248 habea-

617 3296 1901 3321 '——-———-——__—__—

1328 344 1386 403 S.
1427 342 1702 402 JOANNIS
1740 310 2202 397 CliiiYSOSTOMl
2240 331 2553 389 ARCIIIEP.
2591 330 3117 391 CONSTANTINOP.

3808 336 3909 395 486

2338 461 2458 501 mus
2476 457 2658 502 contra
2685 457 2788 503 tam
2810 450 3094 520 malignum
3118 451 3342 508 hostem.
3367 455 3507 513 Sane
3530 457 3576 510 si
3602 469 3915 527 serpentem

2333 551 2501 607 prope
2543 538 2738 593 lectum
2777 551 3017 595 nostrum
3062 541 3272 599 latitare
3310 547 3606 608 sciremus.
3640 548 3775 602 nihil
3808 564 3911 603 ttOu

2323 642 2604 693 ageremus
2642 629 2709 683 ad
2749 630 2896 685 illum
2936 633 3319 702 occidendum;
3375 638 3589 693 diabolo
3631 652 3814 696 autem
3860 641 3914 696 iu

2320 717 2450 788 ipsis
2475 720 2669 775 animis
2701 723 2898 777 nostris
2929 724 3171 780 latitante
3192 768 3207 793 ,
3237 727 3369 781 nihil
3411 742 3507 782 nos
3552 730 3771 785 adversi
3805 734 3916 801 pati

2321 818 2565 878 putamus
2591 851 2605 875 ,
2640 812 2735 866 sed
2761 813 3095 872 concidimus
3125 836 3137 871 :
3168 818 3319 888 cujus
3340 820 3415 875 rei
3440 837 3602 877 causa
3624 833 3745 889 est,
3769 828 3917 895 quod

2317 901 2491 971 ipsum
2511 903 2680 959 oculis
2702 907 2940 976 corporis
2962 924 3067 962 non
3098 910 3373 969 videamus
3399 931 3411 967 :
3436 931 3760 987 quamquam
3793 919 3917 974 ideo

2317 995 2487 1064 magis
2518 996 2738 1067 vigilare
2776 1006 2829 1052 et
2872 1013 3065 1054 cavere
3113 1010 3407 1070 oporteret.
3440 1005 3571 1061 Nam
3606 1022 3636 1060 a
3664 1010 3913 1065 sensibili

2316 1087 2471 1141 hoste
2524 1086 2678 1143 facile
2718 1089 2840 1159 quis
2883 1092 3120 1157 caverit;
3167 1093 3235 1149 ab
3283 1094 3537 1152 invisibili
3582 1113 3753 1165 vero,
3807 1102 3911 1155 nisi

2316 1176 2550 1247 undique
2576 1180 2765 1234 armati
2792 1181 2957 1237 simus
2974 1224 2990 1249 ,
3014 1182 3171 1240 facile
3189 1184 3425 1257 eﬂugere
3448 1204 3554 1243 non
3576 1193 3907 1261 poterimus;

2316 1270 2548 1325 maxime
2576 1282 2755 1327 autem
2784 1275 2905 1343 quia
2942 1275 3034 1331 ille
3076 1292 3183 1332 non
3232 1289 3378 1335 recta
3417 1283 3501 1335 via
3550 1298 3647 1339 nos
3687 1287 3911 1356 aggredi

2314 1360 2484 1427 solet;
2517 1362 2649 1418 alias
2668 1364 2810 1418 enim
2840 1366 2949 1421 cito
2976 1377 3299 1438 caperetur;
3332 1373 3427 1428 sed
3466 1388 3609 1445 smpe
3638 1379 3743 1432 sub
3769 1380 3908 1435 ami-

2314 1452 2453 1507 citiae
2480 1455 2661 1523 specie
2682 1496 2696 1519 ,
2723 1456 3056 1514 crudelitatis
3085 1475 3345 1517 venenum
3377 1466 3635 1522 immittit.
3663 1469 3757 1526 Sic
3783 1470 3904 1528 Jobi

2313 1559 2539 1600 uxorem
2572 1545 2816 1613 induxit,
2847 1557 2905 1603 ut
2929 1562 3203 1623 assumpta
3230 1553 3534 1613 dilectionis
3566 1560 3715 1614 larva
3735 1602 3751 1627 ,
3787 1577 3907 1631 per-

2312 1635 2576 1691 niciosum
2631 1638 2761 1694 illud
2807 1642 3090 1699 consilium
3135 1645 3403 1715 proferret
3449 1668 3464 1705 :
3510 1651 3589 1707 sic
3637 1653 3908 1711 Adamum

2312 1725 2590 1797 alloquens
2617 1769 2630 1793 ,
2661 1744 2719 1784 se
2748 1744 2929 1786 curam
2960 1742 3016 1788 et
3043 1738 3398 1803 patrocinium
3432 1741 3601 1811 ipsius
3626 1745 3907 1816 suscipere

2313 1818 2525 1873 simulat
2550 1860 2564 1885 ,
2594 1821 2775 1877 dicens
2807 1842 2821 1879 :
2854 1826 3157 1895 Aperiantur
3185 1832 3323 1885 oculi
3363 1836 3547 1902 vestri,
3587 1853 3692 1906 qua
3726 1839 3811 1893 die
3845 1843 3907 1897 de

2313 1907 2449 1977 ligno
2474 1912 2787 1967 comederitis
2826 1913 2993 1987 (Gen.
3023 1919 3076 1974 ὅ.
3109 1916 3204 1991 5
3234 1920 3323 1977 Sic
3354 1924 3610 1993 pietatem
3642 1930 3905 1986 simulans

2311 1998 2557 2070 Jcphtha:
2596 2006 2805 2074 suasit,
2856 2016 2912 2062 ut
2960 2009 3123 2066 filiam
3169 2013 3515 2084 immoiaret,
3560 2028 3616 2073 et
3660 2021 3903 2091 iniquum

2310 2096 2630 2152 sacriﬁcium
2661 2099 2899 2157 oﬂ‘erret.
2927 2102 3117 2160 Viden'
3144 2106 3260 2177 ejus
3286 2110 3507 2165 insidias
3530 2111 3557 2166 ἲ
3580 2113 3763 2169 viden'
3787 2116 3907 2184 ejus

2316 2188 2522 2243 varium
2550 2188 2793 2247 bellum?
2820 2191 2963 2250 Cave
2988 2195 3183 2266 igitur,
3222 2210 3278 2255 et
3326 2210 3378 2256 te
3416 2203 3649 2275 undique
3695 2209 3904 2263 munito

2313 2279 2678 2347 Spiritualibus
2698 2284 2861 2339 armis
2882 2326 2897 2352 ,
2926 2287 3173 2357 illiusque
3194 2290 3625 2348 machinamenta
3648 2308 3903 2354 accurate

2311 2368 2457 2423 disce
2478 2410 2494 2434 ,
2528 2378 2585 2425 ut
2608 2388 2672 2427 ne
2703 2382 2753 2427 te
2773 2374 2864 2429 ille
2888 2390 3081 2446 capere
3111 2379 3320 2447 valeat,
3348 2391 3403 2437 et
3430 2392 3482 2438 tu
3513 2385 3661 2439 illum
3691 2390 3900 2458 capias.

2307 2460 2747 2532 Quandoquidem
2780 2465 2978 2523 Paulus
3003 2469 3083 2525 sic
3109 2470 3257 2525 illum
3287 2472 3520 2542 devicit,
3565 2477 3682 2534 hmc
3733 2484 3903 2549 probe

2305 2552 2560 2617 edoctus;
2592 2555 2712 2609 ideo
2750 2556 2999 2613 diccbat:
3051 2560 3173 2617 Non
3209 2566 3343 2618 enim
3385 2568 3522 2622 illius
3565 2572 3899 2642 cogitationes

2308 2643 2605 2713 ignoramus
2655 2646 2749 2716 (2.
2772 2647 2891 2703 Cor.
2921 2651 2975 2705 2.
3014 2652 3073 2707 11
3102 2654 3142 2722 ).
3170 2654 3278 2711 Nos
3302 2657 3479 2729 itaque
3505 2661 3651 2719 illius
3673 2665 3899 2722 insidias

2305 2733 2549 2791 ediscere
2575 2736 2885 2808 eteli‘ugere
2925 2757 3214 2811 curemus,
3261 2757 3322 2803 ut
3367 2762 3636 2820 reportata
3686 2755 3755 2811 de
3802 2757 3897 2812 illo

2304 2826 2524 2879 victoria
2547 2866 2561 2890 ,
2591 2836 2646 2882 et
2675 2828 2725 2881 in
2752 2833 3001 2897 praesenti
3027 2843 3084 2888 et
3112 2835 3164 2890 in
3206 2835 3386 2893 futuro
3424 2843 3623 2896 sacculo
3662 2845 3897 2902 victores

2302 2918 2654 2988 praidicemur
2678 2962 2694 2987 ,
2721 2930 2775 2976 et
2798 2921 3119 2980 immortalia
3143 2941 3495 2997 assequamur
3516 2932 3656 2989 bona
3681 2976 3697 3001 ,
3723 2938 3896 3007 gratia

2300 3020 2353 3063 et
2396 3010 2717 3082 benignitate
2759 3014 2967 3069 Domini
3010 3022 3181 3074 nostri
3217 3018 3345 3077 Jesu
3387 3022 3630 3093 Christi,
3672 3030 3893 3098 quicum

2302 3101 2467 3169 Patri,
2490 3119 2699 3174 unaque
2719 3104 2936 3174 Spiritui
2956 3118 3141 3164 sancto
3158 3110 3349 3181 gloria,
3370 3113 3673 3185 imperium,
3694 3118 3895 3191 honor,

2305 3210 2445 3250 nunc
2474 3207 2529 3251 et
2560 3212 2770 3266 semper
2794 3237 2810 3255 .
2847 3206 2902 3253 et
2947 3199 2999 3253 in
3056 3204 3251 3257 szecula
3303 3210 3646 3265 saeculorum.
3694 3215 3892 3269 Amen.

1924 3314 3898 3356 ————________________

2052 3376 2399 3443 HOMILIA
2443 3383 2559 3444 XI.

616 3504 743 3561 Car.
792 3506 844 3562 6.
894 3523 947 3561 v.
977 3507 1030 3562 5.
1063 3506 1123 3562 Si
1151 3508 1282 3563 enim
1308 3508 1634 3579 complantati
1659 3512 1782 3581 facti
1807 3531 1981 3571 sumus
2010 3519 2195 3575 simili-

686 3598 851 3651 tudini
880 3600 1055 3652 mortis
1086 3599 1193 3668 ejus
1218 3641 1233 3666 ,
1264 3600 1415 3654 simul
1440 3612 1487 3655 et
1512 3606 1891 3661 resurrectionis
1911 3610 2121 3666 erimus.

684 3690 736 3742 1.
776 3688 926 3761 Quod
953 3689 1063 3758 jam
1095 3705 1256 3758 supra
1285 3691 1394 3744 dixi
1420 3731 1435 3755 ,
1480 3706 1622 3748 nunc
1667 3695 1828 3749 etiam
1872 3697 2081 3768 dicam,
2116 3703 2196 3773 ip~

614 3795 731 3836 sum
762 3779 1072 3849 frequenter
1099 3782 1151 3835 in
1183 3782 1438 3837 moralem
1468 3785 1767 3841 orationem
1798 3788 2045 3859 digredi,
2088 3811 2196 3849 non

617 3880 674 3924 ut
702 3870 752 3923 in
779 3870 899 3923 aliis
927 3870 1167 3939 epistolis
1192 3910 1206 3935 ,
1241 3885 1374 3941 quas
1399 3872 1453 3925 in
1480 3872 1588 3927 duo
1613 3874 1798 3931 dividit
1829 3896 1841 3933 :
1872 3894 1935 3935 ac
1961 3884 2193 3949 priorem

615 3966 822 4029 partem
868 3958 1201 4028 dogmatibus
1244 3961 1494 4030 deputat,
1527 3964 1748 4019 alteram
1792 3984 1997 4026 morum
2028 3988 2191 4031 curae.

615 4052 710 4107 llic
739 4068 866 4107 vero
905 4068 1007 4107 non
1052 4054 1214 4109 item:
1244 4070 1341 4125 per
1373 4065 1533 4111 letam
1564 4060 1704 4113 enim
1736 4063 2017 4130 epistolam
2065 4082 2188 4135 per-

617 4142 819 4195 mixtim
858 4142 923 4197 de
954 4152 1175 4213 utroque
1196 4146 1321 4215 agit,
1352 4156 1409 4200 ut
1454 4159 1671 4218 accepta
1702 4152 1770 4205 sit
1814 4156 2003 4209 oratio.
2051 4158 2193 4213 Duas

618 4246 745 4300 ergo
777 4230 861 4285 hic
876 4236 948 4285 ait
970 4236 1403 4291 mortilicaliones
1434 4237 1670 4307 duasque
1692 4252 1929 4308 mortes;
1954 4255 2007 4299 ct
2034 4248 2190 4301 aliam

618 4322 831 4390 quidem
859 4338 888 4376 a
918 4323 1131 4378 Christo
1154 4324 1343 4380 factam
1375 4342 1493 4382 esse
1524 4330 1575 4382 in
1604 4330 1939 4401 baptismate,
1969 4336 2191 4394 alteram

618 4429 746 4467 vero
773 4430 798 4467 a
831 4414 985 4469 nobis
1015 4415 1130 4470 ﬁeri
1160 4426 1410 4486 oportere
1440 4437 1533 4489 per
1576 4423 1906 4493 subsequens
1931 4429 2187 4485 studium.

617 4505 746 4560 Nam
795 4510 935 4578 quod
969 4509 1141 4577 priora
1193 4521 1409 4579 peccata
1455 4516 1659 4583 sepulta
1700 4515 1919 4585 fuerint,
1953 4536 2017 4574 ex
2052 4523 2191 4578 illius

615 4596 755 4650 dono
777 4596 969 4652 factum
990 4608 1101 4663 est;
1128 4601 1266 4671 quod
1290 4612 1465 4658 autem
1488 4616 1604 4674 post
1625 4608 1946 4676 baptismum
1978 4624 2192 4681 peccato

620 4689 811 4741 mortui
842 4706 1149 4747 maneamus
1174 4733 1187 4756 ,
1222 4694 1273 4748 id
1319 4696 1475 4749 studii
1512 4701 1675 4753 nostri
1705 4714 1839 4771 opus
1866 4720 1983 4759 esse
2012 4705 2189 4772 debet,

617 4779 717 4831 etsi
749 4780 1016 4834 videamus
1061 4782 1224 4837 Deum
1276 4786 1326 4838 in
1361 4787 1505 4842 hisce
1555 4806 1653 4845 nos
1705 4795 1928 4848 multum
1977 4797 2189 4865 juvare.

618 4870 881 4939 Baptisms
915 4874 1055 4926 enim
1101 4890 1205 4928 non
1238 4876 1397 4931 modo
1426 4880 1598 4947 priora
1643 4882 1833 4939 delicta
1876 4889 2055 4945 delere
2096 4906 2193 4961 poo

615 4973 738 5030 test,
768 4966 861 5019 sed
892 4967 1049 5021 etiam
1071 4968 1329 5024 adversus
1354 4972 1523 5026 futura
1553 4975 1784 5032 firmare.
1831 4981 2189 5047 Quemadmo-

616 5053 739 5107 dum
766 5070 893 5125 ergo
916 5056 985 5109 ibi
1028 5058 1183 5112 fidem
1216 5060 1527 5128 adhibuisti,
1554 5074 1609 5119 ut
1639 5066 1729 5121 illa
1751 5068 2057 5128 delerentur
2080 5078 2190 5134 :sic

612 5154 663 5196 et
687 5144 737 5197 in
767 5149 1110 5213 sequentibus
1133 5151 1290 5205 studii
1316 5155 1659 5212 mutationem
1687 5160 1899 5229 exhibe,
1920 5180 1985 5218 ne
2007 5182 2189 5224 rursus

616 5237 840 5305 teipsum
881 5242 1350 5299 contaminaveris.
1402 5247 1526 5302 "LUC
1570 5259 1623 5304 et
1664 5251 1855 5308 similia
1902 5259 2189 5316 consulens

612 5326 779 5381 dicit:
832 5330 893 5383 Si
942 5332 1073 5385 enim
1105 5336 1437 5404 complantati
1480 5342 1603 5408 facti
1654 5359 1825 5399 sumus
1868 5347 2187 5404 similitudini

611 5422 784 5473 mortis
840 5423 979 5494 ejus,
1027 5425 1177 5479 simul
1225 5437 1272 5481 et
1317 5432 1692 5488 resurrectionis
1736 5438 1946 5493 erimus.
2004 5440 2172 5497 Viden

608 5515 875 5581 quomodo
897 5516 1187 5571 auditorem
1207 5521 1393 5591 erigat,
1431 5522 1495 5577 ad
1523 5524 1799 5582 Dominum
1823 5546 1975 5586 suum
2007 5536 2187 5591 statim

610 5604 755 5657 illum
778 5606 1070 5665 adducens.
1100 5620 1153 5663 et
1175 5614 1391 5668 multam
1435 5626 1655 5671 conatus
1682 5624 1961 5680 ostendere
1998 5629 2171 5682 simili-

611 5700 881 5753 tudmcm?
910 5699 1194 5771 Propterea
1225 5720 1327 5761 non
1354 5707 1507 5777 dixit,
1540 5709 1715 5782 Morti,
1740 5724 1797 5770 ut
1824 5732 1891 5773 ne
1913 5720 2177 5777 contradi-

2305 3544 2426 3596 cas;
2450 3529 2568 3597 sed,
2599 3530 2944 3587 Similitudini
2971 3536 3145 3590 mortis
3166 3552 3187 3590 :
3216 3552 3392 3609 neque
3418 3541 3560 3595 enim
3588 3541 3895 3599 substantia

2304 3620 2418 3689 ipsa
2434 3630 2638 3676 mortua
2660 3632 2761 3687 est,
2790 3626 2884 3680 sed
2908 3626 3068 3682 homo
3088 3643 3153 3683 ex
3183 3631 3416 3697 peccatis
3444 3642 3633 3699 natus,
3668 3635 3720 3688 id
3764 3649 3852 3691 est
3877 3677 3893 3699 ,

2303 3710 2527 3765 malitia.
2551 3711 2660 3766 Nec
2685 3712 2841 3779 dixit,
2873 3713 2929 3770 Si
2960 3717 3101 3770 enim
3126 3720 3414 3789 participes
3441 3722 3563 3776 facti
3594 3739 3778 3779 sumus
3812 3728 3896 3780 si-

2304 3802 2621 3873 militudinis
2648 3807 2876 3871 mortis;
2908 3808 3001 3862 sed
3029 3810 3195 3877 quid?
3219 3812 3281 3865 Si
3308 3814 3439 3867 enini
3459 3818 3791 3886 complantati
3812 3836 3905 3872 su-

2303 3908 2414 3947 mus
2438 3883 2813 3964 iplantationis
2829 3900 3047 3955 nomine
3080 3902 3306 3958 fructum
3336 3906 3453 3975 ejus
3485 3908 3535 3961 in
3570 3883 3723 3964 nobis
3761 3913 3896 3967 sub-

2302 3983 2558 4042 iudicans.
2599 3989 2751 4043 Sicut
2796 3993 2940 4045 enim
2978 4006 3174 4063 corpus
3203 3995 3320 4065 ejus
3345 4000 3612 4068 sepultum
3647 4004 3697 4056 in
3745 4014 3892 4060 terra

2299 4075 2527 4132 fructum
2572 4080 2721 4136 orbis
2767 4084 2993 4139 salutem
3025 4088 3220 4153 attulit,
3255 4089 3325 4143 ita
3353 4100 3407 4145 et
3434 4103 3675 4149 nostrum
3704 4096 3758 4150 in
3788 4098 3893 4151 ba-

2299 4168 2550 4235 ptismate
2570 4172 2833 4240 sepultum
2865 4174 3093 4230 fructum
3134 4179 3253 4232 tulit
3275 4180 3557 4250 justitiam,
3583 4188 3890 4242 sanctiﬁca-

2300 4260 2531 4328 tionem,
2582 4263 2925 4332 adoptionem
2952 4307 2967 4332 ,
3018 4268 3295 4326 innumera
3336 4271 3473 4328 bona
3502 4291 3518 4328 :
3546 4274 3681 4332 feret
3718 4280 3886 4335 etiam

2299 4349 2514 4407 demum
2569 4358 2978 4413 resurrectionis
3017 4359 3236 4416 donum.
3281 4364 3413 4432 Quia
3471 4366 3630 4437 igitur
3682 4388 3779 4425 nos
3832 4375 3889 4428 in

2299 4454 2456 4511 aqua,
2496 4443 2610 4512 ipse
2638 4446 2689 4499 in
2736 4456 2914 4514 terra;
2968 4464 3065 4504 nos
3100 4466 3196 4522 per
3222 4457 3423 4524 peccati
3462 4460 3747 4529 rationem,
3795 4463 3892 4521 ille

2300 4548 2395 4601 per
2419 4538 2657 4605 corporis
2674 4540 2913 4608 sepultus
2942 4551 3054 4597 est:
3082 4544 3203 4600 ideo
3222 4562 3326 4602 non
3349 4548 3502 4617 dixit,
3526 4551 3889 4622 Complantati

2298 4627 2477 4691 morti,
2517 4628 2633 4694 sed,
2661 4631 2998 4688 Similitudini
3014 4638 3190 4691 mortis
3225 4654 3243 4692 :
3273 4654 3418 4695 mors
3446 4644 3589 4696 enim
3615 4655 3669 4699 et
3696 4648 3799 4700 hoc
3826 4661 3884 4703 et

2298 4717 2425 4772 illud
2472 4728 2574 4785 est,
2606 4722 2700 4774 sed
2731 4737 2835 4776 non
2865 4725 3105 4793 ejusdem
3134 4731 3417 4798 suppositi.
3443 4731 3497 4786 Si
3520 4748 3667 4803 ergo,
3688 4736 3884 4805 inquit,

2296 4807 2350 4862 in
2390 4818 2561 4865 morte
2587 4812 2929 4881 complantati
2962 4815 3081 4871 facti
3129 4833 3343 4886 sumus,
3376 4833 3427 4877 et
3474 4829 3891 4885 resurrectionis

2297 4901 2518 4968 erimus;
2546 4905 2993 4961 resurrectionem
3017 4908 3101 4963 hic
3130 4909 3359 4966 futuram
3382 4914 3584 4972 dicens.
3608 4917 3738 4971 Nam
3757 4936 3885 4974 cuin

2296 4992 2540 5061 superius
2569 4992 2635 5048 de
2685 5003 2856 5049 morte
2884 4995 3176 5066 disserens,
3205 5017 3268 5057 ac
3296 5003 3481 5060 dicens
3516 5024 3529 5059 :
3573 5009 3651 5061 An
3673 5011 3889 5080 ignora~

2298 5080 2380 5146 tis,
2404 5085 2605 5151 fratres,
2628 5084 2763 5152 quod
2792 5086 3093 5158 quicumque
3117 5091 3169 5144 in
3188 5091 3389 5148 Christo
3411 5096 3654 5165 baptizali
3681 5116 3883 5168 smnus,

2295 5171 2348 5223 in
2382 5185 2590 5227 mortem
2632 5175 2793 5244 ipsius
2833 5177 3076 5247 baptizati
3105 5185 3323 5240 sumus?
3354 5188 3489 5241 nihil
3518 5190 3586 5244 de
3637 5206 3889 5250 resurre-

2294 5264 2471 5319 ctione
2518 5264 2665 5320 clare
2704 5265 3051 5339 disseruerit,
3100 5274 3192 5329 sed
3220 5274 3288 5331 de
3314 5280 3436 5331 vita:
3477 5281 3718 5335 instituto
3754 5297 3887 5354 post

2296 5356 2577 5426 baptisma,
2606 5359 2800 5428 jubens
2828 5361 2880 5416 in
2904 5366 3135 5421 novitate
3164 5368 3283 5423 vita:
3304 5370 3609 5429 ambulare:
3641 5375 3761 5432 ideo
3790 5378 3888 5435 hic

2295 5449 2481 5503 eodem
2502 5461 2777 5521 resumpto
2800 5466 3068 5522 sermone,
3095 5458 3237 5512 illam
3268 5461 3423 5517 nobis
3447 5462 3659 5520 demum
3691 5482 3885 5522 resur-

2294 5543 2581 5597 rectionem
2614 5546 2955 5612 pracnuntiat.
2986 5550 3050 5602 Et
3081 5559 3135 5602 ut
3159 5550 3352 5620 discas,
3378 5556 3527 5612 illum
3551 5574 3655 5612 non
3679 5560 3746 5615 de
3777 5561 3887 5619 hac

2294 5630 2460 5701 loqui,
2489 5649 2609 5703 qua:
2639 5650 2702 5688 ex
2738 5634 3002 5705 baptismo
3024 5650 3125 5707 est,
3151 5643 3242 5697 sed
3267 5644 3334 5700 de
3364 5647 3451 5701 illa
3478 5666 3490 5704 :
3521 5650 3608 5705 ubi
3631 5652 3784 5718 dixit,
3814 5655 3887 5709 Si

2293 5726 2620 5795 complantnti
2657 5726 2781 5797 [acti
2810 5746 2983 5786 sumus
3008 5731 3321 5791 similitudini
3351 5742 3527 5797 mortis
3570 5744 3680 5816 eius
3704 5788 3717 5814 ,
3771 5761 3889 5804 non
