4112 6352
185 321 290 380 λεδ

184 453 308 490 στον
357 435 570 506 λέγειν,
609 437 787 504 ἔξεστι
830 439 938 510 γὰρ
985 439 1286 496 ἐπελθόντα
1329 444 1457 507 τοὺς
1514 445 1710 510 ἄθλους
1761 449 1860 502 τοῦ

193 521 314 578 Ἰὼϐ
343 523 559 578 ἅπαντα
598 523 770 579 ταῦτα
813 529 932 596 μετ’
981 527 1268 599 ἀκριϐείας
1302 529 1514 599 μαθεῖν.
1561 533 1661 587 Διὰ
1701 535 1860 588 τοῦτο

180 611 274 664 καὶ
300 613 330 664 6
369 611 583 676 Παῦλος
603 613 786 680 ἔλεγεν
806 629 819 643 ·
856 615 925 667 El
961 617 994 669 ό
1025 618 1168 681 Θεὸς
1195 617 1350 685 ὑπὲρ
1372 617 1562 687 ἡμῶν,
1595 622 1689 688 τίς
1730 625 1858 678 καθ’

176 698 392 769 qusi-ir;
420 701 634 772 Ὠσπερ
667 696 762 755 οὖν
793 703 1188 768 σπουδάζοντες
1214 706 1308 759 καὶ
1341 706 1450 759 ἀπὸ
1480 708 1588 761 τῶν
1622 708 1853 765 λυπούν-

177 805 286 841 των
319 789 700 859 κερδαίνομεν,
733 789 874 843 οὕτω
905 791 1278 860 ῥᾳθυμοῦντες
1300 793 1418 847 οὐδὲ
1442 795 1553 848 ἀπὸ
1577 796 1686 850 τῶν
1710 798 1859 868 ὠφε-

180 874 423 929 λούντων
452 877 710 944 ἀμείνους
739 877 1022 946 γινόμεθα.
1050 878 1116 930 Τί
1149 878 1258 950 γὰρ
1279 880 1371 933 τὸν
1413 882 1613 937 Ἰούδαν
1645 886 1861 958 ὠφέλη-

180 978 294 1024 οεν,
327 961 455 1015 εἰπέ
482 979 595 1032 μοι,
631 965 664 1032 ἡ
691 963 785 1014 τοῦ
815 964 1053 1032 Χριστοῦ
1093 966 1380 1031 συνουσίας
1412 968 1465 1020 τί
1493 968 1548 1022 δὲ
1573 973 1701 1036 τοὺς
1730 973 1861 1026 Ἰου-

177 1045 358 1110 δαίους
378 1051 410 1101 6
432 1048 624 1117 νόμος;
650 1049 704 1102 τί
724 1049 780 1101 δὲ
811 1049 903 1102 τὸν
936 1050 1107 1122 Ἀδάμ
1138 1051 1168 1103 6
1189 1052 1551 1123 παράδεισος;
1577 1058 1631 1110 τί
1651 1057 1707 1110 δὲ
1734 1059 1862 1124 τοὺς

177 1134 234 1184 ἐν
258 1137 325 1203 τῇ
364 1135 560 1204 ἐρήμῳ
595 1135 868 1205 Μωῦσῆς;
894 1137 995 1191 Διά
1030 1155 1114 1190 τοι
1144 1139 1304 1192 τοῦτο
1338 1139 1514 1195 πάντα
1557 1143 1793 1211 ἀφέντας
1817 1156 1859 1212 ⁸,

177 1217 234 1270 ἓν
264 1219 350 1272 δεῖ
384 1223 610 1273 σκοπεῖν
650 1221 835 1290 μόνον,
866 1223 1015 1288 ὅπως
1053 1224 1122 1277 τά
1152 1225 1273 1278 καθ’
1312 1228 1537 1292 ἑαυτοὺς
1573 1230 1862 1304 οἰκονομή-

179 1320 361 1375 σωμιν
385 1304 596 1369 καλῶς·
629 1307 731 1360 κᾶν
751 1308 907 1362 τοῦτο
930 1311 1194 1380 ποιῶμεν,
1223 1313 1344 1366 οὐδὲ
1371 1314 1534 1379 αὐτὸς
1558 1317 1587 1369 6
1617 1317 1862 1383 διάϐολος

176 1390 332 1458 ἡμῶν
364 1393 654 1461 περιέσται
675 1396 824 1459 ποτὲ,
842 1395 978 1450 ἀλλά
1002 1398 1095 1450 καὶ
1114 1398 1377 1468 μειζόνως
1397 1402 1544 1471 ἡμᾶς
1563 1403 1860 1475 ὠφελήσει,

176 1477 371 1564 νήφειν
404 1480 862 1564 παρασκευάζων.
885 1482 1042 1564 Οῦτω
1069 1485 1202 1553 γοῦν
1241 1488 1338 1542 καὶ
1366 1489 1494 1551 τοὺς
1523 1490 1805 1558 Ἐφεσίους
1833 1491 1861 1543 6

176 1562 387 1626 Παῦλος
421 1563 665 1636 διήγειρε
691 1606 706 1627 .
757 1567 856 1638 τὴν
903 1562 1111 1622 ἐκείνου
1153 1571 1511 1643 διηγούμενος
1538 1575 1859 1647 ἀγριότητα.

189 1649 329 1702 Ἀλλ’
343 1653 512 1721 ἡμεῖς
529 1651 858 1724 καθεύδομεν
876 1656 967 1708 καὶ
987 1657 1254 1728 ῥέγχομεν
1273 1660 1547 1714 καὶταῦτα
1567 1663 1701 1733 πρὸς
1719 1662 1861 1715 οὕτω

176 1736 420 1815 πονηρὸν
455 1736 712 1807 πολέμιον
734 1738 966 1810 ἔχοντες.
1000 1744 1108 1795 Καὶ
1126 1747 1173 1796 εἰ
1200 1748 1299 1814 μὲν
1319 1746 1442 1814 ὅφιν
1472 1747 1858 1818 ἐμφωλεύοντα

177 1823 427 1893 ἔγνωμεν
468 1827 620 1896 παρὰ
653 1827 752 1897 τὴν
806 1829 992 1900 κλίνην
1042 1832 1141 1902 τὴν
1189 1835 1500 1905 ἡμετέραν,
1548 1836 1749 1906 πολλὴν
1795 1836 1861 1890 ἂν

175 1912 562 1982 ἐποιησάμεθα
594 1915 830 1982 σπουδὴν
857 1918 997 1972 ὥστε
1019 1921 1182 1974 αὐτὸν
1211 1923 1422 1976 ἀνελεῖν
1445 1940 1458 1953 ·
1492 1925 1586 1978 τοῦ
1607 1925 1857 1978 διαϐόλου

175 1996 229 2050 δὲ
271 1998 688 2067 ἑμφωλεύοντος
737 2003 895 2073 ἡμῶν
947 2008 1070 2070 ταῖς
1112 2007 1333 2078 ψυχαῖς,
1363 2010 1517 2063 οὐδὲν
1578 2011 1860 2081 ἡγούμεθα

179 2084 411 2154 πάσχειν
462 2087 666 2151 δεινὸν,
724 2090 840 2144 ἀλλ’
898 2093 1396 2166 ἀναπεπτώκαμεν.
1450 2097 1524 2151 T6
1566 2097 1624 2151 δὲ
1662 2099 1856 2163 αἴτιον,

177 2173 364 2242 ἐπειδὴ
407 2177 518 2238 τοῖς
552 2175 850 2247 ὀφθαλμοῖς
887 2181 986 2249 οὐχ
1019 2181 1235 2252 ὁρῶμεν
1265 2183 1430 2238 αὐτὸν
1472 2187 1586 2244 τοῖς
1627 2185 1722 2238 τοῦ
1755 2184 1862 2237 σώ-

182 2275 376 2327 ματος·
421 2261 596 2314 καίτοι
621 2263 707 2316 διά
737 2265 894 2318 τοῦτο
926 2267 1097 2337 ἐχρῆν
1130 2269 1489 2340 ἐγρηγορέναι
1528 2270 1728 2341 μᾶλλον
1763 2271 1858 2324 καὶ

177 2346 388 2415 νήφειν.
434 2347 536 2401 Τὸν
563 2349 663 2419 μὲν
702 2351 809 2422 γὰρ
844 2352 1103 2423 αἰσθητὸν
1137 2355 1395 2425 πολέμιον
1424 2357 1527 2410 κᾶν
1562 2358 1856 2425 φυλάξαιτό

178 2447 256 2493 τις
309 2433 533 2504 ῥᾳδίως,
576 2435 668 2488 16v
703 2436 762 2488 δὲ
805 2437 1054 2506 ἀόρατον,
1104 2438 1172 2494 ἂν
1218 2441 1294 2511 μὴ
1339 2441 1429 2495 διὰ
1456 2444 1658 2506 παντὸς
1705 2438 1856 2513 ὦμεν

179 2517 638 2592 καθωπλισμένοι,
673 2524 733 2576 οὐ
766 2524 1106 2597 δυνησόμεθα
1135 2529 1372 2593 εὐκόλως
1401 2531 1719 2600 διαφυγεῖν·
1764 2531 1857 2584 καὶ

234 2725 266 2761 ⁸
305 2726 391 2779 Sic
429 2742 552 2785 mss.
600 2738 652 2782 el
681 2732 867 2796 Savﬂ.,
903 2736 1090 2787 rectius
1129 2737 1330 2801 vulgato
1360 2739 1569 2803 ἀφέντες.
1597 2739 1734 2789 Ευιτ.

1307 327 1372 382 IN
1415 329 1630 387 EI’IST.
1671 334 1762 387 AD
1801 334 1966 394 non.
2023 335 2256 394 HOMIL.
2301 325 2396 393 χι.

3533 337 3640 395 686

1966 452 2220 523 μάλιστα,
2254 454 2337 507 ὄτι
2369 453 2491 507 οὐδὲ
2536 452 2596 519 ἐξ
2627 453 2844 517 εὐθείας
2881 447 2989 508 οἵδε
3045 455 3302 528 πολεμεῖν
3323 472 3334 484 ·
3373 451 3410 524 ἧ
3434 455 3542 527 γάρ
3572 456 3640 510 ἂν

1962 541 2108 594 ἑάλω
2141 542 2384 612 ταχέως·
2429 541 2564 595 ἀλλά
2606 543 2849 612 σχήματι
2877 543 3142 608 πολλάκις
3186 543 3371 612 φιλίας
3417 543 3510 596 16v
3556 542 3658 611 τῆς

1966 627 2252 697 ὠμότητος
2293 628 2373 683 ίὺν
2401 627 2631 699 ἐνίησιν.
2658 631 2816 684 Οὕτω
2852 630 2985 701 γοῦν
3027 632 3124 684 καὶ
3156 630 3256 702 τὴν
3293 633 3529 699 γυναῖκα
3561 629 3657 682 τοῦ

1976 714 2097 769 Ἰὼϐ
2123 717 2150 755 b
2174 715 2580 785 παρεσκεύασε,
2597 720 2942 787 προσωπεῖον
2961 717 3348 789 φιλοστοργίας
3376 716 3657 771 ὐποδῦσαν

1963 803 2064 872 τὴν
2104 805 2348 874 πονηρὰν
2386 803 2604 872 ἐκείνην
2653 805 2989 871 εἰσενεγκεῖν
3019 804 3354 874 συμϐουλήν·
3387 802 3532 856 οὕτω
3561 804 3654 855 καὶ

1971 889 2040 958 τῷ
2078 889 2249 957 Ἀδὰμ
2303 889 2722 959 διαλεγόμενος,
2766 890 3125 962 ὑποκρίνεται
3183 890 3244 944 16
3297 891 3657 961 κηδεμονικὸν

1963 976 2057 1028 καὶ
2089 975 2474 1046 προστατικὸν,
2516 975 2713 1044 λέγων,
2756 976 2839 1030 ὅτι
2879 976 3366 1046 Ἀνοιχθήσονται
3395 974 3565 1045 ὑμῶν
3601 977 3656 1029 οἱ

1963 1061 2257 1132 ὀφθαλμοί
2293 1057 2333 1134 ᾖ
2359 1063 2434 1117 ἂν
2477 1064 2665 1133 ἡμέρᾳ
2697 1063 2930 1133 φάγητε
2961 1063 3081 1118 ἀπὸ
3109 1068 3219 1118 τοῦ
3251 1063 3467 1127 ξύλου.
3499 1061 3656 1116 Οὕτω

1964 1149 2060 1203 καὶ
2096 1149 2190 1203 16v
2230 1149 2441 1218 Ἰεφθάε
2491 1148 2775 1210 ἀνέπεισεΔ
2809 1152 3164 1221 προσχήματι
3213 1148 3501 1212 εὐσεϐείας
3537 1149 3651 1218 ,τὴν

1964 1235 2243 1309 θυγατέρα
2282 1236 2654 1307 κατασφάξαι,
2688 1237 2783 1290 καὶ
2816 1237 2915 1307 τὴν
2956 1239 3276 1308 παράνομον
3311 1237 3504 1291 θυσίαν
3562 1238 3655 1289 ἀν-

1969 1327 2239 1392 ενεγκεῖν.
2269 1319 2424 1388 Εἶδες
2436 1323 2604 1378 αὐτοῦ
2632 1325 2738 1385 τὰς
2751 1325 3065 1393 μεθοδείας;
3113 1323 3251 1389 εἶδες
3278 1327 3369 1379 16v
3409 1324 3656 1380 ποικίλον

1963 1412 2202 1482 πόλεμον
2224 1427 2238 1476 ;
2257 1411 2533 1466 Φυλάττου
2559 1411 2762 1474 τοίνυν,
2790 1413 2882 1466 καὶ
2909 1413 3250 1482 πανταχόθεν
3275 1414 3515 1482 φράττου
3541 1415 3655 1474 τοῖς

1961 1498 2150 1562 ὅπλοις
2174 1501 2287 1562 τοῖς
2315 1503 2727 1569 πνευματικοῖς,
2760 1503 2854 1553 καὶ
2889 1500 3283 1571 καταμάνθανε
3308 1500 3408 1564 τάς
3442 1500 3655 1554 ἐκείνου

1966 1587 2216 1656 μηχανὰς
2245 1587 2384 1657 μετά
2415 1586 2724 1657 ἀκριϐείας,
2760 1586 2848 1641 ἵνα
2874 1588 2968 1642 καὶ
3004 1588 3284 1652 ἀνάλωτος
3304 1583 3372 1660 ᾖς
3404 1587 3499 1640 καὶ
3528 1587 3658 1658 ἕλῃς

1963 1674 2126 1728 αὐτὸν
2164 1673 2437 1736 εὐκόλως·
2499 1674 2622 1728 ἐπεὶ
2655 1676 2747 1727 καὶ
2794 1674 3011 1739 Παῦλος
3054 1675 3228 1739 οὖ.ως
3284 1674 3452 1728 αὐτοῦ
3493 1691 3655 1744 περι-

1961 1760 2201 1827 εγένετο,
2234 1760 2409 1816 ταῦτα
2443 1760 2582 1831 μετά
2631 1761 2919 1832 ἀκριϐείας
2947 1761 3384 1832 καταμανθάνων
3404 1778 3418 1792 ⁸
3447 1761 3529 1814 διὸ
3559 1762 3654 1812 κα)⁸

1963 1847 2148 1913 ἔλεγεν
2171 1862 2183 1874 ·
2214 1849 2298 1900 Οὐ
2346 1848 2456 1916 γὰρ
2485 1847 2674 1901 αὐτοῦ
2704 1846 2776 1900 τὰ
2824 1849 3099 1917 νοήματα
3145 1846 3507 1917 ἀγνοοῦμεν.
3541 1845 3653 1896 Καὶ

1965 1935 2124 2004 ἡμεῖς
2147 1934 2329 1987 τοίνυν
2357 1934 2450 1986 καὶ
2475 1933 2664 2004 μαθεῖν
2687 1935 2780 1987 καὶ
2802 1938 2996 2003 φυγεῖν
3027 1935 3126 1998 τὰς
3159 1932 3452 1995 ἐπιϐουλὰς
3479 1932 3648 1986 αὐτοῦ

1967 2020 2382 2089 σπουδάσωμεν,
2422 2019 2511 2072 ἵνα
2544 2020 2642 2090 τὴν
2687 2022 2805 2073 κατ’
2839 2019 3004 2074 αὐτοῦ
3036 2021 3196 2090 νίκην
3227 2019 3519 2089 ἀράμενοι,
3557 2017 3650 2070 καὶ

1962 2105 2106 2158 κατὰ
2147 2106 2240 2160 τὸν
2274 2107 2520 2176 παρόντα
2557 2107 2693 2176 βίον,
2737 2107 2834 2160 καὶ
2867 2109 3009 2161 κατά
3042 2107 3136 2161 τὸν
3183 2105 3337 2178 [550]
3381 2104 3649 2176 μέλλοντα

1961 2191 2437 2262 ἀνακηρυχθῶμεν
2479 2192 2673 2259 αἰῶνα,
2711 2193 2808 2246 καὶ
2834 2192 2942 2246 τῶν
2972 2193 3269 2265 ἀκηράτων
3295 2191 3650 2261 ὲπιτύχωμεν

1959 2278 2205 2347 ἀγαθῶν,
2262 2278 2448 2349 χάριτι
2498 2280 2593 2332 καὶ
2641 2278 3025 2352 φιλανθρωπίᾳ
3067 2280 3166 2333 τοῦ
3215 2277 3422 2348 Κυρίου
3487 2277 3647 2345 ἡμῶν

1980 2365 2155 2434 Ἰησοῦ
2185 2364 2446 2434 Χριστοῦ,
2479 2365 2600 2434 μεθ’
2631 2360 2692 2418 οὐ
2723 2365 2803 2436 τῷ
2828 2367 3024 2437 Πατρί.
3052 2366 3168 2437 ἅμα
3200 2363 3281 2430 τῷ
3310 2364 3452 2434 ἁγίῳ
3473 2362 3645 2417 Πνεύ-

1963 2468 2092 2521 ματι
2117 2449 2266 2514 δόξα,
2293 2452 2519 2520 κράτος.
2541 2452 2698 2523 τιμὴ,
2722 2452 2816 2506 νῦν
2843 2455 2939 2507 καὶ
2957 2449 3066 2521 ἀεὶ,
3104 2448 3198 2506 καὶ
3229 2454 3309 2515 εἰς
3342 2453 3470 2515 τοὺς
3508 2450 3645 2503 αίῶε-

1959 2557 2054 2603 νας
2082 2540 2191 2592 τῶν
2215 2537 2451 2594 αἰώνων.
2499 2541 2690 2612 Ἀμήν.

2024 2735 2052 2776 ιι
2079 2735 2213 2787 Μεε..
2235 2736 2306 2798 τῷ
2345 2733 2475 2784 me.

269 3024 1855 3052 mm

1970 3038 3492 3053 ..φ-Ἥραν

1734 3245 1976 3298 ΟΜΙᾹΙΑ
2018 3244 2117 3300 ιλν.

186 3406 249 3461 Εἰ
287 3407 398 3476 γὰρ
438 3406 744 3476 σύμφυτοι
773 3406 1099 3475 γεγόναμεν
1135 3404 1215 3472 τῷ
1256 3406 1570 3476 ὁμοιώματι
1615 3407 1719 3461 τοῦ
1748 3412 1848 3462 0a-

248 3478 432 3599 νὰὗου
477 3475 701 3540 αὐτοῦ,
746 3476 907 3531 ἀλλὰ
956 3477 1055 3530 καὶ
1119 3476 1229 3545 τῆς
1275 3475 1667 3543 ἀναστάσεως
1714 3479 1853 3530 ἐσό-

249 3563 317 3599 us
356 3563 414 3599 α.

241 3563 414 3615 μευα.

248 3655 314 3702 α’.
339 3651 520 3720 Ὅπερ
551 3649 646 3702 καί¹
681 3647 986 3719 ἔμπροσθεν
1016 3650 1189 3720 ἔφθην
1217 3650 1407 3716 εἰπὼν,
1440 3651 1596 3704 τοῦτο
1621 3651 1712 3704 καὶ
1757 3649 1852 3703 νῦν

183 3737 309 3806 ἐρῶ,
339 3739 420 3790 ὅτι
474 3739 554 3799 εἰς
583 3737 673 3790 16v
704 3735 893 3806 ἡθικὸν
956 3738 1196 3807 συνεχῶς
1245 3737 1487 3790 ἐκϐαίνει
1531 3737 1710 3805 λόγον,
1753 3738 1853 3808 οὐχ

183 3821 362 3895 ὥσπερ
396 3825 455 3876 έν
490 3824 609 3886 ταῖς
646 3822 837 3885 ἄλλαις
873 3823 1238 3888 Ἐπιστολαῖς,
1281 3823 1509 3896 διαιρῶν
1551 3825 1722 3887 αὑτάς
1770 3826 1852 3887 εἰς

181 3909 288 3975 δύο,
311 3910 375 3963 16
409 3911 512 3980 μὲν
544 3910 760 3980 πρῶτον
795 3913 908 3971 τοῖς
943 3911 1210 3979 δόγμασιν
1251 3913 1521 3982 ἀφορίζει,
1552 3912 1612 3964 τὸ
1652 3913 1710 3965 δὲ
1739 3912 1852 3964 ἓτε-

186 4013 271 4067 ρον
296 4001 364 4070 τῇ
397 3999 511 4050 τῶν
554 3998 704 4069 ἠθῶν
736 3998 1052 4068 ἐπιμελείᾳ·
1094 3999 1211 4052 ἀλλ’
1244 4001 1345 4053 οὐκ
1375 4000 1610 4053 ἐνταῦθα
1657 4000 1848 4066 οὕτως,

183 4086 312 4138 ἀλλὰ
346 4087 413 4140 δι’
443 4085 571 4155 ὅλης
606 4086 776 4156 αὐτῆς
801 4087 1005 4156 ἀναμὶξ
1035 4086 1194 4141 τοῦτο
1225 4091 1391 4152 ποιεῖ,
1424 4089 1566 4142 ὥστε
1605 4090 1853 4158 εὐπαρά-

182 4176 363 4230 δεκτον
391 4175 651 4244 γενέσθαι
691 4176 783 4228 τὸν
826 4175 1002 4244 λόγον.
1032 4176 1137 4230 Δύο
1163 4178 1343 4231 τοίνυν
1377 4177 1608 4233 ἐνταῦθα
1651 4179 1854 4250 νεκρὼ-

185 4278 292 4327 σεις
319 4260 461 4317 εἷναί
495 4280 648 4332 φησι,
679 4263 774 4316 καὶ
804 4262 1065 4328 θανάτους
1092 4265 1186 4317 δύο
1206 4282 1217 4295 ·
1251 4267 1346 4318 καὶ
1369 4266 1466 4335 τὴν
1498 4266 1596 4337 μὲν
1626 4267 1730 4320 ὑπὸ
1759 4267 1851 4321 τοῦ

183 4350 414 4421 Χριστοῦ
444 4350 773 4420 γεγενῆσθαι
807 4352 865 4403 ὲν
898 4350 976 4421 τῷ
1001 4351 1360 4423 βαπτίσματι,
1378 4353 1477 4424 τὴν
1506 4355 1563 4408 δὲ
1584 4356 1674 4425 ὑφ’
1695 4358 1852 4426 ἡμῶν

183 4441 410 4510 ὀφείλειν
434 4439 682 4509 γίνεσθαι
705 4440 792 4494 διὰ
821 4445 920 4512 τῆς
959 4443 1096 4512 μετὰ
1137 4443 1311 4497 ταῦτα
1343 4445 1598 4516 σπουδῆς.
1639 4447 1713 4499 Τὸ
1754 4447 1852 4516 μὲν

183 4528 287 4599 γὰρ
304 4530 543 4598 ταφῆναι
569 4527 640 4580 τὰ
669 4530 913 4600 πρότερα
937 4531 1330 4601 ἁμαρτήματα,
1353 4533 1450 4603 τῆς
1478 4533 1640 4587 αὐτοῦ
1662 4536 1851 4603 γέγονε

182 4615 414 4687 δωρεᾶς·
472 4613 534 4668 16
564 4615 619 4668 δὲ
666 4617 806 4684 μετά
857 4617 919 4668 16
959 4617 1241 4687 βάπτισμα
1291 4624 1470 4690 μεῖναι
1507 4624 1733 4693 νεκροὺς
1791 4627 1848 4694 τῇ

184 4700 446 4772 ἁμαρτίᾳ,
482 4701 584 4771 τῆς
615 4701 888 4772 ἡμετέρας
915 4703 995 4754 δεῖ
1021 4703 1278 4771 γενέσθαι
1314 4706 1474 4776 ἔργον
1508 4710 1764 4779 σπουδῆς,
1803 4714 1852 4765 εί

184 4790 273 4841 καὶ
304 4790 374 4842 τά
420 4789 661 4859 μάλιστα
699 4790 871 4843 πολλὰ
910 4793 1004 4844 καὶ
1040 4793 1275 4847 ἐνταῦθα
1323 4796 1415 4848 τὸν
1459 4798 1590 4850 Θεὸν
1637 4800 1854 4870 ὁρῶμεν

185 4875 477 4946 βοηθοῦντα
517 4879 667 4947 ἡμῖν.
711 4878 784 4930 Οὐ
830 4879 939 4949 γὰρ
971 4879 1033 4950 δὴ
1061 4883 1219 4934 τοῦτο
1263 4883 1434 4953 ἰσχύει
1480 4885 1538 4938 16
1571 4885 1856 4957 βάπτισμα

187 4965 340 5033 μόνον
383 4965 446 5019 16
483 4966 554 5018 τὰ
600 4966 842 5037 πρότερα
898 4968 1158 5031 ἀφανίσαι
1204 4970 1677 5042 πλημμελήματα,
1719 4974 1854 5026 ἀλλὰ

186 5052 275 5104 καὶ
307 5053 446 5123 πρδς
469 5051 539 5106 τὰ
570 5053 836 5122 μέλλοντα
864 5055 1240 5122 ἀσφαλίζεται.
1271 5057 1594 5147 Ὥσπερρῦν
1624 5062 1681 5114 ὲν
1709 5062 1853 5114 ὲκεί-

185 5154 289 5202 νοις
315 5139 414 5209 τὴν
454 5139 639 5192 πίστιν
666 5141 1016 5210 εἰσήνεγκας,
1046 5143 1133 5196 ἶνα
1167 5146 1438 5218 ἀφανισθῇ
1463 5166 1476 5178 ο
1503 5139 1643 5202 οὕτω
1675 5149 1769 5202 καὶ
1795 5151 1855 5203 ὲν

187 5227 292 5288 τοῖς
319 5226 459 5295 μετὰ
500 5226 674 5280 ταῦτα
700 5228 799 5298 τῆς
843 5228 1151 5300 προθυμίας
1181 5232 1442 5298 ἐπίδειξαι
1484 5237 1583 5306 τὴν
1625 5238 1856 5307 μεταϐο-

188 5308 300 5381 λὴν,
327 5313 415 5365 ῖνα
440 5313 516 5384 μὴ
539 5314 702 5368 πάλιν
724 5315 918 5368 σαυτὸν
943 5320 1391 5391 καταρῤυπάνῃς.
1420 5321 1606 5374 Ταῦτα
1629 5324 1737 5394 γάρ
1761 5328 1856 5379 καὶ

188 5396 252 5450 τά
277 5398 503 5455 τοιαῦτα
531 5401 916 5473 συμϐουλεύων
946 5406 1108 5475 φησίν
1129 5424 1142 5437 ·
1170 5410 1240 5459 El
1273 5407 1384 5476 γὰρ
1423 5411 1724 5478 σύμφυτοι
1760 5431 1856 5480 γε·

189 5485 443 5556 τόναμεν
491 5488 571 5554 τῷ
619 5491 932 5560 ὁμοιώματι
975 5493 1082 5546 τοῦ
1128 5493 1387 5549 θανάτου
1434 5499 1640 5564 αὐτοῦ,
1695 5500 1856 5555 (ὶηίλά

193 5574 413 5643 καὶτῆς
459 5575 850 5644 ἀναστάσεως
892 5581 1171 5650 ἐσόμεθα.
1215 5579 1369 5647 Εἶδες
1399 5587 1516 5648 πῶς
1563 5588 1734 5659 ἐπῆρε
1765 5589 1855 5642 τὸν

196 5659 482 5733 ἀκροατὴν,
511 5666 648 5734 πρὸς
691 5667 782 5720 16v
815 5670 1092 5740 Δεσπότην
1126 5671 1327 5736 εὐθέως
1365 5674 1528 5726 αὐτὸν
1565 5676 1856 5744 ἀναγαγὼν

197 5746 280 5797 16v
307 5751 492 5814 αὐτοῦ,
517 5755 610 5805 καὶ
634 5754 833 5827 πολλὴν
863 5755 1030 5821 δεῖξαι
1064 5760 1372 5825 σπουδάσας
1401 5763 1498 5831 τὴν
1528 5765 1851 5834 όμοιότητα;

207 5835 288 5885 λιά
333 5839 486 5892 τοῦτο
533 5841 652 5894 οὐδὲ
685 5835 826 5904 εἷπε,
877 5845 1124 5917 Θανάτῳ,
1154 5849 1237 5902 ἵνα
1291 5851 1362 5920 μὴ
1410 5852 1695 5921 ἀντείπῃς,
1741 5855 1855 5908 ἀλλ’

213 5921 531 5990 "lgna/mra
574 5928 780 5983 θαι-ἁτε
797 5949 858 5984 L“
894 5933 952 5986 οὐ
990 5935 1092 6004 γὰρ
1130 5939 1156 6006 ἡ
1200 5938 1350 5991 οἰιτὶτι
1395 5941 1528 6008 α’ζιῖὴ
1565 5941 1848 5996 ἀπέθανεν.

1959 3407 2074 3460 ἀλλ’
2103 3407 2131 3458 6
2155 3405 2210 3472 ἐξ
2232 3404 2518 3476 ἁμαρτιῶν
2556 3405 2865 3477 ἄνθρωπος,
2898 3405 3204 3468 τουτέστιν,
3239 3405 3272 3474 ἡ
3315 3402 3506 3456 κακία.
3535 3402 3647 3456 Καὶ

1959 3494 2058 3546 οὐκ
2101 3488 2276 3557 εἶπεν,
2320 3494 2382 3546 EE
2412 3493 2541 3562 γὰρ
2587 3493 3026 3564 ὲκοινωνὴσαμεν
3074 3492 3152 3563 τῷ
3197 3490 3500 3561 ὁμοιώματι
3547 3488 3644 3542 τοῦ

1960 3580 2222 3632 θανάτου·
2263 3579 2400 3633 ἀλλά
2437 3581 2523 3646 τί;
2552 3581 2620 3633 El
2670 3579 2780 3650 γὰρ
2818 3581 3122 3649 σύμφυτοι
3175 3581 3527 3649 γεγόναμεν,
3569 3577 3647 3646 τῷ

1959 3665 2060 3735 τῆς
2094 3664 2318 3734 φυτείας
2343 3665 2567 3736 ὀνόματι
2599 3665 2691 3718 τὸν
2728 3668 2793 3719 ἐκ
2822 3666 3024 3735 ταύτης
3075 3665 3292 3736 καρπόν
3334 3666 3466 3736 ἡμῖν
3501 3664 3645 3716 αἰνι-

1960 3754 2211 3825 ξάμενος.
2245 3755 2514 3826 Καθάπερ
2551 3757 2661 3828 γάρ
2685 3756 2745 3807 16
2789 3756 2950 3826 σῶμα
2987 3755 3154 3808 αὐτοῦ
3183 3755 3355 3821 ταφὲν
3395 3755 3454 3806 ἐν
3475 3756 3541 3824 τῇ
3574 3754 3645 3824 γῇ

1959 3843 2171 3913 καρπὸν
2190 3844 2291 3913 τῆς
2312 3843 2638 3912 οἰκουμένης
2660 3843 2758 3914 τὴν
2787 3842 3060 3913 σωτηρίαν
3085 3843 3316 3914 ἡνεγκεν
3340 3859 3353 3873 ·
3385 3841 3528 3896 οὕτω
3553 3843 3649 3894 καὶ

1958 3931 2017 3981 16
2047 3931 2318 4002 ἡμέτερον
2355 3932 2527 4000 ταφὲν
2555 3933 2613 3983 ἐν
2652 3929 2730 4000 τῷ
2779 3930 3143 4001 βαπτίσματι,
3187 3931 3400 4002 καρπὸν
3445 3931 3647 4000 ἡνεγκε

1956 4020 2056 4088 τὴν
2083 4019 2455 4089 δικαιοσύνην,
2487 4020 2577 4072 τὸν
2602 4019 2896 4091 ἀγιασμδν,
2920 4021 3020 4090 τὴν
3059 4020 3354 4084 υἱοθεσίαν,
3381 4019 3451 4071 τὰ
3475 4019 3650 4089 μυρία

1958 4107 2169 4174 ἀγαθά·
2208 4106 2345 4159 οῖσει
2373 4107 2430 4159 δὲ
2462 4107 2555 4161 καὶ
2585 4108 2645 4160 16
2676 4110 2777 4178 τῆς
2807 4108 3160 4171 ἀναστάσεως
3194 4106 3420 4178 ὕστερον
3448 4107 3645 4178 δῶρον.

1972 4193 2124 4247 Ἐπεὶ
2178 4190 2271 4247 οὖν
2323 4196 2486 4264 ἡμεῖς
2521 4195 2619 4263 μὲν
2673 4196 2732 4247 ὲν
2777 4193 2951 4259 ὕδατι,
3007 4195 3168 4258 αὐτὸς
3215 4195 3270 4248 δὲ
3312 4197 3371 4247 ὲν
3411 4197 3506 4266 γῇ,
3553 4195 3650 4247 καὶ

1961 4283 2120 4353 ἡμεῖς
2164 4283 2262 4354 μὲν
2312 4282 2456 4335 κατὰ
2497 4282 2590 4335 τὸν
2639 4283 2738 4352 τῆς
2784 4283 3060 4353 ἁμαρτίας
3105 4283 3285 4352 λόγον,
3333 4277 3541 4346 ἐκεῖνος
3590 4281 3648 4334 δὲ

1957 4371 2101 4425 κατὰ
2126 4372 2218 4424 16v
2239 4370 2333 4424 τοῦ
2371 4370 2625 4441 σώματος
2652 4372 2849 4442 ἐτάφη,
2883 4371 2971 4424 διὰ
2999 4370 3159 4424 τοῦτο
3195 4373 3294 4424 οὐκ
3326 4367 3467 4433 εἷπε,
3500 4370 3649 4439 Σύμ-

1958 4470 2115 4526 φυτοι
2146 4458 2222 4530 τῷ
2253 4457 2492 4529 θανάτῳ,
2528 4459 2688 4523 ἀλλά,
2723 4459 2808 4525 Τῷ
2854 4458 3172 4528 ὁμοιώματι
3203 4459 3310 4512 τοῦ
3346 4458 3608 4513 θάνατον
3631 4474 3645 4488 ·

1958 4546 2188 4611 θάνατος
2219 4547 2318 4616 μὲν
2347 4549 2454 4617 γὰρ
2479 4547 2751 4600 καὶτοῦτο
2784 4548 2876 4600 καὶ
2899 4548 3098 4612 ἐκεῖνο,
3128 4547 3241 4602 ἀλλ’
3269 4549 3331 4600 οὐ
3352 4547 3448 4601 τοῦ
3481 4547 3647 4601 αὐτοῦ

1960 4634 2344 4706 ὑποκειμένου.
2381 4636 2443 4688 Εἰ
2472 4636 2675 4698 τοίνυν,
2703 4636 2890 4707 φησὶν,
2925 4637 2982 4688 ἑν
3007 4636 3082 4707 τῷ
3108 4635 3324 4707 θανάτῳ
3345 4637 3648 4704 ἐγενόμεθα

1961 4722 2256 4791 σύμφυτοι,
2314 4723 2410 4776 καλ⁸
2460 4723 2560 4792 τῆς
2616 4724 2973 4787 ἀναστάσεως
3023 4724 3296 4794 ἐσόμεθα·
3350 4724 3650 4777 ἀνάστασιν

1956 4809 2192 4863 ἐνταῦθα
2227 4811 2325 4880 τὴν
2366 4811 2670 4881 μέλλουσαν
2701 4809 2855 4883 [551]
2896 4812 3093 4882 λέγων.
3134 4812 3354 4882 Ἐπειδὴ
3375 4813 3482 4882 γάρ
3513 4813 3652 4863 ἀνω-

1956 4899 2099 4969 τέρω
2127 4900 2257 4970 περὶ
2288 4900 2524 4952 θανάτου
2566 4900 2870 4970 διαλεχθεὶς
2905 4903 2999 4954 καὶ
3034 4900 3225 4965 εἰπὼν,
3258 4902 3326 4955 Ἠ
3359 4899 3648 4969 ἀγνοεῖτε,

1955 4986 2232 5055 ἀδελφοί,
2281 4986 2371 5040 ὅτι
2423 4987 2558 5041 ὅσοι
2607 4989 2695 5053 είς
2730 4988 2994 5056 Χριστόν·
3034 4989 3510 5057 ἐϐαπτίσθημεν,
3565 4991 3654 5054 είς

1955 5073 2064 5126 τὸν
2101 5073 2363 5128 θάνατον
2407 5075 2594 5128 αὑτοῦ
2631 5075 3116 5145 ἐϐαπτίσθημεν;
3145 5077 3299 5130 οὐδὲν
3345 5076 3473 5146 περὶ
3515 5076 3650 5128 ἁνα-

1959 5161 2201 5222 στάσεως
2227 5159 2476 5232 διελέχθη
2503 5161 2713 5231 σαφῶς,
2753 5161 2888 5216 ἀλλὰ
2920 5165 3050 5234 περὶ
3082 5163 3361 5226 πολιτείας
3381 5164 3480 5233 τῆς
3513 5176 3653 5233 μετα

1955 5250 2018 5299 τὸ
2058 5247 2364 5317 βάπτισμα,
2393 5247 2655 5313 κελεύσας
2681 5250 2739 5302 ὲν
2762 5250 3042 5320 καινότητι
3073 5251 3218 5322 ζωῆς
3245 5251 3649 5323 περιπατῆσαι·

1955 5333 2045 5388 διὰ
2071 5335 2234 5388 τοῦτο
2281 5336 2518 5389 ἐνταῦθα
2567 5337 2658 5390 τὸν
2690 5339 2852 5392 αὐτὸν
2892 5338 3182 5393 ἀναλαϐὼν
3209 5339 3388 5408 λόγον,
3434 5341 3653 5410 ἐκείνην

1957 5419 2089 5488 ἡμῖν
2120 5418 2309 5472 λοιπὸν
2352 5425 2738 5490 προαναφωνεῖ
2775 5423 2873 5494 τὴν
2914 5425 3232 5478 ἀνάστασιν.
3277 5425 3386 5477 Καὶ
3420 5425 3508 5478 ἵνα
3543 5427 3653 5495 μά-

1959 5505 2077 5576 θῃς,
2113 5506 2193 5559 ὅτι
2221 5508 2282 5560 οὐ
2309 5508 2438 5578 περὶ
2464 5509 2670 5579 ταύτης
2705 5511 2841 5579 φησὶ
2874 5511 2976 5580 τῆς
3004 5514 3069 5564 ἐκ
3114 5510 3208 5564 τοῦ
3249 5511 3648 5581 βαπτίσματος.

1957 5594 2092 5646 ἀλλὰ
2115 5596 2244 5664 περὶ
2274 5595 2511 5665 ἐκείνης·
2541 5597 2733 5661 εἰπὼν,
2760 5599 2825 5651 El
2855 5599 2967 5667 γὰρ
2992 5600 3294 5668 σύμφυτοι
3321 5601 3653 5668 γεγόναμεν

1957 5681 2038 5744 τῷ
2072 5681 2391 5750 ὁμοιώματι
2424 5683 2529 5737 τοῦ
2559 5685 2822 5738 θανάτου
2858 5687 3069 5752 αὐτοῦ,
3093 5687 3195 5739 οὐκ
3223 5683 3396 5753 εἶπεν,
3432 5688 3513 5738 ὅτι
3542 5687 3649 5739 Τοῦ

1957 5769 2304 5839 ὁμοιώματος
2343 5771 2444 5839 τῆς
2479 5772 2834 5836 ἀναστάσεως
2891 5774 3152 5844 ἐσόμεθα,
3192 5774 3350 5839 ἀλλὰ,
3397 5775 3506 5827 Καὶ
3541 5773 3653 5842 τῆς

1959 5857 2371 5924 ἀναστάσεως.
2406 5861 2523 5912 Ἵνα
2559 5859 2667 5931 γάρ
2701 5861 2776 5931 μὴ
2801 5861 2991 5934 λέγῃς,
3027 5866 3140 5918 Καὶ
3170 5864 3308 5930 πῶς,
3345 5865 3393 5917 εἰ
3427 5863 3503 5933 μὴ
3542 5864 3650 5916 απ-

1961 5945 2223 6015 ;(¹άνομεν
2251 5948 2322 6011 ὡς
2354 5947 2644 6013 ἀπέθανεν,
2672 5950 2767 6002 ἀνά
2783 5953 3094 6022 στησόμεθα
3127 5953 3199 6016 ὼς
3227 5953 3456 6021 ivéttr};
3490 5953 3649 6016 ἡνίκα
