4112 6352
525 375 630 430 485

526 484 626 554 μὲν
653 483 745 536 τοῦ
781 484 1008 538 Θανάτου
1039 485 1466 555 ἐμνημόνευσεν,
1501 486 1598 537 οὐκ
1630 480 1774 548 εἶπε,
1807 487 2085 555 Σύμφυτοι
2116 483 2191 551 τῷ

524 570 756 638 θανάτῳ,
789 569 945 633 ἀλλά,
995 571 1077 636 Τῷ
1111 570 1423 639 ὁμοιώματι
1451 571 1556 624 τοῦ
1602 570 1891 625 θανάτου·
1935 571 2095 640 ἡνίκα
2135 570 2191 622 δὲ

519 657 620 726 τῆς
647 656 1013 720 ἀναστάσεως,
1042 658 1140 710 οὐκ
1173 654 1312 721 εἷπε,
1340 657 1428 722 Τῷ
1450 657 1762 726 ὁμοιώματι
1787 657 1894 725 τῆς
1925 657 2184 711 ἀναστά-

520 755 696 806 σεως,
730 742 842 794 ἀλλ’
877 745 1054 813 Αὐτῆς
1087 744 1186 812 τῆς
1230 745 1576 806 ἀναστάσεως
1617 745 1872 815 ἐσόμεθα.
1921 745 2031 797 Kal
2087 745 2186 797 οὐκ

521 827 665 896 εἷπε,
731 834 1071 905 Γεγόναμεν,
1125 835 1239 888 ἀλλ’
1280 835 1604 903 Ἑσόμεθα,
1654 836 1746 889 καὶ
1798 834 1970 904 τούτῳ
2024 833 2186 887 πάλιν

520 917 695 988 δηλῶν
752 920 831 990 τῷ
890 924 1092 991 ῥήματι
1143 921 1358 989 ἐκείνην
1403 920 1501 991 τὴν
1547 921 1755 974 οὐδέπω
1812 919 2186 988 γεγενημένην

519 1004 836 1067 ἀνάστασιν,
867 1007 1001 1058 ἀλλά
1036 1007 1352 1076 μέλλουσαν.
1378 1002 1507 1059 Εἶτα
1533 1006 1848 1076 βουλόμενος
1875 1005 2186 1070 ἀξιόπιστον

525 1091 752 1160 ποιῆσαι
775 1091 865 1144 τὸν
899 1093 1079 1159 λόγον,
1111 1093 1382 1146 δείκνυσιν
1417 1093 1607 1163 ἑτέραν
1632 1093 1928 1145 ἀνάστασιν
1951 1091 2185 1144 ἐνταῦθα

519 1180 820 1250 γενομένην
851 1181 957 1250 πρὸ
991 1183 1228 1252 ἐκείνης,
1269 1183 1356 1235 ενα
1389 1181 1495 1236 ἀπὸ
1534 1181 1634 1250 τῆς
1665 1180 1946 1252 παρούσης
1989 1181 2081 1233 καὶ
2117 1181 2181 1249 τῇ

520 1266 790 1338 μελλούσῃ
815 1267 1133 1339 πιστεύσῃς.
1159 1269 1340 1322 Είπὼν
1369 1269 1500 1338 γὰρ,
1531 1271 1613 1322 ὅτι
1643 1267 1911 1339 σύμφυτοι
1947 1266 2184 1336 ἐσόμεθα

515 1352 616 1421 τῆς
642 1354 1011 1419 ἀναστάσεως,
1041 1358 1316 1426 έπήγαγε⁶
1357 1355 1538 1409 Τοῦτο
1580 1355 1999 1424 γινώσκοντες,
2031 1355 2119 1408 ὅτι
2148 1357 2182 1409 ό

514 1440 770 1505 παλαιὸς
795 1443 962 1510 ἡμῶν
989 1444 1294 1511 ἅνθρωπος
1319 1442 1809 1512 συνεσταυρώθη,
1837 1445 1936 1496 ἵνα
1965 1459 2180 1510 καταρ-

512 1525 669 1595 γηθῇ
716 1528 780 1580 τὸ
830 1528 1001 1597 σῶμα
1045 1529 1149 1599 τῆς
1200 1531 1525 1599 ἁμαρτίας-⁸
1557 1530 1691 1600 όμοῦ
1734 1531 1826 1584 καὶ
1860 1531 2037 1585 αἰτίαν
2085 1530 2179 1584 καὶ

512 1615 788 1679 ἀπόδειξιν
819 1618 916 1687 τῆς
960 1617 1258 1688 μελλούσης
1308 1618 1479 1682 τιθεὶς
1530 1619 1900 1682 ἀναστάσεως.
1937 1619 2046 1671 Kal
2080 1619 2178 1671 οὐκ

511 1697 694 1765 εἶπεν,
752 1694 1156 1776 Ἐσταύρωταί,
1207 1706 1376 1770 ἀλλὰ,
1431 1708 1956 1774 Συνεσταύρωται,
2011 1707 2178 1775 ἐγγὺς

509 1789 658 1857 ἄγων
682 1792 741 1843 τὸ
775 1791 1059 1862 βάπτισμα
1089 1793 1165 1861 τῷ
1198 1792 1437 1864 σταυρῷ.
1470 1793 1559 1846 Διὸ
1589 1795 1682 1847 καὶ
1711 1794 1969 1864 ἀνωτέρω
2000 1793 2175 1861 ἔλεγε,

508 1879 812 1946 Σύμφυτοι
867 1879 947 1944 τῷ
982 1880 1296 1950 ὁμοιώματι
1337 1882 1443 1934 τοῦ
1488 1881 1746 1935 θανάτου
1787 1882 1971 1935 αὑτοῦ
2008 1885 2174 1952 γεγό-

505 1981 714 2032 ναμεν,
747 1967 847 2020 ἵνα
872 1967 1213 2036 καταργηθῇ
1245 1969 1310 2021 τὸ
1345 1967 1517 2037 σῶμα
1555 1968 1664 2036 τῆς
1690 1971 1997 2038 ἁμαρτίας,
2023 1972 2081 2022 ού
2118 1970 2177 2022 τὸ

509 2051 670 2120 σῶμα
706 2050 862 2103 τοῦτο
915 2051 1058 2104 οὓτω
1094 2052 1300 2116 καλῶν,
1330 2053 1464 2106 ἀλλὰ
1496 2053 1594 2123 τὴν
1630 2055 1897 2126 πονηρίαν
1933 2055 2170 2109 ἅπασαν.

507 2136 721 2209 Ὠσπερ
754 2139 862 2209 γὰρ
918 2141 1146 2193 παλαιὸν
1200 2141 1483 2211 ἄνθρωπον
1530 2140 1677 2209 λέγει
1736 2142 1833 2212 τὴν
1880 2142 2174 2214 ὁλόκληρον

505 2225 728 2287 κακίαν,
750 2226 893 2278 οὕτω
918 2229 1011 2279 καὶ
1050 2226 1209 2297 σῶμα
1243 2227 1334 2280 τοῦ
1373 2228 1662 2298 ἀνθρώπου
1697 2229 1905 2282 ἐκείνου
1937 2230 2036 2302 τὴν
2067 2230 2175 2284 ἀπὸ

503 2311 613 2363 τῶν
646 2311 919 2383 διαφόρων
958 2313 1138 2384 μερῶν
1169 2315 1432 2384 πονηρίας
1462 2317 1828 2385 συγκειμένην
1869 2317 2031 2371 πάλιν
2072 2336 2173 2370 κα-

503 2398 647 2452 κίαν.
682 2400 791 2452 Kal
817 2400 897 2452 ὃτι
925 2402 984 2452 οὑ
1023 2403 1326 2470 στοχασμὸς
1357 2401 1415 2454 τὸ
1450 2404 1755 2473 εἰρημένον,
1784 2404 1890 2456 ἀπὸ
1909 2404 2001 2457 τοῦ
2031 2404 2174 2457 Παύ-

501 2483 594 2535 λου
634 2485 789 2538 τοῦτο
834 2487 964 2539 αύτὸ
995 2487 1083 2539 διὰ
1115 2487 1220 2539 τῶν
1264 2488 1393 2558 ἑξῆς
1441 2490 1877 2559 έρμηνεύσαντος
1919 2492 2168 2546 ἄκουσον.

501 2572 684 2627 Εἰπὼν
722 2576 1006 2646 γάρ,”1να
1024 2576 1366 2644 καταργηθῇ
1407 2577 1472 2629 τὸ
1511 2576 1682 2646 σῶμα
1722 2576 1830 2646 τῆς
1860 2577 2167 2646 ἁμαρτίας,

501 2661 780 2729 ἐπήγαγεο
816 2665 926 2716 Τοῦ
963 2664 1172 2732 μηκέτι
1212 2665 1529 2718 δουλεύειν
1572 2665 1730 2734 ἡμᾶς
1773 2665 1845 2734 τῇ
1894 2667 2168 2735 ἁμαρτίᾳ.

498 2749 683 2822 Ταύτῃ
709 2751 816 2821 7&9
846 2752 978 2805 αὐτὸ
1005 2748 1144 2806 εῖναι
1178 2751 1436 2822 βούλομαι
1469 2754 1678 2824 νεκρὸν,
1714 2754 1811 2823 οὐχ
1850 2753 1990 2807 ῶστε
2028 2756 2171 2825 ἀφα-

500 2836 750 2904 νοσθῆναι
779 2839 870 2892 καὶ
905 2838 1218 2903 ἀποθανεῖν,
1252 2834 1364 2892 ἀλλ’
1396 2839 1537 2892 ὥστε
1571 2841 1644 2911 μὴ
1674 2842 2029 2913 ἁμαρτάνειν.
2062 2845 2172 2897 Καὶ

500 2922 706 2992 προῖὼν
745 2923 824 2975 ἔτι
855 2925 1188 2996 σαφέστερον
1216 2927 1346 2980 αὐτὸ
1387 2930 1560 2980 ποιεῖ·
1605 2929 1655 2979 Ὀ
1685 2927 1794 2996 γὰρ
1826 2929 2166 2994 ἀποθανὼν,

499 3009 654 3076 φησὶ,
696 3010 1060 3065 δεδικαίωται
1115 3013 1233 3066 ἀπὸ
1271 3013 1381 3081 τῆς
1431 3014 1735 3083 ἁμαρτίας.
1782 3017 1916 3085 Περὶ
1968 3018 2170 3082 παντὸς

497 3095 787 3167 ἀνθρώπου
833 3098 990 3152 τοῦτό
1026 3117 1211 3169 φησιν,
1244 3102 1325 3155 ὅτι
1374 3101 1563 3173 ὥσπερ
1601 3106 1628 3156 ό
1674 3103 1960 3158 ἀποθανὼν
1993 3105 2169 3176 ἀπήλ-

497 3186 693 3237 λακται
741 3187 801 3239 τὸ
849 3187 1033 3240 λοιπὸν
1085 3189 1178 3240 τοῦ
1231 3190 1605 3258 ἁμαρτάνειν,
1656 3191 1848 3262 νεκρὸς
1894 3193 2165 3263 κείμενος,

495 3271 638 3324 οὕτω
669 3278 762 3326 καὶ
793 3275 820 3326 δ
867 3275 1072 3338 ἀναϐὰς
1105 3276 1214 3328 ἀπὸ
1246 3275 1340 3328 τοῦ
1376 3277 1783 3347 βαπτίσματος’
1836 3280 2021 3351 ἐπειδὴ
2060 3280 2168 3353 7&9

498 3359 645 3424 ἅπαξ
683 3361 952 3424 ἀπέθανεν
991 3365 1125 3429 ἐκεῖ,
1161 3365 1351 3434 νεκρὸν
1407 3368 1489 3420 δεῖ
1537 3367 1717 3437 μένειν
1750 3369 2051 3433 διαπαντὸς
2099 3374 2164 3442 τῇ

496 3445 762 3519 ἁμαρτίᾳ.

569 3579 633 3648 β’.
658 3581 720 3632 El
741 3581 918 3634 τοίνυν
939 3581 1205 3646 ἀπέθανες
1235 3587 1291 3638 ὲν
1311 3586 1388 3656 τῷ
1419 3586 1773 3659 βαπτίσματι,
1799 3591 1924 3660 μένε
1950 3594 2160 3665 νεκρός·

496 3670 590 3719 καὶ
622 3668 731 3738 γάρ
763 3669 992 3732 ἕκαστος
1033 3671 1340 3739 ἀποθανὼν,
1386 3674 1568 3728 οὐκέτι
1601 3677 1936 3747 ἁμαρτάνειν
1962 3681 2162 3736 δύναιτ’

494 3754 588 3807 ἄν·
623 3755 670 3806 εί
706 3754 761 3806 δὲ
799 3755 1164 3827 ἁμαρτάνεις,
1213 3758 1446 3832 λυμαίνῃ
1484 3761 1577 3814 τοῦ
1609 3763 1743 3816 Θεοῦ
1795 3765 1895 3836 τὴν
1933 3767 2159 3836 δωρεάν.

507 3840 843 3912 Ἀπαιτὴσας
879 3845 1058 3898 τοίνυν
1086 3847 1356 3917 τοσαύτην
1390 3850 1540 3918 ἡμᾶς
1581 3851 1919 3921 φιλοσοφίαν,
1953 3859 2163 3910 καὶτὸν

496 3924 758 3992 στέφανον
796 3929 1004 3998 ταχέως
1038 3933 1305 4000 ἐπήγαγε,
1340 3933 1512 4002 λέγων
1537 3953 1548 3965 ·
1589 3940 1657 3989 El
1692 3937 1759 3990 δὲ
1790 3940 2164 4011 ἀπεθάνομεν

495 4012 618 4066 σὺν
646 4015 892 4082 Χριστῷ.
929 4019 1118 4070 Καίτοι
1150 4021 1243 4072 xal
1286 4021 1443 4074 τοῦτο
1481 4023 1586 4091 πρὸ
1618 4023 1710 4077 τοῦ
1758 4029 2022 4096 στεφάνου
2063 4032 2162 4098 μέ.

494 4117 680 4168 γιστος
712 4103 991 4172 στέφανος,
1023 4107 1082 4158 τὸ
1112 4110 1435 4179 κοινωνῆσαι
1459 4109 1536 4179 τῷ
1563 4113 1826 4184 Δεσπότῃ·
1861 4116 1998 4186 πλὴν
2027 4118 2162 4173 ἀλλὰ

493 4190 584 4278 καί
623 4190 807 4260 ἕτερον
847 4192 1038 4278 δίδωμί
1071 4210 1174 4257 σοι,
1208 4197 1391 4265 φησὶν,
1608 4199 1857 4254 ἔπαθλον.
1904 4203 2062 4258 Ποῖον
2097 4206 2160 4278 δὴ

491 4275 684 4340 τούτο;
719 4278 828 4346 Τὴν
861 4277 1076 4331 αἰώνιον
1101 4279 1264 4350 ζωήν.
1300 4287 1665 4354 Πιστεύομεν
1695 4289 1822 4359 γὰρ,
1855 4295 2040 4361 φησὶν,
2073 4275 2161 4348 ὅτι

494 4363 593 4417 καὶ
617 4363 958 4433 συζήσομεν
977 4366 1156 4431 αὐτῷ.
1187 4369 1294 4421 Kal
1321 4371 1482 4424 πόθεν
1506 4374 1662 4428 τοῦτο
1687 4377 1872 4446 δῆλον,
1898 4380 2158 4448 Εὶδότες,

493 4449 582 4502 ὅτι
612 4451 865 4517 Χριστὸς
891 4453 1146 4520 ἐγερθεὶς
1166 4455 1234 4508 ἐκ
1265 4457 1511 4525 νεκρῶν,
1542 4461 1741 4514 οὐκέτι
1773 4465 2158 4532 ἀποθνήσκει.

494 4538 604 4589 Kal
642 4539 829 4591 σκόπει
860 4541 1022 4592 πάλιν
1052 4543 1215 4594 αὑτοῦ
1245 4543 1341 4613 τὴν
1377 4545 1702 4612 φιλονεικίαν
1725 4589 1737 4610 ,
1770 4553 1862 4603 καὶ
1893 4553 2008 4615 πῶς
2057 4556 2162 4608 ἀπὸ

494 4625 601 4676 τῶν
629 4627 885 4679 ἐναντίων
915 4628 1044 4680 αὐτὸ
1073 4633 1493 4696 κατασκευάζει.
1539 4636 1757 4703 Ἐπειδὴ
1787 4639 1892 4708 γάρ
1921 4641 2067 4705 εἰκὸς
2095 4639 2160 4711 ἦν

495 4729 642 4774 τινας
691 4713 1035 4784 θορυϐεῖσθαι
1086 4717 1170 4770 διὰ
1213 4719 1302 4770 τὸν
1352 4722 1583 4790 σταυρὸν
1636 4725 1728 4776 καὶ
1775 4726 1865 4777 τὸν
1911 4727 2159 4793 θάνατον,

496 4800 765 4853 δείκνυσιν
787 4805 866 4854 ὅτι
896 4803 961 4854 δι’
984 4804 1113 4856 αύτδ
1141 4806 1236 4874 μὲν
1265 4803 1356 4859 οὖν
1387 4808 1541 4860 τοῦτο
1567 4810 1670 4881 χρὴ
1703 4810 1926 4882 θαρρεῖν
1957 4816 2157 4871 λοιπόν.

495 4887 588 4955 Μὴ
641 4889 764 4957 γάρ,
803 4889 990 4958 ἐπειδὴ
1025 4890 1168 4955 ἀπαξ
1219 4894 1454 4946 ἀπέθανε
1478 4938 1492 4960 ,
1530 4898 1692 4964 φησὶ,
1732 4899 1962 4969 νομίσῃς
1998 4903 2160 4956 agt)”

498 4976 688 5045 θνητὸν
734 4974 894 5030 εἶναι·
936 4980 1030 5030 καὶ
1069 4979 1176 5050 7&9
1203 4980 1288 5033 διὰ
1320 4983 1476 5035 τοῦτο
1518 4985 1645 5035 αὐτὸ
1676 4986 1940 5050 ἀθάνατος
1974 4991 2157 5058 μένει·

496 5061 728 5114 θανάτου
789 5065 893 5134 γὰρ
950 5065 1180 5130 θάνατος
1231 5071 1258 5120 ό
1308 5069 1533 5133 θάνατος
1589 5073 1749 5125 αὑτοῦ
1793 5075 2014 5144 γέγονεο
2069 5081 2162 5132 καὶ

496 5151 684 5220 ἐπειδὴ
710 5151 963 5215 ἀπέθανε,
992 5155 1080 5205 καὶ
1110 5155 1195 5206 διὰ
1226 5156 1380 5208 τοῦτο
1409 5159 1506 5210 οὐκ
1541 5159 1904 5230 ἀποθνήσκει·
1933 5167 2024 5218 καὶ
2054 5168 2160 5238 γάρ

499 5238 701 5290 ἐκεῖνον
735 5240 826 5291 τὸν
868 5239 1094 5293 θάνατον
1132 5241 1208 5309 Τῇ
1243 5244 1493 5312 ἁμαρτίᾳ
1517 5248 1794 5303 ἀπέθανε.
1826 5252 1889 5304 Τί
1917 5255 2052 5318 ἐστι,
2085 5255 2160 5322 Τῇ

497 5327 783 5395 ἀμαρτίᾳ;
819 5330 1128 5394 Τουτέστιν,
1180 5333 1300 5385 οὐδὲ
1339 5335 1531 5404 ἐκείνῳ
1579 5338 1875 5403 ὑπεύθυνος
1907 5337 1994 5412 ἦν,
2028 5344 2162 5398 ἀλλά

497 5415 588 5466 διὰ
617 5416 711 5486 τὴν
743 5419 1012 5488 ἁμαρτίαν
1041 5420 1137 5489 τὴν
1170 5422 1458 5493 ἡμετέραν,
1494 5426 1610 5478 Ἵνα
1638 5427 1742 5498 γάρ
1774 5429 1941 5499 αὐτὴν
1973 5431 2158 5501 ἀνέλῃ,

500 5504 595 5556 καὶ
623 5506 826 5578 ἐκκόψῃ
856 5507 922 5558 τά
971 5507 1136 5577 νεῦρα
1171 5510 1334 5581 αὐτῆς
1379 5514 1472 5564 καὶ
1520 5513 1615 5582 τὴν
1650 5515 1878 5586 δύναμιν
1921 5518 2157 5580 ἅπασαν,

499 5590 588 5641 διὰ
623 5591 775 5643 τοῦτο
806 5594 1093 5647 ἀπέθανεν.
1132 5591 1279 5660 Εἶδες
1329 5598 1443 5662 πῶς
1481 5601 1779 5668 ἐφόϐησεν;
1815 5605 1874 5656 Εἰ
1921 5607 2027 5676 γὰρ
2062 5609 2160 5658 οὐκ

504 5677 833 5744 ἀποθνήσκει
861 5680 1128 5752 δεύτερον,
1163 5684 1282 5736 οὐδὲ
1316 5685 1536 5757 λουτρόν
1563 5691 1676 5741 ἐστι
1706 5692 1952 5760 δεύτερον
1973 5710 1984 5721 ·
2021 5696 2067 5745 εί
2105 5695 2159 5746 δὲ

504 5764 724 5835 λουτρὸν
763 5768 860 5819 οὐκ
912 5769 1024 5822 ἔστι
1078 5771 1360 5843 δεύτερον,
1407 5777 1538 5845 μηδὲ
1590 5777 1652 5829 σὺ
1705 5781 1838 5849 πρὸς
1885 5781 2160 5850 ἁμαρτίαν

510 5855 818 5922 επῑρῤεπῶς
847 5856 950 5924 ἔχε,
997 5859 1178 5911 Ταῦτα
1218 5861 1324 5930 7&9
1367 5865 1540 5916 πάντα
1583 5865 1762 5934 λέγει,
1804 5868 1936 5934 πρὸς
1988 5870 2160 5922 έκεῖνο

511 5941 788 6010 εςῖάλιενος
812 5945 889 6010 τι),
913 5947 1258 6018 Ιίςιιξε-ωμεν
1285 5951 1351 6004 τὰ
1371 5953 1533 6021 κακὰ,
1563 5956 1656 6007 Τιἰι
1684 5955 1825 6018 ἔλθῃ
1859 5958 1920 6010 τι)
1946 5957 2150 6022 ἁγιθίι,

1299 374 1357 429 S.
1403 373 1686 428 JOANNIS
1728 365 2221 428 CIIRYSOSTOMI
2261 365 2588 422 ARCIIIEP.
2635 365 3183 422 CO’SSTANTINOP.

3863 365 3970 416 ιεσ

2289 479 2384 535 καὶ
2417 479 2498 540 τὸ,
2519 479 2943 548 Ἐπιιιενοῦμεν
2972 481 3044 547 τῇ
3071 476 3346 547 ἁμαρτίᾳ,
3369 477 3467 527 ἵνα
3486 475 3520 542 ἡ
3541 473 3714 541 χάρις
3747 475 3967 524 πλεον-

2290 563 2434 632 ἄσῃ.
2473 565 2776 637 Πρόρῤιζον
2812 570 2990 619 τοίνυν
3033 566 3131 636 τὴν
3148 563 3404 631 τοιαύτην
3420 561 3685 630 ὑπόληψιν
3701 560 3966 630 ἀναιρῶν,

2292 652 2508 706 ἅπαντα
2528 653 2701 706 ταῦτα
2721 654 3032 722 τίθησιν.“¹0
3058 653 3124 706 δὲ
3146 651 3232 720 ζῇ,
3263 652 3340 717 τῷ
3363 651 3482 714 Θεῷ
3501 650 3585 718 ζῇ,
3620 649 3775 719 φησί·
3813 665 3968 700 τουτ-

2289 739 2434 792 έστιν
2493 741 2880 805 ἀκαταλύτως,
2929 742 3004 804 ὡς
3073 741 3271 811 μηκέτι
3323 739 3644 810 κρατεῖσθαι
3712 737 3821 788 ὑπὸ
3872 735 3964 787 τοῦ

2289 823 2539 876 θανάτου.
2577 825 2638 876 Εἰ
2673 824 2780 894 7&9
2809 825 2900 877 καὶ
2931 825 3022 877 τὸν
3048 825 3310 894 πρότερον
3340 823 3566 876 θάνατον
3594 823 3692 890 οὐχ
3730 818 3964 872 ὅπεύθυ-

2289 926 2376 973 νος
2402 910 2475 962 ὢν
2504 910 2797 974 ἀπέθανεν,
2827 910 2961 963 ἀλλὰ
2991 911 3079 964 διὰ
3103 910 3202 981 τὴν
3227 911 3426 980 ἑτέρων
3457 909 3755 979 ἁμαρτίαν·
3785 904 3966 974 πολλῷ

2291 997 2489 1067 μᾶλλον
2520 996 2613 1050 νῦν
2639 998 2739 1051 οὐκ
2773 997 3145 1061 ἀποθανεῖται,
3179 996 3485 1058 καταλύσας
3528 996 3717 1064 αὑτήν.
3760 997 3828 1046 Ὀ
3870 993 3966 1045 xal

2286 1087 2342 1138 ὲν
2372 1088 2436 1156 τῇ
2470 1085 2605 1156 πρὸς
2652 1084 2936 1155 Ἐϐραίους
2968 1084 3173 1153 ἔλεγεν·
3220 1084 3410 1148 Ἅπαξ
3457 1087 3584 1152 γὰρ,
3627 1083 3819 1152 φησὶν,
3867 1081 3966 1134 ἐπὶ

2283 1172 2607 1237 συντελείᾳ
2654 1169 2772 1223 τῶν
2810 1170 3039 1224 αἰώνων
3077 1171 3165 1236 εις
3212 1169 3500 1237 ἀθέτησιν
3540 1169 3834 1236 ἁμαρτίας
3867 1166 3965 1220 διὰ

2284 1251 2395 1321 τῆς
2425 1255 2641 1318 θυσίας
2665 1253 2850 1307 αὐτοῦ
2878 1252 3302 1322 πεφανέρωται.
3333 1252 3445 1304 Kal
3469 1251 3700 1304 καθόσον
3731 1249 3964 1302 ἀπόκει-

2282 1357 2372 1393 ται
2399 1341 2511 1403 τοῖς
2539 1340 2846 1411 ἀνθρώποις
2873 1338 3020 1405 ἁπαξ
3051 1340 3362 1402 ἀποθανεῖν,
3393 1338 3535 1391 οὕτω
3562 1339 3656 1391 καὶ
3675 1339 3703 1391 ὁ
3725 1337 3964 1407 Χριστὸς

2283 1427 2429 1493 ἅπαξ
2463 1427 2847 1498 προσενεχθεὶς
2875 1430 2955 1491 εἰς
2982 1428 3042 1480 τὺ
3069 1427 3280 1482 πολλῶν
3307 1427 3615 1494 ἀνενεγκεῖν
3645 1424 3958 1494 ἁμαρτίας,

2281 1522 2346 1574 ἐκ
2393 1521 2645 1591 δευτέρου
2693 1520 2865 1591 χωρὶς
2919 1518 3213 1590 ἁμαρτίας,
3271 1517 3567 1586 ὀφθήσεται
3627 1517 3738 1577 τοῖς
3795 1513 3960 1567 αὑτὸν

2279 1610 2737 1679 ἀπεκδεχομένοις
2765 1609 2843 1672 είς
2875 1608 3168 1678 σωτηρίαν.
3202 1605 3450 1659 Δείκνυσι
3478 1605 3535 1657 δὲ
3559 1605 3652 1656 καὶ
3678 1604 3780 1672 τῆς
3814 1602 3961 1655 κατά

2279 1697 2411 1750 θεὸν
2446 1697 2587 1767 ζωῆς
2636 1697 2734 1763 τὴν
2773 1695 2960 1764 ίσχὺν,
2991 1695 3084 1748 καὶ
3118 1695 3219 1764 τῆς
3263 1692 3536 1764 ἁμαρτίας
3570 1692 3670 1760 τὴν
3699 1690 3955 1759 δύναμιν·

2279 1785 2376 1855 τῆς
2398 1785 2496 1855 μὲν
2523 1784 2665 1838 κατά
2685 1784 2817 1836 Θεὸν
2845 1784 3012 1854 ζωῆς,
3046 1784 3127 1838 ὅτι
3156 1784 3338 1838 ούκέτι
3362 1783 3737 1837 ἀποθανεῖταιο
3769 1781 3871 1851 τῆς
3899 1780 3960 1832 δὲ

2279 1871 2552 1941 ἁμαρτίας
2573 1910 2587 1933 ,
2621 1873 2704 1924 ὅτι
2745 1871 2792 1923 εί
2821 1870 2911 1923 τὸν
2953 1871 3339 1942 ἀναμάρτητον
3371 1870 3506 1940 αὕτη
3539 1869 3960 1939 παρεσκεύαζεν

2276 1960 2590 2024 ἀποθανεῖν,
2618 1962 2744 2023 τοὺς
2766 1959 3102 2022 ὑπευθύνους
3120 1959 3281 2022 ὄντας
3303 1959 3418 2022 πῶς
3438 1959 3536 2011 οὐκ
3555 1957 3768 2022 ἀπολεῖ;
3795 1954 3956 2023 Εἶτα,

2273 2047 2460 2118 ἐπειδὴ
2492 2047 2618 2119 περὶ
2643 2046 2743 2116 τῆς
2771 2045 2937 2099 αὑτοῦ
2968 2047 3114 2116 ζωῆς
3141 2045 3384 2115 διελέχθη
3405 2085 3418 2108 ,
3455 2046 3541 2098 ἵνα
3571 2046 3644 2116 μὴ
3678 2046 3811 2115 λέγῃ
3847 2062 3954 2109 τις,

2275 2134 2341 2186 Τί
2372 2130 2464 2188 οὖν
2499 2135 2635 2206 πρὸς
2670 2137 2818 2205 ἡμᾶς
2848 2135 2910 2187 τὸ
2949 2134 3271 2206 είρημένον;
3300 2137 3613 2204 ἐπήγαγενο
3653 2135 3816 2188 Οὕτω
3852 2136 3957 2188 καί

2274 2222 2443 2290 ὑμεῖς
2469 2220 2773 2292 λογίζεσθε
2799 2221 3070 2289 ἑαυτοὺς,
3106 2223 3259 2292 φησι,
3284 2221 3538 2290 νεκροὺς
3555 2221 3671 2292 μὲν
3694 2217 3849 2276 εἶναι
3874 2221 3957 2290 τῇ

2275 2312 2548 2380 ἁμαρτίᾳ,
2586 2311 2802 2378 ζῶντας
2826 2311 2894 2364 δὲ
2917 2311 2998 2376 τῷ
3035 2310 3178 2376 Θεῷ.
3209 2312 3407 2375 Καλῶς
3433 2308 3574 2374 εἷπε,
3608 2309 3951 2380 Λογίζεσθε,

2273 2398 2457 2469 ἐπειδὴ
2493 2399 2612 2468 ὕψει
2659 2399 3011 2469 παραστῆσαι
3055 2399 3115 2452 τὸ
3153 2398 3446 2470 λεγόμενον
3488 2399 3624 2462 τέως
3671 2401 3770 2452 οὐκ
3804 2399 3949 2452 ἐστι.

2272 2485 2381 2538 Kal
2438 2485 2488 2537 τί
2552 2485 2902 2556 λογιζόμεθα,
2962 2487 3132 2558 (mal;
3189 2488 3457 2555 Νεκροὺς
3524 2488 3623 2556 μὲν
3669 2483 3821 2541 εἶναι
3875 2485 3955 2556 τῇ

2272 2574 2542 2640 ἁμαρτίᾳ,
2580 2572 2797 2638 ζῶντας
2833 2574 2900 2626 δὲ
2932 2574 3013 2638 τῷ
3059 2572 3200 2639 Θεῷ,
3239 2576 3309 2628 ἐν
3345 2573 3575 2642 Χριστῷ
3625 2574 3820 2641 Ἰησοῦ
3869 2572 3954 2639 τῷ

2273 2661 2467 2726 Κυρίῳ
2486 2658 2653 2727 ἡμῶν
2668 2678 2679 2691 ·
2705 2663 2732 2712 ό
2755 2660 2862 2729 7&9
2879 2659 3020 2714 οὕτω
3039 2661 3146 2725 ζῶν
3177 2661 3356 2733 πάσης
3379 2662 3699 2732 ἐπιλήψεται
3719 2662 3949 2731 ἀρετῆς,

2271 2745 2432 2798 αὑτὸν
2469 2745 2607 2816 ἔχων
2637 2746 2922 2817 σύμμαχον
2945 2746 3037 2799 τὸν
3073 2747 3300 2817 ἰησοῦψ
3323 2746 3481 2800 τοῦτο
3502 2747 3609 2817 γάρ
3632 2747 3800 2811 ἐστιν,
3841 2746 3955 2798 Ἑν

2271 2832 2521 2898 Χριστῷ.
2555 2834 2617 2885 Εἰ
2646 2834 2754 2903 γὰρ
2780 2836 3005 2904 νεκροὺς
3028 2833 3185 2896 ὄντας
3211 2834 3499 2903 ἀνέστησε,
3531 2833 3707 2902 πολλῷ
3741 2831 3953 2902 μᾶλλον

2271 2919 2477 2983 ζῶντας
2525 2923 2819 2990 κατασχεῖν
2856 2921 3162 2992 δυνήσεται.
3199 2920 3298 2989 Μὴ
3339 2917 3454 2976 οὖν
3487 2920 3870 2986 ,ϐασιλευέτω
3911 2923 3952 2990 ἠ

2267 3009 2522 3077 ἁμαρτία
2569 3008 2640 3062 ἐν
2679 3009 2759 3073 τῷ
2997 3009 3190 3077 θνητῷ
3235 3009 3408 3080 ὑμῶν
3447 3009 3691 3080 σώματι,
3739 3012 3831 3076 εἰς
3881 3010 3952 3064 τὸ

2266 3098 2600 3151 ὑπακούειν
2629 3097 2784 3166 αὐτῇ
2817 3099 2885 3151 ἐν
2914 3098 3045 3164 ταῖς
3067 3089 3407 3168 ἐπιθυμίαις
3427 3098 3634 3153 αὐτοῦ.
3657 3099 3770 3152 Ούκ
3793 3093 3950 3164 εἶπε,

2268 3183 2360 3253 Μὴ
2386 3179 2477 3236 οὖν
2507 3183 2654 3254 ζήτω
2678 3186 2710 3254 ἡ
2739 3184 2896 3256 σὰρξ,
2927 3186 3060 3256 μηδὲ
3097 3187 3410 3257 ὲνεργείτω,
3435 3186 3551 3239 ἀλλ’
3591 3186 3659 3239 Ἦ
3682 3185 3953 3254 ἁμαρτία

2262 3269 2349 3340 μὴ
2380 3271 2760 3335 ⁸βασιλευέτω
2778 3290 2792 3302 ο
2816 3273 2877 3324 οὐ
2909 3273 3018 3343 γὰρ
3045 3273 3143 3340 τὴν
3173 3275 3335 3341 φύσιν
3361 3271 3521 3344 ἦλθεν
3554 3273 3776 3334 ἀνελεῖν,
3803 3273 3953 3327 ἀλλὰ

2267 3357 2366 3428 τὴν
2396 3358 2712 3428 προαίρεσιν
2745 3357 3055 3430 διορθῶσαι.
3093 3355 3228 3412 Εἶτα
3259 3359 3493 3426 δεικνὺς,
3521 3361 3602 3413 ὅτι
3631 3360 3688 3414 οὐ
3724 3359 3816 3430 βία
3849 3361 3953 3413 καὶ

2267 3445 2479 3516 ἀνάγκη
2509 3446 2852 3516 κατεχόμεθα
2876 3447 2978 3500 ὑπὸ
3003 3447 3103 3516 τῆς
3128 3449 3414 3518 πονηρίας,
3438 3450 3552 3502 ἀλλ’
3576 3448 3810 3510 ἑκόντες,
3845 3449 3953 3502 οὐκ

2266 3527 2412 3596 εἷπε,
2428 3534 2518 3604 Μὴ
2542 3535 2894 3603 τυραννείτω,
2921 3535 3059 3605 ὅπερ
3083 3536 3331 3606 ἀνάγκης
3353 3532 3442 3605 ἦν,
3466 3536 3621 3602 ἀλλά,
3637 3535 3732 3604 Μὴ
3749 3536 3953 3599 ,Βασι-

2262 3620 2505 3675 λευέτω.
2544 3623 2654 3674 Καὶ
2691 3623 2798 3694 7&9
2839 3621 3039 3676 ἄτοπον
3071 3625 3150 3686 είς
3185 3623 3463 3694 βασιλείαν
3500 3625 3796 3695 ἀγομένους
3828 3626 3952 3680 τῶν

2261 3709 2320 3762 ού
2332 3709 2526 3780 ρανῶν,
2555 3709 2801 3778 βασιλίδα
2826 3710 2924 3780 τὴν
2952 3710 3230 3782 ἁμαρτίαν
3258 3712 3423 3781 ἔχειν,
3455 3713 3548 3765 καὶ
3573 3712 3951 3781 καλουμένους

2265 3797 2698 3867 συμϐασιλεύσαι
2759 3797 2836 3866 τῷ
2893 3797 3147 3868 Χριστῷ,
3211 3799 3482 3868 αἱρεῖσθαι
3539 3799 3792 3866 γενέσθαι
3843 3805 3949 3873 τῆς

2264 3885 2540 3954 ἁμαρτίας
2593 3884 2991 3954 αἰχμαλώτους·
3033 3884 3220 3956 ὥσπερ
3269 3885 3334 3939 ἂν
3385 3888 3439 3939 εῐ
3473 3904 3557 3950 τις
3596 3889 3654 3939 τὺ
3700 3888 3947 3958 διάδημα

2267 3970 2428 4040 ῥίψας
2466 3971 2574 4023 ἀπὸ
2602 3972 2700 4040 τῆς
2742 3971 3006 4041 κεφαλῆς,
3039 3971 3349 4043 δαιμονώσῃ
3389 3974 3611 4041 γυναικὶ
3643 3975 3736 4026 καὶ
3771 3993 3948 4045 προσ-

2264 4058 2487 4130 αιτούσῃ
2509 4059 2602 4110 καὶ
2625 4059 2789 4127 ῥάκια
2811 4071 2875 4110 πε
2887 4059 3250 4132 ριϐεὸλημένῃ
3265 4059 3537 4114 δουλεύειν
3560 4061 3753 4118 ἐθέλοι.
3779 4060 3942 4129 Εἶτα,

2262 4148 2447 4218 ἐπειδὴ
2501 4148 2640 4220 βαρὺ
2672 4149 2734 4201 τὸ
2773 4149 3154 4218 περιγενέσθαι
3204 4151 3502 4221 ἁμαρτίας,
3543 4152 3644 4222 ὅρα
3688 4153 3806 4217 πῶς
3846 4156 3946 4208 καὶ

2261 4235 2462 4304 κοῦφον
2487 4236 2678 4302 ἔδειξε,
2703 4237 2797 4289 καὶ
2822 4236 2912 4288 τὸν
2947 4237 3106 4289 πόνον
3135 4237 3565 4309 παρεμυθήσατο
3588 4238 3757 4293 εἰπὼν
3779 4283 3792 4303 ,
3839 4242 3945 4296 Ἐν

2260 4323 2340 4387 τῷ
2375 4323 2568 4389 θνητῷ
2591 4322 2757 4391 ὑμῶν
2783 4325 3030 4392 σώματι.
3065 4323 3233 4376 Τοῦτο
3262 4325 3370 4396 γὰρ
3393 4325 3632 4382 δείκνυσι
3662 4331 3941 4398 προσκαί-

2265 4426 2392 4479 ρους
2430 4410 2590 4472 δντας
2631 4411 2758 4473 τοὺς
2790 4411 3028 4478 ἀγῶνας,
3075 4412 3167 4464 καὶ
3211 4415 3420 4482 ταχέως
3459 4415 3938 4484 καταλυομένους·

2263 4496 2396 4564 όμοῦ
2427 4497 2482 4549 δὲ
2515 4497 2607 4549 καὶ
2640 4497 2746 4548 τῶν
2780 4499 3059 4568 προτέρων
3093 4500 3239 4569 ἡμᾶς
3286 4501 3690 4572 ἀναμιμνήσκει
3723 4505 3940 4567 κακῶν,

2263 4585 2356 4637 καὶ
2381 4586 2476 4654 τῆς
2502 4585 2594 4637 τοῦ
2628 4585 2858 4638 θανάτου
2891 4588 3077 4658 ῥίζης’
3104 4588 3355 4642 ἐντεῦθεν
3383 4590 3494 4662 γὰρ
3528 4593 3620 4644 καὶ
3653 4593 3806 4664 παρά
3839 4596 3942 4667 τὴν

2263 4673 2434 4742 ἀρχὴν
2471 4673 2660 4744 θνητὸν
2703 4677 2945 4743 γέγονεν.
2991 4674 3128 4727 Ἀλλ’
3165 4675 3341 4740 ἔξεστι
3373 4680 3468 4730 καὶ
3505 4677 3695 4749 θνητὸν
3741 4683 3942 4751 ἔχοντα

2264 4759 2451 4828 σῶμα,
2492 4761 2566 4830 μὴ
2604 4761 2957 4830 ἁμαρτάνειν.
3005 4757 3156 4825 Εἶδες
3188 4764 3287 4834 τὴν
3331 4768 3646 4835 περιουσίαν
3688 4771 3792 4840 τῆς
3842 4773 3942 4827 τοῦ

2261 4848 2498 4918 Χριστοῦ
2551 4851 2803 4918 χάριτος;
2857 4850 2916 4902 Ὀ
2969 4851 3065 4919 μὲν
3119 4851 3228 4922 γάρ
3278 4853 3447 4923 ’Δδάμ
3483 4856 3692 4910 ούδέπω
3739 4858 3941 4929 θνητὸν

2263 4934 2416 5004 ἔχων,
2465 4935 2692 4987 ῶλισθε’
2728 4938 2791 4988 σὺ
2833 4936 2889 4988 δὲ
2929 4937 3022 4990 καὶ
3047 4937 3275 4993 θανάτου
3305 4941 3482 4995 λαϐὼν
3521 4946 3826 5000 ὑπεύθυνον
3854 4951 3937 5014 ὃν,

2265 5025 2676 5095 στεφανωθῆναι
2723 5025 2947 5098 δυνήσῃ.
2994 5029 3102 5081 Kal
3153 5030 3267 5093 πῶς
3305 5031 3607 5101 βασιλεύει,
3648 5040 3852 5105 φησὶν,
3907 5045 3940 5113 ἡ

2264 5113 2539 5182 ἁμαρτία;
2564 5115 2676 5165 υύκ
2707 5115 2813 5166 ἀπὸ
2843 5115 2944 5183 τῆς
2970 5117 3172 5179 οἰκείας
3203 5119 3502 5190 δυνάμεως,
3535 5123 3649 5175 ἀλλ’
3687 5126 3801 5179 ἀπὸ
3834 5129 3942 5200 τῆς

2265 5201 2357 5268 σῆς
2387 5201 2678 5272 ῥᾳθυμίας.
2713 5202 2809 5255 Διά
2845 5203 3000 5256 τοῦτο
3026 5205 3214 5270 εἰπὼν,
3251 5208 3348 5277 Μὴ
3390 5210 3789 5278 βασιλευέτω,
3841 5222 3942 5272 καὶ

2262 5291 2346 5342 τὸν
2373 5292 2571 5361 τρόπον
2596 5292 2835 5346 δείκνυσι
2857 5295 2955 5364 τῆς
2977 5296 3231 5366 τοιαύτης
3266 5297 3562 5366 βασιλείας,
3588 5304 3818 5373 ἐπάγων
3843 5313 3941 5364 καὶ

2260 5381 2429 5448 λέγων
2450 5399 2462 5412 ·
2497 5383 2596 5448 Εἰς
2622 5383 2686 5435 τὸ
2709 5386 3035 5440 ὑπακούειν
3049 5387 3205 5456 αὐτῇ
3228 5390 3297 5441 ἐν
3317 5391 3444 5456 ταῖς
3463 5394 3805 5466 ἐπιθυμίαις
3826 5407 3940 5458 αὺ-

2260 5470 2383 5522 τοῦ.
2431 5472 2503 5523 Ού
2542 5473 2650 5540 γάρ
2697 5474 2810 5524 ὲυτι
2850 5475 2982 5546 τιμὴ
3026 5475 3087 5527 τὸ
3133 5478 3248 5546 μετ’
3282 5478 3529 5545 ἐξουσίας
3565 5486 3712 5555 αύτῷ
3752 5493 3940 5547 πάντα

2261 5559 2602 5628 χαρίζεσθαι,
2644 5559 2756 5611 ἀλλ’
2785 5562 2984 5632 ἐσχάτη
3019 5563 3229 5617 δουλεία
3263 5568 3354 5619 καὶ
3394 5569 3617 5640 ἀτιμίας
3651 5575 3936 5646 ἐπίτασις.

2261 5645 2427 5699 Ὅταν
2471 5648 2578 5717 γάρ
2627 5647 2663 5700 ἃ
2713 5648 2959 5717 βούλεται
3000 5651 3232 5725 πράττῃ,
3274 5656 3394 5708 τότε
3429 5658 3742 5730 ἐλευθερίας
3778 5668 3941 5722 ἐστέ-

2267 5750 2422 5802 ρηται
2458 5739 2668 5805 πάσης*
2700 5739 2828 5791 ὅταν
2855 5741 2912 5792 δὲ
2943 5740 3236 5810 κωλύηται,
3277 5744 3398 5796 τότε
3436 5747 3667 5815 μάλιστα
3705 5753 3811 5824 τὴν
3853 5760 3939 5811 οξ-

2263 5824 2414 5874 κείαν
2437 5825 2593 5889 ἀξίαν
2614 5825 2875 5896 διατηρεῖ.
2903 5827 3064 5895 Μηδὲ
3084 5830 3478 5898 παριστάνετε
3502 5835 3569 5888 τὰ
3583 5837 3744 5907 μέλη
3761 5845 3940 5912 ὑμῶν

2266 5911 2422 5965 ἑίπιίιι
2461 5913 2691 5982 ἀδικίας
2727 5916 2796 5982 τῇ
2836 5918 3114 5988 ιῑμαίτίςι.
3159 5919 3293 5974 ἀλλ’
3327 5919 3482 5977 ὅπλα
3511 5911 3934 6006 δικαιοσύνης,
