4092 6514
666 447 729 505 11
1565 444 1793 505 ΡΒΕΡ.
1836 447 2086 507 SAVILII
2123 448 2195 505 ΙΝ
2231 450 2282 505 AI

2284 448 2417 506 CTA
2454 446 2989 506 APOSTOLORUM.
3460 480 3463 483 -
3832 448 3900 504 12

665 561 921 631 Ceuesin)
953 562 1054 636 τῆς
1078 562 1139 618 ἕν
1164 565 1286 629 ταις
1317 565 1558 639 Πράεεσι
1585 569 1859 641 φράσεως,
1888 570 1981 626 ιπι
2002 572 2063 627 τὸ
2090 590 2281 628 ταπειν

2284 574 2475 646 νύτερον
2506 572 2922 645 ἁπενηνιγμένη
2961 589 2976 628 :
3015 570 3160 642 quod
3196 578 3405 642 aperte,
3426 579 3489 627 ut
3521 569 3656 627 mihi
3682 568 3900 641 quidem

664 657 897 728 videtur,
936 661 979 717 si
1011 662 1076 717 de
1103 661 1250 716 hisce
1274 662 1527 734 accipias,
1570 680 1731 721 secus
1764 675 1868 723 est.
1892 668 2069 738 Atque
2095 669 2213 724 hac
2242 668 2355 735 fere
2380 678 2527 737 sunt,
2558 684 2680 739 quae
2718 666 2775 721 in
2815 682 2935 723 eam
2964 674 3176 737 partem
3204 666 3521 722 afferantur.
3555 666 3690 733 Qua
3717 677 3899 722 tamen

660 750 842 806 omnia
866 768 986 808 eam
1017 754 1125 809 vim
1155 768 1265 810 non
1295 752 1517 820 habent,
1549 765 1608 811 nt
1641 757 1775 813 mihi
1805 756 1888 815 vel
1915 761 2183 816 tantillum
2221 760 2586 832 persuadeant
2626 760 2850 829 γνήσιον
2879 758 3027 814 hunc
3055 758 3269 825 foetum,
3319 757 3422 813 etsi
3456 758 3639 813 minus
3671 757 3901 815 fortasse

658 843 877 913 ὡραῖον,
924 859 954 899 a
1004 846 1210 917 γνησίῳ
1253 856 1405 917 patre
1455 847 1785 918 abju‘dicare.
1839 851 1918 905 Ac
1970 852 2169 922 primo,
2226 861 2470 908 ramenta
2517 853 2764 923 quaedam
2822 853 3027 922 passim
3073 860 3359 921 apparent,
3405 865 3527 920 quas
3578 850 3795 905 nonnisi
3830 850 3899 905 ab

658 949 824 990 aurea
847 934 932 990 illa
968 951 1106 991 vena
1134 952 1355 993 manare
1381 946 1695 1008 potuerunt.
1726 939 1796 994 At
1834 940 2001 997 multa
2027 950 2175 1009 sunt,
2203 941 2403 1013 inquis,
2426 940 2700 1013 plumbea.
2725 939 3071 1009 Respondeo,
3106 938 3402 1009 proclivius
3429 953 3551 995 esse
3588 928 3899 1011 χρυὼρῤἡ-

668 1042 789 1097 μονι
813 1035 1000 1083 nostm
1023 1028 1218 1083 alicubi
1252 1028 1402 1084 humi
1425 1045 1633 1101 repere.
1661 1029 1903 1102 adeoque
1922 1032 2124 1102 jacere,
2162 1048 2322 1103 quam
2347 1032 2435 1087 alii
2463 1032 2528 1087 ad
2554 1032 2675 1102 ejus
2701 1030 3046 1086 altitudinem
3074 1044 3361 1101 assurgere
3394 1046 3406 1082 :
3443 1037 3503 1083 ut
3530 1038 3753 1099 propter
3796 1030 3895 1085 ali-

655 1136 759 1189 qua
788 1114 1183 1180 admirabiliter
1210 1125 1411 1195 scripta
1440 1125 1619 1181 malim
1641 1125 2083 1199 Chrysostomum
2110 1126 2408 1183 inscribere
2426 1136 2724 1192 auctorem,
2756 1141 2919 1197 quam
2952 1125 3117 1181 alium
3162 1131 3387 1195 propter
3415 1124 3675 1178 nonnulla
3708 1123 3886 1179 humi-

656 1214 781 1271 lius.
814 1214 1016 1273 Deinde
1043 1218 1165 1288 quis
1196 1220 1386 1286 nescit,
1416 1236 1525 1275 non
1550 1220 1772 1276 eosdem
1804 1236 1927 1277 esse
1970 1237 2161 1277 omnes
2189 1222 2339 1278 omni
2379 1222 2662 1294 tempore?
2684 1221 2855 1277 Aliter
2881 1219 3204 1291 eloquentia:
3227 1218 3431 1273 Latinae
3466 1217 3722 1288 princeps
3753 1217 3899 1276 dixit

653 1307 1071 1374 adolescentior,
1101 1307 1256 1363 aliter
1275 1310 1389 1380 jam
1418 1310 1740 1367 consularis.
1772 1311 1841 1366 Et
1866 1312 1938 1366 de
1965 1313 2350 1383 Chrysostomo
2380 1323 2567 1369 nostro
2595 1313 2874 1369 verissime
2917 1312 3167 1375 Photius,
3216 1310 3394 1379 ipsum
3438 1308 3766 1373 Antiochiae,
3809 1322 3899 1363 se-

652 1406 861 1452 motum
883 1412 913 1451 a
938 1398 1169 1468 publicis
1192 1398 1353 1464 curis,
1388 1400 1558 1455 multo
1585 1401 1893 1457 accuratius
1920 1401 2265 1472 limatiusque
2288 1402 2593 1473 scripsisse.
2632 1417 2795 1471 quam
2826 1402 3080 1456 eumdem
3107 1398 3581 1470 Constantinopoli
3632 1401 3894 1472 ἀρχιερα-

650 1488 875 1543 τεύοντα
908 1508 921 1543 :
948 1489 1003 1543 in
1033 1490 1175 1560 quod
1205 1500 1417 1561 tempus
1447 1492 1580 1556 hac,
1607 1508 1728 1563 quae
1756 1494 1810 1547 in
1832 1493 2084 1548 manibus
2110 1494 2392 1558 habemus,
2427 1492 2680 1550 incidisse
2721 1493 2843 1548 luce
2874 1492 3075 1547 clarius
3096 1500 3199 1546 est.
3258 1491 3332 1547 De
3363 1507 3595 1547 numero
3630 1489 3898 1547 Photiano

650 1579 979 1649 respondeo,
1012 1581 1153 1637 idem
1182 1582 1343 1652 objici
1372 1598 1531 1654 posse
1554 1583 1623 1639 de
1658 1584 1907 1640 Homiliis
1938 1585 1994 1640 in
2017 1585 2271 1649 Genesin,
2305 1601 2427 1655 quae
2465 1585 2584 1640 sine
2612 1584 2780 1641 dubio
2800 1599 3073 1655 germanae
3105 1591 3255 1651 sunt,
3293 1592 3349 1638 et
3382 1600 3493 1638 non
3528 1585 3715 1654 plures
3749 1580 3896 1637 Pho-

649 1671 725 1726 tio
750 1688 854 1727 una
885 1681 941 1728 et
973 1674 1268 1753 sexaginta,
1306 1690 1428 1729 cum
1460 1684 1639 1730 tamen
1668 1690 1861 1733 omnes
1885 1676 2053 1732 nostri
2088 1676 2315 1733 Codices
2340 1686 2550 1748 septem
2574 1686 2632 1731 et
2657 1677 2934 1746 sexaginta
2961 1677 3271 1747 praeferant,
3306 1683 3366 1729 ut
3415 1676 3501 1730 vel
3530 1674 3782 1729 Photium
3810 1675 3897 1732 hic

646 1773 702 1820 et
732 1764 805 1820 ibi
826 1765 1085 1820 memoria
1104 1766 1311 1835 lapsum
1339 1782 1458 1823 esse
1483 1782 1708 1823 necesse
1734 1767 1824 1834 sit,
1859 1768 1945 1824 vel
1980 1768 2034 1823 in
2069 1766 2297 1824 Codices
2318 1768 2574 1825 incidisse
2604 1768 2786 1823 minus
2812 1768 3074 1840 integros,
3108 1768 3192 1823 vel
3212 1767 3507 1822 oscitantes
3530 1767 3779 1821 librarios
3808 1766 3901 1823 hic

646 1875 746 1930 pro
778 1868 853 1915 vs'
892 1860 1034 1917 facili
1073 1862 1224 1931 lapsu
1261 1862 1548 1932 scripsisse
1574 1870 1639 1920 ν’.
1665 1863 1775 1919 Has
1798 1864 1945 1919 enim
1975 1878 2115 1928 esse,
2141 1879 2277 1933 quas
2302 1864 2413 1934 jam
2444 1863 2697 1918 manibus
2732 1864 2980 1925 terimus.
3014 1879 3123 1918 non
3154 1862 3289 1917 alias
3329 1862 3384 1916 in
3417 1864 3549 1917 Acta
3584 1861 3833 1917 homilias
3864 1876 3894 1916 a

643 1954 840 2011 Pliotio
863 1956 1110 2026 intelligi,
1142 1957 1303 2011 verba
1328 1957 1498 2026 ipsius
1520 1971 1710 2028 aperte
1736 1958 2016 2015 declarant
2052 1976 2065 2011 :
2092 1958 2149 2010 ai
2182 1957 2252 2025 τὰ

2279 1975 2290 2010 ι
2317 1959 2398 2020 εἰς
2430 1957 2529 2020 τὰς
2558 1956 2794 2028 Πράξεις
2826 1956 3035 2025 ὁμιλίαι
3057 1958 3391 2028 πεντήκοντα
3421 1955 3520 2027 μέν
3551 1955 3678 2015 εἰσι.
3709 1954 3895 2026 σχεὸδν

638 2047 697 2100 δὲ
730 2047 799 2101 δι’
826 2046 950 2103 ὅλου
983 2046 1131 2117 αὐτῷ
1159 2046 1253 2101 τοῦ
1274 2047 1521 2102 ἐνιαυτοῦ
1549 2049 1881 2120 ἐρρήθησαν.
1910 2050 1986 2102 Οὐ
2013 2048 2122 2118 γὰρ
2155 2048 2279 2101 καθ’
2308 2048 2523 2118 ἡμέραν
2546 2047 2772 2110 ταύτας,
2798 2046 2937 2101 ἀλλὰ
2963 2046 3056 2100 καὶ
3083 2047 3225 2119 ὑπὲρ
3254 2047 3415 2101 πέντε
3470 2045 3674 2117 (malim
3701 2048 3849 2118 τρεῖς
3876 2062 3891 2103 :

641 2138 881 2209 respexit
900 2139 1046 2194 enim
1077 2138 1145 2193 ad
1173 2138 1354 2193 locum
1386 2139 1441 2193 in
1474 2139 1623 2194 hom.
1644 2138 2055 2211 quadragesima
2076 2146 2257 2209 quarta

2299 2136 2388 2192 διὰ
2414 2137 2581 2209 τριῶν
2617 2136 2876 2200 πολλάκις
2906 2137 3133 2207 ἡμερῶν
3167 2135 3199 2207 ἡ
3228 2136 3369 2190 ἑπτὰ
3398 2135 3556 2190 τοῦτο
3589 2134 3892 2205 ποιοῦντες)

636 2232 733 2285 καὶ
763 2230 904 2303 ύπδρ
938 2230 1099 2296 ἑπτὰ,
1128 2232 1223 2284 καὶ
1249 2230 1422 2284 πλείω
1457 2230 1606 2301 (fort.
1636 2231 1853 2294 πλειους
1904 2250 1919 2286 :
1961 2246 2091 2285 nam
2118 2230 2187 2286 de
2226 2230 2252 2284 d

2276 2230 2419 2285 ;ebus
2465 2230 2725 2300 loquitur)
2757 2229 3082 2301 καθωμίλει·
3113 2228 3181 2293 ἃς
3212 2230 3370 2300 δῆλον
3401 2230 3565 2294 αὐτὸς
3602 2234 3770 2295 ποιεῖ,
3807 2232 3892 2285 ὃτι

636 2320 1043 2395 ἀρχιὲρατεύων
1066 2321 1206 2375 κατὰ
1228 2321 1286 2375 τὸ
1314 2321 1498 2392 τρίφν
1524 2321 1643 2387 ἔτος
1674 2321 1942 2394 ὡμίλησε.
1971 2322 2166 2388 Locus,
2193 2323 2252 2379 ad

2289 2337 2450 2393 quem
2497 2323 2735 2394 respexit
2782 2321 3029 2389 Photius,
3077 2333 3161 2379 est
3200 2323 3256 2377 in
3288 2324 3435 2379 hom.
3476 2324 3891 2395 quadragesima

634 2427 851 2493 quarta,
878 2433 1001 2489 pag.
1034 2416 1159 2484 856,
1190 2417 1287 2471 lin.
1317 2419 1386 2473 59
1412 2416 1491 2489 [p.
1516 2419 1622 2474 555
1640 2418 1727 2485 Ι).,
1753 2418 1966 2484 Nomii,
1995 2419 2099 2474 col.
2136 2418 2260 2483 512,
2290 2420 2390 2474 lin.
2416 2419 2487 2474 55
2509 2419 2599 2474 ed.
2631 2417 2807 2490 nov.],
2832 2418 2925 2473 ubi
2949 2427 3165 2488 arrepta
3190 2420 3474 2473 occasione
3502 2434 3568 2473 ex
3590 2418 3738 2472 Pauli
3766 2433 3894 2474 ver-

632 2510 739 2570 'bis,
770 2506 1218 2579 μνημονεύοντες,
1248 2508 1329 2561 ὅτι
1353 2507 1594 2581 τριετίαν
1615 2508 1785 2562 νύκτα
1814 2508 1908 2562 καὶ
1930 2509 2143 2579 ἡμέραν
2175 2509 2248 2562 ούι

2274 2528 2277 2561 ι
2308 2508 2658 2579 ἐπαυσάμην,
2692 2508 2950 2562 Actorum
2988 2507 3092 2573 20,
3133 2506 3223 2572 51,
3258 2508 3678 2578 Chrysostomus
3708 2507 3776 2563 de
3806 2522 3890 2589 se,

629 2597 745 2650 idob
774 2598 839 2671 τῇ
871 2595 1051 2665 χάριτι
1081 2594 1175 2648 τοῦ
1205 2594 1342 2648 Θεοῦ
1369 2595 1463 2648 καὶ
1500 2597 1663 2666 ἡμεῖς
1682 2596 1867 2650 λοιπὸν
1900 2596 2141 2666 τριετίαν
2174 2597 2245 2668 εχ‹

2274 2614 2394 2668 μιν.
2433 2597 2611 2666 Atque
2647 2606 2708 2652 ut
2730 2613 2842 2651 non
2872 2598 3039 2652 alium
3084 2612 3206 2652 esse
3231 2598 3393 2666 hujus
3433 2597 3555 2652 libri
3589 2609 3890 2661 auctorem.

631 2702 792 2758 quam
814 2686 1076 2743 Joannem
1098 2696 1367 2752 nostrum,
1393 2688 1649 2757 liquidius
1675 2698 1954 2758 appareat,
1988 2690 2104 2745 hsce
2131 2704 2300 2761 pauca
2326 2690 2592 2761 adiecisse
2620 2706 2730 2745 non
2759 2690 2858 2747 abs
2886 2706 2945 2745 re
2970 2690 3151 2746 fuerit.
3180 2688 3382 2743 Omitto
3408 2691 3605 2745 multas
3634 2691 3893 2761 loquendi

630 2781 894 2837 formulas
916 2781 1046 2837 huic
1069 2792 1258 2837 nostro
1284 2782 1605 2853 peculiares,
1632 2781 2177 2853 interrogatiunculas
2195 2822 2212 2849 ,
2243 2783 2617 2854 dialogismos,
2648 2783 3013 2855 digressiones
3038 2783 3269 2837 murales
3289 2822 3303 2847 ,
3346 2782 3492 2852 leges
3523 2794 3710 2837 contra
3735 2783 3893 2853 jura-

629 2884 815 2932 menta
845 2876 998 2940 latas,
1030 2874 1181 2931 Sixto
1207 2875 1435 2931 Senensi
1457 2884 1621 2947 atque
1642 2876 1743 2947 ipsi
1771 2876 1996 2932 Erasmo
2021 2886 2227 2932 notata.
2251 2877 2406 2944 Quod
2436 2878 2491 2932 in
2528 2880 2675 2933 hom.
2701 2879 2874 2949 prima
2906 2878 3182 2933 invehitur
3211 2878 3267 2933 in
3290 2894 3405 2943 eos,
3438 2880 3531 2949 qui
3560 2879 3893 2949 baptismum

628 2972 876 3042 rejiciunt
918 2987 1088 3042 usque
1116 2970 1184 3025 ad
1206 2979 1476 3027 extremas
1505 2971 1815 3033 ἀναπνοάς·
1854 2972 1998 3041 quod
2026 2972 2078 3025 in
2124 2972 2274 3027 hom.
2306 2973 2580 3044 trigesima
2617 2974 2787 3044 legem
2814 2974 2999 3028 statuit
3026 2974 3080 3028 in
3108 2988 3221 3038 eos,
3254 2975 3345 3043 qui
3378 2975 3634 3044 episcopo
3669 2975 3894 3030 concio-

627 3064 780 3119 nanti
812 3064 1034 3132 plausus
1064 3064 1213 3119 cient
1241 3080 1254 3117 :
1286 3063 1427 3133 quod
1462 3073 1649 3119 contra
1668 3065 1947 3119 Platonem
1964 3064 2383 3134 etphilosophos
2404 3065 2560 3119 toties
2577 3080 2639 3120 ac
2662 3074 2769 3119 tam
2786 3066 3139 3121 vehementer
3154 3066 3413 3135 disputat,
3436 3082 3505 3119 an
3530 3082 3635 3120 non
3655 3067 3785 3122 satis
3806 3067 3896 3121 in-

624 3161 807 3218 dicant
821 3159 1102 3229 antiquum
1142 3174 1264 3215 esse
1293 3160 1635 3228 scriptorem,
1678 3160 1770 3228 qui
1804 3159 1858 3213 in
1889 3158 2021 3215 vitia
2065 3160 2249 3213 multis
2289 3160 2402 3229 jam
2455 3160 2578 3215 inde
2617 3160 2831 3215 saeculis
2867 3160 3146 3230 antiquata
3177 3170 3285 3213 tam
3318 3161 3517 3215 acriter
3546 3160 3837 3216 invehatur
3864 3162 3891 3217 ἲ

624 3252 762 3319 Quid
792 3254 932 3326 quod
964 3254 1149 3307 homil.
1178 3253 1481 3317 undecima,
1514 3252 1722 3323 ἡκουσά
1753 3270 1883 3307 ποτε
1910 3254 2162 3325 πατέρων
2203 3272 2240 3307 τε

2265 3252 2311 3307 iv
2344 3254 2646 3325 ἡμετέρων,
2684 3254 2879 3324 inquit,
2910 3254 3200 3323 λεγόντων,
3230 3257 3311 3310 ὅτι
3348 3257 3490 3310 κατὰ
3517 3256 3607 3308 τὸν
3635 3256 3881 3328 διωγμὸν

619 3346 712 3399 τὸν
745 3345 974 3405 παλαιὸν
1012 3341 1082 3416 ἦν
1126 3346 1253 3399 ἰδεῖν
1284 3346 1453 3409 ὅντως
1484 3346 1847 3416 Χριστιανοὺς
1887 3346 2115 3416 ἄνδρας,
2158 3354 2235 3401 ett

2256 3385 2268 3402 .
2300 3347 2381 3402 Ex
2405 3347 2603 3416 quibus
2626 3356 2851 3416 apparet
2881 3347 3043 3417 hujus
3070 3348 3191 3401 libri
3221 3358 3496 3402 auctorem
3522 3349 3702 3403 statim
3742 3357 3872 3419 post

627 3452 870 3507 tempora
893 3438 1287 3510 persecutionis
1312 3438 1531 3504 vixisse,
1560 3440 1652 3508 qui
1682 3438 1797 3493 ha‘c
1823 3454 1853 3493 a
1877 3438 2123 3509 patribus
2152 3438 2266 3494 suis
2289 3439 2477 3493 audire
2508 3440 2764 3507 potuerit.
2795 3437 2931 3504 Quid
2960 3438 3102 3507 quod
3134 3439 3319 3492 homil.
3353 3440 3611 3510 vigesima
3647 3440 3889 3495 secunda

623 3534 836 3603 legitur,
880 3535 1098 3603 σπεῖρα,
1130 3531 1157 3584 ὃ
1199 3531 1469 3602 καλοῦμεν
1504 3531 1599 3586 νῦν
1629 3532 1941 3605 νούμερονῖ
1983 3541 2038 3587 et
2067 3533 2212 3602 quod

2270 3532 2431 3589 nomil.
2457 3531 2870 3602 quadragesima
2904 3540 3077 3588 sexta.
3109 3532 3137 3584 ὃ
3168 3536 3299 3603 παρ’
3322 3535 3456 3602 ἡμῖν
3502 3534 3715 3601 λέγουσι
3741 3534 3886 3589 κατὰ

620 3628 718 3698 τὴν
750 3625 1063 3694 Ῥωμαϊκὴν
1101 3621 1411 3692 συνήθειαν,
1461 3624 1520 3675 ὲν
1548 3625 1663 3686 τοῖς
1707 3625 1911 3691 σίγνοις
1954 3625 2117 3678 αὑτὸν
2161 3624 2232 3695 ἐμ

2275 3626 2389 3689 αλε,
2435 3639 2617 3678 nonne
2647 3623 2780 3677 satis
2808 3624 2923 3677 inec
2961 3638 3059 3693 per
3093 3639 3151 3680 se
3200 3625 3578 3694 antiquitatem
3611 3626 3891 3695 produnt?

620 3720 723 3775 Sed
764 3719 893 3788 quid
944 3717 1282 3787 conjecturas
1319 3726 1630 3779 consector,
1662 3733 1785 3772 cum
1833 3717 1948 3788 ipse
1994 3725 2181 3789 aperte
2229 3717 2376 3774 hom.
2430 3718 2841 3789 quadragesima
2885 3719 3058 3789 prima
3101 3726 3623 3787 contemporaneum
3659 3734 3717 3772 se
3757 3732 3879 3789 pro~

622 3815 839 3869 fitealur
868 3811 1123 3868 Juliano?
1150 3813 1323 3867 Locus
1349 3819 1431 3867 est
1460 3827 1580 3882 pag.
1614 3811 1738 3877 859,
1772 3814 1802 3866 7
1833 3811 1910 3883 [p.
1940 3813 2035 3866 511
2068 3821 2207 3867 extr.
2236 3813 2238 3864 ἶ

2273 3812 2449 3879 lontf.,
2483 3813 2587 3868 col.
2628 3814 2753 3878 291,
2784 3813 2878 3867 lin.
2912 3813 2984 3869 52.
3011 3812 3099 3869 ed.
3140 3813 3293 3883 nov.]
3325 3829 3338 3864 :
3373 3812 3481 3865 ἰδοὺ
3516 3812 3626 3883 γὰρ
3656 3813 3889 3867 ἐπὶτῶν

620 3911 827 3982 καιρῶν
859 3911 966 3964 τῶν
994 3910 1279 3981 ἡμετέρων
1307 3909 1376 3962 τὰ
1410 3908 1552 3961 κατά
1581 3909 1671 3961 τὸν
1700 3889 1972 3979 μακάριον
2002 3907 2249 3961 Βαϐύλαν
2277 3909 2488 3978 γέγονε,
2513 3909 2583 3961 τὰ
2613 3908 2756 3966 κατὰ
2785 3908 2854 3961 τὰ
2886 3908 3254 3978 Ἰεροσόλυμα,
3290 3908 3358 3961 τὰ
3392 3908 3534 3961 κατὰ
3565 3908 3661 3978 τὴν
3689 3909 3887 3963 καθαί-

624 4021 771 4074 ρεσιν
800 4004 904 4058 τῶν
941 4004 1133 4075 ἱειρῶνῖ
1160 4018 1391 4073 quorum
1425 4003 1532 4057 duo
1557 4002 1736 4072 priora
1766 4002 1868 4057 sub
1894 4000 2113 4057 Juliano
2150 4004 2517 4075 contigerunt,
2557 4004 2776 4057 tertium
2808 4003 2911 4058 sub
2942 4003 3267 4057 Theodosio.
3291 4002 3409 4057 Jam
3434 4003 3564 4057 illud
3597 4003 3743 4057 bom.
3777 4006 3878 4058 tri-

618 4098 822 4170 gesima
848 4103 1037 4152 octava
1077 4096 1144 4150 de
1193 4095 1329 4149 libro
1358 4094 1567 4165 magico
1601 4094 1823 4149 invento
1853 4096 1909 4149 in
1948 4094 2169 4149 ﬂumine
2189 4136 2202 4160 ,
2231 4110 2354 4150 cum
2397 4096 2576 4149 adhuc
2612 4094 2899 4165 μειράκιον
2920 4103 3066 4149 esset
3095 4093 3533 4164 Chrysostomus,
3582 4095 3886 4150 Cardinalis

618 4185 883 4241 Baronius
905 4196 1072 4250 recte,
1099 4191 1158 4239 ut
1192 4184 1404 4254 opinor,
1436 4183 1503 4239 ad
1531 4192 1774 4253 tempora
1796 4183 2036 4239 Valentis
2070 4185 2257 4239 refert.
2288 4183 2367 4239 Ex
2399 4184 2485 4241 his
2522 4186 2691 4255 liquet
2742 4186 3062 4255 scriptorem
3102 4184 3271 4240 fuisse
3308 4195 3612 4252 temporum
3663 4188 3882 4241 illorum

617 4280 898 4349 aequalem.
946 4280 1053 4335 Sed
1106 4289 1161 4335 et
1210 4280 1523 4349 episcopum
1572 4276 1739 4333 fuisse
1782 4277 1913 4333 satis
1943 4278 2233 4333 constabit.
2275 4276 2435 4334 Hom.
2492 4280 2650 4332 tertia
2682 4279 2921 4347 loquitur
2947 4279 3015 4334 de
3053 4280 3254 4350 seipso,
3296 4291 3355 4335 ut
3392 4282 3668 4351 episcOpo.
3704 4283 3803 4335 Ilo.

618 4388 763 4428 nona
817 4382 1003 4442 aperte
1052 4372 1290 4442 seipsum
1351 4372 1665 4441 episcopum
1713 4379 1893 4433 vocat,
1950 4369 2087 4424 ἀλλὰ
2127 4371 2214 4436 σὺ,

2254 4371 2431 4440 φησιν,
2483 4368 2668 4439 ἄρχων
2719 4367 2771 4422 εἰ
2816 4369 2912 4423 καὶ
2960 4371 3276 4434 ἐπίσκοπος.
3325 4372 3524 4427 Homil.
3565 4382 3753 4429 octava
3800 4374 3870 4429 de

622 4466 802 4535 seipso
850 4465 1104 4535 loquitur,
1140 4475 1198 4519 ut
1223 4465 1477 4536 episcopo
1506 4468 1562 4521 in
1611 4466 1830 4522 cititato
1878 4464 2235 4537 βασιλευούσῃ
2269 4462 2433 4535 (quod
2459 4477 2660 4517 nomen
2688 4473 3049 4533 praeterquam
3073 4462 3259 4519 Roma:
3296 4474 3351 4519 et
3381 4464 3874 4537 Constantinopoli,

618 4558 751 4612 nulli
774 4556 862 4611 alii
887 4558 1243 4612 conveniebat
1268 4558 1473 4612 civitati
1525 4558 1859 4630 (suspiciose
1879 4557 2125 4627 quaedam
2163 4570 2457 4626 aspergens
2492 4555 2559 4610 de
2593 4570 2689 4609 sua
2736 4556 3075 4626 expulsione,
3100 4555 3228 4626 napi
3253 4555 3353 4625 τῆς
3384 4555 3576 4608 ἑαυτοῦ
3605 4557 3870 4627 καθαιρέ-

619 4666 758 4713 σεως
786 4667 805 4719 ε,
823 4650 998 4720 qualia
1040 4660 1166 4703 sunt
1219 4667 1339 4722 pag.
1386 4652 1510 4715 655,
1558 4653 1629 4706 24
1670 4650 1819 4723 [pag.
1866 4651 1957 4716 68,
2011 4650 2076 4715 A,
2114 4649 2235 4705 Mon

2253 4650 2328 4713 LL,
2360 4650 2463 4705 col.
2497 4650 2586 4716 74,
2620 4650 2716 4704 lin.
2745 4649 2816 4703 22
2851 4664 2977 4705 nov.
3012 4648 3128 4720 ed.]
3160 4666 3173 4701 :
3206 4648 3239 4720 ἢ
3269 4648 3531 4702 καθέλετέ
3569 4666 3637 4719 με
3660 4648 3869 4721 ταύτης

615 4742 715 4812 τῆς
744 4743 941 4813 ἀρχῆς,
972 4741 1004 4811 ἢ
1040 4740 1270 4811 μόνοντά
1306 4759 1373 4813 με
1406 4744 1479 4814 μὴ
1512 4740 1864 4815 περιϐάλλετο
1895 4740 2178 4804 κινδύνοις.
2210 4741 2231 4794 Ι

2262 4743 2491 4813 tpagina
2525 4750 2805 4811 sequente,
2837 4741 2933 4794 lin.
2964 4742 3028 4795 12
3059 4739 3203 4812 [pag.
3232 4741 3318 4804 69,
3346 4742 3410 4801 A,
3444 4740 3545 4795 col.
3592 4740 3678 4805 76,
3709 4741 3801 4795 lin.
3842 4742 3878 4796 5

617 4835 704 4888 ed.
736 4832 889 4905 now]
921 4851 934 4886 :
966 4834 1071 4897 ἕως
1104 4834 1170 4887 ἂν
1190 4836 1248 4886 ὲν
1272 4833 1349 4904 τῷ
1372 4834 1546 4905 θρόνῳ
1568 4834 1887 4905 καθέζωμαι
1916 4834 2111 4902 τούτῳ,
2134 4833 2288 4887 οὐδὲν
2317 4836 2541 4905 προήσω
2580 4834 2687 4886 τῶν
2716 4833 2881 4886 αὐτοῦ
2908 4834 3309 4903 δικαιωμάτων.
3350 4835 3450 4886 'Av
3481 4834 3549 4904 μέ
3573 4851 3659 4897 τις
3687 4852 3871 4887 κατα-

619 4922 838 4993 ὁιϐἀσῃ,
870 4922 1052 4975 λοιπὸν
1078 4922 1363 4985 ἀνεύθυνὸς
1384 4925 1519 4994 ειμι.
1557 4924 1623 4977 Ει
1652 4924 1840 4979 homil.
1867 4922 2147 4977 undecima
2176 4924 2235 4977 la

2246 4923 2434 4993 luitur,
2462 4933 2523 4977 ut
2547 4924 2598 4977 in
2626 4925 2862 4989 civitate,
2895 4940 3015 4994 quae
3043 4934 3240 4995 preter
3270 4926 3485 4981 Judaaos
3520 4934 3576 4980 et
3608 4925 3862 4996 gentiles,

618 5013 1049 5069 Christianorum
1087 5014 1281 5068 habeat
1322 5015 1442 5083 plus
1482 5030 1643 5083 quam
1672 5026 1891 5070 centum
1924 5016 2109 5070 millia.
2144 5014 2300 5071 Hom.
2338 5032 2439 5085 qua
2466 5017 2753 5086 lragesima
2787 5017 3049 5081 secunda,
3083 5033 3138 5087 p.
3175 5019 3341 5073 8481.
3376 5019 3441 5072 12
3495 5016 3589 5089 [ρ.
3629 5018 3763 5082 524,
3808 5018 3872 5084 Β,

618 5105 721 5160 col.
763 5106 887 5163 502.
928 5104 1026 5159 lin.
1054 5106 1123 5160 29
1151 5114 1206 5159 et
1232 5104 1381 5177 nov.]
1415 5124 1429 5160 :
1474 5104 1603 5159 ’1δού
1633 5107 1792 5177 ἡλίκη
1820 5108 1975 5170 πόλις
2005 5108 2134 5176 ὑμῖν
2159 5108 2234 5159 ἐστ

2232 5124 2305 5159 ειν
2331 5109 2364 5177 ἡ
2397 5125 2434 5179 μ
2491 5107 2605 5177 ’ἁλη
2632 5106 2793 5178 αὕτη.
2822 5108 2889 5162 Ει
2919 5109 3063 5177 quod
3094 5124 3383 5179 nusquam,
3418 5116 3477 5162 ut
3505 5109 3719 5177 opinor,
3742 5109 3848 5165 alib

620 5202 675 5255 in
698 5201 818 5270 ejus
848 5202 1100 5271 operibus
1138 5202 1439 5271 reperitur,
1472 5201 1659 5255 homil.
1710 5202 2153 5272 quinquagesima
2183 5204 2440 5269 secunda,
2491 5219 2611 5275 pag.
2642 5202 2766 5269 902,
2804 5203 2838 5257 Ι.
2868 5205 2937 5259 40
2984 5204 3058 5276 [p.
3100 5206 3221 5268 595,
3265 5205 3329 5269 Ι),
3360 5204 3465 5259 col.
3503 5205 3629 5273 565,
3664 5206 3762 5260 lin.
3801 5209 3876 5264 M

620 5291 709 5346 ed.
744 5290 905 5362 nov.]
945 5307 1139 5347 nomen
1184 5308 1341 5347 suum
1402 5293 1605 5348 directe
1643 5294 1794 5363 ponit
1837 5316 1848 5349 :
1890 5295 2016 5363 Εἰμὶ
2046 5295 2140 5347 τοῦ
2204 5312 2236 5364 μ

2258 5296 2476 5366 ικαρίου
2540 5296 2639 5364 μὲν
2662 5294 2872 5348 ἐκείνου
2928 5296 3234 5366 (Ἰωάννου)
3292 5297 3601 5367 ὁμώνυμος,
3651 5298 3711 5350 ού
3766 5298 3874 5369 μὴν

621 5381 957 5454 συνώνυμος.
999 5386 1111 5438 Ούκ
1149 5386 1263 5455 etp).
1304 5386 1575 5455 Ἰωάννης,
1611 5385 1746 5439 ἀλλὰ
1786 5384 2077 5455 καλοῦμαι.
2108 5385 2235 5441 Post

2254 5402 2387 5441 'emo
2414 5387 2679 5442 accedunt
2707 5396 2761 5441 et
2805 5397 3051 5443 veterum
3094 5390 3419 5457 scriptorum
3450 5389 3516 5443 de
3556 5388 3717 5459 hujus
3745 5390 3870 5445 libri

624 5489 845 5533 auctore
866 5482 1195 5537 testimonia.
1242 5482 1315 5535 D'e
1360 5481 1551 5535 Photio
1584 5497 1745 5551 supra
1775 5482 2029 5536 diximus.
2088 5482 2471 5547 Damascenus,
2518 5483 2610 5537 lib.
2656 5484 2710 5545 5,
2751 5498 2869 5552 cap.
2911 5484 2997 5549 15,
3053 5484 3127 5535 De
3170 5482 3274 5535 [ide
3318 5483 3638 5547 orthodoxa,
3687 5483 3870 5537 locum

625 5566 755 5622 citat
796 5583 861 5621 ex
892 5570 1128 5624 secunda
1160 5570 1347 5623 homil.
1380 5571 1433 5623 in
1460 5570 1591 5624 Acta
1633 5586 1646 5621 :
1676 5570 1769 5640 qui
1808 5580 1989 5625 tamen
2018 5572 2253 5626 auctoris
2302 5587 2370 5625 an
2416 5571 2622 5625 librarii
2657 5572 2829 5641 lapsu,
2858 5588 2966 5627 non
2998 5574 3050 5625 in
3081 5573 3315 5627 secunda
3345 5574 3617 5643 reperitur
3652 5571 3867 5637 homil.,

626 5659 722 5714 sed
748 5660 802 5713 in
838 5660 1032 5729 prima,
1069 5678 1188 5732 pag.
1218 5661 1340 5725 610,
1385 5661 1418 5713 l.
1446 5662 1533 5715 l8.
1568 5661 1769 5716 Deinde
1798 5661 2121 5717 Catenarum
2157 5664 2445 5732 scriptores
2468 5706 2482 5729 ,
2515 5664 2575 5717 Ni
2599 5671 2751 5725 :etas,
2784 5663 3171 5727 (Ecumenius,
3198 5673 3303 5717 etc.
3334 5678 3444 5717 non
3470 5679 3532 5717 e:
3560 5664 3678 5717 aliis
3702 5677 3871 5732 quam

626 5764 692 5803 ex
726 5752 827 5804 hoc
855 5748 1014 5804 horto
1039 5750 1369 5819 depromptis
1398 5749 1632 5805 ﬂosculis
1658 5766 1784 5806 suas
1818 5760 2146 5808 contexuere
2192 5754 2418 5815 corollas
2452 5768 2463 5802 :
2508 5762 2566 5807 ut
2590 5768 2702 5822 jam
2734 5753 2958 5808 stultum
2998 5751 3067 5806 sit
3095 5751 3372 5823 deinceps,
3396 5761 3457 5807 ut
3484 5754 3618 5808 mihi
3647 5754 3867 5825 quidem

630 5840 862 5909 videtur,
914 5842 980 5899 de
1032 5841 1192 5914 hujus
1234 5842 1352 5899 libri
1405 5842 1624 5898 auctare
1659 5842 1926 5897 dubitare.
