  <div class='ocr_page' id='page_1' title='image "/cluster/home/n/w/nwhite01/storage/ocr_20150623/60/uva.x004246612/021.png"; bbox 0 0 4014 6488; ppageno 0'>
   <div class='ocr_carea' id='block_1_1' title="bbox 528 480 597 537">
    <p class='ocr_par' dir='ltr' id='par_1_1' title="bbox 528 480 597 537">
     <span class='ocr_line' id='line_1_1' title="bbox 528 480 597 537; baseline 0.058 -4"><span class='ocrx_word' id='word_1_1' title='bbox 528 480 597 537; x_wconf 72' lang='grc'><strong>15</strong></span> 
     </span>
    </p>
   </div>
   <div class='ocr_carea' id='block_1_2' title="bbox 518 567 2103 662">
    <p class='ocr_par' dir='ltr' id='par_1_2' title="bbox 518 567 2103 662">
     <span class='ocr_line' id='line_1_2' title="bbox 518 567 2103 662; baseline -0.017 -15"><span class='ocrx_word' id='word_1_2' title='bbox 518 591 772 662; x_wconf 77' lang='lat' dir='ltr'><strong>geliandi,</strong></span> <span class='ocrx_word' id='word_1_3' title='bbox 806 586 947 658; x_wconf 90' lang='lat' dir='ltr'><strong>quod</strong></span> <span class='ocrx_word' id='word_1_4' title='bbox 991 580 1345 639; x_wconf 72' lang='lat' dir='ltr'><strong>intolerabilia</strong></span> <span class='ocrx_word' id='word_1_5' title='bbox 1392 577 1618 647; x_wconf 73' lang='lat' dir='ltr'><strong>passuri,</strong></span> <span class='ocrx_word' id='word_1_6' title='bbox 1650 582 1705 630; x_wconf 90' lang='lat' dir='ltr'><strong>et</strong></span> <span class='ocrx_word' id='word_1_7' title='bbox 1736 574 1818 627; x_wconf 87' lang='lat' dir='ltr'><strong>his</strong></span> <span class='ocrx_word' id='word_1_8' title='bbox 1854 567 2103 625; x_wconf 87' lang='lat' dir='ltr'><strong>omnibus</strong></span> 
     </span>
    </p>
   </div>
   <div class='ocr_carea' id='block_1_3' title="bbox 518 663 2100 753">
    <p class='ocr_par' dir='ltr' id='par_1_3' title="bbox 518 663 2100 753">
     <span class='ocr_line' id='line_1_3' title="bbox 518 663 2100 753; baseline -0.018 -13"><span class='ocrx_word' id='word_1_9' title='bbox 518 684 823 753; x_wconf 80' lang='lat' dir='ltr'><strong>superiores</strong></span> <span class='ocrx_word' id='word_1_10' title='bbox 849 678 1012 734; x_wconf 88' lang='lat' dir='ltr'><strong>futuri</strong></span> <span class='ocrx_word' id='word_1_11' title='bbox 1036 682 1243 738; x_wconf 87' lang='lat' dir='ltr'><strong>essent,</strong></span> <span class='ocrx_word' id='word_1_12' title='bbox 1274 670 1415 741; x_wconf 88' lang='lat' dir='ltr'><strong>quod</strong></span> <span class='ocrx_word' id='word_1_13' title='bbox 1444 671 1569 723; x_wconf 89' lang='lat' dir='ltr'><strong>item</strong></span> <span class='ocrx_word' id='word_1_14' title='bbox 1598 663 1932 733; x_wconf 76' lang='lat' dir='ltr'><strong>evangelium</strong></span> <span class='ocrx_word' id='word_1_15' title='bbox 1960 673 2100 725; x_wconf 70' lang='lat' dir='ltr'><strong>pra:-</strong></span> 
     </span>
    </p>
   </div>
   <div class='ocr_carea' id='block_1_4' title="bbox 517 757 2103 829">
    <p class='ocr_par' dir='ltr' id='par_1_4' title="bbox 517 757 2103 829">
     <span class='ocr_line' id='line_1_4' title="bbox 517 757 2103 829; baseline -0.016 0"><span class='ocrx_word' id='word_1_16' title='bbox 517 775 799 829; x_wconf 90' lang='lat' dir='ltr'><strong>dicandmn</strong></span> <span class='ocrx_word' id='word_1_17' title='bbox 825 771 962 825; x_wconf 88' lang='lat' dir='ltr'><strong>foret</strong></span> <span class='ocrx_word' id='word_1_18' title='bbox 985 770 1037 823; x_wconf 91' lang='lat' dir='ltr'><strong>in</strong></span> <span class='ocrx_word' id='word_1_19' title='bbox 1062 769 1307 822; x_wconf 87' lang='lat' dir='ltr'><strong>universo</strong></span> <span class='ocrx_word' id='word_1_20' title='bbox 1326 760 1552 817; x_wconf 89' lang='lat' dir='ltr'><strong>mundo:</strong></span> <span class='ocrx_word' id='word_1_21' title='bbox 1578 758 1713 821; x_wconf 67' lang='lat' dir='ltr'><strong>hmo,</strong></span> <span class='ocrx_word' id='word_1_22' title='bbox 1736 757 1969 825; x_wconf 89' lang='lat' dir='ltr'><strong>inquam,</strong></span> <span class='ocrx_word' id='word_1_23' title='bbox 1985 766 2103 804; x_wconf 85' lang='lat' dir='ltr'><strong>om-</strong></span> 
     </span>
    </p>
   </div>
   <div class='ocr_carea' id='block_1_5' title="bbox 522 848 2099 928">
    <p class='ocr_par' dir='ltr' id='par_1_5' title="bbox 522 848 2099 928">
     <span class='ocr_line' id='line_1_5' title="bbox 522 848 2099 928; baseline -0.016 -11"><span class='ocrx_word' id='word_1_24' title='bbox 522 865 605 917; x_wconf 91' lang='lat' dir='ltr'><strong>nia</strong></span> <span class='ocrx_word' id='word_1_25' title='bbox 629 863 1031 917; x_wconf 77' lang='lat' dir='ltr'><strong>accuratissime</strong></span> <span class='ocrx_word' id='word_1_26' title='bbox 1064 857 1329 928; x_wconf 85' lang='lat' dir='ltr'><strong>completa</strong></span> <span class='ocrx_word' id='word_1_27' title='bbox 1366 853 1416 906; x_wconf 91' lang='lat' dir='ltr'><strong>in</strong></span> <span class='ocrx_word' id='word_1_28' title='bbox 1459 851 1559 905; x_wconf 89' lang='lat' dir='ltr'><strong>hoc</strong></span> <span class='ocrx_word' id='word_1_29' title='bbox 1583 848 1719 908; x_wconf 87' lang='lat' dir='ltr'><strong>libro</strong></span> <span class='ocrx_word' id='word_1_30' title='bbox 1733 858 1957 901; x_wconf 89' lang='lat' dir='ltr'><strong>cernere</strong></span> <span class='ocrx_word' id='word_1_31' title='bbox 1983 849 2099 903; x_wconf 85' lang='lat' dir='ltr'><strong>est;</strong></span> 
     </span>
    </p>
   </div>
   <div class='ocr_carea' id='block_1_6' title="bbox 518 928 2100 1021">
    <p class='ocr_par' dir='ltr' id='par_1_6' title="bbox 518 928 2100 1021">
     <span class='ocr_line' id='line_1_6' title="bbox 518 928 2100 1021; baseline -0.018 -12"><span class='ocrx_word' id='word_1_32' title='bbox 518 972 727 1014; x_wconf 87' lang='lat' dir='ltr'><strong>necnon</strong></span> <span class='ocrx_word' id='word_1_33' title='bbox 758 954 840 1006; x_wconf 85' lang='lat' dir='ltr'><strong>his</strong></span> <span class='ocrx_word' id='word_1_34' title='bbox 871 953 1017 1021; x_wconf 89' lang='lat' dir='ltr'><strong>plura</strong></span> <span class='ocrx_word' id='word_1_35' title='bbox 1044 964 1165 1018; x_wconf 68' lang='lat' dir='ltr'><strong>qua:</strong></span> <span class='ocrx_word' id='word_1_36' title='bbox 1194 961 1317 1000; x_wconf 88' lang='lat' dir='ltr'><strong>cum</strong></span> <span class='ocrx_word' id='word_1_37' title='bbox 1354 940 1632 1010; x_wconf 81' lang='lat' dir='ltr'><strong>discipulis</strong></span> <span class='ocrx_word' id='word_1_38' title='bbox 1659 950 1878 992; x_wconf 88' lang='lat' dir='ltr'><strong>versans</strong></span> <span class='ocrx_word' id='word_1_39' title='bbox 1924 928 2100 990; x_wconf 84' lang='lat' dir='ltr'><strong>Domi-</strong></span> 
     </span>
    </p>
   </div>
   <div class='ocr_carea' id='block_1_7' title="bbox 522 1023 2102 1106">
    <p class='ocr_par' dir='ltr' id='par_1_7' title="bbox 522 1023 2102 1106">
     <span class='ocr_line' id='line_1_7' title="bbox 522 1023 2102 1106; baseline -0.015 -9"><span class='ocrx_word' id='word_1_40' title='bbox 522 1061 619 1097; x_wconf 83' lang='lat' dir='ltr'><strong>nus</strong></span> <span class='ocrx_word' id='word_1_41' title='bbox 663 1044 889 1101; x_wconf 76' lang='lat' dir='ltr'><strong>dixerat.</strong></span> <span class='ocrx_word' id='word_1_42' title='bbox 917 1040 1243 1106; x_wconf 82' lang='lat' dir='ltr'><strong>Videbisque</strong></span> <span class='ocrx_word' id='word_1_43' title='bbox 1290 1035 1377 1088; x_wconf 89' lang='lat' dir='ltr'><strong>hic</strong></span> <span class='ocrx_word' id='word_1_44' title='bbox 1416 1030 1689 1102; x_wconf 85' lang='lat' dir='ltr'><strong>apostolos</strong></span> <span class='ocrx_word' id='word_1_45' title='bbox 1728 1041 1826 1081; x_wconf 91' lang='lat' dir='ltr'><strong>ceu</strong></span> <span class='ocrx_word' id='word_1_46' title='bbox 1857 1023 2102 1078; x_wconf 81' lang='lat' dir='ltr'><strong>volucres</strong></span> 
     </span>
    </p>
   </div>
   <div class='ocr_carea' id='block_1_8' title="bbox 511 1112 2103 1205">
    <p class='ocr_par' dir='ltr' id='par_1_8' title="bbox 511 1112 2103 1205">
     <span class='ocr_line' id='line_1_8' title="bbox 511 1112 2103 1205; baseline -0.017 -15"><span class='ocrx_word' id='word_1_47' title='bbox 511 1150 613 1205; x_wconf 77' lang='lat' dir='ltr'><strong>per</strong></span> <span class='ocrx_word' id='word_1_48' title='bbox 646 1146 837 1188; x_wconf 81' lang='lat' dir='ltr'><strong>terram</strong></span> <span class='ocrx_word' id='word_1_49' title='bbox 866 1142 921 1185; x_wconf 91' lang='lat' dir='ltr'><strong>et</strong></span> <span class='ocrx_word' id='word_1_50' title='bbox 947 1132 1111 1183; x_wconf 88' lang='lat' dir='ltr'><strong>maria</strong></span> <span class='ocrx_word' id='word_1_51' title='bbox 1140 1129 1523 1187; x_wconf 77' lang='lat' dir='ltr'><strong>discurrentes,</strong></span> <span class='ocrx_word' id='word_1_52' title='bbox 1556 1121 1783 1189; x_wconf 88' lang='lat' dir='ltr'><strong>illosque</strong></span> <span class='ocrx_word' id='word_1_53' title='bbox 1812 1115 1937 1168; x_wconf 91' lang='lat' dir='ltr'><strong>olim</strong></span> <span class='ocrx_word' id='word_1_54' title='bbox 1961 1112 2103 1205; x_wconf 80' lang='lat' dir='ltr'><strong>timi-</strong></span> 
     </span>
    </p>
   </div>
   <div class='ocr_carea' id='block_1_9' title="bbox 519 1203 2102 1286">
    <p class='ocr_par' dir='ltr' id='par_1_9' title="bbox 519 1203 2102 1286">
     <span class='ocr_line' id='line_1_9' title="bbox 519 1203 2102 1286; baseline -0.012 -7"><span class='ocrx_word' id='word_1_55' title='bbox 519 1203 613 1279; x_wconf 79' lang='lat' dir='ltr'><strong>dos</strong></span> <span class='ocrx_word' id='word_1_56' title='bbox 644 1235 696 1279; x_wconf 81' lang='lat' dir='ltr'><strong>et</strong></span> <span class='ocrx_word' id='word_1_57' title='bbox 737 1223 917 1286; x_wconf 87' lang='lat' dir='ltr'><strong>rudes,</strong></span> <span class='ocrx_word' id='word_1_58' title='bbox 954 1223 1009 1278; x_wconf 89' lang='lat' dir='ltr'><strong>in</strong></span> <span class='ocrx_word' id='word_1_59' title='bbox 1038 1220 1173 1274; x_wconf 87' lang='lat' dir='ltr'><strong>alios</strong></span> <span class='ocrx_word' id='word_1_60' title='bbox 1217 1217 1462 1275; x_wconf 83' lang='lat' dir='ltr'><strong>homines</strong></span> <span class='ocrx_word' id='word_1_61' title='bbox 1492 1222 1710 1281; x_wconf 87' lang='lat' dir='ltr'><strong>repente</strong></span> <span class='ocrx_word' id='word_1_62' title='bbox 1740 1217 1989 1271; x_wconf 87' lang='lat' dir='ltr'><strong>mutatos,</strong></span> <span class='ocrx_word' id='word_1_63' title='bbox 2021 1203 2102 1260; x_wconf 92' lang='lat' dir='ltr'><strong>di-</strong></span> 
     </span>
    </p>
   </div>
   <div class='ocr_carea' id='block_1_10' title="bbox 518 1297 2099 1381">
    <p class='ocr_par' dir='ltr' id='par_1_10' title="bbox 518 1297 2099 1381">
     <span class='ocr_line' id='line_1_10' title="bbox 518 1297 2099 1381; baseline -0.012 -14"><span class='ocrx_word' id='word_1_64' title='bbox 518 1318 763 1371; x_wconf 77' lang='lat' dir='ltr'><strong>vitiarum</strong></span> <span class='ocrx_word' id='word_1_65' title='bbox 814 1321 1234 1381; x_wconf 87' lang='lat' dir='ltr'><strong>contemptores,</strong></span> <span class='ocrx_word' id='word_1_66' title='bbox 1280 1307 1486 1379; x_wconf 78' lang='lat' dir='ltr'><strong>gloria,</strong></span> <span class='ocrx_word' id='word_1_67' title='bbox 1518 1305 1617 1368; x_wconf 91' lang='lat' dir='ltr'><strong>ira,</strong></span> <span class='ocrx_word' id='word_1_68' title='bbox 1663 1297 2099 1368; x_wconf 81' lang='lat' dir='ltr'><strong>concupiscentia</strong></span> 
     </span>
    </p>
   </div>
   <div class='ocr_carea' id='block_1_11' title="bbox 514 1388 2096 1474">
    <p class='ocr_par' dir='ltr' id='par_1_11' title="bbox 514 1388 2096 1474">
     <span class='ocr_line' id='line_1_11' title="bbox 514 1388 2096 1474; baseline -0.013 -12"><span class='ocrx_word' id='word_1_69' title='bbox 514 1408 829 1474; x_wconf 67' lang='lat' dir='ltr'><strong>ueterisque</strong></span> <span class='ocrx_word' id='word_1_70' title='bbox 856 1404 1104 1460; x_wconf 82' lang='lat' dir='ltr'><strong>oinnibus</strong></span> <span class='ocrx_word' id='word_1_71' title='bbox 1152 1401 1455 1469; x_wconf 76' lang='lat' dir='ltr'><strong>superiores</strong></span> <span class='ocrx_word' id='word_1_72' title='bbox 1481 1397 1698 1452; x_wconf 81' lang='lat' dir='ltr'><strong>eli&#39;cctos</strong></span> <span class='ocrx_word' id='word_1_73' title='bbox 1724 1412 1735 1445; x_wconf 93' lang='lat'>:</span> <span class='ocrx_word' id='word_1_74' title='bbox 1765 1392 1985 1446; x_wconf 85' lang='lat' dir='ltr'><strong>multam</strong></span> <span class='ocrx_word' id='word_1_75' title='bbox 2018 1388 2096 1441; x_wconf 79' lang='lat' dir='ltr'><strong>\i-</strong></span> 
     </span>
    </p>
   </div>
   <div class='ocr_carea' id='block_1_12' title="bbox 515 1480 2100 1562">
    <p class='ocr_par' dir='ltr' id='par_1_12' title="bbox 515 1480 2100 1562">
     <span class='ocr_line' id='line_1_12' title="bbox 515 1480 2100 1562; baseline -0.016 -9"><span class='ocrx_word' id='word_1_76' title='bbox 515 1501 666 1553; x_wconf 87' lang='lat' dir='ltr'><strong>dehis</strong></span> <span class='ocrx_word' id='word_1_77' title='bbox 714 1500 852 1550; x_wconf 89' lang='lat' dir='ltr'><strong>inter</strong></span> <span class='ocrx_word' id='word_1_78' title='bbox 898 1497 1042 1562; x_wconf 88' lang='lat' dir='ltr'><strong>ipsos</strong></span> <span class='ocrx_word' id='word_1_79' title='bbox 1079 1489 1444 1553; x_wconf 82' lang='lat' dir='ltr'><strong>concordiam,</strong></span> <span class='ocrx_word' id='word_1_80' title='bbox 1486 1485 1684 1540; x_wconf 86' lang='lat' dir='ltr'><strong>nullam</strong></span> <span class='ocrx_word' id='word_1_81' title='bbox 1724 1480 2000 1541; x_wconf 75' lang='lat' dir='ltr'><strong>invidiam,</strong></span> <span class='ocrx_word' id='word_1_82' title='bbox 2041 1486 2100 1529; x_wconf 93' lang='lat' dir='ltr'><strong>ut</strong></span> 
     </span>
    </p>
   </div>
   <div class='ocr_carea' id='block_1_13' title="bbox 514 1573 2094 1651">
    <p class='ocr_par' dir='ltr' id='par_1_13' title="bbox 514 1573 2094 1651">
     <span class='ocr_line' id='line_1_13' title="bbox 514 1573 2094 1651; baseline -0.012 -6"><span class='ocrx_word' id='word_1_83' title='bbox 514 1594 665 1647; x_wconf 88' lang='lat' dir='ltr'><strong>olim.</strong></span> <span class='ocrx_word' id='word_1_84' title='bbox 697 1588 895 1642; x_wconf 87' lang='lat' dir='ltr'><strong>nullam</strong></span> <span class='ocrx_word' id='word_1_85' title='bbox 919 1586 988 1640; x_wconf 89' lang='lat' dir='ltr'><strong>ob</strong></span> <span class='ocrx_word' id='word_1_86' title='bbox 1022 1587 1280 1651; x_wconf 85' lang='lat' dir='ltr'><strong>primatus</strong></span> <span class='ocrx_word' id='word_1_87' title='bbox 1308 1579 1635 1636; x_wconf 79' lang='lat' dir='ltr'><strong>desiderium</strong></span> <span class='ocrx_word' id='word_1_88' title='bbox 1665 1573 2094 1636; x_wconf 83' lang='lat' dir='ltr'><strong>contentionem;</strong></span> 
     </span>
    </p>
   </div>
   <div class='ocr_carea' id='block_1_14' title="bbox 512 1662 2097 1741">
    <p class='ocr_par' dir='ltr' id='par_1_14' title="bbox 512 1662 2097 1741">
     <span class='ocr_line' id='line_1_14' title="bbox 512 1662 2097 1741; baseline -0.012 -6"><span class='ocrx_word' id='word_1_89' title='bbox 512 1684 605 1735; x_wconf 85' lang='lat' dir='ltr'><strong>sed</strong></span> <span class='ocrx_word' id='word_1_90' title='bbox 651 1696 861 1733; x_wconf 85' lang='lat' dir='ltr'><strong>munem</strong></span> <span class='ocrx_word' id='word_1_91' title='bbox 906 1680 955 1730; x_wconf 92' lang='lat' dir='ltr'><strong>in</strong></span> <span class='ocrx_word' id='word_1_92' title='bbox 986 1677 1090 1730; x_wconf 87' lang='lat' dir='ltr'><strong>illis</strong></span> <span class='ocrx_word' id='word_1_93' title='bbox 1119 1676 1368 1728; x_wconf 78' lang='lat' dir='ltr'><strong>virtutem</strong></span> <span class='ocrx_word' id='word_1_94' title='bbox 1395 1672 1679 1741; x_wconf 79' lang='lat' dir='ltr'><strong>diligenter</strong></span> <span class='ocrx_word' id='word_1_95' title='bbox 1708 1667 1927 1729; x_wconf 89' lang='lat' dir='ltr'><strong>cultam,</strong></span> <span class='ocrx_word' id='word_1_96' title='bbox 1957 1662 2097 1717; x_wconf 86' lang='lat' dir='ltr'><strong>cari-</strong></span> 
     </span>
    </p>
   </div>
   <div class='ocr_carea' id='block_1_15' title="bbox 520 1756 2101 1839">
    <p class='ocr_par' dir='ltr' id='par_1_15' title="bbox 520 1756 2101 1839">
     <span class='ocr_line' id='line_1_15' title="bbox 520 1756 2101 1839; baseline -0.011 -14"><span class='ocrx_word' id='word_1_97' title='bbox 520 1783 789 1839; x_wconf 77' lang='lat' dir='ltr'><strong>tatemque</strong></span> <span class='ocrx_word' id='word_1_98' title='bbox 816 1770 1012 1822; x_wconf 79' lang='lat' dir='ltr'><strong>eximie</strong></span> <span class='ocrx_word' id='word_1_99' title='bbox 1039 1766 1329 1836; x_wconf 77' lang='lat' dir='ltr'><strong>fulgentem</strong></span> <span class='ocrx_word' id='word_1_100' title='bbox 1352 1784 1364 1818; x_wconf 84' lang='lat'>;</span> <span class='ocrx_word' id='word_1_101' title='bbox 1392 1764 1459 1817; x_wconf 91' lang='lat' dir='ltr'><strong>de</strong></span> <span class='ocrx_word' id='word_1_102' title='bbox 1486 1776 1587 1831; x_wconf 89' lang='lat' dir='ltr'><strong>qua</strong></span> <span class='ocrx_word' id='word_1_103' title='bbox 1617 1758 1784 1813; x_wconf 90' lang='lat' dir='ltr'><strong>multa</strong></span> <span class='ocrx_word' id='word_1_104' title='bbox 1808 1756 1936 1825; x_wconf 81' lang='lat' dir='ltr'><strong>ipsis</strong></span> <span class='ocrx_word' id='word_1_105' title='bbox 1964 1768 2101 1823; x_wconf 68' lang='lat' dir='ltr'><strong>prte-</strong></span> 
     </span>
    </p>
   </div>
   <div class='ocr_carea' id='block_1_16' title="bbox 517 1849 2099 1932">
    <p class='ocr_par' dir='ltr' id='par_1_16' title="bbox 517 1849 2099 1932">
     <span class='ocr_line' id='line_1_16' title="bbox 517 1849 2099 1932; baseline -0.009 -16"><span class='ocrx_word' id='word_1_106' title='bbox 517 1874 753 1932; x_wconf 85' lang='lat' dir='ltr'><strong>ceperat,</strong></span> <span class='ocrx_word' id='word_1_107' title='bbox 769 1863 984 1915; x_wconf 87' lang='lat' dir='ltr'><strong>dicens:</strong></span> <span class='ocrx_word' id='word_1_108' title='bbox 1008 1859 1031 1912; x_wconf 89' lang='grc'><strong>1</strong></span> <span class='ocrx_word' id='word_1_109' title='bbox 1042 1879 1071 1912; x_wconf 83' lang='grc' dir='ltr'><strong>ιι</strong></span> <span class='ocrx_word' id='word_1_110' title='bbox 1096 1861 1189 1912; x_wconf 79' lang='lat' dir='ltr'><strong>hoc</strong></span> <span class='ocrx_word' id='word_1_111' title='bbox 1208 1864 1504 1927; x_wconf 86' lang='lat' dir='ltr'><strong>cognoscent</strong></span> <span class='ocrx_word' id='word_1_112' title='bbox 1524 1869 1695 1908; x_wconf 88' lang='lat' dir='ltr'><strong>omnes</strong></span> <span class='ocrx_word' id='word_1_113' title='bbox 1711 1852 1845 1921; x_wconf 88' lang='lat' dir='ltr'><strong>quod</strong></span> <span class='ocrx_word' id='word_1_114' title='bbox 1862 1849 2099 1918; x_wconf 75' lang='lat' dir='ltr'><strong>discipuli</strong></span> 
     </span>
    </p>
   </div>
   <div class='ocr_carea' id='block_1_17' title="bbox 516 1942 2100 2019">
    <p class='ocr_par' dir='ltr' id='par_1_17' title="bbox 516 1942 2100 2019">
     <span class='ocr_line' id='line_1_17' title="bbox 516 1942 2100 2019; baseline -0.009 -12"><span class='ocrx_word' id='word_1_115' title='bbox 516 1958 614 2008; x_wconf 76' lang='lat' dir='ltr'><strong>mei</strong></span> <span class='ocrx_word' id='word_1_116' title='bbox 637 1958 766 2019; x_wconf 78' lang='lat' dir='ltr'><strong>silis,</strong></span> <span class='ocrx_word' id='word_1_117' title='bbox 796 1956 841 2007; x_wconf 85' lang='lat' dir='ltr'><strong>si</strong></span> <span class='ocrx_word' id='word_1_118' title='bbox 868 1954 1145 2008; x_wconf 69' lang='lat' dir='ltr'><strong>dilexeritis</strong></span> <span class='ocrx_word' id='word_1_119' title='bbox 1172 1953 1381 2004; x_wconf 79' lang='lat' dir='ltr'><strong>invicem</strong></span> <span class='ocrx_word' id='word_1_120' title='bbox 1410 1948 1591 2017; x_wconf 85' lang='lat' dir='ltr'><strong>(Joan.</strong></span> <span class='ocrx_word' id='word_1_121' title='bbox 1625 1946 1710 1999; x_wconf 78' lang='grc'><strong>15.</strong></span> <span class='ocrx_word' id='word_1_122' title='bbox 1742 1944 1854 2012; x_wconf 81' lang='grc'><strong>55).</strong></span> <span class='ocrx_word' id='word_1_123' title='bbox 1880 1942 2015 2008; x_wconf 87' lang='lat' dir='ltr'><strong>Quin</strong></span> <span class='ocrx_word' id='word_1_124' title='bbox 2045 1950 2100 1994; x_wconf 87' lang='lat' dir='ltr'><strong>et</strong></span> 
     </span>
    </p>
   </div>
   <div class='ocr_carea' id='block_1_18' title="bbox 512 2031 2099 2117">
    <p class='ocr_par' dir='ltr' id='par_1_18' title="bbox 512 2031 2099 2117">
     <span class='ocr_line' id='line_1_18' title="bbox 512 2031 2099 2117; baseline -0.011 -15"><span class='ocrx_word' id='word_1_125' title='bbox 512 2051 756 2117; x_wconf 71' lang='lat' dir='ltr'><strong>dogtnafa</strong></span> <span class='ocrx_word' id='word_1_126' title='bbox 776 2047 1017 2116; x_wconf 70' lang='lat' dir='ltr'><strong>quaedam</strong></span> <span class='ocrx_word' id='word_1_127' title='bbox 1046 2046 1097 2099; x_wconf 90' lang='lat' dir='ltr'><strong>in</strong></span> <span class='ocrx_word' id='word_1_128' title='bbox 1127 2044 1229 2097; x_wconf 88' lang='lat' dir='ltr'><strong>hoc</strong></span> <span class='ocrx_word' id='word_1_129' title='bbox 1258 2042 1396 2097; x_wconf 93' lang='lat' dir='ltr'><strong>libro</strong></span> <span class='ocrx_word' id='word_1_130' title='bbox 1425 2041 1659 2108; x_wconf 89' lang='lat' dir='ltr'><strong>reperire</strong></span> <span class='ocrx_word' id='word_1_131' title='bbox 1685 2038 1829 2096; x_wconf 89' lang='lat' dir='ltr'><strong>licet,</strong></span> <span class='ocrx_word' id='word_1_132' title='bbox 1848 2051 1966 2104; x_wconf 78' lang='lat' dir='ltr'><strong>qua:</strong></span> <span class='ocrx_word' id='word_1_133' title='bbox 1994 2031 2099 2086; x_wconf 87' lang='lat' dir='ltr'><strong>nisi</strong></span> 
     </span>
    </p>
   </div>
   <div class='ocr_carea' id='block_1_19' title="bbox 515 2124 2098 2209">
    <p class='ocr_par' dir='ltr' id='par_1_19' title="bbox 515 2124 2098 2209">
     <span class='ocr_line' id='line_1_19' title="bbox 515 2124 2098 2209; baseline -0.01 -16"><span class='ocrx_word' id='word_1_134' title='bbox 515 2154 745 2209; x_wconf 70' lang='lat' dir='ltr'><strong>scriptus</strong></span> <span class='ocrx_word' id='word_1_135' title='bbox 774 2140 863 2192; x_wconf 90' lang='lat' dir='ltr'><strong>ille</strong></span> <span class='ocrx_word' id='word_1_136' title='bbox 900 2139 1105 2200; x_wconf 79' lang='lat' dir='ltr'><strong>fuisset,</strong></span> <span class='ocrx_word' id='word_1_137' title='bbox 1134 2135 1267 2189; x_wconf 88' lang='lat' dir='ltr'><strong>nulli</strong></span> <span class='ocrx_word' id='word_1_138' title='bbox 1300 2135 1369 2188; x_wconf 91' lang='lat' dir='ltr'><strong>ita</strong></span> <span class='ocrx_word' id='word_1_139' title='bbox 1397 2134 1674 2201; x_wconf 88' lang='lat' dir='ltr'><strong>perspicua</strong></span> <span class='ocrx_word' id='word_1_140' title='bbox 1700 2138 1755 2183; x_wconf 89' lang='lat' dir='ltr'><strong>et</strong></span> <span class='ocrx_word' id='word_1_141' title='bbox 1781 2128 1935 2196; x_wconf 87' lang='lat' dir='ltr'><strong>plana</strong></span> <span class='ocrx_word' id='word_1_142' title='bbox 1969 2124 2098 2179; x_wconf 87' lang='lat' dir='ltr'><strong>fuis-</strong></span> 
     </span>
    </p>
   </div>
   <div class='ocr_carea' id='block_1_20' title="bbox 515 2223 2095 2297">
    <p class='ocr_par' dir='ltr' id='par_1_20' title="bbox 515 2223 2095 2297">
     <span class='ocr_line' id='line_1_20' title="bbox 515 2223 2095 2297; baseline -0.009 -12"><span class='ocrx_word' id='word_1_143' title='bbox 515 2244 634 2285; x_wconf 83' lang='lat' dir='ltr'><strong>sent</strong></span> <span class='ocrx_word' id='word_1_144' title='bbox 666 2248 678 2282; x_wconf 76' lang='grc' dir='ltr'>ε</span> <span class='ocrx_word' id='word_1_145' title='bbox 712 2245 817 2283; x_wconf 90' lang='grc' dir='ltr'>ιιιιο</span> <span class='ocrx_word' id='word_1_146' title='bbox 861 2231 1021 2283; x_wconf 84' lang='lat' dir='ltr'><strong>etiam</strong></span> <span class='ocrx_word' id='word_1_147' title='bbox 1069 2228 1143 2295; x_wconf 90' lang='lat' dir='ltr'><strong>id,</strong></span> <span class='ocrx_word' id='word_1_148' title='bbox 1187 2226 1328 2297; x_wconf 88' lang='lat' dir='ltr'><strong>quod</strong></span> <span class='ocrx_word' id='word_1_149' title='bbox 1359 2235 1441 2279; x_wconf 89' lang='lat' dir='ltr'><strong>est</strong></span> <span class='ocrx_word' id='word_1_150' title='bbox 1479 2223 1665 2277; x_wconf 87' lang='lat' dir='ltr'><strong>salutis</strong></span> <span class='ocrx_word' id='word_1_151' title='bbox 1691 2230 1888 2274; x_wconf 73' lang='lat' dir='ltr'><strong>nostra:</strong></span> <span class='ocrx_word' id='word_1_152' title='bbox 1916 2224 2095 2286; x_wconf 85' lang='lat' dir='ltr'><strong>caput,</strong></span> 
     </span>
    </p>
   </div>
   <div class='ocr_carea' id='block_1_21' title="bbox 514 2308 2097 2383">
    <p class='ocr_par' dir='ltr' id='par_1_21' title="bbox 514 2308 2097 2383">
     <span class='ocr_line' id='line_1_21' title="bbox 514 2308 2097 2383; baseline -0.009 -7"><span class='ocrx_word' id='word_1_153' title='bbox 514 2333 622 2376; x_wconf 80' lang='lat' dir='ltr'><strong>lant</strong></span> <span class='ocrx_word' id='word_1_154' title='bbox 675 2321 966 2375; x_wconf 72' lang='lat' dir='ltr'><strong>srcundmn</strong></span> <span class='ocrx_word' id='word_1_155' title='bbox 1026 2321 1187 2374; x_wconf 82' lang='lat' dir='ltr'><strong>vitam</strong></span> <span class='ocrx_word' id='word_1_156' title='bbox 1241 2329 1297 2373; x_wconf 94' lang='lat' dir='ltr'><strong>et</strong></span> <span class='ocrx_word' id='word_1_157' title='bbox 1351 2331 1552 2381; x_wconf 87' lang='lat' dir='ltr'><strong>mores,</strong></span> <span class='ocrx_word' id='word_1_158' title='bbox 1594 2329 1752 2383; x_wconf 89' lang='lat' dir='ltr'><strong>quam</strong></span> <span class='ocrx_word' id='word_1_159' title='bbox 1804 2308 2097 2366; x_wconf 88' lang='lat' dir='ltr'><strong>secundum</strong></span> 
     </span>
    </p>
   </div>
   <div class='ocr_carea' id='block_1_22' title="bbox 513 2403 2097 2483">
    <p class='ocr_par' dir='ltr' id='par_1_22' title="bbox 513 2403 2097 2483">
     <span class='ocr_line' id='line_1_22' title="bbox 513 2403 2097 2483; baseline -0.008 -18"><span class='ocrx_word' id='word_1_160' title='bbox 513 2419 781 2483; x_wconf 77' lang='lat' dir='ltr'><strong>dogmata,</strong></span> <span class='ocrx_word' id='word_1_161' title='bbox 806 2412 1075 2465; x_wconf 77' lang='lat' dir='ltr'><strong>occultum</strong></span> <span class='ocrx_word' id='word_1_162' title='bbox 1103 2411 1497 2477; x_wconf 73' lang='lat' dir='ltr'><strong>obscurumque</strong></span> <span class='ocrx_word' id='word_1_163' title='bbox 1525 2413 1687 2459; x_wconf 86' lang='lat' dir='ltr'><strong>esset.</strong></span> <span class='ocrx_word' id='word_1_164' title='bbox 1718 2403 1945 2457; x_wconf 73' lang='lat' dir='ltr'><strong>Maxima</strong></span> <span class='ocrx_word' id='word_1_165' title='bbox 1975 2414 2097 2468; x_wconf 72' lang='lat' dir='ltr'><strong>pars</strong></span> 
     </span>
    </p>
   </div>
   <div class='ocr_carea' id='block_1_23' title="bbox 515 2490 2095 2576">
    <p class='ocr_par' dir='ltr' id='par_1_23' title="bbox 515 2490 2095 2576">
     <span class='ocr_line' id='line_1_23' title="bbox 515 2490 2095 2576; baseline -0.009 -18"><span class='ocrx_word' id='word_1_166' title='bbox 515 2516 689 2559; x_wconf 90' lang='lat' dir='ltr'><strong>autem</strong></span> <span class='ocrx_word' id='word_1_167' title='bbox 717 2504 855 2569; x_wconf 84' lang='lat' dir='ltr'><strong>libri,</strong></span> <span class='ocrx_word' id='word_1_168' title='bbox 882 2502 1025 2556; x_wconf 81' lang='lat' dir='ltr'><strong>Pauli</strong></span> <span class='ocrx_word' id='word_1_169' title='bbox 1052 2510 1198 2571; x_wconf 89' lang='lat' dir='ltr'><strong>gesta</strong></span> <span class='ocrx_word' id='word_1_170' title='bbox 1227 2514 1369 2564; x_wconf 86' lang='lat' dir='ltr'><strong>sunt,</strong></span> <span class='ocrx_word' id='word_1_171' title='bbox 1394 2498 1482 2567; x_wconf 89' lang='lat' dir='ltr'><strong>qui</strong></span> <span class='ocrx_word' id='word_1_172' title='bbox 1512 2498 1630 2568; x_wconf 92' lang='lat' dir='ltr'><strong>plus</strong></span> <span class='ocrx_word' id='word_1_173' title='bbox 1669 2493 1917 2576; x_wconf 80' lang='lat' dir='ltr'><strong>omnibus</strong></span> <span class='ocrx_word' id='word_1_174' title='bbox 1948 2490 2095 2546; x_wconf 84' lang='lat' dir='ltr'><strong>labo-</strong></span> 
     </span>
    </p>
   </div>
   <div class='ocr_carea' id='block_1_24' title="bbox 519 2584 2095 2662">
    <p class='ocr_par' dir='ltr' id='par_1_24' title="bbox 519 2584 2095 2662">
     <span class='ocr_line' id='line_1_24' title="bbox 519 2584 2095 2662; baseline -0.008 -14"><span class='ocrx_word' id='word_1_175' title='bbox 519 2596 673 2648; x_wconf 80' lang='lat' dir='ltr'><strong>ravit.</strong></span> <span class='ocrx_word' id='word_1_176' title='bbox 706 2593 869 2662; x_wconf 83' lang='lat' dir='ltr'><strong>Cujus</strong></span> <span class='ocrx_word' id='word_1_177' title='bbox 909 2593 985 2646; x_wconf 90' lang='lat' dir='ltr'><strong>rei</strong></span> <span class='ocrx_word' id='word_1_178' title='bbox 1017 2607 1175 2645; x_wconf 84' lang='lat' dir='ltr'><strong>causa</strong></span> <span class='ocrx_word' id='word_1_179' title='bbox 1207 2599 1310 2657; x_wconf 85' lang='lat' dir='ltr'><strong>est,</strong></span> <span class='ocrx_word' id='word_1_180' title='bbox 1333 2589 1476 2658; x_wconf 90' lang='lat' dir='ltr'><strong>quod</strong></span> <span class='ocrx_word' id='word_1_181' title='bbox 1501 2589 1545 2642; x_wconf 88' lang='lat' dir='ltr'><strong>is</strong></span> <span class='ocrx_word' id='word_1_182' title='bbox 1573 2588 1662 2656; x_wconf 88' lang='lat' dir='ltr'><strong>qui</strong></span> <span class='ocrx_word' id='word_1_183' title='bbox 1716 2586 1859 2639; x_wconf 89' lang='lat' dir='ltr'><strong>hunc</strong></span> <span class='ocrx_word' id='word_1_184' title='bbox 1904 2584 2095 2638; x_wconf 87' lang='lat' dir='ltr'><strong>librum</strong></span> 
     </span>
    </p>
   </div>
   <div class='ocr_carea' id='block_1_25' title="bbox 518 2673 2098 2755">
    <p class='ocr_par' dir='ltr' id='par_1_25' title="bbox 518 2673 2098 2755">
     <span class='ocr_line' id='line_1_25' title="bbox 518 2673 2098 2755; baseline -0.008 -16"><span class='ocrx_word' id='word_1_185' title='bbox 518 2687 750 2755; x_wconf 74' lang='lat' dir='ltr'><strong>scripsit,</strong></span> <span class='ocrx_word' id='word_1_186' title='bbox 785 2687 971 2739; x_wconf 88' lang='lat' dir='ltr'><strong>beatus</strong></span> <span class='ocrx_word' id='word_1_187' title='bbox 1018 2682 1212 2745; x_wconf 87' lang='lat' dir='ltr'><strong>Lucas,</strong></span> <span class='ocrx_word' id='word_1_188' title='bbox 1248 2681 1364 2749; x_wconf 86' lang='lat' dir='ltr'><strong>ejus</strong></span> <span class='ocrx_word' id='word_1_189' title='bbox 1390 2687 1535 2734; x_wconf 89' lang='lat' dir='ltr'><strong>esset</strong></span> <span class='ocrx_word' id='word_1_190' title='bbox 1581 2676 1912 2745; x_wconf 90' lang='lat' dir='ltr'><strong>discipulus:</strong></span> <span class='ocrx_word' id='word_1_191' title='bbox 1946 2673 2098 2742; x_wconf 86' lang='lat' dir='ltr'><strong>cujus</strong></span> 
     </span>
    </p>
   </div>
   <div class='ocr_carea' id='block_1_26' title="bbox 517 2766 2098 2832">
    <p class='ocr_par' dir='ltr' id='par_1_26' title="bbox 517 2766 2098 2832">
     <span class='ocr_line' id='line_1_26' title="bbox 517 2766 2098 2832; baseline -0.003 -7"><span class='ocrx_word' id='word_1_192' title='bbox 517 2778 761 2829; x_wconf 82' lang='lat' dir='ltr'><strong>virtutem</strong></span> <span class='ocrx_word' id='word_1_193' title='bbox 790 2784 895 2827; x_wconf 90' lang='lat' dir='ltr'><strong>tum</strong></span> <span class='ocrx_word' id='word_1_194' title='bbox 920 2791 983 2829; x_wconf 79' lang='lat' dir='ltr'><strong>ex</strong></span> <span class='ocrx_word' id='word_1_195' title='bbox 1014 2774 1133 2827; x_wconf 83' lang='lat' dir='ltr'><strong>aliis</strong></span> <span class='ocrx_word' id='word_1_196' title='bbox 1161 2772 1339 2829; x_wconf 89' lang='lat' dir='ltr'><strong>multis</strong></span> <span class='ocrx_word' id='word_1_197' title='bbox 1360 2785 1582 2824; x_wconf 77' lang='lat' dir='ltr'><strong>eernere</strong></span> <span class='ocrx_word' id='word_1_198' title='bbox 1607 2776 1709 2832; x_wconf 91' lang='lat' dir='ltr'><strong>est,</strong></span> <span class='ocrx_word' id='word_1_199' title='bbox 1734 2776 1847 2827; x_wconf 88' lang='lat' dir='ltr'><strong>tum</strong></span> <span class='ocrx_word' id='word_1_200' title='bbox 1869 2766 2098 2821; x_wconf 79' lang='lat' dir='ltr'><strong>maxime</strong></span> 
     </span>
    </p>
   </div>
   <div class='ocr_carea' id='block_1_27' title="bbox 515 2858 2096 2941">
    <p class='ocr_par' dir='ltr' id='par_1_27' title="bbox 515 2858 2096 2941">
     <span class='ocr_line' id='line_1_27' title="bbox 515 2858 2096 2941; baseline -0.006 -21"><span class='ocrx_word' id='word_1_201' title='bbox 515 2867 653 2941; x_wconf 82' lang='lat' dir='ltr'><strong>quod</strong></span> <span class='ocrx_word' id='word_1_202' title='bbox 684 2866 885 2919; x_wconf 89' lang='lat' dir='ltr'><strong>doctori</strong></span> <span class='ocrx_word' id='word_1_203' title='bbox 914 2880 1012 2918; x_wconf 87' lang='lat' dir='ltr'><strong>suo</strong></span> <span class='ocrx_word' id='word_1_204' title='bbox 1054 2863 1421 2917; x_wconf 86' lang='lat' dir='ltr'><strong>indesinenter</strong></span> <span class='ocrx_word' id='word_1_205' title='bbox 1468 2860 1705 2914; x_wconf 61' lang='lat' dir='ltr'><strong>haaserit.</strong></span> <span class='ocrx_word' id='word_1_206' title='bbox 1753 2858 1934 2927; x_wconf 81' lang='lat' dir='ltr'><strong>Itaque</strong></span> <span class='ocrx_word' id='word_1_207' title='bbox 1973 2872 2096 2912; x_wconf 86' lang='lat' dir='ltr'><strong>cum</strong></span> 
     </span>
    </p>
   </div>
   <div class='ocr_carea' id='block_1_28' title="bbox 521 2950 2096 3028">
    <p class='ocr_par' dir='ltr' id='par_1_28' title="bbox 521 2950 2096 3028">
     <span class='ocr_line' id='line_1_28' title="bbox 521 2950 2096 3028; baseline -0.005 -17"><span class='ocrx_word' id='word_1_208' title='bbox 521 2962 708 3011; x_wconf 75' lang='lat' dir='ltr'><strong>Ilomas</strong></span> <span class='ocrx_word' id='word_1_209' title='bbox 728 2968 781 3011; x_wconf 91' lang='lat' dir='ltr'><strong>et</strong></span> <span class='ocrx_word' id='word_1_210' title='bbox 801 2958 1160 3028; x_wconf 84' lang='lat' dir='ltr'><strong>Hermogenes</strong></span> <span class='ocrx_word' id='word_1_211' title='bbox 1182 2956 1359 3024; x_wconf 89' lang='lat' dir='ltr'><strong>ipsum</strong></span> <span class='ocrx_word' id='word_1_212' title='bbox 1380 2953 1745 3022; x_wconf 87' lang='lat' dir='ltr'><strong>reliquissent,</strong></span> <span class='ocrx_word' id='word_1_213' title='bbox 1769 2951 2012 3019; x_wconf 83' lang='lat' dir='ltr'><strong>alterque</strong></span> <span class='ocrx_word' id='word_1_214' title='bbox 2041 2950 2096 3015; x_wconf 81' lang='lat' dir='ltr'><strong>in</strong></span> 
     </span>
    </p>
   </div>
   <div class='ocr_carea' id='block_1_29' title="bbox 518 3039 2098 3113">
    <p class='ocr_par' dir='ltr' id='par_1_29' title="bbox 518 3039 2098 3113">
     <span class='ocr_line' id='line_1_29' title="bbox 518 3039 2098 3113; baseline -0.005 -11"><span class='ocrx_word' id='word_1_215' title='bbox 518 3050 810 3113; x_wconf 85' lang='lat' dir='ltr'><strong>Galatiam,</strong></span> <span class='ocrx_word' id='word_1_216' title='bbox 844 3052 982 3102; x_wconf 88' lang='lat' dir='ltr'><strong>alter</strong></span> <span class='ocrx_word' id='word_1_217' title='bbox 1008 3048 1060 3100; x_wconf 91' lang='lat' dir='ltr'><strong>in</strong></span> <span class='ocrx_word' id='word_1_218' title='bbox 1104 3046 1420 3100; x_wconf 88' lang='lat' dir='ltr'><strong>Dalmatiam</strong></span> <span class='ocrx_word' id='word_1_219' title='bbox 1447 3044 1689 3106; x_wconf 77' lang='lat' dir='ltr'><strong>abiisset,</strong></span> <span class='ocrx_word' id='word_1_220' title='bbox 1718 3041 1841 3096; x_wconf 88' lang='lat' dir='ltr'><strong>audi</strong></span> <span class='ocrx_word' id='word_1_221' title='bbox 1867 3040 1993 3111; x_wconf 91' lang='lat' dir='ltr'><strong>quid</strong></span> <span class='ocrx_word' id='word_1_222' title='bbox 2030 3039 2098 3103; x_wconf 84' lang='lat' dir='ltr'><strong>de</strong></span> 
     </span>
    </p>
   </div>
   <div class='ocr_carea' id='block_1_30' title="bbox 518 3133 2100 3205">
    <p class='ocr_par' dir='ltr' id='par_1_30' title="bbox 518 3133 2100 3205">
     <span class='ocr_line' id='line_1_30' title="bbox 518 3133 2100 3205; baseline -0.006 -11"><span class='ocrx_word' id='word_1_223' title='bbox 518 3142 609 3195; x_wconf 91' lang='lat' dir='ltr'><strong>illo</strong></span> <span class='ocrx_word' id='word_1_224' title='bbox 639 3141 779 3194; x_wconf 89' lang='lat' dir='ltr'><strong>dicat</strong></span> <span class='ocrx_word' id='word_1_225' title='bbox 812 3158 824 3193; x_wconf 94' lang='lat'><strong>:</strong></span> <span class='ocrx_word' id='word_1_226' title='bbox 856 3138 1022 3193; x_wconf 88' lang='lat' dir='ltr'><strong>Lucas</strong></span> <span class='ocrx_word' id='word_1_227' title='bbox 1055 3139 1195 3192; x_wconf 86' lang='lat' dir='ltr'><strong>solus</strong></span> <span class='ocrx_word' id='word_1_228' title='bbox 1222 3153 1416 3192; x_wconf 84' lang='lat' dir='ltr'><strong>mecum</strong></span> <span class='ocrx_word' id='word_1_229' title='bbox 1444 3144 1516 3189; x_wconf 89' lang='lat' dir='ltr'><strong>est</strong></span> <span class='ocrx_word' id='word_1_230' title='bbox 1546 3134 1623 3205; x_wconf 74' lang='lat'><strong>(2.</strong></span> <span class='ocrx_word' id='word_1_231' title='bbox 1649 3133 1780 3187; x_wconf 84' lang='lat' dir='ltr'><strong>Tim.</strong></span> <span class='ocrx_word' id='word_1_232' title='bbox 1808 3134 1863 3187; x_wconf 70' lang='grc'><strong>4.</strong></span> <span class='ocrx_word' id='word_1_233' title='bbox 1895 3133 2016 3201; x_wconf 84' lang='grc'><strong>11);</strong></span> <span class='ocrx_word' id='word_1_234' title='bbox 2046 3139 2100 3186; x_wconf 89' lang='lat' dir='ltr'><strong>et</strong></span> 
     </span>
    </p>
   </div>
   <div class='ocr_carea' id='block_1_31' title="bbox 517 3226 2101 3295">
    <p class='ocr_par' dir='ltr' id='par_1_31' title="bbox 517 3226 2101 3295">
     <span class='ocr_line' id='line_1_31' title="bbox 517 3226 2101 3295; baseline -0.008 -7"><span class='ocrx_word' id='word_1_235' title='bbox 517 3234 812 3288; x_wconf 86' lang='lat' dir='ltr'><strong>Corinthiis</strong></span> <span class='ocrx_word' id='word_1_236' title='bbox 841 3232 1083 3286; x_wconf 88' lang='lat' dir='ltr'><strong>scribens</strong></span> <span class='ocrx_word' id='word_1_237' title='bbox 1108 3230 1176 3285; x_wconf 91' lang='lat' dir='ltr'><strong>de</strong></span> <span class='ocrx_word' id='word_1_238' title='bbox 1208 3230 1298 3283; x_wconf 91' lang='lat' dir='ltr'><strong>illo</strong></span> <span class='ocrx_word' id='word_1_239' title='bbox 1318 3229 1395 3283; x_wconf 88' lang='lat' dir='ltr'><strong>ait</strong></span> <span class='ocrx_word' id='word_1_240' title='bbox 1422 3247 1435 3282; x_wconf 92' lang='lat'>:</span> <span class='ocrx_word' id='word_1_241' title='bbox 1468 3226 1628 3295; x_wconf 87' lang='lat' dir='ltr'><strong>Cujus</strong></span> <span class='ocrx_word' id='word_1_242' title='bbox 1651 3227 1764 3281; x_wconf 86' lang='lat' dir='ltr'><strong>laus</strong></span> <span class='ocrx_word' id='word_1_243' title='bbox 1787 3236 1859 3279; x_wconf 86' lang='lat' dir='ltr'><strong>est</strong></span> <span class='ocrx_word' id='word_1_244' title='bbox 1880 3226 1932 3278; x_wconf 88' lang='lat' dir='ltr'><strong>in</strong></span> <span class='ocrx_word' id='word_1_245' title='bbox 1954 3240 2101 3278; x_wconf 79' lang='lat' dir='ltr'><strong>evan-</strong></span> 
     </span>
    </p>
   </div>
   <div class='ocr_carea' id='block_1_32' title="bbox 517 3315 2100 3393">
    <p class='ocr_par' dir='ltr' id='par_1_32' title="bbox 517 3315 2100 3393">
     <span class='ocr_line' id='line_1_32' title="bbox 517 3315 2100 3393; baseline -0.004 -17"><span class='ocrx_word' id='word_1_246' title='bbox 517 3325 648 3393; x_wconf 83' lang='lat' dir='ltr'><strong>gelio</strong></span> <span class='ocrx_word' id='word_1_247' title='bbox 671 3341 759 3392; x_wconf 86' lang='lat' dir='ltr'><strong>per</strong></span> <span class='ocrx_word' id='word_1_248' title='bbox 782 3339 953 3378; x_wconf 84' lang='lat' dir='ltr'><strong>omnes</strong></span> <span class='ocrx_word' id='word_1_249' title='bbox 994 3320 1249 3376; x_wconf 64' lang='lat' dir='ltr'><strong>Ecclesia:</strong></span> <span class='ocrx_word' id='word_1_250' title='bbox 1277 3320 1351 3389; x_wconf 72' lang='lat'><strong>(2.</strong></span> <span class='ocrx_word' id='word_1_251' title='bbox 1379 3318 1497 3373; x_wconf 83' lang='lat' dir='ltr'><strong>Cor.</strong></span> <span class='ocrx_word' id='word_1_252' title='bbox 1530 3320 1582 3375; x_wconf 91' lang='lat'><strong>8.</strong></span> <span class='ocrx_word' id='word_1_253' title='bbox 1616 3318 1726 3387; x_wconf 89' lang='grc'><strong>18).</strong></span> <span class='ocrx_word' id='word_1_254' title='bbox 1759 3318 1824 3371; x_wconf 88' lang='lat' dir='ltr'><strong>Et</strong></span> <span class='ocrx_word' id='word_1_255' title='bbox 1858 3331 1977 3369; x_wconf 90' lang='lat' dir='ltr'><strong>cum</strong></span> <span class='ocrx_word' id='word_1_256' title='bbox 2019 3315 2100 3369; x_wconf 88' lang='lat' dir='ltr'><strong>di-</strong></span> 
     </span>
    </p>
   </div>
   <div class='ocr_carea' id='block_1_33' title="bbox 517 3405 2096 3481">
    <p class='ocr_par' dir='ltr' id='par_1_33' title="bbox 517 3405 2096 3481">
     <span class='ocr_line' id='line_1_33' title="bbox 517 3405 2096 3481; baseline -0.007 -13"><span class='ocrx_word' id='word_1_257' title='bbox 517 3415 588 3468; x_wconf 90' lang='lat' dir='ltr'><strong>cit</strong></span> <span class='ocrx_word' id='word_1_258' title='bbox 616 3434 627 3469; x_wconf 91' lang='lat'><strong>:</strong></span> <span class='ocrx_word' id='word_1_259' title='bbox 670 3412 813 3468; x_wconf 84' lang='lat' dir='ltr'><strong>Visus</strong></span> <span class='ocrx_word' id='word_1_260' title='bbox 834 3422 906 3467; x_wconf 86' lang='lat' dir='ltr'><strong>est</strong></span> <span class='ocrx_word' id='word_1_261' title='bbox 933 3411 1135 3481; x_wconf 71' lang='lat' dir='ltr'><strong>Ceplia&#39;,</strong></span> <span class='ocrx_word' id='word_1_262' title='bbox 1169 3410 1349 3464; x_wconf 85' lang='lat' dir='ltr'><strong>deinde</strong></span> <span class='ocrx_word' id='word_1_263' title='bbox 1372 3408 1634 3463; x_wconf 82' lang='lat' dir='ltr'><strong>duodecim</strong></span> <span class='ocrx_word' id='word_1_264' title='bbox 1656 3408 1832 3469; x_wconf 85' lang='lat' dir='ltr'><strong>&#39;;cum</strong></span> <span class='ocrx_word' id='word_1_265' title='bbox 1847 3405 1923 3458; x_wconf 86' lang='lat' dir='ltr'><strong>ait</strong></span> <span class='ocrx_word' id='word_1_266' title='bbox 1949 3419 2096 3466; x_wconf 86' lang='lat' dir='ltr'><strong>vero,</strong></span> 
     </span>
    </p>
   </div>
   <div class='ocr_carea' id='block_1_34' title="bbox 520 3495 2096 3574">
    <p class='ocr_par' dir='ltr' id='par_1_34' title="bbox 520 3495 2096 3574">
     <span class='ocr_line' id='line_1_34' title="bbox 520 3495 2096 3574; baseline -0.01 -11"><span class='ocrx_word' id='word_1_267' title='bbox 520 3505 813 3563; x_wconf 79' lang='lat' dir='ltr'><strong>Secundum</strong></span> <span class='ocrx_word' id='word_1_268' title='bbox 859 3503 1171 3574; x_wconf 72' lang='lat' dir='ltr'><strong>evangelium</strong></span> <span class='ocrx_word' id='word_1_269' title='bbox 1213 3500 1348 3571; x_wconf 88' lang='lat' dir='ltr'><strong>quod</strong></span> <span class='ocrx_word' id='word_1_270' title='bbox 1395 3499 1657 3567; x_wconf 82' lang='lat' dir='ltr'><strong>accepistis</strong></span> <span class='ocrx_word' id='word_1_271' title='bbox 1710 3496 1785 3566; x_wconf 87' lang='grc' dir='ltr'><strong>(Ι.</strong></span> <span class='ocrx_word' id='word_1_272' title='bbox 1835 3495 1954 3551; x_wconf 88' lang='lat' dir='ltr'><strong>Cor.</strong></span> <span class='ocrx_word' id='word_1_273' title='bbox 2010 3495 2096 3550; x_wconf 82' lang='grc'><strong>15.</strong></span> 
     </span>
    </p>
   </div>
   <div class='ocr_carea' id='block_1_35' title="bbox 524 3588 2100 3669">
    <p class='ocr_par' dir='ltr' id='par_1_35' title="bbox 524 3588 2100 3669">
     <span class='ocr_line' id='line_1_35' title="bbox 524 3588 2100 3669; baseline -0.007 -17"><span class='ocrx_word' id='word_1_274' title='bbox 524 3599 579 3652; x_wconf 84' lang='lat'><strong>5.</strong></span> <span class='ocrx_word' id='word_1_275' title='bbox 633 3596 731 3669; x_wconf 79' lang='lat' dir='ltr'><strong>i);</strong></span> <span class='ocrx_word' id='word_1_276' title='bbox 784 3595 852 3650; x_wconf 86' lang='lat' dir='ltr'><strong>de</strong></span> <span class='ocrx_word' id='word_1_277' title='bbox 896 3596 1054 3650; x_wconf 79' lang='lat' dir='ltr'><strong>Luca:</strong></span> <span class='ocrx_word' id='word_1_278' title='bbox 1107 3592 1397 3662; x_wconf 85' lang='lat' dir='ltr'><strong>Evangelio</strong></span> <span class='ocrx_word' id='word_1_279' title='bbox 1445 3590 1717 3660; x_wconf 88' lang='lat' dir='ltr'><strong>loquitur:</strong></span> <span class='ocrx_word' id='word_1_280' title='bbox 1774 3588 1847 3642; x_wconf 83' lang='lat' dir='ltr'><strong>ita</strong></span> <span class='ocrx_word' id='word_1_281' title='bbox 1888 3596 1946 3643; x_wconf 91' lang='lat' dir='ltr'><strong>ut</strong></span> <span class='ocrx_word' id='word_1_282' title='bbox 1994 3603 2100 3642; x_wconf 90' lang='lat' dir='ltr'><strong>non</strong></span> 
     </span>
    </p>
   </div>
   <div class='ocr_carea' id='block_1_36' title="bbox 521 3677 2101 3757">
    <p class='ocr_par' dir='ltr' id='par_1_36' title="bbox 521 3677 2101 3757">
     <span class='ocr_line' id='line_1_36' title="bbox 521 3677 2101 3757; baseline -0.006 -15"><span class='ocrx_word' id='word_1_283' title='bbox 521 3688 871 3751; x_wconf 87' lang='lat' dir='ltr'><strong>aberraverit,</strong></span> <span class='ocrx_word' id='word_1_284' title='bbox 898 3688 943 3743; x_wconf 88' lang='lat' dir='ltr'><strong>si</strong></span> <span class='ocrx_word' id='word_1_285' title='bbox 970 3687 1089 3756; x_wconf 88' lang='lat' dir='ltr'><strong>quis</strong></span> <span class='ocrx_word' id='word_1_286' title='bbox 1120 3684 1219 3757; x_wconf 91' lang='lat' dir='ltr'><strong>ipsi</strong></span> <span class='ocrx_word' id='word_1_287' title='bbox 1247 3682 1349 3737; x_wconf 89' lang='lat' dir='ltr'><strong>hoc</strong></span> <span class='ocrx_word' id='word_1_288' title='bbox 1392 3697 1527 3751; x_wconf 86' lang='lat' dir='ltr'><strong>opus</strong></span> <span class='ocrx_word' id='word_1_289' title='bbox 1571 3680 1935 3753; x_wconf 88' lang='lat' dir='ltr'><strong>adscripserit.</strong></span> <span class='ocrx_word' id='word_1_290' title='bbox 1966 3677 2101 3734; x_wconf 90' lang='lat' dir='ltr'><strong>Cum</strong></span> 
     </span>
    </p>
   </div>
   <div class='ocr_carea' id='block_1_37' title="bbox 521 3771 2102 3849">
    <p class='ocr_par' dir='ltr' id='par_1_37' title="bbox 521 3771 2102 3849">
     <span class='ocr_line' id='line_1_37' title="bbox 521 3771 2102 3849; baseline -0.007 -13"><span class='ocrx_word' id='word_1_291' title='bbox 521 3780 625 3849; x_wconf 85' lang='lat' dir='ltr'><strong>ipsi</strong></span> <span class='ocrx_word' id='word_1_292' title='bbox 645 3779 786 3841; x_wconf 87' lang='lat' dir='ltr'><strong>dico,</strong></span> <span class='ocrx_word' id='word_1_293' title='bbox 816 3776 1034 3837; x_wconf 82' lang='lat' dir='ltr'><strong>Christo</strong></span> <span class='ocrx_word' id='word_1_294' title='bbox 1057 3776 1199 3830; x_wconf 90' lang='lat' dir='ltr'><strong>dico.</strong></span> <span class='ocrx_word' id='word_1_295' title='bbox 1224 3773 1453 3847; x_wconf 80' lang='lat' dir='ltr'><strong>Quodsi</strong></span> <span class='ocrx_word' id='word_1_296' title='bbox 1480 3773 1599 3842; x_wconf 89' lang='lat' dir='ltr'><strong>quis</strong></span> <span class='ocrx_word' id='word_1_297' title='bbox 1621 3772 1816 3833; x_wconf 81' lang='lat' dir='ltr'><strong>dixerit</strong></span> <span class='ocrx_word' id='word_1_298' title='bbox 1837 3771 1973 3826; x_wconf 88' lang='lat' dir='ltr'><strong>:Cur</strong></span> <span class='ocrx_word' id='word_1_299' title='bbox 1996 3786 2102 3826; x_wconf 88' lang='lat' dir='ltr'><strong>non</strong></span> 
     </span>
    </p>
   </div>
   <div class='ocr_carea' id='block_1_38' title="bbox 523 3865 2104 3938">
    <p class='ocr_par' dir='ltr' id='par_1_38' title="bbox 523 3865 2104 3938">
     <span class='ocr_line' id='line_1_38' title="bbox 523 3865 2104 3938; baseline -0.004 -13"><span class='ocrx_word' id='word_1_300' title='bbox 523 3874 699 3925; x_wconf 81' lang='lat' dir='ltr'><strong>omnia</strong></span> <span class='ocrx_word' id='word_1_301' title='bbox 728 3870 944 3938; x_wconf 76' lang='lat' dir='ltr'><strong>scripsit</strong></span> <span class='ocrx_word' id='word_1_302' title='bbox 968 3876 1055 3937; x_wconf 88' lang='lat' dir='ltr'><strong>qui</strong></span> <span class='ocrx_word' id='word_1_303' title='bbox 1088 3882 1255 3936; x_wconf 87' lang='lat' dir='ltr'><strong>usque</strong></span> <span class='ocrx_word' id='word_1_304' title='bbox 1281 3866 1348 3920; x_wconf 88' lang='lat' dir='ltr'><strong>ad</strong></span> <span class='ocrx_word' id='word_1_305' title='bbox 1398 3866 1553 3919; x_wconf 86' lang='lat' dir='ltr'><strong>linem</strong></span> <span class='ocrx_word' id='word_1_306' title='bbox 1581 3880 1704 3921; x_wconf 86' lang='lat' dir='ltr'><strong>cum</strong></span> <span class='ocrx_word' id='word_1_307' title='bbox 1735 3865 1851 3933; x_wconf 89' lang='lat' dir='ltr'><strong>ipso</strong></span> <span class='ocrx_word' id='word_1_308' title='bbox 1891 3880 2104 3934; x_wconf 79' lang='lat' dir='ltr'><strong>semper</strong></span> 
     </span>
    </p>
   </div>
   <div class='ocr_carea' id='block_1_39' title="bbox 524 3955 2105 4035">
    <p class='ocr_par' dir='ltr' id='par_1_39' title="bbox 524 3955 2105 4035">
     <span class='ocr_line' id='line_1_39' title="bbox 524 3955 2105 4035; baseline -0.007 -15"><span class='ocrx_word' id='word_1_309' title='bbox 524 3965 729 4023; x_wconf 85' lang='lat' dir='ltr'><strong>fuerit?</strong></span> <span class='ocrx_word' id='word_1_310' title='bbox 757 3960 1222 4035; x_wconf 85' lang='lat' dir='ltr'><strong>respondebimus,</strong></span> <span class='ocrx_word' id='word_1_311' title='bbox 1253 3959 1366 4014; x_wconf 72' lang='lat' dir='ltr'><strong>haec</strong></span> <span class='ocrx_word' id='word_1_312' title='bbox 1405 3958 1535 4019; x_wconf 88' lang='lat' dir='ltr'><strong>satis</strong></span> <span class='ocrx_word' id='word_1_313' title='bbox 1576 3955 1741 4011; x_wconf 90' lang='lat' dir='ltr'><strong>fuisse</strong></span> <span class='ocrx_word' id='word_1_314' title='bbox 1771 3955 1855 4020; x_wconf 87' lang='lat' dir='ltr'><strong>iis,</strong></span> <span class='ocrx_word' id='word_1_315' title='bbox 1877 3956 1966 4026; x_wconf 92' lang='lat' dir='ltr'><strong>qui</strong></span> <span class='ocrx_word' id='word_1_316' title='bbox 1991 3956 2105 4009; x_wconf 77' lang='lat' dir='ltr'><strong>ani-</strong></span> 
     </span>
    </p>
   </div>
   <div class='ocr_carea' id='block_1_40' title="bbox 524 4046 2102 4119">
    <p class='ocr_par' dir='ltr' id='par_1_40' title="bbox 524 4046 2102 4119">
     <span class='ocr_line' id='line_1_40' title="bbox 524 4046 2102 4119; baseline -0.006 -8"><span class='ocrx_word' id='word_1_317' title='bbox 524 4074 671 4114; x_wconf 86' lang='lat' dir='ltr'><strong>mum</strong></span> <span class='ocrx_word' id='word_1_318' title='bbox 718 4054 974 4109; x_wconf 87' lang='lat' dir='ltr'><strong>adhibere</strong></span> <span class='ocrx_word' id='word_1_319' title='bbox 1010 4051 1241 4117; x_wconf 84' lang='lat' dir='ltr'><strong>vellent;</strong></span> <span class='ocrx_word' id='word_1_320' title='bbox 1296 4049 1522 4119; x_wconf 90' lang='lat' dir='ltr'><strong>illosque</strong></span> <span class='ocrx_word' id='word_1_321' title='bbox 1570 4046 1635 4101; x_wconf 89' lang='lat' dir='ltr'><strong>iis</strong></span> <span class='ocrx_word' id='word_1_322' title='bbox 1686 4061 1899 4116; x_wconf 81' lang='lat' dir='ltr'><strong>semper</strong></span> <span class='ocrx_word' id='word_1_323' title='bbox 1951 4048 2102 4102; x_wconf 90' lang='lat' dir='ltr'><strong>incu-</strong></span> 
     </span>
    </p>
   </div>
   <div class='ocr_carea' id='block_1_41' title="bbox 524 4139 2107 4216">
    <p class='ocr_par' dir='ltr' id='par_1_41' title="bbox 524 4139 2107 4216">
     <span class='ocr_line' id='line_1_41' title="bbox 524 4139 2107 4216; baseline -0.005 -13"><span class='ocrx_word' id='word_1_324' title='bbox 524 4148 725 4208; x_wconf 85' lang='lat' dir='ltr'><strong>buisse,</strong></span> <span class='ocrx_word' id='word_1_325' title='bbox 748 4164 865 4216; x_wconf 79' lang='lat' dir='ltr'><strong>qua:</strong></span> <span class='ocrx_word' id='word_1_326' title='bbox 893 4144 1061 4213; x_wconf 85' lang='lat' dir='ltr'><strong>magis</strong></span> <span class='ocrx_word' id='word_1_327' title='bbox 1087 4151 1358 4212; x_wconf 88' lang='lat' dir='ltr'><strong>urgerent,</strong></span> <span class='ocrx_word' id='word_1_328' title='bbox 1380 4156 1554 4210; x_wconf 89' lang='lat' dir='ltr'><strong>neque</strong></span> <span class='ocrx_word' id='word_1_329' title='bbox 1582 4139 1686 4197; x_wconf 89' lang='lat' dir='ltr'><strong>illis</strong></span> <span class='ocrx_word' id='word_1_330' title='bbox 1715 4148 1917 4193; x_wconf 86' lang='lat' dir='ltr'><strong>tantum</strong></span> <span class='ocrx_word' id='word_1_331' title='bbox 1944 4139 2107 4195; x_wconf 86' lang='lat' dir='ltr'><strong>fuisse</strong></span> 
     </span>
    </p>
   </div>
   <div class='ocr_carea' id='block_1_42' title="bbox 524 4232 2105 4303">
    <p class='ocr_par' dir='ltr' id='par_1_42' title="bbox 524 4232 2105 4303">
     <span class='ocr_line' id='line_1_42' title="bbox 524 4232 2105 4303; baseline -0.005 -11"><span class='ocrx_word' id='word_1_332' title='bbox 524 4237 793 4292; x_wconf 81' lang='lat' dir='ltr'><strong>scribendi</strong></span> <span class='ocrx_word' id='word_1_333' title='bbox 814 4236 1086 4299; x_wconf 87' lang='lat' dir='ltr'><strong>studium;</strong></span> <span class='ocrx_word' id='word_1_334' title='bbox 1137 4236 1329 4287; x_wconf 74' lang='lat' dir='ltr'><strong>mullus</strong></span> <span class='ocrx_word' id='word_1_335' title='bbox 1356 4234 1551 4303; x_wconf 82' lang='lat' dir='ltr'><strong>quippe</strong></span> <span class='ocrx_word' id='word_1_336' title='bbox 1595 4247 1701 4287; x_wconf 89' lang='lat' dir='ltr'><strong>non</strong></span> <span class='ocrx_word' id='word_1_337' title='bbox 1738 4232 1965 4301; x_wconf 87' lang='lat' dir='ltr'><strong>scriptas</strong></span> <span class='ocrx_word' id='word_1_338' title='bbox 1996 4242 2105 4285; x_wconf 84' lang='lat' dir='ltr'><strong>Ira-</strong></span> 
     </span>
    </p>
   </div>
   <div class='ocr_carea' id='block_1_43' title="bbox 529 4326 1076 4382">
    <p class='ocr_par' dir='ltr' id='par_1_43' title="bbox 529 4326 1076 4382">
     <span class='ocr_line' id='line_1_43' title="bbox 529 4326 1076 4382; baseline -0.009 0"><span class='ocrx_word' id='word_1_339' title='bbox 529 4329 761 4382; x_wconf 85' lang='lat' dir='ltr'><strong>ditiones</strong></span> <span class='ocrx_word' id='word_1_340' title='bbox 795 4326 1076 4379; x_wconf 89' lang='lat' dir='ltr'><strong>dederunt.</strong></span> 
     </span>
    </p>
   </div>
   <div class='ocr_carea' id='block_1_44' title="bbox 600 4415 2108 4487">
    <p class='ocr_par' dir='ltr' id='par_1_44' title="bbox 600 4415 2108 4487">
     <span class='ocr_line' id='line_1_44' title="bbox 600 4415 2108 4487; baseline -0.001 -17"><span class='ocrx_word' id='word_1_341' title='bbox 600 4418 700 4471; x_wconf 84' lang='lat' dir='ltr'><strong>Cur</strong></span> <span class='ocrx_word' id='word_1_342' title='bbox 726 4415 910 4471; x_wconf 83' lang='lat' dir='ltr'><strong>Christi</strong></span> <span class='ocrx_word' id='word_1_343' title='bbox 941 4417 1174 4469; x_wconf 75' lang='lat' dir='ltr'><strong>divinitas</strong></span> <span class='ocrx_word' id='word_1_344' title='bbox 1204 4417 1256 4469; x_wconf 87' lang='lat' dir='ltr'><strong>in</strong></span> <span class='ocrx_word' id='word_1_345' title='bbox 1282 4415 1419 4470; x_wconf 80' lang='lat' dir='ltr'><strong>Actis</strong></span> <span class='ocrx_word' id='word_1_346' title='bbox 1448 4431 1547 4469; x_wconf 85' lang='lat' dir='ltr'><strong>non</strong></span> <span class='ocrx_word' id='word_1_347' title='bbox 1587 4415 1657 4469; x_wconf 89' lang='lat' dir='ltr'><strong>ita</strong></span> <span class='ocrx_word' id='word_1_348' title='bbox 1684 4425 1859 4487; x_wconf 82' lang='lat' dir='ltr'><strong>aperte</strong></span> <span class='ocrx_word' id='word_1_349' title='bbox 1884 4415 2108 4469; x_wconf 84' lang='lat' dir='ltr'><strong>enuntie-</strong></span> 
     </span>
    </p>
   </div>
   <div class='ocr_carea' id='block_1_45' title="bbox 533 4504 2107 4576">
    <p class='ocr_par' dir='ltr' id='par_1_45' title="bbox 533 4504 2107 4576">
     <span class='ocr_line' id='line_1_45' title="bbox 533 4504 2107 4576; baseline -0.001 -14"><span class='ocrx_word' id='word_1_350' title='bbox 533 4506 923 4564; x_wconf 82' lang='lat' dir='ltr'><strong>tur.——0mnia</strong></span> <span class='ocrx_word' id='word_1_351' title='bbox 966 4508 1142 4576; x_wconf 84' lang='lat' dir='ltr'><strong>itaque</strong></span> <span class='ocrx_word' id='word_1_352' title='bbox 1173 4506 1275 4561; x_wconf 88' lang='lat' dir='ltr'><strong>hoc</strong></span> <span class='ocrx_word' id='word_1_353' title='bbox 1318 4506 1369 4559; x_wconf 93' lang='lat' dir='ltr'><strong>in</strong></span> <span class='ocrx_word' id='word_1_354' title='bbox 1413 4506 1549 4561; x_wconf 88' lang='lat' dir='ltr'><strong>libro</strong></span> <span class='ocrx_word' id='word_1_355' title='bbox 1569 4506 1924 4562; x_wconf 85' lang='lat' dir='ltr'><strong>admiratione</strong></span> <span class='ocrx_word' id='word_1_356' title='bbox 1950 4504 2107 4576; x_wconf 89' lang='lat' dir='ltr'><strong>digna</strong></span> 
     </span>
    </p>
   </div>
   <div class='ocr_carea' id='block_1_46' title="bbox 529 4598 2111 4668">
    <p class='ocr_par' dir='ltr' id='par_1_46' title="bbox 529 4598 2111 4668">
     <span class='ocr_line' id='line_1_46' title="bbox 529 4598 2111 4668; baseline -0.001 -14"><span class='ocrx_word' id='word_1_357' title='bbox 529 4613 674 4662; x_wconf 83' lang='lat' dir='ltr'><strong>sunt,</strong></span> <span class='ocrx_word' id='word_1_358' title='bbox 702 4600 931 4654; x_wconf 84' lang='lat' dir='ltr'><strong>maxime</strong></span> <span class='ocrx_word' id='word_1_359' title='bbox 954 4613 1079 4653; x_wconf 88' lang='lat' dir='ltr'><strong>vero</strong></span> <span class='ocrx_word' id='word_1_360' title='bbox 1103 4599 1187 4653; x_wconf 86' lang='lat' dir='ltr'><strong>illa</strong></span> <span class='ocrx_word' id='word_1_361' title='bbox 1214 4599 1497 4653; x_wconf 83' lang='lat' dir='ltr'><strong>verborum</strong></span> <span class='ocrx_word' id='word_1_362' title='bbox 1526 4598 1799 4662; x_wconf 86' lang='lat' dir='ltr'><strong>demissio,</strong></span> <span class='ocrx_word' id='word_1_363' title='bbox 1823 4614 1951 4668; x_wconf 93' lang='lat' dir='ltr'><strong>qua,</strong></span> <span class='ocrx_word' id='word_1_364' title='bbox 1988 4613 2111 4667; x_wconf 90' lang='lat' dir='ltr'><strong>sug-</strong></span> 
     </span>
    </p>
   </div>
   <div class='ocr_carea' id='block_1_47' title="bbox 531 4691 2112 4762">
    <p class='ocr_par' dir='ltr' id='par_1_47' title="bbox 531 4691 2112 4762">
     <span class='ocr_line' id='line_1_47' title="bbox 531 4691 2112 4762; baseline -0.003 -14"><span class='ocrx_word' id='word_1_365' title='bbox 531 4701 749 4762; x_wconf 81' lang='lat' dir='ltr'><strong>gerente</strong></span> <span class='ocrx_word' id='word_1_366' title='bbox 790 4691 989 4760; x_wconf 88' lang='lat' dir='ltr'><strong>Spiritu</strong></span> <span class='ocrx_word' id='word_1_367' title='bbox 1021 4700 1228 4755; x_wconf 89' lang='lat' dir='ltr'><strong>sancto,</strong></span> <span class='ocrx_word' id='word_1_368' title='bbox 1261 4691 1328 4746; x_wconf 90' lang='lat' dir='ltr'><strong>de</strong></span> <span class='ocrx_word' id='word_1_369' title='bbox 1367 4691 1662 4747; x_wconf 67' lang='lat' dir='ltr'><strong>teconomia</strong></span> <span class='ocrx_word' id='word_1_370' title='bbox 1709 4692 1985 4761; x_wconf 88' lang='lat' dir='ltr'><strong>loquentes</strong></span> <span class='ocrx_word' id='word_1_371' title='bbox 2032 4691 2112 4746; x_wconf 91' lang='lat' dir='ltr'><strong>usi</strong></span> 
     </span>
    </p>
   </div>
   <div class='ocr_carea' id='block_1_48' title="bbox 534 4782 2113 4854">
    <p class='ocr_par' dir='ltr' id='par_1_48' title="bbox 534 4782 2113 4854">
     <span class='ocr_line' id='line_1_48' title="bbox 534 4782 2113 4854; baseline -0.002 -14"><span class='ocrx_word' id='word_1_372' title='bbox 534 4796 660 4841; x_wconf 85' lang='lat' dir='ltr'><strong>sunt</strong></span> <span class='ocrx_word' id='word_1_373' title='bbox 682 4783 927 4854; x_wconf 87' lang='lat' dir='ltr'><strong>apostoli.</strong></span> <span class='ocrx_word' id='word_1_374' title='bbox 959 4783 1081 4838; x_wconf 92' lang='lat' dir='ltr'><strong>Ideo</strong></span> <span class='ocrx_word' id='word_1_375' title='bbox 1106 4799 1228 4837; x_wconf 90' lang='lat' dir='ltr'><strong>cum</strong></span> <span class='ocrx_word' id='word_1_376' title='bbox 1270 4793 1345 4839; x_wconf 91' lang='lat' dir='ltr'><strong>tot</strong></span> <span class='ocrx_word' id='word_1_377' title='bbox 1378 4794 1627 4853; x_wconf 91' lang='lat' dir='ltr'><strong>tantaque</strong></span> <span class='ocrx_word' id='word_1_378' title='bbox 1651 4782 1717 4839; x_wconf 92' lang='lat' dir='ltr'><strong>de</strong></span> <span class='ocrx_word' id='word_1_379' title='bbox 1741 4782 1958 4839; x_wconf 84' lang='lat' dir='ltr'><strong>Christo</strong></span> <span class='ocrx_word' id='word_1_380' title='bbox 1989 4800 2113 4837; x_wconf 62' lang='lat' dir='ltr'><strong>nar.</strong></span> 
     </span>
    </p>
   </div>
   <div class='ocr_carea' id='block_1_49' title="bbox 537 4874 2112 4947">
    <p class='ocr_par' dir='ltr' id='par_1_49' title="bbox 537 4874 2112 4947">
     <span class='ocr_line' id='line_1_49' title="bbox 537 4874 2112 4947; baseline -0.001 -16"><span class='ocrx_word' id='word_1_381' title='bbox 537 4886 677 4941; x_wconf 92' lang='lat' dir='ltr'><strong>rent,</strong></span> <span class='ocrx_word' id='word_1_382' title='bbox 707 4890 871 4944; x_wconf 83' lang='lat' dir='ltr'><strong>pauca</strong></span> <span class='ocrx_word' id='word_1_383' title='bbox 918 4874 985 4930; x_wconf 90' lang='lat' dir='ltr'><strong>de</strong></span> <span class='ocrx_word' id='word_1_384' title='bbox 1030 4874 1307 4929; x_wconf 85' lang='lat' dir='ltr'><strong>divinitate</strong></span> <span class='ocrx_word' id='word_1_385' title='bbox 1336 4874 1452 4944; x_wconf 90' lang='lat' dir='ltr'><strong>ejus</strong></span> <span class='ocrx_word' id='word_1_386' title='bbox 1477 4874 1745 4940; x_wconf 89' lang='lat' dir='ltr'><strong>dixerunt,</strong></span> <span class='ocrx_word' id='word_1_387' title='bbox 1774 4874 1932 4947; x_wconf 81' lang='lat' dir='ltr'><strong>longe</strong></span> <span class='ocrx_word' id='word_1_388' title='bbox 1963 4874 2112 4942; x_wconf 90' lang='lat' dir='ltr'><strong>plura</strong></span> 
     </span>
    </p>
   </div>
   <div class='ocr_carea' id='block_1_50' title="bbox 533 4964 2110 5034">
    <p class='ocr_par' dir='ltr' id='par_1_50' title="bbox 533 4964 2110 5034">
     <span class='ocr_line' id='line_1_50' title="bbox 533 4964 2110 5034; baseline 0.003 -14"><span class='ocrx_word' id='word_1_389' title='bbox 533 4982 664 5021; x_wconf 87' lang='lat' dir='ltr'><strong>vero</strong></span> <span class='ocrx_word' id='word_1_390' title='bbox 690 4966 757 5019; x_wconf 90' lang='lat' dir='ltr'><strong>de</strong></span> <span class='ocrx_word' id='word_1_391' title='bbox 786 4964 1137 5029; x_wconf 86' lang='lat' dir='ltr'><strong>humanitate,</strong></span> <span class='ocrx_word' id='word_1_392' title='bbox 1171 4964 1237 5020; x_wconf 90' lang='lat' dir='ltr'><strong>de</strong></span> <span class='ocrx_word' id='word_1_393' title='bbox 1284 4966 1551 5034; x_wconf 84' lang='lat' dir='ltr'><strong>passione.</strong></span> <span class='ocrx_word' id='word_1_394' title='bbox 1580 4966 1647 5021; x_wconf 88' lang='lat' dir='ltr'><strong>de</strong></span> <span class='ocrx_word' id='word_1_395' title='bbox 1696 4968 2110 5027; x_wconf 86' lang='lat' dir='ltr'><strong>resurrectione.</strong></span> 
     </span>
    </p>
   </div>
   <div class='ocr_carea' id='block_1_51' title="bbox 536 5056 2117 5126">
    <p class='ocr_par' dir='ltr' id='par_1_51' title="bbox 536 5056 2117 5126">
     <span class='ocr_line' id='line_1_51' title="bbox 536 5056 2117 5126; baseline -0.001 -13"><span class='ocrx_word' id='word_1_396' title='bbox 536 5061 603 5116; x_wconf 87' lang='lat' dir='ltr'><strong>de</strong></span> <span class='ocrx_word' id='word_1_397' title='bbox 626 5058 963 5112; x_wconf 86' lang='lat' dir='ltr'><strong>ascensione.</strong></span> <span class='ocrx_word' id='word_1_398' title='bbox 992 5056 1123 5111; x_wconf 85' lang='lat' dir='ltr'><strong>Nam</strong></span> <span class='ocrx_word' id='word_1_399' title='bbox 1157 5056 1257 5114; x_wconf 88' lang='lat' dir='ltr'><strong>hoc</strong></span> <span class='ocrx_word' id='word_1_400' title='bbox 1287 5058 1497 5111; x_wconf 89' lang='lat' dir='ltr'><strong>interim</strong></span> <span class='ocrx_word' id='word_1_401' title='bbox 1522 5058 1884 5126; x_wconf 77' lang='lat' dir='ltr'><strong>quzerehatur,</strong></span> <span class='ocrx_word' id='word_1_402' title='bbox 1915 5069 1973 5111; x_wconf 92' lang='lat' dir='ltr'><strong>ut</strong></span> <span class='ocrx_word' id='word_1_403' title='bbox 1998 5072 2117 5113; x_wconf 83' lang='lat' dir='ltr'><strong>cre-</strong></span> 
     </span>
    </p>
   </div>
   <div class='ocr_carea' id='block_1_52' title="bbox 539 5148 2114 5218">
    <p class='ocr_par' dir='ltr' id='par_1_52' title="bbox 539 5148 2114 5218">
     <span class='ocr_line' id='line_1_52' title="bbox 539 5148 2114 5218; baseline 0 -15"><span class='ocrx_word' id='word_1_404' title='bbox 539 5158 757 5205; x_wconf 81' lang='lat' dir='ltr'><strong>deretur</strong></span> <span class='ocrx_word' id='word_1_405' title='bbox 787 5148 959 5218; x_wconf 88' lang='lat' dir='ltr'><strong>ipsum</strong></span> <span class='ocrx_word' id='word_1_406' title='bbox 1008 5148 1368 5207; x_wconf 63' lang='lat' dir='ltr'><strong>restari-exisse</strong></span> <span class='ocrx_word' id='word_1_407' title='bbox 1393 5157 1447 5201; x_wconf 94' lang='lat' dir='ltr'><strong>et</strong></span> <span class='ocrx_word' id='word_1_408' title='bbox 1492 5148 1800 5203; x_wconf 84' lang='lat' dir='ltr'><strong>ascendisse</strong></span> <span class='ocrx_word' id='word_1_409' title='bbox 1846 5149 1899 5202; x_wconf 90' lang='lat' dir='ltr'><strong>in</strong></span> <span class='ocrx_word' id='word_1_410' title='bbox 1930 5148 2114 5203; x_wconf 62' lang='lat' dir='ltr'><strong>caelos.</strong></span> 
     </span>
    </p>
   </div>
   <div class='ocr_carea' id='block_1_53' title="bbox 537 5238 2117 5315">
    <p class='ocr_par' dir='ltr' id='par_1_53' title="bbox 537 5238 2117 5315">
     <span class='ocr_line' id='line_1_53' title="bbox 537 5238 2117 5315; baseline 0.002 -22"><span class='ocrx_word' id='word_1_411' title='bbox 537 5240 998 5307; x_wconf 82' lang='lat' dir='ltr'><strong>Quemadmodum</strong></span> <span class='ocrx_word' id='word_1_412' title='bbox 1030 5240 1189 5315; x_wconf 79' lang='lat' dir='ltr'><strong>igitur</strong></span> <span class='ocrx_word' id='word_1_413' title='bbox 1211 5239 1326 5309; x_wconf 78' lang='lat' dir='ltr'><strong>ipse</strong></span> <span class='ocrx_word' id='word_1_414' title='bbox 1349 5238 1591 5295; x_wconf 84' lang='lat' dir='ltr'><strong>Christus</strong></span> <span class='ocrx_word' id='word_1_415' title='bbox 1620 5240 1672 5293; x_wconf 89' lang='lat' dir='ltr'><strong>in</strong></span> <span class='ocrx_word' id='word_1_416' title='bbox 1720 5240 1903 5309; x_wconf 88' lang='lat' dir='ltr'><strong>primis</strong></span> <span class='ocrx_word' id='word_1_417' title='bbox 1933 5250 2117 5296; x_wconf 80' lang='lat' dir='ltr'><strong>osten-</strong></span> 
     </span>
    </p>
   </div>
   <div class='ocr_carea' id='block_1_54' title="bbox 539 5328 2115 5397">
    <p class='ocr_par' dir='ltr' id='par_1_54' title="bbox 539 5328 2115 5397">
     <span class='ocr_line' id='line_1_54' title="bbox 539 5328 2115 5397; baseline 0 -13"><span class='ocrx_word' id='word_1_418' title='bbox 539 5328 669 5385; x_wconf 88' lang='lat' dir='ltr'><strong>dere</strong></span> <span class='ocrx_word' id='word_1_419' title='bbox 695 5330 935 5395; x_wconf 87' lang='lat' dir='ltr'><strong>curabat,</strong></span> <span class='ocrx_word' id='word_1_420' title='bbox 964 5343 1024 5385; x_wconf 86' lang='lat' dir='ltr'><strong>se</strong></span> <span class='ocrx_word' id='word_1_421' title='bbox 1068 5345 1099 5384; x_wconf 85' lang='lat' dir='ltr'><strong>a</strong></span> <span class='ocrx_word' id='word_1_422' title='bbox 1141 5329 1298 5385; x_wconf 86' lang='lat' dir='ltr'><strong>Patre</strong></span> <span class='ocrx_word' id='word_1_423' title='bbox 1323 5330 1535 5386; x_wconf 82' lang='lat' dir='ltr'><strong>venisse</strong></span> <span class='ocrx_word' id='word_1_424' title='bbox 1567 5346 1580 5383; x_wconf 90' lang='lat'><strong>:</strong></span> <span class='ocrx_word' id='word_1_425' title='bbox 1614 5329 1683 5383; x_wconf 90' lang='lat' dir='ltr'><strong>ita</strong></span> <span class='ocrx_word' id='word_1_426' title='bbox 1710 5339 1763 5384; x_wconf 91' lang='lat' dir='ltr'><strong>et</strong></span> <span class='ocrx_word' id='word_1_427' title='bbox 1792 5329 1881 5384; x_wconf 91' lang='lat' dir='ltr'><strong>hic</strong></span> <span class='ocrx_word' id='word_1_428' title='bbox 1913 5339 2115 5397; x_wconf 89' lang='lat' dir='ltr'><strong>narrat,</strong></span> 
     </span>
    </p>
   </div>
   <div class='ocr_carea' id='block_1_55' title="bbox 538 5420 2117 5491">
    <p class='ocr_par' dir='ltr' id='par_1_55' title="bbox 538 5420 2117 5491">
     <span class='ocr_line' id='line_1_55' title="bbox 538 5420 2117 5491; baseline 0.003 -18"><span class='ocrx_word' id='word_1_429' title='bbox 538 5420 709 5490; x_wconf 87' lang='lat' dir='ltr'><strong>ipsum</strong></span> <span class='ocrx_word' id='word_1_430' title='bbox 740 5422 1119 5487; x_wconf 82' lang='lat' dir='ltr'><strong>resurrexisse,</strong></span> <span class='ocrx_word' id='word_1_431' title='bbox 1146 5430 1477 5491; x_wconf 80' lang='lat' dir='ltr'><strong>assumptum</strong></span> <span class='ocrx_word' id='word_1_432' title='bbox 1528 5421 1715 5486; x_wconf 85' lang='lat' dir='ltr'><strong>fuisse,</strong></span> <span class='ocrx_word' id='word_1_433' title='bbox 1755 5432 1809 5477; x_wconf 85' lang='lat' dir='ltr'><strong>et</strong></span> <span class='ocrx_word' id='word_1_434' title='bbox 1852 5422 1919 5477; x_wconf 86' lang='lat' dir='ltr'><strong>ad</strong></span> <span class='ocrx_word' id='word_1_435' title='bbox 1970 5422 2117 5477; x_wconf 86' lang='lat' dir='ltr'><strong>iilum</strong></span> 
     </span>
    </p>
   </div>
   <div class='ocr_carea' id='block_1_56' title="bbox 542 5514 2118 5586">
    <p class='ocr_par' dir='ltr' id='par_1_56' title="bbox 542 5514 2118 5586">
     <span class='ocr_line' id='line_1_56' title="bbox 542 5514 2118 5586; baseline 0.001 -17"><span class='ocrx_word' id='word_1_436' title='bbox 542 5514 789 5579; x_wconf 86' lang='lat' dir='ltr'><strong>rediisse,</strong></span> <span class='ocrx_word' id='word_1_437' title='bbox 812 5528 841 5565; x_wconf 88' lang='lat' dir='ltr'><strong>a</strong></span> <span class='ocrx_word' id='word_1_438' title='bbox 864 5528 967 5583; x_wconf 91' lang='lat' dir='ltr'><strong>quo</strong></span> <span class='ocrx_word' id='word_1_439' title='bbox 992 5522 1231 5575; x_wconf 83' lang='lat' dir='ltr'><strong>venerat.</strong></span> <span class='ocrx_word' id='word_1_440' title='bbox 1255 5514 1367 5570; x_wconf 74' lang='lat' dir='ltr'><strong>Nisi</strong></span> <span class='ocrx_word' id='word_1_441' title='bbox 1396 5515 1536 5568; x_wconf 87' lang='lat' dir='ltr'><strong>enim</strong></span> <span class='ocrx_word' id='word_1_442' title='bbox 1567 5514 1668 5569; x_wconf 89' lang='lat' dir='ltr'><strong>hoc</strong></span> <span class='ocrx_word' id='word_1_443' title='bbox 1689 5516 1837 5586; x_wconf 88' lang='lat' dir='ltr'><strong>prius</strong></span> <span class='ocrx_word' id='word_1_444' title='bbox 1856 5518 2118 5571; x_wconf 87' lang='lat' dir='ltr'><strong>creditum</strong></span> 
     </span>
    </p>
   </div>
   <div class='ocr_carea' id='block_1_57' title="bbox 536 5604 2122 5675">
    <p class='ocr_par' dir='ltr' id='par_1_57' title="bbox 536 5604 2122 5675">
     <span class='ocr_line' id='line_1_57' title="bbox 536 5604 2122 5675; baseline 0.001 -15"><span class='ocrx_word' id='word_1_445' title='bbox 536 5606 755 5669; x_wconf 85' lang='lat' dir='ltr'><strong>fuisset;</strong></span> <span class='ocrx_word' id='word_1_446' title='bbox 787 5604 1059 5675; x_wconf 88' lang='lat' dir='ltr'><strong>multoque</strong></span> <span class='ocrx_word' id='word_1_447' title='bbox 1080 5605 1246 5675; x_wconf 84' lang='lat' dir='ltr'><strong>magis</strong></span> <span class='ocrx_word' id='word_1_448' title='bbox 1267 5613 1549 5674; x_wconf 85' lang='lat' dir='ltr'><strong>postquam</strong></span> <span class='ocrx_word' id='word_1_449' title='bbox 1576 5616 1915 5663; x_wconf 83' lang='lat' dir='ltr'><strong>accesserunt</strong></span> <span class='ocrx_word' id='word_1_450' title='bbox 1943 5622 2122 5662; x_wconf 88' lang='lat' dir='ltr'><strong>resur-</strong></span> 
     </span>
    </p>
   </div>
   <div class='ocr_carea' id='block_1_58' title="bbox 604 5754 2116 5811">
    <p class='ocr_par' dir='ltr' id='par_1_58' title="bbox 604 5754 2116 5811">
     <span class='ocr_line' id='line_1_58' title="bbox 604 5754 2116 5811; baseline 0.007 -10"><span class='ocrx_word' id='word_1_451' title='bbox 604 5754 623 5785; x_wconf 79' lang='grc'><strong><em>⁸</em></strong></span> <span class='ocrx_word' id='word_1_452' title='bbox 654 5763 725 5804; x_wconf 80' lang='lat' dir='ltr'><strong>sic</strong></span> <span class='ocrx_word' id='word_1_453' title='bbox 745 5768 919 5804; x_wconf 83' lang='lat' dir='ltr'><strong>omnes</strong></span> <span class='ocrx_word' id='word_1_454' title='bbox 943 5754 1063 5805; x_wconf 66' lang='lat' dir='ltr'><strong>anu</strong></span> <span class='ocrx_word' id='word_1_455' title='bbox 1092 5762 1143 5805; x_wconf 90' lang='lat' dir='ltr'><strong>et</strong></span> <span class='ocrx_word' id='word_1_456' title='bbox 1174 5763 1278 5806; x_wconf 74' lang='lat' dir='ltr'><strong>Mss.</strong></span> <span class='ocrx_word' id='word_1_457' title='bbox 1299 5757 1361 5805; x_wconf 77' lang='lat' dir='ltr'><strong>At</strong></span> <span class='ocrx_word' id='word_1_458' title='bbox 1385 5757 1433 5805; x_wconf 88' lang='lat' dir='ltr'><strong>in</strong></span> <span class='ocrx_word' id='word_1_459' title='bbox 1456 5763 1583 5805; x_wconf 71' lang='lat' dir='ltr'><strong>Novo</strong></span> <span class='ocrx_word' id='word_1_460' title='bbox 1607 5764 1919 5807; x_wconf 84' lang='lat' dir='ltr'><strong>Testamento</strong></span> <span class='ocrx_word' id='word_1_461' title='bbox 1943 5759 2116 5811; x_wconf 60' lang='lat' dir='ltr'><strong>Greco</strong></span> 
     </span>
    </p>
   </div>
   <div class='ocr_carea' id='block_1_59' title="bbox 540 5815 2123 5931">
    <p class='ocr_par' dir='ltr' id='par_1_59' title="bbox 540 5815 2123 5931">
     <span class='ocr_line' id='line_1_59' title="bbox 540 5815 2123 5931; baseline 0.004 -65"><span class='ocrx_word' id='word_1_462' title='bbox 540 5817 719 5931; x_wconf 37' lang='lat' dir='ltr'><strong>metu&quot;</strong></span> <span class='ocrx_word' id='word_1_463' title='bbox 743 5825 972 5877; x_wconf 51' lang='lat' dir='ltr'><strong>iam...</strong></span> <span class='ocrx_word' id='word_1_464' title='bbox 996 5825 1049 5867; x_wconf 87' lang='lat' dir='ltr'><strong>et</strong></span> <span class='ocrx_word' id='word_1_465' title='bbox 1073 5818 1121 5868; x_wconf 87' lang='lat' dir='ltr'><strong>iu</strong></span> <span class='ocrx_word' id='word_1_466' title='bbox 1144 5817 1347 5882; x_wconf 75' lang='lat' dir='ltr'><strong>Vulgata</strong></span> <span class='ocrx_word' id='word_1_467' title='bbox 1370 5815 1612 5880; x_wconf 78' lang='lat' dir='ltr'><strong>undecim;</strong></span> <span class='ocrx_word' id='word_1_468' title='bbox 1638 5827 1689 5869; x_wconf 90' lang='lat' dir='ltr'><strong>et</strong></span> <span class='ocrx_word' id='word_1_469' title='bbox 1714 5820 1817 5871; x_wconf 74' lang='lat' dir='ltr'><strong>lucc</strong></span> <span class='ocrx_word' id='word_1_470' title='bbox 1835 5834 1952 5873; x_wconf 85' lang='lat' dir='ltr'><strong>vera</strong></span> <span class='ocrx_word' id='word_1_471' title='bbox 1975 5821 2123 5875; x_wconf 83' lang='lat' dir='ltr'><strong>lectio</strong></span> 
     </span>
    </p>
   </div>
   <div class='ocr_carea' id='block_1_60' title="bbox 1239 443 3801 523">
    <p class='ocr_par' dir='ltr' id='par_1_60' title="bbox 1239 443 3801 523">
     <span class='ocr_line' id='line_1_60' title="bbox 1239 443 3801 523; baseline -0.01 0"><span class='ocrx_word' id='word_1_472' title='bbox 1239 467 1295 523; x_wconf 85' lang='lat' dir='ltr'><strong>S.</strong></span> <span class='ocrx_word' id='word_1_473' title='bbox 1334 462 1615 522; x_wconf 71' lang='lat' dir='ltr'><strong>JOANNIS</strong></span> <span class='ocrx_word' id='word_1_474' title='bbox 1652 452 2123 516; x_wconf 70' lang='lat' dir='ltr'><strong>CIIRYSOSTOMI</strong></span> <span class='ocrx_word' id='word_1_475' title='bbox 2160 451 2475 507; x_wconf 76' lang='lat' dir='ltr'><strong>AltCHlEi‘.</strong></span> <span class='ocrx_word' id='word_1_476' title='bbox 2517 447 3048 506; x_wconf 77' lang='lat' dir='ltr'><strong>CONSTANTINOP.</strong></span> <span class='ocrx_word' id='word_1_477' title='bbox 3728 443 3801 498; x_wconf 75' lang='grc'><strong>16</strong></span> 
     </span>
    </p>
   </div>
   <div class='ocr_carea' id='block_1_61' title="bbox 2212 558 3803 633">
    <p class='ocr_par' dir='ltr' id='par_1_61' title="bbox 2212 558 3803 633">
     <span class='ocr_line' id='line_1_61' title="bbox 2212 558 3803 633; baseline -0.003 -14"><span class='ocrx_word' id='word_1_478' title='bbox 2212 565 2380 619; x_wconf 90' lang='lat' dir='ltr'><strong>rcctio</strong></span> <span class='ocrx_word' id='word_1_479' title='bbox 2411 574 2464 617; x_wconf 91' lang='lat' dir='ltr'><strong>ct</strong></span> <span class='ocrx_word' id='word_1_480' title='bbox 2489 565 2807 631; x_wconf 77' lang='lat' dir='ltr'><strong>assumptio,</strong></span> <span class='ocrx_word' id='word_1_481' title='bbox 2834 573 3001 618; x_wconf 90' lang='lat' dir='ltr'><strong>totum</strong></span> <span class='ocrx_word' id='word_1_482' title='bbox 3027 560 3218 633; x_wconf 87' lang='lat' dir='ltr'><strong>dogma</strong></span> <span class='ocrx_word' id='word_1_483' title='bbox 3241 559 3437 615; x_wconf 63' lang='lat' dir='ltr'><strong>indicis</strong></span> <span class='ocrx_word' id='word_1_484' title='bbox 3480 558 3803 615; x_wconf 83' lang='lat' dir='ltr'><strong>incredibile</strong></span> 
     </span>
    </p>
   </div>
   <div class='ocr_carea' id='block_1_62' title="bbox 2208 651 3800 724">
    <p class='ocr_par' dir='ltr' id='par_1_62' title="bbox 2208 651 3800 724">
     <span class='ocr_line' id='line_1_62' title="bbox 2208 651 3800 724; baseline -0.004 -14"><span class='ocrx_word' id='word_1_485' title='bbox 2208 657 2380 710; x_wconf 83' lang='lat' dir='ltr'><strong>visum</strong></span> <span class='ocrx_word' id='word_1_486' title='bbox 2409 654 2616 710; x_wconf 87' lang='lat' dir='ltr'><strong>fuisset.</strong></span> <span class='ocrx_word' id='word_1_487' title='bbox 2645 654 2984 724; x_wconf 86' lang='lat' dir='ltr'><strong>Quapropter</strong></span> <span class='ocrx_word' id='word_1_488' title='bbox 3008 654 3207 708; x_wconf 84' lang='lat' dir='ltr'><strong>sensim</strong></span> <span class='ocrx_word' id='word_1_489' title='bbox 3235 662 3289 707; x_wconf 91' lang='lat' dir='ltr'><strong>et</strong></span> <span class='ocrx_word' id='word_1_490' title='bbox 3326 651 3582 722; x_wconf 86' lang='lat' dir='ltr'><strong>paulatim</strong></span> <span class='ocrx_word' id='word_1_491' title='bbox 3610 665 3705 706; x_wconf 89' lang='lat' dir='ltr'><strong>eos</strong></span> <span class='ocrx_word' id='word_1_492' title='bbox 3726 655 3800 705; x_wconf 80' lang='lat' dir='ltr'><strong>ad</strong></span> 
     </span>
    </p>
   </div>
   <div class='ocr_carea' id='block_1_63' title="bbox 2206 745 3797 802">
    <p class='ocr_par' dir='ltr' id='par_1_63' title="bbox 2206 745 3797 802">
     <span class='ocr_line' id='line_1_63' title="bbox 2206 745 3797 802; baseline -0.003 -1"><span class='ocrx_word' id='word_1_493' title='bbox 2206 748 2514 802; x_wconf 89' lang='lat' dir='ltr'><strong>sublimiora</strong></span> <span class='ocrx_word' id='word_1_494' title='bbox 2563 747 2730 801; x_wconf 90' lang='lat' dir='ltr'><strong>ducit.</strong></span> <span class='ocrx_word' id='word_1_495' title='bbox 2760 745 2987 802; x_wconf 81' lang='lat' dir='ltr'><strong>Athenis</strong></span> <span class='ocrx_word' id='word_1_496' title='bbox 3016 760 3144 801; x_wconf 88' lang='lat' dir='ltr'><strong>vero</strong></span> <span class='ocrx_word' id='word_1_497' title='bbox 3199 746 3467 801; x_wconf 87' lang='lat' dir='ltr'><strong>hominem</strong></span> <span class='ocrx_word' id='word_1_498' title='bbox 3498 758 3621 799; x_wconf 82' lang='lat' dir='ltr'><strong>eum</strong></span> <span class='ocrx_word' id='word_1_499' title='bbox 3659 745 3797 799; x_wconf 73' lang='lat' dir='ltr'><strong>sitn-</strong></span> 
     </span>
    </p>
   </div>
   <div class='ocr_carea' id='block_1_64' title="bbox 2208 836 3799 910">
    <p class='ocr_par' dir='ltr' id='par_1_64' title="bbox 2208 836 3799 910">
     <span class='ocr_line' id='line_1_64' title="bbox 2208 836 3799 910; baseline -0.001 -16"><span class='ocrx_word' id='word_1_500' title='bbox 2208 841 2417 910; x_wconf 71' lang='lat' dir='ltr'><strong>pliciter</strong></span> <span class='ocrx_word' id='word_1_501' title='bbox 2447 850 2601 895; x_wconf 90' lang='lat' dir='ltr'><strong>vocat</strong></span> <span class='ocrx_word' id='word_1_502' title='bbox 2631 840 2849 904; x_wconf 85' lang='lat' dir='ltr'><strong>Paulus,</strong></span> <span class='ocrx_word' id='word_1_503' title='bbox 2882 838 3014 894; x_wconf 88' lang='lat' dir='ltr'><strong>nihil</strong></span> <span class='ocrx_word' id='word_1_504' title='bbox 3038 839 3271 908; x_wconf 87' lang='lat' dir='ltr'><strong>amplius</strong></span> <span class='ocrx_word' id='word_1_505' title='bbox 3298 838 3503 894; x_wconf 87' lang='lat' dir='ltr'><strong>addens</strong></span> <span class='ocrx_word' id='word_1_506' title='bbox 3531 836 3669 910; x_wconf 81' lang='lat' dir='ltr'><strong>(Act.</strong></span> <span class='ocrx_word' id='word_1_507' title='bbox 3702 838 3799 894; x_wconf 74' lang='lat' dir='ltr'><strong>i7.</strong></span> 
     </span>
    </p>
   </div>
   <div class='ocr_carea' id='block_1_65' title="bbox 2206 930 3803 1004">
    <p class='ocr_par' dir='ltr' id='par_1_65' title="bbox 2206 930 3803 1004">
     <span class='ocr_line' id='line_1_65' title="bbox 2206 930 3803 1004; baseline 0 -17"><span class='ocrx_word' id='word_1_508' title='bbox 2206 934 2297 1003; x_wconf 71' lang='lat'><strong>5|)</strong></span> <span class='ocrx_word' id='word_1_509' title='bbox 2322 951 2332 983; x_wconf 88' lang='lat'><strong>:</strong></span> <span class='ocrx_word' id='word_1_510' title='bbox 2356 942 2411 989; x_wconf 91' lang='lat' dir='ltr'><strong>et</strong></span> <span class='ocrx_word' id='word_1_511' title='bbox 2434 934 2557 1002; x_wconf 89' lang='lat' dir='ltr'><strong>jure</strong></span> <span class='ocrx_word' id='word_1_512' title='bbox 2582 934 2820 1004; x_wconf 86' lang='lat' dir='ltr'><strong>quidem.</strong></span> <span class='ocrx_word' id='word_1_513' title='bbox 2870 933 3081 989; x_wconf 85' lang='lat' dir='ltr'><strong>Etenim</strong></span> <span class='ocrx_word' id='word_1_514' title='bbox 3111 933 3154 987; x_wconf 92' lang='lat' dir='ltr'><strong>si</strong></span> <span class='ocrx_word' id='word_1_515' title='bbox 3202 933 3375 1001; x_wconf 91' lang='lat' dir='ltr'><strong>ipsum</strong></span> <span class='ocrx_word' id='word_1_516' title='bbox 3403 932 3695 995; x_wconf 87' lang='lat' dir='ltr'><strong>Christum,</strong></span> <span class='ocrx_word' id='word_1_517' title='bbox 3726 930 3803 987; x_wconf 77' lang='lat' dir='ltr'><strong>de</strong></span> 
     </span>
    </p>
   </div>
   <div class='ocr_carea' id='block_1_66' title="bbox 2205 1022 3797 1094">
    <p class='ocr_par' dir='ltr' id='par_1_66' title="bbox 2205 1022 3797 1094">
     <span class='ocr_line' id='line_1_66' title="bbox 2205 1022 3797 1094; baseline -0.002 -14"><span class='ocrx_word' id='word_1_518' title='bbox 2205 1041 2300 1080; x_wconf 86' lang='lat' dir='ltr'><strong>sua</strong></span> <span class='ocrx_word' id='word_1_519' title='bbox 2326 1041 2445 1080; x_wconf 91' lang='lat' dir='ltr'><strong>cum</strong></span> <span class='ocrx_word' id='word_1_520' title='bbox 2478 1025 2634 1080; x_wconf 87' lang='lat' dir='ltr'><strong>Patre</strong></span> <span class='ocrx_word' id='word_1_521' title='bbox 2678 1025 2983 1093; x_wconf 69' lang='lat' dir='ltr'><strong>aequalitate</strong></span> <span class='ocrx_word' id='word_1_522' title='bbox 3014 1024 3344 1094; x_wconf 87' lang='lat' dir='ltr'><strong>loquentem,</strong></span> <span class='ocrx_word' id='word_1_523' title='bbox 3374 1037 3519 1092; x_wconf 74' lang='lat' dir='ltr'><strong>szepe</strong></span> <span class='ocrx_word' id='word_1_524' title='bbox 3548 1022 3797 1091; x_wconf 86' lang='lat' dir='ltr'><strong>lapidare</strong></span> 
     </span>
    </p>
   </div>
   <div class='ocr_carea' id='block_1_67' title="bbox 2208 1112 3803 1185">
    <p class='ocr_par' dir='ltr' id='par_1_67' title="bbox 2208 1112 3803 1185">
     <span class='ocr_line' id='line_1_67' title="bbox 2208 1112 3803 1185; baseline -0.001 -16"><span class='ocrx_word' id='word_1_525' title='bbox 2208 1125 2482 1171; x_wconf 85' lang='lat' dir='ltr'><strong>tentarunt</strong></span> <span class='ocrx_word' id='word_1_526' title='bbox 2509 1116 2690 1185; x_wconf 86' lang='lat' dir='ltr'><strong>(Joan.</strong></span> <span class='ocrx_word' id='word_1_527' title='bbox 2724 1115 2780 1171; x_wconf 89' lang='lat'><strong>8.</strong></span> <span class='ocrx_word' id='word_1_528' title='bbox 2808 1115 2920 1184; x_wconf 88' lang='lat'><strong>59),</strong></span> <span class='ocrx_word' id='word_1_529' title='bbox 2954 1116 3236 1185; x_wconf 89' lang='lat' dir='ltr'><strong>ipsumque</strong></span> <span class='ocrx_word' id='word_1_530' title='bbox 3261 1112 3630 1181; x_wconf 87' lang='lat' dir='ltr'><strong>blasphemum</strong></span> <span class='ocrx_word' id='word_1_531' title='bbox 3669 1112 3803 1167; x_wconf 84' lang='lat' dir='ltr'><strong>ideo</strong></span> 
     </span>
    </p>
   </div>
   <div class='ocr_carea' id='block_1_68' title="bbox 2206 1205 3801 1283">
    <p class='ocr_par' dir='ltr' id='par_1_68' title="bbox 2206 1205 3801 1283">
     <span class='ocr_line' id='line_1_68' title="bbox 2206 1205 3801 1283; baseline 0 -23"><span class='ocrx_word' id='word_1_532' title='bbox 2206 1210 2589 1277; x_wconf 86' lang='lat' dir='ltr'><strong>vocarunt,vix</strong></span> <span class='ocrx_word' id='word_1_533' title='bbox 2613 1209 2758 1262; x_wconf 91' lang='lat' dir='ltr'><strong>illum</strong></span> <span class='ocrx_word' id='word_1_534' title='bbox 2785 1222 3087 1263; x_wconf 88' lang='lat' dir='ltr'><strong>sermonem</strong></span> <span class='ocrx_word' id='word_1_535' title='bbox 3116 1222 3144 1260; x_wconf 93' lang='lat' dir='ltr'><strong>a</strong></span> <span class='ocrx_word' id='word_1_536' title='bbox 3176 1206 3531 1275; x_wconf 63' lang='lat' dir='ltr'><strong>piscatoribus</strong></span> <span class='ocrx_word' id='word_1_537' title='bbox 3551 1205 3801 1283; x_wconf 84' lang='lat' dir='ltr'><strong>accepis-</strong></span> 
     </span>
    </p>
   </div>
   <div class='ocr_carea' id='block_1_69' title="bbox 2205 1296 3326 1369">
    <p class='ocr_par' dir='ltr' id='par_1_69' title="bbox 2205 1296 3326 1369">
     <span class='ocr_line' id='line_1_69' title="bbox 2205 1296 3326 1369; baseline -0.003 -16"><span class='ocrx_word' id='word_1_538' title='bbox 2205 1309 2343 1365; x_wconf 88' lang='lat' dir='ltr'><strong>sent,</strong></span> <span class='ocrx_word' id='word_1_539' title='bbox 2370 1314 2491 1353; x_wconf 92' lang='lat' dir='ltr'><strong>cmn</strong></span> <span class='ocrx_word' id='word_1_540' title='bbox 2530 1299 2760 1353; x_wconf 81' lang='lat' dir='ltr'><strong>maxime</strong></span> <span class='ocrx_word' id='word_1_541' title='bbox 2788 1312 2919 1352; x_wconf 82' lang='lat' dir='ltr'><strong>crux</strong></span> <span class='ocrx_word' id='word_1_542' title='bbox 2942 1296 3326 1369; x_wconf 65' lang='lat' dir='ltr'><strong>praecessisset.</strong></span> 
     </span>
    </p>
   </div>
   <div class='ocr_carea' id='block_1_70' title="bbox 2273 1386 3801 1459">
    <p class='ocr_par' dir='ltr' id='par_1_70' title="bbox 2273 1386 3801 1459">
     <span class='ocr_line' id='line_1_70' title="bbox 2273 1386 3801 1459; baseline -0.001 -18"><span class='ocrx_word' id='word_1_543' title='bbox 2273 1389 2324 1441; x_wconf 75' lang='grc'><strong>2.</strong></span> <span class='ocrx_word' id='word_1_544' title='bbox 2370 1389 2436 1442; x_wconf 84' lang='lat' dir='ltr'><strong>Et</strong></span> <span class='ocrx_word' id='word_1_545' title='bbox 2475 1388 2601 1459; x_wconf 90' lang='lat' dir='ltr'><strong>quid</strong></span> <span class='ocrx_word' id='word_1_546' title='bbox 2626 1389 2692 1444; x_wconf 91' lang='lat' dir='ltr'><strong>de</strong></span> <span class='ocrx_word' id='word_1_547' title='bbox 2726 1388 2927 1443; x_wconf 71' lang='lat' dir='ltr'><strong>Judaeis</strong></span> <span class='ocrx_word' id='word_1_548' title='bbox 2962 1390 3170 1459; x_wconf 90' lang='lat' dir='ltr'><strong>loquar,</strong></span> <span class='ocrx_word' id='word_1_549' title='bbox 3197 1386 3411 1457; x_wconf 86' lang='lat' dir='ltr'><strong>quando</strong></span> <span class='ocrx_word' id='word_1_550' title='bbox 3438 1388 3538 1458; x_wconf 90' lang='lat' dir='ltr'><strong>ipsi</strong></span> <span class='ocrx_word' id='word_1_551' title='bbox 3580 1402 3801 1457; x_wconf 80' lang='lat' dir='ltr'><strong>quoque</strong></span> 
     </span>
    </p>
   </div>
   <div class='ocr_carea' id='block_1_71' title="bbox 2202 1478 3802 1550">
    <p class='ocr_par' dir='ltr' id='par_1_71' title="bbox 2202 1478 3802 1550">
     <span class='ocr_line' id='line_1_71' title="bbox 2202 1478 3802 1550; baseline -0.001 -18"><span class='ocrx_word' id='word_1_552' title='bbox 2202 1478 2484 1550; x_wconf 90' lang='lat' dir='ltr'><strong>discipuli,</strong></span> <span class='ocrx_word' id='word_1_553' title='bbox 2520 1494 2643 1534; x_wconf 91' lang='lat' dir='ltr'><strong>cum</strong></span> <span class='ocrx_word' id='word_1_554' title='bbox 2692 1479 3000 1535; x_wconf 88' lang='lat' dir='ltr'><strong>sublimiora</strong></span> <span class='ocrx_word' id='word_1_555' title='bbox 3046 1478 3295 1533; x_wconf 89' lang='lat' dir='ltr'><strong>audirent</strong></span> <span class='ocrx_word' id='word_1_556' title='bbox 3339 1478 3611 1548; x_wconf 79' lang='lat' dir='ltr'><strong>dogmata,</strong></span> <span class='ocrx_word' id='word_1_557' title='bbox 3648 1493 3802 1547; x_wconf 57' lang='lat' dir='ltr'><strong>saepe</strong></span> 
     </span>
    </p>
   </div>
   <div class='ocr_carea' id='block_1_72' title="bbox 2205 1558 3801 1627">
    <p class='ocr_par' dir='ltr' id='par_1_72' title="bbox 2205 1558 3801 1627">
     <span class='ocr_line' id='line_1_72' title="bbox 2205 1558 3801 1627; baseline -0.001 -4"><span class='ocrx_word' id='word_1_558' title='bbox 2205 1558 2397 1625; x_wconf 78' lang='lat' dir='ltr'><strong>turbati</strong></span> <span class='ocrx_word' id='word_1_559' title='bbox 2427 1580 2481 1625; x_wconf 91' lang='lat' dir='ltr'><strong>et</strong></span> <span class='ocrx_word' id='word_1_560' title='bbox 2519 1570 2708 1627; x_wconf 71' lang='lat' dir='ltr'><strong>offensi</strong></span> <span class='ocrx_word' id='word_1_561' title='bbox 2756 1572 2929 1627; x_wconf 86' lang='lat' dir='ltr'><strong>sunt?</strong></span> <span class='ocrx_word' id='word_1_562' title='bbox 2969 1570 3098 1626; x_wconf 83' lang='lat' dir='ltr'><strong>Ideo</strong></span> <span class='ocrx_word' id='word_1_563' title='bbox 3142 1570 3392 1625; x_wconf 84' lang='lat' dir='ltr'><strong>dicebat:</strong></span> <span class='ocrx_word' id='word_1_564' title='bbox 3424 1569 3591 1622; x_wconf 77' lang='lat' dir='ltr'><strong>Multa</strong></span> <span class='ocrx_word' id='word_1_565' title='bbox 3635 1570 3801 1623; x_wconf 79' lang='lat' dir='ltr'><strong>habeo</strong></span> 
     </span>
    </p>
   </div>
   <div class='ocr_carea' id='block_1_73' title="bbox 2203 1660 3795 1731">
    <p class='ocr_par' dir='ltr' id='par_1_73' title="bbox 2203 1660 3795 1731">
     <span class='ocr_line' id='line_1_73' title="bbox 2203 1660 3795 1731; baseline 0.001 -17"><span class='ocrx_word' id='word_1_566' title='bbox 2203 1661 2339 1714; x_wconf 85' lang='lat' dir='ltr'><strong>vobis</strong></span> <span class='ocrx_word' id='word_1_567' title='bbox 2379 1662 2560 1727; x_wconf 84' lang='lat' dir='ltr'><strong>dicere,</strong></span> <span class='ocrx_word' id='word_1_568' title='bbox 2586 1661 2674 1715; x_wconf 83' lang='lat' dir='ltr'><strong>sed</strong></span> <span class='ocrx_word' id='word_1_569' title='bbox 2699 1678 2800 1715; x_wconf 86' lang='lat' dir='ltr'><strong>non</strong></span> <span class='ocrx_word' id='word_1_570' title='bbox 2841 1663 3045 1731; x_wconf 84' lang='lat' dir='ltr'><strong>potestis</strong></span> <span class='ocrx_word' id='word_1_571' title='bbox 3073 1672 3277 1731; x_wconf 85' lang='lat' dir='ltr'><strong>portare</strong></span> <span class='ocrx_word' id='word_1_572' title='bbox 3313 1662 3461 1715; x_wconf 85' lang='lat' dir='ltr'><strong>modo</strong></span> <span class='ocrx_word' id='word_1_573' title='bbox 3491 1660 3507 1717; x_wconf 91' lang='lat'><strong><em>(</em></strong></span> <span class='ocrx_word' id='word_1_574' title='bbox 3530 1680 3531 1683; x_wconf 67' lang='lat'>‘</span> <span class='ocrx_word' id='word_1_575' title='bbox 3551 1679 3668 1714; x_wconf 82' lang='grc' dir='ltr'>υίιιι.</span> <span class='ocrx_word' id='word_1_576' title='bbox 3700 1662 3795 1715; x_wconf 84' lang='grc'><strong>16.</strong></span> 
     </span>
    </p>
   </div>
   <div class='ocr_carea' id='block_1_74' title="bbox 2204 1753 3800 1825">
    <p class='ocr_par' dir='ltr' id='par_1_74' title="bbox 2204 1753 3800 1825">
     <span class='ocr_line' id='line_1_74' title="bbox 2204 1753 3800 1825; baseline 0 -16"><span class='ocrx_word' id='word_1_577' title='bbox 2204 1753 2315 1825; x_wconf 70' lang='grc'><strong>12).</strong></span> <span class='ocrx_word' id='word_1_578' title='bbox 2337 1754 2392 1808; x_wconf 95' lang='lat' dir='ltr'><strong>Si</strong></span> <span class='ocrx_word' id='word_1_579' title='bbox 2426 1755 2500 1807; x_wconf 89' lang='lat' dir='ltr'><strong>illi</strong></span> <span class='ocrx_word' id='word_1_580' title='bbox 2530 1770 2636 1809; x_wconf 90' lang='lat' dir='ltr'><strong>non</strong></span> <span class='ocrx_word' id='word_1_581' title='bbox 2672 1764 2938 1824; x_wconf 86' lang='lat' dir='ltr'><strong>poterant,</strong></span> <span class='ocrx_word' id='word_1_582' title='bbox 2962 1755 3052 1825; x_wconf 89' lang='lat' dir='ltr'><strong>qui</strong></span> <span class='ocrx_word' id='word_1_583' title='bbox 3082 1764 3228 1809; x_wconf 89' lang='lat' dir='ltr'><strong>tanto</strong></span> <span class='ocrx_word' id='word_1_584' title='bbox 3258 1763 3499 1824; x_wconf 87' lang='lat' dir='ltr'><strong>tempore</strong></span> <span class='ocrx_word' id='word_1_585' title='bbox 3524 1772 3645 1809; x_wconf 70' lang='lat' dir='ltr'><strong>cum</strong></span> <span class='ocrx_word' id='word_1_586' title='bbox 3674 1753 3800 1824; x_wconf 88' lang='lat' dir='ltr'><strong>ipso</strong></span> 
     </span>
    </p>
   </div>
   <div class='ocr_carea' id='block_1_75' title="bbox 2204 1845 3796 1915">
    <p class='ocr_par' dir='ltr' id='par_1_75' title="bbox 2204 1845 3796 1915">
     <span class='ocr_line' id='line_1_75' title="bbox 2204 1845 3796 1915; baseline 0.001 -16"><span class='ocrx_word' id='word_1_587' title='bbox 2204 1854 2375 1908; x_wconf 91' lang='lat' dir='ltr'><strong>erant,</strong></span> <span class='ocrx_word' id='word_1_588' title='bbox 2406 1845 2495 1913; x_wconf 90' lang='lat' dir='ltr'><strong>qui</strong></span> <span class='ocrx_word' id='word_1_589' title='bbox 2538 1854 2616 1899; x_wconf 90' lang='lat' dir='ltr'><strong>tot</strong></span> <span class='ocrx_word' id='word_1_590' title='bbox 2656 1860 2974 1900; x_wconf 90' lang='lat' dir='ltr'><strong>arcanorum</strong></span> <span class='ocrx_word' id='word_1_591' title='bbox 3001 1854 3280 1901; x_wconf 90' lang='lat' dir='ltr'><strong>consortes</strong></span> <span class='ocrx_word' id='word_1_592' title='bbox 3306 1855 3480 1915; x_wconf 90' lang='lat' dir='ltr'><strong>erant,</strong></span> <span class='ocrx_word' id='word_1_593' title='bbox 3510 1856 3563 1902; x_wconf 91' lang='lat' dir='ltr'><strong>et</strong></span> <span class='ocrx_word' id='word_1_594' title='bbox 3593 1856 3671 1901; x_wconf 89' lang='lat' dir='ltr'><strong>tot</strong></span> <span class='ocrx_word' id='word_1_595' title='bbox 3705 1847 3796 1900; x_wconf 78' lang='lat' dir='ltr'><strong>vi-</strong></span> 
     </span>
    </p>
   </div>
   <div class='ocr_carea' id='block_1_76' title="bbox 2202 1936 3800 2006">
    <p class='ocr_par' dir='ltr' id='par_1_76' title="bbox 2202 1936 3800 2006">
     <span class='ocr_line' id='line_1_76' title="bbox 2202 1936 3800 2006; baseline 0.003 -17"><span class='ocrx_word' id='word_1_596' title='bbox 2202 1936 2392 1990; x_wconf 88' lang='lat' dir='ltr'><strong>derant</strong></span> <span class='ocrx_word' id='word_1_597' title='bbox 2417 1936 2670 1989; x_wconf 89' lang='lat' dir='ltr'><strong>miracula</strong></span> <span class='ocrx_word' id='word_1_598' title='bbox 2698 1954 2711 1990; x_wconf 90' lang='lat'>:</span> <span class='ocrx_word' id='word_1_599' title='bbox 2744 1937 3015 2006; x_wconf 90' lang='lat' dir='ltr'><strong>quomodo</strong></span> <span class='ocrx_word' id='word_1_600' title='bbox 3039 1936 3286 1992; x_wconf 89' lang='lat' dir='ltr'><strong>homines</strong></span> <span class='ocrx_word' id='word_1_601' title='bbox 3312 1952 3501 1994; x_wconf 89' lang='lat' dir='ltr'><strong>recens</strong></span> <span class='ocrx_word' id='word_1_602' title='bbox 3526 1938 3693 1993; x_wconf 85' lang='lat' dir='ltr'><strong>avulsi</strong></span> <span class='ocrx_word' id='word_1_603' title='bbox 3724 1939 3800 1994; x_wconf 84' lang='lat' dir='ltr'><strong>ab</strong></span> 
     </span>
    </p>
   </div>
   <div class='ocr_carea' id='block_1_77' title="bbox 2200 2025 3800 2095">
    <p class='ocr_par' dir='ltr' id='par_1_77' title="bbox 2200 2025 3800 2095">
     <span class='ocr_line' id='line_1_77' title="bbox 2200 2025 3800 2095; baseline 0.003 -16"><span class='ocrx_word' id='word_1_604' title='bbox 2200 2026 2329 2091; x_wconf 85' lang='lat' dir='ltr'><strong>aris,</strong></span> <span class='ocrx_word' id='word_1_605' title='bbox 2368 2025 2436 2080; x_wconf 89' lang='lat' dir='ltr'><strong>ab</strong></span> <span class='ocrx_word' id='word_1_606' title='bbox 2475 2025 2657 2091; x_wconf 90' lang='lat' dir='ltr'><strong>idolis,</strong></span> <span class='ocrx_word' id='word_1_607' title='bbox 2684 2042 2715 2080; x_wconf 89' lang='lat' dir='ltr'><strong>a</strong></span> <span class='ocrx_word' id='word_1_608' title='bbox 2763 2027 3063 2093; x_wconf 86' lang='lat' dir='ltr'><strong>sacrificiis,</strong></span> <span class='ocrx_word' id='word_1_609' title='bbox 3094 2043 3125 2080; x_wconf 91' lang='lat' dir='ltr'><strong>a</strong></span> <span class='ocrx_word' id='word_1_610' title='bbox 3174 2027 3386 2095; x_wconf 81' lang='lat' dir='ltr'><strong>felibus,</strong></span> <span class='ocrx_word' id='word_1_611' title='bbox 3432 2045 3463 2082; x_wconf 93' lang='lat' dir='ltr'><strong>a</strong></span> <span class='ocrx_word' id='word_1_612' title='bbox 3507 2028 3800 2083; x_wconf 82' lang='lat' dir='ltr'><strong>croeodilis</strong></span> 
     </span>
    </p>
   </div>
   <div class='ocr_carea' id='block_1_78' title="bbox 2206 2116 3801 2189">
    <p class='ocr_par' dir='ltr' id='par_1_78' title="bbox 2206 2116 3801 2189">
     <span class='ocr_line' id='line_1_78' title="bbox 2206 2116 3801 2189; baseline 0.003 -20"><span class='ocrx_word' id='word_1_613' title='bbox 2206 2116 2327 2186; x_wconf 90' lang='lat' dir='ltr'><strong>(hic</strong></span> <span class='ocrx_word' id='word_1_614' title='bbox 2347 2117 2487 2171; x_wconf 88' lang='lat' dir='ltr'><strong>enim</strong></span> <span class='ocrx_word' id='word_1_615' title='bbox 2511 2126 2631 2172; x_wconf 90' lang='lat' dir='ltr'><strong>erat</strong></span> <span class='ocrx_word' id='word_1_616' title='bbox 2657 2118 2937 2188; x_wconf 87' lang='lat' dir='ltr'><strong>gentilium</strong></span> <span class='ocrx_word' id='word_1_617' title='bbox 2967 2117 3212 2189; x_wconf 88' lang='lat' dir='ltr'><strong>cultus);</strong></span> <span class='ocrx_word' id='word_1_618' title='bbox 3242 2120 3382 2189; x_wconf 92' lang='lat' dir='ltr'><strong>quia</strong></span> <span class='ocrx_word' id='word_1_619' title='bbox 3406 2120 3617 2173; x_wconf 70' lang='lat' dir='ltr'><strong>cazteris</strong></span> <span class='ocrx_word' id='word_1_620' title='bbox 3639 2119 3801 2173; x_wconf 90' lang='lat' dir='ltr'><strong>malis</strong></span> 
     </span>
    </p>
   </div>
   <div class='ocr_carea' id='block_1_79' title="bbox 2205 2192 3801 2280">
    <p class='ocr_par' dir='ltr' id='par_1_79' title="bbox 2205 2192 3801 2280">
     <span class='ocr_line' id='line_1_79' title="bbox 2205 2192 3801 2280; baseline 0.001 -19"><span class='ocrx_word' id='word_1_621' title='bbox 2205 2192 2331 2262; x_wconf 79' lang='lat' dir='ltr'><strong>tunc</strong></span> <span class='ocrx_word' id='word_1_622' title='bbox 2376 2210 2602 2277; x_wconf 90' lang='lat' dir='ltr'><strong>primum</strong></span> <span class='ocrx_word' id='word_1_623' title='bbox 2646 2207 2860 2264; x_wconf 89' lang='lat' dir='ltr'><strong>abducti</strong></span> <span class='ocrx_word' id='word_1_624' title='bbox 2908 2209 3136 2276; x_wconf 89' lang='lat' dir='ltr'><strong>fuerant,</strong></span> <span class='ocrx_word' id='word_1_625' title='bbox 3169 2210 3415 2264; x_wconf 87' lang='lat' dir='ltr'><strong>sublimia</strong></span> <span class='ocrx_word' id='word_1_626' title='bbox 3444 2210 3624 2264; x_wconf 90' lang='lat' dir='ltr'><strong>statim</strong></span> <span class='ocrx_word' id='word_1_627' title='bbox 3662 2209 3801 2280; x_wconf 84' lang='lat' dir='ltr'><strong>dog-</strong></span> 
     </span>
    </p>
   </div>
   <div class='ocr_carea' id='block_1_80' title="bbox 2202 2300 3799 2371">
    <p class='ocr_par' dir='ltr' id='par_1_80' title="bbox 2202 2300 3799 2371">
     <span class='ocr_line' id='line_1_80' title="bbox 2202 2300 3799 2371; baseline 0.003 -18"><span class='ocrx_word' id='word_1_628' title='bbox 2202 2310 2403 2354; x_wconf 89' lang='lat' dir='ltr'><strong>matum</strong></span> <span class='ocrx_word' id='word_1_629' title='bbox 2428 2301 2587 2355; x_wconf 86' lang='lat' dir='ltr'><strong>verba</strong></span> <span class='ocrx_word' id='word_1_630' title='bbox 2611 2302 2989 2371; x_wconf 85' lang='lat' dir='ltr'><strong>accepissent?</strong></span> <span class='ocrx_word' id='word_1_631' title='bbox 3017 2301 3285 2371; x_wconf 90' lang='lat' dir='ltr'><strong>quomodo</strong></span> <span class='ocrx_word' id='word_1_632' title='bbox 3307 2303 3471 2356; x_wconf 88' lang='lat' dir='ltr'><strong>etiam</strong></span> <span class='ocrx_word' id='word_1_633' title='bbox 3499 2300 3686 2360; x_wconf 66' lang='lat' dir='ltr'><strong>Judaei.</strong></span> <span class='ocrx_word' id='word_1_634' title='bbox 3702 2302 3799 2367; x_wconf 88' lang='lat' dir='ltr'><strong>qui</strong></span> 
     </span>
    </p>
   </div>
   <div class='ocr_carea' id='block_1_81' title="bbox 2199 2393 3791 2463">
    <p class='ocr_par' dir='ltr' id='par_1_81' title="bbox 2199 2393 3791 2463">
     <span class='ocr_line' id='line_1_81' title="bbox 2199 2393 3791 2463; baseline 0.004 -18"><span class='ocrx_word' id='word_1_635' title='bbox 2199 2394 2439 2462; x_wconf 87' lang='lat' dir='ltr'><strong>quotidie</strong></span> <span class='ocrx_word' id='word_1_636' title='bbox 2470 2394 2747 2448; x_wconf 86' lang='lat' dir='ltr'><strong>discebant</strong></span> <span class='ocrx_word' id='word_1_637' title='bbox 2794 2402 2849 2447; x_wconf 89' lang='lat' dir='ltr'><strong>et</strong></span> <span class='ocrx_word' id='word_1_638' title='bbox 2908 2393 3324 2448; x_wconf 87' lang='lat' dir='ltr'><strong>instituebantur</strong></span> <span class='ocrx_word' id='word_1_639' title='bbox 3368 2408 3399 2446; x_wconf 92' lang='lat' dir='ltr'><strong>a</strong></span> <span class='ocrx_word' id='word_1_640' title='bbox 3444 2393 3559 2463; x_wconf 82' lang='lat' dir='ltr'><strong>lege</strong></span> <span class='ocrx_word' id='word_1_641' title='bbox 3590 2410 3604 2446; x_wconf 90' lang='lat'><strong><em>:</em></strong></span> <span class='ocrx_word' id='word_1_642' title='bbox 3632 2396 3791 2459; x_wconf 75' lang='lat' dir='ltr'><strong>Audi,</strong></span> 
     </span>
    </p>
   </div>
   <div class='ocr_carea' id='block_1_82' title="bbox 2202 2481 3800 2551">
    <p class='ocr_par' dir='ltr' id='par_1_82' title="bbox 2202 2481 3800 2551">
     <span class='ocr_line' id='line_1_82' title="bbox 2202 2481 3800 2551; baseline 0 -16"><span class='ocrx_word' id='word_1_643' title='bbox 2202 2482 2388 2548; x_wconf 86' lang='lat' dir='ltr'><strong>Israel,</strong></span> <span class='ocrx_word' id='word_1_644' title='bbox 2418 2482 2664 2536; x_wconf 83' lang='lat' dir='ltr'><strong>Dominus</strong></span> <span class='ocrx_word' id='word_1_645' title='bbox 2685 2481 2826 2536; x_wconf 85' lang='lat' dir='ltr'><strong>Dens</strong></span> <span class='ocrx_word' id='word_1_646' title='bbox 2850 2493 2985 2547; x_wconf 85' lang='lat' dir='ltr'><strong>tuus,</strong></span> <span class='ocrx_word' id='word_1_647' title='bbox 3006 2482 3257 2537; x_wconf 84' lang='lat' dir='ltr'><strong>Dominus</strong></span> <span class='ocrx_word' id='word_1_648' title='bbox 3279 2499 3409 2538; x_wconf 85' lang='lat' dir='ltr'><strong>unus</strong></span> <span class='ocrx_word' id='word_1_649' title='bbox 3430 2492 3522 2550; x_wconf 86' lang='lat' dir='ltr'><strong>est,</strong></span> <span class='ocrx_word' id='word_1_650' title='bbox 3544 2492 3588 2535; x_wconf 89' lang='lat' dir='ltr'><strong>et</strong></span> <span class='ocrx_word' id='word_1_651' title='bbox 3609 2494 3800 2551; x_wconf 67' lang='lat' dir='ltr'><strong>praeter</strong></span> 
     </span>
    </p>
   </div>
   <div class='ocr_carea' id='block_1_83' title="bbox 2197 2575 3798 2646">
    <p class='ocr_par' dir='ltr' id='par_1_83' title="bbox 2197 2575 3798 2646">
     <span class='ocr_line' id='line_1_83' title="bbox 2197 2575 3798 2646; baseline 0.002 -19"><span class='ocrx_word' id='word_1_652' title='bbox 2197 2593 2313 2627; x_wconf 85' lang='lat' dir='ltr'><strong>eum</strong></span> <span class='ocrx_word' id='word_1_653' title='bbox 2354 2592 2455 2628; x_wconf 85' lang='lat' dir='ltr'><strong>non</strong></span> <span class='ocrx_word' id='word_1_654' title='bbox 2494 2585 2567 2629; x_wconf 86' lang='lat' dir='ltr'><strong>est</strong></span> <span class='ocrx_word' id='word_1_655' title='bbox 2604 2577 2736 2630; x_wconf 86' lang='lat' dir='ltr'><strong>alius</strong></span> <span class='ocrx_word' id='word_1_656' title='bbox 2776 2575 2951 2646; x_wconf 79' lang='lat' dir='ltr'><strong>(Deut.</strong></span> <span class='ocrx_word' id='word_1_657' title='bbox 2984 2576 3038 2631; x_wconf 82' lang='grc' dir='ltr'><strong>ϐ.</strong></span> <span class='ocrx_word' id='word_1_658' title='bbox 3067 2577 3161 2645; x_wconf 71' lang='grc'><strong>4);</strong></span> <span class='ocrx_word' id='word_1_659' title='bbox 3203 2575 3294 2645; x_wconf 91' lang='lat' dir='ltr'><strong>qui</strong></span> <span class='ocrx_word' id='word_1_660' title='bbox 3334 2577 3506 2646; x_wconf 89' lang='lat' dir='ltr'><strong>ipsum</strong></span> <span class='ocrx_word' id='word_1_661' title='bbox 3548 2576 3798 2631; x_wconf 79' lang='lat' dir='ltr'><strong>viderant</strong></span> 
     </span>
    </p>
   </div>
   <div class='ocr_carea' id='block_1_84' title="bbox 2200 2665 3792 2737">
    <p class='ocr_par' dir='ltr' id='par_1_84' title="bbox 2200 2665 3792 2737">
     <span class='ocr_line' id='line_1_84' title="bbox 2200 2665 3792 2737; baseline 0.001 -18"><span class='ocrx_word' id='word_1_662' title='bbox 2200 2666 2346 2719; x_wconf 88' lang='lat' dir='ltr'><strong>cruci</strong></span> <span class='ocrx_word' id='word_1_663' title='bbox 2373 2665 2590 2720; x_wconf 87' lang='lat' dir='ltr'><strong>aflixum</strong></span> <span class='ocrx_word' id='word_1_664' title='bbox 2621 2683 2635 2731; x_wconf 90' lang='lat'><strong>;</strong></span> <span class='ocrx_word' id='word_1_665' title='bbox 2689 2666 2796 2720; x_wconf 90' lang='lat' dir='ltr'><strong>imo</strong></span> <span class='ocrx_word' id='word_1_666' title='bbox 2822 2668 2912 2737; x_wconf 92' lang='lat' dir='ltr'><strong>qui</strong></span> <span class='ocrx_word' id='word_1_667' title='bbox 2943 2666 3325 2722; x_wconf 78' lang='lat' dir='ltr'><strong>cruciﬁxerant</strong></span> <span class='ocrx_word' id='word_1_668' title='bbox 3349 2678 3404 2723; x_wconf 93' lang='lat' dir='ltr'><strong>ct</strong></span> <span class='ocrx_word' id='word_1_669' title='bbox 3441 2668 3792 2737; x_wconf 90' lang='lat' dir='ltr'><strong>scpelierant,</strong></span> 
     </span>
    </p>
   </div>
   <div class='ocr_carea' id='block_1_85' title="bbox 2203 2757 3795 2827">
    <p class='ocr_par' dir='ltr' id='par_1_85' title="bbox 2203 2757 3795 2827">
     <span class='ocr_line' id='line_1_85' title="bbox 2203 2757 3795 2827; baseline 0 -16"><span class='ocrx_word' id='word_1_670' title='bbox 2203 2772 2375 2827; x_wconf 89' lang='lat' dir='ltr'><strong>neque</strong></span> <span class='ocrx_word' id='word_1_671' title='bbox 2398 2757 2571 2827; x_wconf 92' lang='lat' dir='ltr'><strong>ipsum</strong></span> <span class='ocrx_word' id='word_1_672' title='bbox 2613 2759 2988 2813; x_wconf 86' lang='lat' dir='ltr'><strong>resuscitatum</strong></span> <span class='ocrx_word' id='word_1_673' title='bbox 3019 2758 3282 2825; x_wconf 87' lang='lat' dir='ltr'><strong>viderant,</strong></span> <span class='ocrx_word' id='word_1_674' title='bbox 3311 2759 3591 2814; x_wconf 86' lang='lat' dir='ltr'><strong>audientes</strong></span> <span class='ocrx_word' id='word_1_675' title='bbox 3635 2773 3795 2813; x_wconf 88' lang='lat' dir='ltr'><strong>eum-</strong></span> 
     </span>
    </p>
   </div>
   <div class='ocr_carea' id='block_1_86' title="bbox 2201 2848 3797 2921">
    <p class='ocr_par' dir='ltr' id='par_1_86' title="bbox 2201 2848 3797 2921">
     <span class='ocr_line' id='line_1_86' title="bbox 2201 2848 3797 2921; baseline 0.002 -17"><span class='ocrx_word' id='word_1_676' title='bbox 2201 2848 2321 2904; x_wconf 90' lang='lat' dir='ltr'><strong>dem</strong></span> <span class='ocrx_word' id='word_1_677' title='bbox 2353 2851 2525 2915; x_wconf 92' lang='lat' dir='ltr'><strong>ipsum</strong></span> <span class='ocrx_word' id='word_1_678' title='bbox 2548 2865 2669 2905; x_wconf 90' lang='lat' dir='ltr'><strong>esse</strong></span> <span class='ocrx_word' id='word_1_679' title='bbox 2695 2851 2862 2906; x_wconf 90' lang='lat' dir='ltr'><strong>Deum</strong></span> <span class='ocrx_word' id='word_1_680' title='bbox 2890 2860 2943 2906; x_wconf 91' lang='lat' dir='ltr'><strong>et</strong></span> <span class='ocrx_word' id='word_1_681' title='bbox 2971 2851 3110 2905; x_wconf 87' lang='lat' dir='ltr'><strong>Patri</strong></span> <span class='ocrx_word' id='word_1_682' title='bbox 3134 2852 3416 2921; x_wconf 73' lang='lat' dir='ltr'><strong>mqualem,</strong></span> <span class='ocrx_word' id='word_1_683' title='bbox 3438 2867 3543 2905; x_wconf 88' lang='lat' dir='ltr'><strong>non</strong></span> <span class='ocrx_word' id='word_1_684' title='bbox 3572 2852 3797 2907; x_wconf 87' lang='lat' dir='ltr'><strong>omnino</strong></span> 
     </span>
    </p>
   </div>
   <div class='ocr_carea' id='block_1_87' title="bbox 2202 2942 3795 3014">
    <p class='ocr_par' dir='ltr' id='par_1_87' title="bbox 2202 2942 3795 3014">
     <span class='ocr_line' id='line_1_87' title="bbox 2202 2942 3795 3014; baseline 0.001 -17"><span class='ocrx_word' id='word_1_685' title='bbox 2202 2942 2521 3004; x_wconf 87' lang='lat' dir='ltr'><strong>resiliissent</strong></span> <span class='ocrx_word' id='word_1_686' title='bbox 2549 2958 2611 2997; x_wconf 90' lang='lat' dir='ltr'><strong>ac</strong></span> <span class='ocrx_word' id='word_1_687' title='bbox 2641 2944 3026 3009; x_wconf 82' lang='lat' dir='ltr'><strong>recessissent?</strong></span> <span class='ocrx_word' id='word_1_688' title='bbox 3054 2944 3283 3014; x_wconf 89' lang='lat' dir='ltr'><strong>ideoque</strong></span> <span class='ocrx_word' id='word_1_689' title='bbox 3309 2944 3561 3014; x_wconf 85' lang='lat' dir='ltr'><strong>paulatim</strong></span> <span class='ocrx_word' id='word_1_690' title='bbox 3587 2952 3641 2999; x_wconf 91' lang='lat' dir='ltr'><strong>et</strong></span> <span class='ocrx_word' id='word_1_691' title='bbox 3662 2958 3795 2998; x_wconf 90' lang='lat' dir='ltr'><strong>sen-</strong></span> 
     </span>
    </p>
   </div>
   <div class='ocr_carea' id='block_1_88' title="bbox 2200 3034 3797 3105">
    <p class='ocr_par' dir='ltr' id='par_1_88' title="bbox 2200 3034 3797 3105">
     <span class='ocr_line' id='line_1_88' title="bbox 2200 3034 3797 3105; baseline -0.001 -16"><span class='ocrx_word' id='word_1_692' title='bbox 2200 3034 2303 3091; x_wconf 90' lang='lat' dir='ltr'><strong>sim</strong></span> <span class='ocrx_word' id='word_1_693' title='bbox 2335 3034 2453 3090; x_wconf 91' lang='lat' dir='ltr'><strong>illos</strong></span> <span class='ocrx_word' id='word_1_694' title='bbox 2481 3036 2547 3090; x_wconf 88' lang='lat' dir='ltr'><strong>ad</strong></span> <span class='ocrx_word' id='word_1_695' title='bbox 2580 3035 2783 3099; x_wconf 78' lang='lat' dir='ltr'><strong>maiora</strong></span> <span class='ocrx_word' id='word_1_696' title='bbox 2810 3036 3034 3101; x_wconf 91' lang='lat' dir='ltr'><strong>ducunt,</strong></span> <span class='ocrx_word' id='word_1_697' title='bbox 3068 3044 3119 3091; x_wconf 92' lang='lat' dir='ltr'><strong>ct</strong></span> <span class='ocrx_word' id='word_1_698' title='bbox 3148 3050 3269 3091; x_wconf 86' lang='lat' dir='ltr'><strong>sese</strong></span> <span class='ocrx_word' id='word_1_699' title='bbox 3294 3035 3521 3089; x_wconf 89' lang='lat' dir='ltr'><strong>multum</strong></span> <span class='ocrx_word' id='word_1_700' title='bbox 3552 3034 3681 3105; x_wconf 88' lang='lat' dir='ltr'><strong>ipsis</strong></span> <span class='ocrx_word' id='word_1_701' title='bbox 3710 3044 3797 3088; x_wconf 77' lang='lat' dir='ltr'><strong>at-</strong></span> 
     </span>
    </p>
   </div>
   <div class='ocr_carea' id='block_1_89' title="bbox 2204 3127 3799 3205">
    <p class='ocr_par' dir='ltr' id='par_1_89' title="bbox 2204 3127 3799 3205">
     <span class='ocr_line' id='line_1_89' title="bbox 2204 3127 3799 3205; baseline 0.004 -24"><span class='ocrx_word' id='word_1_702' title='bbox 2204 3135 2525 3195; x_wconf 89' lang='lat' dir='ltr'><strong>temperant.</strong></span> <span class='ocrx_word' id='word_1_703' title='bbox 2553 3127 2816 3183; x_wconf 89' lang='lat' dir='ltr'><strong>Uberiore</strong></span> <span class='ocrx_word' id='word_1_704' title='bbox 2840 3144 2969 3184; x_wconf 90' lang='lat' dir='ltr'><strong>vero</strong></span> <span class='ocrx_word' id='word_1_705' title='bbox 2988 3128 3221 3198; x_wconf 85' lang='lat' dir='ltr'><strong>Spiritus</strong></span> <span class='ocrx_word' id='word_1_706' title='bbox 3247 3128 3417 3201; x_wconf 91' lang='lat' dir='ltr'><strong>gratia</strong></span> <span class='ocrx_word' id='word_1_707' title='bbox 3444 3128 3711 3205; x_wconf 87' lang='lat' dir='ltr'><strong>fruuntur,</strong></span> <span class='ocrx_word' id='word_1_708' title='bbox 3737 3137 3799 3188; x_wconf 73' lang='lat' dir='ltr'><strong>et</strong></span> 
     </span>
    </p>
   </div>
   <div class='ocr_carea' id='block_1_90' title="bbox 2204 3218 3799 3289">
    <p class='ocr_par' dir='ltr' id='par_1_90' title="bbox 2204 3218 3799 3289">
     <span class='ocr_line' id='line_1_90' title="bbox 2204 3218 3799 3289; baseline 0 -16"><span class='ocrx_word' id='word_1_709' title='bbox 2204 3218 2430 3283; x_wconf 84' lang='lat' dir='ltr'><strong>majora,</strong></span> <span class='ocrx_word' id='word_1_710' title='bbox 2472 3233 2636 3288; x_wconf 89' lang='lat' dir='ltr'><strong>quam</strong></span> <span class='ocrx_word' id='word_1_711' title='bbox 2676 3218 2923 3275; x_wconf 84' lang='lat' dir='ltr'><strong>Christus</strong></span> <span class='ocrx_word' id='word_1_712' title='bbox 2961 3219 3123 3285; x_wconf 89' lang='lat' dir='ltr'><strong>fecit,</strong></span> <span class='ocrx_word' id='word_1_713' title='bbox 3166 3221 3218 3275; x_wconf 88' lang='lat' dir='ltr'><strong>in</strong></span> <span class='ocrx_word' id='word_1_714' title='bbox 3258 3220 3427 3289; x_wconf 88' lang='lat' dir='ltr'><strong>ipsius</strong></span> <span class='ocrx_word' id='word_1_715' title='bbox 3465 3221 3680 3275; x_wconf 91' lang='lat' dir='ltr'><strong>nomine</strong></span> <span class='ocrx_word' id='word_1_716' title='bbox 3719 3220 3799 3273; x_wconf 87' lang='lat' dir='ltr'><strong>fa-</strong></span> 
     </span>
    </p>
   </div>
   <div class='ocr_carea' id='block_1_91' title="bbox 2203 3309 3799 3380">
    <p class='ocr_par' dir='ltr' id='par_1_91' title="bbox 2203 3309 3799 3380">
     <span class='ocr_line' id='line_1_91' title="bbox 2203 3309 3799 3380; baseline 0.003 -18"><span class='ocrx_word' id='word_1_717' title='bbox 2203 3309 2385 3373; x_wconf 90' lang='lat' dir='ltr'><strong>ciunt;</strong></span> <span class='ocrx_word' id='word_1_718' title='bbox 2419 3316 2477 3361; x_wconf 91' lang='lat' dir='ltr'><strong>ut</strong></span> <span class='ocrx_word' id='word_1_719' title='bbox 2507 3310 2759 3378; x_wconf 89' lang='lat' dir='ltr'><strong>utrinque</strong></span> <span class='ocrx_word' id='word_1_720' title='bbox 2784 3309 2931 3379; x_wconf 86' lang='lat' dir='ltr'><strong>ipsos</strong></span> <span class='ocrx_word' id='word_1_721' title='bbox 2958 3309 3104 3367; x_wconf 89' lang='lat' dir='ltr'><strong>humi</strong></span> <span class='ocrx_word' id='word_1_722' title='bbox 3124 3311 3365 3379; x_wconf 76' lang='lat' dir='ltr'><strong>iacentes</strong></span> <span class='ocrx_word' id='word_1_723' title='bbox 3394 3311 3621 3380; x_wconf 84' lang='lat' dir='ltr'><strong>erigant,</strong></span> <span class='ocrx_word' id='word_1_724' title='bbox 3655 3320 3709 3365; x_wconf 89' lang='lat' dir='ltr'><strong>et</strong></span> <span class='ocrx_word' id='word_1_725' title='bbox 3736 3320 3799 3366; x_wconf 82' lang='lat' dir='ltr'><strong>ut</strong></span> 
     </span>
    </p>
   </div>
   <div class='ocr_carea' id='block_1_92' title="bbox 2205 3398 3801 3472">
    <p class='ocr_par' dir='ltr' id='par_1_92' title="bbox 2205 3398 3801 3472">
     <span class='ocr_line' id='line_1_92' title="bbox 2205 3398 3801 3472; baseline 0.004 -21"><span class='ocrx_word' id='word_1_726' title='bbox 2205 3398 2583 3454; x_wconf 89' lang='lat' dir='ltr'><strong>resurrectioni</strong></span> <span class='ocrx_word' id='word_1_727' title='bbox 2618 3398 2775 3454; x_wconf 85' lang='lat' dir='ltr'><strong>fidem</strong></span> <span class='ocrx_word' id='word_1_728' title='bbox 2806 3400 3056 3456; x_wconf 90' lang='lat' dir='ltr'><strong>habeant.</strong></span> <span class='ocrx_word' id='word_1_729' title='bbox 3092 3401 3188 3457; x_wconf 90' lang='lat' dir='ltr'><strong>llic</strong></span> <span class='ocrx_word' id='word_1_730' title='bbox 3213 3402 3411 3472; x_wconf 89' lang='lat' dir='ltr'><strong>quippe</strong></span> <span class='ocrx_word' id='word_1_731' title='bbox 3439 3403 3574 3457; x_wconf 90' lang='lat' dir='ltr'><strong>uber</strong></span> <span class='ocrx_word' id='word_1_732' title='bbox 3603 3401 3656 3461; x_wconf 86' lang='lat' dir='ltr'><strong>in</strong></span> <span class='ocrx_word' id='word_1_733' title='bbox 3686 3404 3801 3471; x_wconf 64' lang='lat' dir='ltr'><strong>prio</strong></span> 
     </span>
    </p>
   </div>
   <div class='ocr_carea' id='block_1_93' title="bbox 2202 3489 3795 3572">
    <p class='ocr_par' dir='ltr' id='par_1_93' title="bbox 2202 3489 3795 3572">
     <span class='ocr_line' id='line_1_93' title="bbox 2202 3489 3795 3572; baseline 0.003 -30"><span class='ocrx_word' id='word_1_734' title='bbox 2202 3489 2305 3544; x_wconf 90' lang='lat' dir='ltr'><strong>mis</strong></span> <span class='ocrx_word' id='word_1_735' title='bbox 2356 3498 2439 3545; x_wconf 85' lang='lat' dir='ltr'><strong>est</strong></span> <span class='ocrx_word' id='word_1_736' title='bbox 2493 3492 2905 3547; x_wconf 89' lang='lat' dir='ltr'><strong>resurrectionis</strong></span> <span class='ocrx_word' id='word_1_737' title='bbox 2964 3492 3388 3560; x_wconf 87' lang='lat' dir='ltr'><strong>demonstratio,</strong></span> <span class='ocrx_word' id='word_1_738' title='bbox 3427 3508 3530 3564; x_wconf 90' lang='lat' dir='ltr'><strong>qua</strong></span> <span class='ocrx_word' id='word_1_739' title='bbox 3568 3492 3795 3572; x_wconf 76' lang='lat' dir='ltr'><strong>credita,</strong></span> 
     </span>
    </p>
   </div>
   <div class='ocr_carea' id='block_1_94' title="bbox 2204 3583 3801 3655">
    <p class='ocr_par' dir='ltr' id='par_1_94' title="bbox 2204 3583 3801 3655">
     <span class='ocr_line' id='line_1_94' title="bbox 2204 3583 3801 3655; baseline 0.003 -20"><span class='ocrx_word' id='word_1_740' title='bbox 2204 3591 2394 3637; x_wconf 74' lang='lat' dir='ltr'><strong>czetera</strong></span> <span class='ocrx_word' id='word_1_741' title='bbox 2422 3583 2579 3640; x_wconf 80' lang='lat' dir='ltr'><strong>facile</strong></span> <span class='ocrx_word' id='word_1_742' title='bbox 2619 3585 2933 3640; x_wconf 89' lang='lat' dir='ltr'><strong>succedunt.</strong></span> <span class='ocrx_word' id='word_1_743' title='bbox 2957 3588 3346 3655; x_wconf 82' lang='lat' dir='ltr'><strong>Argumentum</strong></span> <span class='ocrx_word' id='word_1_744' title='bbox 3373 3600 3500 3655; x_wconf 89' lang='lat' dir='ltr'><strong>ergo</strong></span> <span class='ocrx_word' id='word_1_745' title='bbox 3520 3594 3575 3640; x_wconf 90' lang='lat' dir='ltr'><strong>et</strong></span> <span class='ocrx_word' id='word_1_746' title='bbox 3602 3599 3801 3654; x_wconf 80' lang='lat' dir='ltr'><strong>scapus</strong></span> 
     </span>
    </p>
   </div>
   <div class='ocr_carea' id='block_1_95' title="bbox 2207 3673 3795 3748">
    <p class='ocr_par' dir='ltr' id='par_1_95' title="bbox 2207 3673 3795 3748">
     <span class='ocr_line' id='line_1_95' title="bbox 2207 3673 3795 3748; baseline 0.003 -20"><span class='ocrx_word' id='word_1_747' title='bbox 2207 3673 2365 3743; x_wconf 89' lang='lat' dir='ltr'><strong>hujus</strong></span> <span class='ocrx_word' id='word_1_748' title='bbox 2385 3675 2523 3743; x_wconf 88' lang='lat' dir='ltr'><strong>libri,</strong></span> <span class='ocrx_word' id='word_1_749' title='bbox 2558 3685 2616 3732; x_wconf 90' lang='lat' dir='ltr'><strong>ut</strong></span> <span class='ocrx_word' id='word_1_750' title='bbox 2643 3679 2951 3733; x_wconf 90' lang='lat' dir='ltr'><strong>summatim</strong></span> <span class='ocrx_word' id='word_1_751' title='bbox 2978 3677 3174 3741; x_wconf 82' lang='lat' dir='ltr'><strong>dicam,</strong></span> <span class='ocrx_word' id='word_1_752' title='bbox 3204 3678 3291 3733; x_wconf 92' lang='lat' dir='ltr'><strong>hic</strong></span> <span class='ocrx_word' id='word_1_753' title='bbox 3322 3679 3659 3748; x_wconf 89' lang='lat' dir='ltr'><strong>potissimum</strong></span> <span class='ocrx_word' id='word_1_754' title='bbox 3689 3687 3795 3733; x_wconf 86' lang='lat' dir='ltr'><strong>est.</strong></span> 
     </span>
    </p>
   </div>
   <div class='ocr_carea' id='block_1_96' title="bbox 2207 3764 3801 3839">
    <p class='ocr_par' dir='ltr' id='par_1_96' title="bbox 2207 3764 3801 3839">
     <span class='ocr_line' id='line_1_96' title="bbox 2207 3764 3801 3839; baseline 0.002 -21"><span class='ocrx_word' id='word_1_755' title='bbox 2207 3764 2500 3822; x_wconf 80' lang='lat' dir='ltr'><strong>Audiamus</strong></span> <span class='ocrx_word' id='word_1_756' title='bbox 2528 3768 2744 3823; x_wconf 89' lang='lat' dir='ltr'><strong>demum</strong></span> <span class='ocrx_word' id='word_1_757' title='bbox 2786 3770 2897 3837; x_wconf 84' lang='lat' dir='ltr'><strong>ipsa</strong></span> <span class='ocrx_word' id='word_1_758' title='bbox 2939 3769 3220 3838; x_wconf 65' lang='lat' dir='ltr'><strong>prooemia.</strong></span> <span class='ocrx_word' id='word_1_759' title='bbox 3276 3767 3441 3839; x_wconf 89' lang='lat' dir='ltr'><strong>(Cap.</strong></span> <span class='ocrx_word' id='word_1_760' title='bbox 3474 3766 3548 3836; x_wconf 90' lang='grc'><strong>1.)</strong></span> <span class='ocrx_word' id='word_1_761' title='bbox 3577 3768 3630 3823; x_wconf 90' lang='grc'><strong>1.</strong></span> <span class='ocrx_word' id='word_1_762' title='bbox 3675 3766 3801 3821; x_wconf 85' lang='lat' dir='ltr'><strong>Pri-</strong></span> 
     </span>
    </p>
   </div>
   <div class='ocr_carea' id='block_1_97' title="bbox 2209 3859 3803 3930">
    <p class='ocr_par' dir='ltr' id='par_1_97' title="bbox 2209 3859 3803 3930">
     <span class='ocr_line' id='line_1_97' title="bbox 2209 3859 3803 3930; baseline 0.005 -21"><span class='ocrx_word' id='word_1_763' title='bbox 2209 3873 2344 3910; x_wconf 87' lang='lat' dir='ltr'><strong>mum</strong></span> <span class='ocrx_word' id='word_1_764' title='bbox 2370 3859 2569 3925; x_wconf 80' lang='lat' dir='ltr'><strong>quidem</strong></span> <span class='ocrx_word' id='word_1_765' title='bbox 2614 3876 2892 3914; x_wconf 82' lang='lat' dir='ltr'><strong>sermonem</strong></span> <span class='ocrx_word' id='word_1_766' title='bbox 2924 3862 3021 3930; x_wconf 75' lang='lat' dir='ltr'><strong>feci</strong></span> <span class='ocrx_word' id='word_1_767' title='bbox 3052 3862 3115 3915; x_wconf 77' lang='lat' dir='ltr'><strong>de</strong></span> <span class='ocrx_word' id='word_1_768' title='bbox 3160 3860 3411 3925; x_wconf 85' lang='lat' dir='ltr'><strong>omnibus,</strong></span> <span class='ocrx_word' id='word_1_769' title='bbox 3441 3877 3471 3915; x_wconf 90' lang='grc' dir='ltr'>ο</span> <span class='ocrx_word' id='word_1_770' title='bbox 3498 3859 3803 3930; x_wconf 72' lang='lat' dir='ltr'><strong>Theophila.</strong></span> 
     </span>
    </p>
   </div>
   <div class='ocr_carea' id='block_1_98' title="bbox 2208 3950 3805 4023">
    <p class='ocr_par' dir='ltr' id='par_1_98' title="bbox 2208 3950 3805 4023">
     <span class='ocr_line' id='line_1_98' title="bbox 2208 3950 3805 4023; baseline 0.005 -19"><span class='ocrx_word' id='word_1_771' title='bbox 2208 3965 2321 4017; x_wconf 66' lang='lat' dir='ltr'><strong>qua</strong></span> <span class='ocrx_word' id='word_1_772' title='bbox 2347 3952 2493 4020; x_wconf 73' lang='lat' dir='ltr'><strong>cmpit</strong></span> <span class='ocrx_word' id='word_1_773' title='bbox 2521 3950 2672 4007; x_wconf 82' lang='lat' dir='ltr'><strong>Jesus</strong></span> <span class='ocrx_word' id='word_1_774' title='bbox 2701 3954 2866 4023; x_wconf 78' lang='lat' dir='ltr'><strong>facere</strong></span> <span class='ocrx_word' id='word_1_775' title='bbox 2890 3962 2936 4007; x_wconf 87' lang='lat' dir='ltr'><strong>et</strong></span> <span class='ocrx_word' id='word_1_776' title='bbox 2963 3952 3165 4008; x_wconf 84' lang='lat' dir='ltr'><strong>docere.</strong></span> <span class='ocrx_word' id='word_1_777' title='bbox 3200 3952 3308 4008; x_wconf 90' lang='lat' dir='ltr'><strong>Cur</strong></span> <span class='ocrx_word' id='word_1_778' title='bbox 3339 3954 3417 4008; x_wconf 90' lang='lat' dir='ltr'><strong>illi</strong></span> <span class='ocrx_word' id='word_1_779' title='bbox 3449 3954 3805 4023; x_wconf 86' lang='lat' dir='ltr'><strong>Evangeliqu</strong></span> 
     </span>
    </p>
   </div>
   <div class='ocr_carea' id='block_1_99' title="bbox 2208 4043 3809 4102">
    <p class='ocr_par' dir='ltr' id='par_1_99' title="bbox 2208 4043 3809 4102">
     <span class='ocr_line' id='line_1_99' title="bbox 2208 4043 3809 4102; baseline 0.003 -7"><span class='ocrx_word' id='word_1_780' title='bbox 2208 4043 2262 4096; x_wconf 88' lang='lat' dir='ltr'><strong>in</strong></span> <span class='ocrx_word' id='word_1_781' title='bbox 2290 4045 2603 4098; x_wconf 89' lang='lat' dir='ltr'><strong>memoriam</strong></span> <span class='ocrx_word' id='word_1_782' title='bbox 2637 4046 2894 4100; x_wconf 78' lang='lat' dir='ltr'><strong>revocat?</strong></span> <span class='ocrx_word' id='word_1_783' title='bbox 2925 4044 2992 4102; x_wconf 88' lang='lat' dir='ltr'><strong>Ut</strong></span> <span class='ocrx_word' id='word_1_784' title='bbox 3018 4045 3415 4101; x_wconf 87' lang='lat' dir='ltr'><strong>accurationem</strong></span> <span class='ocrx_word' id='word_1_785' title='bbox 3442 4060 3594 4101; x_wconf 89' lang='lat' dir='ltr'><strong>suam</strong></span> <span class='ocrx_word' id='word_1_786' title='bbox 3621 4055 3809 4100; x_wconf 79' lang='lat' dir='ltr'><strong>osten-</strong></span> 
     </span>
    </p>
   </div>
   <div class='ocr_carea' id='block_1_100' title="bbox 2208 4138 3809 4210">
    <p class='ocr_par' dir='ltr' id='par_1_100' title="bbox 2208 4138 3809 4210">
     <span class='ocr_line' id='line_1_100' title="bbox 2208 4138 3809 4210; baseline 0.002 -17"><span class='ocrx_word' id='word_1_787' title='bbox 2208 4138 2321 4195; x_wconf 90' lang='lat' dir='ltr'><strong>dat.</strong></span> <span class='ocrx_word' id='word_1_788' title='bbox 2356 4139 2487 4193; x_wconf 79' lang='lat' dir='ltr'><strong>Nam</strong></span> <span class='ocrx_word' id='word_1_789' title='bbox 2517 4140 2668 4195; x_wconf 90' lang='lat' dir='ltr'><strong>initio</strong></span> <span class='ocrx_word' id='word_1_790' title='bbox 2690 4140 2832 4196; x_wconf 88' lang='lat' dir='ltr'><strong>illius</strong></span> <span class='ocrx_word' id='word_1_791' title='bbox 2858 4141 3038 4210; x_wconf 90' lang='lat' dir='ltr'><strong>operis</strong></span> <span class='ocrx_word' id='word_1_792' title='bbox 3069 4140 3209 4195; x_wconf 87' lang='lat' dir='ltr'><strong>dixit</strong></span> <span class='ocrx_word' id='word_1_793' title='bbox 3238 4158 3250 4193; x_wconf 88' lang='lat'><strong>:</strong></span> <span class='ocrx_word' id='word_1_794' title='bbox 3306 4140 3481 4196; x_wconf 86' lang='lat' dir='ltr'><strong>Visum</strong></span> <span class='ocrx_word' id='word_1_795' title='bbox 3507 4150 3579 4195; x_wconf 86' lang='lat' dir='ltr'><strong>est</strong></span> <span class='ocrx_word' id='word_1_796' title='bbox 3604 4150 3652 4194; x_wconf 89' lang='lat' dir='ltr'><strong>et</strong></span> <span class='ocrx_word' id='word_1_797' title='bbox 3679 4141 3809 4197; x_wconf 79' lang='lat' dir='ltr'><strong>mihi</strong></span> 
     </span>
    </p>
   </div>
   <div class='ocr_carea' id='block_1_101' title="bbox 2210 4230 3810 4305">
    <p class='ocr_par' dir='ltr' id='par_1_101' title="bbox 2210 4230 3810 4305">
     <span class='ocr_line' id='line_1_101' title="bbox 2210 4230 3810 4305; baseline 0.001 -21"><span class='ocrx_word' id='word_1_798' title='bbox 2210 4240 2477 4300; x_wconf 79' lang='lat' dir='ltr'><strong>assequuto</strong></span> <span class='ocrx_word' id='word_1_799' title='bbox 2505 4233 2677 4284; x_wconf 85' lang='lat' dir='ltr'><strong>onmia</strong></span> <span class='ocrx_word' id='word_1_800' title='bbox 2722 4249 2754 4284; x_wconf 91' lang='lat' dir='ltr'><strong>a</strong></span> <span class='ocrx_word' id='word_1_801' title='bbox 2800 4233 3047 4305; x_wconf 84' lang='lat' dir='ltr'><strong>principio</strong></span> <span class='ocrx_word' id='word_1_802' title='bbox 3087 4232 3377 4301; x_wconf 83' lang='lat' dir='ltr'><strong>diligenter,</strong></span> <span class='ocrx_word' id='word_1_803' title='bbox 3403 4248 3468 4285; x_wconf 73' lang='lat' dir='ltr'><strong>ex</strong></span> <span class='ocrx_word' id='word_1_804' title='bbox 3510 4233 3686 4285; x_wconf 84' lang='lat' dir='ltr'><strong>ordine</strong></span> <span class='ocrx_word' id='word_1_805' title='bbox 3714 4230 3810 4285; x_wconf 84' lang='lat' dir='ltr'><strong>tibi</strong></span> 
     </span>
    </p>
   </div>
   <div class='ocr_carea' id='block_1_102' title="bbox 2211 4324 3803 4396">
    <p class='ocr_par' dir='ltr' id='par_1_102' title="bbox 2211 4324 3803 4396">
     <span class='ocr_line' id='line_1_102' title="bbox 2211 4324 3803 4396; baseline -0.002 -15"><span class='ocrx_word' id='word_1_806' title='bbox 2211 4324 2425 4381; x_wconf 85' lang='lat' dir='ltr'><strong>scribere</strong></span> <span class='ocrx_word' id='word_1_807' title='bbox 2459 4324 2611 4394; x_wconf 86' lang='lat' dir='ltr'><strong>(Luc.</strong></span> <span class='ocrx_word' id='word_1_808' title='bbox 2634 4326 2686 4379; x_wconf 92' lang='grc'><strong>1.</strong></span> <span class='ocrx_word' id='word_1_809' title='bbox 2716 4326 2795 4392; x_wconf 83' lang='lat'><strong>5).</strong></span> <span class='ocrx_word' id='word_1_810' title='bbox 2825 4324 3006 4396; x_wconf 84' lang='lat' dir='ltr'><strong>Neque</strong></span> <span class='ocrx_word' id='word_1_811' title='bbox 3035 4340 3136 4383; x_wconf 88' lang='lat' dir='ltr'><strong>suo</strong></span> <span class='ocrx_word' id='word_1_812' title='bbox 3160 4332 3446 4379; x_wconf 89' lang='lat' dir='ltr'><strong>contentus</strong></span> <span class='ocrx_word' id='word_1_813' title='bbox 3469 4324 3803 4389; x_wconf 87' lang='lat' dir='ltr'><strong>testimonio,</strong></span> 
     </span>
    </p>
   </div>
   <div class='ocr_carea' id='block_1_103' title="bbox 2215 4416 3810 4487">
    <p class='ocr_par' dir='ltr' id='par_1_103' title="bbox 2215 4416 3810 4487">
     <span class='ocr_line' id='line_1_103' title="bbox 2215 4416 3810 4487; baseline -0.001 -16"><span class='ocrx_word' id='word_1_814' title='bbox 2215 4426 2381 4471; x_wconf 91' lang='lat' dir='ltr'><strong>totum</strong></span> <span class='ocrx_word' id='word_1_815' title='bbox 2411 4417 2573 4473; x_wconf 82' lang='lat' dir='ltr'><strong>refert</strong></span> <span class='ocrx_word' id='word_1_816' title='bbox 2600 4417 2666 4471; x_wconf 89' lang='lat' dir='ltr'><strong>ad</strong></span> <span class='ocrx_word' id='word_1_817' title='bbox 2693 4419 2989 4487; x_wconf 87' lang='lat' dir='ltr'><strong>apostolos,</strong></span> <span class='ocrx_word' id='word_1_818' title='bbox 3032 4418 3217 4473; x_wconf 88' lang='lat' dir='ltr'><strong>dicens</strong></span> <span class='ocrx_word' id='word_1_819' title='bbox 3248 4434 3261 4470; x_wconf 88' lang='lat'><strong>:</strong></span> <span class='ocrx_word' id='word_1_820' title='bbox 3307 4418 3455 4472; x_wconf 86' lang='lat' dir='ltr'><strong>Sicut</strong></span> <span class='ocrx_word' id='word_1_821' title='bbox 3490 4416 3810 4470; x_wconf 85' lang='lat' dir='ltr'><strong>tradiderunt</strong></span> 
     </span>
    </p>
   </div>
   <div class='ocr_carea' id='block_1_104' title="bbox 2213 4507 3810 4579">
    <p class='ocr_par' dir='ltr' id='par_1_104' title="bbox 2213 4507 3810 4579">
     <span class='ocr_line' id='line_1_104' title="bbox 2213 4507 3810 4579; baseline -0.002 -16"><span class='ocrx_word' id='word_1_822' title='bbox 2213 4510 2374 4575; x_wconf 85' lang='lat' dir='ltr'><strong>nobis,</strong></span> <span class='ocrx_word' id='word_1_823' title='bbox 2403 4510 2488 4579; x_wconf 86' lang='lat' dir='ltr'><strong>qui</strong></span> <span class='ocrx_word' id='word_1_824' title='bbox 2526 4508 2588 4563; x_wconf 85' lang='lat' dir='ltr'><strong>ab</strong></span> <span class='ocrx_word' id='word_1_825' title='bbox 2638 4510 2782 4563; x_wconf 83' lang='lat' dir='ltr'><strong>initio</strong></span> <span class='ocrx_word' id='word_1_826' title='bbox 2832 4510 2930 4577; x_wconf 83' lang='lat' dir='ltr'><strong>ipsi</strong></span> <span class='ocrx_word' id='word_1_827' title='bbox 2968 4508 3223 4575; x_wconf 78' lang='lat' dir='ltr'><strong>viderunt,</strong></span> <span class='ocrx_word' id='word_1_828' title='bbox 3257 4518 3303 4566; x_wconf 93' lang='lat' dir='ltr'><strong>et</strong></span> <span class='ocrx_word' id='word_1_829' title='bbox 3338 4507 3557 4561; x_wconf 86' lang='lat' dir='ltr'><strong>ministri</strong></span> <span class='ocrx_word' id='word_1_830' title='bbox 3603 4509 3810 4575; x_wconf 75' lang='lat' dir='ltr'><strong>[iterant</strong></span> 
     </span>
    </p>
   </div>
   <div class='ocr_carea' id='block_1_105' title="bbox 2216 4597 3809 4670">
    <p class='ocr_par' dir='ltr' id='par_1_105' title="bbox 2216 4597 3809 4670">
     <span class='ocr_line' id='line_1_105' title="bbox 2216 4597 3809 4670; baseline -0.003 -15"><span class='ocrx_word' id='word_1_831' title='bbox 2216 4602 2483 4659; x_wconf 84' lang='lat' dir='ltr'><strong>sermonis.</strong></span> <span class='ocrx_word' id='word_1_832' title='bbox 2517 4598 2721 4658; x_wconf 88' lang='lat' dir='ltr'><strong>Idcirco</strong></span> <span class='ocrx_word' id='word_1_833' title='bbox 2752 4609 3031 4670; x_wconf 86' lang='lat' dir='ltr'><strong>postquam</strong></span> <span class='ocrx_word' id='word_1_834' title='bbox 3062 4599 3299 4656; x_wconf 86' lang='lat' dir='ltr'><strong>sermoni</strong></span> <span class='ocrx_word' id='word_1_835' title='bbox 3331 4598 3491 4654; x_wconf 87' lang='lat' dir='ltr'><strong>fidem</strong></span> <span class='ocrx_word' id='word_1_836' title='bbox 3523 4598 3592 4653; x_wconf 87' lang='lat' dir='ltr'><strong>ibi</strong></span> <span class='ocrx_word' id='word_1_837' title='bbox 3619 4597 3809 4651; x_wconf 88' lang='lat' dir='ltr'><strong>conci-</strong></span> 
     </span>
    </p>
   </div>
   <div class='ocr_carea' id='block_1_106' title="bbox 2218 4689 3810 4757">
    <p class='ocr_par' dir='ltr' id='par_1_106' title="bbox 2218 4689 3810 4757">
     <span class='ocr_line' id='line_1_106' title="bbox 2218 4689 3810 4757; baseline 0.001 -14"><span class='ocrx_word' id='word_1_838' title='bbox 2218 4690 2383 4755; x_wconf 74' lang='lat' dir='ltr'><strong>liavit,</strong></span> <span class='ocrx_word' id='word_1_839' title='bbox 2412 4690 2499 4745; x_wconf 89' lang='lat' dir='ltr'><strong>hic</strong></span> <span class='ocrx_word' id='word_1_840' title='bbox 2528 4690 2630 4745; x_wconf 91' lang='lat' dir='ltr'><strong>alia</strong></span> <span class='ocrx_word' id='word_1_841' title='bbox 2667 4690 3078 4746; x_wconf 86' lang='lat' dir='ltr'><strong>confirmatione</strong></span> <span class='ocrx_word' id='word_1_842' title='bbox 3125 4705 3259 4757; x_wconf 87' lang='lat' dir='ltr'><strong>opus</strong></span> <span class='ocrx_word' id='word_1_843' title='bbox 3314 4707 3421 4745; x_wconf 90' lang='lat' dir='ltr'><strong>non</strong></span> <span class='ocrx_word' id='word_1_844' title='bbox 3474 4689 3654 4753; x_wconf 89' lang='lat' dir='ltr'><strong>habet,</strong></span> <span class='ocrx_word' id='word_1_845' title='bbox 3684 4705 3810 4744; x_wconf 87' lang='lat' dir='ltr'><strong>cum</strong></span> 
     </span>
    </p>
   </div>
   <div class='ocr_carea' id='block_1_107' title="bbox 2216 4781 3811 4851">
    <p class='ocr_par' dir='ltr' id='par_1_107' title="bbox 2216 4781 3811 4851">
     <span class='ocr_line' id='line_1_107' title="bbox 2216 4781 3811 4851; baseline 0 -15"><span class='ocrx_word' id='word_1_846' title='bbox 2216 4781 2546 4849; x_wconf 80' lang='lat' dir='ltr'><strong>TheOphilus</strong></span> <span class='ocrx_word' id='word_1_847' title='bbox 2580 4782 2689 4850; x_wconf 88' lang='lat' dir='ltr'><strong>jam</strong></span> <span class='ocrx_word' id='word_1_848' title='bbox 2720 4797 3027 4849; x_wconf 85' lang='lat' dir='ltr'><strong>persuasus,</strong></span> <span class='ocrx_word' id='word_1_849' title='bbox 3069 4796 3132 4836; x_wconf 90' lang='lat' dir='ltr'><strong>ac</strong></span> <span class='ocrx_word' id='word_1_850' title='bbox 3173 4796 3266 4851; x_wconf 87' lang='lat' dir='ltr'><strong>per</strong></span> <span class='ocrx_word' id='word_1_851' title='bbox 3293 4782 3421 4836; x_wconf 89' lang='lat' dir='ltr'><strong>illud</strong></span> <span class='ocrx_word' id='word_1_852' title='bbox 3448 4797 3582 4851; x_wconf 89' lang='lat' dir='ltr'><strong>opus</strong></span> <span class='ocrx_word' id='word_1_853' title='bbox 3622 4781 3690 4837; x_wconf 92' lang='lat' dir='ltr'><strong>de</strong></span> <span class='ocrx_word' id='word_1_854' title='bbox 3714 4796 3811 4836; x_wconf 89' lang='lat' dir='ltr'><strong>ac-</strong></span> 
     </span>
    </p>
   </div>
   <div class='ocr_carea' id='block_1_108' title="bbox 2218 4871 3813 4929">
    <p class='ocr_par' dir='ltr' id='par_1_108' title="bbox 2218 4871 3813 4929">
     <span class='ocr_line' id='line_1_108' title="bbox 2218 4871 3813 4929; baseline 0.002 -4"><span class='ocrx_word' id='word_1_855' title='bbox 2218 4880 2399 4927; x_wconf 89' lang='lat' dir='ltr'><strong>curata</strong></span> <span class='ocrx_word' id='word_1_856' title='bbox 2434 4872 2507 4926; x_wconf 90' lang='lat' dir='ltr'><strong>rei</strong></span> <span class='ocrx_word' id='word_1_857' title='bbox 2538 4872 2761 4925; x_wconf 85' lang='lat' dir='ltr'><strong>veritate</strong></span> <span class='ocrx_word' id='word_1_858' title='bbox 2786 4872 3061 4929; x_wconf 79' lang='lat' dir='ltr'><strong>institutas</strong></span> <span class='ocrx_word' id='word_1_859' title='bbox 3082 4880 3244 4926; x_wconf 88' lang='lat' dir='ltr'><strong>esset.</strong></span> <span class='ocrx_word' id='word_1_860' title='bbox 3284 4871 3494 4927; x_wconf 88' lang='lat' dir='ltr'><strong>Etenim</strong></span> <span class='ocrx_word' id='word_1_861' title='bbox 3516 4874 3601 4925; x_wconf 90' lang='lat' dir='ltr'><strong>cui</strong></span> <span class='ocrx_word' id='word_1_862' title='bbox 3627 4871 3813 4928; x_wconf 77' lang='lat' dir='ltr'><strong>habita</strong></span> 
     </span>
    </p>
   </div>
   <div class='ocr_carea' id='block_1_109' title="bbox 2222 4962 3816 5032">
    <p class='ocr_par' dir='ltr' id='par_1_109' title="bbox 2222 4962 3816 5032">
     <span class='ocr_line' id='line_1_109' title="bbox 2222 4962 3816 5032; baseline 0 -15"><span class='ocrx_word' id='word_1_863' title='bbox 2222 4963 2352 5017; x_wconf 81' lang='lat' dir='ltr'><strong>ﬁdes</strong></span> <span class='ocrx_word' id='word_1_864' title='bbox 2378 4972 2462 5018; x_wconf 89' lang='lat' dir='ltr'><strong>est</strong></span> <span class='ocrx_word' id='word_1_865' title='bbox 2501 4962 2757 5017; x_wconf 90' lang='lat' dir='ltr'><strong>scribenti</strong></span> <span class='ocrx_word' id='word_1_866' title='bbox 2798 4978 2919 5032; x_wconf 70' lang='lat' dir='ltr'><strong>qua:</strong></span> <span class='ocrx_word' id='word_1_867' title='bbox 2948 4962 3226 5028; x_wconf 84' lang='lat' dir='ltr'><strong>audierat;</strong></span> <span class='ocrx_word' id='word_1_868' title='bbox 3281 4963 3448 5018; x_wconf 92' lang='lat' dir='ltr'><strong>multo</strong></span> <span class='ocrx_word' id='word_1_869' title='bbox 3495 4962 3664 5032; x_wconf 81' lang='lat' dir='ltr'><strong>magis</strong></span> <span class='ocrx_word' id='word_1_870' title='bbox 3695 4976 3816 5017; x_wconf 85' lang='lat' dir='ltr'><strong>cre-</strong></span> 
     </span>
    </p>
   </div>
   <div class='ocr_carea' id='block_1_110' title="bbox 2220 5052 3813 5123">
    <p class='ocr_par' dir='ltr' id='par_1_110' title="bbox 2220 5052 3813 5123">
     <span class='ocr_line' id='line_1_110' title="bbox 2220 5052 3813 5123; baseline 0 -16"><span class='ocrx_word' id='word_1_871' title='bbox 2220 5053 2425 5107; x_wconf 88' lang='lat' dir='ltr'><strong>dendus</strong></span> <span class='ocrx_word' id='word_1_872' title='bbox 2453 5062 2554 5116; x_wconf 89' lang='lat' dir='ltr'><strong>est,</strong></span> <span class='ocrx_word' id='word_1_873' title='bbox 2581 5068 2703 5110; x_wconf 89' lang='lat' dir='ltr'><strong>cum</strong></span> <span class='ocrx_word' id='word_1_874' title='bbox 2734 5068 2797 5106; x_wconf 90' lang='lat' dir='ltr'><strong>ea</strong></span> <span class='ocrx_word' id='word_1_875' title='bbox 2824 5052 3028 5116; x_wconf 86' lang='lat' dir='ltr'><strong>scribit,</strong></span> <span class='ocrx_word' id='word_1_876' title='bbox 3050 5069 3156 5107; x_wconf 89' lang='lat' dir='ltr'><strong>non</strong></span> <span class='ocrx_word' id='word_1_877' title='bbox 3185 5069 3303 5122; x_wconf 68' lang='lat' dir='ltr'><strong>qua:</strong></span> <span class='ocrx_word' id='word_1_878' title='bbox 3331 5054 3400 5107; x_wconf 92' lang='lat' dir='ltr'><strong>ab</strong></span> <span class='ocrx_word' id='word_1_879' title='bbox 3428 5053 3549 5108; x_wconf 90' lang='lat' dir='ltr'><strong>aliis</strong></span> <span class='ocrx_word' id='word_1_880' title='bbox 3578 5054 3813 5123; x_wconf 84' lang='lat' dir='ltr'><strong>accepit,</strong></span> 
     </span>
    </p>
   </div>
   <div class='ocr_carea' id='block_1_111' title="bbox 2222 5144 3889 5215">
    <p class='ocr_par' dir='ltr' id='par_1_111' title="bbox 2222 5144 3889 5215">
     <span class='ocr_line' id='line_1_111' title="bbox 2222 5144 3889 5215; baseline 0 -16"><span class='ocrx_word' id='word_1_881' title='bbox 2222 5145 2314 5206; x_wconf 85' lang='lat' dir='ltr'><strong>sed</strong></span> <span class='ocrx_word' id='word_1_882' title='bbox 2360 5160 2478 5214; x_wconf 81' lang='lat' dir='ltr'><strong>qua:</strong></span> <span class='ocrx_word' id='word_1_883' title='bbox 2524 5144 2657 5201; x_wconf 89' lang='lat' dir='ltr'><strong>vidit</strong></span> <span class='ocrx_word' id='word_1_884' title='bbox 2682 5152 2737 5199; x_wconf 89' lang='lat' dir='ltr'><strong>et</strong></span> <span class='ocrx_word' id='word_1_885' title='bbox 2765 5144 2989 5200; x_wconf 85' lang='lat' dir='ltr'><strong>audivit.</strong></span> <span class='ocrx_word' id='word_1_886' title='bbox 3017 5144 3148 5199; x_wconf 84' lang='lat' dir='ltr'><strong>Nam</strong></span> <span class='ocrx_word' id='word_1_887' title='bbox 3180 5145 3225 5199; x_wconf 83' lang='lat' dir='ltr'><strong>si</strong></span> <span class='ocrx_word' id='word_1_888' title='bbox 3251 5161 3312 5201; x_wconf 89' lang='lat' dir='ltr'><strong>ea</strong></span> <span class='ocrx_word' id='word_1_889' title='bbox 3341 5161 3461 5215; x_wconf 64' lang='lat' dir='ltr'><strong>qua</strong></span> <span class='ocrx_word' id='word_1_890' title='bbox 3488 5146 3555 5200; x_wconf 90' lang='lat' dir='ltr'><strong>de</strong></span> <span class='ocrx_word' id='word_1_891' title='bbox 3594 5145 3817 5201; x_wconf 86' lang='lat' dir='ltr'><strong>Christo</strong></span> <span class='ocrx_word' id='word_1_892' title='bbox 3884 5210 3889 5211; x_wconf 17' lang='grc' dir='ltr'>ί</span> 
     </span>
    </p>
   </div>
   <div class='ocr_carea' id='block_1_112' title="bbox 2223 5235 3817 5309">
    <p class='ocr_par' dir='ltr' id='par_1_112' title="bbox 2223 5235 3817 5309">
     <span class='ocr_line' id='line_1_112' title="bbox 2223 5235 3817 5309; baseline 0.003 -20"><span class='ocrx_word' id='word_1_893' title='bbox 2223 5235 2362 5289; x_wconf 83' lang='lat' dir='ltr'><strong>diota</strong></span> <span class='ocrx_word' id='word_1_894' title='bbox 2390 5244 2533 5301; x_wconf 93' lang='lat' dir='ltr'><strong>sunt,</strong></span> <span class='ocrx_word' id='word_1_895' title='bbox 2565 5236 2757 5303; x_wconf 91' lang='lat' dir='ltr'><strong>inquit,</strong></span> <span class='ocrx_word' id='word_1_896' title='bbox 2786 5247 3001 5305; x_wconf 90' lang='lat' dir='ltr'><strong>accepta</strong></span> <span class='ocrx_word' id='word_1_897' title='bbox 3032 5236 3281 5300; x_wconf 83' lang='lat' dir='ltr'><strong>habuisti,</strong></span> <span class='ocrx_word' id='word_1_898' title='bbox 3314 5239 3483 5292; x_wconf 92' lang='lat' dir='ltr'><strong>multo</strong></span> <span class='ocrx_word' id='word_1_899' title='bbox 3514 5239 3681 5309; x_wconf 87' lang='lat' dir='ltr'><strong>magis</strong></span> <span class='ocrx_word' id='word_1_900' title='bbox 3723 5254 3817 5294; x_wconf 85' lang='lat' dir='ltr'><strong>ac-</strong></span> 
     </span>
    </p>
   </div>
   <div class='ocr_carea' id='block_1_113' title="bbox 2225 5328 3822 5403">
    <p class='ocr_par' dir='ltr' id='par_1_113' title="bbox 2225 5328 3822 5403">
     <span class='ocr_line' id='line_1_113' title="bbox 2225 5328 3822 5403; baseline 0.004 -21"><span class='ocrx_word' id='word_1_901' title='bbox 2225 5328 2391 5397; x_wconf 87' lang='lat' dir='ltr'><strong>cipies</strong></span> <span class='ocrx_word' id='word_1_902' title='bbox 2416 5344 2476 5382; x_wconf 87' lang='lat' dir='ltr'><strong>ea</strong></span> <span class='ocrx_word' id='word_1_903' title='bbox 2504 5344 2625 5398; x_wconf 79' lang='lat' dir='ltr'><strong>qua:</strong></span> <span class='ocrx_word' id='word_1_904' title='bbox 2653 5328 2721 5383; x_wconf 88' lang='lat' dir='ltr'><strong>de</strong></span> <span class='ocrx_word' id='word_1_905' title='bbox 2747 5330 3002 5398; x_wconf 87' lang='lat' dir='ltr'><strong>apostolis</strong></span> <span class='ocrx_word' id='word_1_906' title='bbox 3027 5330 3268 5386; x_wconf 89' lang='lat' dir='ltr'><strong>dicturus</strong></span> <span class='ocrx_word' id='word_1_907' title='bbox 3297 5344 3435 5385; x_wconf 88' lang='lat' dir='ltr'><strong>sum.</strong></span> <span class='ocrx_word' id='word_1_908' title='bbox 3456 5331 3590 5399; x_wconf 87' lang='lat' dir='ltr'><strong>Quid</strong></span> <span class='ocrx_word' id='word_1_909' title='bbox 3621 5334 3822 5403; x_wconf 79' lang='lat' dir='ltr'><strong>igitur?</strong></span> 
     </span>
    </p>
   </div>
   <div class='ocr_carea' id='block_1_114' title="bbox 2227 5419 3820 5492">
    <p class='ocr_par' dir='ltr' id='par_1_114' title="bbox 2227 5419 3820 5492">
     <span class='ocr_line' id='line_1_114' title="bbox 2227 5419 3820 5492; baseline 0.004 -21"><span class='ocrx_word' id='word_1_910' title='bbox 2227 5435 2291 5471; x_wconf 87' lang='lat' dir='ltr'><strong>an</strong></span> <span class='ocrx_word' id='word_1_911' title='bbox 2317 5419 2534 5473; x_wconf 87' lang='lat' dir='ltr'><strong>historia</strong></span> <span class='ocrx_word' id='word_1_912' title='bbox 2570 5430 2773 5477; x_wconf 90' lang='lat' dir='ltr'><strong>tantum</strong></span> <span class='ocrx_word' id='word_1_913' title='bbox 2807 5420 2909 5475; x_wconf 88' lang='lat' dir='ltr'><strong>hoc</strong></span> <span class='ocrx_word' id='word_1_914' title='bbox 2936 5437 3092 5491; x_wconf 82' lang='lat' dir='ltr'><strong>Opus,</strong></span> <span class='ocrx_word' id='word_1_915' title='bbox 3120 5432 3172 5476; x_wconf 91' lang='lat' dir='ltr'><strong>et</strong></span> <span class='ocrx_word' id='word_1_916' title='bbox 3200 5421 3401 5492; x_wconf 91' lang='lat' dir='ltr'><strong>Spiritu</strong></span> <span class='ocrx_word' id='word_1_917' title='bbox 3431 5438 3657 5478; x_wconf 89' lang='lat' dir='ltr'><strong>vacuum</strong></span> <span class='ocrx_word' id='word_1_918' title='bbox 3693 5434 3773 5479; x_wconf 85' lang='lat' dir='ltr'><strong>est</strong></span> <span class='ocrx_word' id='word_1_919' title='bbox 3799 5429 3820 5477; x_wconf 65' lang='lat'><strong><em>1</em></strong></span> 
     </span>
    </p>
   </div>
   <div class='ocr_carea' id='block_1_115' title="bbox 2229 5510 3821 5586">
    <p class='ocr_par' dir='ltr' id='par_1_115' title="bbox 2229 5510 3821 5586">
     <span class='ocr_line' id='line_1_115' title="bbox 2229 5510 3821 5586; baseline 0.003 -22"><span class='ocrx_word' id='word_1_920' title='bbox 2229 5510 2593 5580; x_wconf 80' lang='lat' dir='ltr'><strong>Nequaquam.</strong></span> <span class='ocrx_word' id='word_1_921' title='bbox 2626 5513 2744 5577; x_wconf 87' lang='lat' dir='ltr'><strong>Quo</strong></span> <span class='ocrx_word' id='word_1_922' title='bbox 2775 5512 2969 5581; x_wconf 78' lang='lat' dir='ltr'><strong>pacto?</strong></span> <span class='ocrx_word' id='word_1_923' title='bbox 2999 5513 3261 5580; x_wconf 80' lang='lat' dir='ltr'><strong>Quoniam</strong></span> <span class='ocrx_word' id='word_1_924' title='bbox 3289 5530 3373 5579; x_wconf 91' lang='lat' dir='ltr'><strong>ea,</strong></span> <span class='ocrx_word' id='word_1_925' title='bbox 3406 5530 3525 5584; x_wconf 69' lang='lat' dir='ltr'><strong>quae</strong></span> <span class='ocrx_word' id='word_1_926' title='bbox 3577 5516 3675 5586; x_wconf 82' lang='lat' dir='ltr'><strong>ipsi</strong></span> <span class='ocrx_word' id='word_1_927' title='bbox 3709 5528 3821 5571; x_wconf 84' lang='lat' dir='ltr'><strong>tra-</strong></span> 
     </span>
    </p>
   </div>
   <div class='ocr_carea' id='block_1_116' title="bbox 2229 5599 3817 5671">
    <p class='ocr_par' dir='ltr' id='par_1_116' title="bbox 2229 5599 3817 5671">
     <span class='ocr_line' id='line_1_116' title="bbox 2229 5599 3817 5671; baseline 0.003 -18"><span class='ocrx_word' id='word_1_928' title='bbox 2229 5599 2476 5655; x_wconf 82' lang='lat' dir='ltr'><strong>diderunt</strong></span> <span class='ocrx_word' id='word_1_929' title='bbox 2503 5604 2535 5655; x_wconf 92' lang='lat' dir='ltr'><strong>ii</strong></span> <span class='ocrx_word' id='word_1_930' title='bbox 2561 5604 2648 5671; x_wconf 87' lang='lat' dir='ltr'><strong>qui</strong></span> <span class='ocrx_word' id='word_1_931' title='bbox 2680 5601 2923 5657; x_wconf 90' lang='lat' dir='ltr'><strong>viderant</strong></span> <span class='ocrx_word' id='word_1_932' title='bbox 2949 5612 3002 5658; x_wconf 89' lang='lat' dir='ltr'><strong>et</strong></span> <span class='ocrx_word' id='word_1_933' title='bbox 3031 5604 3259 5658; x_wconf 89' lang='lat' dir='ltr'><strong>ministri</strong></span> <span class='ocrx_word' id='word_1_934' title='bbox 3285 5607 3551 5661; x_wconf 84' lang='lat' dir='ltr'><strong>sermonis</strong></span> <span class='ocrx_word' id='word_1_935' title='bbox 3581 5607 3817 5669; x_wconf 86' lang='lat' dir='ltr'><strong>fuerant,</strong></span> 
     </span>
    </p>
   </div>
   <div class='ocr_carea' id='block_1_117' title="bbox 2229 5691 3822 5761">
    <p class='ocr_par' dir='ltr' id='par_1_117' title="bbox 2229 5691 3822 5761">
     <span class='ocr_line' id='line_1_117' title="bbox 2229 5691 3822 5761; baseline 0.005 -16"><span class='ocrx_word' id='word_1_936' title='bbox 2229 5707 2294 5745; x_wconf 85' lang='lat' dir='ltr'><strong>ex</strong></span> <span class='ocrx_word' id='word_1_937' title='bbox 2326 5691 2522 5761; x_wconf 89' lang='lat' dir='ltr'><strong>Spiritu</strong></span> <span class='ocrx_word' id='word_1_938' title='bbox 2553 5704 2728 5749; x_wconf 90' lang='lat' dir='ltr'><strong>erant.</strong></span> <span class='ocrx_word' id='word_1_939' title='bbox 2760 5693 2828 5747; x_wconf 84' lang='lat' dir='ltr'><strong>Et</strong></span> <span class='ocrx_word' id='word_1_940' title='bbox 2858 5706 2953 5749; x_wconf 89' lang='lat' dir='ltr'><strong>cur</strong></span> <span class='ocrx_word' id='word_1_941' title='bbox 2982 5709 3085 5747; x_wconf 93' lang='lat' dir='ltr'><strong>non</strong></span> <span class='ocrx_word' id='word_1_942' title='bbox 3116 5694 3269 5757; x_wconf 89' lang='lat' dir='ltr'><strong>dixit,</strong></span> <span class='ocrx_word' id='word_1_943' title='bbox 3302 5695 3451 5750; x_wconf 89' lang='lat' dir='ltr'><strong>Sicut</strong></span> <span class='ocrx_word' id='word_1_944' title='bbox 3481 5696 3822 5753; x_wconf 88' lang='lat' dir='ltr'><strong>tradiderunt</strong></span> 
     </span>
    </p>
   </div>
   <div class='ocr_carea' id='block_1_118' title="bbox 2231 5786 3819 5856">
    <p class='ocr_par' dir='ltr' id='par_1_118' title="bbox 2231 5786 3819 5856">
     <span class='ocr_line' id='line_1_118' title="bbox 2231 5786 3819 5856; baseline 0.003 -18"><span class='ocrx_word' id='word_1_945' title='bbox 2231 5786 2406 5849; x_wconf 89' lang='lat' dir='ltr'><strong>nobis,</strong></span> <span class='ocrx_word' id='word_1_946' title='bbox 2432 5787 2524 5855; x_wconf 87' lang='lat' dir='ltr'><strong>qui</strong></span> <span class='ocrx_word' id='word_1_947' title='bbox 2556 5786 2757 5855; x_wconf 88' lang='lat' dir='ltr'><strong>Spiritu</strong></span> <span class='ocrx_word' id='word_1_948' title='bbox 2786 5796 2976 5841; x_wconf 85' lang='lat' dir='ltr'><strong>sancto</strong></span> <span class='ocrx_word' id='word_1_949' title='bbox 3011 5787 3213 5856; x_wconf 86' lang='lat' dir='ltr'><strong>dignati</strong></span> <span class='ocrx_word' id='word_1_950' title='bbox 3257 5797 3431 5851; x_wconf 87' lang='lat' dir='ltr'><strong>erant,</strong></span> <span class='ocrx_word' id='word_1_951' title='bbox 3476 5788 3595 5856; x_wconf 85' lang='lat' dir='ltr'><strong>sed,</strong></span> <span class='ocrx_word' id='word_1_952' title='bbox 3628 5789 3725 5855; x_wconf 84' lang='lat' dir='ltr'><strong>Qui</strong></span> <span class='ocrx_word' id='word_1_953' title='bbox 3754 5792 3819 5842; x_wconf 77' lang='lat' dir='ltr'><strong>ab</strong></span> 
     </span>
    </p>
   </div>
   <div class='ocr_carea' id='block_1_119' title="bbox 2234 5876 3821 5948">
    <p class='ocr_par' dir='ltr' id='par_1_119' title="bbox 2234 5876 3821 5948">
     <span class='ocr_line' id='line_1_119' title="bbox 2234 5876 3821 5948; baseline 0.004 -19"><span class='ocrx_word' id='word_1_954' title='bbox 2234 5876 2375 5931; x_wconf 85' lang='lat' dir='ltr'><strong>initio</strong></span> <span class='ocrx_word' id='word_1_955' title='bbox 2403 5877 2673 5932; x_wconf 82' lang='lat' dir='ltr'><strong>viderunt?</strong></span> <span class='ocrx_word' id='word_1_956' title='bbox 2710 5877 2842 5948; x_wconf 88' lang='lat' dir='ltr'><strong>Quia</strong></span> <span class='ocrx_word' id='word_1_957' title='bbox 2872 5878 2973 5934; x_wconf 87' lang='lat' dir='ltr'><strong>hoc</strong></span> <span class='ocrx_word' id='word_1_958' title='bbox 2999 5878 3225 5935; x_wconf 79' lang='lat' dir='ltr'><strong>maxime</strong></span> <span class='ocrx_word' id='word_1_959' title='bbox 3249 5878 3403 5934; x_wconf 83' lang='lat' dir='ltr'><strong>fidem</strong></span> <span class='ocrx_word' id='word_1_960' title='bbox 3440 5879 3582 5943; x_wconf 81' lang='lat' dir='ltr'><strong>facit.</strong></span> <span class='ocrx_word' id='word_1_961' title='bbox 3607 5894 3727 5936; x_wconf 87' lang='lat' dir='ltr'><strong>cum</strong></span> <span class='ocrx_word' id='word_1_962' title='bbox 3750 5880 3821 5935; x_wconf 79' lang='lat' dir='ltr'><strong>ah</strong></span> 
     </span>
    </p>
   </div>
  </div>
