4092 6486
286 472 351 527 n
1336 456 1404 511 IN
1441 455 1623 512 ACTA
1668 454 2171 514 APOSTOLORUM
2214 458 2447 517 llOMlL.
2485 461 2524 515 l.
3547 474 3611 531 13

286 588 354 644 iis
379 583 515 656 ipsis
542 583 637 654 qui
670 580 916 637 viderunt
950 584 1239 639 narratur;
1295 571 1424 626 illud
1455 587 1584 627 vero
1633 587 1889 643 arrogan-

288 682 417 736 tiam
449 686 507 733 et
536 674 735 731 fastum
769 687 878 743 prae
905 686 965 725 se
999 668 1207 723 tulisset
1236 665 1375 736 apud
1402 665 1739 734 insipientes.
1774 666 1897 719 ldco

288 773 527 829 Joannes
573 766 787 823 dicebat
820 784 835 819 :
864 762 978 834 Ego
1004 761 1126 827 vidi,
1154 769 1201 813 et
1242 756 1588 812 testimonium
1638 756 1891 825 perhibui,

286 865 406 930 quia
428 863 511 915 hic
532 868 609 913 cst
641 856 810 911 Filius
827 853 924 909 Dei
956 852 1135 923 (Joan.
1164 853 1213 906 1.
1380 848 1629 904 Christus
1659 862 1789 902 vero
1814 846 1893 901 sic

285 952 582 1022 alloquitur
606 948 956 1004 Nicodcmum
983 944 1157 998 adhuc
1179 942 1453 997 rudiorem
1484 958 1495 993 :
1530 940 1683 1006 Quod
1705 938 1891 992 scimus

283 1047 566 1115 loquimur,
604 1053 651 1096 et
696 1041 832 1112 quod
880 1038 1099 1091 uidimus
1146 1044 1412 1100 testamur,
1457 1041 1503 1086 et
1549 1030 1891 1085 testimonium

284 1145 516 1191 nostrum
557 1149 703 1187 nemo
749 1131 935 1198 accipit
970 1126 1080 1197 (Id.
1116 1124 1309 1196 5.11).
1342 1127 1420 1179 Ac
1464 1137 1679 1177 rttrsum
1708 1136 1890 1176 osseu-

281 1229 416 1283 deus
464 1226 634 1282 multa
664 1239 728 1278 ex
771 1222 1055 1278 oculorum
1105 1216 1417 1273 testimonio
1447 1215 1574 1278 dici,
1608 1213 1890 1283 discipulis

280 1322 523 1377 dicebat:
550 1316 618 1371 Et
638 1333 721 1371 vos
742 1312 1083 1383 testiﬁcamini
1106 1311 1167 1364 de
1186 1326 1284 1376 me,
1305 1309 1423 1379 quia
1442 1306 1503 1360 ab
1524 1306 1670 1360 initio
1693 1321 1888 1358 mecum

278 1415 399 1469 estis
426 1410 540 1483 (Id.
571 1410 660 1467 15.
690 1407 807 1481 27).
840 1405 1083 1478 Apostoli
1127 1417 1342 1474 quoque
1385 1416 1530 1470 saepe
1559 1400 1628 1453 ita
1660 1398 1887 1467 loquun-

281 1517 397 1561 tur:
430 1505 604 1560 Testes
633 1520 726 1558 nos
754 1512 801 1557 et
827 1500 1054 1571 Spiritus
1100 1506 1337 1563 sanctus,
1378 1509 1527 1564 quem
1563 1491 1701 1544 dedit
1746 1490 1885 1544 Deus

274 1598 597 1653 credentibus
619 1598 673 1650 in
708 1611 762 1650 se
791 1594 927 1665 (Act.
956 1592 1011 1646 2.
1042 1588 1157 1662 52).
1201 1588 1394 1644 Postea
1425 1600 1553 1641 vero
1579 1584 1793 1649 Petrus,
1828 1593 1885 1637 ut

274 1690 663 1747 resurrectioni
697 1685 857 1741 fidem
901 1684 1085 1747 faciat,
1114 1680 1245 1736 dicit
1274 1697 1288 1732 :
1324 1678 1425 1743 Qui
1467 1676 1883 1729 manducavimus

274 1794 321 1836 et
347 1783 563 1837 bibimus
602 1794 715 1832 cum
752 1778 843 1830 illo
878 1775 1039 1845 (Ibid.
1071 1773 1160 1827 10.
1206 1771 1323 1842 41).
1353 1768 1587 1824 Facilius
1616 1768 1760 1822 enim
1790 1782 1881 1821 co-

274 1892 396 1931 rum
423 1872 806 1929 'testimonium
849 1865 1248 1929 admittebant,
1288 1862 1380 1933 qui
1417 1860 1614 1916 versati
1672 1858 1881 1912 fuerant

272 1984 399 2024 cum
433 1967 547 2031 illo,
580 1965 723 2036 quod
751 1962 929 2017 adhuc
959 1961 1119 2029 longe
1146 1958 1402 2012 abessent
1432 1970 1461 2009 a
1490 1954 1681 2009 notitia
1711 1952 1881 2022 Spiri-

272 2073 381 2117 tus.
407 2059 769 2129 Quamobrem
797 2055 1034 2111 Joannes
1063 2052 1115 2105 in
1155 2047 1446 2119 Evangelio
1472 2045 1686 2101 dicebat
1714 2060 1773 2099 se
1802 2044 1880 2097 vi-

267 2158 436 2221 disse,
469 2155 539 2209 de
566 2151 830 2222 sanguine
854 2158 909 2203 et
937 2162 1078 2218 aqua
1124 2146 1373 2213 loquens,
1404 2140 1676 2195 oculatum
1725 2137 1876 2191 testi-

268 2248 512 2303 monium
536 2254 594 2299 ut
619 2242 913 2298 maximum
941 2252 1181 2311 ponens;
1212 2233 1424 2290 etiamsi
1450 2230 1625 2287 oculis
1645 2230 1875 2285 certiora

265 2343 381 2400 sint
408 2354 468 2395 ea
498 2352 619 2408 quae
660 2350 692 2389 a
723 2332 933 2404 Spiritu
976 2328 1423 2402 proficiscuntur;
1465 2323 1561 2378 sed
1599 2334 1706 2375 non
1734 2320 1874 2391 apud

266 2431 606 2489 incredulos.
636 2426 791 2495 Quod
826 2439 954 2479 vero
984 2422 1220 2493 Spiritus
1246 2417 1521 2490 particeps
1545 2414 1725 2469 Lucas
1753 2412 1872 2467 fue-

263 2528 360 2592 rit,
389 2541 453 2581 ex
502 2521 687 2578 multis
735 2517 1081 2590 perspicuum
1109 2522 1225 2579 est;
1280 2523 1395 2567 tum
1421 2527 1490 2567 ex
1537 2509 1705 2580 signis
1752 2523 1874 2579 quae

264 2627 396 2672 tunc
426 2615 643 2675 fiebant.
677 2623 788 2667 tum
812 2609 953 2681 Quod
987 2608 1081 2664 illo
1123 2617 1367 2675 tempore
1395 2601 1621 2675 quilibet
1639 2600 1873 2672 Spiritus

258 2718 449 2765 essent
488 2706 819 2777 participes;
864 2713 975 2758 tum
1016 2717 1084 2757 ex
1127 2699 1274 2755 Pauli
1316 2695 1668 2754 testimonio:
1710 2694 1872 2764 Cujus

260 2801 380 2853 latis
419 2808 491 2853 est
526 2800 580 2851 in
621 2796 881 2867 cvangelio
922 2794 998 2867 (2.
1024 2792 1143 2847 Cor.
1168 2791 1223 2847 8.
1251 2790 1366 2861 18),
1408 2789 1620 2858 inquit;
1666 2797 1775 2841 tttm
1803 2802 1868 2840 cx

258 2890 626 2946 ordinationis
650 2888 899 2952 calculo:
949 2894 1072 2956 post
1117 2883 1249 2939 illud
1280 2882 1425 2938 enim
1455 2880 1643 2935 addit:
1688 2878 1795 2934 Sed
1820 2888 1869 2933 et

256 2985 529 3038 ordinatus
555 2991 627 3037 est
656 2982 719 3035 ab
760 2979 1003 3035 Ecclesia
1027 2993 1194 3032 comes
1232 2973 1655 3047 peregrinationis
1681 2983 1870 3027 nostra:

255 3077 314 3129 in
340 3076 473 3128 hanc
498 3074 737 3145 gratiam,
765 3086 878 3143 qua!
895 3070 1214 3124 ministratur
1242 3083 1274 3120 a
1308 3063 1473 3119 nobis.

339 3167 395 3221 5.
426 3164 494 3220 Et
521 3164 643 3219 vide
668 3178 828 3234 quam
857 3162 929 3217 sit
959 3176 990 3216 a
1026 3160 1166 3215 fastu
1195 3158 1423 3213 alienus.
1462 3152 1581 3209 Non
1611 3153 1755 3208 enim
1786 3151 1865 3207 di-

250 3258 353 3324 cit,
378 3256 612 3312 Primum
635 3254 992 3325 evangelium,
1018 3250 1163 3323 quod
1183 3248 1574 3320 evangelizavi;
1600 3246 1717 3312 sed,
1748 3243 1867 3297 Pri-

252 3365 399 3403 mum
419 3362 699 3403 sermonem
727 3346 843 3419 feci,
878 3359 939 3401 se
968 3343 1225 3413 majorem
1256 3356 1377 3397 esse
1408 3348 1601 3412 putans
1625 3352 1861 3408 evange.

253 3441 317 3495 lii
343 3439 756 3511 appellationem
787 3455 801 3492 :
834 3436 1044 3493 etiamsi
1073 3435 1223 3489 illum
1251 3433 1376 3489 inde
1402 3431 1683 3503 apostolus
1714 3433 1861 3485 cele-

252 3532 401 3597 bret,
446 3532 630 3588 dicens
670 3549 685 3585 :
730 3530 890 3601 Cujus
928 3530 1042 3583 laus
1078 3537 1153 3583 est
1196 3528 1249 3581 in
1288 3527 1570 3597 evangelio.
1619 3523 1727 3579 Sed
1774 3524 1863 3579 ille

251 3626 504 3681 modeste
539 3626 619 3679 sic
647 3624 882 3694 loquitur
912 3641 925 3677 :
954 3620 1190 3676 Primum
1217 3620 1423 3692 quidem
1452 3634 1738 3674 sermonem
1766 3618 1864 3688 feci

252 3716 323 3769 de
351 3715 601 3781 omnibus,
635 3730 665 3767 ο
695 3713 997 3783 Theophile,
1020 3728 1134 3782 qua:
1160 3713 1308 3780 coepit
1336 3712 1368 3764 J
1376 3728 1488 3765 esus
1513 3715 1683 3781 facere
1703 3719 1748 3763 et
1770 3710 1863 3763 do-

252 3822 403 3872 cere;
431 3820 536 3861 non
569 3804 905 3875 simpliciter,
936 3803 1011 3858 De
1036 3803 1307 3867 omnibus,
1333 3800 1427 3856 sed
1454 3817 1483 3855 a
1512 3800 1774 3872 principio
1793 3800 1859 3855 ad

253 3897 417 3951 linem
444 3910 611 3967 usque
642 3914 657 3951 :
688 3894 871 3967 Usque
898 3894 968 3949 ad
988 3892 1153 3960 diem,
1185 3893 1379 3963 inquit,
1410 3909 1516 3964 quo
1551 3904 1860 3962 assumptus

251 4000 361 4046 est.
393 3990 551 4062 Atqui
581 3989 816 4046 Joannes
838 3987 1078 4043 declarat
1115 4000 1221 4041 non
1263 4000 1421 4055 posse
1456 3985 1634 4039 omnia
1674 3984 1856 4041 scribi.

255 4080 334 4139 Ut
353 4081 497 4135 enim
528 4080 632 4135 hoc
654 4078 922 4145 ostendat,
947 4086 1227 4148 postquam
1250 4077 1494 4131 dixerat:
1521 4076 1647 4143 ριιω
1670 4078 1714 4131 si
1734 4078 1860 4130 scri-

252 4174 677 4245 bantursingula,
694 4188 785 4226 nec
805 4172 974 4241 ipsum
993 4169 1213 4223 arbitror
1228 4168 1477 4223 mundum
1499 4185 1645 4239 posse
1655 4186 1853 4235 capere,

250 4265 443 4339 adjicit
464 4308 479 4331 .
510 4266 614 4321 Eos
636 4268 722 4333 qui
751 4264 1005 4320 scribendi
1039 4274 1159 4318 sunt
1192 4264 1348 4319 libros
1376 4262 1573 4335 (Joan.
1599 4262 1692 4319 21.
1721 4265 1793 4322 25
1812 4266 1855 4337 ).

250 4357 539 4427 Quomodo
568 4358 749 4428 igitur,
780 4356 1012 4427 inquies,
1051 4355 1138 4410 hic
1181 4354 1250 4411 de
1287 4355 1537 4411 omnibus
1578 4356 1859 4427 loquitur?

251 4454 328 4507 At
356 4466 463 4505 non
492 4450 647 4517 dixit,
674 4447 886 4513 Omnia,
917 4447 1034 4513 sed,
1066 4447 1146 4501 De
1169 4447 1398 4502 omnibus
1421 4464 1440 4502 :
1470 4462 1533 4503 ac
1556 4448 1601 4504 si
1627 4450 1747 4519 quis
1771 4449 1858 4505 di-

250 4551 343 4599 cat
367 4542 674 4598 summatim
695 4550 749 4596 et
767 4542 821 4598 in
841 4556 1068 4611 genere;
1097 4550 1190 4595 aut
1208 4540 1275 4596 de
1299 4541 1548 4597 omnibus
1573 4556 1691 4612 qua:
1711 4557 1860 4597 com-

250 4644 446 4705 petunt
464 4643 521 4689 et
548 4644 754 4705 urgent.
785 4634 987 4689 Deinde
1010 4632 1243 4689 ostendit
1266 4648 1385 4704 quae
1406 4634 1511 4689 sint
1538 4633 1625 4688 illa
1652 4635 1854 4701 omnia,

254 4728 391 4795 Qua:
416 4728 564 4797 carpit
591 4726 741 4781 Jesus
767 4730 935 4798 facere
962 4736 1009 4781 et
1036 4728 1250 4793 docere;
1294 4726 1550 4795 miracula
1583 4743 1776 4798 nempe
1802 4737 1859 4785 et

248 4822 558 4877 doctrinam
582 4820 946 4891 subindicants.
978 4819 1162 4891 Neque
1190 4820 1292 4875 hoc
1316 4829 1554 4889 tantum,
1583 4821 1679 4877 sed
1714 4822 1855 4892 quod

242 4915 419 4973 etiam
462 4911 706 4968 faciendo
744 4912 986 4969 doceret.
1031 4912 1165 4968 Vide
1189 4923 1368 4970 autem
1397 4914 1540 4968 illius
1565 4914 1856 4986 benignum

247 5006 719 5076 apostolicumque
744 5006 980 5061 animum
1000 5048 1017 5073 ,
1049 5008 1137 5078 qui
1166 5007 1249 5062 vel
1277 5007 1416 5061 illius
1440 5007 1669 5063 hominis
1694 5023 1855 5064 causa

248 5101 397 5154 hanc
425 5099 664 5168 suscepit
691 5108 996 5153 accuratam
1022 5114 1241 5170 operam
1263 5141 1275 5163 ,
1313 5108 1371 5154 ut
1400 5107 1569 5154 totum
1609 5100 1854 5171 Evange-

247 5192 382 5245 lium
424 5190 704 5246 scriberet.
750 5187 818 5245 Ut
858 5190 1073 5258 habeas,
1106 5191 1294 5262 inquit,
1336 5208 1531 5259 eorum,
1571 5192 1635 5246 de
1676 5193 1857 5263 quibus

244 5282 480 5337 eruditus
506 5298 579 5349 es,
611 5297 899 5335 sermonum
926 5282 1185 5335 veritatem
1216 5281 1364 5353 (Luc.
1404 5284 1453 5338 1.
1485 5282 1563 5355 4).
1598 5284 1856 5340 Audierat

244 5373 397 5427 enim
425 5372 699 5429 Christum
728 5373 995 5429 dicentem
1025 5393 1037 5429 :
1066 5372 1186 5428 Non
1210 5384 1281 5429 est
1308 5376 1538 5429 voluntas
1563 5374 1734 5429 Patris
1755 5378 1855 5431 mei

245 5473 307 5517 ut
336 5473 505 5531 pereat
530 5480 662 5517 unus
691 5480 755 5519 ea:
782 5464 862 5518 his
888 5464 1087 5533 pusillis
1117 5463 1345 5537 (Matth.
1374 5465 1463 5521 18.
1494 5467 1560 5521 14
1583 5465 1621 5536 ).
1660 5466 1729 5521 ΕΙ.
1758 5484 1854 5523 cur

246 5568 361 5608 non
383 5569 546 5609 unum
575 5554 769 5610 librum
793 5554 921 5611 fecit
949 5555 1038 5609 nui
1068 5555 1369 5625 Theophilo
1396 5557 1731 5623 mittendum,
1757 5559 1853 5614 scd

245 5647 304 5700 in
344 5644 451 5701 duo
483 5646 711 5717 partitus
738 5656 822 5702 est
846 5647 1193 5718 argumenta?
1233 5648 1630 5720 Perspicuitatis
1654 5665 1813 5706 causa
1834 5694 1849 5718 ,

243 5750 305 5795 ct
345 5746 403 5793 ut
444 5740 902 5796 intermissionem
949 5739 1101 5795 daret
1139 5739 1364 5795 auditori
1401 5759 1413 5793 :
1445 5742 1682 5812 alioquin
1724 5760 1852 5798 vero

243 5832 494 5888 distincta
516 5842 645 5887 sunt
664 5831 949 5887 amborum
971 5842 1305 5901 argumenta.
1330 5832 1653 5889 Consideres
1669 5846 1847 5891 autem

244 5926 404 5983 velim
424 5968 442 5998 ,
468 5926 745 6000 quomodo
773 5926 1022 5984 Christus
1053 5941 1146 5999 per
1173 5943 1331 6000 opera
1363 5928 1519 5985 dictis
1548 5930 1658 5985 suis
1691 5929 1846 5987 ﬁdem

2005 575 2323 629 Conciliarit.‘
2364 574 2449 631 Ad
2494 578 2959 635 mansuetudinem
3001 580 3349 651 hortabatur,
3387 587 3608 644 dicens:

2003 663 2196 719 Discite
2214 683 2247 718 a
2264 683 2361 731 me,
2377 668 2496 736 quia
2518 670 2652 722 mitis
2681 686 2793 723 sum
2820 681 2867 725 et
2893 674 3099 727 humilis
3120 676 3272 729 corde
3294 676 3609 741 (Maltinll.

1999 753 2115 823 29).
2148 754 2383 810 Docebat
2403 768 2792 827 paupertatem,
2820 770 2874 816 et
2898 762 3043 817 illam
3072 779 3165 833 per
3190 780 3358 836 opera
3380 768 3611 825 exhibe—

2000 847 2089 901 bat
2113 864 2127 898 :
2161 863 2284 902 nam
2318 848 2490 905 Filius
2515 852 2735 908 hominis
2763 871 2863 907 non
2887 856 3035 910 habet
3064 858 3148 911 ubi
3169 869 3323 930 caput
3346 878 3499 915 suum
3526 880 3611 918 re-

1998 938 2151 993 clinet
2180 938 2304 1009 (Id.
2334 941 2388 997 8.
2416 942 2527 1013 20)
2553 984 2568 1007 ,
2600 944 2788 1016 inquit.
2821 945 3049 1003 Juhehat
3099 965 3312 1005 rursum
3357 953 3608 1011 inimicos

1997 1030 2243 1099 diligere.
2277 1032 2391 1089 Hoc
2422 1034 2474 1088 in
2506 1050 2667 1092 cruce
2688 1037 2869 1093 docuit
2894 1055 3015 1095 cum
3043 1056 3140 1111 pro
3167 1043 3606 1115 crucifigentibus

1998 1133 2247 1190 precatus
2276 1132 2377 1178 est.
2412 1124 2654 1190 Dicebat,
2689 1126 2895 1183 Valenti
2920 1139 3083 1184 tecum
3105 1132 3159 1186 in
3180 1131 3375 1201 iudicio
3394 1147 3607 1193 conten-

1994 1213 2114 1269 dere
2140 1224 2187 1269 et
2214 1217 2439 1272 tunicam
2467 1228 2608 1272 luant
2633 1218 2832 1287 tollere,
2856 1222 3053 1278 dimitte
3078 1224 3125 1277 ei
3145 1234 3192 1278 et
3219 1225 3432 1293 pallium
3461 1227 3482 1298 (
3514 1226 3601 1281 Id.

1992 1309 2047 1363 5.
2077 1308 2184 1378 40)
2214 1326 2227 1363 :
2262 1309 2377 1379 ipse
2403 1325 2533 1366 vero
2563 1326 2671 1367 non
2702 1313 2875 1369 solum
2912 1316 3263 1381 vestimenta,
3303 1316 3398 1372 scd
3438 1320 3601 1373 etiam

1992 1400 2306 1470 sanguinem
2335 1416 2490 1457 suum
2520 1403 2689 1459 dedit.
2724 1404 2814 1460 Sic
2845 1406 3007 1461 etiam
3034 1406 3330 1478 discipulos
3358 1426 3488 1467 suos
3519 1413 3600 1464 fa-

1991 1507 2115 1548 cere
2135 1493 2314 1563 jussit.
2348 1495 2686 1566 Quapropter
2715 1497 2924 1553 dicebat
2968 1498 3161 1553 Paulus
3195 1517 3208 1554 :
3237 1500 3383 1555 Sicut
3406 1502 3601 1556 habetis

1990 1587 2209 1653 formam
2238 1595 2461 1640 nostram
2492 1586 2753 1659 (Philipp.
2786 1590 2839 1645 5.
2866 1588 2978 1663 17).
3009 1589 3155 1645 Nihil
3182 1592 3325 1647 enim
3351 1591 3597 1664 frigidius

1988 1677 2229 1745 doctore,
2255 1680 2341 1749 qui
2366 1679 2545 1734 verbis
2562 1688 2765 1735 tantum
2789 1680 3231 1752 philosophatur:
3254 1698 3431 1755 neque
3450 1685 3595 1741 enim

1991 1769 2093 1825 hoc
2116 1770 2354 1825 doctoris
2382 1780 2500 1839 est,
2531 1772 2625 1828 sed
2649 1772 2965 1844 hypocritae.
2995 1774 3201 1831 Idcirco
3225 1776 3452 1847 apostoli
3481 1780 3595 1848 pri-

1990 1883 2135 1922 mum
2159 1869 2436 1939 exemplo,
2466 1869 2593 1924 hinc
2611 1870 2790 1926 verbis
2816 1870 3112 1937 docebant;
3146 1872 3256 1927 imo
3284 1887 3392 1927 non
3414 1874 3596 1929 verbis

1986 1974 2121 2029 opus
2152 1959 2441 2025 habebant,
2470 1962 2725 2031 operibus
2746 1963 2876 2033 ipsis
2897 1964 3271 2021 clamantibus.
3294 1963 3481 2036 Neque
3501 1965 3595 2018 ah-

1986 2052 2245 2106 crraverit
2275 2052 2321 2106 si
2352 2052 2473 2122 quis
2504 2054 2810 2122 passionem
2836 2054 2955 2124 ejus
2982 2056 3248 2111 actionem
3279 2057 3552 2111 vocaverit
3578 2076 3591 2111 :

1984 2142 2239 2211 patiendo
2265 2159 2493 2214 namque
2516 2160 2767 2215 magnum
2795 2146 2922 2200 illud
2947 2147 3297 2216 mirabileque
3317 2162 3453 2218 Opus
3474 2148 3593 2204 edi-

1982 2233 2076 2298 dit,
2123 2248 2233 2303 quo
2272 2243 2501 2289 mortem
2543 2236 2727 2301 solvit,
2769 2249 2835 2291 ac
2881 2236 3088 2307 reliqua
3129 2239 3310 2293 omnia
3358 2240 3589 2309 peregit.

1980 2324 2035 2376 2.
2070 2324 2241 2394 Usque
2260 2326 2311 2379 in
2332 2327 2486 2392 diem,
2507 2342 2610 2396 qua
2633 2328 2933 2397 prmcipiens
2953 2329 3199 2399 apostolis
3220 2346 3309 2400 per
3334 2329 3593 2400 Spiritum

1979 2426 2230 2484 sanctum,
2250 2434 2377 2487 quos
2403 2418 2573 2490 elegit,
2605 2430 2898 2490 assumptus
2924 2429 3018 2475 est.
3047 2419 3155 2476 Per
3180 2420 3434 2493 Spiritum
3458 2439 3589 2492 prte.

1978 2509 2195 2579 cipiens,
2226 2509 2279 2563 id
2309 2520 2413 2577 est,
2443 2510 2742 2580 spiritualia
2773 2512 2915 2581 apud
2942 2512 3091 2582 ipsos
3118 2512 3349 2583 loquens
3380 2528 3590 2585 praece-

1980 2611 2091 2671 pta,
2124 2601 2361 2673 nihilque
2395 2603 2709 2659 humanum.
2742 2603 2839 2659 Vel
2868 2604 2972 2661 hoc
2999 2620 3130 2677 ergo
3151 2606 3475 2670 dicendum:
3504 2608 3589 2665 vel

1977 2693 2118 2765 quod
2148 2708 2246 2764 per
2270 2692 2690 2766 Spiritumipsis
2718 2698 3061 2767 praeceperit.
3092 2697 3278 2764 Vides,
3311 2700 3587 2770 quomodo

1975 2787 2153 2842 adhuc
2176 2787 2243 2842 de
2264 2785 2479 2843 Christo
2503 2788 2779 2846 humiliter
2808 2790 3077 2861 loquatur,
3101 2799 3161 2847 ut
3177 2800 3236 2849 et
3257 2792 3375 2862 ipse
3399 2792 3469 2848 de
3496 2808 3586 2849 se-

1976 2878 2093 2948 ipso
2117 2878 2468 2949 loquebatur,
2501 2878 2688 2936 dicens
2713 2897 2727 2935 :
2752 2880 2815 2937 Si
2852 2892 3023 2937 autent
3057 2898 3145 2953 ego
3173 2883 3227 2937 in
3256 2882 3461 2953 Spiritu
3490 2882 3585 2938 Dei

1974 2971 2121 3040 ejicio
2148 2970 2402 3024 daemonia
2431 2970 2644 3044 (Matth.
2668 2971 2755 3027 12.
2790 2971 2926 3045 28)ἳ
2955 2972 3170 3029 Etenim
3201 2975 3435 3045 Spiritus
3458 2991 3585 3031 san-

1973 3072 2091 3117 ctus
2116 3062 2167 3116 in
2195 3063 2285 3117 illo
2311 3064 2511 3133 templo
2535 3063 2877 3134 operabatur.
2911 3065 3048 3134 Quid
3078 3076 3256 3123 autem
3287 3068 3582 3137 prmcepit?

1973 3152 2169 3208 Enntes
2198 3155 2371 3209 docete
2399 3171 2572 3209 omnes
2598 3165 2771 3227 gentes
2791 3198 2804 3221 ,
2837 3156 3153 3226 baptizantes
3180 3174 3265 3214 eos
3290 3160 3343 3214 in
3375 3160 3585 3216 nomine

1973 3242 2149 3298 Patris
2178 3253 2225 3299 et
2256 3244 2384 3302 Filii
2412 3255 2458 3299 et
2491 3244 2720 3312 Spiritus
2748 3249 2949 3312 sancti;
2987 3250 3223 3303 docentes
3256 3265 3341 3305 eos
3379 3266 3582 3310 servare

1970 3336 2143 3390 omnia
2170 3353 2495 3408 quaecumque
2525 3338 2765 3393 mandavi
2795 3338 2933 3392 vobis
2965 3339 2983 3410 (
3012 3339 3101 3393 ld.
3147 3341 3242 3396 28.
3300 3341 3390 3398 19.
3433 3342 3505 3399 20
3536 3345 3579 3413 ).

1967 3426 2155 3499 Magna
2203 3428 2321 3483 laus
2358 3430 2761 3499 apostolorum,
2794 3446 2915 3486 cum
2957 3432 3080 3486 talia
3128 3434 3259 3505 ipsis
3287 3436 3579 3492 commissa

1968 3519 2110 3583 sint,
2144 3520 2397 3574 nimirum
2438 3520 2600 3574 totius
2637 3522 2784 3576 orbis
2826 3523 3007 3589 salus;
3055 3540 3179 3579 eum
3219 3525 3383 3582 etiam
3413 3527 3577 3584 verba

1966 3612 2165 3683 Spiritu
2196 3613 2353 3683 plena
2390 3622 2572 3667 essent
2605 3632 2617 3666 :
2649 3612 2701 3667 id
2741 3614 2883 3683 quod
2929 3614 3279 3673 subiudicans
3320 3618 3537 3675 dicebat
3560 3663 3575 3685 ,

1968 3701 2073 3756 Per
2113 3703 2368 3772 Spiritum
2406 3712 2678 3767 sanctum;
2720 3703 2771 3759 id
2816 3713 2938 3772 est,
2968 3703 3146 3761 Verba
3173 3722 3295 3778 qua:
3320 3709 3578 3780 loquutus

1966 3810 2085 3850 sum
2115 3796 2287 3871 vobis,
2316 3797 2545 3866 Spiritus
2575 3808 2721 3853 sunt.
2755 3797 2868 3853 lloc
2898 3814 3061 3869 porro
3088 3800 3239 3867 dicit,
3273 3812 3333 3858 ut
3359 3804 3575 3859 audito-

1967 3903 2080 3943 rem
2122 3887 2189 3942 ad
2229 3890 2721 3954 concupiscentiam
2768 3889 2943 3946 trahat
2991 3892 3234 3948 discendi
3280 3906 3572 3967 praecepta,

1965 3979 2332 4049 apostolisque
2362 3978 2521 4035 fidem
2552 3982 2806 4037 conciliet
2831 4000 2844 4036 :
2874 3982 3140 4053 siquidem
3168 3999 3230 4041 ea
3252 4027 3268 4053 ,
3300 4003 3421 4057 qua:
3447 4000 3579 4045 sunt

1965 4067 2217 4139 Spiritus,
2249 4070 2521 4141 loquuturi
2570 4082 2730 4141 sunt,
2774 4088 2985 4130 necnon
3035 4090 3304 4149 prtecepta
3346 4079 3573 4137 Christi.

1964 4161 2099 4218 Cum
2133 4164 2499 4234 prmeepisset,
2538 4164 2729 4235 inquit,
2771 4166 3078 4235 Assumptus
3113 4178 3209 4224 est.
3256 4169 3373 4226 Non
3411 4171 3570 4240 dixit,

1964 4254 2259 4321 Ascendit;
2300 4255 2423 4325 quia
2454 4254 2523 4311 de
2549 4256 2643 4311 illo
2673 4266 2731 4311 ut
2755 4256 2824 4313 de
2855 4257 3075 4315 homine
3104 4260 3276 4317 adhuc
3314 4262 3572 4333 loquitur.

1964 4347 2094 4404 Post
2132 4350 2583 4407 resurrectionem
2622 4368 2839 4425 quoque
2880 4353 3111 4413 fortasse
3149 4357 3441 4429 discipulos
3475 4361 3577 4417 do-

1963 4440 2104 4506 cuit;
2135 4440 2231 4496 sed
2256 4440 2360 4497 hoc
2388 4449 2560 4498 totum
2589 4452 2803 4515 tempus
2828 4460 2989 4502 nemo
3019 4447 3175 4504 nobis
3204 4460 3456 4508 accurate
3481 4469 3575 4509 ex-

1963 4532 2199 4603 plicavit.
2232 4532 2433 4590 Verum
2462 4533 2591 4592 huic
2618 4536 2693 4591 rei
2734 4538 2905 4610 magis
2942 4538 3263 4596 immoratur
3297 4542 3537 4600 Joannes
3558 4588 3572 4611 ,

1962 4640 2123 4695 quam
2150 4626 2332 4681 caeteri
2358 4669 2374 4695 ,
2406 4636 2464 4682 ut
2493 4624 2580 4683 hic
2606 4644 2852 4699 quoque;
2882 4629 2976 4685 sed
3007 4631 3186 4687 nullus
3215 4635 3396 4688 omnia
3424 4634 3576 4693 clare

1963 4718 2233 4773 recensuit
2263 4736 2278 4773 :
2328 4720 2396 4775 ad
2424 4719 2567 4774 aliud
2599 4722 2797 4792 quippe
2826 4722 3176 4779 festinabant.
3226 4724 3356 4781 llaec
3408 4741 3575 4796 porro

1962 4810 2249 4866 didicimus
2278 4828 2377 4883 per
2398 4813 2694 4883 apostolos,
2722 4816 2812 4885 qui
2834 4830 2897 4871 ea
2920 4831 3040 4887 quae
3063 4816 3348 4872 audierant
3370 4821 3575 4875 retule-

1965 4906 2379 4973 runt.5.Quibus
2394 4919 2441 4962 et
2462 4910 2679 4978 praebuit
2696 4910 2920 4979 seipsum
2937 4912 3122 4967 vivum.
3142 4911 3420 4984 Loquutus
3446 4925 3575 4973 ante

1962 5000 2030 5055 de
2054 5002 2445 5072 assumptione,
2465 5003 2576 5072 jam
2604 5003 2672 5059 de
2698 5005 3096 5061 resurrectione
3112 5007 3239 5078 agit.
3262 5007 3399 5077 Quia
3422 5010 3569 5065 enim

1962 5092 2191 5161 dixerat,
2215 5094 2523 5166 Assumptus
2552 5107 2626 5151 est
2646 5139 2660 5163 ,
2698 5113 2767 5153 ne
2804 5106 3023 5168 putares
3054 5100 3206 5155 illttm
3233 5101 3301 5156 ab
3327 5103 3447 5157 aliis
3476 5119 3568 5158 as-

1962 5196 2233 5256 sumptum
2261 5188 2451 5257 fuisse,
2477 5188 2775 5259 subjunxit,
2809 5191 3005 5259 Quibus
3029 5203 3075 5247 et
3103 5193 3320 5265 prtebuit
3347 5199 3569 5267 seipsum

1960 5280 2150 5333 vivum.
2182 5280 2315 5335 Nam
2344 5282 2390 5337 si
2422 5282 2474 5336 in
2498 5283 2693 5354 majori
2724 5300 2782 5339 re
2808 5284 3047 5355 seipsum
3079 5286 3360 5353 exhibuit,
3396 5289 3568 5344 multo

1961 5373 2131 5443 magis
2157 5373 2209 5427 in
2236 5373 2450 5429 minori.

2032 5468 2086 5522 4.
2121 5466 2307 5523 Viden’
2334 5469 2606 5540 quomodo
2629 5472 2933 5527 clanculum
2957 5473 3073 5529 haec
3096 5491 3289 5546 magna
3316 5476 3570 5533 dissemi-

1960 5568 2052 5617 net
2071 5561 2354 5632 dogmata?
2376 5560 2482 5618 Per
2502 5563 2610 5617 dies
2630 5565 2970 5637 quadraginta
2991 5582 3246 5636 apparens
3267 5570 3358 5623 eis.
3382 5570 3570 5641 Neque

1960 5655 2125 5721 enim,
2150 5664 2207 5711 ut
2232 5666 2358 5712 ante
2382 5658 2871 5723 resurrectionem,
2900 5674 3117 5729 semper
3137 5678 3261 5717 cum
3290 5662 3398 5717 illis
3427 5674 3565 5718 erat.

1960 5746 2195 5803 Observa
2218 5756 2396 5804 autem
2420 5766 2525 5820 non
2547 5749 2749 5806 dixisse
2772 5752 2941 5819 illum,
2961 5752 3325 5824 Quadragtnta
3351 5754 3565 5822 diebus,

1961 5840 2073 5904 sed,
2106 5841 2211 5896 Per
2237 5842 2345 5895 dies
2371 5843 2735 5914 quadraginta.
2764 5844 3101 5900 Adveniebat
3126 5848 3270 5901 enim
3294 5889 3309 5913 ,
3340 5855 3397 5902 et
3420 5862 3560 5902 avo-

1960 5931 2103 5988 labat
2134 5948 2365 5988 rursum.
2400 5934 2614 6002 Quare?
2644 5938 2869 5994 Animos
2899 5937 3117 5992 illorum
3143 5938 3211 5993 ad
3236 5938 3427 5994 altiora
3458 5943 3565 5997 du-
