4092 6484
536 475 602 530 19
1238 467 1294 526 S.
1331 465 1608 524 JOANNIS
1642 458 2111 519 CHRYSOSTOMI
2139 455 2453 514 ARCIIIEP.
2485 457 3014 518 CONSTANTINOP.
3740 460 3813 515 20

533 587 684 644 κείω
707 627 722 653 ,
766 602 865 642 nec
904 585 1111 641 sinebat
1143 584 1263 639 illos
1294 582 1511 653 perinde
1539 595 1663 649 erga
1698 593 1757 633 se
1785 577 1926 631 afﬁci
1952 584 2110 645 atque

531 686 708 733 antea.
740 678 849 733 Nec
869 678 983 733 sine
1009 692 1167 733 causa
1199 675 1298 730 hoc
1324 674 1527 744 agebat,
1561 671 1655 727 sed
1682 678 1965 737 utrumque
1994 667 2114 720 dili-

531 778 719 838 genter
764 782 1093 838 przeparans,
1127 776 1183 820 ut
1225 762 1545 820 resurrectio
1584 760 1908 816 crederetur,
1958 767 2011 811 et
2057 763 2116 809 ut

538 860 709 927 major
752 859 865 929 ipse
911 865 1185 927 putaretur
1224 869 1342 909 e656
1364 895 1380 917 ,
1412 867 1570 922 quam
1602 853 1781 904 homo.
1814 848 1971 917 Atqui
2002 847 2116 898 lucc

535 960 686 1005 erant
720 950 859 1005 inter
895 964 957 1004 se
994 948 1280 1003 contraria.
1310 944 1380 1001 Ut
1407 945 1549 999 enim
1581 940 1900 997 resurrectio
1926 937 2114 991 crede-

538 1052 701 1105 retur,
730 1039 958 1093 humana
985 1038 1149 1091 multa
1177 1036 1289 1090 fieri
1319 1034 1627 1105 oportebat;
1659 1041 1715 1086 ut
1740 1032 1964 1085 alterum
1991 1042 2118 1082 vero

541 1134 844 1187 firmaretur
866 1171 881 1196 ,
910 1147 1014 1185 non
1046 1130 1193 1184 item.
1227 1130 1475 1183 Attamen
1503 1135 1787 1195 utrumque
1816 1131 2119 1193 Opportuna

540 1232 778 1291 tempore
820 1220 1014 1276 factum
1050 1230 1147 1275 est.
1201 1218 1311 1275 Cur
1356 1230 1531 1273 autem
1574 1233 1679 1271 non
1720 1216 1985 1277 omnibus,
2024 1212 2119 1267 sed

537 1314 794 1385 apostolis
822 1322 1023 1368 tantum
1053 1312 1331 1383 apparuit?
1358 1310 1491 1387 Quia
1520 1309 1698 1363 multis
1724 1307 1773 1361 id
1802 1306 2117 1376 phantasma

542 1406 710 1459 visum
738 1404 941 1468 fuisset,
966 1404 1058 1473 qui
1084 1417 1336 1457 arcanum
1361 1399 1599 1471 mysterii
1624 1413 1730 1453 non
1756 1402 2036 1451 noverant.
2062 1392 2119 1447 Si

538 1494 684 1549 enim
717 1494 814 1564 ipsi
847 1492 1092 1561 discipuli
1121 1508 1226 1545 non
1255 1491 1544 1545 credebant
1568 1487 1718 1541 initio
1745 1495 1801 1541 et
1833 1484 2121 1539 turbaban-

541 1597 647 1653 tur,
676 1597 923 1654 tactuque
958 1600 1143 1638 manus
1183 1598 1317 1651 opus
1360 1581 1643 1644 habebant,
1684 1594 1890 1634 necnon
1933 1593 2118 1632 mensa

539 1676 824 1740 communi,
848 1674 1111 1745 quomodo
1139 1673 1324 1743 vulgus
1352 1671 1601 1725 alfectum
1630 1668 1851 1724 fuisset?
1878 1669 2121 1738 Quapro-

543 1776 660 1838 pter
688 1782 753 1821 ex
785 1764 1052 1820 miraculis
1074 1763 1421 1819 indubitatam
1444 1761 1616 1816 reddit
1639 1757 2120 1824 resurrectionem;

544 1860 615 1913 ita
649 1868 705 1912 ut
730 1875 833 1911 non
867 1858 969 1912 illis
991 1865 1191 1911 tantum
1220 1867 1343 1910 tunc
1374 1855 1629 1924 temporis
1656 1852 1995 1917 hominibus,
2028 1854 2123 1907 sed

544 1948 790 2001 omnibus
834 1956 1012 2015 postea
1052 1956 1196 2000 certa
1245 1946 1379 1999 foret
1425 1945 1765 1999 resurrectio.
1797 1942 1947 2009 Quod
1978 1942 2121 2021 enim

544 2040 596 2093 in
634 2038 740 2092 illis
779 2036 1067 2092 effecerunt
1104 2045 1387 2107 conspecta
1435 2036 1606 2105 signa,
1654 2034 1756 2090 hoc
1804 2035 1855 2088 in
1896 2034 2125 2103 posteris

546 2133 793 2186 omnibus
818 2147 913 2201 per
945 2132 1101 2185 [idem
1132 2130 1367 2184 futurum
1397 2139 1531 2183 erat.
1564 2128 1687 2184 Ideo
1718 2128 1841 2181 hinc
1871 2126 2124 2181 incredu-

547 2226 629 2280 los
672 2224 996 2294 argumentis
1047 2222 1368 2293 itnpetimus.
1422 2221 1478 2277 Si
1528 2236 1634 2275 non
1677 2219 1987 2283 resurrexit,
2030 2217 2126 2272 sed

551 2326 790 2371 mortuus
820 2323 1018 2381 manet,
1048 2314 1318 2384 quomodo
1346 2312 1397 2367 in
1423 2312 1637 2367 nomine
1661 2311 1776 2380 ejus
1796 2309 2021 2380 apostoli
2050 2309 2127 2364 si-

550 2422 649 2477 gna
670 2406 946 2461 fecerunt?
972 2407 1041 2459 At
1062 2420 1166 2459 non
1190 2404 1366 2459 fecere
1388 2401 1681 2457 miracula?
1706 2400 2130 2471 Quomodoergo

549 2482 679 2567 gens
723 2506 902 2552 nostra
937 2496 1207 2550 constitit?
1250 2495 1364 2549 Non
1404 2494 1545 2549 enim
1582 2494 1707 2549 huic
1744 2494 1953 2548 veritati
1980 2493 2125 2548 obsi-

552 2596 695 2641 stent
734 2602 906 2655 neque
948 2585 1255 2656 pugnabunt
1294 2595 1476 2639 contra
1509 2601 1592 2649 ea,
1626 2599 1745 2655 qua:
1773 2584 1871 2639 sub
1899 2597 2135 2653 conspe-‘

554 2686 694 2732 ctum
720 2676 935 2731 cadunt.
968 2675 1147 2746 Itaque
1176 2676 1389 2746 quando
1418 2675 1597 2728 dicunt
1625 2716 1639 2741 ,
1669 2692 1775 2728 non
1807 2678 1938 2729 facta
1969 2675 2133 2730 fuisse

557 2769 841 2832 miracula,
893 2777 1020 2821 tunc
1062 2766 1230 2835 magis
1272 2781 1391 2821 sese
1434 2765 1783 2821 confundunt.
1835 2767 1949 2821 Hoc
1990 2768 2131 2820 enim

558 2861 842 2913 maximum
888 2868 1029 2913 esset
1072 2858 1405 2922 miraculum,
1446 2858 1490 2912 si
1530 2859 1645 2912 sine
1683 2858 1952 2913 miraculis
1992 2866 2133 2911 totus

558 2953 701 3006 orbis
725 2951 1064 3017 accurrisset,
1095 2966 1122 3003 a
1148 2952 1427 3005 duodecim
1454 2952 1770 3020 pauperibus
1792 2959 1845 3005 et
1868 2950 2132 3005 illiteratis

561 3044 864 3098 hominibus
890 3052 1093 3112 captus.
1121 3042 1303 3113 Neque
1330 3044 1469 3097 enim
1501 3043 1736 3111 pecuniis
1760 3083 1775 3103 .
1807 3058 1913 3096 non
1944 3041 2136 3096 verbo-

563 3152 678 3190 rum
706 3136 962 3205 sapientia
984 3178 996 3199 ,
1039 3151 1142 3190 non
1170 3137 1276 3190 alio
1304 3136 1460 3189 simili
1494 3135 1651 3189 modo
1672 3136 1961 3204 piscatores
1991 3136 2135 3189 vice-

563 3236 717 3291 runt;
766 3236 820 3280 ut
856 3226 939 3280 vel
980 3227 1126 3281 inviti
1156 3230 1510 3282 conliteantur
1543 3226 1776 3280 divinam
1805 3228 1855 3281 iu
1891 3227 1994 3281 illis
2018 3241 2138 3283 esse

565 3317 851 3371 virtutem:
884 3332 1057 3386 neque
1088 3318 1230 3371 enim
1276 3318 1519 3371 humana:
1552 3317 1691 3372 vires
1724 3318 1846 3371 talia
1887 3332 2136 3387 umquam

564 3409 743 3463 facere
768 3408 1053 3478 potuerint.
1082 3407 1207 3461 ideo
1233 3408 1322 3462 ille
1346 3407 1691 3478 quadraginta
1729 3406 1917 3462 diebus
1946 3408 2139 3462 mansit

567 3508 686 3569 post
714 3498 1192 3563 resurrectionem;
1222 3505 1329 3552 tam
1357 3498 1513 3566 longo
1549 3507 1869 3567 conspectus
1897 3497 1977 3551 sui
2011 3512 2138 3569 spa-

568 3589 642 3643 tio
668 3590 743 3642 rei
772 3588 1046 3642 veritatem
1076 3586 1431 3657 comprobans
1456 3628 1472 3653 ,
1504 3603 1570 3641 ne
1599 3587 1650 3641 id
1676 3587 1816 3657 quod
1845 3586 2136 3654 videbatur,

568 3679 878 3751 phantasma
905 3693 1025 3734 esse
1057 3686 1321 3749 putarent.
1350 3678 1533 3749 Neque
1561 3677 1645 3732 his
1668 3686 1970 3741 contentus.
1991 3694 2142 3732 men-

566 3788 680 3829 sam
710 3773 870 3826 etiam
900 3770 1133 3838 addidit,
1163 3771 1213 3825 id
1244 3770 1382 3841 quod
1410 3771 1569 3826 etiam
1606 3780 1785 3841 postea
1814 3770 1961 3826 dicit.
1990 3773 2043 3828 4.
2074 3772 2142 3826 Et

569 3879 861 3919 conuescens
888 3880 1002 3917 cum
1027 3863 1148 3916 illis.
1191 3862 1303 3917 Hoc
1338 3872 1513 3917 autem
1549 3863 1647 3932 ipsi
1678 3864 1903 3933 apo‘stoli
1930 3878 2144 3933 semper

571 3957 623 4010 in
661 3954 1066 4011 resurrectionis
1101 3962 1470 4026 argumentum
1510 3962 1849 4024 sumpserunt
1882 3954 2140 4022 dicentes,

574 4048 676 4115 Qui
715 4047 1126 4101 manducavimus
1154 4055 1199 4100 et
1228 4045 1440 4099 bibimus
1466 4061 1579 4099 cum
1601 4045 1691 4098 illo
1720 4044 1741 4115 (
1763 4046 1873 4098 Act.
1901 4046 1988 4101 10.
2010 4046 2073 4101 41
2098 4049 2142 4116 ).

571 4139 709 4207 Quid
748 4148 925 4193 autem
956 4151 1217 4207 apparens
1244 4136 1463 4199 fecerit,
1494 4150 1587 4204 per
1612 4136 1885 4205 sequentia
1912 4136 2148 4191 ostendit

572 4206 755 4284 dicens
783 4248 795 4283 :
825 4206 1087 4299 Apparens
1112 4226 1234 4293 illis,
1266 4238 1311 4280 et
1333 4227 1539 4295 loquens
1568 4226 1630 4278 de
1650 4242 1805 4296 regno
1832 4224 1928 4280 Dei
1946 4227 1983 4279 '.
2012 4226 2148 4294 Quia

575 4336 701 4375 vero
725 4319 915 4388 dejecti
944 4319 1134 4373 animis
1161 4327 1333 4382 erant,
1356 4326 1411 4371 et
1440 4317 1631 4372 turbati
1659 4317 1728 4372 ob
1756 4332 1838 4381 ea,
1866 4333 1985 4388 qua:
2009 4318 2146 4373 facta

574 4410 820 4473 fuerant,
854 4417 1011 4479 atque
1035 4407 1100 4461 ad
1132 4422 1317 4477 magna
1344 4406 1599 4476 deinceps
1625 4407 1817 4462 exituri
1848 4416 1999 4462 erant
2023 4423 2145 4463 cer-

576 4502 769 4556 tamina
794 4541 808 4565 ,
849 4515 1095 4555 sermone
1128 4501 1268 4555 circa
1298 4500 1472 4553 futura
1500 4498 1680 4553 habito
1711 4514 1959 4554 recreans
1988 4500 2145 4565 illos,

576 4592 823 4660 Prwcepit
846 4591 909 4644 ab
926 4588 1260 4660 lerosolymis
1278 4606 1340 4643 ne
1358 4588 1683 4651 discederent,
1703 4588 1790 4643 sed
1809 4598 2150 4659 exspectarent

577 4682 952 4752 promissionem
993 4678 1185 4734 Patris.
1228 4678 1408 4734 Primo
1456 4678 1509 4732 in
1549 4678 1819 4733 Galilaeam
1858 4678 2151 4734 deduxerat

576 4788 670 4828 eos
694 4771 865 4825 adhuc
883 4769 1233 4826 formidantes
1258 4782 1308 4824 et
1338 4779 1645 4833 trementes,
1674 4776 1731 4822 ut
1754 4783 1876 4823 cum
1907 4768 2150 4825 libertate

576 4863 716 4917 dicta
746 4862 1006 4916 audirent.
1040 4861 1238 4917 Deinde
1263 4876 1384 4917 cum
1411 4860 1701 4923 audissent,
1747 4869 1801 4916 et
1843 4860 1896 4916 in
1930 4860 2016 4916 his
2055 4876 2151 4930 per

579 4952 923 5025 quadraginta
954 4951 1067 5007 dies
1096 4958 1277 5006 essent
1305 4953 1517 5016 versati,
1542 4950 1793 5021 Praecepit
1816 4952 1888 5005 eis
1913 4952 1977 5006 ab
2001 4951 2151 5006 Jero-

576 5046 785 5115 solymis
807 5061 869 5097 ne
888 5043 1212 5098 discederent.
1244 5042 1450 5111 Quare?
1479 5042 1623 5098 Sicut
1650 5043 1845 5097 milites
1868 5044 1919 5097 in
1942 5044 2150 5111 agmina

580 5140 873 5207 irrupturos
914 5151 1069 5191 nemo
1115 5136 1240 5191 sinit
1284 5136 1453 5200 exire,
1492 5134 1665 5189 donec
1698 5134 1887 5189 armati
1931 5133 2147 5201 fuerint,

580 5243 753 5298 neque
782 5242 948 5297 equos
978 5242 1044 5281 ex
1074 5241 1288 5281 carcere
1313 5227 1549 5290 exsilire,
1580 5226 1886 5296 priusquam
1916 5226 2152 5296 aurigam

581 5322 717 5376 nacti
757 5323 863 5377 sint
888 5338 901 5373 :
930 5321 1008 5375 sic
1050 5335 1221 5390 neque
1263 5321 1382 5376 illos
1421 5331 1543 5375 ante
1584 5319 1870 5374 adventum
1920 5318 2153 5388 Spiritus

581 5412 749 5467 sancti
778 5414 828 5466 in
855 5413 966 5467 acie
995 5426 1307 5481 comparere
1337 5412 1609 5480 permisit,
1642 5426 1709 5465 ne
1737 5410 1895 5465 facile
1915 5425 1944 5464 a
1971 5408 2152 5465 multis

580 5514 927 5576 caperentur.
953 5505 1137 5575 Neque
1168 5513 1447 5574 prepterea
1476 5513 1699 5569 tantum,
1728 5504 1822 5557 sed
1850 5504 1972 5573 quia
2000 5502 2151 5558 multi

582 5606 737 5655 erant
780 5597 887 5651 illic
926 5597 1201 5651 credituri.
1233 5596 1314 5650 Ad
1342 5594 1456 5650 lucc
1482 5610 1638 5660 vero,
1668 5610 1735 5650 ne
1760 5593 1975 5665 quidam
2001 5594 2151 5650 dice-

581 5702 701 5750 rent
726 5694 889 5762 ipsos,
920 5690 1095 5745 missis
1120 5689 1259 5745 notis
1285 5700 1337 5746 et
1366 5689 1751 5745 ceutribulibus
1787 5690 1900 5745 suis
1920 5729 1933 5754 ,
1961 5689 2028 5744 ad
2054 5704 2151 5745 ex-

646 5845 663 5877 ¹
697 5843 832 5893 Alius
864 5842 985 5909 legit
1002 5853 1038 5909 _:
1080 5840 1201 5909 Quid
1222 5845 1381 5909 autem
1404 5839 1570 5901 fecerit
1594 5854 1679 5903 per
1702 5840 2024 5909 quadraginta
2046 5840 2149 5893 dies

582 5916 821 5969 apparens
848 5901 973 5959 eis'?
994 5901 1271 5969 loquebatur
1294 5901 1356 5952 de
1378 5914 1521 5967 regno
1546 5901 1651 5952 Det.

2217 582 2434 630 truncos
2478 578 2852 638 ostentationis
2894 593 3054 633 causa
3100 578 3389 649 migrasse;
3434 578 3633 635 idcirco
3670 582 3810 650 apud

2221 684 2315 723 eos
2346 669 2507 737 ipsos.
2548 670 2638 739 qui
2668 670 2853 725 Jesum
2890 671 3243 738 occiderant,
3274 672 3423 743 signa
3455 674 3695 742 praebent
3721 689 3810 727 re-

2221 759 2585 825 surrectionis,
2610 760 2752 829 apud
2779 776 2894 827 eos,
2920 761 3158 832 inquam,
3187 742 3695 833 qui‘crucilixerant,
3718 765 3811 833 qui

2223 850 2542 918 sepelierant
2567 890 2585 919 ,
2616 851 2670 905 iu
2702 852 2813 921 ipsa
2837 851 2972 907 urbe
3001 853 3087 907 ubi
3117 852 3324 907 facinus
3365 856 3584 923 impium
3628 863 3813 925 patra-

2229 951 2337 997 tum
2372 941 2572 1010 fuerat;
2607 944 2676 999 ita
2709 955 2767 998 ut
2801 946 3042 1001 extranei
3070 960 3260 1001 omnes
3288 946 3411 1001 hinc
3438 948 3814 1004 obmutescere

2222 1043 2561 1103 cogerentur.
2590 1032 2724 1089 Cum
2750 1037 2892 1090 enim
2919 1037 2973 1103 ii,
2998 1037 3086 1107 qui
3114 1036 3508 1101 cruciﬁxerant,
3535 1038 3674 1093 inter
3695 1053 3819 1094 cre-

2224 1126 2415 1181 dentes
2448 1138 2848 1197 comparerent;
2884 1128 3007 1183 hinc
3035 1136 3183 1183 certe
3211 1137 3266 1184 et
3289 1129 3465 1183 cruris
3490 1137 3545 1184 et
3575 1139 3680 1184 tam
3709 1128 3817 1184 ini-

2225 1216 2314 1284 qui
2342 1215 2594 1272 facinoris
2623 1228 2828 1273 certum
2861 1217 3112 1273 indicium
3133 1260 3149 1285 ,
3176 1227 3232 1274 et
3257 1219 3667 1274 resurrectionis
3696 1235 3817 1275 ma-

2223 1322 2384 1376 gnum
2414 1305 2711 1362 ducebatur
2745 1319 3136 1378 argumentum.
3192 1309 3395 1366 Deinde
3434 1326 3503 1366 ne
3547 1310 3813 1377 dicereut,

2223 1398 2503 1465 Quomodo
2540 1413 2669 1470 ergo
2696 1401 2991 1469 poterimus
3017 1401 3158 1457 inter
3187 1409 3295 1455 tam
3332 1402 3529 1461 multos
3567 1401 3818 1457 homines

2224 1491 2457 1547 nefarios
2484 1501 2537 1547 et
2564 1492 2859 1548 homicidas
2884 1493 3101 1563 degere,
3137 1508 3237 1549 nos
3257 1494 3345 1564 qui
3378 1495 3449 1549 ita
3477 1494 3631 1564 pauci
3658 1503 3713 1549 et
3738 1494 3821 1548 vi-

2225 1584 2303 1641 les
2328 1585 2548 1640 sumus?
2578 1585 2700 1641 vide
2738 1587 3006 1655 quomodo
3050 1585 3189 1641 hanc
3224 1588 3525 1657 angustiam
3567 1586 3824 1656 expediat

2225 1684 2279 1732 et
2311 1676 2485 1731 solvat
2529 1675 2716 1732 dicens
2744 1693 2759 1728 :
2786 1676 2893 1732 Sed
2917 1688 3263 1747 exspectarent
3288 1679 3671 1750 promissionem
3706 1678 3818 1734 Pa-

2229 1768 2339 1833 tris,
2369 1782 2523 1839 quam
2552 1768 2768 1823 audistis
2792 1784 2827 1828 α
2848 1785 2946 1822 nte.
2976 1768 3045 1823 Et
3066 1770 3431 1839 quandonam,
3462 1770 3691 1841 inquies,
3715 1785 3821 1824 au-

2228 1861 2477 1915 dierunt?
2504 1860 2635 1919 Cum
2666 1862 2869 1919 diceret
2897 1881 2911 1916 :
2935 1862 3160 1931 Expedit
3199 1865 3337 1920 vobis
3384 1874 3436 1919 ut
3478 1881 3569 1935 ego
3609 1864 3815 1919 cadam.

2228 1948 2291 2004 Si
2339 1952 2473 2004 enim
2526 1969 2626 2005 non
2671 1954 2879 2018 abiero,
2928 1952 3228 2010 Paracielus
3274 1971 3375 2009 non
3420 1955 3578 2008 veniet
3626 1956 3692 2007 ad
3732 1970 3824 2010 vos

2229 2037 2427 2109 (Joau.
2465 2040 2554 2095 16.
2594 2041 2696 2112 7);
2740 2051 2796 2097 et
2837 2058 3047 2097 rursum
3070 2084 3083 2104 .
3119 2042 3231 2117 Ego
3261 2045 3448 2115 rogabo
3480 2043 3726 2111 Patrem,
3766 2052 3821 2098 et
3880 2118 3883 2119 ν

2230 2128 2388 2182 alium
2437 2127 2758 2185 Paracletum
2803 2134 2964 2187 mittet
3004 2134 3140 2187 vobis
3163 2175 3177 2201 ,
3222 2144 3279 2188 ut
3324 2144 3525 2189 maneat
3564 2134 3823 2191 vobiscum

2232 2221 2359 2293 (Id.
2386 2224 2475 2278 tt.
2509 2222 2640 2295 16).

2302 2318 2355 2373 5.
2406 2317 2472 2371 Et
2511 2331 2609 2371 cur
2636 2332 2743 2372 non
2783 2318 2995 2373 Christo
3043 2329 3339 2389 prasente,
3380 2321 3464 2377 vel
3492 2336 3598 2377 non
3639 2322 3824 2379 statim

2231 2416 2353 2479 post
2397 2409 2513 2476 ejus
2554 2407 2886 2476 discessum,
2917 2408 3132 2465 advenit
3157 2409 3409 2480 Spiritus,
3452 2412 3546 2468 sed
3575 2412 3829 2469 Christus

2231 2498 2632 2570 quadragesima
2655 2500 2741 2556 die
2764 2500 3027 2566 ascendit,
3058 2501 3290 2570 Spiritus
3314 2517 3442 2557 vero
3460 2503 3677 2558 advenit
3696 2518 3826 2559 eum

2233 2592 2595 2661 eompleretur
2615 2593 2731 2647 dies
2758 2592 3145 2649 Pentecostes?
3183 2595 3280 2661 Ac,
3300 2595 3344 2650 si
3382 2595 3617 2650 nondum
3662 2596 3831 2651 adve-

2236 2693 2388 2739 nerat
2421 2683 2529 2750 ille,
2569 2682 2837 2753 quomodo
2865 2684 3108 2740 Christus
3127 2684 3375 2740 dicebat:
3402 2687 3629 2753 Accipite
3649 2687 3828 2757 Spiri-

2238 2784 2342 2829 tum
2370 2786 2599 2829 sanetum
2629 2776 2649 2845 (
2677 2776 2763 2830 Id.
2794 2777 2881 2832 20.
2910 2778 2979 2832 2‘2
3004 2776 3065 2847 )?
3092 2777 3159 2833 Ut
3196 2778 3318 2833 illos
3357 2795 3584 2849 capaces
3628 2779 3828 2837 redde-

2237 2875 2491 2937 retatque
2508 2868 2729 2924 idoneos
2747 2869 3057 2938 accipiendo
3074 2870 3317 2940 Spiritui.
3338 2870 3393 2927 Si
3411 2873 3553 2927 enim
3574 2873 3828 2943 angelum

2236 2960 2447 3014 visurus
2496 2959 2713 3026 Daniel,
2763 2960 3152 3016 dissolvebatur
3198 2963 3357 3031 (Dan.
3402 2962 3455 3018 8.
3498 2962 3625 3032 17),
3658 2964 3833 3020 multo

2238 3052 2407 3121 magis
2440 3050 2492 3105 hi
2523 3051 2574 3105 id
2602 3053 2808 3121 passuri
2838 3061 3011 3117 erant,
3044 3062 3244 3108 tantam
3266 3055 3534 3125 accepturi
3570 3058 3827 3126 gratiam.

2240 3140 2339 3195 Vel
2361 3140 2460 3195 hoc
2486 3142 2769 3197 dicendum
2798 3153 2915 3209 est,
2940 3145 3025 3199 vel
3053 3146 3194 3215 quod
3225 3161 3338 3201 rem
3372 3147 3604 3202 futuram
3637 3156 3693 3202 ut
3714 3148 3830 3216 jam

2242 3231 2433 3287 factam
2464 3231 2706 3299 diceret;
2742 3244 2799 3288 ut
2836 3250 2955 3289 cum
2999 3236 3071 3289 ait
3100 3253 3112 3288 :
3141 3236 3344 3290 Calcate
3378 3254 3535 3308 supra
3573 3247 3834 3306 serpentes

2240 3334 2287 3377 et
2328 3326 2619 3393 scorpiones
2642 3366 2657 3391 ,
2701 3334 2748 3378 et
2776 3343 2932 3397 supra
2970 3342 3169 3381 onmem
3206 3330 3434 3381 virtutem
3463 3328 3653 3382 inimici
3675 3326 3831 3397 (Luc.

2242 3414 2332 3470 10.
2363 3416 2473 3484 l9).
2507 3416 2612 3471 Cur
2640 3425 2818 3471 autem
2868 3433 2974 3471 non
3014 3425 3140 3472 tunc
3164 3418 3343 3473 statim
3370 3418 3625 3475 advenit?
3651 3418 3832 3489 Opor-

2244 3507 2389 3563 tebat
2408 3523 2501 3563 eos
2530 3510 2605 3563 rei
2635 3508 2902 3563 desiderio
2933 3510 3127 3577 teneri,
3152 3519 3313 3580 atque
3339 3512 3406 3564 ita
3433 3512 3658 3580 gratiam
3688 3512 3835 3567 acci-

2244 3612 2391 3667 pere.
2423 3597 2547 3652 ldeo
2582 3609 2861 3669 postquam
2901 3598 2996 3653 ille
3024 3598 3373 3664 discesserat,
3403 3599 3635 3668 Spiritus
3661 3598 3834 3656 adve-

2244 3692 2343 3747 nit.
2381 3690 2437 3746 Si
2466 3691 2556 3746 illo
2584 3700 2847 3760 prtcsente
2873 3690 3141 3755 venisset,
3168 3705 3274 3745 non
3301 3690 3353 3745 in
3383 3700 3526 3745 tanta
3553 3700 3836 3760 exSpecta-

2247 3781 2393 3835 tione
2422 3780 2667 3835 fuissent.
2699 3779 2902 3835 Idcirco
2921 3794 3098 3849 neque
3120 3780 3299 3833 statim
3318 3788 3439 3849 post
3457 3779 3831 3835 ascensionem

2247 3871 2365 3940 ejus
2393 3870 2640 3933 advenit,
2670 3869 2766 3924 sed
2812 3878 2933 3939 post
2970 3878 3093 3925 octo
3121 3869 3206 3924 vel
3236 3884 3432 3925 novem
3478 3869 3615 3926 dies.
3662 3870 3738 3925 Ita
3777 3881 3837 3927 et

2247 3979 2347 4020 nos
2386 3974 2496 4019 tum
2540 3962 2773 4019 maxime
2798 3964 3093 4019 excitamur
3120 3977 3245 4032 erga
3272 3963 3464 4030 Deum,
3501 3978 3621 4018 Clllll
3654 3963 3709 4018 in
3736 3979 3836 4019 ne-

2247 4055 2499 4111 cessitate
2541 4053 2823 4110 constituti
2878 4067 3083 4108 sumns.
3137 4053 3370 4124 ideoque
3415 4052 3651 4109 Joannes
3704 4064 3836 4111 tunc

2249 4145 2410 4201 mittit
2436 4144 2725 4213 discipulos
2749 4157 2876 4198 suos
2909 4142 2975 4197 ad
3014 4141 3307 4208 Christum,
3340 4142 3553 4212 quando
3578 4144 3670 4199 illo
3694 4159 3837 4214 opus

2251 4237 2483 4293 habituri
2504 4244 2676 4301 erant,
2696 4234 2901 4290 Joanne
2917 4234 2969 4289 in
2985 4249 3201 4291 carcere
3220 4234 3464 4305 degente.
3482 4232 3730 4305 Alioquin
3748 4251 3838 4292 ve-

2250 4342 2314 4383 ro
2333 4327 2612 4398 oportebat
2642 4327 2697 4380 in
2726 4325 2857 4380 caelo
2885 4340 3197 4394 comparere
3226 4336 3469 4380 naturam
3490 4332 3753 4390 nostram,
3778 4334 3837 4381 et

2250 4404 2538 4490 perlectam
2568 4416 3055 4474 reconciliationem
3086 4415 3199 4470 fieri
3217 4457 3233 4482 ,
3265 4431 3330 4471 ac
3361 4426 3470 4472 tum
3498 4416 3683 4472 venire
3708 4415 3838 4485 Spi-

2252 4514 2411 4569 ritum
2437 4554 2452 4577 ,
2481 4526 2775 4583 puramque
2804 4509 3003 4580 percipi
3030 4508 3377 4577 voluptatem.
3408 4507 3537 4565 Nam
3567 4508 3611 4564 si
3634 4507 3838 4578 Spiritu

2253 4612 2537 4676 praesente,
2566 4602 2825 4657 Dominus
2852 4600 3092 4665 abiisset,
3121 4599 3207 4654 ille
3235 4614 3365 4654 vero
3393 4598 3695 4665 mansisset,
3725 4611 3838 4653 non

2255 4704 2399 4751 tanta
2424 4694 2610 4749 fuisset
2634 4692 2968 4757 consolatio;
2997 4689 3213 4747 Christo
3238 4690 3381 4745 enim
3409 4688 3694 4745 admodum
3725 4688 3840 4744 ha:-

2253 4796 2437 4844 rentes
2455 4827 2469 4851 ,
2501 4786 2570 4841 ab
2598 4786 2687 4841 illo
2715 4799 2857 4857 aegre
2885 4783 3076 4839 divulsi
3103 4782 3349 4865 fuissent.
3382 4781 3531 4839 Unde
3555 4791 3610 4837 et
3642 4795 3842 4837 conso-

2254 4881 2370 4935 lans
2399 4880 2520 4935 illos
2543 4876 2757 4934 dicebat
2785 4895 2799 4931 :
2827 4876 3049 4947 Expedit
3084 4875 3221 4930 vobis
3251 4888 3307 4930 ut
3327 4892 3419 4947 ego
3445 4875 3628 4929 cadam
3649 4870 3837 4943 (locu.

2256 4972 2343 5027 16.
2389 4972 2468 5041 7).
2519 4970 2644 5024 Ideo
2701 4966 3009 5023 missionem
3053 4966 3283 5036 Spiritus
3330 4980 3427 5035 per
3470 4964 3674 5034 aliquot
3719 4964 3843 5020 dies

2256 5062 2454 5129 dill‘ert,
2482 5072 2541 5117 ut
2562 5059 2888 5131 aliquamdiu
2914 5056 3089 5113 maesti
3109 5097 3126 5125 ,
3152 5065 3235 5123 et,
3265 5066 3323 5112 ut
3351 5055 3491 5120 dixi.
3525 5057 3576 5110 in
3605 5054 3846 5111 necessi-

2257 5164 2366 5211 tate
2409 5152 2707 5218 constituti,
2748 5150 2906 5221 plena
2948 5158 3003 5204 et
3043 5163 3171 5219 pura
3217 5148 3520 5202 fruerentur
3542 5146 3842 5215 voluptate.

2256 5246 2312 5304 Si
2340 5260 2467 5301 vero
2492 5244 2667 5298 minor
2700 5248 2845 5297 esset
2883 5238 3021 5295 Filio
3045 5237 3296 5309 Spiritus,
3328 5251 3434 5291 non
3465 5234 3653 5291 fuisset
3680 5233 3844 5290 suffl-

2257 5336 2403 5391 ciens
2444 5332 2741 5390 consolatio
2778 5328 3089 5401 :quomodo
3127 5330 3271 5384 enim
3312 5325 3569 5390 dixisset,
3618 5324 3847 5395 Expedit

2259 5424 2429 5481 vobis?
2460 5423 2584 5479 Ideo
2608 5422 2778 5491 major
2805 5420 2876 5475 illi
2902 5418 3144 5475 doctrina
3170 5425 3441 5473 reservata
3466 5424 3569 5481 est,
3595 5430 3661 5469 ne
3689 5414 3844 5471 illum

2260 5519 2521 5573 minorem
2566 5520 2832 5584 putarent.
2876 5508 3194 5567 Consideres
3233 5507 3389 5563 velim
3437 5516 3692 5575 quantam
3731 5506 3846 5563 illis

2260 5608 2634 5665 necessitatem
2666 5602 2980 5673 imposuerit
3022 5599 3269 5656 manendi
3312 5597 3681 5669 Jcrosolymis,
3715 5611 3841 5652 cum

2260 5702 2597 5774 promisisset
2619 5711 2679 5752 se
2710 5696 2819 5751 illic
2843 5694 3099 5764 Spiritum
3144 5692 3489 5762 praebiturum
3534 5704 3675 5746 esse.
3708 5687 3846 5744 Nam

2261 5813 2329 5852 ne
2369 5807 2581 5849 rursum
2622 5798 2742 5859 post
2784 5785 3203 5855 assumptionem
3235 5784 3400 5854 ipsius
3442 5782 3707 5852 fugerent,
3739 5778 3846 5835 hac

2260 5884 2659 5959 exspectatione
2682 5922 2697 5948 ,
2727 5896 2824 5937 ceu
2853 5877 3061 5935 vinculo
3084 5918 3099 5945 ,
3141 5878 3263 5934 illos
3296 5888 3481 5932 omnes
3508 5873 3579 5929 ibi
3623 5872 3840 5929 retinet.
