4092 6486
218 486 276 541 ει
1242 471 1307 529 ΙΝ
1346 469 1527 528 ACTA
1567 461 2096 525 APOSTOLORUM.
2142 465 2374 523 llOMlL.
2418 466 2458 523 l.
3444 472 3516 526 (ῃ

222 603 504 668 Postquam
529 604 710 650 autem
743 592 878 647 dixit
902 609 913 644 :
943 587 1010 645 Ut
1038 595 1387 654 exspectarent
1423 581 1810 654 promissionem

220 691 405 753 Patris,
431 705 585 760 quam
612 686 824 741 audistis
853 701 886 736 a
911 699 1022 748 me,
1055 679 1240 735 subdit
1272 696 1285 733 :
1316 678 1369 733 5.
1415 675 1548 743 Quia
1575 674 1806 728 Joannes

215 780 409 846 quidem
446 779 722 844 baptizavit
771 792 926 845 aqua,
975 789 1063 827 vos
1110 783 1279 825 autem
1325 766 1706 838 baptizabimini
1751 766 1805 817 in

216 871 408 942 Spiritu
450 881 629 926 sancto
669 884 770 921 non
807 876 917 935 post
945 865 1131 918 multos
1157 863 1250 916 Itos
1278 860 1405 916 dies.
1432 857 1683 913 Ostendit
1709 855 1805 909 de-

214 978 374 1025 mum,
398 969 655 1030 quantum
681 956 895 1012 intersit
916 955 1177 1011 Joannem
1207 954 1346 1007 inter
1371 960 1422 1006 et
1455 951 1624 1019 ipsum
1652 963 1666 1012 ;
1692 947 1804 1014 jam

212 1069 312 1107 non
358 1051 675 1107 adumbrate
722 1058 780 1102 ιιι
819 1059 976 1104 antea
1013 1066 1025 1100 :
1069 1061 1192 1100 nam
1233 1045 1465 1100 obscure
1510 1038 1802 1095 admodum

209 1144 455 1214 loquutus
497 1141 675 1197 fuerat
694 1182 711 1205 ,
741 1139 967 1214 quando
1011 1137 1146 1193 dixit
1171 1154 1184 1189 :
1218 1136 1316 1201 Qui
1346 1145 1511 1187 autem
1541 1132 1707 1185 minor
1731 1139 1805 1184 est

208 1235 256 1288 in
280 1251 433 1304 regno
461 1234 722 1298 (telorum,
753 1232 919 1302 major
946 1240 1019 1284 est
1061 1229 1151 1283 illo
1184 1226 1393 1298 (Matth.
1426 1225 1513 1278 11.
1541 1220 1630 1292 il)
1667 1238 1679 1274 :
1707 1219 1800 1275 sed

209 1342 342 1380 nunc
373 1325 708 1381 manifestius
739 1342 755 1378 ε
781 1322 1010 1376 Joannes
1038 1364 1052 1387 ,
1083 1320 1293 1389 inquit,
1327 1316 1598 1387 baptizavit
1623 1329 1757 1383 aqua
1782 1353 1796 1377 ,

206 1433 286 1473 vos
315 1429 486 1472 autem
525 1416 905 1488 baptizabintini
943 1415 995 1468 in
1038 1414 1238 1482 Spiritu
1280 1419 1476 1464 sancto.
1521 1406 1639 1463 Non
1685 1406 1797 1475 jam

207 1509 368 1564 utitur
393 1509 734 1573 testimonio;
756 1508 849 1561 sed
881 1519 1168 1575 personam
1203 1512 1406 1557 tantum
1432 1506 1716 1562 memorat,
1745 1500 1796 1551 in

206 1601 515 1654 memoriam
563 1613 822 1654 revocans
868 1613 953 1661 ea,
1001 1613 1121 1667 qua:
1166 1595 1311 1665 prius
1352 1595 1582 1657 dixerat,
1629 1590 1797 1660 signi-

207 1693 427 1762 tieatque
459 1691 609 1760 ipsos
633 1690 741 1760 jam
767 1690 1005 1758 majores
1033 1703 1154 1742 esse
1185 1686 1431 1748 Joanne;
1455 1682 1718 1754 siquidem
1745 1682 1796 1735 in

202 1784 394 1853 Spiritu
422 1793 480 1838 et
505 1783 604 1852 ipsi
639 1781 953 1852 baptizatnri
997 1787 1168 1834 erant.
1218 1778 1333 1832 Non
1375 1777 1530 1841 dixit,
1565 1775 1672 1829 Vos
1698 1790 1797 1844 ego

202 1874 406 1945 baptizo
430 1876 484 1929 in
515 1875 720 1945 Spiritu
749 1883 958 1939 saneto,
983 1873 1101 1938 sed,
1130 1869 1526 1940 Baptizabimini
1551 1884 1569 1920 :
1595 1867 1797 1921 docens

202 1982 294 2020 nos
332 1966 713 2021 humilitatem.
744 1965 878 2020 Nam
905 1981 971 2018 ex
1019 1963 1328 2017 tc5tintouio
1367 1960 1592 2016 Joannis
1618 1959 1795 2030 palam

200 2067 311 2111 erat
347 2058 524 2127 ipsum
566 2059 959 2126 baptizaturum
993 2071 1151 2121 esse;
1187 2055 1323 2110 dixit
1351 2057 1494 2109 enim
1538 2071 1552 2107 :
1587 2051 1687 2105 Mle
1711 2067 1796 2104 vos

201 2151 466 2218 baptizabit
492 2153 547 2204 in
584 2152 783 2222 Spiritu
811 2161 986 2207 sancto
1011 2161 1059 2205 et
1083 2152 1198 2222 igne
1224 2150 1373 2222 (Luc.
1400 2151 1454 2205 5.
1486 2150 1576 2214 16)
1610 2169 1622 2202 :
1650 2147 1797 2203 idco-

200 2257 298 2310 que
324 2242 471 2296 illum
505 2259 669 2297 unum
699 2245 1038 2298 memoravit.
1071 2243 1361 2312 Evangelia
1391 2243 1551 2313 igitur
1573 2239 1795 2295 historia

199 2346 314 2385 sunt
347 2348 561 2397 eorum,
599 2351 721 2404 qua:
761 2334 1006 2390 Christus
1044 2333 1170 2390 fecit
1209 2344 1263 2390 et
1299 2333 1473 2389 dixit:
1504 2335 1634 2388 Acta
1665 2346 1795 2387 vero

197 2439 375 2478 eorum
422 2441 545 2496 qua:
587 2426 722 2480 alius
764 2427 1072 2482 Paracletus
1097 2426 1232 2482 dixit
1256 2435 1310 2481 et
1339 2426 1483 2480 fecit.
1512 2424 1608 2480 llle
1642 2438 1796 2476 nam-

198 2531 293 2584 que
315 2516 426 2585 jam
455 2517 587 2571 olim
614 2518 780 2572 multa
809 2517 1133 2587 operabatur
1157 2559 1172 2584 ,
1197 2517 1337 2570 sicut
1366 2516 1527 2571 etiam
1549 2513 1795 2569 Christus

201 2623 333 2663 nunc
375 2620 656 2679 Operatur,
685 2619 739 2664 et
760 2611 887 2665 olim
915 2625 1130 2681 quoque
1154 2610 1514 2680 operabatur;
1543 2609 1639 2664 sed
1669 2617 1797 2665 tunc

200 2715 289 2769 per
315 2702 597 2770 templum,
633 2717 775 2756 nunc
803 2717 900 2772 per
928 2702 1220 2770 apostolos.
1255 2699 1322 2754 Et
1347 2710 1470 2754 tunc
1491 2699 1708 2770 quidem
1740 2699 1793 2753 in

199 2791 485 2860 virgineum
517 2801 727 2847 uterum
756 2795 922 2856 venit,
952 2805 1006 2848 et
1038 2793 1297 2862 templum
1324 2792 1611 2857 formavit;
1652 2805 1795 2847 nunc

198 2890 365 2935 autem
412 2883 465 2936 in
509 2878 718 2938 animas
765 2886 910 2938 venit
938 2885 1258 2952 apostolicas
1292 2903 1304 2938 :
1340 2895 1466 2939 tunc
1515 2883 1567 2938 in
1614 2883 1795 2952 specie

199 2972 472 3039 columbae,
528 2990 673 3029 nunc
719 2976 770 3028 itt
815 2976 996 3045 specie
1041 2975 1199 3045 ignis.
1231 2975 1453 3042 Quare?
1497 2974 1612 3029 illic
1641 2989 1796 3028 man-

198 3065 528 3121 suetudinem
563 3067 872 3132 exhibebat,
905 3067 991 3120 hic
1018 3083 1148 3122 vero
1178 3067 1394 3122 ultionis
1421 3067 1789 3121 severitatem.

199 3155 458 3212 Judiciutn
504 3168 686 3214 autem
716 3168 1019 3229 opportune
1045 3169 1454 3214 commemorat.
1489 3158 1619 3213 Ctun
1649 3157 1793 3212 cnim

201 3261 405 3318 peccata
437 3251 795 3307 condonanda
822 3263 996 3318 erant,
1037 3253 1201 3306 multa
1232 3267 1368 3321 opus
1394 3261 1509 3306 erat
1538 3265 1794 3306 mansue-

201 3343 376 3398 tudine
409 3361 424 3399 :
452 3335 581 3414 quia
628 3360 756 3399 vero
801 3343 1004 3399 donum
1051 3346 1367 3415 consequuti
1426 3361 1636 3412 sumus,
1683 3345 1792 3413 jam

201 3443 400 3505 tempus
454 3448 541 3492 est
593 3437 779 3506 judicii
833 3447 888 3492 et
935 3439 1214 3493 examinis.
1279 3439 1560 3505 Quomodo
1615 3449 1794 3494 autem

201 3528 817 3599 tlicit,Baptizabimini,
849 3546 970 3586 cum
1024 3547 1159 3601 aqua
1215 3547 1321 3586 non
1375 3542 1520 3588 esset
1572 3533 1624 3586 in
1679 3547 1792 3587 etne

205 3624 428 3676 naculo?
475 3623 613 3691 Quia
655 3624 886 3692 Spiritus
915 3635 1032 3688 est,
1061 3639 1159 3694 per
1202 3639 1362 3693 quem
1419 3641 1554 3695 aqua
1608 3641 1799 3694 opera-

205 3715 798 3784 turzqncmadmodum
836 3715 1087 3772 Christus
1127 3726 1318 3771 unctus
1361 3718 1529 3773 fuisse
1576 3717 1794 3783 dicitur,

205 3804 319 3861 licet
368 3823 666 3877 numquam
717 3807 838 3862 oleo
887 3819 1080 3863 unctus
1133 3809 1332 3877 fuerit,
1385 3809 1482 3865 sed
1537 3809 1796 3879 Spiritum

204 3901 484 3968 acceperit.
518 3899 772 3970 Alioquin
802 3915 930 3955 vero
976 3903 1120 3971 ipsos
1165 3916 1300 3972 aqua
1344 3903 1640 3971 baptizatos
1669 3903 1799 3958 fuis-

204 4005 258 4043 se
299 3993 535 4060 reperire
587 4000 702 4054 est,
736 4001 790 4046 et
838 3995 890 4046 in
943 3993 1173 4047 diversis
1229 3995 1579 4062 temporibus.
1638 3995 1795 4065 Apud

206 4098 295 4136 nos
322 4086 462 4140 enim
497 4094 786 4154 utrumque
811 4100 919 4139 uno
947 4086 1245 4153 eodemque
1273 4085 1331 4140 lit
1363 4097 1603 4156 tempore
1623 4130 1638 4152 ,
1672 4097 1797 4143 tunc

205 4184 372 4230 autem
410 4177 645 4231 diversis
694 4177 1043 4245 temporibus.
1090 4177 1248 4231 luitio
1280 4194 1510 4248 namque
1537 4195 1564 4230 a
1592 4179 1799 4249 Joanne

206 4267 444 4338 baptizati
473 4278 643 4334 sunt;
684 4282 782 4322 nec
815 4269 1008 4322 mirum
1036 4279 1139 4324 est.
1172 4268 1303 4323 Nam
1331 4270 1375 4323 si
1405 4271 1719 4326 meretrices
1744 4281 1800 4326 et

206 4363 460 4431 publicani
507 4362 581 4417 ad
626 4361 753 4416 illud
785 4361 1046 4431 baptisma
1091 4374 1388 4428 venerunt;
1431 4364 1601 4419 multo
1630 4364 1800 4434 magis

208 4454 272 4518 ii,
299 4456 383 4525 qui
418 4469 608 4525 pOStea
640 4469 670 4509 a
699 4455 898 4524 Spiritu
929 4455 1232 4524 baptizandi
1265 4466 1438 4510 erant.
1470 4454 1694 4520 Deinde,
1727 4472 1796 4511 ne

206 4543 468 4613 dicerent,
497 4561 619 4602 rem
647 4545 701 4600 in
739 4545 1020 4616 promissis
1049 4560 1265 4616 semper
1293 4561 1412 4601 esse
1438 4545 1459 4618 (
1481 4561 1602 4601 nam
1633 4547 1798 4602 multa

207 4637 297 4692 hac
318 4638 384 4694 de
411 4654 470 4694 re
499 4639 646 4694 dicta
679 4636 964 4709 fuerant);
999 4654 1131 4695 neve
1159 4647 1408 4709 putarent
1431 4641 1800 4711 Operationem

206 4744 316 4786 esse
338 4733 454 4787 sine
483 4747 546 4788 re
576 4732 775 4802 aliqua,
805 4732 928 4787 illos
952 4731 1021 4786 ab
1042 4731 1143 4787 hac
1172 4732 1479 4802 suspicione
1503 4732 1797 4801 abducens,

205 4825 274 4877 ait
299 4841 314 4878 :
341 4824 464 4880 Non
493 4835 612 4894 post
638 4827 824 4880 multos
851 4830 942 4880 hos
969 4828 1094 4881 dies.
1134 4826 1320 4898 Neque
1347 4827 1604 4883 indicavit
1633 4844 1801 4900 quatt-

207 4913 269 4969 do
290 4957 305 4982 ,
347 4926 406 4970 ut
447 4931 671 4986 semper
700 4917 1012 4987 vigilarent;
1044 4919 1138 4973 sed
1174 4919 1324 4974 brevi
1366 4920 1602 4975 futurum
1628 4920 1798 4987 dixit,

208 5022 268 5063 ne
293 5009 473 5065 animo
500 5009 829 5075 deﬁcerent;
862 5025 960 5066 nec
989 5011 1194 5066 addidit
1219 5013 1464 5085 quando,
1495 5025 1549 5069 ut
1584 5029 1801 5086 semper

208 5099 386 5170 vigiles
408 5111 619 5157 essent.
663 5100 848 5172 Neque
878 5102 978 5159 hoc
1004 5111 1209 5159 tantum
1238 5106 1399 5161 modo
1439 5107 1560 5161 illos
1587 5107 1653 5161 ad
1682 5123 1801 5164 cre-

207 5192 432 5252 dendum
482 5196 714 5261 inducit,
752 5199 960 5253 scilicet
998 5214 1092 5270 per
1134 5200 1453 5256 brevitatem
1502 5203 1797 5272 temporis;

206 5287 292 5341 sed
317 5290 475 5344 etiam
498 5304 626 5345 eum
649 5289 799 5354 dicit,
823 5289 1220 5347 Promissionem
1241 5310 1394 5364 quam
1411 5294 1624 5347 audistis
1639 5311 1671 5347 a
1688 5312 1765 5347 me
1779 5312 1799 5360 ;

211 5378 258 5432 id
285 5391 363 5436 est
389 5401 402 5436 :
428 5382 547 5437 Non
581 5397 722 5437 nunc
748 5383 898 5440 vobis
923 5394 1124 5442 tantum
1152 5385 1282 5453 dixi,
1308 5386 1402 5441 sed
1419 5387 1529 5456 jam
1554 5387 1797 5455 promisi,

209 5485 319 5537 qua:
360 5475 586 5529 omnino
634 5473 870 5530 facturus
908 5491 1048 5533 sum.
1092 5477 1232 5546 Quid
1276 5493 1404 5550 ergo
1453 5479 1668 5534 miraris
1695 5521 1709 5546 ,
1753 5481 1798 5534 si

209 5561 340 5620 diem
382 5569 868 5625 consummationis
908 5584 1014 5625 non
1058 5571 1232 5639 dicat,
1265 5574 1353 5645 qui
1396 5573 1538 5628 hunc
1564 5574 1798 5628 vicinum

211 5654 341 5712 diem
369 5661 544 5716 noluit
575 5662 856 5718 indicare?
887 5663 1050 5735 quue
1069 5664 1191 5734 jure
1217 5667 1433 5734 merito,
1461 5676 1519 5722 ut
1542 5668 1793 5722 nimirum

212 5753 566 5820 exspectando
593 5754 874 5824 vigilarent
898 5771 961 5810 ac
982 5756 1195 5812 solliciti
1223 5767 1422 5814 essent.

280 5843 332 5898 6.
361 5842 476 5898 Non
508 5855 687 5916 potest
713 5850 855 5903 enim
876 5890 893 5916 ,
932 5863 1040 5904 non
1086 5858 1297 5920 potest,
1341 5849 1556 5921 inquam
1579 5892 1593 5916 ,
1629 5851 1798 5921 gratia

219 5929 311 5988 inti
349 5937 437 6007 qui
482 5953 588 5996 non
633 5939 832 6012 vigilat.
876 5944 1074 5999 Annon
1104 5941 1290 6009 vides,
1319 5941 1444 6016 quid
1484 5943 1625 5999 dicat
1656 5944 1799 6000 Elius

1917 575 2220 648 discipulo?
2267 580 2329 634 Si
2375 581 2562 636 videris
2607 597 2688 636 nte
2726 599 2842 636 cum
2889 600 3141 652 assumar,
3180 587 3274 641 erit
3317 587 3411 642 tibi
3444 590 3518 642 sic

1919 669 2006 738 (4.
2038 670 2166 741 Reg.
2200 670 2252 725 Ξ.
2288 671 2397 743 10)
2425 690 2436 725 :
2467 671 2518 726 id
2547 681 2652 740 est,
2680 670 2965 746 Continget
2992 675 3085 731 tibi
3118 675 3220 732 hoc
3246 677 3388 748 quod
3419 692 3515 748 po-

1912 762 2100 816 stulas.
2127 762 2374 820 Christus
2402 779 2617 837 quoque
2642 768 2850 822 solebat
2873 769 3257 825 accedentibus
3285 771 3470 826 dicere
3495 814 3510 838 ,

1912 852 2127 908 Credis?
2157 852 2372 910 Etenim
2400 857 2500 911 nisi
2541 857 2619 912 rei
2650 858 2791 914 data:
2818 860 3110 916 admodum
3156 861 3471 917 hmserituus
3495 903 3513 930 ,

1909 943 2229 999 beneﬁcium
2281 963 2388 1002 non
2433 948 2590 1005 valde
2636 953 2952 1008 sentiemus.
2999 952 3089 1009 Sic
3127 964 3181 1009 et
3211 954 3378 1009 Paulo
3405 971 3513 1010 non

1906 1039 2086 1094 statim
2115 1039 2239 1094 data
2289 1051 2371 1097 est
2396 1044 2603 1112 gratia,
2650 1043 2744 1099 sed
2791 1045 3022 1101 triduum
3072 1047 3377 1103 intercessit
3405 1063 3514 1119 quo

1905 1145 2082 1186 cmcus
2109 1142 2266 1199 erat,
2294 1143 2456 1204 atque
2487 1134 2700 1191 interim
2733 1145 2876 1192 metu
2909 1139 3233 1209 purgabatur
3269 1149 3325 1195 et
3371 1157 3506 1208 prte-

1907 1223 2216 1293 parabatur.
2249 1225 2714 1293 Quemadmodum
2761 1228 2904 1284 enim
2947 1233 3038 1300 qui
3083 1246 3372 1301 purpuram
3409 1233 3511 1287 titt-

1903 1325 2054 1383 gunt,
2086 1315 2231 1385 prius
2258 1318 2575 1388 quihusdam
2605 1319 2727 1375 aliis
2766 1333 3072 1390 praeparant
3102 1322 3174 1387 id,
3218 1323 3359 1393 quod
3408 1323 3512 1378 tin-

1904 1417 2110 1462 cturam
2134 1420 2482 1481 accepturum
2512 1419 2631 1474 est,
2661 1428 2730 1467 ne
2756 1412 2855 1468 ﬂos
2882 1414 3144 1468 evanidus
3175 1415 3242 1470 sit
3272 1433 3286 1471 :
3317 1417 3384 1469 ita
3420 1417 3508 1472 hic

1902 1515 2118 1570 quoque
2147 1500 2293 1557 Deus
2322 1502 2470 1570 prius
2509 1503 2795 1558 sollicitam
2829 1506 3063 1559 animam
3097 1519 3362 1575 prtrparat
3387 1547 3403 1574 ,
3454 1517 3510 1562 et

1905 1603 2032 1647 tunc
2077 1593 2306 1663 gratiam
2354 1594 2606 1650 infundit.
2651 1595 2856 1652 Idcirco
2896 1612 3002 1652 non
3036 1599 3213 1652 statim
3246 1598 3506 1668 Spiritum

1903 1685 2067 1748 misit,
2092 1685 2186 1741 sed
2210 1687 2262 1743 in
2295 1687 2632 1745 Pentecoste.

1975 1775 2079 1831 Cur
2121 1777 2402 1849 baptismus
2444 1790 2668 1851 tempore
2714 1780 3064 1852 Cltrysostomi
3105 1783 3158 1837 in
3210 1783 3511 1839 Pentecoste

1900 1883 2003 1922 non
2040 1867 2269 1926 daretur.
2306 1900 2380 1911 --
2421 1871 2574 1940 Quod
2621 1873 2666 1927 si
2697 1874 2817 1943 quis
2859 1873 3057 1929 dixerit
3086 1895 3098 1930 :
3127 1874 3236 1930 Cur
3265 1891 3364 1930 nos
3395 1892 3503 1931 non

1900 1959 2004 2018 hoc
2049 1969 2293 2034 tempore
2340 1964 2718 2035 baptizamus?
2748 1966 3220 2036 respondebimus,
3275 1969 3506 2039 gratiam

1897 2055 2145 2111 eamdem
2175 2065 2303 2112 tunc
2330 2057 2494 2113 fuisse
2519 2074 2644 2128 quae
2677 2075 2819 2114 nunc
2845 2069 2957 2124 est;
2986 2059 3079 2116 sed
3109 2071 3342 2116 mentem
3374 2059 3507 2114 sub-

1899 2146 2167 2202 limiorem
2212 2163 2353 2203 nunc
2397 2165 2541 2214 esse,
2572 2151 2711 2220 quod
2742 2152 2950 2222 jejunio
2979 2163 3332 2221 praeparetur.
3367 2152 3508 2207 Pen-

1901 2248 2137 2295 tecostes
2181 2257 2312 2296 vero
2360 2252 2572 2311 tempus
2617 2242 2778 2296 habet
2820 2245 3050 2314 aliquam
3094 2246 3354 2299 rationem
3400 2261 3506 2299 non

1899 2330 2154 2400 ineptam.
2206 2334 2462 2398 Quaenam
2514 2333 2600 2388 illa
2649 2336 2772 2390 est?
2817 2335 3272 2391 Existimaverunt
3322 2347 3505 2408 patres

1897 2425 2090 2486 nostri.
2121 2425 2385 2493 baptisma
2419 2441 2539 2481 esse
2578 2425 2789 2481 frenum
2823 2427 3074 2482 idoneum
3119 2429 3274 2483 mala:
3305 2444 3507 2483 concu-

1897 2517 2202 2587 piscentiae,
2255 2536 2610 2592 magnamque
2636 2522 2938 2576 doctrinam
2977 2522 3292 2585 continere,
3336 2531 3393 2575 ut
3421 2523 3503 2576 vel

1901 2621 2141 2678 tempore
2184 2610 2498 2666 deliciarum
2545 2622 2907 2683 temperantes
2949 2615 3141 2669 simus.
3195 2615 3273 2668 Ac
3303 2614 3346 2668 si
3377 2628 3506 2684 ergo

1897 2719 2016 2758 cum
2064 2704 2276 2758 Christo
2317 2707 2631 2775 epulemur,
2674 2723 2875 2762 mensa:
2915 2708 3032 2777 ejus
3079 2717 3382 2772 consortes,
3436 2722 3506 2762 ne

1896 2795 2022 2866 quid
2069 2803 2273 2850 temere
2315 2797 2592 2859 faciamus,
2635 2798 2729 2853 sed
2777 2799 2830 2852 in
2875 2798 3126 2868 jejuuiis,
3158 2798 3406 2869 precibus
3451 2806 3506 2851 ct

1897 2891 2249 2957 temperantia
2283 2889 2449 2942 multa
2481 2887 2757 2957 degamus.
2790 2889 2924 2943 Nam
2953 2891 2997 2944 si
3036 2891 3114 2956 is,
3155 2891 3243 2960 qui
3277 2891 3505 2945 sacculu-

1897 2995 2010 3033 rem
2041 2980 2329 3050 quamdam
2363 2978 2738 3048 prmfecturam
2771 2980 3013 3034 aditurus
3043 2989 3159 3047 est,
3212 2981 3313 3036 sibi
3355 2992 3508 3052 parat

1897 3070 2152 3140 quidquid
2190 3070 2256 3123 ad
2305 3071 2464 3147 vitam
2499 3071 2768 3138 pertinet;
2800 3080 2856 3125 et
2881 3077 2940 3124 ut
2966 3070 3280 3141 dignitatem
3321 3087 3507 3139 quant-

1897 3165 2020 3218 dam
2051 3177 2371 3234 asscquatur
2391 3206 2406 3230 ,
2439 3165 2695 3233 pecunias
2737 3164 3033 3233 impendit,
3064 3173 3273 3234 tempus
3312 3180 3510 3219 consu-

1900 3257 2017 3321 mit,
2047 3265 2100 3311 et
2143 3266 2433 3311 sexcentos
2474 3255 2621 3311 subit
2664 3255 2914 3322 labores;
2946 3273 3058 3326 quo
3085 3272 3184 3312 nos
3214 3256 3358 3327 digni
3395 3257 3510 3312 l'ue-

1899 3347 2070 3400 rimus
2125 3347 2391 3418 supplicio
2444 3348 2536 3416 qui
2591 3363 2712 3402 cum
2766 3356 2914 3401 tanta
2971 3348 3218 3402 socordia
3276 3363 3505 3419 regnum

1898 3442 2151 3496 caelorum
2185 3441 2418 3500 adimus,
2454 3456 2629 3510 neque
2657 3449 2944 3508 antequam
2974 3455 3328 3509 assequamur
3359 3440 3510 3496 solli-

1899 3533 2010 3598 citi,
2043 3542 2098 3586 et
2142 3541 2262 3601 post
2305 3540 2587 3601 acceptum
2617 3531 2833 3602 ignavi?
2865 3532 2992 3585 ldco
3037 3532 3180 3587 enim
3227 3542 3507 3603 postquam

1899 3614 2228 3697 acetipimus,
2279 3641 2473 3697 segnes
2500 3643 2708 3692 sumus,
2751 3628 2874 3695 quia
2918 3634 3208 3696 antequam
3238 3628 3513 3695 accipere-

1901 3736 2052 3783 mus,
2087 3736 2195 3774 non
2231 3719 2586 3790 vigilavimtts.
2622 3719 2827 3775 Idcirco
2855 3720 3005 3775 mttlti
3034 3729 3318 3791 postquam
3357 3735 3514 3776 acce-

1901 3821 2133 3882 perunt,
2187 3812 2430 3881 protinus
2481 3811 2547 3865 ad
2594 3811 2831 3880 pri0rcm
2876 3812 3144 3866 vomitum
3195 3812 3508 3877 redierunt,

1903 3903 2115 3972 pejores
2145 3911 2274 3956 sunt
2297 3902 2492 3964 ell‘ecti,
2524 3911 2580 3958 et
2604 3903 2822 3973 gravius
2852 3902 2954 3956 sibi
2984 3902 3308 3971 supplicium
3341 3912 3513 3958 attra-

1902 4004 2112 4060 xerunt,
2145 4010 2174 4048 a
2211 3995 2484 4064 prioribus
2514 3995 2722 4050 liberati
2759 3995 2994 4064 peccatis
3026 4017 3038 4050 :
3081 3995 3314 4066 hincque
3340 3998 3512 4067 magis

1897 4086 2133 4155 judicem
2179 4085 2246 4140 ad
2289 4086 2423 4140 iram
2473 4088 2836 4152 concitarunt,
2882 4085 3024 4156 quod
3075 4101 3104 4139 a
3155 4095 3306 4142 tan'o
3353 4089 3511 4143 soluti

1902 4178 2112 4242 morbo,
2163 4193 2231 4232 ne
2275 4177 2355 4232 sic
2399 4176 2617 4248 quidem
2666 4177 3034 4246 resipuerint;
3064 4176 3158 4230 sed
3196 4176 3324 4231 illttd
3371 4179 3513 4248 passi

1902 4269 2034 4334 sint,
2076 4268 2218 4338 quod
2252 4268 2550 4341 paralytico
2596 4270 2959 4324 comminatus
3001 4279 3085 4324 est
3124 4269 3394 4334 Christus,
3427 4269 3513 4324 di-

1903 4375 2032 4416 cens
2072 4378 2086 4414 :
2125 4359 2257 4415 Ecce
2281 4377 2439 4416 sanus
2467 4363 2633 4432 [actus
2673 4376 2758 4426 es;
2789 4361 2895 4415 noli
2923 4359 3147 4430 amplius
3174 4377 3413 4431 peccare,
3454 4378 3519 4416 ne

1902 4453 2027 4521 quid
2048 4453 2134 4506 tibi
2161 4454 2383 4508 deterius
2414 4453 2672 4522 contingat
2699 4452 2881 4524 (Joan.
2912 4454 2966 4508 5.
2998 4452 3088 4524 14)
3117 4471 3128 4506 :
3157 4454 3411 4524 quodque
3445 4453 3513 4509 dc

1903 4545 2104 4600 Jutlaris
2130 4545 2399 4615 praedixit,
2429 4545 2722 4601 ostendens
2758 4546 2904 4616 ipsos
2931 4546 3126 4616 ingrati
3157 4546 3323 4601 animi
3350 4562 3512 4601 causa

1907 4637 2259 4692 intolerabilia
2295 4651 2545 4707 passuros
2565 4652 2687 4692 esse
2717 4655 2729 4690 :
2761 4637 2823 4693 Si
2865 4655 2965 4691 non
2996 4639 3240 4693 venissem
3269 4649 3314 4690 et
3336 4639 3516 4708 loquu-

1905 4739 1986 4784 tus
2015 4730 2224 4798 fuissent
2251 4730 2341 4795 eis,
2370 4739 2628 4799 peccatum
2657 4746 2758 4783 non
2785 4721 3026 4784 haberent
3058 4728 3110 4801 (.1
3118 4746 3238 4784 oan.
3274 4729 3361 4785 l5.
3391 4730 3504 4800 9.9.).

1906 4822 2091 4892 Itaque
2124 4821 2347 4891 posthac
2371 4821 2530 4892 dupla
2562 4831 2615 4875 et
2652 4820 2953 4892 quadrupla
2977 4832 3103 4877 sunt
3130 4832 3371 4892 peccata.
3397 4823 3516 4891 Quo

1906 4913 2109 4985 pacto?
2139 4912 2273 4980 Quia
2303 4923 2429 4984 post
2455 4913 2708 4967 collatum
2738 4913 2998 4968 honorent
3026 4914 3218 4985 ingrati
3248 4931 3436 4969 smnus
3463 4924 3516 4968 et

1905 5009 2154 5080 improbi.
2197 5007 2535 5078 Quapropter
2581 5006 2709 5060 nihil
2752 5006 2911 5061 nobis
2953 5006 3166 5076 prolicit
3196 5007 3512 5073 lavacrum,

1904 5113 1962 5158 ut
2004 5103 2186 5158 mitius
2234 5103 2537 5172 puniamur.
2585 5100 2968 5155 Animadverte
3000 5114 3200 5169 porro:
3241 5100 3294 5154 in
3331 5103 3515 5170 gravia

1907 5207 2122 5268 peccata
2154 5196 2274 5264 quis
2303 5195 2524 5258 incidit;
2555 5193 2637 5248 vel
2668 5192 2892 5257 caadem.
2925 5193 3016 5249 vel
3046 5193 3392 5258 adulterium,
3422 5194 3507 5247 vel

1906 5289 2050 5343 aliud
2091 5288 2369 5360 quidpiam
2401 5286 2644 5341 deterius
2668 5285 2882 5341 admisit
2917 5304 2930 5340 :
2965 5285 3081 5342 lucc
3112 5301 3209 5356 per
3238 5287 3510 5341 lavacrum

1906 5383 2132 5438 remissa
2178 5389 2324 5435 sunt.
2375 5379 2590 5434 Nullum
2636 5380 2834 5450 quippe
2864 5387 2947 5432 est
2971 5421 2986 5443 ,
3018 5380 3226 5433 nullum
3255 5391 3331 5432 est
3362 5389 3511 5434 certe

1908 5485 2210 5548 peccatum,
2241 5473 2385 5528 nulla
2413 5473 2678 5550 impietas,
2710 5488 2829 5540 quae
2861 5471 2984 5525 huic
3005 5471 3149 5526 dono
3177 5487 3282 5524 non
3309 5471 3463 5524 cedat
3494 5487 3510 5527 :

1905 5570 2081 5625 divina
2114 5568 2311 5638 quippe
2347 5577 2429 5620 est
2457 5564 2646 5635 gratia.
2679 5563 2915 5618 Rursum
2948 5564 3250 5618 moechatus
3277 5576 3362 5618 est
3391 5563 3511 5633 quis

1905 5671 1959 5716 et
1987 5659 2187 5715 occidit
2219 5675 2232 5711 :
2263 5657 2494 5728 primum
2526 5654 2744 5724 quidem
2777 5653 3101 5707 adulterium
3133 5654 3365 5708 solutum
3397 5661 3504 5719 est,

1905 5767 1958 5810 et
1999 5754 2174 5810 caedes
2217 5752 2540 5814 condonata,
2572 5764 2746 5819 neque
2774 5758 3061 5802 revocatur
3089 5769 3100 5802 :
3132 5747 3281 5802 Dona
3308 5749 3506 5821 quippe

1905 5849 2003 5904 Dei
2031 5858 2077 5904 et
2103 5847 2297 5902 vacatio
2327 5846 2438 5915 ejus
2467 5853 2584 5898 sunt
2613 5842 2720 5895 sine
2749 5840 3044 5911 paenitentia
3074 5841 3247 5910 (Rom.
3276 5841 3362 5894 ll.
3387 5840 3504 5907 29).

1905 5945 2010 6003 Sed
2060 5959 2157 6018 pro
2205 5943 2288 6010 iis,
2337 5955 2456 6011 qua:
2498 5943 2620 6006 post
2658 5933 2983 6006 baptismum
3026 5941 3332 6003 perpetrata
3363 5941 3495 5988 sunt
