4014 6502
573 460 645 517 23
1317 451 1371 509 S.
1413 444 1689 506 JOANNIS
1722 434 2197 502 CllliYSOSTOMl
2236 436 2554 495 ARCHIEP.
2592 436 3125 497 CONSTANTINOP.
3773 431 3846 490 ξι

572 583 746 631 tantas
785 572 973 627 damus
1017 582 1220 640 ptenas,
1263 575 1490 637 quantas
1524 564 1570 620 si
1616 563 1707 618 illa
1752 566 2002 616 revocata
2043 568 2150 609 non

573 667 796 721 fuissent
818 704 835 732 ,
868 664 976 719 imo
1005 662 1163 731 longe
1193 658 1445 730 majores.
1475 655 1593 712 Non
1618 655 1762 711 enim
1786 653 1897 724 jam
1926 650 2150 722 simplex

570 765 655 811 est
678 762 974 826 peccatum,
1002 752 1094 808 sed
1123 750 1320 822 duplex
1343 759 1399 805 et
1422 747 1637 820 triplex.
1664 744 1819 813 Quod
1848 753 2027 799 autem
2057 739 2155 796 lio-

571 863 689 903 rum
711 846 882 916 major
900 847 970 901 sit
993 844 1142 909 ultio,
1172 842 1295 899 audi
1317 841 1442 912 quid
1463 840 1607 896 dicat
1627 837 1824 894 Paulus
1853 852 1866 889 :
1898 852 1916 886 I
1948 834 2153 890 lrritam

571 938 690 1009 quis
734 936 935 993 faciens
984 936 1153 1006 legem
1204 930 1422 1005 Moysis,
1468 933 1587 988 sine
1629 930 1734 985 ulla
1784 925 2151 983 misericordia

571 1030 778 1085 duobus
820 1028 903 1084 vel
944 1028 1115 1083 tribus
1162 1026 1387 1081 testibus
1431 1023 1660 1079 moritur
1693 1039 1706 1076 :
1737 1027 1939 1091 quanto
1983 1016 2153 1086 magis

532 1121 771 1191 ,putatis
817 1120 1080 1174 deteriora
1130 1116 1321 1172 mereri
1372 1114 1627 1185 supplicia
1675 1112 1765 1182 qui
1813 1110 2007 1164 Filium
2056 1108 2151 1162 Dei

570 1212 1004 1273 conculcaverit,
1057 1218 1113 1263 et
1164 1208 1478 1277 sanguinem
1529 1202 1833 1260 testamenti
1889 1201 2150 1270 pollutum

573 1305 803 1367 duxerit,
832 1312 886 1357 et
913 1301 1119 1372 spiritui
1144 1300 1330 1372 gratia:
1354 1296 1730 1355 contumeliam
1759 1293 1944 1350 fecerit
1964 1291 2148 1358 (Hebr.

574 1392 938 1464 10.28.29)?
974 1410 994 1444 ι

640 1482 827 1537 Contra
875 1498 957 1537 eos
1010 1482 1095 1549 qui
1149 1479 1397 1550 baptism
1452 1476 1772 1545 cii/ferebant.
1802 1472 2146 1527 —Fortasse

572 1575 771 1629 multos
799 1574 1090 1629 avertimus
1109 1614 1125 1639 ,
1154 1586 1223 1626 ne
1251 1585 1392 1625 nunc
1426 1567 1691 1637 accipiant
1730 1564 2016 1636 baptisma.
2047 1561 2153 1617 Ve-

573 1682 689 1720 rum
721 1681 824 1720 non
856 1666 970 1719 htec
1014 1665 1100 1718 illa
1140 1663 1207 1718 de
1233 1676 1395 1717 causa
1422 1660 1654 1715 diximus
1678 1699 1693 1723 ,
1722 1656 1816 1711 sed
1840 1665 1899 1709 ιιι
1923 1654 2011 1724 qui
2040 1654 2149 1724 jam

569 1765 910 1827 acceperunt,
936 1755 987 1809 in
1016 1754 1178 1809 multa
1206 1761 1457 1808 maneant
1482 1747 1831 1818 temperantia
1876 1753 1930 1801 et
1963 1740 2150 1800 mode-

572 1848 698 1903 stia.
730 1852 801 1903 At
829 1856 1028 1911 metuo,
1052 1846 1193 1901 dicet
1215 1846 1424 1914 aliquis.
1454 1842 1510 1898 Si
1536 1851 1826 1904 metueres,
1850 1839 2151 1907 acCcpisses

571 1940 751 2009 utique
780 1950 832 1993 et
852 1950 1148 1991 servasses.
1183 1935 1400 2001 Verum,
1434 1933 1642 2004 inquies
1661 1974 1677 1999 ,
1707 1946 1769 1985 ea
1794 1931 1906 2000 ipsa
1932 1930 1998 1984 de
2024 1934 2152 1983 calt-

568 2043 626 2082 sa
655 2044 759 2082 non
789 2025 1029 2096 accipio,
1059 2025 1198 2095 quod
1232 2034 1483 2080 metuam.
1515 2027 1710 2077 Annon
1760 2020 1952 2074 metuis
1979 2019 2055 2072 sic
2078 2032 2146 2071 ex

571 2118 668 2172 hac
696 2119 801 2171 vita
830 2115 1133 2171 decedere?
1161 2113 1429 2179 Clemens,
1462 2113 1654 2182 inquit,
1682 2119 1765 2166 est
1795 2110 1954 2163 Deus.
1988 2106 2151 2177 igitur

571 2208 752 2276 accipe
777 2207 1038 2276 baptisma
1063 2223 1077 2257 :
1102 2205 1339 2261 clemens
1372 2203 1515 2257 enim
1541 2211 1625 2256 est
1650 2209 1704 2256 et
1738 2199 2045 2269 opitulatur.
2071 2196 2149 2250 Tu

567 2316 694 2355 vero
717 2299 803 2354 ubi
834 2308 1104 2369 oporteret
1132 2296 1367 2351 studiose
1385 2310 1497 2349 rem
1524 2307 1702 2364 agere,
1723 2292 1866 2346 illam
1896 2304 1999 2345 non
2024 2303 2152 2358 pm-

567 2389 742 2445 tendis
766 2390 1143 2451 clementiam;
1174 2386 1264 2440 ubi
1296 2398 1428 2439 vero
1456 2382 1674 2438 diilerre
1715 2390 1903 2452 optas,
1926 2390 2052 2434 tunc
2082 2378 2150 2431 il-

568 2480 672 2534 lam
709 2481 1047 2535 clementiam
1088 2492 1377 2533 memoras.
1415 2476 1573 2545 Atqui
1616 2484 1740 2528 tunc
1770 2483 1983 2542 tempus
2008 2481 2151 2526 esset

566 2571 749 2626 utendi
771 2570 859 2625 illa
881 2569 1186 2631 clementia,
1216 2577 1376 2638 atque
1397 2566 1541 2621 illam
1570 2574 1681 2619 tum
1708 2565 1875 2635 magis
1897 2578 2151 2631 asseque-

572 2676 709 2726 mur,
742 2677 861 2714 cum
888 2674 950 2714 ea
980 2674 1097 2728 quae
1131 2673 1296 2727 penes
1326 2672 1423 2711 nos
1451 2665 1576 2711 sunt
1601 2655 1903 2709 aiferemus.
1936 2649 2146 2708 Etenim

567 2752 632 2816 is,
660 2752 749 2820 qui
770 2751 947 2805 omnia
971 2751 1023 2804 in
1048 2750 1210 2805 Deum
1235 2748 1429 2817 rejieit.
1454 2757 1508 2802 et
1538 2755 1657 2815 post
1684 2745 1942 2815 baptisma
1966 2754 2150 2814 peccat

569 2851 751 2910 utpote
777 2841 958 2904 homo,
994 2857 1088 2911 per
1114 2839 1480 2910 ptenitentiam
1511 2838 1665 2892 venia
1694 2837 1980 2892 donabitur
2012 2856 2025 2890 :
2058 2837 2148 2906 qui

563 2950 689 2989 vero
725 2936 791 2989 de
839 2934 927 2988 Dei
972 2932 1254 2989 clementia
1295 2932 1446 3003 quasi
1491 2940 1676 3001 argute
1716 2932 1860 3001 agit,
1891 2931 1933 2985 si
1964 2929 2149 3000 gratiae

564 3041 756 3096 expers
797 3026 919 3080 hinc
952 3025 1206 3088 decedat,
1237 3025 1531 3080 inevitabiii
1574 3025 1834 3094 supplicio
1863 3024 2143 3094 plectetur.

562 3119 670 3174 Cur
697 3128 873 3174 autem
918 3120 1032 3173 haec
1073 3119 1335 3172 adversus
1364 3118 1589 3171 salutem
1623 3125 1763 3170 tuam
1811 3115 2147 3185 prrctendis?

566 3212 899 3282 impossibile
930 3212 1069 3265 enim
1100 3220 1199 3273 est,
1236 3210 1584 3281 impossibile,
1621 3223 1677 3264 ut
1708 3218 1857 3279 puto,
1879 3216 1979 3271 est,
1998 3224 2143 3273 eum,

559 3306 648 3374 qui
678 3304 767 3358 tali
796 3316 892 3373 spe
922 3303 1083 3357 fultus
1112 3303 1324 3366 difl'ert,
1370 3309 1649 3357 strenuum
1676 3300 1799 3371 quid
1828 3312 1918 3354 aut
1947 3301 2144 3354 bonum

562 3397 792 3463 operari.
817 3395 895 3449 Tu
926 3410 1053 3449 vero
1087 3408 1184 3449 cur
1212 3404 1416 3449 tantum
1448 3404 1648 3449 metum
1681 3394 1940 3463 suscipis,
1970 3403 2025 3448 et
2060 3394 2143 3447 in-

558 3496 762 3539 certum
798 3486 1028 3540 futurum
1054 3487 1381 3555 praetendis?
1414 3501 1510 3541 cur
1542 3500 1645 3540 non
1678 3495 1875 3540 metum
1910 3486 2065 3568 illum
2091 3490 2142 3540 in

561 3577 794 3631 laborem
817 3588 870 3631 et
894 3577 1224 3644 diligentiam
1254 3586 1447 3641 mutas,
1474 3588 1531 3629 ut
1562 3577 1636 3630 sis
1661 3591 1886 3645 magnus
1907 3586 1960 3630 et
1984 3579 2145 3630 mira-

560 3669 726 3723 bilis?
755 3681 930 3723 utrum
962 3671 1150 3724 melius
1173 3681 1275 3736 est,
1302 3671 1511 3734 timere,
1540 3684 1609 3723 an
1638 3669 1921 3723 laborare?
1942 3669 1998 3725 Si
2025 3670 2144 3739 quis

560 3769 609 3814 te
633 3762 920 3816 collocaret
945 3764 1173 3816 otiosum
1219 3762 1270 3817 in
1299 3761 1460 3815 domo
1485 3762 1653 3815 ruinas
1681 3762 1922 3831 proxima
1946 3803 1960 3827 ,
1992 3762 2141 3815 diee-

559 3862 777 3921 rctque,
822 3852 1088 3921 ExSpecta
1142 3854 1309 3907 donec
1346 3855 1673 3923 contignatio
1708 3854 1833 3922 jam“
1879 3854 2048 3922 putris
2092 3855 2142 3906 in

559 3955 718 4014 eaput
750 3956 895 3999 tuum
925 3946 1078 3999 cadat
1101 3946 1243 4015 (nam
1268 3944 1403 4000 forte
1430 3946 1606 4009 cadet,
1636 3946 1771 4000 forte
1794 3961 1898 3999 non
1926 3944 2102 4016 cadet)
2126 3962 2139 4010 ;

560 4038 641 4090 sin
673 4052 776 4090 non
807 4036 997 4105 placet,
1021 4051 1267 4105 operare,
1292 4046 1345 4091 et
1373 4039 1422 4090 in
1446 4037 1639 4091 tutiore
1661 4036 1837 4089 habita
1866 4036 2099 4089 thalamo
2126 4053 2137 4088 :

558 4138 733 4181 utrum
764 4130 937 4197 potius
964 4128 1189 4196 eligeres
1211 4171 1226 4195 ,
1258 4129 1496 4183 otiumue
1525 4128 1653 4183 illud
1688 4130 1879 4183 timore
1904 4128 2139 4198 plenum,

552 4235 623 4273 an
665 4220 899 4275 laborem
931 4237 1024 4291 spe
1055 4220 1239 4275 fultum
1262 4222 1285 4275 ἲ
1310 4221 1385 4276 Ita
1412 4230 1467 4276 et
1517 4236 1657 4276 nunc
1688 4220 1866 4275 facito.
1900 4221 2030 4274 Nam
2063 4217 2144 4273 in-

557 4323 762 4363 certum
809 4310 938 4365 illud
987 4310 1218 4365 futurum
1244 4352 1259 4375 ,
1298 4321 1380 4365 est
1409 4312 1558 4381 quasi
1605 4312 1797 4365 domus
1839 4311 1889 4364 in
1932 4313 2141 4364 ruinam

562 4417 789 4472 vergens
817 4421 831 4465 ;
863 4403 950 4456 illa
984 4417 1113 4457 vero
1144 4403 1417 4473 operatio,
1447 4404 1547 4458 etsi
1576 4402 1865 4468 laboriosa,
1888 4402 2144 4457 securita-

561 4502 665 4546 tem
696 4492 943 4561 spondet.

632 4584 683 4638 7.
726 4584 889 4639 Absit
929 4600 1057 4654 ergo
1095 4593 1153 4639 ut
1186 4584 1239 4640 in
1283 4593 1480 4640 tantam
1524 4583 1895 4640 necessitatem
1942 4583 2144 4638 incitla~

559 4690 712 4739 mus,
746 4684 801 4729 ut
838 4686 957 4745 post
1004 4677 1275 4731 lavacrum
1308 4691 1607 4745 peccemus.
1653 4678 1901 4731 Attamen
1943 4677 1987 4730 si
2013 4674 2140 4745 quid

560 4766 735 4822 simile
764 4768 968 4822 aenidat
992 4808 1007 4832 ,
1045 4783 1113 4822 ne
1141 4767 1217 4821 sic
1244 4767 1460 4837 quidem
1490 4766 1861 4836 desperemus.
1894 4763 2143 4820 Clemens

562 4859 706 4915 enim
734 4868 817 4914 est
862 4860 1132 4923 Dominus.
1166 4861 1462 4927 multasque
1496 4859 1661 4928 nobis
1688 4859 1832 4914 dedit
1872 4858 2141 4915 remissio-

566 4954 650 5007 nis
690 4960 870 5022 postea
912 4952 1259 5021 impetrandae
1298 4952 1431 5006 vias.
1465 4951 1731 5006 Caeterum
1772 4950 1911 5005 sicut
1955 4951 2026 5016 ii,
2053 4950 2143 5019 qui

564 5055 686 5115 post
716 5046 985 5099 lavacrum
1012 5054 1252 5115 peccant,
1282 5047 1494 5114 gravius
1517 5044 1836 5112 puniuntur,
1872 5058 2029 5113 quam
2056 5058 2140 5097 ca-

565 5133 869 5190 techumeni
905 5153 917 5188 :
950 5136 1024 5188 sic
1052 5135 1137 5205 qui
1171 5134 1347 5188 sciunt
1374 5134 1703 5204 paenitentiae
1737 5148 1855 5187 esse
1884 5132 2141 5197 remedia,

570 5241 666 5279 nec
710 5226 772 5278 iis
804 5225 877 5279 uti
930 5226 1131 5289 volunt,
1165 5225 1409 5295 graviora
1456 5224 1737 5280 patientur.
1767 5223 1977 5289 Quanto
2002 5222 2145 5276 enim

570 5316 737 5385 major
766 5326 847 5371 est
879 5316 968 5369 Dei
996 5316 1271 5371 clementia
1294 5358 1308 5380 ,
1332 5324 1480 5369 tanto
1508 5331 1673 5385 magis
1703 5316 2019 5384 supplicium
2052 5329 2145 5367 au-

569 5418 722 5477 getur
745 5452 757 5474 ,
791 5412 831 5463 si
867 5425 968 5464 non
1013 5410 1099 5463 illa
1128 5421 1185 5463 ut
1224 5419 1431 5479 oportet
1464 5420 1695 5463 utamur.
1734 5408 1870 5473 Quid
1907 5409 2040 5462 dicis
2066 5449 2079 5473 ,
2112 5423 2145 5459 ο

570 5500 774 5553 homo?
811 5499 993 5555 Tantis
1034 5501 1223 5570 plenus
1260 5501 1409 5554 malis
1446 5515 1509 5555 ac
1546 5501 1853 5567 deploratus
1884 5542 1898 5565 ,
1942 5500 2145 5552 amicus

571 5601 789 5659 repente
823 5590 989 5645 factus
1016 5608 1090 5653 es.
1118 5600 1172 5647 et
1199 5592 1262 5645 ad
1286 5592 1498 5646 culmen
1530 5592 1747 5645 honoris
1772 5601 2007 5654 evectus,
2040 5605 2145 5643 non

571 5697 633 5735 ex
661 5681 888 5751 propriis
924 5682 1220 5745 laboribus,
1253 5683 1346 5738 sed
1378 5698 1443 5736 ex
1473 5682 1613 5736 dono
1636 5683 1726 5736 Dei
1746 5724 1759 5745 ,
1785 5693 1837 5736 et
1868 5696 2051 5735 rursus
2077 5696 2145 5734 ao

574 5776 847 5844 pristinam
906 5790 1151 5831 reversus
1202 5792 1258 5831 es
1310 5775 1687 5845 turpitudinem
1718 5816 1731 5836 ,
1770 5775 1973 5829 etiamsi
2020 5772 2146 5826 hinc

572 5867 806 5936 graviter
831 5866 1149 5923 cruciandus
1182 5866 1292 5921 sis:
1335 5866 1421 5921 ille
1452 5880 1579 5921 vero
1636 5880 1805 5934 neque
1862 5865 1935 5919 sic
1989 5878 2146 5917 aver-

2259 567 2353 610 sus
2399 564 2522 619 est;
2550 553 2644 610 sed
2701 555 2848 610 mille
2897 556 3087 610 salutis
3130 566 3291 609 ansas
3341 552 3483 609 Deus
3522 553 3674 611 dedit
3701 594 3716 617 .
3751 568 3848 624 per

2258 658 2391 714 quas
2443 646 2646 700 amicus
2695 646 2947 700 eflielaris
2993 663 3011 701 :
3063 654 3120 701 tu
3169 660 3300 701 vero
3361 660 3431 700 ne
3490 646 3570 700 sic
3627 644 3848 715 quidem

2259 734 2338 790 vis
2379 735 2615 791 laborem
2668 739 2963 807 suscipere.
3026 737 3095 793 Et
3144 752 3248 808 qua
3302 736 3513 793 tandem
3560 738 3714 791 venia
3762 736 3848 791 di-

2258 843 2392 900 gnus
2435 826 2586 883 eris?
2631 829 2901 897 quomodo
2927 844 3034 885 non
3061 838 3113 884 te
3128 831 3251 898 jure
3273 828 3503 899 gentiles
3540 827 3845 894 derideant,

2257 935 2356 976 ceu
2388 922 2563 975 fucum
2607 922 2911 991 quempiam
2952 929 3156 976 temere
3186 922 3488 991 frustraque
3526 920 3792 974 viventem
3825 920 3848 972 9

2256 1011 2389 1066 Nam
2420 1014 2466 1067 si
2489 1011 2663 1077 valet,
2686 1012 2951 1082 inquiunt,
2980 1010 3319 1081 philosophia
3346 1019 3525 1064 vestra
3546 1050 3562 1075 ,
3590 1000 3717 1080 quid
3742 1008 3846 1064 sibi

2256 1103 2371 1158 Vult
2400 1102 2485 1158 illa
2504 1115 2608 1159 non
2632 1104 2957 1159 initiatorum
2980 1102 3304 1158 multitudo?
3330 1101 3591 1157 Pmchn
3608 1110 3754 1155 certe
3773 1107 3850 1155 ate

2256 1210 2362 1265 que
2384 1196 2679 1265 expetenda
2698 1198 2969 1269 mysteria.
2997 1195 3103 1251 Sed
3133 1194 3311 1250 nullus
3326 1202 3627 1266 exspectet,
3648 1202 3705 1247 ut
3723 1193 3847 1247 ani-

2257 1301 2396 1342 mam
2437 1302 2603 1357 agens
2639 1288 2910 1343 lavacrum
2940 1289 3185 1359 accipiat.
3230 1286 3346 1342 Non
3382 1288 3527 1342 enim
3560 1286 3846 1358 mysterio-

2254 1389 2373 1431 rum
2400 1384 2609 1446 tempus
2640 1378 2769 1433 illud
2795 1388 2897 1444 est,
2928 1380 3021 1433 sed
3046 1387 3487 1433 testamentorum
3514 1395 3529 1432 :
3560 1378 3850 1447 mysterio-

2255 1482 2373 1521 rum
2416 1475 2597 1523 autem
2628 1477 2837 1538 tempus
2866 1478 2949 1524 est
2988 1468 3190 1524 sanitas
3229 1469 3485 1523 mentium
3518 1509 3533 1535 ,
3565 1476 3621 1523 et
3646 1468 3845 1523 anima:

2256 1557 2628 1626 temperantia.
2666 1558 2759 1613 Dic
2787 1559 2931 1614 enim
2964 1558 3094 1613 mihi
3128 1578 3141 1612 :
3175 1560 3218 1613 si
3253 1568 3570 1614 testamenta
3600 1573 3706 1613 non
3731 1559 3848 1613 vult

2255 1650 2377 1718 quis
2397 1650 2474 1703 sic
2502 1649 2726 1705 allectus
2751 1652 2930 1715 edere,
2964 1650 3058 1706 sed
3091 1659 3145 1705 et
3171 1652 3217 1705 si
3245 1651 3505 1717 ediderit,
3540 1667 3721 1705 ansam
3751 1651 3849 1705 dat

2256 1750 2440 1810 postea
2486 1742 2765 1812 litigandi;
2798 1743 3026 1813 ideoque
3062 1745 3150 1815 qui
3195 1755 3457 1799 testantur
3498 1745 3611 1800 haec
3641 1745 3848 1799 addunt

2255 1834 2455 1889 verba:
2490 1835 2603 1905 Ego
2642 1838 2827 1892 vivens
2849 1878 2864 1903 ,
2908 1845 2963 1893 et
2998 1848 3177 1893 mente
3204 1839 3388 1894 valens
3417 1854 3533 1893 mea
3565 1838 3794 1907 dispono
3828 1856 3843 1892 :

2255 1925 2526 1994 quomodo
2553 1927 2616 1991 is,
2643 1928 2731 1997 qui
2758 1928 2838 1982 sui
2863 1943 3083 1998 compos
3110 1944 3214 1983 non
3241 1938 3344 1996 est,
3372 1930 3565 1998 poterit
3592 1940 3848 1985 accurate

2255 2021 2526 2090 mysteriis
2546 2020 2787 2076 initiari?
2816 2021 2873 2077 Si
2901 2022 3045 2075 enim
3077 2022 3145 2077 de
3174 2022 3519 2077 szecuiaribus
3548 2022 3706 2077 rebus
3735 2038 3844 2075 non

2254 2112 2437 2167 sinunt
2459 2122 2695 2169 externae
2720 2113 2866 2182 leges
2895 2114 3077 2169 testari
3101 2127 3223 2167 eum
3249 2154 3263 2176 ,
3289 2114 3377 2183 qui
3407 2114 3628 2168 omnino
3660 2122 3847 2168 mente

2256 2219 2363 2258 non
2386 2204 2561 2259 Valeat
2584 2245 2599 2270 ,
2636 2218 2759 2259 eum
2787 2214 2965 2259 tamen
2992 2204 3059 2259 de
3084 2203 3197 2259 suis
3222 2203 3570 2259 facultatibus
3596 2204 3847 2274 praescri-

2257 2298 2443 2365 plllrus
2472 2295 2542 2349 sit
2570 2312 2584 2348 :
2616 2294 2888 2365 quomodo
2918 2294 2986 2349 de
3011 2310 3180 2365 regno
3199 2296 3454 2350 mulorum
3484 2294 3657 2365 deque
3684 2310 3845 2351 arca-

2258 2386 2339 2441 nis
2366 2386 2472 2443 illis
2501 2387 2656 2442 bonis
2687 2387 2961 2441 institutus
2986 2388 3187 2456 poteris
3214 2388 3359 2443 clare
3386 2388 3563 2442 Omnia
3601 2388 3845 2455 discere,

2254 2492 2375 2532 cum
2400 2493 2544 2546 saepe
2572 2477 2643 2532 ob
2669 2479 2913 2533 morbum
2941 2460 3118 2533 mente
3142 2488 3331 2547 captus
3352 2480 3426 2535 sis
3445 2480 3471 2533 Υ
3498 2480 3845 2550 quandonatu

2252 2569 2414 2624 verba
2443 2568 2531 2622 illa
2562 2567 2776 2623 Christo
2806 2568 2953 2625 dices
2979 2610 2995 2634 ,
3026 2570 3385 2639 Consepultus
3415 2585 3538 2625 cum
3564 2571 3655 2626 illo
3676 2611 3690 2635 ,
3718 2586 3844 2626 cum

2250 2658 2359 2727 jam
2386 2660 2711 2729 migraturus
2734 2659 2849 2713 sis?
2874 2660 3005 2715 Nam
3026 2669 3081 2714 et
3109 2662 3364 2728 operibus
3392 2671 3446 2715 et
3472 2661 3651 2716 verbis
3680 2662 3849 2717 bene--

2254 2750 2485 2804 volentia
2518 2750 2589 2804 illi
2622 2750 2923 2806 exhibenda
2951 2760 3053 2805 est.
3084 2752 3164 2806 Tu
3193 2765 3321 2808 vero
3350 2753 3569 2822 perinde
3601 2753 3750 2818 facis,
3781 2770 3849 2812 ac

2254 2842 2296 2893 si
2325 2840 2441 2909 quis
2466 2842 2702 2909 postulet
2730 2842 2958 2897 adscribi
2988 2843 3189 2897 militia:
3210 2884 3224 2908 ,
3252 2860 3371 2899 cum
3393 2845 3505 2914 jam
3536 2845 3728 2899 bellum
3759 2855 3849 2900 est

2254 2934 2562 2987 solvendum
2597 2953 2610 2997 ;
2653 2944 2746 2987 aut
2794 2935 2839 2989 si
2883 2934 3081 2990 athleta
3124 2942 3231 2991 tum
3272 2946 3449 2992 vestes
3488 2948 3691 3005 exuat,
3718 2953 3847 2995 cum

2251 3032 2585 3092 spectatores
2628 3034 2870 3094 surgunt.
2905 3025 3037 3080 Nam
3067 3027 3186 3081 ideo
3225 3044 3373 3082 arma
3401 3030 3569 3083 sumis
3591 3070 3605 3094 ,
3637 3046 3741 3083 non
3786 3040 3848 3085 ut

2254 3115 2496 3181 protinus
2516 3114 2755 3185 aufugias
2781 3134 2794 3181 ;
2824 3118 2917 3172 sed
2948 3129 3005 3171 ut
3030 3119 3137 3172 illis
3178 3120 3466 3175 instructus
3489 3162 3501 3185 ,
3529 3130 3711 3175 contra
3742 3123 3846 3175 ho-

2252 3215 2389 3259 stem
2440 3215 2697 3277 tropaeum
2744 3210 2941 3279 erigas.
2994 3210 3160 3264 Nemo
3210 3220 3353 3279 putet
3407 3211 3842 3280 intempestivum

2253 3297 2396 3353 hunc
2444 3315 2747 3355 sermonem
2793 3317 2955 3367 esse,
3004 3304 3126 3373 quia
3178 3318 3281 3357 non
3330 3304 3381 3357 in
3423 3303 3845 3375 Quadragesima

2254 3407 2395 3447 nunc
2424 3408 2608 3447 sumus
2637 3394 2734 3463 (a).
2772 3393 2894 3449 Ideo
2940 3410 3170 3465 nanzque
3210 3396 3508 3449 discrucior
3534 3437 3548 3461 ,
3600 3396 3738 3464 quod
3789 3397 3843 3450 in

2253 3486 2446 3539 talibus
2496 3487 2655 3542 rebus
2698 3497 2909 3557 tempus
2951 3488 3267 3543 observetis.
3315 3488 3522 3541 Etenim
3563 3487 3846 3541 eunuchus

2252 3577 2342 3631 ille
2367 3587 2420 3631 et
2449 3578 2708 3633 barbarus
2735 3580 2837 3633 iter
2866 3594 3031 3649 agens
3060 3620 3073 3643 ,
3108 3578 3279 3632 media
3314 3578 3364 3632 in
3394 3580 3475 3631 via
3502 3594 3622 3632 cum
3656 3588 3801 3632 esset
3826 3620 3841 3642 ,

2254 3679 2462 3739 tempus
2499 3686 2605 3724 non
2634 3672 2921 3741 exquisivit
2950 3672 3086 3739 (Act.
3116 3670 3171 3725 8.
3202 3669 3293 3741 27)
3327 3688 3341 3723 :
3378 3685 3476 3724 nec
3505 3680 3687 3724 custos
3716 3685 3843 3723 car-

2248 3765 2387 3817 eeris
2417 3763 2527 3827 ille,
2560 3764 2697 3817 inter
2724 3765 2930 3819 vinctos
2956 3806 2969 3829 ,
3001 3779 3120 3819 cum
3164 3764 3479 3833 magistrum
3509 3764 3710 3817 videret
3740 3764 3844 3818 ila-

2248 3854 2401 3922 gellis
2426 3869 2625 3909 erasum
2658 3864 2711 3910 et
2748 3857 2980 3909 vinetum
3006 3898 3022 3923 ,
3053 3866 3105 3909 et
3156 3856 3208 3909 in
3254 3870 3472 3910 carcere
3526 3870 3843 3910 mansurum

2253 3946 2272 4016 (
2305 3945 2389 3999 Id.
2425 3946 2511 4001 16.
2541 3946 2612 4001 29
2643 3946 2683 4017 ).
2713 3946 2809 4000 ilic
2837 3957 3014 4000 autem
3049 3946 3320 4016 plerique,
3353 3962 3459 4000 non
3491 3946 3543 3999 in
3575 3962 3796 4001 carcere
3822 3990 3837 4010 ,

2249 4053 2355 4092 non
2383 4038 2435 4091 in
2464 4039 2549 4092 via
2586 4039 2883 4105 constituti,
2914 4038 3166 4093 diii'erunt
3191 4080 3205 4103 ,
3251 4038 3408 4108 idque
3438 4038 3504 4093 ad
3535 4048 3842 4094 extremum

2247 4144 2416 4198 usque
2451 4129 2572 4183 vita:
2604 4129 2846 4183 halitum.

2319 4223 2371 4276 8.
2414 4221 2678 4293 Baptisms
2738 4207 2839 4276 non
2892 4219 3515 4289 differendum—Quod
3570 4222 3614 4276 si
3663 4221 3844 4278 adhuc

2248 4314 2473 4382 ambigis
2500 4329 2623 4366 num
2653 4314 2901 4367 Christus
2924 4315 2995 4367 sit
3021 4314 3180 4375 Deus,
3215 4314 3344 4367 foris
3388 4324 3548 4379 stato,
3581 4330 3679 4369 nec
3703 4316 3842 4369 divi-

2249 4420 2315 4457 na
2364 4404 2525 4457 verba
2576 4403 2783 4468 audias,
2828 4420 3001 4474 neque
3052 4405 3192 4458 inter
3220 4405 3632 4458 catechumenos
3660 4414 3710 4458 te
3738 4420 3843 4459 an-

2250 4508 2503 4549 numeres
2534 4509 2547 4549 :
2574 4494 2653 4548 sin
2680 4492 2907 4549 confidis
2926 4536 2942 4561 ,
2972 4503 3025 4548 et
3053 4494 3151 4548 hoc
3184 4496 3349 4564 probe
3375 4494 3675 4563 cognoscis.
3708 4496 3841 4564 quid

2248 4588 2553 4643 cunctaris?
2583 4597 2676 4642 etir
2706 4584 2907 4657 refugis
2935 4595 2989 4642 et
3017 4588 3196 4657 segnis
3219 4588 3322 4641 es?
3354 4586 3574 4647 Vereor.
3608 4587 3841 4655 inquies,

2250 4698 2317 4735 ne
2346 4695 2585 4750 peccem.
2616 4678 2768 4745 Quod
2812 4690 2942 4733 vero
2970 4678 3207 4733 deterius
3236 4687 3318 4733 est
3346 4694 3450 4732 non
3480 4680 3683 4733 vereris
3715 4719 3730 4742 ,
3774 4695 3846 4734 ne

2250 4790 2370 4827 cum
2400 4773 2557 4827 tantis
2599 4772 2826 4826 sarcinis
2871 4772 2963 4825 illo
2996 4772 3199 4825 abeas?
3227 4771 3343 4825 Non
3376 4772 3517 4826 enim
3558 4787 3655 4843 par
3683 4773 3844 4842 culpa

2251 4874 2333 4920 est
2359 4864 2685 4935 propositam
2712 4863 2935 4933 gratiam
2964 4878 3070 4917 non
3097 4864 3309 4931 assequi
3337 4905 3351 4929 ,
3389 4873 3442 4917 et
3470 4879 3581 4917 rem
3618 4880 3844 4933 aggres-

2252 4971 2394 5021 sum,
2426 4954 2619 5009 frustra
2652 4964 2902 5009 conatum
2926 4968 3064 5008 esse.
3103 4954 3193 5008 Dic
3220 4953 3377 5015 mihi,
3405 4954 3451 5008 si
3480 4953 3845 5023 redarguuris,

2251 5066 2346 5105 cur
2377 5065 2480 5103 non
2524 5050 2817 5103 accesseris
2842 5089 2855 5112 ,
2882 5063 2978 5101 cur
3009 5062 3112 5099 non
3160 5058 3306 5101 recte
3356 5063 3466 5100 rem
3510 5048 3800 5115 perfeceris
3828 5088 3843 5112 ,

2254 5141 2377 5211 quid
2418 5140 2616 5196 dices?
2664 5138 2775 5193 illic
2823 5139 2969 5192 enim
3028 5135 3167 5189 forte
3222 5136 3443 5205 illcgare
3492 5151 3674 5205 posses
3701 5149 3843 5190 unus

2256 5244 2643 5303 praeceptorum
2671 5233 2687 5263 ¹
2712 5240 2765 5285 et
2789 5231 3033 5293 virtutis;
3060 5228 3144 5281 hic
3172 5244 3297 5281 vero
3326 5228 3453 5281 nihil
3482 5229 3673 5281 simile.
3706 5226 3841 5281 Gra-

2259 5329 2325 5380 tia
2353 5329 2492 5381 enitn
2535 5334 2618 5379 est
2660 5326 2822 5393 gratis
2856 5322 2989 5376 dans
3037 5321 3356 5374 libertatem.
3413 5319 3607 5373 Verum
3641 5319 3799 5373 times
3824 5358 3845 5385 ,

2255 5436 2322 5476 ne
2350 5419 2581 5489 pecces?
2613 5418 2723 5472 Hoc
2755 5428 2872 5485 post
2914 5415 3171 5485 baptisma
3200 5412 3382 5466 dicito.
3416 5411 3563 5465 Tunc
3590 5411 3714 5465 time
3736 5452 3749 5474 ,
3786 5423 3845 5465 ut

2257 5529 2436 5568 serves
2483 5512 2784 5565 libertatem
2812 5551 2825 5573 ,
2868 5518 3041 5576 quam‘
3072 5504 3360 5573 accepisti;
3404 5519 3509 5557 non
3538 5512 3593 5557 ut
3632 5512 3842 5556 tantum

2258 5608 2451 5659 donum
2483 5603 2647 5673 gratis
2693 5615 2799 5655 non
2842 5600 3092 5669 accipias.
3121 5596 3270 5650 Nunc
3299 5604 3478 5649 autem
3508 5603 3631 5649 ante
3660 5593 3842 5663 bapti-

2321 5746 2335 5775 ¹
2373 5744 2509 5791 Altus
2532 5740 2673 5804 legit,
2699 5742 2975 5805 a/fertuttm,
2996 5742 3495 5805 pro,_prtrcep_l_orum.
3525 5797 3538 5805 _
3594 5798 3605 5805 _
3697 5796 3727 5805 Α

2320 5807 2389 5867 (a)
2425 5806 2479 5854 in
2500 5796 2872 5863 Quavtlrage'sima
2895 5796 3078 5865 quippe
3094 5798 3156 5847 de
3177 5811 3274 5847 non
3297 5796 3571 5849 diiferemlo
3594 5796 3844 5859 baptismo

2260 5870 2525 5918 contionari
2550 5867 2789 5917 solebant.
