4092 6500
222 466 291 523 98
1222 461 1291 517 IN
1335 461 1517 517 ACTA
1557 456 2097 513 APOSTOLORUM.
2132 455 2368 512 ιιοδίιι.
2413 457 2453 510 Ι.
3426 460 3497 513 ει

216 578 327 641 ζων
358 576 571 631 τούτων
614 579 724 634 τῶν
758 580 1168 648 ἁμαρτημάτων
1204 580 1235 647 ἡ
1279 578 1401 647 δίκη
1424 618 1437 640 ,
1482 577 1713 630 ἄκουσον
1756 571 1808 625 τί
1918 570 2137 641 κηφῆνά
2174 588 2294 624 τινα
2318 572 2495 634 ζῶντα
2516 572 2638 640 εἰκῆ
2678 572 2772 624 καὶ
2811 573 2985 641 μάτην
3009 589 3023 635 ;
3050 573 3238 643 Είγάρ
3272 573 3499 644 δυνατὴ,

213 676 380 729 φησιν
426 661 457 711 6
493 659 729 722 Παῦλος·
773 659 1089 724 Ἆθετήσας
1125 677 1214 725 τις
1254 661 1443 727 νόμον
1490 656 1806 720 Μωῡσέως,

1918 654 2101 720 φησὶν,
2129 654 2162 722 ἡ
2193 656 2321 723 παρ’
2348 654 2501 725 ὑμῶν
2531 666 2553 693 ε
2581 654 2885 723 φιλοσοφία,
2910 654 3139 719 δείξατε,
3166 657 3217 707 τί
3250 656 3497 725 βούλεται

211 741 397 807 χωρίς
456 740 781 811 οἰκτιρμῶν
822 740 919 793 ἐπὶ
970 741 1155 793 δυσίν
1208 741 1244 808 ἢ
1307 741 1464 809 τρισὶ
1504 740 1808 809 μάρτυσιν
1918 733 2023 786 τῶν
2054 736 2317 806 ἀμυήτων
2343 737 2403 789 τὸ
2432 736 2673 805 πλῆθος;
2713 736 2960 789 Καλάτά
2986 738 3259 806 μυστήρια
3291 740 3381 791 καὶ
3404 757 3498 791 ποο

209 824 618 893 ἀποθνήσκει·
653 826 824 890 πόσῳ
854 824 1084 877 δοκεῖτε
1104 825 1380 900 χείρονος
1410 823 1806 888 ἀξιωθήσεται
1920 817 2104 900 θεινά’
2141 819 2255 871 ἀλλ’
2286 818 2459 882 οὐδεὶς
2488 818 2852 891 ψυχορραγῶν
2884 818 3109 888 λουτρὸν
3151 819 3496 889 λαμϐανέτω.

210 907 495 973 τιμωρίας
545 911 579 959 ό
638 905 747 958 τὸν
802 904 938 958 r167-
984 906 1093 960 τοῦ
1147 906 1295 960 Θεοῦ
1352 905 1803 969 καταπατήσας,

206 988 305 1041 καί
340 988 411 1041 τὸ
446 984 598 1057 αἷμα
635 988 748 1056 τῆς
795 988 1095 1055 Διαθήκης
1146 987 1353 1042 κοινὸν
1400 986 1803 1056 ἡγησάμενος,

206 1070 308 1123 καὶ
335 1070 407 1123 τὸ
440 1070 689 1140 πνεῦμα
728 1071 839 1137 τῆς
880 1072 1123 1139 χάριτος
1161 1071 1522 1137 ἐνυϐρίσας;

273 1150 436 1221 Τάχα
470 1153 705 1216 ¹πολλοὺς
745 1152 1136 1223 ἀπετρέψαμεν
1162 1151 1258 1205 νῦν
1288 1151 1472 1205 λαϐεῖν
1514 1155 1577 1204 τὸ
1612 1150 1803 1210 βάπτι-

202 1250 338 1304 σμα.
385 1236 536 1289 ⁹Δλλ⁹
558 1238 619 1289 οὐ
635 1236 724 1289 διὰ
744 1235 902 1288 τοῦτο
922 1234 1095 1287 ταῦτα
1123 1236 1446 1305 είρήκαμεν,
1467 1236 1582 1288 ἀλλ’
1603 1235 1689 1287 ἵνα
1708 1234 1803 1287 λα-

199 1317 393 1380 ϐόντες
429 1318 695 1388 μείνωσιν
714 1321 773 1371 ἐν
807 1318 1129 1389 σωφροσύνῃ
1159 1319 1253 1371 καὶ
1300 1321 1571 1388 ἐπιεικείᾳ
1608 1318 1798 1389 πολλῇ.

210 1398 379 1452 Ἀλλά
400 1400 645 1464 δέδοικα,
676 1401 861 1471 φησίν.
910 1401 975 1454 El
1027 1400 1337 1470 ἐδεδοίκεις,
1373 1400 1566 1464 ἔλαϐες
1614 1402 1681 1455 ἂν
1711 1404 1802 1455 καὶ

196 1481 505 1550 ἐφύλαεας.
556 1483 717 1536 Ἀλλά
750 1482 819 1536 δι’
849 1483 981 1537 αὐτὸ
1007 1484 1106 1553 μὲν
1133 1481 1227 1538 οὖν
1254 1484 1413 1537 τοῦτο
1435 1486 1495 1537 οὐ
1518 1483 1797 1555 λαμϐάνω,

195 1562 356 1632 φησὶ,
385 1563 481 1617 διὰ
518 1564 581 1617 τὸ
604 1564 907 1634 φοϐεῖσθαι.
946 1566 1020 1619 Τὸ
1046 1566 1101 1619 δὲ
1126 1566 1299 1629 οὕτως
1332 1566 1588 1620 ἀπελθεῖν
1625 1566 1685 1618 ού
1716 1566 1798 1618 δέ·

193 1644 420 1710 δοικαςς
478 1647 873 1719 Φιλάνθρωπός
924 1649 1063 1710 ἐστι,
1109 1650 1293 1718 φησὶν,
1328 1652 1356 1701 6
1405 1648 1558 1711 Θεός.
1590 1646 1799 1701 οὐκοῦν

193 1725 327 1780 λάϐε
353 1728 419 1781 τὸ
455 1729 751 1801 βάπτισμα
774 1749 788 1764 ’
819 1732 1205 1801 φιλάνθρωπος
1238 1732 1346 1801 γάρ
1380 1734 1497 1784 ἐστι
1527 1732 1622 1784 καὶ
1657 1730 1799 1801 βοη-

193 1806 296 1864 θεῖ.
326 1810 403 1863 ΣΞ)
438 1811 526 1875 δὲ,
556 1813 685 1866 ἔνθα
718 1814 816 1882 μὲν
838 1813 903 1866 ἂν
924 1813 1020 1883 δέῃ
1052 1811 1367 1877 σπουδάσαι,
1414 1813 1475 1865 οὐ
1517 1813 1798 1885 προϐάλλῃ

190 1892 290 1962 τὴν
317 1893 744 1965 φιλανθρωπίαν
778 1896 983 1965 ταύτην
1003 1911 1018 1928 ·
1053 1894 1182 1948 ἔνθα
1217 1896 1262 1947 δ’
1293 1896 1358 1949 ἂν
1393 1895 1556 1967 θέλῃς
1594 1896 1797 1950 ἀναϐα-

190 1974 407 2040 λέσθαι,
434 1980 565 2030 τότε
599 1980 769 2048 αὐτῆς
801 1979 1107 2051 μέμνησαι⁸
1150 1978 1323 2033 καίτοι
1358 1980 1477 2033 τότε
1507 1981 1697 2052 καιρὸν
1729 1981 1797 2036 ἂν

189 2055 305 2125 ἔχοι
332 2060 366 2127 ἠ
401 2060 797 2131 φιλανθρωπία
826 2060 987 2132 αὕτη,
1016 2062 1112 2115 καὶ⁵
1152 2062 1354 2132 μᾶλλον
1388 2063 1559 2132 αὐτῆς
1584 2066 1797 2117 ἐπιτευ-

188 2139 419 2209 ξόμεθα,
449 2143 586 2195 ὅταν
618 2143 714 2196 καὶ
753 2142 821 2196 τά
857 2144 988 2215 παρ’
1021 2133 1231 2198 ἑαυτῶν
1271 2145 1691 2216 εἰσενέγκωμεν.
1737 2148 1794 2199 Ὀ

191 2225 291 2290 μὲν
319 2226 435 2297 γὰρ
468 2227 533 2279 τὸ
561 2229 672 2281 πᾶν
702 2228 795 2280 ἐπὶ
818 2228 911 2280 τὸν
933 2227 1066 2281 Θεὸν
1096 2228 1282 2298 ρίψας,
1307 2229 1402 2281 καὶ
1444 2229 1582 2295 μετὰ
1608 2228 1667 2278 τὸ
1696 2227 1791 2295 βά-

191 2324 407 2378 πτισμα
444 2311 787 2381 ἁμαρτάνων
826 2305 915 2361 οἵα
944 2310 1089 2371 είκδς
1123 2310 1411 2379 ἄνθρωπον
1443 2309 1595 2373 ὄντα,
1634 2326 1789 2377 μετα·

187 2389 323 2442 νοῶν
356 2390 617 2454 τεύξεται
651 2390 1097 2460 φιλανθρωπίας·
1128 2393 1157 2443 6
1177 2391 1233 2443 δὲ
1275 2390 1463 2462 ῶσπερ
1504 2392 1791 2462 σοφιζόμε-

186 2488 273 2536 νος
302 2471 399 2524 τοῦ
438 2472 580 2525 Θεοῦ
628 2474 729 2543 τὴν
780 2473 1214 2544 φιλανθρωπίαν,
1271 2473 1524 2527 ἀπελθὼν
1562 2476 1789 2546 dpmpo;

186 2552 285 2621 τῆς
308 2554 565 2624 χάριτος,
615 2554 991 2626 ἀπαραίτητον
1019 2556 1131 2620 ἔξει
1164 2556 1262 2627 τὴν
1310 2558 1601 2626 τιμωρίαν.
1640 2560 1702 2609 Τί
1732 2559 1788 2611 δὲ

185 2634 413 2691 τοιαῦτα
432 2638 583 2692 κατά
599 2638 701 2707 τῆς
722 2640 952 2693 σεαυτοῦ
981 2641 1255 2712 σωτηρίας
1282 2640 1561 2713 προϐάλλῃ
1581 2660 1594 2706 ;
1613 2642 1783 2712 Ἀμή-

187 2736 346 2787 χανον
375 2721 513 2792 γὰρ,
539 2723 838 2790 ἀμήχανον,
868 2723 945 2786 ὡς
980 2724 1156 2791 ἔγωγε
1183 2719 1360 2793 οἴμαι,
1390 2726 1481 2778 τὸν
1509 2724 1787 2788 τοιαύταις

187 2801 401 2853 ἐλπίσιν
433 2802 878 2873 ἀναϐαλλόμενον
930 2806 1270 2875 ἐργάσασθαί
1296 2823 1372 2858 ντι
1406 2808 1648 2873 γενναῖον
1691 2808 1785 2860 καὶ

189 2881 414 2949 ἀγαθόν.
450 2886 526 2938 Σὺ
556 2886 612 2940 δὲ
638 2886 755 2939 ἀνθ’
785 2888 909 2941 ὅτου
935 2889 1186 2942 τοσοῦτον
1216 2888 1379 2959 φόϐον
1408 2890 1665 2961 ἀναδέχῃ,
1690 2889 1785 2944 καὶ

190 2965 247 3045 τὸ
270 2965 467 3037 ἄδηλον
500 2967 601 3021 τοῦ
638 2968 928 3039 μέλλοντος
961 2972 1241 3044 προϐάλλῃ
1270 2990 1283 3036 ;
1315 2974 1458 3026 διατί
1512 2975 1585 3045 μὴ
1615 2992 1783 3045 μετα-

189 3044 403 3112 ϐάλλεις
432 3050 530 3103 τὸν
558 3052 724 3119 φόϐον
750 3052 942 3107 τοῦτον
972 3055 1053 3117 είς
1081 3055 1243 3109 πόνον
1274 3057 1367 3109 καί⁵
1410 3044 1644 3127 σπουδὴν
1670 3098 1684 3120 ,
1716 3058 1782 3109 ἵν’

189 3130 284 3203 ἔστι
313 3132 495 3201 μέγας
528 3135 622 3188 καὶ
654 3136 969 3207 θαυμαστός
994 3154 1007 3202 ;
1036 3138 1088 3189 τί
1118 3136 1348 3207 βέλτιον,
1382 3138 1694 3206 φοϐεῖσθαι,
1746 3141 1781 3209 ἢ

189 3218 401 3281 πονεῖνς
430 3218 503 3271 Et
524 3219 610 3282 τίς
635 3236 694 3272 σε
728 3220 985 3273 ἐκάθισεν
1009 3223 1065 3273 ὲν
1094 3220 1228 3290 οἴκῳ
1255 3223 1589 3289 πεπονηκότι
1622 3234 1646 3261 α
1685 3223 1784 3293 ἀρ-

191 3299 405 3365 γοῦντα,
442 3302 639 3365 είπὼν,
670 3304 753 3356 ὅτι
784 3303 1067 3374 Προσδόκα
1117 3305 1210 3356 ἐπὶ
1252 3304 1349 3374 τὴν
1406 3304 1503 3375 σὴν
1540 3305 1781 3377 κεφαλὴν

190 3383 469 3437 πεσεῖσθαι
509 3384 610 3456 τὴν
654 3385 858 3457 ὀροφὴν
888 3386 1094 3457 σαθρὰν
1138 3382 1305 3440 οὖσαν
1336 3388 1498 3456 (ἴσως
1531 3389 1628 3458 μὲν
1664 3390 1770 3460 γάρ

191 3469 451 3535 πεσεῖται,
478 3468 613 3531 ἴσως
628 3468 683 3522 δὲ
704 3469 765 3522 ού
789 3472 1037 3525 πεσεῖται
1058 3470 1128 3541 1³)’
1152 3472 1278 3524 εἰδὲ
1309 3471 1384 3542 μὴ
1403 3471 1558 3525 τοῦτο
1584 3472 1778 3537 θέλεις,

190 3548 441 3616 ἐργάζου,
474 3552 573 3605 καὶ
604 3552 695 3605 τὸν
726 3553 1135 3625 ἀσφαλέστερον
1159 3554 1298 3608 οἴκει
1324 3554 1567 3627 θάλαμον
1590 3572 1603 3585 ⁸
1629 3557 1683 3609 τί
1713 3558 1780 3611 ἂν

189 3631 321 3685 εἰλου
348 3633 573 3703 μᾶλλον,
599 3634 699 3706 τὴν
729 3636 929 3707 ἀργίαν
951 3634 1069 3709 [19.]
1088 3638 1305 3707 ἐκείνην
1325 3637 1464 3707 μετὰ
1476 3639 1569 3692 τοῦ
1586 3639 1775 3708 φόϐου,

191 3712 334 3785 ἢτὴν
350 3716 623 3787 ἐργασίαν
648 3718 856 3790 ταύτην
877 3718 1121 3789 μετάτοῦ
1139 3721 1359 3793 θαρρεῖν
1376 3741 1390 3787 ;
1410 3722 1617 3777 Οὐκοῦν
1637 3723 1779 3778 οὕτω

189 3798 276 3849 καὶ
291 3798 387 3852 νῦν
407 3801 579 3873 min.
601 3800 675 3853 Τὸ
706 3802 805 3871 μὲν
829 3801 939 3873 γάρ
965 3802 1160 3874 ἄδηλον
1175 3804 1268 3857 τοῦ
1292 3805 1577 3875 μέλλοντος
1604 3806 1777 3860 καθά-

192 3896 289 3951 περ
321 3876 473 3944 οἷκός
506 3882 596 3946 τίς
624 3885 743 3936 ἐστι
772 3885 993 3956 σαθρὸς,
1020 3888 1107 3939 ἀεὶ
1136 3888 1345 3940 πτῶσιν
1369 3889 1628 3943 ἀπειλῶν·
1665 3890 1699 3960 ἡ
1721 3889 1778 3942 δὲ

190 3965 411 4032 ἐργασία
438 3964 606 4036 αὕτη,
642 3968 676 4038 ἡ
705 3967 866 4021 πόνον
888 3968 1107 4038 ἔχουσα,
1130 3969 1193 4022 τὸ
1221 3970 1464 4038 ἀσφαλὲς
1486 3973 1771 4040 ἐγγυᾶται.

254 4045 314 4110 ζ’.
336 4048 430 4119 Μὴ
453 4049 671 4117 γένοιτο
705 4051 803 4121 μὲν
829 4046 923 4105 οὖν
952 4052 1101 4123 ἡμᾶς
1122 4052 1386 4123 ἐμπεσεῖν
1409 4053 1491 4116 είς
1528 4054 1775 4125 ἀνάγκην

188 4132 464 4202 τοσαύτην,
486 4131 634 4185 ῶστε
667 4133 1005 4205 ἁμαρτάνειν
1024 4134 1165 4204 μετά
1192 4135 1254 4188 τὸ
1274 4134 1500 4201 λουτρόν
1519 4152 1533 4166 ·
1567 4136 1705 4207 πλὴν
1725 4139 1774 4190 εί

190 4212 275 4263 καὶ
294 4213 504 4280 γένοιτό
533 4232 588 4267 τι
616 4215 878 4280 τοιοῦτον,
925 4217 1062 4287 μηδὲ
1089 4216 1263 4281 οὕτως
1283 4218 1630 4289 ἀπογνῶμεν.
1650 4221 1775 4272 Φιλ-

190 4292 462 4364 άνθρωπός
514 4298 669 4351 ἐστιν
718 4301 747 4352 6
773 4300 926 4362 Θεὸς,
960 4300 1056 4353 καὶ⁸
1104 4300 1304 4363 πολλάς
1357 4303 1489 4371 ἡμῖν
1540 4302 1773 4355 δέδωκεν

188 4376 327 4439 ὁδοὺς
356 4379 610 4449 ἀφέσεως
642 4381 733 4434 καὶ
765 4382 904 4451 μετά
926 4381 1118 4435 ταῦτα.
1154 4382 1300 4451 Πλὴν
1328 4382 1517 4453 ῶσπερ
1547 4386 1597 4437 οί
1635 4386 1773 4455 μετά

187 4457 242 4510 τὸ
280 4460 501 4533 λουτρὸν
548 4464 974 4533 ἁμαρτάνοντες,
1031 4464 1142 4517 τῶν
1172 4466 1593 4535 κατηχουμένων
1630 4468 1772 4522 κατά

186 4540 333 4596 τοῦτο
362 4545 565 4615 μᾶλλον
591 4547 931 4611 κολάζονται,
953 4547 1127 4612 οὕτως
1162 4550 1213 4601 οἱ
1244 4550 1468 4615 εἰδότες,
1504 4553 1585 4604 ὅτι
1608 4570 1771 4623 μετα-

187 4626 323 4709 νοίας
348 4629 466 4683 ἐστὶ
503 4629 797 4701 φάρμακα,
825 4633 919 4685 καὶ
951 4633 1026 4703 μὴ
1067 4632 1313 4697 θέλοντες
1345 4634 1529 4698 αὐτοῖς
1569 4638 1771 4709 κεχρῆ-

188 4706 319 4772 σθαι,
358 4711 723 4781 χαλεπώτερα
743 4713 1160 4785 ύποστήσονται.
1194 4716 1346 4788 ’Ὀσῳ
1388 4717 1495 4789 γάρ
1540 4720 1608 4771 ἂν
1651 4706 1769 4773 ἐπι-

185 4791 412 4872 τείνηται
435 4798 469 4868 ἡ
506 4795 891 4865 φιλανθρωπία
920 4796 1013 4849 τοῦ
1047 4790 1206 4860 Θεοῦ,
1228 4799 1468 4870 τοσούτῳ
1496 4803 1644 4872 καὶὴ
1674 4805 1761 4857 κό-

185 4871 327 4939 λασις
352 4876 580 4945 αὔξεται
607 4880 829 4949 μᾶλλον,
861 4880 957 4934 ἐάν
993 4881 1067 4951 μὴ
1102 4884 1182 4946 είς
1209 4883 1327 4937 δέον
1360 4887 1426 4954 τῇ
1460 4871 1765 4957 φιλανθρω-

186 4957 276 5028 τίίᾳ⁵
302 4962 661 5032 χρησώμεθα.
694 4963 759 5015 Τί
784 4963 982 5032 λέγεις,
1004 4965 1258 5037 ἄνθρωπε
1284 4984 1297 5033 ;
1321 4968 1535 5032 Μεστὸς
1562 4969 1637 5022 ὢν
1664 4988 1764 5023 κα-

185 5039 287 5093 κῶν
344 5045 641 5109 τοσούτων,
706 5047 799 5098 καὶ
837 5047 1280 5118 ἀπεγνωσμένος,
1327 5050 1525 5121 ἀθρόον
1575 5053 1762 5119 ἐγένου

185 5122 345 5189 φίλος,
375 5130 469 5180 καὶ
510 5129 650 5199 πρὸς
688 5130 787 5201 τήν
819 5131 1080 5186 ἀνωτάτω
1109 5134 1276 5204 τιμὴν
1305 5135 1629 5206 ἀνηνέχθης,
1663 5138 1763 5190 οὐκ

186 5207 238 5272 ἐξ
262 5211 473 5265 οίκείων
506 5214 706 5279 πόνων,
743 5215 858 5267 ἀλλ’
882 5218 947 5269 ἐκ
977 5218 1075 5287 τῆς
1108 5217 1205 5270 τοῦ
1236 5218 1372 5272 Θεοῦ
1403 5219 1634 5290 δωρεάς,
1669 5222 1763 5275 καὶ

186 5292 335 5376 πάλιν
362 5297 454 5350 ἐπὶ
473 5298 578 5368 τὴν
608 5298 884 5369 προτέραν
907 5300 1213 5371 ὲπανῆλθες
1233 5302 1646 5376 ἀσχημοσύνην,
1670 5306 1762 5359 καὶ

186 5373 290 5430 δέον
311 5378 643 5452 κολασθῆναι
678 5382 958 5453 χαλεπῶς,
995 5386 1024 5438 6
1054 5384 1109 5438 δὲ
1128 5386 1251 5442 οὐδὲ
1280 5386 1455 5451 οὕτως
1480 5373 1652 5444 ἀπεστ
1664 5392 1759 5462 ρά-

186 5474 271 5549 aut}.
302 5463 412 5517 ἀλλ’
436 5465 611 5519 ἔδωκε
641 5465 840 5537 μυρίας
872 5469 1127 5539 ἀφορμάς
1151 5472 1444 5542 σωτηρίας.
1465 5474 1532 5527 δι’
1559 5469 1635 5529 ὧν
1660 5477 1760 5549 ἔσῃ

187 5543 344 5624 φίλος.
368 5549 477 5602 Καὶ
505 5552 535 5603 6
571 5549 670 5619 μὲν
698 5549 831 5615 Θεὸς
857 5552 1056 5614 ταῦτα,
1095 5556 1159 5609 σὺ
1197 5556 1253 5609 δὲ
1282 5558 1405 5611 οὐδὲ
1432 5559 1604 5624 οὕτως
1643 5543 1761 5615 aee:

186 5622 286 5713 λεις
307 5634 504 5686 πονεῖν.
530 5632 645 5687 Καὶ
668 5634 829 5697 ποίας
856 5635 1007 5700 ἄξιος
1050 5636 1149 5711 ἔσῃ
1183 5642 1517 5713 συγγνώμης
1541 5622 1756 5709 λοιπόν;

185 5708 290 5776 πῶς
315 5713 369 5767 δέ
389 5716 489 5770 οὐκ
519 5718 745 5781 είκότως
772 5718 1035 5790 Ἕλληνές
1056 5708 1482 5794 σε-γελάσονται,
1509 5708 1757 5798 καθάπερ

244 5855 465 5937 :l‘l‘orgl;
483 5863 547 5937 ἐν.
572 5863 694 5937 οἴκῳ
718 5866 974 5937 σιοηπιξτι,
992 5871 1473 5937 quahetiamjecgio
1510 5876 1755 5937 quadrare

193 5920 731 6013 ’[[εοίοὶξιὶίε
763 5920 845 6013 καὶ
869 5920 974 6001 ..ἕο-ᾖ
1005 5920 1255 6013 Ξενιῇζιςι
1269 5920 1333 6013 Λίξ.
1350 5920 1755 6013 ῖῖξῧέᾗ

587 5988 639 6036 δὲ
676 5989 733 6036 ού
753 5979 997 6052 πωεῖταῖ,
1034 5979 1067 6041 ἐ
1088 5979 1501 6048 ἑξνίὶξεῖιῦοαῗ

468 6142 739 6209 Parnm.
791 6149 908 6208 Gn.
968 6151 1091 6215 LX.

1914 898 1989 949 Οὐ
2022 900 2132 970 γὰρ
2161 901 2364 964 ἐκεῖνος
2398 900 2505 952 τῶν
2535 900 2850 971 μυστηρίων
2890 902 2918 953 6
2968 902 3181 971 καιρὸς.
3219 901 3355 955 ἀλλά
3389 906 3500 956 τῶν

1911 980 2218 1052 διαθηκῶν·
2252 983 2565 1053 μυστηρίων
2590 984 2647 1036 δὲ
2672 985 2882 1055 καιρὸς,
2918 984 3077 1051 ύγεία
3116 986 3325 1050 φρενῶν
3351 1028 3365 1051 ,
3404 989 3500 1042 καὶ

1914 1065 2233 1136 σωφροσύνη
2268 1066 2466 1136 ψυχῆς.
2496 1066 2627 1119 Είπέ
2656 1069 2766 1137 γάρ
2798 1086 2907 1136 μοι.
2942 1070 2989 1120 εἰ
3019 1067 3283 1138 διαθήκας
3307 1070 3406 1122 οὐκ
3432 1070 3500 1123 ἄν

1909 1161 1994 1207 τις
2016 1146 2189 1199 ἕλοιτο
2217 1147 2360 1201 οὕτω
2387 1148 2729 1218 διακείμενος
2761 1150 2968 1219 γράψαι
2987 1168 2999 1179 ”
3038 1149 3140 1203 κᾶν
3173 1150 3357 1222 γράψῃ
3404 1152 3461 1206 δὲ
3479 1194 3496 1218 ,

1910 1227 2094 1280 δίδωσι
2119 1231 2232 1293 τοῖς
2260 1229 2401 1300 μετὰ
2428 1230 2603 1283 ταῦτα
2628 1230 2800 1301 λαϐὴν
2827 1232 2935 1299 (διά
2973 1234 3081 1303 γάρ
3110 1251 3190 1286 τοι
3214 1234 3373 1288 τοῦτο
3402 1237 3498 1289 καὶ

1913 1310 2274 1380 προτάττουσι
2297 1313 2455 1366 ταυτὶ⁵
2477 1313 2547 1366 τὰ
2570 1314 2791 1385 ῥήματα
2818 1314 3088 1381 λέγοντες,
3115 1317 3196 1369 ὅτι
3241 1318 3379 1381 Ζῶν,
3402 1322 3498 1373 καὶ

1910 1395 2143 1461 φρονῶν,
2170 1396 2265 1448 καὶ
2298 1396 2557 1464 ὑγιαίνων
2583 1397 2907 1467 ἐπισκήπτω
2930 1398 3059 1467 περὶ
3080 1398 3188 1451 τῶν
3211 1402 3493 1471 ἐμαυτοῦ)’

1909 1476 2025 1541 πῶς
2048 1477 2115 1531 ἄν
2145 1495 2231 1540 τις
2267 1479 2577 1549 ἐξεστηκὼς
2610 1478 2867 1548 δυνηθείη
2908 1482 3046 1549 μετά
3068 1480 3357 1552 ἀκριϐείας
3394 1502 3495 1553 μυ-

1909 1560 2355 1628 σταγωγεῖσθαι;
2400 1561 2465 1615 Εί
2510 1561 2618 1633 γάρ
2663 1560 2791 1631 περὶ
2844 1560 3113 1630 βιωτικῶν
3155 1566 3495 1635 πραγμάτων

1907 1640 2279 1712 βουλευομένῳ
2300 1644 2403 1698 οὐκ
2422 1645 2488 1698 ἂν
2513 1644 2870 1714 ὲπιτρέψαιεν
2891 1646 2941 1697 οἱ
2959 1644 3071 1698 τῶν
3107 1645 3308 1711 ἔξωθεν
3337 1648 3492 1719 νόμοι

1903 1721 1983 1791 τῷ
2008 1723 2085 1792 μὴ
2122 1724 2327 1793 σφόδρα
2360 1726 2656 1793 ὑγιαίνοντι
2679 1727 3078 1791 διατάττεσθαι,
3109 1728 3202 1781 καὶ
3242 1731 3414 1785 ταῦτα
3434 1734 3488 1785 ὲν

1901 1807 2014 1867 τοῖς
2039 1805 2207 1858 αὑτοῦ
2239 1806 2484 1875 μέλλοντι
2514 1809 2822 1878 νομοθετεῖν
2843 1827 2857 1839 °
2903 1810 3022 1871 πῶς
3062 1814 3193 1881 περὶ
3218 1812 3489 1881 βασιλείας

1901 1891 2146 1963 οὐρανῶν
2175 1892 2488 1961 μανθάνων,
2511 1896 2605 1947 καὶ
2627 1895 2735 1948 τῶν
2757 1896 3085 1967 ἀπορρήτων
3117 1896 3341 1950 ἐκείνων
3364 1900 3491 1965 ἀγα·

1903 1972 2034 2038 θῶν,
2064 1974 2269 2047 δυνήσῃ
2297 1976 2481 2045 σαφῶς
2514 1976 2693 2030 πάντα
2726 1977 2938 2047 μαθεῖν,
2965 1976 3223 2042 πολλάκις
3270 1981 3362 2032 καὶ
3387 1997 3491 2033 πα-

1904 2058 2115 2129 ραπλὴξ
2154 2059 2258 2113 ὑπὸ
2288 2063 2388 2131 τῆς
2416 2061 2732 2132 ἀρρωστίας
2772 2060 3106 2131 γενόμενος;
3153 2062 3282 2119 πότε
3322 2062 3378 2114 δὲ
3421 2064 3489 2116 τά

1901 2142 2123 2210 ῥήματα
2148 2144 2333 2195 ἐκεῖνα
2360 2144 2496 2213 πρὸς
2528 2144 2619 2197 τὸν
2650 2143 2886 2214 Χριστὸν
2916 2147 3082 2213 ἐρεῖς,
3110 2146 3490 2214 Συνθαπτόμε.

1899 2236 1989 2281 νος
2016 2222 2186 2289 αὐτῷ,
2226 2222 2435 2289 μέλλων
2476 2226 2798 2293 ἀποπηδᾷνς
2850 2226 2961 2276 Καὶ
2990 2223 3097 2293 γάρ
3128 2225 3221 2275 καὶ
3253 2226 3343 2276 διά
3381 2227 3490 2279 τῶν

1897 2298 2097 2369 ἔργων,
2124 2304 2219 2355 καὶ
2244 2303 2331 2356 διὰ
2362 2303 2473 2357 τῶν
2503 2304 2765 2375 ῥημάτων
2795 2306 3203 2360 ἐπιδείκνυσθαι
3233 2308 3340 2378 χρὴ
3390 2308 3490 2377 τὴν

1896 2382 2128 2441 ειξνοιαν.
2163 2387 2235 2439 Σὺ
2258 2386 2314 2440 δὲ
2341 2388 2539 2441 ταύτὸν
2578 2391 2785 2455 ποιεῖς,
2816 2384 2928 2443 οἷον
2952 2391 3018 2443 ἂν
3048 2389 3104 2442 ετ
3123 2406 3207 2453 τις
3242 2391 3487 2459 ἀπογρά-

1897 2468 2089 2536 φεσθαι
2146 2470 2386 2540 βούλοιτο
2428 2471 2789 2544 στρατιώτης,
2827 2473 2921 2525 τοῦ
2977 2473 3216 2542 πολέμου
3264 2473 3487 2527 λύεσθαι

1898 2551 2181 2622 μέλλοντος
2202 2570 2215 2583 ·
2241 2554 2273 2620 ἢ
2292 2554 2532 2625 ἀθλητὴς
2553 2555 2903 2620 ἀποδύεσθαι,
2926 2557 3019 2610 τοῦ
3044 2556 3274 2629 θεάτρου
3302 2558 3487 2613 λοιτοδν

1892 2634 2245 2697 ἀναστάντος.
2275 2637 2384 2687 Καὶ
2407 2636 2515 2705 γὰρ
2538 2638 2679 2692 ὅπλα
2708 2638 2796 2691 διὰ
2835 2639 2991 2692 τοῦτο
3037 2639 3353 2709 λαμϐάνεις,
3387 2642 3485 2709 οὐχ

1895 2715 1982 2768 ἵνα
2016 2716 2220 2779 εὐθέως
2273 2718 2655 2791 ἀποπηδήσῃς,
2703 2720 2821 2773 ἀλλ’
2860 2723 2947 2774 ἵνα
2996 2722 3178 2775 λαϐὼν
3213 2725 3355 2778 κατά
3388 2724 3485 2777 τοῦ

1892 2797 2137 2876 ἐναντίου
2171 2798 2433 2869 τρόπαιον
2459 2801 2685 2873 στήσῃς.
2714 2802 2921 2872 Μηδεὶς
2947 2804 3216 2873 νομιζέτω
3260 2805 3485 2876 ἄκαιρον

1891 2874 2033 2932 εἶναι
2068 2879 2159 2933 τὸν
2185 2881 2312 2951 περὶ
2343 2882 2550 2937 τούτων
2589 2884 2769 2953 λόγον,
2803 2886 2852 2937 εί
2891 2887 2963 2955 μή
3001 2887 3116 2939 ἐστι
3144 2874 3484 2957 τεσσαρακο-

1893 2963 1993 3035 στὴ
2017 2964 2132 3017 νῦν.
2166 2964 2263 3017 Διά
2293 2966 2402 3037 γάρ
2435 2966 2593 3020 τοῦτο
2621 2967 2889 3038 δάκνομαι
2916 3009 2931 3032 ,
2969 2970 3053 3023 ὅτι
3088 2970 3275 3041 καιρὸν
3306 2988 3485 3041 παρα-

1889 3050 2105 3117 τηρεῖτε
2135 3050 2191 3099 ἐν
2222 3052 2335 3109 τοῖς
2370 3049 2653 3113 τοιούτοις.
2696 3052 2959 3118 Καίτοιγε
2995 3054 3023 3104 ὀ
3072 3052 3328 3121 εὐνοῦχος
3364 3053 3481 3125 [15]

1889 3132 2117 3193 ἐκεῖνος,
2144 3134 2239 3183 καί⁸
2272 3132 2545 3202 βάρϐαρος
2568 3132 2645 3185 ὣν
2674 3135 2767 3187 καὶ
2793 3134 3111 3203 ὁδοιπορῶν,
3138 3138 3233 3187 καὶ
3257 3138 3314 3189 ἐν
3340 3138 3483 3208 μέσῃ

1888 3212 2145 3284 λεωφόρῳ
2165 3212 2260 3277 ῶν,
2294 3215 2485 3285 καιρὸν
2524 3215 2621 3268 οὐκ
2657 3213 2924 3286 ἐζήτησεν
2947 3233 2960 3245 ·
3008 3216 3123 3269 ἀλλ’
3170 3218 3293 3270 οὐδὲ
3327 3220 3357 3271 ὁ
3398 3219 3483 3272 δε⁸

1890 3296 2194 3365 σμοφύλαξ,
2236 3298 2527 3351 καὶταῦτα
2556 3298 2759 3369 μεταξὺ
2794 3299 3089 3369 δεσμωτῶν
3126 3301 3225 3366 ὢν,
3258 3304 3354 3356 καὶ
3389 3304 3483 3357 τὸν

1886 3379 2205 3434 διδάσκαλον
2248 3384 2737 3453 μεμαστιγωμένον
2762 3385 2853 3438 καὶ
2875 3385 3166 3455 δεδεμένον
3192 3388 3353 3457 ὀρῶν.
3386 3390 3483 3445 καὶ

1886 3463 2023 3527 τέως
2054 3464 2217 3518 αὐτὸν
2250 3466 2459 3537 μέλλων
2503 3468 2653 3522 ἔνδον
2685 3468 2850 3537 ἔχειν.
2897 3470 3161 3524 Ἐνταῦθα
3197 3471 3255 3525 δὲ
3302 3474 3368 3527 οὐ
3394 3474 3483 3527 δε-

1893 3548 2209 3619 σμωτήριον
2238 3550 2537 3613 οἰκοῦντες,
2568 3550 2677 3604 οὐδ’
2707 3554 2766 3604 ἐν
2788 3552 2925 3613 ὁδοῖς
2952 3553 3129 3617 ὄντες,
3147 3555 3479 3612 ἀναϐάλλονο

1884 3648 1975 3685 ται
2008 3633 2214 3699 πολλοὶ,
2250 3635 2343 3686 καί
2370 3633 2541 3687 ταῦτα
2574 3634 2726 3696 ὄντες
2746 3635 2882 3705 πρὸς
2924 3637 3160 3706 ἐσχάτας
3180 3640 3476 3704 ἀναπνοὰς.

1956 3713 2026 3786 η’.
2065 3716 2127 3769 El
2170 3716 2269 3785 μὲν
2291 3711 2383 3769 οὖν
2426 3716 2507 3769 ἔτι
2540 3717 2925 3787 ἀμφιϐάλλεις,
2976 3720 3058 3771 ὅτι
3091 3718 3221 3784 Θεός
3255 3725 3403 3775 ἐστιν
3452 3727 3481 3776 6

1884 3797 2141 3868 Χριστὸς.
2160 3798 2266 3863 ἔξω
2289 3800 2467 3870 στῆθι,
2494 3800 2586 3853 καὶ
2613 3800 2746 3869 μηδὲ
2764 3800 2923 3854 θείων
2944 3800 3108 3855 ἄκουε
3126 3802 3318 3869 λόγων,
3340 3807 3478 3873 μηδὲ

1884 3883 1942 3934 ἐν
1972 3883 2083 3945 τοῖς
2112 3884 2540 3954 κατηχουμένοις
2564 3883 2789 3953 άρίθμει
2818 3885 3013 3937 σαυτόν
3035 3900 3048 3912 ·
3079 3886 3127 3937 εί
3151 3887 3208 3939 δὲ
3233 3887 3476 3958 θαρρεῖς,

1884 3962 1978 4017 καὶ
2003 3959 2151 4027 οἶδας
2174 3964 2331 4017 τοῦτο
2365 3965 2573 4033 σαφῶς,
2612 3965 2666 4017 τί
2698 3965 2943 4034 μέλλειςς
2980 3968 3033 4019 τί
3067 3967 3123 4020 δὲ
3148 3969 3356 4041 ἀναδύῃ
3384 3974 3479 4024 καὶ

1882 4047 2098 4112 όκνεῖς;
2133 4047 2355 4101 Δέδοικα
2386 4048 2462 4119 μὴ
2487 4048 2738 4120 ἁμάρτω.
2777 4051 2931 4121 φησί.
2972 4052 3046 4104 Τὸ
3067 4052 3122 4104 δὲ
3160 4053 3477 4123 χαλεπώτε-

1886 4147 1975 4196 ρον
2002 4130 2063 4184 ού
2091 4129 2359 4195 δέδοικας,
2384 4132 2458 4202 μὴ
2487 4134 2625 4203 μετὰ
2657 4134 2893 4203 φορτίων
2930 4134 3204 4190 τοσούτων
3232 4137 3478 4209 ἀπέλθῃς

1882 4217 2028 4280 ἐκεῖ;
2054 4214 2191 4267 Οὐδέ
2236 4216 2346 4287 γάρ
2376 4217 2523 4270 ἐστιν
2553 4218 2685 4281 ίσον,
2723 4219 2947 4289 χάριτος
2980 4221 3350 4293 προκειμένης
3401 4226 3477 4294 μὴ

1879 4299 2084 4366 τυχεῖν,
2114 4298 2208 4351 καὶ
2228 4299 2529 4371 κατορθοῦν
2568 4301 2952 4371 ἐπιχειροῦντα
2987 4303 3301 4372 ἀποτυχεῖν.
3340 4306 3475 4359 Εἰπὲ

1878 4380 1941 4449 δή
1976 4398 2086 4450 μοι,
2124 4382 2190 4435 ἂν
2216 4383 2325 4450 γὰρ
2358 4384 2561 4453 ἐγκαλῇ
2585 4425 2598 4445 ,
2628 4384 2790 4447 Τίνος
2828 4385 3013 4439 ἕνεκεν
3056 4388 3117 4439 ού
3145 4388 3471 4458 προσῆλθες.

1878 4463 2022 4527 τίνος
2045 4463 2230 4517 ἕνεκεν
2251 4466 2311 4517 ού
2347 4465 2737 4534 κατώρθωσας,
2762 4468 2817 4519 τί
2841 4469 2987 4539 ἐρεῖς
3011 4486 3027 4533 ;
3064 4470 3212 4523 Ἐκεῖ
3239 4470 3337 4540 μὲν
3364 4472 3474 4540 γὰρ

1878 4546 2017 4616 τάχα
2049 4547 2108 4600 τὸ
2145 4549 2401 4619 φορτικὸν
2437 4549 2581 4619 ἔχεις
2618 4552 2794 4605 εἰπεῖν
2842 4553 2939 4605 καὶ
2978 4553 3086 4606 τῶν
3114 4557 3474 4625 προσταγμάο

1876 4626 2032 4682 τωνά
2079 4632 2173 4683 καὶ
2210 4632 2309 4701 τῆς
2355 4632 2597 4702 ἀρετῆς·
2638 4633 2875 4687 ἐνταῦθα
2920 4635 2976 4688 δὲ
3008 4636 3161 4689 οὖδὲν
3207 4636 3468 4690 τοιοῦτον.

1878 4713 2053 4781 Χάρις
2076 4714 2183 4783 γάρ
2208 4716 2323 4766 ἐστι
2348 4714 2561 4783 δωρεάν
2594 4717 2947 4787 παρεχομένη
2982 4717 3082 4788 τὴν
3132 4718 3470 4789 ἐλευθερίαν.

1889 4795 2049 4849 Ἀλλά
2078 4795 2323 4859 δέδοικας
2357 4796 2431 4868 μὴ
2460 4798 2712 4871 ἁμάρτῃς
2740 4816 2755 4866 ;
2784 4799 2969 4853 Ταῦτα
3007 4800 3147 4871 μετά
3172 4802 3231 4855 τὸ
3272 4802 3469 4873 βάπτι-

1877 4896 1987 4949 σμα
2020 4878 2167 4945 λέγε.
2195 4879 2329 4931 Τότε
2350 4879 2440 4950 ἔχε
2469 4882 2560 4933 τὸν
2586 4881 2772 4948 φόϐον,
2796 4882 2939 4936 ὥστε
2962 4881 3197 4951 φυλάξαι
3218 4885 3317 4956 τὴν
3338 4890 3473 4957 παρ-

1877 4960 2092 5030 ρησίαν,
2115 4961 2183 5031 ἢν
2213 4961 2421 5026 ἔλαϐες,
2448 4962 2546 5033 οὐχ
2572 4962 2714 5017 ὥστε
2741 4965 2815 5036 μὴ
2843 4966 3029 5019 λαϐεῖν
3050 4967 3261 5038 δωρεὰν
3292 4971 3469 5025 τοιαύ‹

1871 5060 1971 5114 την
2006 5055 2051 5098 ο.
2092 5043 2207 5096 Νῦν
2231 5044 2287 5097 δὲ
2315 5046 2421 5115 πρὸ
2454 5048 2551 5117 μὲν
2572 5048 2665 5102 τοῦ
2700 5048 3079 5120 βαπτίσματος
3115 5052 3351 5125 εὐλαϐὴς
3376 5056 3462 5116 σὺ,

1875 5127 2013 5196 μετὰ
2057 5127 2115 5179 δὲ
2170 5128 2233 5180 τὸ
2280 5126 2566 5200 βάπτισμα
2610 5132 2873 5203 ῥᾴθυμος.
2923 5129 3084 5187 Ἀλλᾶ
3134 5136 3227 5188 τὸν
3275 5139 3462 5210 καιρὸν

1870 5211 2162 5281 ἀναμένεις
2207 5211 2309 5282 τῆς
2366 5217 2849 5287 τεσσαρακοστῆς;
2901 5217 3057 5281 Τίνος
3104 5218 3327 5285 ἕνεκεν;
3388 5224 3463 5293 μὴ

1870 5294 1978 5365 γὰρ
2008 5292 2119 5364 ἔχει
2144 5312 2196 5347 τι
2228 5296 2387 5349 πλέον
2416 5300 2623 5362 ἐκεῖνος
2651 5301 2679 5352 6
2703 5302 2921 5371 καιρός;
2967 5303 3028 5355 Ol
3056 5303 3189 5371 γοῦν
3225 5292 3461 5359 ἀπόστοέ

1869 5377 1951 5429 λοι
1997 5378 2099 5430 οὐκ
2146 5378 2204 5429 ἐν
2250 5378 2328 5450 τῷ
2374 5382 2558 5451 πάσχα
2604 5383 3025 5455 κατηξιώθησαν
3068 5388 3166 5457 τῆς
3216 5388 3457 5458 χάριτος,

1868 5460 1983 5513 ἀλλ’
2018 5460 2077 5512 ὲν
2110 5460 2282 5532 ἑτέρῳ
2312 5464 2489 5535 καιρῷ
2510 5482 2522 5495 ·
2550 5466 2643 5519 καὶ
2672 5469 2719 5519 οί
2749 5468 3039 5539 τρισχίλιοι
3065 5471 3159 5523 καὶ
3180 5472 3229 5524 οί
3269 5488 3465 5527 πενταρ-

1868 5544 2145 5615 κισχίλιοι,
2178 5547 2266 5599 ὅτε
2306 5547 2736 5619 ἐϐαπτίσθησαν.
2780 5552 2967 5621 πάσχα
2995 5554 3095 5608 οὐκ
3120 5549 3188 5625 ἦν
3227 5556 3419 5626 καιρός
3442 5576 3457 5590 ο

1867 5628 1961 5680 καὶ
1986 5630 2014 5681 ὀ
2046 5628 2365 5699 Κορνήλιος,
2408 5632 2502 5685 καὶ
2532 5634 2559 5686 6
2594 5633 2869 5705 εὐνοῦχος,
2896 5636 2989 5689 καὶ
3012 5638 3187 5710 ἐτεροι
3214 5639 3453 5703 πλείους.

1865 5710 1957 5782 Μὴ
1988 5712 2169 5765 τοίνυν
2189 5714 2380 5784 καιρὸν
2408 5715 2793 5786 ἀναμένωμεν,
2818 5720 3028 5788 μήποτε
3056 5721 3339 5790 μέλλοντες
3362 5726 3455 5777 καὶ

1864 5794 2291 5865 ἀναϐαλλόμενοι
2318 5798 2643 5867 ἀπέλθωμεν
2677 5803 2830 5854 κενοὶ
2847 5803 2939 5855 καὶ
2969 5803 3166 5876 ἔρημοι
3188 5806 3455 5860 τοσούτων

1928 5946 1950 5973 ⁸
1975 5942 2126 5991 Savil.
2155 5942 2265 6005 παρ’
2288 5942 2411 6038 ὑμῖν.
2438 5942 2611 5992 Morel.
2641 5948 2752 6010 παρ’
2782 5949 2925 6006 ἀμῶν.
3018 5948 3047 5988 ⁸
3072 5952 3209 5999 Ali'ls
3239 5950 3318 5997 καὶ
3355 5953 3455 5998 τῶν

1928 6004 2153 6038 Ανηᾶφιηυ
2261 6005 2284 6031 θ
2313 6036 2318 6038 .
2350 6004 2444 6038 ςυίι
2486 6006 2533 6038 in
2558 6019 2695 6038 mora
2734 6008 2969 6038 οληητῖη-νυ
3015 6024 3109 6038 ιε...-
3153 6030 3161 6038 .
3188 6012 3296 6038 Inui:
3317 6023 3450 6038 "nun

1864 6004 2172 6073 ιτιιιθημάτιιινἱ
2216 6068 2223 6073 Α
2261 6005 2284 6031 θ
2312 6004 2459 6073 ξενὶι.
2486 6006 2533 6052 in
2558 6004 2988 6069 ωπεξτοσαύτην,
3014 6024 3162 6073 qua.-.
3187 6012 3298 6061 leoni
3317 6023 3452 6061 )ncm

1871 6075 2069 6116 secutus
2098 6067 2292 6115 videtur
2328 6066 2597 6126 lnlc'pres.

3083 6167 3123 6224 2
