4092 6504
208 524 273 579 2s
1201 511 1266 567 IN
1307 509 1487 567 ACTA
1527 507 2299 566 APUSTUI.0RUM.HOMIL.
2344 510 2404 564 ιι.
3397 497 3466 550 eo

210 628 314 669 sma
342 614 461 683 pius
488 626 569 675 es,
601 622 721 682 post
752 610 1008 679 baptisttta
1039 604 1234 674 segnis.
1263 602 1369 655 Sed
1416 613 1622 669 tempus
1648 600 1785 667 Qua-

208 706 514 774 dragesimte
545 702 871 771 expectas?
907 700 1018 766 Qua
1059 697 1126 752 de
1170 695 1374 751 causa?
1405 710 1527 746 num
1558 691 1785 760 amplius

205 795 323 862 quid
368 791 529 848 habet
566 794 697 847 illud
730 790 978 860 tempus?
1016 786 1255 857 Aposwli
1306 800 1537 854 namque
1577 799 1682 838 non
1726 782 1777 836 in

207 881 455 937 Paschate
502 882 671 952 gratia
722 879 919 950 dignati
956 888 1103 941 sunt.
1132 876 1224 931 sed
1252 875 1357 929 alio
1384 884 1660 942 tempore:
1690 871 1779 925 illa

204 975 299 1028 tria
328 982 383 1028 et
402 974 639 1043 quinque
667 972 831 1026 millia
856 986 960 1025 non
981 971 1033 1024 in
1063 967 1322 1023 Paschate
1347 965 1607 1035 baptizata
1632 972 1776 1027 sunt,

202 1074 255 1117 ut
299 1078 469 1133 neque
515 1063 794 1118 Cornelius
820 1104 834 1128 ,
876 1061 1169 1124 eunuchus,
1194 1070 1248 1114 et
1292 1059 1382 1113 alii
1422 1056 1655 1128 plurimi.
1702 1056 1779 1112 Ne

202 1154 371 1222 itaque
399 1162 617 1221 tempus
642 1162 1044 1222 exspectemus,
1072 1159 1127 1204 ut
1157 1165 1224 1204 ne
1246 1156 1559 1204 cunctantes
1586 1155 1641 1202 et
1678 1145 1779 1199 dif-

199 1245 446 1307 ferentes.
478 1245 635 1299 vacui
669 1254 723 1300 et
747 1254 996 1315 expertes
1027 1253 1291 1299 tantorum
1324 1243 1583 1298 bonorum
1617 1242 1775 1297 abea.

200 1347 331 1387 mus.
359 1333 630 1401 Quantum
680 1336 874 1404 putatis
919 1349 1006 1390 me
1044 1333 1355 1388 discruciari
1388 1374 1402 1397 ,
1450 1347 1569 1387 cum
1617 1332 1776 1387 audio

195 1424 495 1493 quempiam
528 1440 632 1480 non
676 1425 939 1489 initiatum
975 1425 1175 1479 obiisse
1196 1466 1209 1487 ,
1242 1434 1297 1478 et
1320 1424 1496 1493 cogito
1524 1422 1777 1477 intolera-

195 1515 313 1570 bilia
340 1516 429 1570 illa
458 1518 718 1586 supplicia
739 1516 1208 1584 iuevitabilemque
1228 1513 1565 1569 crueiatum?
1592 1525 1775 1567 rursus

195 1619 344 1671 quant
374 1621 580 1676 angor,
605 1620 725 1661 cum
764 1606 899 1661 alios
930 1606 1083 1660 video
1109 1605 1174 1657 ad
1206 1614 1505 1659 extremum
1549 1602 1772 1656 halitum

192 1692 478 1761 deductos,
513 1712 621 1750 non
653 1706 825 1751 tamen
868 1696 1230 1766 resipiscere?
1277 1695 1400 1749 Ideo
1436 1693 1595 1748 multa
1645 1694 1772 1748 fiunt

195 1786 288 1838 hoc
315 1793 463 1839 tanto
483 1786 629 1841 dono
668 1788 897 1858 indigna.
932 1789 1001 1841 At
1039 1802 1161 1841 eum
1187 1802 1256 1856 op
1278 1794 1461 1840 trteret
1489 1786 1721 1855 gaudere
1750 1827 1765 1849 .

192 1874 407 1928 choreas
432 1891 625 1946 agere.
656 1877 844 1942 lauari,
869 1878 1135 1940 coronari,
1164 1892 1282 1930 cum
1311 1874 1571 1945 quispiam
1603 1874 1773 1929 initia-

194 1974 307 2029 tur;
335 1965 556 2034 quando
580 1967 763 2036 τίθει-ι)ιί
793 1982 927 2021 uxor
952 1966 1121 2031 audit,
1151 1965 1200 2019 id
1228 1982 1255 2018 a
1282 1966 1493 2020 medico
1516 1974 1769 2019 statutum

192 2054 368 2120 fuisse,
395 2058 551 2127 quasi
582 2059 634 2112 in
667 2073 859 2128 magno
888 2057 1180 2112 infortunio
1210 2057 1450 2126 plangit,
1483 2066 1537 2109 et
1570 2055 1772 2110 lamen-

191 2153 323 2197 tatur
345 2145 419 2215 (τι)
449 2164 464 2199 :
496 2146 623 2201 hinc
642 2148 871 2217 gemitus
890 2157 944 2202 et
963 2147 1192 2216 cjulattts
1217 2160 1310 2215 per
1338 2153 1502 2198 totam
1529 2143 1767 2207 domum,

187 2251 246 2289 ac
286 2237 329 2289 si
374 2236 664 2292 danmatus
705 2239 966 2308 quispiam
1007 2238 1074 2292 ad
1116 2253 1304 2293 necem
1330 2236 1632 2296 duceretur.
1680 2233 1771 2289 Ille

188 2340 392 2394 quoque
422 2336 553 2381 tunc
576 2328 746 2397 magis
774 2328 954 2392 dolet,
986 2337 1040 2383 et
1064 2327 1107 2381 si
1131 2341 1160 2381 a
1191 2325 1381 2381 morbo
1409 2325 1766 2391 convalescat,

187 2415 390 2477 gravius
416 2418 689 2470 cruciatur
707 2457 722 2478 .
750 2434 811 2471 ac
838 2419 881 2471 si
920 2431 1110 2488 magno
1129 2416 1354 2471 allectus
1381 2423 1523 2470 esset
1548 2414 1767 2470 damno.

185 2502 309 2569 Quia
330 2505 473 2557 enim
498 2520 607 2559 non
638 2517 750 2559 erat
778 2507 843 2559 ad
869 2507 1115 2561 virtutem
1137 2515 1472 2576 praeparatus
1491 2546 1507 2568 ,
1537 2506 1770 2575 segniter

184 2592 286 2660 agit
310 2592 608 2664 deinceps,
652 2604 705 2649 ct
744 2597 1033 2651 certamina
1084 2596 1292 2667 refugit.
1328 2596 1514 2651 \‘iden’
1543 2604 1769 2666 quantas

188 2681 455 2737 machinas
484 2685 734 2739 diabolus
772 2695 1032 2756 apparet,
1065 2697 1324 2757 quantum
1362 2686 1527 2741 risum
1555 2726 1570 2749 ,
1600 2700 1769 2755 quau-

187 2781 288 2825 tum
318 2772 655 2829 ludibrium?
683 2776 766 2830 Ab
795 2776 895 2830 hoc
925 2777 1105 2846 itaque
1152 2776 1385 2831 ludibrio
1430 2790 1529 2831 nos
1569 2775 1767 2830 subdu-

243 2899 313 2960 (u)
337 2907 469 2951 Tunc
495 2903 669 2964 utique
692 2902 853 2963 multi,
879 2918 1001 2966 quos
1023 2904 1314 2967 frequenter
1337 2912 1540 2967 carpunt
1562 2904 1765 3016 Cingo-

243 2974 378 3016 unus,
405 2962 712 3016 Augustinus
733 2964 918 3016 aliique
940 2974 1130 3016 Patres.
1157 2967 1445 3016 baptismum
1473 2966 1647 3015 diﬂ‘ere
1714 2974 1765 3016 nt

185 2968 378 3038 sumtus,
402 2962 918 3038 Augustinusaiijque
940 2962 1133 3038 patres;
1150 2962 1445 3038 lutptismuu't
1473 2962 1768 3038 diﬂ‘erebant

186 3033 334 3083 usque
355 3023 617 3088 adapertis
638 3023 909 3074 articulu'm.
942 3028 983 3075 Si
1005 3023 1197 3088 quando
1223 3023 1375 3088 igitur
1394 3026 1573 3076 medici
1599 3041 1767 3076 mone-

184 3084 693 3157 {DtlEliel’iClilaﬂbem
727 3084 1047 3157 conjugatuni_
1081 3084 1416 3157 baptizandum
1637 3101 1764 3137 uxor

184 3148 312 3211 quasi
358 3157 469 3193 mox
514 3148 749 3196 amissura
790 3148 975 3211 virum,
1004 3148 1213 3211 eiulatus
1250 3161 1450 3211 magnos
1468 3150 1686 3211 edebat;
1709 3158 1765 3198 ut

185 3202 323 3250 etiam
365 3217 497 3255 nunc
535 3219 674 3269 stupe
711 3202 975 3269 contingit,
997 3202 1187 3272 quando
1212 3202 1765 3271 mgré'wnferenda'est

185 3268 399 3312 extrema
423 3268 610 3312 unctio.

185 3273 399 3313 extrema
423 3273 610 3315 unctio.

185 3373 337 3385 οξ..-

340 3380 1429 3393 .—-—~---—~———-—_—.—.

1890 616 2071 655 cautus
2100 618 2114 656 :
2150 604 2385 656 vivamus
2412 612 2467 654 ut
2496 600 2749 670 praecepit
2768 597 3033 654 Christus.
3067 597 3188 652 Ideo
3212 596 3473 666 baptisma

1901 692 2035 747 icdit
2056 733 2071 758 ,
2103 708 2207 746 non
2238 703 2290 745 ut
2319 694 2498 746 statim
2528 690 2881 747 abscedamus
2903 731 2918 754 ,
2948 687 3041 743 sed
3073 697 3131 743 ut
3158 699 3278 757 post
3306 688 3476 756 bapti-

1887 799 2061 839 suntm
2085 787 2322 840 viventes
2337 784 2537 839 fructus
2559 781 2909 852 proferamus.
2927 779 3208 847 Quomodo
3229 780 3446 833 abeunti

1887 886 1942 931 et
1970 877 2152 932 exciso
2197 877 2343 932 dices
2362 919 2376 942 ,
2408 875 2732 932 Fructifica?
2762 890 2868 930 non
2898 874 3113 939 audisti,
3141 874 3283 945 quod
3335 873 3469 926 Fru.

1886 979 1996 1021 ctus
2024 968 2252 1038 Spiritus
2290 971 2375 1034 sit,
2404 969 2613 1037 caritas,
2645 968 2908 1039 gaudium,
2937 983 3043 1040 pax
3065 965 3209 1037 (Gal.
3243 968 3294 1022 5.
3328 965 3423 1037 92)
3450 967 3472 1018 ’ἓ

1885 1058 2164 1125 Quomodo
2213 1059 2373 1128 igitur
2420 1058 2687 1113 contraria
2730 1056 3038 1113 eveniunt?
3082 1055 3294 1111 Etenim
3341 1072 3476 1108 uxor

1884 1146 2061 1201 adstat
2086 1148 2291 1218 lugens,
2316 1164 2437 1202 cum
2465 1148 2698 1217 gaudere
2720 1154 3027 1217 oporteret;
3058 1144 3210 1200 liberi
3241 1146 3474 1214 plorant.

1884 1253 2005 1293 cum
2035 1239 2288 1308 gratulari
2323 1254 2417 1309 par
2445 1247 2589 1294 esset
2613 1258 2626 1294 :
2658 1240 2703 1292 is
2725 1239 2840 1308 ipse
2862 1238 2950 1308 qui
2971 1240 3115 1305 jacet
3142 1236 3470 1292 obtenebra-

1885 1313 2731 1399 tus,tumultuacperturbatione
2762 1330 2952 1399 plenus
2979 1338 3091 1395 cst,
3138 1343 3261 1383 cum
3306 1342 3473 1398 opor-

1885 1430 2021 1477 teret
2055 1420 2247 1476 festum
2276 1436 2476 1491 agere;
2510 1421 2560 1475 in
2593 1436 2826 1478 mmrore
2855 1431 3016 1481 totus.
3046 1421 3188 1489 quod
3218 1419 3358 1476 filim
3380 1435 3474 1475 or-

1883 1512 1980 1566 bos
2030 1513 2329 1582 relinquat,
2364 1526 2583 1567 uxorem
2631 1511 2863 1576 viduam,
2916 1512 3133 1565 domum
3180 1511 3470 1566 desertam.

1880 1600 2017 1655 Num
2067 1603 2183 1663 sic.
2228 1616 2431 1671 quzeso.
2463 1602 2738 1657 acceditur
2779 1601 2845 1655 ad
2882 1601 3178 1673 mysteria?
3217 1616 3344 1655 num
3396 1602 3476 1655 sic

1882 1693 2060 1747 aditur
2085 1708 2235 1747 sacra
2268 1695 2496 1748 mensa?
2526 1694 2761 1748 haeccine
2786 1693 3049 1749 ferenda?
3078 1693 3133 1749 Si
3176 1693 3474 1763 Imperator

1882 1783 2061 1838 missis
2110 1784 2276 1838 literis
2304 1785 2512 1838 vinctos
2540 1785 2591 1837 in
2619 1800 2836 1840 carcere
2874 1784 3078 1844 solvat.
3109 1785 3361 1855 gaudium
3389 1796 3473 1839 est

1880 1890 1946 1931 ac
1988 1876 2215 1930 laetitia:
2252 1877 2394 1932 Deus
2439 1886 2617 1932 autem
2669 1878 2835 1931 mittit
2879 1877 3138 1946 Spiritum
3187 1878 3253 1931 de
3281 1878 3428 1931 cadis
3456 1920 3469 1938 .

1882 1981 1987 2019 non
2033 1967 2273 2036 pecunia:
2303 1966 2592 2036 reliquias,
2624 1966 2718 2021 sed
2752 1968 2996 2021 universa
3027 1977 3240 2035 peccata
3270 1969 3473 2022 condo-

1880 2073 2034 2120 nans,
2061 2071 2353 2126 omnesque
2377 2057 2569 2127 lugetis
2595 2065 2651 2112 et
2677 2057 3023 2127 ingemiscitis
3044 2059 3067 2109 Τ
3092 2058 3221 2124 Quae
3248 2067 3329 2112 est
3361 2056 3473 2111 luce

1881 2149 2214 2219 inaequalitas
2234 2149 2257 2202 ?
2277 2147 2522 2203 Nondum
2544 2148 2686 2203 enim
2709 2147 2849 2213 dico,
2877 2146 3018 2215 quod
3048 2147 3272 2200 mortuis
3295 2147 3469 2201 infusa

1878 2241 2123 2308 sitaqua,
2156 2248 2209 2294 et
2238 2238 2378 2308 quod
2403 2246 2587 2293 sancta
2616 2240 2857 2308 projecta
2882 2239 2990 2292 sint
3018 2238 3069 2290 in
3095 2247 3293 2292 terram
3320 2254 3333 2291 :
3359 2254 3465 2291 non

1878 2331 2020 2386 enim
2048 2345 2146 2384 nos
2178 2330 2229 2383 in
2258 2344 2418 2384 causa
2441 2344 2648 2392 sumus,
2677 2328 2771 2383 sed
2802 2329 2990 2399 ingrati
3012 2329 3251 2398 quidam.
3283 2329 3473 2383 Proin-

1876 2420 1945 2477 de
1974 2435 2106 2491 rogo
2132 2463 2146 2482 ,
2178 2430 2236 2475 ut
2274 2420 2524 2475 omnibus
2550 2420 2765 2474 omissis
2792 2419 3151 2490 nosmetipsos
3183 2430 3471 2475 converta—

1878 2526 1998 2567 mus
2022 2553 2037 2579 ,
2078 2521 2132 2567 et
2156 2528 2277 2567 cum
2305 2512 2450 2566 omni
2478 2511 2757 2566 alacritate
2776 2510 2849 2565 ad
2883 2510 3205 2580 baptismum
3248 2512 3472 2566 acceda-

1874 2618 2034 2668 mus;
2059 2614 2117 2658 ut
2136 2619 2257 2659 eum
2280 2606 2296 2635 ί
2321 2604 2371 2658 in
2397 2603 2646 2673 prtesenti
2668 2604 2773 2657 vita
2798 2618 3043 2673 tnagnam
3068 2602 3471 2659 cxhibucrimus

1880 2694 2217 2765 diligentiam
2238 2736 2253 2759 ,
2286 2693 2515 2748 futuram
2561 2708 2955 2763 consequamur
2993 2695 3277 2750 liduciam:
3308 2710 3469 2764 quam

1877 2802 1975 2842 nos
2022 2802 2211 2842 omnes
2249 2788 2461 2857 assequi
2501 2786 2795 2857 contingat,
2826 2788 2997 2857 gratia
3043 2797 3099 2844 et
3142 2788 3469 2860 benignitate

1876 2878 2085 2934 Domini
2116 2878 2282 2932 nostri
2313 2878 2441 2932 Jesu
2469 2877 2692 2943 Christi,
2716 2879 2801 2933 cui
2828 2880 2997 2948 gloria
3028 2890 3081 2935 et
3103 2879 3386 2952 imperium
3416 2882 3466 2935 in

1873 2971 2065 3027 saecula
2111 2970 2451 3025 saeculorum.
2488 2969 2679 3023 Amen.

1938 3150 1953 3177 ¹
1990 3142 2129 3206 Alius
2149 3142 2402 3206 habet.....
2430 3148 2499 3206 ut,
2526 3142 2747 3206 euntibus
2782 3143 2988 3206 omissis,
3008 3144 3133 3196 illud
3159 3160 3387 3198 curemus
3407 3162 3468 3199 ne

1871 3213 1982 3256 ante
2002 3202 2319 3271 inﬁtiationem
2337 3216 2403 3253 ea:
2424 3203 2517 3255 hac
2541 3204 2643 3271 uita
2657 3202 2987 3271 egrediantur,
3016 3208 3311 3271 b’uptismtmt
3332 3210 3462 3261 arci-

1874 3280 1987 3329 pere
2009 3266 2283 3329 [estimates
2307 3278 2417 3314 cum
2438 3265 2570 3315 omni
2593 3264 2846 3317 alac'rt'tate
2868 3280 2886 3328 ;
2909 3274 2961 3318 ut
2976 3264 3107 3329 cuni,
3143 3280 3245 3319 etc.

1561 3442 1904 3505 HOMILIA
1948 3442 2026 3504 ΙΙ.

180 3578 295 3630 ΠΛΡ.
332 3581 380 3632 1.
411 3596 458 3632 v.
495 3582 550 3634 6.
607 3580 772 3650 Igitur
822 3582 906 3651 qui
954 3592 1286 3637 convenerant
1311 3626 1325 3646 ,
1380 3584 1761 3652 interrogabant

242 3687 348 3723 eum
398 3671 626 3725 dicentes
654 3686 672 3725 :
697 3670 927 3739 Domine,
970 3674 1013 3727 si
1039 3672 1092 3726 in
1138 3682 1360 3742 tempore
1398 3675 1493 3727 hoc
1536 3675 1761 3727 restitues

242 3774 443 3825 regnum
469 3759 640 3812 Israel
663 3762 687 3811 ?

244 3846 290 3899 1.
334 3847 591 3917 Discipuli
614 3848 989 3920 interrogaturi
1012 3851 1169 3905 simul
1185 3851 1405 3909 adeunt.
1447 3863 1504 3906 ut
1526 3853 1760 3906 multitu-

176 3933 304 3988 dinis
332 3936 639 3991 reverentia
665 3940 1068 4006 responsionem
1090 3941 1386 3995 obtineant.
1418 3941 1667 3997 Sciebant
1706 3943 1756 3997 id

177 4023 306 4092 quod
351 4041 522 4096 nuper
574 4026 802 4093 dixerat,
853 4028 1019 4083 Nemo
1062 4031 1198 4085 novit
1229 4031 1410 4098 diem(
1434 4031 1620 4086 Matth.
1661 4032 1752 4088 21.

177 4112 308 4180 36),
340 4117 661 4184 repellentis
687 4116 871 4185 fuisse,
912 4135 1084 4191 neque
1112 4121 1425 4191 ignorantis,
1480 4123 1574 4177 sed
1598 4122 1753 4179 dill‘e-

178 4205 329 4259 rentis
356 4209 771 4275 responsionem
798 4227 810 4259 :
834 4210 972 4265 unde
994 4227 1178 4265 rursus
1192 4213 1473 4276 accedunt,
1504 4223 1558 4269 et
1588 4215 1751 4269 inter-

176 4306 369 4363 rogant.
417 4296 533 4351 Non
574 4305 755 4352 autem
792 4299 1232 4370 interrogassent,
1263 4304 1364 4359 nisi
1395 4304 1446 4359 id
1470 4320 1597 4360 vere
1626 4320 1748 4375 per-

174 4394 374 4441 suasum
393 4386 735 4443 babuissent.
759 4391 897 4457 Quia
916 4392 1057 4446 enim
1087 4393 1385 4461 audierant,
1419 4412 1477 4451 se
1497 4396 1747 4466 Spiritum

174 4486 399 4533 sanctum
421 4487 744 4549 accepturos
763 4496 884 4537 esse
914 4492 972 4537 ut
984 4484 1095 4553 jam
1116 4484 1261 4554 digni
1283 4487 1334 4541 id
1365 4488 1612 4543 volebant
1630 4489 1735 4544 edi-

173 4578 331 4634 scere.
348 4570 458 4638 jam
483 4572 660 4639 parati
684 4572 749 4627 ad
776 4574 1074 4630 libertatem
1090 4578 1455 4633 obtinendam.
1473 4579 1586 4635 Non
1605 4582 1745 4635 enim

174 4656 404 4713 volebant
420 4674 480 4715 se
505 4661 560 4715 in
586 4663 822 4731 pericula
842 4664 1130 4735 conjicere,
1152 4666 1247 4722 sed
1271 4670 1441 4737 potius
1459 4670 1741 4740 respirare,

173 4756 230 4796 eo
255 4750 391 4816 quod
420 4767 527 4805 non
552 4753 744 4823 exigua
773 4766 973 4823 essent,
1004 4774 1119 4828 quae
1138 4760 1244 4813 illis
1262 4763 1617 4832 contigerant,
1648 4764 1741 4820 sed

170 4836 229 4925 de
246 4842 495 4898 extremis
533 4846 818 4913 periclitati
846 4860 1045 4904 essent.
1088 4849 1226 4904 Nihil
1267 4853 1425 4921 igitur
1453 4854 1519 4909 de
1544 4855 1741 4925 Spiritu

172 4923 381 4996 loquuti,
425 4935 505 4989 sic
554 4936 925 5011 interrogant:
958 4939 1195 5006 Domine,
1243 4946 1288 4996 si
1321 4947 1370 4997 in
1409 4923 1626 5016 tempore
1650 4949 1744 5003 hoc

168 5018 381 5075 restituet
404 5040 625 5095 regnum
651 5025 814 5083 Israel
834 5031 859 5083 .9
885 5029 1000 5086 Non
1031 5032 1299 5100 dixerunt,
1330 5036 1596 5103 Quando?
1624 5042 1736 5107 sed,

168 5109 239 5162 An
274 5116 457 5168 nunc?
506 5117 648 5172 adeo
669 5118 1041 5177 desiderabant
1067 5125 1205 5179 diem
1234 5142 1574 5199 cognoscere.
1617 5133 1740 5190 ideo

169 5200 319 5256 multo
346 5218 463 5259 cum
486 5205 700 5263 honore
729 5211 944 5266 adeunt.
975 5214 1109 5270 Puto
1137 5226 1314 5272 autem
1344 5220 1462 5274 illos
1491 5238 1595 5277 non
1625 5225 1737 5278 cla-
1764 5250 1769 5255 -

167 5303 217 5341 re
252 5293 457 5351 novisse
487 5340 501 5362 ,
553 5300 826 5369 quodnam
866 5307 1158 5362 essetillud
1208 5325 1427 5380 regnum
1459 5331 1472 5366 :
1502 5317 1736 5373 nondum

165 5380 293 5472 enim
335 5383 570 5454 Spiritus
606 5388 722 5443 illos
751 5392 1019 5450 docuerat.
1061 5396 1168 5453 Nec
1194 5400 1462 5468 dixerunt,
1513 5404 1735 5472 Quando

164 5467 267 5527 ltrcc
285 5481 484 5532 erunt?
514 5481 613 5535 sed
636 5483 759 5552 quid
789 5486 811 5537 ?
851 5486 911 5541 Si
938 5490 988 5541 in
1019 5499 1240 5559 tempore
1270 5494 1364 5547 liae
1393 5467 1621 5552 restitues
1648 5516 1733 5554 re-

161 5578 301 5630 gnum
343 5566 565 5626 Israel?
593 5583 778 5643 utpote
820 5579 960 5647 quod
1006 5580 1117 5647 jam
1156 5585 1447 5641 exciderat.
1498 5588 1621 5645 Htec
1661 5590 1731 5647 ita

160 5656 508 5729 sciscitantur,
550 5666 679 5735 quia
706 5682 828 5737 erga
859 5671 1127 5727 sensibilia
1156 5674 1330 5733 adhuc
1350 5678 1524 5735 affeCti
1550 5693 1726 5749 erant,

158 5749 244 5801 etsi
271 5767 371 5806 non
400 5763 664 5825 quantum
693 5766 843 5814 antea
876 5778 891 5815 :
922 5763 1155 5820 nondum
1197 5769 1337 5823 enim
1375 5772 1627 5829 meliores
1655 5774 1730 5828 fa-

159 5841 217 5891 eti
236 5855 395 5898 erant.
415 5848 505 5903 Sic
530 5848 753 5904 demum
785 5851 834 5906 hi
858 5854 1056 5923 majora
1075 5858 1141 5912 de
1166 5860 1251 5915 illo
1279 5863 1715 5934 imaginabautur.

1871 3584 2002 3652 Quia
2044 3584 2205 3655 igitur
2242 3585 2306 3638 ad
2352 3585 2540 3639 altiora
2574 3588 2808 3655 provecti
2842 3599 3015 3652 erant.
3070 3599 3125 3644 et
3151 3591 3264 3659 ipse
3292 3594 3463 3647 subli-

1868 3675 2006 3727 mius
2030 3689 2124 3729 eos
2144 3675 2450 3749 alloquitur.
2473 3676 2590 3731 Non
2621 3678 2731 3747 jam
2760 3682 2901 3733 enim
2932 3681 2999 3734 ita
3028 3681 3157 3737 dicit
3182 3684 3285 3738 illis
3310 3702 3324 3741 :
3356 3685 3465 3739 Α’ρς

1866 3783 1958 3834 que
1990 3766 2158 3821 Filius
2186 3768 2317 3821 diem
2361 3770 2497 3824 novit
2528 3771 2546 3839 (
2574 3769 2738 3823 Marc.
2769 3772 2855 3826 l3.
2890 3772 2960 3827 39.
2989 3774 3005 3843 )
3031 3790 3046 3838 ;
3077 3775 3170 3829 sed
3202 3778 3369 3847 quid?
3403 3782 3456 3832 7.

1868 3857 1988 3913 Non
2008 3868 2079 3913 est
2096 3870 2312 3914 vestrum
2334 3878 2479 3915 nosse
2514 3873 2741 3932 tempora
2761 3866 2837 3918 re!
2860 3878 3131 3931 momenta,
3160 3886 3274 3940 qute
3305 3872 3460 3928 I’uter

1862 3950 2029 4018 posuit
2068 3951 2119 4003 in
2159 3967 2251 4004 sua
2298 3961 2562 4016 potestate.
2596 3952 2794 4022 Majora
2828 3997 2845 4022 ,
2888 3956 3059 4026 inquit
3089 3999 3104 4021 .
3154 3963 3455 4028 pestulatis.

1864 4040 2019 4109 Atqui
2075 4040 2230 4110 longe
2278 4042 2513 4111 majora,
2560 4044 2768 4113 inquies
2800 4086 2816 4114 ,
2870 4048 2981 4117 jam
3028 4048 3343 4106 didicerant.
3388 4056 3453 4112 Ut

1858 4141 2036 4186 autem
2086 4131 2187 4187 hoc
2240 4146 2492 4190 accurate
2538 4134 2734 4199 discas,
2764 4140 3036 4210 perpende
3081 4158 3241 4213 quam
3286 4150 3453 4203 multa

1858 4235 2189 4276 recenseam.
2230 4222 2389 4289 Quid,
2420 4240 2622 4294 quaeso,
2651 4226 2823 4295 majus
2852 4229 2937 4294 iis,
2963 4248 3084 4301 quae
3113 4232 3455 4291 didicerant?

1856 4309 1959 4381 Ipsi
1992 4327 2181 4383 nempe
2204 4329 2321 4369 esse
2345 4316 2535 4369 Filium
2572 4318 2685 4383 Dei,
2715 4334 2835 4374 esse
2863 4320 3005 4375 Patri
3032 4322 3240 4381 honore
3268 4342 3449 4397 parent

1854 4403 2153 4459 didicerant
2206 4410 2222 4477 (
2252 4406 2413 4463 Joan.
2444 4410 2497 4464 5.
2536 4411 2617 4464 l7.
2652 4411 2747 4482 19)
2778 4428 2792 4477 ;
2844 4418 3292 4474 resurrectionem
3336 4422 3452 4478 fore

1854 4507 1871 4565 (
1899 4494 2083 4549 Matth.
2110 4499 2191 4552 i7.
2218 4498 2280 4570 9)
2304 4540 2317 4561 ,
2350 4501 2521 4569 ipsum
2543 4504 2919 4561 ascendentem
2938 4522 3211 4564 sessurum
3233 4513 3300 4568 ad
3320 4514 3447 4569 dex-

1855 4596 2018 4641 teram
2046 4588 2217 4644 Patris
2240 4594 2257 4659 (
2277 4589 2401 4645 Luc.
2430 4591 2518 4645 22.
2548 4593 2635 4649 (i9.
2689 4595 2853 4652 .ilarc.
2887 4599 2974 4653 16.
3009 4600 3135 4672 19).
3165 4603 3296 4659 Rem
3321 4607 3444 4663 item

1852 4678 2020 4747 magis
2050 4681 2366 4749 stupendam
2394 4681 2712 4749 didicerant,
2751 4688 2891 4757 quod
2934 4705 3063 4745 caro
3091 4709 3324 4763 superne
3356 4714 3443 4751 se-

1848 4767 1993 4835 deat,
2036 4780 2091 4826 et
2133 4770 2388 4827 adoretur
2413 4774 2480 4829 ab
2513 4778 2737 4846 angelis,
2786 4782 2925 4849 quod
2961 4784 3152 4841 iterum
3184 4800 3445 4848 venturus

1850 4859 2176 4928 sitjudicare
2193 4863 2445 4919 mundum
2467 4868 2776 4926 universum
2805 4872 3018 4937 (Matth.
3054 4878 3143 4933 16.
3174 4881 3264 4935 27.
3308 4884 3436 4938 Lur.

1847 4950 1940 5008 2|.
1972 4955 2040 5007 27
2069 4954 2085 5023 )
2116 4972 2128 5007 :
2164 4956 2480 5025 didicerant,
2524 4964 2666 5031 quod
2707 4965 2804 5033 ipsi
2843 4982 3055 5038 quoque
3086 4982 3210 5028 tunc
3240 4980 3441 5032 sessuri

1846 5057 2025 5102 eSseut
2049 5048 2259 5118 judices
2288 5051 2572 5109 duodecim
2607 5058 2841 5114 tribuum
2888 5061 3046 5117 Israel
3077 5066 3095 5135 (
3125 5066 3312 5123 Matth:
3351 5073 3437 5125 lt).

1843 5135 1950 5208 23)
1981 5156 1993 5191 :
2022 5138 2318 5196 didicerant
2337 5143 2553 5201 Iudaeos
2573 5148 2866 5217 ejiciendus
2894 5169 3033 5223 esse,
3066 5166 3224 5228 atque
3251 5176 3435 5217 comm

1844 5228 1964 5283 loco
1996 5230 2333 5299 ingressuras
2364 5248 2551 5305 gentes
2580 5239 2597 5307 (
2622 5239 2747 5293 Luc.
2776 5241 2864 5297 2t.
2897 5243 2966 5299 24
2987 5246 3026 5317 ).
3078 5248 3293 5306 Discere
3323 5252 3436 5308 lure

1843 5319 2014 5374 futura
2040 5336 2181 5389 esse,
2214 5339 2460 5395 magnum
2494 5338 2598 5395 est;
2629 5331 2839 5389 discere
2856 5352 2983 5391 vero
3004 5380 3018 5403 ,
3059 5340 3293 5409 aliquem
3314 5360 3433 5402 esse

1841 5425 2201 5483 regnaturum,
2242 5430 2296 5475 et
2320 5425 2532 5493 quando
2568 5427 2621 5481 id
2658 5432 2888 5499 accidet,
2932 5451 3036 5489 non
3080 5438 3150 5492 ita
3177 5434 3429 5512 magnum

1972 5509 2163 5605 Didicit
2191 5512 2387 5570 Paulus
2418 5535 2538 5587 quae
2568 5537 2673 5575 nou
2706 5524 2903 5580 licebat
2932 5526 3133 5585 homini
3162 5509 3303 5600 loqui
3332 5538 3427 5605 (Ξ.

1838 5598 1955 5689 flor.
1984 5601 2067 5655 12.
2099 5604 2132 5657 4
2152 5603 2193 5674 ),
2214 5608 2393 5663 omnia
2421 5626 2540 5679 qua:
2564 5615 2821 5670 mundum
2852 5617 2992 5673 hunc
3014 5598 3425 5689 prmcessera‘nt.

1838 5688 2021 5781 lltrum
2066 5693 2274 5753 discere
2305 5698 2578 5756 diflicilius
2602 5714 2722 5770 est,
2775 5710 3095 5781 principium
3116 5730 3182 5768 an
3213 5716 3372 5773 finem
3402 5722 3425 5774 τ

1833 5778 2040 5851 Liquet,
2072 5785 2222 5879 prius
2242 5802 2361 5844 esse
2388 5789 2681 5848 difficilius.
2706 5798 2867 5867 Atqui
2897 5778 3186 5873 idMoyses
3211 5808 3420 5879 didicit,

1833 5883 1883 5925 et
1911 5876 2123 5944 quando
2151 5889 2203 5932 et
2232 5892 2435 5949 quanto
2466 5893 2589 5939 ante
2618 5896 2860 5957 tempore
2887 5891 3141 5958 declarat.
3170 5912 3289 5951 cum
3317 5876 3415 5955 an;
