4092 6466
628 498 694 553 27

633 628 725 662 nos
750 612 1039 661 enumerat.
1102 600 1211 655 Hoc
1250 605 1305 651 et
1356 594 1605 648 Salomon
1651 581 1889 640 sciebat;
1922 573 2040 627 ideo
2066 569 2137 621 ait
2170 582 2180 615 :

633 659 1034 754 Comimmorabo
1051 710 1127 759 ea,
1147 704 1258 761 qua:
1278 690 1479 760 fuerunt
1500 697 1532 733 a
1549 676 1730 733 saeculo
1748 668 1930 739 (Eccli.
1954 665 2014 718 5|
2030 702 2042 716 .
2080 659 2185 727 11).

632 790 781 859 Quod
807 803 964 859 porro
996 758 1247 840 Dominus
1274 758 1437 849 prope
1463 772 1561 835 sit,
1616 766 1669 820 111
1698 771 1878 834 postea
1909 758 2187 811 noverunt,

636 893 691 936 ut
740 839 1064 941 ptrPanlus,
1098 874 1182 944 qui
1230 839 1663 925 dicitiDominus
1718 867 1872 921 prope
1917 856 2016 909 est,
2065 839 2193 895 nihil

643 972 846 1027 :olliciti
890 972 996 1024 sitis
1045 965 1298 1035 (Philipp.
1324 958 1459 1015 με,
1489 955 1586 1023 6).
1629 947 1735 1005 Sed
1780 955 1903 999 tunc
1946 950 2051 991 non
2094 947 2192 986 no-

642 1075 857 1127 verant,
892 1059 1097 1115 tametsi
1125 1030 1270 1125 signa
1297 1053 1403 1121 jam
1437 1044 1768 1113 acceperant.
1824 1030 2065 1087 Christus
2096 1037 2192 1075 au-

638 1170 744 1211 tem
801 1163 857 1208 ut
907 1152 1075 1213 dixit,
1123 1114 1243 1200 Non
1295 1114 1406 1213 post
1455 1138 1634 1191 multos
1687 1131 1777 1182 hos
1823 1124 1927 1176 dies
1958 1162 1972 1183 ,
2014 1114 2196 1169 volens

640 1251 759 1300 illos
799 1244 979 1313 vigiles
1022 1252 1162 1304 esse,
1207 1248 1306 1290 nec
1334 1230 1602 1287 evidenter
1628 1236 1739 1276 rem
1767 1210 2052 1272 declaravit
2086 1225 2097 1259 :
2127 1205 2197 1258 i:a

642 1348 696 1390 et
719 1350 855 1389 nunc
882 1332 1023 1387 facit.
1053 1330 1131 1383 Illi
1170 1335 1344 1380 autem
1387 1322 1469 1374 hic
1499 1332 1602 1372 non
1624 1314 1691 1367 de
1722 1300 2193 1365 consummatione,

641 1428 735 1482 sed
770 1425 836 1480 de
858 1438 1021 1494 regno
1052 1422 1412 1485 interrogant;
1451 1410 1675 1476 ideoque
1706 1399 1951 1457 dicebant
1981 1408 1996 1446 :
2038 1389 2098 1444 Si
2145 1386 2199 1437 in

647 1532 867 1586 tempore
920 1516 1012 1568 hoc
1072 1510 1297 1564 restitues
1361 1517 1565 1573 regnum
1626 1490 1789 1549 Israel
1820 1487 1873 1542 ‘l
1925 1484 2017 1538 Ille
2074 1490 2201 1533 vero

654 1622 822 1676 neque
872 1606 920 1658 id
965 1606 1043 1658 eis
1086 1598 1355 1655 revelavit.
1395 1571 1470 1647 De
1510 1591 1611 1643 ﬁne
1652 1594 1828 1639 autem
1868 1575 2090 1631 antehac
2123 1571 2202 1622 in-

647 1698 1016 1768 terrogabant;
1065 1692 1158 1749 sed
1202 1704 1305 1745 non
1346 1679 1784 1757 quemadmodum
1821 1672 1929 1728 illic
1969 1663 2204 1721 severius

650 1758 954 1859 resptindit,
1003 1758 1429 1838 abducensillos,
1477 1788 1543 1828 ne
1572 1775 1814 1841 putarent
1840 1758 2204 1817 liberationem

651 1897 769 1937 esse
798 1880 1043 1941 virinam,
1077 1883 1129 1927 et
1156 1871 1380 1939 conjecit
1410 1868 1524 1921 illos
1557 1865 1605 1917 in
1637 1854 1868 1931 pericula
1901 1868 1912 1904 :
1944 1850 2015 1904 ita
2045 1855 2097 1901 et
2121 1842 2210 1896 hic

655 1974 796 2033 facit,
851 1967 943 2022 sed
991 1963 1331 2018 mansuetius.
1361 1957 1437 2012 Ne
1460 1961 1701 2025 putarent
1722 1946 1861 2002 enim
1887 1939 1986 1996 sibi
2020 1942 2208 1991 contu-

659 2064 866 2118 meliam
906 2057 1119 2118 inferri,
1167 2067 1299 2108 neve
1327 2048 1605 2104 crederent
1645 2042 1757 2093 hare
1783 2036 2028 2089 obtentus
2070 2036 2206 2084 esse,

659 2115 1070 2222 audiqnomodo
1096 2115 1271 2199 statim
1295 2142 1398 2196 illis
1424 2136 1735 2208 polliceatur
1758 2143 1817 2181 se
1844 2118 2037 2190 aliquid
2061 2115 2214 2170 datu-

816 2206 1341 2312 deqnoganderent.
1366 2206 1601 2296 subjecit
1629 2222 1783 2292 igitur
1822 2235 1835 2269 :
1861 2215 1913 2269 8.
1948 2208 2052 2266 Sed
2080 2206 2214 2307 acci-

660 2339 802 2407 pietis
826 2336 1056 2389 virtutem
1086 2321 1470 2396 supervenientis
1497 2320 1548 2371 in
1583 2331 1666 2368 uos
1695 2307 1917 2380 Spiritus
1957 2296 2138 2359 sancti,
2172 2303 2217 2347 et

1598 2403 1606 2407 -
1785 2398 1795 2407 ·
1838 2394 1855 2407 l
1918 2392 1929 2407 Ι
1966 2406 1971 2407 γ
2065 2395 2099 2407 ,ι
2126 2383 2194 2407 ἓν-

660 2383 801 2407 νην-ν
830 2383 997 2389 "“""
1149 2383 1160 2396 σ

660 2428 794 2481 eritis
815 2423 935 2476 mihi
962 2431 1106 2474 testes
1127 2418 1177 2469 in
1197 2411 1494 2473 Jerusalem,
1520 2416 1566 2459 et
1590 2403 1642 2456 in
1664 2398 1796 2454 omni
1822 2392 2027 2456 Judtea,
2054 2395 2099 2440 et
2120 2383 2221 2439 Sa-

662 2516 841 2580 maria,
878 2519 923 2567 et
950 2524 1103 2579 usque
1130 2507 1196 2559 ad
1226 2504 1455 2557 ultimum
1498 2506 1659 2548 teme.
1707 2486 1902 2542 Deinde
1933 2496 2001 2535 ne
2038 2488 2219 2531 rursus

667 2611 834 2675 ipsum
851 2606 1112 2668 interroga
1121 2603 1255 2658 rent,
1271 2591 1446 2648 statim
1460 2590 1758 2651 assumptus
1769 2566 2223 2639 est.Quemadmo~

666 2700 789 2751 dum
813 2696 970 2765 igitur
992 2691 1096 2769 illic
1110 2693 1251 2741 metu
1274 2685 1416 2751 ipsos
1438 2672 1824 2735 obtenebravit,
1842 2680 1962 2722 cum
1988 2662 2137 2724 dixit,
2164 2670 2223 2710 se

672 2788 875 2842 nescire
907 2804 918 2838 :
948 2782 1023 2835 sic
1051 2756 1105 2834 et
1135 2779 1231 2831 hoc
1253 2777 1366 2829 loco
1383 2770 1557 2826 statim
1588 2770 1909 2829 assumptus,
1932 2764 1990 2809 nt
2012 2751 2222 2807 dicitur.

673 2880 829 2933 Multo
860 2886 1083 2942 namque
1112 2870 1184 2924 rei
1209 2863 1470 2921 desiderio
1496 2858 1829 2917 tenebantur,
1862 2864 2031 2919 neque
2060 2844 2225 2900 desti-

676 2972 888 3030 tissent;
905 2979 965 3017 ac
994 2973 1208 3016 necesse
1229 2953 1507 3011 admodum
1528 2955 1660 3012 erat,
1688 2960 1753 3000 ne
1774 2944 1970 2998 scirent
1994 2938 2063 3001 id,
2089 2932 2227 3004 quod

676 3061 810 3113 scire
834 3054 1134 3123 cupiebant.
1182 3048 1273 3101 Dic
1296 3044 1435 3100 enim
1459 3039 1608 3105 mihi,
1646 3035 1771 3106 quid
1800 3032 1975 3087 minus
2011 3025 2232 3082 credunt

677 3148 919 3216 gentiles,
946 3159 1011 3197 an
1032 3143 1255 3194 futuram
1282 3130 1809 3189 consummationem,
1841 3138 1907 3177 an
1932 3116 2072 3189 quod
2098 3116 2233 3169 Deus

683 3241 841 3291 homo
870 3234 1033 3288 factus
1059 3231 1145 3294 sit,
1175 3236 1228 3282 et
1257 3242 1319 3281 ex
1350 3221 1577 3291 Virginis
1601 3227 1752 3271 utero
1776 3210 2050 3283 prodierit,
2081 3215 2237 3275 atque

682 3350 801 3388 cum
831 3342 987 3386 carne
1017 3324 1084 3377 ab
1114 3318 1413 3375 hominibus
1446 3316 1587 3368 visus
1632 3311 1700 3366 sit
1726 3310 1748 3361 ?
1791 3318 1967 3360 annon
2015 3300 2114 3355 hoc
2142 3312 2237 3368 po-

686 3422 969 3477 stremum?
985 3422 1062 3475 Ita
1075 3426 1219 3474 certe
1232 3406 1769 3469 dicturuses.Verum
1781 3395 2044 3469 pudetme
2057 3390 2155 3444 hac
2172 3384 2241 3440 de

685 3530 741 3569 re
768 3527 911 3581 saepe
936 3501 1263 3577 loqui,qnasi
1289 3500 1356 3555 de
1384 3494 1593 3567 negOtio
1618 3489 1867 3562 quopiam
1887 3481 2238 3540 indifferente.

692 3568 890 3656 Itursds
918 3615 981 3653 ne
1008 3568 1261 3657 dicerent,
1305 3588 1411 3644 Cur
1455 3601 1569 3643 rem
1602 3577 1926 3651 suSpendis‘l
1979 3574 2074 3639 sit,
2119 3568 2245 3634 Qua:

695 3695 846 3747 Pater
876 3696 1036 3761 posuit
1063 3689 1113 3740 in
1142 3701 1231 3739 sua
1250 3688 1510 3747 potestate.
1565 3673 1719 3744 Atqui
1746 3683 1849 3725 una
1884 3674 1967 3721 est
1995 3661 2165 3717 Patris
2193 3666 2247 3712 et

690 3787 809 3842 Filii
840 3756 1090 3853 potestas,
1120 3786 1176 3831 nt
1202 3790 1321 3829 cum
1351 3771 1480 3826 dicit
1507 3786 1519 3821 :
1542 3763 1831 3822 Sicutenim
1852 3756 2004 3810 Pater
2025 3761 2247 3807 mortuos

689 3843 892 3932 suscitat
916 3880 963 3927 et
982 3843 1209 3937 uiuificat,
1241 3868 1311 3918 ita
1328 3871 1373 3916 et
1396 3859 1558 3913 Filius
1577 3872 1697 3926 quos
1714 3852 1815 3905 vult
1833 3848 2045 3914 vivi/ictu
2071 3843 2244 3914 (Joan.

787 3968 902 4038 21).
948 3962 1003 4017 Si
1051 3932 1170 4014 cum
1218 3952 1425 4025 operari
1473 3952 1703 4017 oportet,
1749 3956 1867 3995 cum
1919 3935 2103 3991 eadem
2146 3932 2252 4000 agit

697 4032 950 4127 potestate
980 4094 994 4117 ,
1044 4065 1220 4106 annon
1285 4058 1406 4099 cum
1473 4040 1609 4093 scire
1660 4032 1929 4105 quidpiam
1982 4032 2236 4097 oportet,

696 4166 814 4206 eum
862 4144 1049 4202 eadem
1097 4141 1197 4194 scit
1247 4131 1550 4206 potestate?
1594 4129 1839 4183 Attamen
1891 4124 2042 4186 longe
2086 4114 2253 4182 majus

698 4254 779 4297 est
806 4246 1042 4294 mortuos
1069 4232 1343 4292 suscitare,
1384 4237 1539 4295 quam
1570 4219 1706 4274 scire
1734 4216 1872 4269 illam
1899 4210 2061 4265 diem.
2106 4202 2256 4272 Quod

703 4335 747 4387 si
775 4332 847 4392 id,
870 4326 1011 4398 quod
1030 4325 1200 4391 majus
1219 4328 1319 4384 est,
1346 4292 1464 4371 cum
1495 4316 1749 4382 potestate
1766 4304 1908 4368 facit,
1927 4312 2101 4352 annon
2124 4292 2256 4348 mul-

705 4434 759 4477 to
789 4420 955 4489 magis
983 4416 1137 4470 faciet
1162 4422 1214 4467 et
1235 4405 1499 4463 alterum?

773 4517 827 4569 9..
869 4512 1062 4566 Verum
1110 4515 1166 4559 ut
1213 4518 1322 4558 rem
1364 4495 1597 4558 discatis,
1626 4488 1867 4557 exemplo
1912 4482 2061 4538 vobis
2112 4478 2256 4533 illam

705 4605 1006 4664 declarabo.
1035 4600 1183 4655 Sicut
1225 4608 1341 4648 cum
1370 4590 1619 4645 infantem
1658 4581 1898 4636 videmus
1929 4576 2219 4644 plorantem
2242 4608 2257 4635 ,

709 4717 771 4756 ac
796 4712 937 4766 sa'pe
959 4690 1220 4762 quidpiam
1249 4700 1277 4738 a
1307 4681 1457 4736 nobis
1480 4681 1743 4747 petentem
1766 4668 1866 4723 sibi
1890 4680 1994 4720 non
2017 4673 2262 4717 necessa-

710 4794 867 4856 rium,
899 4786 951 4841 id
981 4782 1305 4838 occultamus
1330 4816 1343 4839 ,
1378 4779 1671 4836 vacuasque
1702 4762 1774 4817 illi
1814 4773 2000 4814 manus
2029 4750 2265 4809 ostendi-

712 4898 851 4944 mus,
898 4878 1171 4934 dicentes,
1226 4867 1363 4923 Ecce
1418 4877 1522 4916 non
1576 4856 1873 4911 habemus:
1935 4850 2005 4903 ita
2058 4855 2110 4900 et
2156 4844 2268 4913 ipse

711 4939 963 5041 apostolis
995 4963 1132 5018 fecit.
1160 4959 1353 5013 Verum
1381 4964 1437 5008 ut
1481 4951 1651 5006 infans
1691 4945 1777 5001 ille
1801 4985 1815 5009 ,
1846 4942 1891 4997 si
1918 4939 2047 4996 nihil
2091 4945 2271 4991 osten-

711 5065 917 5122 damus,
946 5059 1104 5112 instat
1134 5047 1417 5121 plorando,
1450 5060 1509 5098 se
1549 5041 1788 5095 delusum
1822 5034 2038 5095 videns,
2070 5042 2269 5095 nosque

713 5152 1037 5209 discedimus
1078 5118 1355 5199 dicentes:
1396 5135 1557 5187 Vocat
1606 5142 1689 5182 mc
1729 5124 2025 5194 quispiam,
2058 5130 2110 5173 et
2156 5118 2270 5184 ejus

714 5248 853 5320 quod
901 5244 1109 5315 petebat
1148 5241 1303 5299 loco,
1335 5228 1473 5286 aliud
1520 5222 1785 5297 quidpiam
1834 5217 1907 5270 illi
1955 5212 2143 5267 damus
2167 5252 2181 5276 ,
2214 5219 2273 5263 ut

717 5299 834 5396 dum
864 5354 891 5391 a
926 5334 1013 5390 tali
1040 5328 1299 5386 desiderio
1327 5329 1609 5377 avocemus
1633 5355 1646 5379 ,
1675 5321 1729 5367 et
1753 5307 2025 5365 laudantes
2056 5301 2105 5355 id
2133 5299 2271 5370 quod

722 5435 905 5486 damus
931 5441 1039 5497 przc
1072 5438 1129 5475 re
1176 5415 1411 5487 quaesita,
1437 5409 1612 5465 statim
1652 5419 1746 5458 uos
1790 5395 2129 5455 snhducimus
2162 5408 2173 5444 :
2201 5392 2277 5444 sic

724 5528 846 5581 fecit
874 5520 1133 5575 Christus.
1158 5513 1234 5567 1111
1260 5507 1497 5574 accipere
1517 5498 1822 5570 quaerebant
1848 5510 1863 5557 ;
1892 5491 1977 5544 hic
1996 5502 2055 5542 se
2088 5484 2278 5539 habere

726 5614 954 5688 negavit.
1000 5609 1241 5663 Attamen
1285 5596 1457 5668 primo
1501 5587 1792 5649 deterruit;
1838 5591 1890 5639 at
1930 5580 2049 5649 quia
2097 5587 2280 5628 “ursus

791 5779 807 5810 ί
843 5776 895 5825 111
920 5766 1093 5821 Savllio
1126 5764 1197 5812 sic
1221 5761 1438 5825 legitur;
1466 5749 1541 5825 Illi
1567 5737 2280 5825 iattteuihpount‘igﬁppittn'ugg;

719 5798 1197 5895 llOllclll'llllv:YVY|3;I;i:
1206 5798 1400 5883 εἷα)ξῖἓῖ
1420 5798 1476 5866 iri
1490 5798 1708 5873 vlémpore
1731 5805 1818 5854 hoc
1844 5798 2060 5851 restitues
2083 5803 2283 5857 regnum

722 5902 909 5954 Israel!
929 5908 949 5936 υ

1337 481 1393 535 S.
1432 472 1705 532 JOANNIS
1740 454 2209 524 CHRYSOSTOMI
2256 448 2566 504 ARCIIIEP.
2596 434 3120 499 CONSTANTINOP.

3797 413 3867 467 28

2295 557 2621 629 qumrebant,
2651 555 2837 607 iterum
2881 549 3010 603 dixit
3036 560 3094 600 se
3136 558 3241 599 non
3272 542 3490 595 habere.
3517 533 3712 589 Verum
3756 527 3869 597 jam

2301 664 2405 703 non
2438 645 2663 705 territat,
2699 642 2791 697 sed
2832 648 3107 711 postquam
3148 630 3377 687 ostendit
3404 626 3455 681 id
3479 622 3619 694 quod
3650 620 3869 674 iecerat.

2299 738 2452 794 allert
2503 704 3114 805 probabilem—causam;
3151 714 3562 785 Pater,inquit,
3607 708 3773 780 posuit
3818 704 3872 757 in

2304 848 2391 885 sua
2408 835 2664 900 potestate.
2697 822 2831 889 Quid
2869 821 3031 892 ergo?
3059 832 3124 871 an
3156 828 3210 869 tu
3239 810 3411 868 neseis
3440 823 3522 871 ea,
3548 819 3667 875 qua:
3696 798 3874 855 Patris

2301 922 2457 976 sunt?
2484 934 2549 973 an
2579 918 2750 986 ipsum
2782 914 2942 975 nosti,
2972 921 3027 965 et
3053 923 3172 979 qua:
3197 907 3313 974 ejus
3351 910 3474 956 sunt
3503 894 3752 969 ignoras?
3782 892 3876 944 Di-

2304 1012 2423 1065 xisti
2456 1027 2468 1061 :
2503 982 2665 1061 Nemo
2695 1006 2827 1058 novit
2851 1001 3056 1055 Patrem
3082 998 3180 1051 nisi
3211 995 3377 1049 Filius
3404 993 3422 1060 (
3452 990 3571 1043 Luc.
3604 986 3690 1040 10.
3716 982 3787 1038 2‘3
3815 982 3835 1051 )
3860 998 3876 1045 ;

2304 1114 2377 1167 et,
2422 1102 2643 1169 Spiritus
2670 1097 2838 1150 omnia
2866 1100 3114 1147 scrutatur
3138 1130 3152 1153 ,
3186 1088 3333 1141 etiam
3365 1080 3620 1152 profunda
3645 1076 3741 1129 Dei
3770 1074 3786 1138 (
3831 1075 3877 1124 1.

2306 1164 2422 1247 Cor.
2452 1164 2503 1243 (Ξ.
2542 1190 2601 1244 10
2631 1192 2684 1257 );
2712 1196 2765 1242 et
2794 1200 2847 1238 tu
2875 1199 2941 1238 ne
2971 1183 3071 1236 hoc
3116 1177 3326 1248 quidem
3360 1170 3533 1229 nosti?
3559 1168 3727 1223 Absit.
3759 1164 3881 1218 Non

2308 1293 2363 1337 ut
2407 1284 2505 1336 hoc
2531 1280 2859 1349 suspicemur
2884 1315 2900 1341 ,
2934 1276 3003 1328 ita
3036 1275 3281 1339 loquutus
3310 1276 3418 1327 est;
3449 1262 3542 1317 sed
3573 1275 3632 1314 se
3673 1256 3882 1312 nescire

2308 1372 2540 1431 simulat,
2596 1379 2655 1424 ut
2713 1368 2833 1421 illos
2893 1366 2959 1419 ah
3024 1359 3387 1430 intempestiva
3442 1351 3734 1424 qttmstionc
3785 1347 3884 1398 ah-

2310 1464 2484 1518 ducat.
2519 1462 2634 1517 Non
2683 1460 2795 1516 ausi
2825 1467 2951 1513 sunt
2993 1470 3119 1526 ergo
3167 1455 3359 1506 iterum
3408 1450 3755 1512 interrogare,
3814 1452 3885 1491 nc

2311 1552 2595 1606 audirent:
2633 1549 2699 1603 Et
2741 1565 2828 1602 uos
2867 1525 3155 1615 insipientes
3200 1541 3315 1595 estis
3345 1538 3363 1609 (
3389 1534 3571 1591 Matth.
3606 1532 3692 1587 15.
3729 1527 3793 1582 16
3819 1525 3838 1595 )
3862 1526 3887 1577 ?

2314 1642 2477 1697 Multo
2527 1641 2665 1696 enim
2719 1638 2885 1707 magis
2932 1636 3076 1690 illum
3128 1646 3265 1686 nunc
3323 1625 3667 1686 metuebant,
3723 1630 3888 1688 quam

2315 1742 2489 1787 antea.
2548 1731 2652 1785 Sed
2705 1727 2958 1799 accipietis
3025 1725 3255 1778 uirtutem
3308 1713 3697 1788 supervenientis
3752 1708 3887 1776 Spi-

2317 1826 2442 1879 ritus
2493 1823 2653 1878 sancti
2702 1823 2755 1875 in
2804 1836 2888 1873 vos
2918 1818 2937 1890 (
2970 1816 3133 1871 Marc.
3166 1816 3218 1867 7.
3246 1813 3313 1867 18
3346 1815 3383 1880 ).
3433 1800 3894 1875 Quemadmodum

2318 1918 2458 1972 enim
2511 1915 2618 1969 illic
2672 1927 2780 1968 non
2831 1910 2898 1966 ad
2948 1910 3265 1977 interrogata
3322 1899 3595 1971 respondit
3648 1894 3893 1966 (110010-

2319 2008 2392 2061 ris
2439 2006 2581 2060 enim
2627 2013 2743 2070 est,
2776 2017 2880 2057 non
2930 1999 3069 2070 quod
3124 1997 3237 2051 vult
3281 1989 3594 2061 discipulus,
3626 1985 3717 2041 sed
3749 1982 3897 2053 quod

2323 2098 2421 2167 ipsi
2453 2096 2682 2167 expedit,
2708 2095 2907 2150 docere
2929 2092 2947 2163 )
2972 2109 2986 2145 :
3019 2092 3090 2145 ita
3116 2098 3169 2144 et
3198 2101 3355 2149 nunc,
3384 2099 3501 2153 qua:
3527 2081 3733 2135 discere
3759 2089 3900 2145 opus

2324 2198 2439 2243 erat
2477 2186 2748 2257 praedicit,
2785 2200 2854 2239 ne
2906 2181 3225 2237 turbentur:
3256 2177 3479 2231 fortasse
3526 2170 3648 2241 quia
3698 2164 3900 2221 inﬁrmi

2327 2289 2499 2335 erant.
2523 2279 2591 2336 Ut
2622 2287 2796 2332 autem
2826 2275 3070 2330 fiduciam
3101 2270 3267 2332 indat,
3300 2268 3535 2336 ipsorum
3565 2260 3769 2315 animos
3791 2255 3904 2309 eri-

2326 2374 2397 2441 git
2425 2415 2438 2438 ,
2462 2380 2515 2425 ct
2543 2384 2768 2425 onerosa
2802 2368 2957 2422 texit.
2983 2365 3112 2431 Quia
3160 2362 3300 2416 enim
3331 2356 3488 2428 paulo
3520 2362 3636 2423 post
3666 2350 3784 2405 illos
3813 2362 3905 2402 rc-

2330 2463 2547 2517 licturus
2568 2469 2701 2523 erat,
2725 2458 2853 2511 nihil
2878 2456 3003 2524 ipsis
3030 2464 3276 2521 asperum
3303 2445 3615 2514 simpliciter
3640 2439 3903 2510 loquitur;

2330 2552 2424 2605 sed
2449 2550 2613 2621 quid?
2641 2548 2773 2603 Cum
2803 2546 3031 2600 admixta
3061 2541 3216 2597 laude
3246 2540 3463 2593 molesta
3495 2535 3698 2603 mitigat
3726 2547 3739 2596 ;
3772 2545 3834 2584 ac
3860 2530 3907 2582 si

2332 2644 2533 2697 diceret
2559 2657 2571 2693 :
2601 2640 2678 2694 Ne
2710 2638 2968 2703 timcatis;
2995 2650 3115 2689 nam
3159 2630 3427 2698 Accipietis
3465 2629 3696 2680 virtutem
3723 2636 3912 2675 super-

2336 2734 2572 2789 venientis
2611 2732 2835 2801 Spiritus
2874 2727 3030 2782 sancti
3057 2727 3108 2777 in
3136 2740 3238 2787 vos,
3266 2730 3313 2776 et
3342 2720 3478 2773 eritis
3518 2716 3639 2769 mihi
3682 2721 3825 2767 testes
3856 2713 3912 2762 in

2336 2827 2617 2881 Jerusalem
2642 2866 2656 2889 ,
2690 2833 2736 2877 et
2762 2823 2813 2875 in
2840 2820 2975 2874 omni
2997 2817 3179 2871 Judwa
3202 2856 3217 2878 ,
3242 2826 3285 2867 et
3313 2810 3568 2866 Samaria.
3591 2805 3722 2873 Quia
3765 2802 3913 2856 enim

2338 2919 2541 2972 dixerat
2568 2958 2581 2979 ,
2609 2915 2671 2967 In
2703 2915 2831 2967 viam
2859 2912 3079 2981 gentium
3124 2924 3183 2959 ne
3234 2903 3471 2963 abieritis,
3498 2909 3541 2952 et
3580 2899 3631 2950 in
3660 2894 3919 2949 civitatem

2341 3008 2777 3063 Samaritanorum
2820 3018 2881 3054 ne
2922 2999 3221 3053 intraueritis
3249 2995 3266 3063 (
3297 2992 3478 3045 Matth.
3514 2990 3598 3044 10.
3630 2987 3662 3043 5
3689 2986 3706 3053 )
3732 3002 3746 3048 ;
3774 2997 3921 3038 nunc

2345 3114 2474 3154 vero
2500 3097 2611 3151 vult
2647 3109 2739 3149 eos
2772 3091 3057 3162 praedicare
3086 3090 3139 3142 in
3161 3086 3305 3141 omni
3331 3083 3510 3139 Judtea
3551 3089 3603 3135 et
3630 3075 3873 3135 Samaria
3902 3092 3919 3138 ;

2345 3208 2462 3262 quae
2494 3201 2617 3245 tunc
2644 3204 2747 3244 non
2775 3189 2997 3251 dixerat,
3024 3185 3110 3238 hic
3147 3181 3382 3245 addidit,
3416 3177 3481 3231 Et
3509 3189 3661 3245 usque
3698 3171 3766 3225 ad
3790 3170 3925 3223 ulti-

2348 3300 2483 3337 mum
2514 3292 2676 3335 terrea.
2710 3280 2795 3343 Et,
2846 3277 2984 3349 quod
3030 3275 3265 3331 omnium
3311 3265 3759 3325 terribilissimum
3802 3270 3927 3314 erat

2345 3379 2616 3445 loquutus,
2650 3386 2717 3425 ne
2748 3382 2931 3425 rursus
2959 3368 3105 3421 illum
3147 3365 3570 3430 interrogarent,
3599 3355 3652 3409 9.
3695 3351 3933 3405 Videnti-

2347 3467 2440 3521 btts
2484 3465 2587 3519 illis
2626 3464 2845 3517 elevatus
2884 3468 2992 3524 est,
3026 3466 3069 3511 et
3101 3454 3254 3507 nubes
3281 3450 3494 3519 suscepit
3522 3462 3633 3500 eum
3676 3443 3737 3495 ab
3762 3442 3932 3494 oculis

2353 3572 2543 3610 eorum.
2572 3552 2758 3608 Viden’
2787 3565 2881 3606 eos
2921 3546 3239 3618 prmdicasse
3275 3551 3328 3598 et
3359 3538 3661 3609 implevisse
3690 3546 3930 3600 evange-

2355 3651 2480 3704 lium
2502 3650 2525 3700 l
2550 3647 2687 3701 Vere
2732 3659 2843 3699 rem
2878 3655 3118 3711 magnam
3150 3636 3295 3692 dedit
3344 3633 3465 3686 illis.
3501 3629 3595 3684 Ubi
3629 3623 3886 3680 timuistis
3916 3664 3930 3685 ,

2357 3741 2559 3811 inquit,
2591 3751 2783 3806 nempe
2810 3731 3154 3800 Jerosolymtc
3181 3769 3195 3793 ,
3228 3727 3296 3781 ibi
3330 3724 3502 3792 primo
3531 3716 3847 3789 prrdicate,
3879 3724 3935 3768 et

2358 3803 2732 3902 postca’usque
2771 3825 2836 3880 ad
2860 3824 3100 3877 ultimum
3134 3829 3308 3871 teme.
3342 3810 3543 3867 Deinde
3570 3806 3635 3860 ad
3664 3806 3816 3859 Iidem
3845 3803 3936 3856 l‘a—

2360 3921 2597 3976 ciendam
2627 3919 2708 3981 iis,
2733 3930 2849 3986 quse
2877 3914 3102 3975 dixerat,
3142 3904 3430 3959 Videntilms
3455 3901 3556 3953 illis
3586 3900 3801 3951 eleuatus
3828 3906 3934 3956 est,

2362 4013 2547 4080 inquit.
2577 4010 2688 4064 Non
2720 4007 2825 4061 illis
2862 4002 3161 4059 videntibus
3190 3992 3511 4053 resurrexit,
3543 3989 3634 4043 sed
3654 4029 3667 4049 ,
3698 3986 3811 4039 Illis
3852 3987 3940 4036 vi-

2362 4106 2587 4160 dentibus
2615 4102 2832 4153 eleuatus
2855 4104 2962 4157 est;
2992 4092 3110 4162 quia
3140 4103 3313 4156 neque
3358 4090 3599 4151 aspectus
3633 4078 3714 4131 hic
3753 4075 3938 4128 omnia

2364 4197 2552 4266 potuit.
2579 4192 2709 4247 Nam
2763 4180 3165 4243 resurrectionis
3212 4178 3365 4230 linem
3414 4170 3693 4232 viderunt,
3724 4165 3939 4220 initium

2370 4305 2471 4343 non
2501 4288 2659 4347 item;
2692 4274 3068 4346 assumptionis
3117 4283 3243 4323 vero
3284 4265 3488 4319 initium
3536 4259 3799 4321 viderunt,
3828 4271 3939 4309 non

2369 4392 2495 4431 vero
2524 4376 2700 4427 linem.
2735 4367 2922 4422 Inutile
2967 4374 3193 4430 namque
3236 4358 3419 4410 luisset
3464 4353 3515 4404 in
3546 4345 3943 4403 resurrectione

2371 4468 2575 4525 initium
2610 4464 2809 4525 videre,
2840 4459 2955 4528 ipso
2986 4459 3248 4524 praesente
3274 4448 3363 4517 qui
3385 4445 3497 4497 hate
3526 4442 3853 4509 loqueretur,
3884 4443 3943 4488 et

2370 4562 2613 4634 sepulcro
2630 4527 2942 4613 testificante
2963 4551 3131 4618 ipsum
3157 4544 3228 4598 ibi
3246 4542 3354 4611 jam
3375 4551 3479 4592 non
3502 4547 3622 4587 esse
3655 4547 3667 4583 :
3701 4527 3793 4583 sed
3821 4540 3944 4595 qua:

2372 4650 2782 4721 assumptionem
2832 4649 3052 4711 sequuta
3099 4629 3427 4698 sunt,verbo
3477 4624 3683 4678 discere
3727 4625 3947 4686 oporte-

2372 4746 2481 4800 bat.
2508 4707 2639 4808 Quia
2669 4736 2809 4791 enim
2839 4707 2945 4785 non
2980 4732 3223 4796 poterant
3249 4718 3389 4775 oculi
3413 4714 3477 4768 ad
3510 4720 3708 4765 tantam
3734 4707 3942 4777 pertin-

2370 4848 2498 4907 gcre
2522 4825 2910 4886 celsitudinem,
2941 4832 3037 4872 nec
3064 4814 3257 4870 docere
3286 4824 3353 4862 an
3378 4806 3428 4860 in
3460 4801 3669 4865 etclam,
3700 4812 3766 4852 an
3788 4796 3944 4865 quasi

3058 4904 3101 4907 ν’
3235 4902 3246 4907 -
3270 4899 3282 4907 ·
3316 4898 3336 4907 -
3400 4905 3408 4907 μ
3561 4894 3595 4907 οι
3651 4884 3798 4907 n----|
3831 4884 3944 4907 2..--

2374 4884 2429 4983 iis
2458 4923 2641 4978 caelum
2669 4884 2985 4973 ascenderit,
3018 4899 3284 4971 videquid
3313 4898 3505 4952 factum
3532 4894 3622 4947 sit.
3649 4884 3801 4954 Quod
3831 4884 3951 4955 ipse

2374 5018 2530 5073 Jesns
2572 5018 2713 5067 esset
2737 5049 2751 5071 ,
2800 5001 3040 5059 sciebant
3066 5011 3131 5051 ex
3157 4995 3219 5047 iis
3243 5032 3258 5056 ,
3288 5002 3403 5058 quae
3430 4983 3495 5039 ad
3524 4982 3668 5051 ipsos
3696 4978 3949 5046 loquutus

2378 5113 2574 5170 fuerat;
2622 5068 2800 5173 procul
2828 5108 2955 5150 vero
2986 5090 3212 5158 positum
3244 5098 3347 5136 non
3386 5080 3630 5147 poterant
3655 5068 3823 5125 oculis
3850 5080 3950 5120 co-

2307 5200 2315 5208 ’
2377 5212 2635 5275 gnoscere
2662 5213 2676 5258 ;
2708 5189 2847 5262 quod
2882 5195 3057 5239 autem
3102 5181 3151 5232 in
3196 5176 3381 5230 malum
3413 5172 3691 5235 susceptus
3729 5167 3819 5224 sit,
3847 5157 3951 5227 ipsi

2384 5249 2563 5363 postea
2587 5249 2887 5342 docuerunt
2911 5268 3242 5344 angeli.Vide
3269 5258 3535 5334 quomodo
3560 5254 3830 5327 provisum
3859 5249 3951 5311 sit,

2384 5395 2439 5440 ut
2466 5398 2570 5438 non
2595 5375 2793 5447 Spiritu
2818 5369 2991 5425 omnia
3017 5406 3032 5430 ,
3059 5362 3152 5418 sed
3178 5356 3418 5430 quadam
3451 5349 3618 5405 oculis
3660 5358 3955 5402 cerneren-

2386 5488 2486 5532 tur.
2517 5434 2826 5528 Cur'autem
2855 5460 3022 5515 nubes
3051 5450 3281 5520 suscepit
3307 5443 3470 5502 eum?
3498 5442 3608 5497 Hoc
3636 5450 3848 5508 quoque
3879 5434 3958 5489 si-

2386 5580 2544 5637 gnum
2574 5566 2708 5621 erat,
2732 5557 2905 5624 ipsum
2928 5545 3233 5602 ascendisse
3262 5540 3314 5591 in
3339 5535 3550 5591 caelum.
3573 5529 3687 5585 Non
3714 5526 3872 5596 ignis,
3902 5531 3961 5576 ut

3237 5631 3288 5637 ._
3357 5627 3392 5637 .,
3503 5623 3536 5637 η
3739 5613 3929 5637 _“,___

2393 5613 2784 5719 Elimeam;
2806 5654 2991 5699 currus
3021 5638 3203 5707 igneus
3229 5631 3315 5699 (4.
3349 5627 3476 5697 Reg.
3503 5623 3558 5677 2.
3583 5621 3642 5675 11
3668 5618 3713 5688 ),
3738 5613 3829 5670 sed
3859 5628 3959 5667 nu-

2394 5752 2485 5803 bes
2516 5703 2749 5809 sdscepit
2786 5748 2944 5798 eum;
2979 5703 3121 5800 quod
3149 5732 3263 5779 erat
3289 5720 3403 5776 caeli
3434 5710 3732 5787 symbolum
3755 5748 3773 5773 ,
3803 5715 3861 5759 nt
3890 5703 3963 5757 ait

2394 5794 2690 5909 Epit—cia;
2713 5827 2810 5894 Qui
2839 5794 3081 5895 posuit-in
3126 5813 3256 5869 nube
3307 5820 3565 5866 ascensum
3608 5814 3749 5857 suum
3774 5796 3795 5869 (
3817 5794 3958 5849 Psal.
