4092 6496
208 422 264 479 ω
1215 412 1275 469 ΙΝ
1313 412 1493 469 ACTA
1537 409 1740 465 APOST
1754 408 2302 466 0LORUDI.HOMIL.
2343 411 2406 467 Il.
3400 413 3470 471 30

210 542 318 597 I03.
346 539 400 612 ὃ)
467 551 791 609 quamquam
833 537 932 590 hoc
974 533 1040 589 de
1072 532 1228 587 Patre
1271 532 1471 585 dictum
1514 537 1617 582 est.
1650 527 1772 581 ldeo

205 633 339 701 dicit,
364 632 418 686 In
462 630 626 695 nube,
658 628 938 685 declarans
964 624 1016 679 id
1064 638 1185 679 esse
1212 623 1266 677 in
1301 620 1548 693 symbolo
1576 618 1771 674 divinae

206 721 439 793 potentia:
468 740 483 778 :
517 736 692 790 neque
734 718 876 773 cnim
906 716 1009 770 alia
1038 715 1205 769 virtus
1236 713 1343 767 ulla
1393 712 1445 765 in
1471 710 1611 765 nube
1637 723 1767 763 con-

202 815 429 883 spicitur.
480 812 619 868 Audi
670 825 857 865 rursus
910 806 1039 879 quid
1089 806 1226 860 alius
1272 803 1534 874 pr0pheta
1579 801 1769 855 dicat:

205 907 435 959 Dominus
452 904 587 958 sedet
612 919 765 971 super
785 901 962 955 nubem
992 898 1147 951 levem
1175 895 1327 966 (Isai.
1357 894 1446 949 19.
1476 894 1551 962 1).

264 999 315 1054 3.
353 996 483 1051 Cum
510 1008 641 1066 ergo
665 993 734 1048 de
758 1008 818 1047 re
840 1033 856 1057 ,
888 1004 1047 1061 quam
1087 988 1446 1044 necessariam
1492 982 1768 1053 putabant.

202 1094 614 1159 interrogarent,
661 1099 890 1154 cumque
932 1081 1088 1137 dictis
1133 1077 1420 1135 admodum
1468 1075 1655 1131 intenti
1680 1087 1771 1128 es-

198 1191 339 1247 sent,
369 1190 423 1235 et
467 1177 720 1234 comitati
767 1190 864 1230 nec
906 1173 1266 1228 dormitantes
1288 1212 1305 1237 ,
1338 1170 1440 1224 hoc
1466 1167 1679 1223 accidit.
1714 1165 1772 1221 In

201 1280 368 1326 monte
415 1283 628 1342 quoque
683 1267 849 1321 nubes
902 1273 1119 1334 propter
1168 1264 1340 1332 ipsum
1383 1270 1519 1325 erat,
1562 1256 1773 1329 quando

199 1365 393 1436 Moyses
422 1363 694 1434 ingressus
734 1369 818 1415 est
871 1360 926 1414 in
970 1357 1253 1427 caliginem
1281 1358 1301 1425 (
1334 1354 1501 1408 Exod.
1528 1354 1616 1409 35.
1641 1353 1674 1407 9
1706 1352 1725 1422 )
1754 1366 1770 1417 ;

198 1456 283 1511 sed
305 1471 407 1512 non
436 1463 655 1526 propter
681 1454 828 1507 illum
860 1451 1030 1507 nubes
1056 1457 1192 1505 erat.
1224 1448 1320 1504 Ille
1341 1462 1468 1502 vero
1508 1461 1613 1501 non
1639 1446 1773 1501 sim-

201 1548 397 1614 pliciter
421 1546 576 1605 dixit.
616 1544 779 1608 l'ado,
811 1558 879 1598 ne
921 1557 1133 1598 rursum
1169 1540 1454 1605 dolerent;
1485 1538 1579 1594 sed
1617 1536 1770 1603 dixit,

201 1638 439 1707 Spiritum
490 1636 633 1690 mitto
664 1634 866 1707 (Joan.
896 1634 985 1689 16.
1028 1634 1082 1691 5.
1135 1632 1242 1703 7).
1294 1631 1448 1699 Quod
1492 1639 1670 1686 autem
1719 1629 1772 1685 in

198 1728 371 1783 escium
396 1726 604 1793 abiret,
640 1726 769 1797 ipsis
801 1724 972 1780 oculis
999 1723 1323 1778 didicerunt.
1350 1722 1541 1793 Papae,
1573 1728 1775 1791 quanto

197 1818 489 1887 spectaculo
536 1816 737 1889 dignati
782 1817 943 1870 sunt!
972 1814 1061 1869 l0.
1096 1811 1319 1883 Cumque
1340 1814 1675 1878 intuerentur,
1693 1811 1775 1866 in-

196 1913 321 1983 quit,
350 1914 401 1967 in
429 1912 611 1966 citium
649 1920 847 1967 euntem
873 1910 1018 1981 illum
1036 1951 1053 1977 ,
1080 1925 1192 1963 ecce
1218 1910 1319 1963 duo
1348 1909 1443 1962 viri
1472 1908 1775 1964 adstiterant

197 2004 289 2058 illis
311 2004 362 2057 in
382 2013 513 2058 veste
540 2002 655 2056 alba
677 2043 692 2068 ,
724 2002 811 2071 qui
830 2010 875 2056 et
905 2001 1143 2054 dixerunt
1184 2016 1203 2054 :
1248 1998 1353 2053 Viri
1381 1998 1584 2054 Gali/ari
1604 2040 1619 2064 ,
1652 2000 1775 2070 quid

197 2096 329 2149 statis
353 2095 653 2163 aspicientes
696 2095 748 2146 in
795 2091 974 2147 malum
991 2091 1018 2145 .9
1044 2090 1144 2144 llic
1170 2089 1344 2156 Iesus,
1374 2091 1460 2158 qui
1487 2103 1776 2159 assumptus

195 2198 261 2240 est
286 2203 317 2239 a
342 2188 479 2241 vobis
504 2186 559 2239 in
599 2186 797 2239 ctutum.
833 2182 1322 2238 Demonstrantium
1352 2196 1501 2237 more
1547 2181 1776 2252 loquun-

198 2287 307 2335 tur:
334 2276 451 2344 llic,
470 2277 558 2346 qui
580 2284 871 2344 assumptus
898 2284 971 2329 est
995 2291 1027 2327 α
1049 2274 1185 2329 vobis
1205 2275 1259 2327 in
1279 2274 1479 2341 etclam,
1502 2274 1574 2327 sic
1593 2274 1772 2339 veniet,

196 2366 604 2436 quemadmodum
654 2366 848 2420 vidistis
892 2381 1009 2419 eum
1058 2378 1257 2419 euntem
1313 2364 1367 2418 in
1413 2365 1617 2419 calum.
1669 2364 1775 2419 lte-

198 2474 302 2511 rum
349 2457 466 2512 ιιι-ω
512 2459 724 2526 species
772 2464 874 2511 est.
929 2455 1117 2526 Angeli
1158 2456 1301 2510 enim
1343 2456 1557 2525 quidam
1602 2456 1779 2509 homi-

198 2563 311 2601 num
354 2547 537 2617 specie
584 2547 859 2600 adstantes
905 2545 1199 2600 dixerunt:
1246 2544 1351 2599 Viri
1389 2544 1609 2599 Galilei.
1644 2544 1776 2601 Fide

198 2638 329 2709 digni
380 2652 528 2695 certe
578 2637 892 2693 videbantur
929 2652 1051 2691 cum
1098 2637 1333 2692 dicerent
1358 2678 1374 2703 ,
1413 2636 1519 2691 Viri
1552 2636 1773 2692 Galilei.

202 2730 366 2802 '[Ad
414 2731 542 2803 quid
595 2731 739 2786 enim
835 2730 1060 2798 patriam
1109 2736 1539 2794 memorassent,
1573 2728 1675 2783 nisi
1721 2736 1779 2782 ut

201 2829 347 2886 tidem
372 2830 616 2886 lacerent
638 2828 662 2882 ἲ
686 2827 708 2901 ]
736 2827 817 2882 Ex
851 2827 1034 2897 specie
1071 2840 1282 2896 quoque
1327 2826 1447 2880 illos
1471 2825 1536 2879 ad
1562 2840 1621 2879 se
1647 2839 1775 2879 con-

198 2924 493 2988 vertebant,
541 2921 879 2977 declarantes
922 2934 983 2974 se
1028 2917 1095 2974 de
1137 2918 1284 2973 ca-lis
1328 2932 1449 2972 8550
1489 2919 1773 2987 profectos.

196 3017 295 3071 Cur
321 3032 425 3072 non
453 3017 571 3086 ipse
596 3010 843 3070 Christus
884 3014 1000 3067 haec
1048 3010 1179 3081 ipsis
1230 3010 1465 3081 loquitur
1488 3050 1502 3074 ,
1530 3009 1626 3064 sed
1676 3024 1775 3063 an-

196 3117 293 3187 geli
317 3118 340 3170 3
365 3115 520 3171 Prius
549 3114 655 3169 illis
683 3112 862 3168 omnia
892 3109 1121 3176 dixerat,
1147 3108 1258 3178 jam
1283 3121 1410 3162 vero
1434 3120 1527 3175 per
1556 3104 1778 3175 angelos

198 3208 295 3263 illis
336 3209 386 3263 in
417 3206 737 3263 memoriam
787 3210 1004 3258 revocat
1039 3215 1104 3257 ea
1130 3241 1145 3265 ,
1174 3216 1293 3270 quae
1338 3198 1639 3253 audierant.
1668 3196 1779 3252 Nec

198 3299 455 3366 dixerunt,
479 3298 655 3367 Quem
679 3295 883 3350 vidistis
924 3302 1282 3363 assumptum,
1313 3289 1407 3345 sed
1432 3331 1448 3357 ,
1482 3288 1700 3343 Euntem
1723 3291 1777 3343 in

197 3394 401 3457 cadunt;
425 3400 485 3448 ut
512 3389 829 3447 ostendatur
851 3388 1269 3457 assutnptioncm
1302 3384 1468 3451 illam,
1500 3379 1777 3439 ascensio-

198 3499 310 3537 nem
337 3482 503 3537 fuisse
549 3498 563 3535 :
607 3480 785 3535 carnis
815 3487 996 3533 autem
1022 3486 1103 3530 est
1133 3476 1355 3531 assumi.
1388 3474 1512 3530 Ideo
1545 3474 1731 3530 dicunt
1762 3494 1775 3529 :

202 3576 292 3640 Qui
318 3582 610 3639 assumptus
638 3581 712 3627 est
732 3587 764 3624 a
790 3569 945 3628 vobis.
970 3569 1042 3623 sic
1075 3569 1234 3622 veniet
1261 3583 1279 3620 :
1307 3581 1410 3621 nou
1442 3607 1458 3633 ,
1502 3566 1738 3621 lIittetur
1760 3606 1776 3632 ,

198 3667 304 3731 sed,
344 3665 539 3721 Veniet.
569 3664 683 3731 Qua
714 3663 767 3716 in
806 3677 864 3716 re
889 3675 1020 3729 ergo
1046 3659 1222 3714 minor
1246 3668 1327 3713 est
1356 3657 1563 3713 Filius?
1607 3656 1779 3712 Nubes

198 3758 404 3826 suscepit
433 3770 573 3810 eum.
611 3752 805 3817 Recte;
834 3752 947 3820 ipse
990 3748 1132 3804 enim
1160 3748 1401 3803 ascendit
1444 3748 1497 3801 in
1540 3747 1734 3800 nubent
1762 3766 1774 3799 :

198 3846 437 3915 quoniam
469 3843 576 3910 Qui
596 3841 841 3903 ascendit,
868 3842 979 3909 ipse
1002 3848 1075 3893 est
1093 3840 1179 3909 qui
1203 3838 1458 3892 descendit
1481 3836 1697 3907 (Ephes.
1720 3837 1774 3892 ι.

199 3936 302 4007 10).
333 3933 751 3997 Animadverte,
786 3930 1054 4000 quomodo
1082 3930 1184 3984 alia
1217 3928 1510 3984 secundum
1539 3928 1777 3998 discipu-

200 4030 359 4083 lorum
406 4035 645 4082 mentem
675 4024 919 4079 dicantur
944 4065 959 4088 ,
998 4022 1101 4076 alia
1143 4021 1434 4075 secundum
1465 4018 1777 4089 dignitatem

202 4120 304 4173 Dei.
323 4116 725 4184 Subiimiorque
752 4112 967 4168 demum
1001 4110 1139 4165 facta
1164 4120 1247 4164 est
1273 4124 1424 4164 mens
1451 4109 1745 4164 videntium
1764 4099 1794 4162 τ’

199 4224 257 4264 ac
278 4208 494 4264 secundi
524 4205 788 4260 adventus
816 4217 923 4257 non
953 4217 1168 4271 parvam
1201 4200 1307 4255 illis
1335 4200 1482 4255 dedit
1506 4200 1777 4268 notitiam;

200 4299 315 4353 illud
341 4300 505 4363 enim,
537 4295 631 4351 Sic
672 4295 850 4359 veniet,
881 4292 984 4347 hoc
1011 4290 1273 4361 signiﬁcat
1307 4308 1320 4345 :
1348 4305 1469 4344 cum
1513 4306 1739 4360 corpore
1762 4333 1777 4355 ,

201 4392 358 4460 inquit
388 4410 400 4444 :
432 4388 566 4445 illud
595 4388 736 4444 enim
784 4385 970 4440 audire
1009 4384 1301 4452 optabant;
1334 4393 1385 4437 et
1413 4383 1552 4452 quod
1588 4384 1779 4437 iterum

201 4483 331 4538 nube
354 4490 541 4537 vectus
572 4476 637 4532 ad
681 4478 937 4547 judicium
988 4485 1243 4530 venturus
1299 4474 1388 4527 sit.
1429 4474 1491 4526 Et
1520 4490 1634 4528 ecce
1659 4518 1672 4539 ,
1703 4476 1783 4529 in-

201 4575 323 4641 quit,
355 4575 458 4627 duo
484 4572 584 4625 viri
610 4570 931 4622 adstiterant.
974 4566 1080 4621 Cur
1107 4566 1242 4621 dixit
1267 4607 1280 4627 ,
1323 4564 1427 4618 Viri
1451 4565 1476 4618 .9
1502 4566 1636 4633 Quia
1666 4581 1784 4634 per-

202 4666 379 4721 lectam
411 4664 655 4717 virorum
687 4660 914 4715 fortnam
944 4656 1401 4727 reprzesentabant
1426 4696 1439 4719 ,
1474 4670 1540 4709 ne
1566 4656 1639 4708 illi
1684 4655 1778 4709 ob-

201 4763 583 4827 stupescerent.
613 4750 711 4817 Qui
733 4762 779 4804 et
804 4750 1058 4814 dixerunt,
1089 4747 1224 4815 Quid
1243 4748 1385 4802 statis
1408 4748 1708 4817 aspicientes
1728 4748 1780 4800 in

199 4848 410 4901 catum!
435 4844 614 4901 Simul
668 4840 1092 4896 blandientium’
1144 4838 1303 4894 verba
1352 4848 1544 4903 erant,
1573 4848 1629 4893 ct
1675 4854 1782 4893 non

202 4947 369 4993 tanmn
415 4935 713 4991 sinentium
762 4916 869 4988 cito
913 4941 1226 5000 exspectare
1270 4930 1499 4985 reditum
1543 4930 1680 4999 ejus.
1718 4930 1784 4986 Ili

199 5028 330 5097 quod
358 5027 533 5097 majus
562 5034 647 5079 est
671 5024 875 5092 dicunt,
916 5022 1056 5093 quod
1094 5037 1221 5075 vero
1270 5022 1448 5075 minus
1477 5037 1586 5075 non
1620 5023 1779 5076 item:

202 5119 365 5187 ipsum
392 5120 471 5174 sic
498 5126 788 5172 venturum
812 5155 829 5181 ,
860 5124 907 5169 et
940 5129 1006 5168 ex
1052 5112 1185 5165 ca-lo
1214 5113 1635 5181 exspectandum
1662 5128 1784 5168 esse

205 5213 403 5281 dicunt;
434 5209 781 5284 quandonatn
813 5190 940 5262 vero
962 5248 977 5273 ,
1018 5207 1067 5261 id
1112 5215 1308 5261 ument.
1340 5207 1421 5262 Ab
1471 5207 1560 5260 illo
1604 5217 1782 5262 autem

261 5441 276 5470 ι
310 5440 391 5495 qui
416 5434 659 5486 clauditur
682 5432 872 5481 uncinis
909 5430 1043 5479 locus
1071 5431 1158 5485 ,sic
1181 5430 1387 5477 habetur
1426 5430 1473 5477 in
1517 5430 1785 5480 (ἐι-ωιτη

205 5514 265 5561 ut,
279 5509 349 5550 ω..
364 5508 454 5549 ιὼς
474 5505 623 5563 assus;
645 5507 711 5563 τῂν
731 5501 890 5555 πατριδι
912 5505 1048 5553 potis,
1075 5505 1307 5563 dini-.0329
1331 5497 1373 5563 ἦν
1393 5518 1404 5547 ;
1428 5504 1631 5563 quorum
1670 5504 1784 5563 sen-

205 5530 349 5561 ‘u'mu
366 5530 454 5549 ιω
474 5530 623 5552 um
652 5530 710 5563 3,1
737 5530 890 5555 κεν-νι-
912 5530 1048 5553 μνη-ν,
1075 5530 1105 5543 ,υ
1128 5530 1307 5562 Γ-ι,.νῖ-σ
1335 5530 1343 5538 ν
1361 5530 1371 5539 ι
1394 5532 1404 5547 ,
1466 5530 1541 5539 υ-ν-
1555 5530 1631 5561 wn...
1670 5530 1759 5539 ..ιν--

205 5572 282 5611 sus
305 5572 378 5613 est
414 5576 426 5607 :
455 5557 581 5620 Quid
606 5568 737 5604 etum
759 5567 950 5603 necesse
982 5559 1087 5602 erat
1110 5556 1126 5611 (
1152 5530 1499 5663 amulos},
1525 5565 1608 5615 qut
1652 5560 1783 5603 certe

206 5625 404 5663 nutrimen
426 5631 570 5663 nmm
619 5623 811 5663 norant.
835 5614 966 5663 illius
988 5627 1160 5663 nomen
1184 5628 1201 5661 ι
1286 5627 1377 5663 tre.
1406 5626 1501 5663 nisi
1528 5621 1578 5662 ut
1597 5613 1782 5663 anaelis

206 5625 404 5683 ptth
426 5613 570 5683 suam
619 5623 811 5673 norant,
835 5614 966 5665 illius
988 5627 1160 5663 nomen
1184 5613 1377 5672 audire,
1406 5613 1501 5663 nisi
1528 5613 1578 5662 ut
1597 5613 1782 5678 angelis

480 5680 503 5711 9

480 5685 503 5711 ίὶ

206 5685 567 5794 πξάῖζξὲξ-είεεο
591 5740 774 5801 legitur
798 5751 1069 5801 ιοὶαιτευόντων.
1095 5736 1239 5801 Alius
1253 5736 1436 5798 legisse
1458 5736 1647 5784 videtur
1666 5750 1780 5785 ualu-

208 5820 338 5861 :.n....,
360 5808 440 5867 qui
468 5804 617 5853 vertit
650 5798 1006 5867 cristigttntittitt.
1041 5808 1203 5867 nostra
1231 5798 1504 5867 It-etiocuut
1529 5802 1756 5867 sequenti

208 5870 287 5916 ιω,
308 5859 463 5931 magis
485 5859 1003 5917 consentit'c'vidctur.
1038 5860 1121 5908 Illa
1150 5869 1308 5908 tamen
1334 5859 1423 5909 alia
1451 5862 1564 5909 ferri
1592 5868 1773 5920 poswt.

1880 530 2187 597 spectaculo
2213 537 2486 597 evocatos,
2514 530 2672 585 dictis
2718 532 2831 587 suis
2870 540 3103 587 attentos
3133 533 3382 593 reddunt.
3413 550 3468 587 ttt

1879 637 1948 676 ne
1976 623 2229 691 quoniam
2256 622 2538 677 Dominum
2560 622 2672 693 jam
2702 625 2885 679 videre
2916 639 3022 679 non
3054 634 3299 693 poterant
3326 668 3343 691 ,
3372 643 3469 697 pu-

1881 718 2054 766 tarent
2114 713 2285 781 ipsum
2338 727 2444 768 non
2496 715 2850 779 ascendisse;
2896 724 3059 786 utque
3111 717 3230 773 illos
3287 718 3470 773 verbis

1878 804 1990 859 suis
2060 806 2470 875 prtemunirent.
2543 804 2676 861 Nam
2727 808 2771 861 si
2817 808 2964 876 prius
3014 807 3307 877 dicebant,
3354 810 3467 878 Quo

1880 895 2022 949 vadis
2057 894 2251 965 (Joan.
2282 898 2370 951 13.
2396 897 2465 953 56
2486 896 2550 967 )τ
2600 898 2770 953 multo
2799 900 2967 970 magis
2996 916 3139 957 nunc
3178 902 3463 971 dixissent,

1882 985 2026 1040 Num
2078 988 2131 1040 in
2190 988 2555 1055 temporehoc
2597 990 2829 1044 restitues
2884 1007 3096 1061 regnum
3144 991 3356 1047 Israel?
3398 994 3474 1048 Ita

1880 1076 2019 1131 illius
2049 1080 2513 1133 mansuetudinem
2536 1089 2819 1146 noverant,
2839 1090 2897 1135 ut
2920 1091 3040 1150 post
3063 1084 3366 1151 passionem
3385 1084 3471 1138 in-

1881 1178 2212 1239 terrogarent
2238 1170 2406 1234 illum,
2441 1169 2584 1225 Num
2611 1172 2844 1227 restitues
2874 1174 2901 1227 Ρ
2929 1176 3089 1243 Atqui
3121 1176 3269 1246 prius
3315 1176 3465 1232 dixe-

1879 1271 1961 1316 rat
1991 1262 2115 1327 illis,
2145 1263 2380 1318 Audituri
2406 1264 2521 1319 estis
2542 1266 2673 1320 bella
2707 1275 2756 1321 et
2780 1267 3046 1335 opiniones
3070 1267 3314 1323 bellorum
3340 1285 3359 1323 :
3385 1276 3474 1325 sed

1880 1353 2104 1407 nondum
2130 1354 2249 1422 ﬁnis
2278 1353 2490 1425 (Marc.
2517 1356 2605 1411 15.
2634 1358 2668 1413 'l
2690 1355 2733 1427 ),
2764 1373 2940 1429 neque
2981 1358 3317 1431 Jerosolytna
3350 1369 3477 1416 tunc

1879 1445 2138 1514 capietur.
2163 1445 2316 1501 Nunc
2351 1456 2532 1503 autem
2574 1447 2644 1504 de
2684 1464 2855 1521 regno
2881 1450 3244 1521 interregant,
3271 1467 3377 1507 non
3408 1454 3474 1507 dc

1880 1539 2363 1594 consummatione.
2394 1540 2645 1611 Alioquin
2676 1557 2806 1597 vero
2850 1554 2971 1612 post
3014 1548 3471 1601 resurrectionem

1882 1643 1987 1683 non
2044 1629 2231 1716 longos
2280 1645 2403 1686 cum
2462 1632 2567 1688 illis
2623 1648 2901 1690 sermones
2951 1633 3134 1691 habet.
3183 1636 3346 1706 Igitur
3398 1639 3475 1693 illi

1880 1721 2026 1777 velut
2075 1722 2444 1779 celebritatem
2499 1733 2820 1795 sperantes,
2876 1738 3280 1797 percontantur.
3352 1729 3472 1800 Ipse

1882 1827 2010 1867 vero
2052 1828 2159 1868 non
2209 1812 2446 1870 declarat
2493 1830 2561 1870 an
2604 1815 2951 1872 restituturus
2998 1819 3069 1871 sit
3118 1835 3307 1874 necne.
3342 1819 3476 1888 Qua:

1880 1906 2173 1961 necessitas
2201 1907 2365 1971 enim,
2396 1918 2452 1963 ut
2482 1907 2558 1963 illi
2585 1909 2689 1964 hoc
2729 1910 3041 1966 discerent?
3078 1911 3201 1967 Ideo
3228 1912 3329 1969 hoc
3362 1930 3478 1971 me-

1883 2005 2093 2052 tuentes
2139 1998 2215 2053 illi
2258 2014 2365 2054 non
2412 2001 2547 2055 ultra
2590 2000 2777 2057 dicunt
2811 2020 2824 2054 :
2862 2002 3013 2069 Quod
3055 2004 3256 2073 signum
3280 2004 3475 2061 adven-

1880 2098 1960 2143 tus
1988 2089 2080 2155 tui,
2112 2100 2157 2143 et
2186 2092 2630 2146 consummationis
2658 2094 2831 2146 seculi
2864 2092 3075 2165 (Matth.
3108 2094 3197 2151 24.
3226 2095 3326 2167 3)?
3354 2096 3474 2161 sed,

1884 2176 2027 2231 Num
2076 2179 2307 2233 restitues
2332 2196 2547 2251 regnum
2571 2179 2785 2237 Israel?
2826 2183 3217 2241 Existimabam
3243 2187 3387 2242 enim
3424 2187 3477 2243 id

1877 2269 1985 2339 jam
2016 2269 2229 2326 adesse.
2260 2271 2378 2340 Ipse
2407 2286 2537 2327 vero
2568 2275 2618 2327 in
2648 2273 2917 2343 parabolis
2939 2276 3251 2333 ostenderat
3280 2278 3331 2333 id
3370 2294 3479 2334 non

1881 2376 2049 2432 prope
2075 2376 2198 2417 esse
2226 2378 2238 2415 :
2271 2370 2326 2417 et
2348 2361 2459 2431 jam
2487 2362 2574 2418 ubi
2598 2364 3015 2436 interrogaruut,
3046 2367 3357 2438 respondet,
3380 2369 3480 2423 Ac-

1880 2454 2075 2525 cipietis
2115 2454 2346 2509 virtutem
2378 2456 2775 2525 supervenientis
2803 2453 3039 2525 'Spirittts
3082 2459 3248 2513 sancti
3285 2461 3341 2513 in
3371 2475 3478 2517 vos.

1881 2543 2263 2599 Animadverte
2290 2544 2431 2614 quod
2453 2545 2674 2613 dixerit,
2696 2544 3131 2617 Supervenientis,
3151 2566 3280 2616 non,
3300 2550 3480 2616 Missi;

1883 2644 1939 2690 ut
1964 2650 2149 2705 parem
2188 2635 2450 2692 honorem
2482 2637 2811 2694 ostenderet.
2842 2638 3123 2706 Quomodo
3160 2657 3291 2713 ergo
3311 2685 3327 2710 ,
3360 2642 3480 2714 Spi-

1884 2730 2017 2784 ritus
2043 2730 2216 2785 sancti
2246 2730 2461 2786 inimice
2482 2772 2499 2799 ,
2529 2730 2698 2786 audes
2738 2732 2886 2787 illum
2914 2733 3096 2790 dicere
3135 2740 3484 2792 creaturam?

1883 2820 1950 2875 Et
1975 2821 2114 2875 eritis
2139 2822 2264 2875 mihi
2290 2831 2456 2877 testes.
2487 2822 2921 2894 Assumptionetn
2943 2826 3299 2883 subindicavit
3326 2847 3338 2882 :
3372 2830 3483 2885 imo

1884 2914 2059 2982 potius
2090 2913 2144 2968 id
2167 2956 2184 2981 ,
2216 2913 2359 2985 quod
2400 2915 2513 2983 jam
2542 2915 2827 2971 audierant
2851 2958 2866 2983 ,
2895 2916 2948 2971 in
2980 2928 3214 2974 mentem
3243 2932 3478 2975 revocat.

1882 3003 1998 3059 Jatn
2028 3014 2308 3061 ostensum
2334 3015 2419 3061 est
2447 3007 2619 3077 ipsum
2652 3008 2705 3062 in
2735 3008 2900 3063 emlos
2943 3012 3274 3068 aSCcttdissc.
3309 3013 3483 3071 Nubes

1882 3104 1929 3149 et
1955 3096 2121 3167 caligo
2160 3098 2253 3151 sub
2279 3097 2491 3166 pedibus
2520 3100 2633 3170 ejus
2662 3098 2680 3168 (
2720 3097 2864 3153 Psal.
2898 3099 2986 3156 96.
3017 3102 3051 3155 2
3074 3102 3117 3173 ),
3153 3104 3345 3173 inquit,
3376 3123 3485 3179 quo

1884 3190 2217 3260 signiﬁcatur
2246 3190 2378 3245 illud
2405 3209 2417 3245 :
2452 3190 2633 3245 Nubes
2660 3193 2881 3261 suscepit
2905 3210 3017 3247 eum
3049 3237 3064 3261 ,
3091 3211 3288 3266 nempe
3323 3198 3486 3252 Caelo-

1885 3297 2001 3336 rum
2071 3282 2353 3336 Dominum
2405 3299 2419 3335 :
2467 3297 2649 3352 regem
2704 3298 2936 3353 namque
2992 3284 3229 3342 declarat
3295 3304 3486 3346 currus

1884 3376 2063 3442 regius
2108 3390 2122 3428 :
2170 3375 2250 3429 sic
2307 3374 2382 3428 illi
2437 3374 2640 3430 missus
2693 3383 2777 3429 est
2815 3391 3007 3431 currus
3058 3379 3258 3448 regius,
3304 3390 3362 3435 ut
3418 3400 3485 3437 ne

1883 3463 2009 3533 quid
2043 3464 2195 3519 triste
2225 3463 2558 3534 loqueretur,
2602 3478 2736 3519 neve
2775 3465 2825 3519 id
2868 3466 2972 3520 illis
3007 3469 3310 3537 accideret,
3343 3474 3483 3541 quod

1884 3554 2519 3625 Eliscro,qui,assumpto
2547 3555 2824 3626 tnagidro,
2865 3558 3096 3613 tunicam
3128 3559 3341 3615 discidit
3390 3561 3480 3634 (4.

1885 3650 2011 3720 Reg.
2044 3648 2099 3701 2.
2136 3648 2247 3717 19.).
2278 3648 2417 3716 Quid
2441 3663 2566 3703 vero
2586 3648 2773 3703 dicunt
2797 3651 3011 3721 angeli?
3062 3651 3161 3706 llic
3188 3653 3358 3718 Jcsus,
3396 3661 3483 3725 qui

1883 3755 2171 3811 assumptus
2197 3750 2269 3795 est
2296 3757 2329 3793 a
2356 3742 2492 3794 vobis
2515 3742 2569 3794 in
2599 3740 2779 3795 cadunt
2806 3742 2880 3795 sic
2907 3743 3067 3799 veniet
3086 3760 3105 3808 ;
3124 3754 3198 3807 et,
3231 3744 3363 3799 Ecce
3383 3747 3486 3801 duo

1884 3834 1976 3885 viri
1999 3832 2298 3885 adstiterant
2320 3832 2440 3885 illis.
2469 3830 2599 3887 Jure
2623 3831 2862 3901 quidem.
2892 3832 3026 3888 Nam
3052 3838 3104 3888 in
3136 3850 3229 3890 ore
3256 3836 3483 3891 duorum

1887 3924 2101 3980 testium
2130 3923 2290 3978 stabit
2319 3937 2479 3977 omne
2506 3924 2726 3978 verbum
2760 3926 2777 3994 (
2803 3924 2953 3978 Deut.
2984 3926 3072 3979 17.
3100 3925 3178 3995 6).
3210 3926 3277 3981 Ει
3308 3927 3361 3981 hi
3388 3943 3485 3983 ea-

1884 4018 2005 4073 dem
2038 4018 2150 4086 ipsa
2180 4016 2490 4085 loquuntur.
2524 4014 2591 4068 In
2626 4026 2777 4081 veste,
2812 4016 3021 4087 inquit,
3050 4017 3185 4071 alba.
3217 4018 3489 4087 Quemad-

1886 4110 2101 4166 modum
2125 4110 2237 4178 jam
2265 4118 2389 4162 ante
2418 4108 2483 4162 ad
2526 4118 2932 4163 monumentum
2963 4110 3211 4179 angelum
3241 4112 3488 4165 viderant

1887 4205 1937 4258 in
1963 4202 2199 4257 vestibus
2227 4200 2439 4271 l'ulgidis
2464 4243 2479 4265 ,
2508 4201 2596 4270 qui
2638 4200 2880 4270 przrdixit
2913 4201 3017 4255 illis
3047 4202 3171 4271 quid
3223 4203 3276 4258 in
3303 4204 3485 4259 animo

1885 4302 2161 4350 versarent
2186 4293 2203 4364 (
2237 4291 2424 4347 Matth.
2454 4291 2543 4348 28.
2572 4292 2662 4347 25.
2694 4293 2745 4346 4.
2778 4294 2812 4348 5
2839 4296 2855 4363 )
2883 4312 2895 4347 :
2924 4294 3001 4349 sic
3026 4302 3082 4349 et
3106 4296 3487 4366 assmnptionis

1885 4388 2000 4455 ejus
2034 4403 2209 4457 praeco
2238 4386 2462 4454 angelus
2490 4396 2594 4440 est.
2624 4386 2776 4454 Quod
2826 4387 2985 4440 etiam
3034 4387 3310 4457 propheta:
3339 4403 3485 4459 εωρο

1887 4480 2263 4550 prmdixerant,
2281 4489 2337 4533 ut
2355 4490 2404 4535 et
2426 4494 2489 4534 ea
2510 4495 2628 4549 qua:
2651 4482 3101 4546 resurrectionem
3124 4482 3459 4552 spectabant‘

1958 4574 2012 4628 6.
2046 4572 2254 4643 Ubique
2284 4572 2453 4641 angeli
2481 4572 2648 4626 nuntii
2674 4583 2799 4627 sunt
2828 4589 2840 4624 :
2874 4573 2952 4628 sic
2992 4574 3042 4628 in
3077 4574 3277 4642 natali,
3309 4576 3386 4629 sic
3416 4577 3483 4629 ad

1890 4666 2107 4721 Mariam
2130 4707 2144 4730 ,
2176 4665 2255 4719 sic
2282 4666 2332 4717 in
2379 4665 2773 4720 resurrectione
2792 4705 2807 4730 ,
2835 4666 3163 4737 perindeque
3192 4669 3243 4721 in
3270 4682 3483 4722 assunt-

1891 4759 2069 4828 ptionc
2093 4777 2105 4812 :
2128 4758 2236 4812 imo
2261 4758 2420 4813 etiam
2454 4759 2505 4811 in
2534 4758 2773 4813 secundo
2794 4759 3024 4813 adventu
3054 4761 3226 4830 angeli
3252 4775 3481 4830 praecur-

1890 4863 2070 4906 rentes
2100 4850 2441 4905 videbuntur.
2467 4847 2598 4903 Cum
2628 4848 2893 4903 dixissent
2928 4860 3104 4905 autem
3124 4894 3138 4917 ,
3172 4849 3272 4904 llic
3290 4850 3444 4905 Iesus
3469 4895 3482 4916 ,

1888 4944 1972 5012 qui
2000 4953 2289 5013 assumptus
2314 4950 2387 4995 est
2410 4960 2439 4995 a
2470 4942 2626 5007 vobis,
2658 4957 2725 4997 ne
2750 4952 3155 4998 consternarent
3176 4944 3319 5010 illos,
3343 4945 3486 5016 adji-

1890 5038 2053 5100 ciunt,
2088 5036 2177 5091 Sic
2202 5036 2381 5089 veniet.
2408 5035 2626 5090 Paulum
2649 5036 2979 5106 respirarunt
3002 5036 3282 5092 audientes
3314 5040 3486 5108 ipsum

1890 5130 2185 5186 rediturum
2206 5114 2345 5190 esse,
2367 5139 2416 5183 et
2435 5129 2511 5183 sic
2532 5128 2849 5190 rediturum,
2875 5144 2971 5182 nee
2994 5130 3325 5185 inaccessum
3350 5130 3485 5187 fore.

1892 5222 2021 5277 Illud
2053 5236 2200 5277 vero.
2236 5220 2277 5272 Α
2309 5220 2475 5282 vobis,
2509 5234 2613 5273 non
2644 5220 2761 5274 sine
2790 5234 2947 5273 causa
2978 5220 3220 5285 additur;
3249 5221 3341 5276 sed
3370 5223 3484 5290 ejus

1890 5330 2010 5384 erga
2043 5314 2161 5367 illos
2188 5328 2427 5367 antorem
2468 5312 2701 5366 declarat
2722 5352 2736 5375 ,
2770 5322 2822 5365 et
2861 5312 3179 5367 electionem
3212 5315 3446 5381 ipsorum
3469 5357 3483 5383 ,

1892 5405 2168 5473 innuitque
2200 5420 2301 5456 non
2333 5404 2640 5457 relicturum
2670 5416 2789 5455 esse
2809 5418 2902 5455 eos
2924 5419 3057 5469 quos
3077 5404 3257 5474 elegit.
3291 5405 3489 5460 Resur—

1891 5496 2145 5551 rectionis
2162 5510 2289 5563 ergo
2306 5510 2415 5547 sua:
2436 5494 2546 5562 ipse
2562 5494 2713 5547 testis
2733 5492 2830 5546 fuit
2848 5493 2979 5564 (imo
2998 5508 3203 5557 eorum,
3225 5511 3344 5563 qum
3363 5507 3485 5553 ante

1956 5677 1971 5707 ι
2008 5674 2150 5723 Alius
2182 5675 2254 5722 sic
2291 5674 2647 5736 ὶιιῴιξιλφιιοαΔ
2670 5680 2832 5736 autem
2866 5673 3114 5736 propheta:
3138 5674 3271 5723 illam
3297 5691 3484 5727 assum-

1890 5736 2096 5801 ptionent
2120 5748 2211 5784 non
2228 5733 2553 5801 prajtlixerint
2578 5732 2699 5801 nihil
2721 5732 3003 5801 parandum
3032 5748 3047 5783 :
3074 5749 3483 5801 supervacaneum

1891 5795 2016 5849 enim
2052 5805 2155 5847 erat
2203 5795 2263 5846 tle
2300 5795 2383 5844 illa
2420 5796 2671 5851 speciatim
2715 5796 2885 5857 loqui,
2928 5795 3321 5857 quandoquidem
3378 5801 3482 5860 ipsa

1894 5870 1935 5909 et
1963 5860 2252 5911 resurrectio
2280 5872 2373 5908 una
2391 5868 2433 5907 ct
2452 5860 2622 5908 eadem
2647 5860 2927 5921 cogitatione
2953 5860 3446 5919 compret'tendmuur.
