4092 6476
587 437 649 492 3!
1354 425 1408 477 S.
1448 419 1718 477 JOANNIS
1755 406 2219 469 CIIRYSOSTOMI
2262 402 2573 457 ARCIIIEP.
2615 394 3138 455 CONSTANTINUP.
3758 386 3835 441 ὃς

585 558 820 620 partum,
856 554 1011 614 atque
1036 540 1194 595 etiam
1224 546 1343 607 post
1383 545 1585 604 partum
1624 529 1990 596 contigerunt,
2024 520 2149 575 illud

588 610 815 692 maxime
840 610 1136 689 mirandum
1158 668 1175 692 ,
1204 625 1342 695 quod
1370 625 1600 691 seipsunt
1631 614 1983 672 suscitaverit.
2021 610 2149 663 Nam

583 728 656 781 ait
683 749 695 781 ;
725 726 914 781 Solvite
937 722 1174 791 templum
1216 718 1307 770 ltoc
1326 757 1339 778 ,
1370 724 1415 768 et
1448 713 1501 765 in
1540 712 1693 762 tribus
1722 706 1893 759 diebus
1927 702 2147 755 excitabo

584 819 715 873 illud
769 816 946 885 (Joan.
983 814 1036 868 2.
1072 812 1201 880 l9):
1237 809 1469 861 futurum
1511 811 1685 856 autem
1733 797 2013 851 adventum
2053 806 2150 844 an-

583 909 687 981 geli
719 883 787 964 ita
816 906 1068 969 indicant,
1098 903 1186 957 Sic
1212 899 1388 954 venia.
1411 896 1467 950 Si
1496 894 1613 963 quis
1632 904 1759 960 ergo
1784 886 2048 943 Christum
2070 883 2150 934 vi-

586 974 712 1059 dere
743 1004 915 1071 cupit:
945 1002 988 1054 si
1015 997 1131 1068 quis
1159 996 1303 1049 dolct
1329 992 1469 1063 quod
1502 990 1646 1044 illum
1678 999 1780 1039 non
1809 979 2039 1035 viderit:
2071 974 2152 1026 his

586 1066 1198 1158 nudata-admirandam
1224 1086 1383 1139 vitam
1408 1080 1687 1141 exhibeat,
1726 1085 1781 1131 et
1815 1073 1894 1127 sic
1913 1066 2147 1129 videbit,

589 1201 687 1241 nec
706 1182 974 1239 abcrrabit
1002 1197 1029 1233 a
1056 1193 1239 1248 scopo.
1268 1176 1399 1230 Nam
1431 1188 1549 1228 cum
1579 1169 1777 1238 majore
1801 1173 2054 1218 venturus
2072 1166 2154 1212 est

585 1276 784 1345 gloria;
813 1272 906 1328 sed
934 1271 1012 1327 sic
1039 1286 1159 1326 cum
1185 1268 1341 1332 nube,
1374 1265 1451 1320 sic
1471 1277 1589 1317 cum
1619 1270 1840 1328 corpore
1870 1274 1882 1308 :
1911 1266 1972 1306 ac
2000 1252 2153 1317 longe

588 1364 882 1419 mirabilius
923 1362 1024 1416 erit
1046 1360 1124 1414 sic
1163 1360 1330 1427 ipsum
1365 1352 1546 1407 videre
1571 1350 1637 1403 de
1666 1348 1796 1402 ctelo
1821 1339 2150 1398 descenden-

586 1465 730 1521 tem,
775 1468 929 1522 quam
971 1466 998 1503 a
1042 1460 1177 1503 terra
1222 1446 1616 1501 ascendentem.
1660 1436 1952 1492 Venturum
1998 1430 2154 1498 igitur

587 1548 870 1601 dixerunt:
900 1558 999 1611 qua
1031 1556 1156 1594 vero
1180 1539 1247 1593 de
1271 1551 1426 1591 causa
1458 1544 1710 1587 venturus
1739 1528 1839 1587 sit,
1874 1540 1976 1605 non
2003 1520 2150 1573 addi-

588 1639 799 1692 derunt.
837 1636 945 1689 Hoc
974 1630 1416 1686 resurrectionem
1456 1623 1755 1679 continuat.
1788 1617 1842 1672 Si
1872 1614 2009 1669 enim
2035 1625 2152 1665 cum

587 1741 806 1795 carpam
830 1731 1130 1792 assumptus
1147 1702 1236 1774 est
1255 1760 1268 1783 ,
1294 1717 1457 1771 multo
1483 1713 1649 1783 magis
1675 1726 1792 1765 cum
1819 1718 2039 1774 corpore
2072 1716 2155 1756 re—

588 1816 835 1871 surrexit.
865 1814 1085 1869 Ubinam
1125 1818 1249 1865 sunt
1276 1810 1344 1873 ii,
1375 1806 1461 1875 qui
1491 1798 1865 1858 resurrectioni
1900 1810 2001 1849 non
2034 1808 2153 1847 cre-

588 1907 750 1960 dunt?
778 1906 865 1975 qui
889 1912 1013 1958 sunt
1039 1903 1141 1964 illi,
1174 1901 1259 1955 die
1287 1899 1413 1953 mihi
1434 1937 1447 1961 ,
1480 1895 1705 1965 gentiles
1746 1906 1810 1943 an
1837 1883 2156 1942 Christiani?

590 1999 647 2053 id
689 2007 833 2052 certe
884 1994 1097 2059 nescio;
1148 1994 1252 2046 imo
1301 1989 1471 2058 potius
1518 1986 1684 2056 probe
1731 1982 1871 2036 novi.
1920 1976 2155 2033 Gentiles

589 2088 783 2158 quippe
806 2095 962 2149 sunt,
1007 2082 1098 2153 qui
1140 2079 1391 2136 creationi
1426 2092 1533 2131 non
1561 2073 1801 2129 credunt.
1834 2064 2156 2123 Eorumdem

588 2179 733 2232 enim
760 2185 861 2241 est,
892 2190 996 2229 non
1028 2169 1317 2227 concedere
1335 2210 1347 2234 ,
1378 2168 1539 2222 Deum
1580 2177 1734 2233 posse
1758 2157 1953 2229 aliquid
1981 2171 2045 2210 ex
2074 2154 2155 2208 ni-

590 2268 703 2321 hilo
734 2279 937 2330 creare,
970 2272 1023 2318 et
1043 2275 1255 2331 negare,
1288 2260 1454 2330 ipsum
1477 2270 1633 2325 posse
1653 2268 1714 2307 ea
1735 2251 2012 2311 suscitare,
2038 2259 2157 2315 qua:

591 2356 795 2425 sepulta
826 2364 967 2407 sunt.
994 2350 1191 2406 Deinde
1212 2349 1411 2418 pudore
1438 2345 1631 2407 allecti,
1662 2340 1799 2412 quod
1830 2354 1934 2393 non
1962 2348 2159 2405 cogno-

589 2454 742 2499 scant
768 2444 1014 2496 virtutem
1044 2440 1160 2506 Dei,
1195 2453 1260 2492 ne
1288 2436 1407 2491 ideo
1433 2436 1763 2495 incusentur,
1792 2429 1974 2485 dicunt
1998 2445 2012 2479 :
2041 2425 2155 2480 Non

592 2536 713 2591 ideo
739 2535 837 2588 hoc
860 2534 1102 2598 dicimus,
1125 2530 1217 2586 sed
1242 2529 1382 2599 quod
1403 2540 1627 2596 corpore
1654 2538 1757 2579 non
1784 2523 1852 2576 sit
1873 2534 2022 2590 opus.
2051 2519 2158 2587 Ap-

595 2625 762 2692 posite
790 2622 1014 2684 dicntur,
1067 2620 1266 2673 Stultus
1310 2617 1461 2671 stulta
1506 2616 1733 2683 loquetur
1759 2610 1777 2682 (
1801 2610 1922 2663 lsai.
1952 2608 2039 2663 '52.
2066 2606 2155 2677 6).

590 2714 708 2770 Non
728 2729 821 2769 vos
852 2714 1030 2783 pudet.
1063 2712 1171 2765 Deo
1198 2716 1507 2779 potestatem
1538 2703 1746 2758 auferre
1773 2700 1968 2771 aliquid
1989 2716 2051 2754 ex
2082 2699 2134 2753 ni

592 2807 702 2861 hilo
726 2805 976 2861 creandi?
1001 2804 1055 2858 Si
1076 2817 1141 2857 ex
1168 2796 1623 2870 praeexistentibus
1640 2805 1808 2859 creat,
1831 2793 1883 2847 iu
1906 2807 2010 2863 quo
2033 2804 2159 2860 ergo

591 2899 767 2954 dill‘ert
784 2899 851 2953 ab
878 2894 1208 2951 hominibus?

663 2991 846 3044 Contra
876 2987 1183 3041 Manichwos
1207 2986 1285 3038 hic.
1310 2983 1535 3055 pluribus
1555 2984 1752 3052 agit.—
1770 2978 1875 3036 Sed
1900 2978 2057 3042 unde,
2082 2976 2158 3030 in-

596 3082 802 3151 quiunt,
834 3079 1010 3134 mala?
1042 3082 1120 3132 An
1148 3078 1267 3147 quia
1294 3078 1504 3146 ignoras
1533 3074 1690 3138 unde,
1720 3071 1863 3127 aliud
1887 3071 2048 3126 debes
2078 3069 2159 3122 in-

595 3174 793 3227 ducere
837 3171 1030 3225 malum
1078 3172 1127 3223 in
1176 3169 1476 3237 cognitione
1523 3164 1817 3219 malorum?
1860 3164 1972 3217 Duo
2020 3158 2160 3215 enim

595 3262 720 3317 hinc
754 3260 980 3314 absurda
1008 3267 1327 3328 sequuntur;
1359 3256 1582 3311 alterum
1615 3253 1752 3323 quod
1780 3252 1857 3306 sic
1893 3251 2036 3320 loqui
2064 3264 2161 3303 au-

595 3352 724 3407 deas
756 3373 768 3407 :
801 3367 918 3406 nam
950 3352 994 3403 si
1040 3363 1199 3418 negas
1229 3349 1389 3402 Deum
1418 3362 1481 3402 ex
1521 3345 1687 3401 nihilo
1728 3358 1943 3404 creare,
1995 3339 2163 3393 multo

594 3443 762 3511 magis
801 3440 1065 3511 ignorabis
1093 3437 1231 3492 unde
1256 3437 1390 3490 mala
1422 3436 1562 3490 sint:
1597 3436 1821 3487 alterum
1850 3446 1994 3495 vero,
2024 3428 2163 3499 quod

597 3532 674 3587 sic
701 3532 981 3600 ingenitam
1013 3528 1262 3582 malitiam
1287 3525 1429 3579 dicas
1456 3524 1551 3595 (a).
1576 3524 1755 3592 Cogita
1784 3538 1939 3590 quam
1971 3535 2166 3590 opero-

599 3639 715 3677 sum
745 3624 830 3688 sit,
857 3621 1051 3676 fontem
1081 3620 1338 3674 malorum
1369 3617 1624 3687 reperire,
1659 3616 1799 3669 hunc
1820 3616 2080 3685 ignorare,
2112 3622 2166 3669 et

600 3716 825 3769 alterum
858 3712 977 3766 huic
1000 3709 1214 3765 addere.
1249 3706 1438 3774 Quaare
1467 3708 1604 3761 unde
1630 3706 1764 3759 mala
1793 3706 2038 3769 veniant,
2069 3717 2167 3757 nec

601 3802 934 3871 blaspbentcs
962 3810 1140 3855 contra
1173 3799 1353 3852 Deum.
1387 3796 1662 3866 Quomodo
1702 3794 2045 3863 blaspheme?
2084 3792 2163 3845 in-

601 3893 789 3962 quies?
830 3889 964 3957 Quid
989 3888 1157 3944 dicis?
1197 3904 1302 3942 non
1333 3885 1668 3955 blasphemas
1687 3925 1701 3949 ,
1730 3883 1939 3953 quando
1969 3881 2166 3936 malum

601 3984 807 4039 inducis
832 3981 1157 4053 ingenitum?
1183 3993 1303 4034 cum
1333 3979 1407 4033 illi
1430 3986 1740 4047 potestatem
1768 3976 1952 4029 tribuis
1979 3975 2169 4029 divinae

600 4092 783 4148 parem
802 4119 815 4138 ,
850 4075 1094 4128 virtutem
1120 4072 1375 4127 malorum
1407 4069 1701 4141 mqualem?
1740 4069 2029 4137 lugenitum
2055 4083 2168 4123 ma-

603 4167 735 4219 lum.
770 4163 903 4218 Vide
930 4162 1055 4234 quid
1082 4162 1275 4218 Paulus
1303 4162 1442 4216 dicat
1466 4180 1477 4212 :
1511 4160 1791 4215 Invisibilia
1818 4160 1948 4212 enim
1979 4159 2135 4226 ipsius
2153 4202 2168 4226 ,

606 4275 639 4310 a
666 4268 897 4311 creatura
925 4255 1118 4318 mundi,
1148 4271 1234 4324 per
1254 4271 1310 4308 ea
1340 4270 1449 4324 qua:
1474 4256 1607 4325 facta
1632 4262 1746 4306 sunt
1774 4252 2025 4305 intellecta
2055 4268 2175 4304 cou-

607 4350 888 4419 spiciuntur
916 4348 933 4417 (
958 4348 1102 4402 llam.
1137 4348 1186 4402 1.
1215 4346 1326 4417 20).
1355 4344 1509 4401 Certe
1535 4346 1775 4400 diabolus
1803 4354 2021 4415 utraque
2046 4344 2175 4399 dicit

612 4456 731 4495 esse
761 4455 827 4494 ex
856 4439 1071 4494 materia
1093 4481 1108 4504 ,
1139 4448 1194 4491 ut
1225 4438 1363 4492 nulla
1393 4452 1457 4492 ex
1494 4452 1551 4491 re
1578 4438 1739 4491 Deum
1770 4450 2169 4505 cognoscamus.

610 4534 746 4601 Quid
776 4532 917 4586 enim
936 4572 949 4596 ,
979 4544 1179 4598 quaeso,
1205 4528 1467 4583 dillicilius
1492 4538 1609 4591 est,
1656 4527 1705 4581 id
1734 4527 1871 4597 quod
1900 4538 2079 4580 natura
2107 4527 2175 4579 sit

610 4624 807 4678 malum
835 4622 1011 4676 facere
1039 4621 1263 4675 bonum‘
1293 4636 1307 4680 ;
1340 4621 1381 4673 si
1414 4629 1586 4673 tamen
1626 4618 1787 4671 ullum
1830 4627 1910 4671 est
1955 4618 2177 4687 (loquor

613 4719 756 4772 enim
796 4715 1081 4771 seetmdum
1112 4722 1341 4767 vestram
1382 4713 1684 4779 Opinionem
1713 4728 1725 4763 :
1758 4718 1940 4763 natura
1983 4711 2177 4778 quippe

615 4807 748 4863 nihil
779 4813 952 4875 potest
977 4805 1086 4858 fieri
1120 4802 1347 4867 malum,
1380 4801 1517 4870 quod
1548 4800 1699 4854 bouis
1736 4800 1803 4852 sit
1831 4797 2175 4869 adjumento),

614 4915 682 4952 an
713 4909 895 4951 creare
921 4909 987 4948 ex
1024 4908 1128 4947 non
1167 4890 1527 4947 exstantibus?
1556 4889 1688 4954 Quid
1727 4896 1809 4942 est
1840 4888 2042 4941 facilius
2072 4888 2178 4953 (de

615 4988 868 5058 qualitate
890 4984 1121 5053 loquor),
1144 4996 1207 5035 an
1233 4982 1533 5049 qualitatem
1556 4994 1671 5047 quae
1694 4993 1795 5031 non
1817 4978 1887 5031 sit
1908 4978 2175 5039 inducere,

616 5090 707 5132 aut
736 5093 854 5147 qua:
883 5075 949 5128 sit
977 5075 1025 5127 in
1055 5071 1376 5127 contrarium
1405 5067 1645 5122 mutare?
1674 5067 1796 5135 quid
1831 5065 2055 5130 facilius,
2088 5066 2179 5118 do-

679 5213 696 5244 ¹
735 5210 788 5259 In
812 5221 908 5256 uno
929 5206 1098 5255 Codice
1122 5203 1325 5265 legitur,
1351 5202 1405 5251 id
1439 5201 1563 5265 quod
1599 5205 1775 5265 natura
1817 5204 1878 5265 stt
1912 5197 2089 5245 malum
2111 5199 2182 5265 [at

621 5260 1460 5350 cereltnalum.‘Ouininq'asse‘ntior
1483 5260 1687 5350 Donauit
1729 5262 2020 5350 co'njectupaz
2060 5261 2179 5350 3’.th

621 5341 717 5350 "“‘
743 5344 833 5350 ““‘
879 5344 952 5350 “"-
982 5344 990 5350 -
1011 5336 1090 5350 --ιιι
1177 5337 1300 5350 Ληιιη
1340 5337 1417 5350 ...η
1476 5337 1490 5350 .
1554 5335 1644 5350 nun
1709 5335 1769 5350 nn
1796 5334 1882 5350 nr"
1926 5334 1961 5350 ι.
2006 5333 2080 5350 mn
2106 5334 2179 5350 "nl

618 5321 855 5397 saviliutn,
874 5330 954 5397 qui
982 5333 1115 5390 putat
1155 5325 1418 5386 legendum
1438 5360 1451 5384 ,
1476 5323 1527 5372 id
1552 5322 1677 5385 quod
1709 5328 1883 5370 natura
1923 5321 1981 5369 sit
2006 5321 2182 5368 mu'wu

619 5391 977 5457 {acerelgontinu

682 5451 887 5515 ((011120
910 5458 1013 5515 erat
1033 5446 1393 5515 Manichaeorum
1416 5447 1592 5515 Opinio,
1616 5445 1698 5506 qui
1722 5441 1961 5515 malitiam,
1981 5455 2067 5489 seu
2088 5457 2182 5487 ma-

619 5506 749 5573 lum,
768 5526 859 5561 non
886 5512 1029 5568 nasci,
1054 5513 1139 5557 sed
1168 5520 1365 5573 semper
1391 5507 1637 5573 exstitisse
1651 5506 1904 5573 putabant.
1934 5510 2108 5549 Bonum
2134 5512 2184 5551 ct

622 5568 800 5625 malum
839 5574 983 5621 deum
1027 5582 1138 5617 esse
1181 5568 1494 5627 asserebant,
1530 5569 1612 5627 qui
1650 5568 1777 5627 inter
1810 5577 1865 5613 se
1893 5572 2181 5627 [ugnarenL

624 5624 756 5695 Quod
783 5636 960 5695 erroris
984 5637 1244 5695 mopstrum
1276 5636 1394 5676 ante
1428 5624 1598 5695 Christi
1630 5626 1885 5695 adventum
1906 5624 2039 5695 apud
2067 5638 2186 5695 gen-

621 5686 735 5763 tiles
757 5697 804 5744 in
828 5694 1034 5763 tﬁgypto
1055 5690 1245 5763 fuerat,
1279 5703 1371 5749 qua
1411 5689 1475 5735 de
1509 5702 1571 5763 re
1596 5688 1869 5763 t’lutareltus
1906 5688 1953 5733 in
1980 5686 2103 5763 tua“?
2124 5687 2185 5735 de

626 5746 752 5807 lside
778 5765 827 5804 et
843 5746 1045 5807 osirile.
1078 5751 1200 5799 lnl'ra
1218 5746 1410 5813 Quoque
1434 5754 1599 5798 centra
1622 5749 1903 5799 Manichzcos
1924 5756 2020 5808 agit
2040 5746 2184 5811 Chry-

625 5828 873 5869 οοςιοωυδ.

2260 532 2401 569 mum
2432 529 2547 583 qua:
2574 527 2681 568 non
2720 511 2785 565 sit
2812 520 3017 565 struere
3038 550 3052 574 ,
3089 521 3154 561 an
3182 505 3445 559 desertam
3486 513 3785 556 restaurare

2258 607 2475 660 Planum
2506 612 2587 657 est
2629 602 2755 656 illud
2784 614 2901 655 esse
2944 599 3162 653 facilius.
3207 596 3343 665 Ergo
3373 595 3471 648 hoc
3502 593 3835 663 impossibile

2255 707 2367 761 est;
2391 697 2529 749 sicut
2553 704 2731 749 autem
2760 694 2858 746 hoe
2886 691 2996 745 ficri
3028 691 3227 759 nequit,
3260 691 3328 743 ita
3351 699 3401 742 et
3430 688 3555 741 illud
3579 686 3837 755 itnpossi-

2259 790 2359 841 bile
2386 797 2497 850 est,
2522 800 2712 853 nempe
2739 784 2791 838 in
2817 782 3138 836 contrarium
3170 779 3377 848 operari

2326 882 2377 934 5.
2414 879 2509 932 Dic
2537 877 2685 941 mihi,
2713 874 2838 945 quid
2869 872 3130 927 difﬁcilius
3157 879 3237 925 est
3256 911 3270 935 ,
3307 878 3624 938 unguentum
3654 867 3837 921 conli—

2255 988 2397 1035 cere,
2422 980 2514 1024 aut
2540 970 2651 1024 luto
2677 968 2781 1021 vim
2809 965 3023 1029 inferre,
3053 972 3105 1016 ut
3127 976 3187 1016 ea
3210 976 3327 1031 qua:
3352 969 3672 1029 unguentum
3700 972 3837 1028 ope-

2259 1064 2440 1119 retur?
2471 1062 2681 1126 Utrum,
2709 1072 2906 1129 quazso,
2950 1070 3133 1111 eorum
3163 1052 3367 1107 facilius
3400 1050 3519 1107 est?
3545 1048 3834 1120 (quando-

2257 1156 2468 1225 quidem
2503 1154 2665 1207 Deum
2693 1148 2985 1205 ratiociniis
3024 1145 3219 1200 nostris
3260 1142 3605 1213 subjicimus;
3636 1149 3691 1195 at
3718 1156 3833 1194 non

2259 1259 2375 1309 nos,
2408 1244 2576 1305 absit;
2605 1241 2699 1296 sed
2724 1254 2820 1297 vos
2846 1239 2896 1293 id
2922 1236 3116 1306 facitis)
3145 1234 3329 1289 oculos
3358 1232 3617 1295 formare,
3651 1246 3717 1285 au
3747 1230 3833 1283 fa-

2258 1351 2411 1399 cere,
2442 1343 2500 1388 ut
2529 1348 2700 1388 caecus
2726 1346 2946 1385 manens
2974 1341 3146 1382 caecus
3179 1325 3386 1389 videat,
3419 1332 3471 1377 et
3497 1322 3701 1376 acutius
3743 1321 3834 1374 vi-

2259 1430 2414 1483 dente
2435 1469 2447 1489 ,
2477 1427 2709 1481 cateitate
2743 1423 2809 1477 ad
2840 1423 3013 1476 visum
3057 1428 3254 1481 utatur,
3298 1416 3553 1471 surditate
3579 1414 3644 1468 ad
3671 1412 3832 1467 audi-

2262 1521 2408 1573 tum?
2438 1519 2656 1571 Videtur
2699 1513 2827 1570 mihi
2873 1515 3019 1584 prius
3064 1510 3189 1566 illud
3238 1509 3465 1565 facilius.
3509 1506 3660 1573 Quod
3698 1519 3835 1573 ergo

2258 1611 2523 1664 difﬁcilius
2544 1619 2653 1669 est.
2690 1609 2796 1662 Deo
2820 1605 3093 1669 concedis,
3122 1602 3261 1673 quod
3303 1601 3505 1655 facilius
3533 1615 3638 1654 non
3662 1600 3787 1655 item
3806 1604 3835 1650 Υ

2261 1701 2363 1756 Sed
2394 1700 2519 1769 quid
2548 1699 2598 1752 in
2628 1699 2708 1751 his
2736 1696 2957 1751 insisto?
2985 1695 3153 1749 Etiam
3179 1693 3382 1746 animas
3412 1692 3593 1746 dicunt
3614 1705 3676 1744 ex
3704 1689 3834 1743 sub.

2260 1792 2448 1845 stantia
2476 1790 2571 1844 Dei
2601 1803 2735 1843 csse.
2768 1791 2832 1841 At
2859 1787 2975 1840 vide
2995 1793 3184 1855 quanta
3215 1783 3369 1851 impia
3397 1791 3449 1836 et
3477 1783 3631 1835 stulta
3656 1782 3835 1849 prole-

2262 1895 2394 1938 tant.
2429 1885 2557 1937 Dum
2583 1882 2806 1951 probare
2833 1882 3091 1944 nituntur,
3122 1879 3255 1930 mala
3287 1892 3350 1930 ex
3382 1876 3487 1929 Deo
3515 1888 3654 1936 esse,
3687 1872 3836 1926 aliud

2260 1976 2428 2044 magis
2464 1973 2680 2042 impium
2721 1970 3011 2023 inducunt:
3042 1983 3162 2022 nam
3196 1967 3280 2019 illa
3324 1966 3422 2034 ipsi
3453 1973 3834 2031 contempora-

2261 2083 2399 2129 nea,
2458 2079 2556 2119 nec
2609 2064 2771 2118 Deum
2827 2062 2927 2116 illis
2975 2059 3329 2128 antiquiorem
3384 2070 3504 2110 esse
3556 2063 3829 2117 Statuunt,

2264 2167 2460 2213 tantam
2505 2156 2606 2209 illis
2646 2154 3045 2224 praerogativam
3081 2151 3209 2205 dare
3237 2164 3341 2203 non
3371 2147 3544 2201 veriti.
3583 2144 3836 2201 Secundo

2261 2251 2420 2303 etiam
2449 2248 2699 2302 malitiam
2727 2252 2967 2299 statuunt
2998 2241 3369 2297 immortalem.
3398 2237 3549 2305 Quod
3577 2237 3717 2291 enim
3749 2237 3836 2290 in-

2260 2340 2493 2411 genitum
2525 2348 2624 2402 est,
2647 2352 2931 2405 numquam
2961 2335 3159 2390 interit.
3186 2332 3388 2386 Videtis
3408 2329 3792 2399 blasphemiam
3813 2329 3838 2381 ?

2262 2434 2441 2503 itaque
2466 2445 2683 2485 necesse
2708 2439 2822 2495 est,
2854 2438 2943 2481 aut
2984 2425 3114 2480 nihil
3142 2441 3168 2477 a
3196 2425 3305 2479 Deo
3332 2437 3478 2489 esse;
3512 2432 3603 2475 aut
3644 2422 3687 2474 si
3719 2422 3839 2476 haec

2261 2539 2366 2579 non
2389 2530 2532 2585 sunt,
2558 2537 2625 2576 ne
2658 2521 2819 2575 Deum
2849 2518 3059 2587 quidem
3081 2530 3219 2570 esse.
3253 2515 3453 2578 Tertio,
3478 2512 3660 2581 utjam
3686 2511 3795 2565 dixi
3818 2552 3834 2574 ,

2262 2615 2387 2669 hinc
2417 2615 2492 2669 illi
2513 2628 2692 2668 secum
2725 2618 2987 2681 pugnant,
3016 2617 3070 2661 et
3106 2607 3360 2676 majorem
3400 2604 3491 2657 Dei
3522 2604 3572 2657 in
3606 2616 3664 2657 se
3694 2600 3836 2655 indi-

2263 2708 2562 2780 gnationem
2597 2712 2898 2774 provocant.
2930 2700 3159 2767 Quarto,
3192 2698 3330 2767 quod
3359 2697 3481 2750 huic
3525 2709 3629 2748 non
3656 2693 3837 2747 subsi-

2263 2800 2420 2855 stenti
2452 2795 2682 2852 materim
2704 2802 2901 2851 tantam
2927 2792 3029 2845 vim
3054 2790 3301 2844 tribuant.
3325 2788 3540 2855 Quinto,
3564 2785 3704 2857 quod
3733 2800 3842 2839 ma:

2264 2892 2427 2945 litiam
2460 2888 2707 2943 bonitatis
2753 2886 2843 2940 Dei
2889 2898 3098 2937 causam
3131 2882 3291 2935 fuisse
3330 2881 3539 2944 dicant,
3589 2876 3841 2947 quodque

2263 2982 2377 3035 sine
2404 2981 2499 3033 hac
2522 3020 2534 3041 ,
2569 2980 2746 3039 aiunt,
2791 2975 2957 3029 bonus
2993 2973 3079 3027 ille
3108 2986 3213 3025 non
3253 2978 3394 3024 esset
3429 2970 3614 3022 bonus.
3648 2955 3835 3031 Sexto,

2265 3072 2404 3142 quod
2433 3071 2569 3122 viam
2594 3068 2744 3120 nobis
2772 3065 3095 3134 pl‘tBCiUdillll
3123 3061 3460 3131 perveniendi
3490 3061 3555 3115 ad
3579 3061 3843 3130 cognitio-

2266 3180 2387 3219 nem
2419 3162 2531 3217 Dei.
2557 3160 2814 3230 Scptimo,
2836 3159 2975 3228 quod
2998 3158 3161 3211 Deum
3184 3156 3247 3209 ad
3274 3155 3515 3209 homines
3549 3153 3839 3219 deducant,

2268 3256 2375 3308 imo
2400 3253 2464 3307 ad
2495 3252 2701 3323 plantas
2720 3260 2774 3304 et
2794 3250 2953 3318 ligna.
2984 3248 3189 3301 Etenim
3208 3246 3250 3298 si
3272 3246 3442 3298 anima
3460 3252 3638 3297 nostra
3659 3258 3722 3297 cx
3744 3243 3841 3297 Dei

2266 3346 2558 3402 subStantia
2580 3354 2681 3407 est,
2703 3341 2992 3409 eademque
3014 3337 3187 3392 anima
3204 3335 3463 3405 demigrat
3483 3335 3534 3388 in
3560 3333 3700 3387 varia
3718 3348 3843 3385 cor-

2275 3452 2430 3507 pora,
2465 3438 2516 3489 in
2554 3431 2959 3492 cucumeres,‘in
2992 3442 3241 3499 peponas,
3278 3428 3327 3480 in
3355 3440 3513 3494 cepas
3543 3443 3554 3477 :
3587 3438 3714 3493 ergo
3744 3423 3842 3477 Dei

2272 3531 2469 3599 pariter
2484 3526 2775 3582 substantia
2796 3526 2846 3578 in
2869 3534 3179 3577 cucumeres
3196 3520 3323 3574 abit.
3342 3518 3454 3573 Jam
3478 3517 3520 3570 si
3548 3517 3847 3571 dixerimus

2268 3620 2518 3689 Spiritum
2539 3626 2777 3673 sanctum
2794 3613 3101 3670 etl'ormasse
3128 3612 3378 3680 templum
3398 3610 3448 3663 in
3475 3607 3711 3678 Virgine,
3743 3622 3847 3662 nos

2272 3713 2343 3766 illi
2362 3710 2630 3765 derident:
2648 3710 2691 3763 si
2713 3707 2971 3768 dicamus,
2987 3704 3253 3757 habitasse
3273 3702 3323 3755 in
3344 3700 3602 3770 spirituali
3620 3707 3723 3754 tem
3733 3700 3844 3769 plo,

2274 3817 2457 3858 rursus
2478 3802 2717 3855 irrident.
2742 3799 2853 3854 Nec
2875 3796 3037 3867 pudet
3057 3797 3175 3849 illos
3198 3794 3289 3848 Dei
3310 3794 3659 3848 substantiam
3682 3793 3733 3846 in
3753 3808 3852 3847 cu-

2272 3908 2534 3957 cmneres,
2557 3893 2607 3945 in
2632 3903 2882 3960 peponas,
2905 3889 2956 3943 in
2981 3901 3211 3951 muscas,
3238 3885 3465 3939 brucltos
3482 3892 3536 3939 et
3553 3884 3734 3938 asinos
3750 3883 3852 3939 de-

2273 3985 2487 4049 ducere,
2520 3998 2653 4036 nova
2683 3980 2992 4036 idololatrim
3013 3977 3190 4047 specie
3212 3986 3436 4045 reperta.
3464 3980 3532 4031 At
3560 3990 3662 4029 non
3689 3990 3848 4045 cepa,

2275 4077 2461 4146 inquit,
2483 4078 2533 4129 in
2558 4074 2667 4128 Deo
2690 4083 2800 4136 est;
2828 4070 2921 4126 sed
2947 4071 3083 4124 Deus
3105 4069 3157 4122 in
3180 4083 3338 4137 cepa:
3358 4082 3530 4136 neque
3550 4067 3691 4120 enim
3715 4082 3849 4135 cepa

2279 4168 2416 4221 Deus
2433 4166 2609 4220 fuerit.
2625 4166 2732 4219 Cur
2753 4162 2949 4231 refugis
2963 4160 3053 4214 Dei
3066 4160 3502 4229 demigrationem
3522 4158 3570 4211 in
3585 4173 3809 4227 corpora
3828 4159 3853 4211 ζ’

2279 4258 2469 4327 Turpis
2492 4271 2575 4312 res
2601 4264 2702 4319 est,
2734 4256 2918 4323 inquit.
2943 4250 3102 4305 Multo
3128 4260 3272 4304 certe
3299 4249 3501 4317 turpius
3528 4249 3627 4302 hoc
3654 4258 3755 4302 est.
3780 4251 3855 4302 At

2280 4366 2383 4404 non
2418 4347 2586 4416 turpis
2627 4360 2712 4400 res
2754 4352 2854 4398 est.
2882 4339 3197 4410 Quomodo?
3225 4337 3661 4406 Quandoquidem
3707 4338 3749 4390 si
3795 4337 3852 4391 in

2280 4440 2431 4493 nobis
2456 4437 2561 4500 ﬁat,
2591 4450 2717 4489 vere
2742 4442 2891 4501 turpe
2910 4441 3010 4487 est.
3038 4429 3304 4484 Videtisne
3327 4430 3504 4482 necent
3530 4426 3855 4495 impietatis?

2281 4533 2386 4587 Sed
2415 4547 2508 4584 cur
2537 4529 2717 4582 nolunt
2743 4541 2939 4594 corpus
2982 4521 3297 4592 resurgere?
3341 4517 3472 4586 Quid
3506 4517 3592 4572 hic
3632 4518 3856 4572 dicent?

2282 4623 2412 4689 Quia
2437 4633 2628 4687 corpus
2654 4617 2785 4671 mala
2809 4630 2893 4669 res
2915 4612 3030 4669 est?
3059 4614 3122 4666 Et
3144 4610 3429 4680 quomodo,
3458 4623 3653 4677 quaeso,
3684 4609 3853 4663 Deum

2284 4712 2459 4768 nosti?
2490 4711 2627 4764 unde
2652 4724 2825 4761 terum
2856 4704 3091 4757 notitiam
3122 4701 3319 4755 habes?
3345 4700 3459 4765 Quo
3499 4710 3651 4768 pacto
3680 4698 3854 4768 philo-

2284 4804 2480 4873 seplnts
2511 4809 2586 4855 cst
2619 4796 2999 4868 philosophus,
3033 4794 3075 4846 si
3114 4792 3238 4845 nihil
3278 4790 3437 4845 ellicit
3473 4789 3704 4857 corpus?
3748 4789 3855 4844 De-

2284 4904 2430 4947 strue
2470 4906 2685 4953 sensus,
2728 4898 2780 4942 et
2819 4886 2965 4941 disce
3003 4882 3194 4951 aliquid
3232 4896 3413 4935 eorum
3444 4895 3563 4949 qua!
3603 4879 3739 4934 scire
3774 4890 3861 4933 est

2285 5000 2437 5053 Opus.
2463 4982 2595 5049 Quid
2618 4989 2792 5033 autem
2818 4974 3153 5044 ittsipicntitts
3174 4982 3313 5027 eSSCl
3334 4972 3531 5033 anima,
3557 4970 3599 5023 si
3616 4968 3683 5024 ab
3706 4970 3862 5023 initio

2287 5090 2473 5131 sensus
2513 5075 2732 5128 haberet
2764 5070 3011 5125 vitiatos?
3048 5068 3178 5122 Nam
3225 5069 3269 5121 si
3312 5081 3413 5119 una
3443 5065 3684 5135 corporis
3710 5077 3862 5133 parte

2290 5168 2499 5231 vitiata,
2532 5178 2723 5231 nempe
2758 5160 2996 5226 cerebro,
3028 5169 3134 5213 tota
3174 5160 3284 5227 ipsa
3316 5156 3557 5222 laeditur;
3587 5157 3630 5209 si
3662 5164 3860 5210 ctetera

2287 5271 2497 5327 quoque
2527 5255 2799 5317 vitientur,
2843 5252 2894 5304 in
2939 5266 3043 5320 quo
3084 5250 3228 5303 utilis
3266 5248 3405 5302 erit?
3449 5246 3681 5302 Ostende
3728 5244 3860 5300 mihi

2289 5350 2519 5401 animam
2547 5347 2660 5399 sine
2685 5357 2925 5411 corpore.
2952 5344 3136 5395 Annon
3166 5339 3315 5393 audis
3342 5338 3577 5393 medicos
3599 5340 3861 5406 dicentes,

2292 5439 2504 5491 Morbus
2533 5435 2874 5489 vehementer
2899 5431 3145 5484 obscurat
3171 5429 3439 5483 animam?
3463 5429 3749 5499 Quousque
3770 5443 3865 5483 vos

2291 5531 2622 5599 strangulare
2661 5524 2953 5581 dill‘eretis?
2984 5524 3147 5586 Num,
3181 5537 3361 5590 qua-so
3383 5564 3398 5591 ,
3439 5538 3634 5591 corpus
3658 5537 3723 5575 ex
3750 5535 3867 5575 ma-

2296 5624 2424 5678 teria
2452 5620 2570 5674 est?
2600 5618 2761 5671 Recte
2787 5615 3019 5685 quidem.
3045 5613 3185 5681 Ergo
3208 5614 3374 5681 ipsum
3400 5615 3576 5667 odisse
3594 5613 3861 5683 oportuit:

2295 5728 2527 5781 curergo
2548 5712 2716 5779 ipsum
2738 5709 2857 5771 alis,
2876 5723 2972 5761 cur
2990 5705 3167 5759 foves?
3186 5706 3257 5774 (α)
3278 5706 3439 5777 [Ergo
3460 5708 3682 5776 teipsum
3706 5707 3878 5763 inter-

2363 5808 2434 5868 (α)
2470 5812 2580 5863 Quae
2604 5802 2789 5851 uncinis
2815 5800 3101 5850 clauduntur
3117 5798 3293 5847 desunt
3319 5799 3365 5847 in
3390 5800 3672 5861 quibusdam
3694 5809 3783 5852 uss
3802 5842 3815 5857 .
