4092 6468
192 410 248 464 EI
1178 418 1245 471 ΙΝ
1284 418 1462 473 ACTA
1504 416 2053 476 APOSTOLORUM.
2093 421 2327 478 IIOMIL.
2363 424 2427 479 ΙΙ.
3385 429 3454 484 5'2

187 525 286 594 τὴν
337 522 642 578 ἀνάστασιν
682 526 904 595 βεϐαιοῖ.
955 528 1013 581 Ιεξί
1071 531 1176 600 γάρ
1212 533 1350 601 μετά
1379 532 1632 602 σώματος
1679 533 1770 584 ἀν-

189 614 417 684 ελήφθη,
467 615 650 685 πολλῷ
686 617 882 686 μᾶλλον
934 619 1071 687 μετά
1118 619 1370 690 σώματος
1403 623 1623 693 ἀνέστη.
1659 621 1765 675 Ποῦ

188 706 325 759 εἰσιν
370 707 420 758 οί
465 705 874 771 διαπιστουντες
916 712 982 780 τῇ
1023 711 1346 776 ἀναστάσεις
1381 713 1523 775 τίνες
1593 711 1766 775 sui»;

189 795 306 849 εἰπέ
335 813 458 865 μοι’
484 797 764 867 Ἕλληνες,
793 799 826 868 ἢ
848 800 1187 871 Χριστιανοί;
1212 803 1391 870 ἀγνοῶ
1412 805 1520 873 γάρ
1573 802 1772 871 μᾶλλον

187 885 244 939 δὲ
281 883 400 940 οἶδα
449 889 712 958 ἀκριϐῶς.
749 890 1005 962 Ἕλληνες
1053 893 1162 964 γάρ
1193 895 1350 957 εἰσιν,
1390 895 1439 946 οἰ
1471 893 1565 946 καὶ
1590 896 1654 964 τῇ
1678 893 1773 964 δη-

193 977 454 1048 μιουργία
480 979 580 1048 τῆς
612 981 842 1044 κτίσεως
870 981 1296 1046 διαπιστοῦντες.
1321 984 1440 1037 Τῶν
1461 985 1568 1054 γὰρ
1595 985 1773 1039 αὐτῶν

190 1069 303 1119 ἐστι
337 1068 414 1138 μὴ
445 1075 750 1141 συγχωρεῖν
774 1072 834 1135 ἐξ
882 1073 982 1126 οὐκ
1029 1075 1198 1127 δντων
1227 1079 1401 1128 ποιεῖν
1427 1093 1479 1127 τι
1521 1075 1598 1145 τῷ
1629 1075 1769 1146 Θεῷ,

191 1159 284 1211 καὶ
312 1159 386 1212 τά
401 1161 634 1229 κείμενα
662 1161 737 1232 μὴ
769 1162 950 1231 λέγειν
978 1165 1141 1219 αὐτὸν
1159 1167 1400 1237 ἀνιστᾷν.
1429 1161 1564 1220 Εἶτα
1586 1169 1774 1238 αἰσχυο

191 1250 430 1318 νόμενοι,
463 1252 545 1303 δτι
575 1252 674 1305 οὐκ
699 1254 845 1307 ίσασι
871 1255 973 1324 τὴν
1017 1254 1245 1325 δύναμιν
1271 1255 1366 1308 τοῦ
1393 1257 1551 1320 Θεοῦ,
1586 1258 1673 1311 ἵνα
1699 1259 1772 1329 μὴ

191 1341 347 1394 τοῦτο
389 1343 754 1409 ἐγκαλῶνται,
789 1347 954 1412 φασίν
973 1363 989 1380 ⁸
1021 1349 1094 1400 Οὐ
1126 1347 1214 1402 διὰ
1240 1349 1398 1411 τοῦτο
1421 1349 1592 1404 ταῦτα
1624 1349 1777 1416 λέγο-

194 1452 309 1502 μεν,
342 1436 460 1488 ἀλλ’
492 1439 573 1490 δτι
605 1439 664 1491 οὐ
711 1439 870 1509 χρεία
921 1439 1190 1510 σώματος.
1245 1440 1516 1512 Εὐκαιρον
1561 1440 1776 1512 ἀληθῶς

193 1527 400 1580 εἰπεῖν’
463 1529 518 1580 '0
551 1529 664 1597 γὰρ
691 1529 889 1598 μωρὸς
929 1531 1095 1598 μωρὰ
1129 1532 1409 1598 λαλήσει.
1443 1533 1555 1584 Οὐκ
1584 1532 1773 1601 αἰσχύ-

192 1617 344 1670 νεσθε
375 1619 433 1684 ἐξ
471 1621 570 1672 οὐκ
603 1621 770 1674 ὄντων
800 1622 952 1674 οὐδὲν
993 1622 1228 1686 διδόντες
1279 1626 1450 1676 ποιεῖν
1491 1623 1581 1676 τὸν
1610 1623 1772 1687 Θεόν;

195 1709 252 1762 El
271 1710 328 1763 δὲ
359 1709 418 1777 ἐξ
447 1711 617 1764 ὄντων
648 1715 812 1777 ποιεῖ,
842 1713 894 1764 τί
923 1712 1167 1784 διαφέρει
1192 1713 1296 1766 τῶν
1332 1715 1665 1785 ἀνθρώπων;

273 1848 433 1900 Ἀλλά
461 1847 649 1913 πόθεν,
675 1851 829 1919 φησὶ,
855 1850 926 1902 τά
951 1849 1130 1914 κακά;
1168 1849 1258 1918 Μὴ
1291 1849 1418 1918 γάρ.
1449 1849 1637 1916 ἐπειδὴ
1675 1851 1774 1902 οὐκ

193 1935 335 2002 οἶδας
365 1939 554 2004 πόθεν,
589 1941 774 2011 ἕτερον
813 1942 1047 2008 ὀφείλεις
1078 1941 1389 2008 ἐπεισάγειν
1419 1940 1588 1993 κακὸν
1618 1944 1673 1993 ἐν
1708 1945 1772 2011 τῇ

194 2029 386 2097 γνώσει
438 2032 549 2084 τῶν
579 2033 796 2098 κακῶν,;
830 2033 932 2086 Δύο
964 2033 1071 2103 γὰρ
1105 2035 1311 2100 γίνεται
1341 2033 1545 2085 ἄτοπα·
1581 2031 1638 2083 ἓν
1675 2032 1775 2102 μὲν

194 2119 302 2184 οὖν,
323 2124 406 2176 ὅτι
435 2123 596 2177 τοῦτο
615 2124 793 2201 λέγειν
819 2126 1023 2195 τολμᾷς
1043 2143 1054 2154 ·
1081 2126 1128 2177 εί
1160 2124 1268 2194 γὰρ
1297 2125 1369 2193 μὴ
1403 2125 1578 2191 λέγεις
1604 2123 1662 2189 ἐξ
1678 2125 1778 2176 οὐκ

193 2213 356 2265 δντων
383 2215 454 2268 τά
491 2215 637 2268 ὄντα
670 2217 845 2268 ποιεῖν
888 2215 978 2267 τὸν
1027 2215 1180 2277 Θεὸν,
1227 2213 1406 2282 πολλῷ
1452 2213 1653 2282 μᾶλλον
1679 2214 1779 2266 οὐκ

194 2301 309 2371 εῐση
343 2302 511 2354 πόθεν
558 2302 628 2355 τά
684 2302 858 2354 κακά’
892 2302 1079 2370 ἓτερον
1108 2301 1183 2360 δὲ,
1230 2301 1312 2352 ὅτι
1362 2300 1626 2369 ἀγένητον
1681 2299 1778 2370 τὴν

197 2392 436 2444 κακίανι
465 2392 633 2445 τοῦτο
667 2391 841 2458 λέγων
874 2392 1134 2458 εἰσάγεις.
1177 2391 1481 2459 Ἐννόησον,
1509 2389 1631 2444 ὅσον
1663 2391 1779 2442 ἐστί

198 2483 445 2550 χαλεπὸν,
495 2483 817 2553 βουλόμενον
867 2485 1046 2552 εὐρεῖν
1074 2483 1172 2552 τὴν
1205 2483 1388 2553 πηγὴν
1421 2483 1530 2536 τῶν
1569 2481 1777 2544 κακῶν,

197 2576 395 2644 ταύτην
424 2594 486 2628 τε
517 2577 806 2646 ἀγνοῆσαι,
837 2577 932 2629 καὶ
988 2576 1182 2648 ἑτέραν
1215 2576 1530 2646 προσθεῖναι
1561 2577 1700 2645 αὐτῇ
1723 2575 1774 2628 ι).

202 2666 354 2736 Ζήτει
384 2668 554 2722 πόθεν
587 2667 656 2720 τά
697 2667 864 2731 κακὰ,
895 2668 990 2720 καὶ
1036 2669 1109 2738 μὴ
1155 2667 1464 2738 βλασφήμει
1497 2668 1589 2720 τὸν
1622 2666 1773 2720 Θεόν.

202 2759 306 2812 Καὶ
335 2758 452 2821 πῶς
513 2757 842 2830 βλασφημῶ,
902 2759 1068 2830 φησί;
1101 2759 1165 2811 Τί
1209 2759 1501 2827 λέγεις;οὐ
1535 2759 1777 2828 βλασφη-

206 2853 339 2920 μεῖς,
388 2852 522 2904 ὃταν
555 2851 819 2920 ἀγένητον
855 2852 1084 2921 εἰσάγῃς
1141 2851 1201 2902 τὸ
1235 2852 1441 2914 κακόν;
1478 2852 1606 2902 ὅταν
1667 2849 1779 2901 ῖσον

202 2945 452 2998 δῦνασθαι
492 2944 571 3015 τῷ
600 2943 719 3014 Θεῷ
750 2947 1070 3014 συγχωρῇς;
1113 2945 1239 2996 ὅταν
1274 2942 1519 3011 ἰσοσθενῆ
1553 2941 1780 3010 δύναμιν

205 3040 418 3110 εἰσάγῃς
467 3040 578 3092 τῶν
612 3039 835 3103 κακῶν;
868 3039 996 3091 ὅταν
1045 3037 1340 3104 ἀγένητον;
1375 3036 1516 3107 Ὅρα
1569 3035 1699 3105 γάρ,
1725 3035 1780 3087 τί

206 3147 357 3200 φησιν
377 3133 406 3182 ὁ
428 3129 662 3193 Παῦλος⁹
691 3130 769 3183 Τὰ
795 3129 902 3198 γὰρ
923 3128 1144 3196 ἀόρατα
1171 3129 1246 3180 αὐ
1257 3126 1358 3180 τοῦ
1378 3127 1496 3180 ἀπὸ
1530 3127 1780 3192 κτίσεως

207 3221 426 3288 κόσμου
483 3220 611 3286 τοῖς
659 3220 951 3288 ποιήμασι
1002 3219 1302 3287 νοούμενα
1339 3216 1677 3285 καθορᾶται.
1722 3217 1780 3269 '0

209 3311 382 3378 μέντοι
401 3311 649 3374 διάϐολος
674 3311 960 3380 ἀμφότερα
984 3311 1183 3381 ἔφησεν
1219 3308 1356 3364 εἶναι
1386 3311 1486 3380 τῆς
1511 3309 1662 3380 ὕλης,
1695 3309 1782 3363 ἵνα

211 3400 513 3472 μηδαμόθεν
560 3401 745 3454 λοιπὸν
781 3400 872 3453 τὸν
893 3399 1027 3452 Θεὸν
1053 3399 1388 3469 ἐπιγνῶμεν.
1424 3400 1488 3451 Τί
1515 3399 1623 3468 γὰρ
1655 3399 1781 3453 δυσ-

209 3491 497 3561 κολώτερον
519 3511 532 3555 ;
554 3491 676 3544 είπέ
699 3507 810 3561 μοι*
844 3496 867 3525 ε
892 3491 955 3543 τὸ
980 3491 1137 3559 φύσει
1169 3491 1338 3543 κακὴν
1367 3489 1529 3542 καλὸν
1559 3492 1782 3559 ποιῆσαι

210 3581 280 3647 (εἴ
298 3583 358 3649 γέ
387 3583 574 3636 τίέστι
594 3599 607 3612 ’
637 3581 759 3636 καθ’
795 3583 940 3653 ὑμᾶς
965 3581 1074 3652 γάρ
1095 3581 1239 3649 λέγω
1258 3598 1272 3612 ο
1309 3581 1469 3651 φύσει
1499 3581 1606 3651 γὰρ
1632 3581 1782 3635 οὐδὲν

211 3673 315 3726 ἐστι
362 3675 586 3744 ποιῆσαι
643 3676 813 3728 κακὸν
847 3673 1013 3727 καλοῦ
1067 3673 1373 3745 συνεργὸν),
1428 3675 1462 3745 ἢ
1491 3674 1551 3728 τὸ
1595 3675 1654 3739 ἐξ
1683 3675 1784 3727 οὐκ

208 3761 395 3831 δντωνς
428 3768 494 3820 Τί
515 3766 881 3836 εὐκολώτερον
919 3766 1018 3837 (ὡς
1044 3767 1137 3818 ἐπὶ
1166 3767 1450 3836 ποιότητος
1475 3766 1661 3837 λέγω),
1686 3767 1782 3838 τὴν

213 3857 302 3910 οὐκ
334 3854 498 3913 οὖσαν
553 3858 824 3929 ποιότητα
871 3858 1260 3928 εἰσαγαγεῖν,ἢ
1294 3859 1394 3917 τὴν
1423 3853 1589 3910 οὖσαν
1625 3875 1784 3926 μετα-

216 3946 384 4001 ϐαλεῖν
421 3953 501 4014 εἰς
541 3949 604 4002 τὸ
645 3948 920 4011 ἐναντίονς
948 3948 1001 4000 τί
1026 3945 1413 4018 εὐκολώτερον,
1434 3947 1534 4016 τὴν
1569 3948 1669 4000 οὐκ
1697 3943 1785 4000 06-

217 4055 306 4092 σαν
324 4042 497 4096 οἰκίαν
525 4042 771 4110 ποιῆσαι,
793 4041 827 4111 ἢ
849 4039 946 4110 τὴν
970 4039 1177 4111 ἔρημον
1202 4034 1365 4091 οὖσαν
1392 4037 1596 4093 ἀνωθεν
1619 4039 1785 4108 ἐργά-

219 4130 401 4184 σασθαι
419 4147 433 4194 ;
451 4129 711 4198 Εὔδηλον,
738 4130 821 4182 ὅτι
845 4131 1042 4183 ἐκεῖνο.
1073 4128 1282 4181 Οὐκοῦν
1306 4128 1464 4182 τοῦτο
1501 4129 1782 4183 ἀδύνατον.

221 4220 417 4292 Ὥσπερ
443 4218 540 4276 οὖν
559 4221 718 4274 τοῦτο
751 4222 1056 4290 ἀμήχανον,
1084 4219 1227 4274 οὕτω
1267 4221 1360 4274 καὶ
1390 4222 1567 4274 ἐκεῖνο
1593 4221 1782 4274 ἀδύναέ

219 4329 318 4376 την,
345 4315 422 4378 είς
451 4316 509 4368 τὸ
530 4313 772 4368 ἐναντίον
803 4312 949 4382 λέγω
981 4313 1042 4366 τὸ
1069 4314 1333 4383 ἐνεργεῖν.

285 4427 340 4482 ε’.
360 4429 488 4482 Εἰπέ
509 4447 622 4500 μοι,
641 4427 694 4481 τί
714 4427 1113 4498 δυσκολώτερον
1131 4443 1146 4492 ;
1169 4426 1338 4498 μύρον
1357 4428 1783 4491 κατασκευάσαι,

221 4519 251 4588 ἢ
276 4519 358 4572 τὸν
386 4520 648 4592 βόρϐορον
683 4518 1059 4590 βιάσασθσιτά
1089 4518 1184 4571 τοῦ
1206 4518 1378 4589 μύρου
1406 4519 1783 4590 ἐργάσασθαι;

225 4610 282 4662 Τί
304 4611 684 4682 εὐκολώτερον,
720 4611 842 4664 εἰπέ
889 4627 1001 4680 μοι,
1032 4608 1237 4662 τούτων
1275 4610 1483 4680 (ἐπειδὴ
1513 4612 1625 4672 τοῖς
1655 4611 1788 4679 ἡμε-

225 4703 386 4772 τέροις
435 4705 719 4774 λογισμοῖς
771 4703 862 4755 τὸν
904 4701 1036 4758 Θεὸν
1085 4699 1496 4771 ὐποϐάλλομεν,
1553 4701 1667 4753 ἀλλ’
1692 4701 1790 4772 οὐχ

227 4797 401 4865 ἡμεῖς’
433 4796 506 4868 μὴ
551 4796 790 4864 γένοιτο·
824 4793 937 4847 ἀλλ’
977 4795 1178 4863 ὑμεῖς),
1205 4793 1516 4863 ὀφθαλμοὺς
1565 4792 1788 4857 πλάσαι,

228 4887 256 4956 ἢ
286 4887 476 4956 τυφλὸν
513 4887 741 4957 ποιῆσαι
779 4884 995 4956 βλέπειν
1026 4885 1257 4955 μένοντα
1291 4885 1513 4954 τυφλὸν,
1549 4887 1642 4938 καὶ
1677 4885 1794 4950 6&0-

230 4978 522 5050 ωπέστερον
539 4978 634 5032 τοῦ
654 4977 962 5048 βλέποντος.
979 4979 1073 5031 καὶ
1087 4981 1151 5048 τῇ
1173 4977 1458 5048 τυφλότητι
1475 4981 1792 5050 ἀποχρήσα-

233 5068 343 5122 σθαι
357 5069 470 5142 [2|]
487 5072 569 5134 είς
595 5063 800 5138 βλέψιν,
831 5070 924 5122 καὶ
941 5071 1008 5139 τῇ
1021 5070 1298 5138 κωφότητι
1319 5069 1398 5132 είς
1420 5069 1609 5139 ἀκοήν;
1640 5069 1794 5139 Ἐμοὶ

233 5158 364 5215 δοκεῖ
406 5164 604 5216 ἐκεῖνο.
659 5161 734 5214 Τὸ
775 5160 1176 5229 δυσκολώτερον
1219 5155 1312 5213 οὖν
1349 5159 1505 5224 δίδως
1534 5161 1613 5231 τῷ
1651 5160 1793 5231 Θεῷ,

236 5249 345 5304 εἰπέ
371 5270 479 5324 μοι,
515 5251 698 5306 καὶτὸ
740 5250 1104 5322 εὐκολώτερον
1138 5251 1291 5321 οὐχί;
1332 5252 1396 5306 Τί
1431 5253 1575 5320 λέγω
1597 5251 1794 5318 τοῦτο;

247 5337 392 5392 ’Λλλά
415 5343 506 5396 καὶ
526 5344 627 5404 τάς
651 5341 827 5411 ψυχάς
855 5342 921 5394 ἐκ
951 5342 1049 5412 τῆς
1091 5342 1282 5403 οὐσίας
1311 5341 1478 5394 αὐτοῦ
1525 5339 1662 5394 εἶναί
1695 5360 1798 5411 φα-

241 5438 331 5478 σιν.
370 5426 503 5480 Ἀλλ’
531 5429 657 5498 ὅρα,
703 5427 846 5480 πόσα
872 5428 940 5481 τά
972 5427 1144 5498 ἀσεϐῆ
1178 5429 1272 5481 καὶ
1301 5429 1524 5499 ἀνόητα.
1551 5428 1796 5500 Πρῶτον,

244 5514 535 5588 βουλόμενοι
570 5519 763 5587 δεῖξαι,
794 5522 875 5574 ὅτι
912 5523 976 5574 ἐκ
1017 5519 1108 5574 τοῦ
1139 5521 1274 5576 Θεοῦ
1301 5529 1372 5577 τὰ
1418 5523 1585 5586 κακά,
1614 5524 1799 5594 ἓτερον

242 5609 414 5664 τούτου
441 5613 800 5684 ἀσεϐέστερον
833 5615 1217 5682 ἐπεισάγουσιν
1241 5632 1256 5646 ο
1276 5616 1550 5688 ὀμόχρονα
1580 5617 1688 5688 γὰρ
1705 5619 1802 5672 αὐ-

244 5701 331 5772 τῷ,
366 5707 454 5758 καὶ
480 5707 693 5771 οὐδενὸς
721 5706 747 5746 ἀ
785 5707 964 5762 αὐτῶν
1014 5707 1391 5780 πρεσϐύτερον
1414 5711 1504 5763 τὸν
1545 5713 1675 5765 θεὸν
1715 5711 1803 5765 λέ-

302 5840 328 5868 ⁸
357 5840 625 5908 Ἀγὲννητον
646 5845 732 5901 τήν
751 5840 942 5908 κακίαν,
966 5845 1011 5894 Ν
1017 5857 1078 5894 οη
1104 5845 1313 5908 genitam
1339 5843 1592 5898 malitiam.
1659 5848 1688 5889 b
1710 5849 1805 5899 Alii

420 5897 711 5976 προσθεῖναί
737 5906 884 5967 αὐτῷ.
929 5897 940 5905 ⁷
969 5911 992 5940 ε
1035 5897 1170 5976 υῃές
1213 5910 1349 5976 _c_0d._,
1381 5910 1436 5958 τὸ
1477 5897 1612 5976 φύσει
1655 5897 1806 5976 κακον

258 5927 393 5962 ιιιγυν
424 5927 692 5966 προσνειναι
737 5927 884 5967 αυτῳ.
969 5927 992 5940 "
1035 5927 1170 5957 unus
1213 5927 1349 5966 CCXL,
1381 5927 1436 5958 το
1514 5928 1612 5959 δσει
1655 5927 1806 5960 κακον

258 5962 387 6036 κακὸν
427 5973 638 6036 ποιῆσαι.
673 5966 937 6036 D_o_unaaus,
966 5969 1287 6036 apud_Sarvirl..
1322 5927 1586 6033 logengum
1613 5974 1806 6036 conjici!

259 6035 303 6065 ιιι
324 6029 445 6081 ςύσει
473 6029 617 6076 κακὸν
640 6030 782 6077 καὶέν
806 6029 1020 6087 ποιῆσαί.
1091 6032 1116 6070 ει
1159 6035 1254 6082 Alii
1285 6029 1556 6082 καὶόύδέν.

1873 553 2052 604 γουσι.
2078 538 2138 589 τδ
2172 539 2341 610 γέρας
2373 539 2434 592 τὸ
2467 539 2611 610 μέγα
2643 541 2736 595 καὶ
2769 542 2952 607 αὐτοῖς
2989 544 3187 599 διδόναι
3216 545 3452 616 τολμῶνο

1879 646 1980 690 τες.
2022 631 2285 701 Δεύτερον
2307 673 2320 696 ,
2360 633 2452 684 καὶ
2477 633 2780 705 ἀνώλεθρον
2801 635 2900 706 τὴν
2931 639 3128 691 κακίαν
3163 638 3327 706 φασίν
3347 653 3361 666 °
3396 638 3458 689 οὐ

1872 724 1980 793 γάρ
2001 725 2060 777 τὸ
2079 726 2374 794 ἀγέννητον
2391 728 2718 796 ἀναιρεῖται.
2750 729 2940 799 Ὁρᾶτε
2962 729 3059 799 τὴν
3073 729 3421 800 βλασφημίαν
3442 747 3458 795 ;

1875 816 2036 869 Ὥστε
2071 818 2284 888 ἀνάγκη
2307 859 2321 880 ,
2369 820 2400 889 ἢ
2433 820 2602 891 μηδὲν
2650 821 2745 874 τοῦ
2796 821 2931 875 Θεοῦ
2970 819 3141 875 εἶναι⁶
3188 825 3221 893 ἢ
3249 863 3262 886 ,
3305 825 3352 875 εί
3387 823 3462 893 μὴ

1873 906 2078 976 ταῦτα,
2120 911 2212 963 καὶ
2245 912 2378 965 Θεὸν
2416 915 2490 984 μὴ
2515 909 2672 966 εἶναι.
2708 913 2904 984 Τρίτον
2935 915 3073 984 ὅπερ
3102 913 3260 984 ἔφην,
3286 913 3488 985 ταύτῃ·

1872 1018 1953 1054 τοι
1989 1003 2285 1073 πολεμοῦσι
2307 1006 2399 1059 καὶ
2426 1006 2579 1059 αὐτοὶ
2599 1007 2833 1069 ἑαυτοῖς,
2858 1006 2950 1058 καὶ
2987 1007 3463 1076 προσαγανακτεῖν

1871 1093 1964 1147 τὸν
2019 1095 2150 1147 Θεὸν
2189 1094 2388 1164 μᾶλλον
2432 1094 2970 1164 παρασκευάζουσιν.
3019 1077 3328 1166 Τέταρτον,
3362 1095 3463 1166 τὴν

1875 1183 2107 1236 ἄστατον
2141 1184 2271 1254 ὓλην
2310 1184 2580 1255 τοσαύτην
2611 1186 3026 1256 ἐπιτηδειότητα
3054 1186 3199 1256 ἔχειν
3236 1185 3459 1238 διδόασι.

1876 1273 2151 1343 Πέμπτον,
2183 1275 2282 1344 τῆς
2314 1274 2650 1352 ἀγαθότητος
2676 1275 2925 1329 τοῦτΘεοῦ
2955 1275 3051 1347 τὴν
3086 1276 3354 1346 πονηρίαν
3382 1277 3467 1328 αῖ-

1875 1370 1995 1421 τίαν
2035 1371 2164 1437 φασι
2186 1369 2538 1438 γεγενῆσθαι,
2574 1372 2671 1424 καὶ
2689 1370 2772 1423 ὅτι
2794 1371 2962 1441 χωρὶς
2989 1369 3193 1439 ταύτης
3211 1372 3239 1422 ό
3261 1367 3464 1437 ἀγαθὸς

1873 1461 1974 1512 οὐκ
2006 1456 2073 1530 ἦν
2096 1460 2324 1527 ἀγαθός.
2362 1461 2579 1527 Ἕκτον,
2620 1461 2720 1526 τάς
2765 1462 2918 1546 όδρύς
2958 1464 3090 1531 ἡμῖν
3115 1462 3464 1515 ἀποκλείουσι

1875 1554 1974 1624 τῆς
2008 1553 2356 1622 θεογνωσίας.
2398 1555 2700 1625 Ἔϐδομον,
2733 1555 2825 1608 τὸν
2867 1556 3000 1606 Θεὸν
3034 1557 3114 1618 εἰς
3143 1554 3465 1624 ἀνθρώπους

1877 1645 2196 1713 κατάγουσι,
2239 1647 2332 1699 καί
2369 1648 2542 1714 φυτά,
2577 1649 2668 1699 καὶ
2705 1646 2858 1712 ξύλα.
2899 1647 2962 1698 Εἰ
2993 1647 3102 1716 γάρ
3133 1648 3165 1716 ἡ
3198 1646 3295 1715 μὲν
3330 1648 3466 1715 ήμε-

1875 1737 2012 1806 τέρα
2033 1736 2178 1808 ψυχὴ
2207 1737 2307 1806 τῆς
2334 1737 2428 1790 τοῦ
2455 1736 2591 1789 Θεοῦ
2623 1738 2810 1800 οὐσίας
2845 1738 3013 1803 ἐστὶν,
3040 1740 3072 1808 ἡ
3104 1739 3160 1790 δέ
3199 1755 3468 1807 μετενσω·

1882 1833 2123 1900 μάτωσις
2150 1832 2242 1884 καὶ
2281 1833 2361 1893 είς
2387 1833 2609 1894 σικυοὺς
2652 1830 2746 1883 καὶ
2787 1830 3030 1892 πέπονας
3079 1829 3322 1882 ἐκϐαίνει
3372 1829 3468 1882 καὶ

1878 1924 2138 1993 κρόμμυα
2159 1939 2172 1953 ·
2213 1923 2321 1992 ἄρα
2354 1922 2449 1974 τοῦ
2480 1923 2613 1975 Θεοῦ
2665 1925 2697 1993 ή
2739 1924 2897 1975 οὐσία
2921 1924 3000 1984 είς
3027 1923 3245 1983 σικυοὺς
3288 1921 3464 1973 ἔσται.

1879 2015 1994 2067 Κᾶν
2026 2015 2125 2083 μέν
2155 2015 2418 2084 εἴπωμεν,
2445 2016 2526 2068 ὅτι
2551 2013 2774 2083 Πνεῦμα
2797 2014 2951 2081 ἅγιον
2986 2014 3113 2066 ναὸν
3148 2013 3382 2065 ἔπλασεν
3411 2014 3468 2064 ἐν

1876 2110 1942 2176 τῇ
1991 2107 2269 2177 Παρθένῳ,
2319 2105 2730 2173 καταγελῶσινο
2754 2105 2841 2168 ἂν,
2882 2105 2965 2157 ὅτι
3003 2104 3278 2174 ἐνῴκησεν
3301 2107 3358 2155 ἐν
3390 2103 3469 2172 τῷ

1879 2199 2238 2268 πνευματικῷ
2274 2197 2386 2268 ναῷ
2411 2238 2426 2261 ,
2460 2197 2624 2251 πάλιν
2658 2196 2911 2265 γελῶσιν.
2957 2196 3122 2248 Αὐτοὶ⁵
3162 2196 3220 2248 δέ
3268 2197 3362 2248 καὶ
3388 2196 3472 2258 είς

1881 2291 2098 2352 σικυοὺς
2131 2289 2224 2341 καὶ
2260 2289 2520 2351 πέπονας,
2562 2288 2654 2340 καὶ
2700 2287 2887 2356 μυίας,
2927 2287 3022 2340 καὶ
3069 2287 3297 2351 κάμπας
3322 2327 3337 2351 ,
3376 2288 3472 2339 καὶ

1877 2383 2032 2444 ὅνους
2051 2381 2144 2434 τοῦ
2183 2380 2318 2433 Θεοῦ
2352 2381 2453 2452 τὴν
2478 2381 2667 2432 οὐσίαν
2699 2379 3029 2447 κατάγοντες
3057 2381 3157 2431 οὐκ
3187 2378 3470 2447 αἰσχύνονο

1879 2490 1991 2537 ται,
2022 2473 2206 2525 καινόν
2249 2489 2370 2525 τινα
2403 2471 2851 2541 είδωλολατρείας
2890 2471 3300 2540 ἐξευρίσκοντες
3343 2470 3471 2538 τρό-

1879 2582 2000 2618 πον.
2053 2564 2192 2617 Ἀλλ’
2209 2565 2269 2616 οὐ
2298 2563 2360 2616 τὸ
2396 2563 2680 2633 κρόμμυον
2711 2565 2768 2616 ἐν
2787 2561 2866 2630 τῷ
2896 2561 3014 2632 Θεῷ
3042 2573 3064 2601 ε
3085 2579 3099 2593 ο
3134 2561 3249 2615 ἀλλ’
3283 2562 3311 2612 ὁ
3340 2560 3472 2623 Θεὸς

1880 2660 1937 2710 ἐν
1967 2656 2045 2728 τῷ
2096 2655 2368 2728 κρομμύῳ
2417 2656 2554 2708 ἐστί.
2601 2655 2692 2726 Μὴ
2744 2655 2852 2725 γὰρ
2893 2654 2955 2706 τὸ
2997 2654 3284 2724 κρόμμυον
3332 2653 3474 2706 ἔστω

1879 2751 2032 2812 Θεός.
2071 2749 2136 2801 Τί
2194 2748 2418 2817 φεύγεις
2461 2747 2559 2816 τὴν
2614 2747 3109 2816 μετενσωμάτωσιν
3145 2744 3239 2797 τοῦ
3299 2743 3470 2809 Θεοῦς

1879 2839 2136 2910 Αίσχρδν,
2179 2840 2365 2908 φησὶν,
2415 2839 2581 2892 ἐστίν.
2623 2837 2835 2890 Οὐκοῦν
2871 2837 3051 2904 πολλῶ
3083 2836 3284 2906 μᾶλλον
3316 2834 3476 2894 τοῦτο

1831 2962 1834 2966 λ
1881 2933 2124 3000 αἰσχρόν.
2168 2930 2307 2982 Ἀλλ’
2328 2932 2430 2982 οὐκ
2453 2929 2715 2999 αἰσχρόν;
2758 2928 2908 2993 Πῶς;
2944 2931 3121 2998 Ὅπερ
3155 2927 3264 2998 γὰρ
3294 2929 3361 2980 ἂν
3395 2928 3475 2990 είς

1882 3027 2028 3096 ἡμᾶς
2054 3025 2304 3094 γένηται,
2338 3023 2509 3086 ὅντως
2543 3023 2789 3092 αἰσχρόν.
2826 3023 3009 3075 Εἱ’δετε
3043 3020 3310 3090 συρφετὸν
3345 3020 3477 3072 ἀσε-σι

1883 3118 2068 3181 ϐείας;
2109 3115 2267 3169 Ἀλλά
2304 3115 2446 3170 διατί
2479 3115 2538 3168 οὐ
2588 3114 2870 3184 βούλονται
2903 3111 3227 3166 ἀνίστασθαι
3277 3111 3475 3179 σῶμα;

1883 3211 1946 3262 Τί
1980 3210 2036 3262 δὲ
2066 3209 2159 3262 καὶ
2183 3207 2400 3280 ἐροῦσιν
2425 3225 2440 3272 ;
2474 3208 2601 3259 Ὅτι
2625 3206 2686 3258 τὸ
2713 3205 2872 3275 σῶμα
2895 3204 3165 3275 πονηρόν;
3191 3203 3362 3256 Πόθεν
3383 3197 3477 3255 οὖν

1882 3298 2052 3364 οἶδας,
2085 3303 2206 3354 είπέ
2239 3317 2351 3370 μοι,
2382 3300 2473 3352 τὸν
2498 3298 2666 3361 Θεόν;
2699 3297 2864 3350 πόθεν
2894 3296 3037 3365 ἔχεις
3063 3295 3170 3347 τῶν
3190 3294 3357 3347 ὄντων
3379 3293 3479 3347 τὴν

1884 3395 2126 3463 γνῶσιν;
2158 3393 2214 3446 '0
2254 3393 2310 3446 δέ
2349 3391 2638 3460 φιλόσοφος
2671 3390 2834 3443 πόθεν
2873 3389 3182 3459 φιλόσοφος,
3225 3388 3274 3440 εἰ
3311 3387 3480 3457 μηδὲν

1886 3485 2130 3540 συντελεῖ
2154 3484 2216 3537 τὸ
2245 3483 2441 3554 σῶμα;
2473 3484 2736 3554 Πήρωσον
2757 3481 2857 3543 τὰς
2879 3479 3180 3545 αἰσθήσεις,
3207 3479 3303 3530 καὶ
3339 3477 3482 3547 μάθε

1881 3597 1935 3633 τι
1962 3578 2070 3631 τῶν
2094 3577 2344 3630 δεόντων.
2377 3576 2442 3628 Τί
2466 3575 2521 3627 δὲ
2555 3574 2864 3645 μωρότερον
2890 3571 3068 3641 ψυχῆς
3094 3569 3290 3637 γένοιτ’
3314 3569 3402 3636 ἂν,
3428 3569 3481 3622 εί

1884 3671 1944 3737 ἐξ
1976 3670 2150 3741 ἀρχῆς
2195 3669 2294 3732 τάς
2343 3668 2625 3738 αίσθήσεις
2676 3666 2762 3734 εἰη
2814 3663 3228 3733 πεπηρωμένης
3273 3661 3333 3713 El
3367 3659 3480 3730 γὰρ

1885 3765 2001 3826 ἐνὸς
2040 3764 2237 3834 μέρους
2259 3761 2418 3833 μόνον
2445 3760 2714 3829 πήρωσις,
2748 3755 2842 3808 τοῦ
2874 3754 3181 3823 ἐγκεφάλου
3218 3754 3383 3821 λέγω,
3417 3751 3482 3806 τὸ

1886 3857 1994 3908 πᾶν
2015 3855 2184 3924 αὐτῆς
2212 3852 2382 3923 βλάϐη
2410 3851 2618 3920 γίνεται
2634 3867 2647 3880 ο
2673 3850 2722 3901 εί
2743 3847 2928 3918 μέλλοι
2949 3848 3044 3901 καὶ
3061 3846 3129 3900 τὰ
3149 3846 3286 3900 ἀλλα
3307 3862 3480 3914 πεπηο

1890 3948 2114 4018 ρῶσθαι,
2148 3945 2252 3998 ποῦ
2299 3945 2571 4015 χρήσιμος
2602 3943 2788 4007 Eant;
2838 3939 3020 4004 Δεῖξόν
3057 3955 3148 4008 μοι
3177 3938 3344 4008 χωρὶς
3372 3934 3479 3988 σώ-

1889 4057 2056 4109 ματος
2078 4038 2278 4107 ψυχήν.
2301 4037 2371 4088 Ἢ
2393 4035 2493 4087 οὐκ
2513 4033 2733 4097 ἀκούεις
2757 4032 2960 4105 ίατρῶν
2982 4030 3251 4099 λεγόντων
3267 4045 3280 4059 ο
3305 4028 3479 4090 Νόσος

1886 4134 1994 4204 γὰρ
2024 4130 2272 4201 παροῦσα
2295 4128 2484 4190 δεινῶς
2504 4127 2682 4198 ψυχὴν
2705 4127 2978 4197 ἀμαυροῖς
3008 4124 3187 4194 Μέχρι
3212 4123 3357 4185 τίνος
3376 4122 3478 4174 οὐκ

1887 4224 2232 4292 ἀπάγξεσθες
2265 4221 2339 4274 Τὸ
2374 4219 2532 4289 σῶμα
2561 4221 2661 4288 τῆς
2695 4217 2829 4288 ὕλης
2851 4216 3034 4282 ἐστίν;
3064 4215 3186 4268 εῑπέ
3218 4230 3327 4284 μοι.
3361 4214 3478 4267 Κα-

1887 4316 2014 4379 λῶς.
2043 4313 2254 4368 Οὐκοῦν
2283 4311 2390 4366 ἔδει
2415 4313 2594 4382 μισεῖν
2615 4310 2775 4364 αὐτό·
2801 4309 2852 4361 τί
2874 4310 3052 4361 τοίνυν
3073 4307 3204 4360 αὐτὸ
3225 4305 3476 4375 τρέφεις;

1888 4407 1939 4459 τί
1970 4406 2230 4471 θάλπεις;
2277 4403 2509 4476 [Οὐκοῦν
2543 4402 2649 4455 ἔδει
2683 4403 2927 4472 ἀναιρεῖν
2963 4399 3194 4464 σαυτόν;
3227 4397 3245 4469 ]
3276 4396 3478 4450 οὐκοῦν

1892 4497 2006 4570 [εει
2031 4497 2138 4551 ἔδει
2159 4495 2599 4550 ἀπαλλάττεσθαι
2620 4493 2715 4547 τοῦ
2740 4491 3138 4563 δεσμωτηρίου.
3166 4489 3375 4552 Ἀλλως
3397 4487 3478 4552 δὲ,

1888 4593 1917 4645 ό
1942 4590 2074 4655 Θεὸς
2096 4592 2158 4644 οὐ
2184 4586 2818 4660 δύναταιπεριγενέσθαι
2837 4587 2937 4657 τῆς
2963 4585 3115 4656 ὕλης,
3146 4585 3214 4638 ἂν
3239 4583 3314 4654 μὴ
3343 4601 3484 4654 συμ-

1894 4685 2097 4757 πλακῇ.
2141 4683 2426 4748 Ἐπιτάξαι
2455 4682 2563 4753 γὰρ
2592 4681 2652 4733 οὐ
2687 4679 2934 4742 δύναται,
2970 4677 3077 4740 ἕως
3095 4676 3161 4731 ἂν
3188 4677 3246 4729 οὐ
3281 4677 3484 4743 συγγέο

1892 4798 2050 4851 νηται
2102 4780 2259 4850 αὐτῇ,
2294 4777 2390 4832 καὶ
2429 4776 2495 4830 δι’
2541 4774 2668 4845 ὅλης
2698 4772 2890 4842 σταθῇ.
2927 4772 2992 4824 Ὢ
3030 4769 3131 4840 τῆς
3173 4767 3478 4832 ἀσθενείαςῑ

1893 4872 2003 4925 Καὶ
2047 4871 2296 4939 βασιλεὺς
2327 4870 2425 4940 μὲν
2461 4868 2768 4921 ἐπιτάττων
2801 4863 2981 4919 πάντα
3016 4863 3182 4926 ποιεῖ,
3210 4862 3238 4914 ό
3266 4859 3322 4912 δέ
3350 4858 3484 4924 Θεὸς

1892 4965 2004 5026 τοῖς
2033 4964 2290 5034 πονηροῖς
2309 4963 2410 5014 οὐκ
2438 4960 2773 5023 ἐπιτάττωνς
2807 4956 2984 5019 Ὀλως
3013 4955 3070 5008 δέ
3099 4956 3148 5007 εί
3175 4950 3382 5020 ἀγαθοῦ
3403 4968 3483 5004 τις

1895 5070 1984 5114 νος
2017 5052 2244 5123 ἄμοιρος
2289 5045 2357 5121 ἦν
2380 5090 2394 5114 ,
2426 5051 2527 5103 οὐκ
2556 5049 2621 5103 ἂν
2657 5047 2786 5118 ιἔστη
2837 5048 2872 5118 η
2902 5045 3024 5116 ὐλη.
3071 5043 3148 5098 Οὐ
3180 5043 3289 5112 γάρ
3318 5040 3337 5080 ί
3369 5039 3485 5110 ἔχει

1898 5147 2057 5216 φύσιν
2090 5147 2123 5216 ἡ
2163 5145 2395 5215 πονηρία
2430 5141 2800 5205 συνίστασθαι,
2831 5140 2896 5193 ἂν
2930 5139 3005 5209 μή
3045 5153 3190 5199 τινος
3222 5134 3487 5205 ἐπιλάϐηο

1898 5257 1986 5293 ται
2014 5242 2121 5294 τῶν
2157 5241 2257 5311 τῆς
2296 5239 2529 5310 ἀρετῆςο
2564 5238 2703 5290 ὥστε
2733 5241 2780 5290 εἰ
2815 5237 2924 5308 πρὸ
2959 5235 3151 5288 τούτου
3181 5233 3390 5301 ἀμιγὴς
3416 5226 3486 5300 ἧν

1898 5334 2121 5405 ἀρετῆς,
2155 5333 2322 5387 πάλαι
2351 5332 2417 5385 ἂν
2444 5333 2741 5404 διεφθάρη·
2775 5332 2870 5385 καὶ
2905 5329 3016 5401 γὰρ
3044 5327 3231 5382 τοῦτον
3252 5327 3364 5396 ἔχει
3395 5325 3489 5378 τὸν

1898 5429 2098 5500 τρόπον
2128 5427 2197 5481 τά
2218 5428 2384 5482 κακά.
2420 5427 2603 5480 Ἔστω
2632 5445 2715 5490 τις
2751 5424 3009 5496 ἀσελγὴς,
3045 5422 3140 5476 καὶ
3176 5419 3313 5490 μηδὲ
3349 5418 3489 5483 δλως

1902 5519 2097 5574 ἐαυτοῦ
2131 5523 2156 5560 ⁸
2183 5520 2498 5591 κατεχέτω,
2531 5521 2580 5574 εί
2615 5520 2839 5590 ζήσεται
2871 5517 3003 5570 δέκα
3033 5513 3271 5586 ἡμέρας
3306 5511 3491 5564 Ἔστω

1901 5629 1985 5676 τις
2017 5611 2219 5684 λῃστὴς
2267 5611 2360 5664 καὶ
2400 5611 2537 5680 πρὸς
2580 5611 2785 5673 πάντας
2813 5607 3183 5676 ἀσυνείδητος,
3225 5604 3367 5656 ἔστω
3395 5604 3492 5656 καὶ

1904 5708 2043 5779 πρὸς
2067 5711 2193 5774 τοὺς
2224 5706 2707 5780 συλλῃστεύοντας,
2745 5705 2793 5756 εί
2833 5702 3061 5774 ζήσεται
3103 5699 3270 5761 ὅλως;
3304 5698 3490 5750 Ἔστω

1973 5863 1996 5890 e
2026 5849 2119 5900 Hic
2143 5846 2330 5898 variant
2349 5846 2572 5907 quaadam
2613 5844 2934 5904 exemplaria.
2977 5833 3372 5907 Mox_ve_r_ba._yﬁ
3396 5836 3486 5907 prd:

1907 5913 1961 5960 τὸ
2417 5908 2563 5976 Θεὸς,
2604 5919 2665 5976 εχ
2691 5895 2805 5976 πῃδξ.
2847 5904 3075 5976 τρυβλίω,
3097 5901 3146 5968 ﬁn

1910 5954 2227 6022 ἑΞηίὙῙῗῶἰῗ
2272 5954 2314 6008 i'
2336 5954 2674 6033 οὶιίαέηίίοῡρι
2707 5954 2916 6033 ἀνέφςηῖ
2945 5963 3015 6010 ος)
3057 5961 3160 6020 γάρ.
3233 5958 3254 5995 s
3283 5955 3316 6002 ε
3343 5954 3484 6005 codd.

1912 6035 2082 6083 ἑαυτοῦ
2111 6049 2194 6094 pro
2232 6033 2395 6082 ἑαυτὸν
2427 6027 2780 6090 rescripsimus.
2816 6027 2947 6076 tlmr.
