4092 6490
273 412 347 470 3-5
1333 412 1395 469 lN
1436 412 1613 469 ACTA
1656 413 2428 473 APOSTOLORUM.HOMIL.
2468 418 2554 475 lli.
3514 428 3586 486 54

292 534 450 589 licere
498 529 816 607 debuistit]
859 532 998 602 Ergo
1044 540 1098 586 te
1149 528 1221 585 ab
1257 527 1357 584 hoc
1394 543 1610 584 carwe
1661 529 1891 585 liberare

293 625 568 693 oportuit?
596 624 846 696 Alioquin
873 638 1000 679 vero
1028 624 1170 677 Deus
1196 637 1300 675 non
1332 630 1505 690 potest
1533 620 1749 675 vincere
1776 635 1879 674 ma-

292 714 505 779 teriam,
535 714 641 770 nisi
672 729 795 769 cum
819 714 907 768 illa
935 712 1241 767 misceatur.
1275 710 1388 765 Non
1425 719 1602 781 potest
1630 709 1776 763 enim
1811 709 1883 762 illi

296 804 610 872 pnecipcre.
637 802 815 858 donec
848 817 968 856 cum
1000 801 1087 855 illa
1120 800 1277 855 tuerit
1296 841 1310 863 ,
1339 815 1401 853 ac
1430 814 1525 868 per
1554 806 1719 853 totam
1763 814 1883 865 per-

1999 531 2094 585 sed
2125 541 2311 588 contra
2350 535 2587 604 seipsos,
2621 549 2769 595 certe
2794 550 2938 599 stare
2968 558 3259 616 nequeunt.
3295 548 3420 608 Vere
3443 555 3601 610 stulti

1993 623 2119 713 [acti
2144 632 2261 677 sunt
2279 665 2293 690 ,
2332 642 2447 679 cum
2486 628 2659 682 dicunt
2682 648 2737 684 se
2760 648 2869 687 esse
2890 638 3141 706 sapientes
3178 640 3355 703 (Rom.
3385 644 3439 698 1.
3469 643 3583 713 22),

1988 710 2041 764 Si
2084 728 2281 783 corpus
2311 718 2509 771 malum
2536 729 2652 784 est,
2696 722 2890 779 frustra
2919 726 3056 783 facta
3095 743 3221 787 sunt
3258 750 3439 789 omnia
3466 710 3587 808 qua

1985 806 2408 875 conspiciuntur,
2439 826 2598 882 aqua,
2623 823 2763 871 terra
2787 859 2803 882 ,
2828 820 2931 887 sol,
2962 835 3076 877 aer.
3105 825 3239 880 Nam
3267 838 3320 881 et
3346 844 3441 883 aer
3463 806 3586 884 cor-

292 895 473 949 vadat.
500 892 545 949 0
566 893 982 948 imbecillitatem
1005 894 1019 946 !
1047 892 1158 945 Rex
1181 890 1492 957 imperando
1516 889 1643 943 facit
1666 888 1877 954 omnia;

292 985 432 1038 Deus
460 999 592 1038 vero
618 984 773 1037 malis
799 999 904 1038 non
936 982 1199 1051 imperat?
1230 981 1285 1035 ln
1312 994 1542 1043 smnma,
1574 979 1677 1033 nisi
1708 988 1879 1032 matc-

287 1074 368 1128 ria
408 1074 532 1129 boni
564 1074 857 1142 cujuspiam
905 1080 1050 1127 esset
1088 1072 1389 1139 particeps,
1435 1068 1728 1124 subsistere
1772 1083 1877 1121 non

286 1176 489 1235 posset.
534 1166 726 1220 Malitia
767 1166 908 1219 enim
948 1162 1243 1218 subsistere
1281 1161 1499 1232 nequit,
1545 1149 1649 1214 nisi
1694 1159 1875 1213 virtuti

283 1257 686 1310 admisceatur:
736 1254 959 1324 proinde
1002 1252 1103 1307 nisi
1143 1251 1328 1307 fuisset
1372 1249 1607 1305 admixta
1654 1250 1872 1313 virtuti,

278 1347 485 1415 jamdiu
520 1348 765 1415 periisset
792 1362 805 1398 :
837 1360 958 1399 nam
990 1343 1103 1398 haec
1125 1353 1206 1400 est
1230 1343 1490 1396 malorum
1510 1341 1769 1396 conditio.
1794 1342 1875 1397 Sit

279 1437 543 1506 quispiam
574 1436 829 1497 lascivus,
873 1436 961 1505 qui
1006 1435 1085 1489 sui
1128 1434 1393 1502 impuleris
1422 1432 1643 1486 omnino
1671 1432 1775 1499 sit,
1802 1448 1871 1487 an

279 1530 426 1583 vivet
455 1529 636 1583 decem
664 1527 816 1583 dies?
847 1528 929 1583 Sit
952 1528 1088 1582 latro
1114 1526 1411 1597 quispiam,
1441 1525 1534 1595 qui
1560 1523 1706 1578 nulla
1736 1525 1869 1579 reti-

275 1632 440 1678 nente
464 1622 784 1677 Conscientia
814 1621 865 1675 in
887 1634 1075 1675 omnes
1098 1618 1369 1687 etiamque
1398 1617 1450 1670 in
1472 1615 1869 1671 consceleratos

271 1722 568 1780 grassetur,
604 1727 729 1765 num
758 1711 945 1766 vixerit
965 1710 1225 1765 omnino?
1256 1708 1335 1763 Sit
1361 1706 1554 1775 aliquis
1580 1705 1665 1760 t‘ur
1693 1705 1867 1775 impu-

268 1806 427 1859 dens.
457 1804 544 1873 qui
576 1804 692 1858 sine
721 1803 915 1858 robore
945 1803 1117 1871 palam
1144 1801 1369 1865 foretur,
1398 1814 1523 1853 num
1551 1796 1643 1852 diu
1675 1811 1863 1867 super-

264 1906 383 1949 stes
409 1894 547 1947 erit?
570 1894 827 1948 Malorum
852 1902 1036 1946 natura
1061 1893 1181 1946 talis
1209 1900 1311 1954 est,
1343 1899 1401 1944 ut
1425 1889 1525 1943 nisi
1548 1887 1673 1943 boni
1703 1887 1861 1958 quid-

265 1985 410 2053 piam
439 1985 688 2049 habeant,
716 1996 861 2040 stare
882 1999 993 2039 non
1019 1983 1224 2054 possint
1249 2001 1261 2034 :
1293 1984 1370 2036 sic
1396 1982 1483 2036 illa
1516 1981 1674 2045 Deus,
1699 1988 1755 2035 ut
1784 1979 1859 2034 illi

261 2077 480 2144 dicunt,
512 2076 805 2132 constituit.
833 2075 913 2132 Sit
938 2076 1126 2130 civitas
1153 2073 1520 2143 improborum
1552 2071 1854 2137 hominum,

259 2182 331 2219 an
369 2168 529 2222 stabit
570 2168 858 2238 umquam?
900 2167 1055 2221 Stent
1089 2165 1251 2231 mali,
1284 2179 1389 2217 non
1429 2170 1617 2218 contra
1647 2161 1851 2225 bonos,

1100 2298 1293 2306 ...α-ορ...-
1324 2299 1335 2304 -
1430 2298 1581 2304 _.__—_

252 2521 389 2576 Car.
443 2522 490 2575 l.
532 2537 584 2574 ν.
617 2521 704 2575 12.
735 2518 879 2574 Tunc
922 2520 1106 2573 reret-si
1144 2536 1188 2583 at
1214 2519 1360 2570 οδιυίί
1411 2515 1783 2585 Jerosolymam
1818 2527 1851 2561 a

332 2621 499 2666 monte
550 2612 638 2681 qui
662 2620 865 2665 vocatur
894 2611 1099 2674 Utiveti,
1143 2609 1228 2677 qui
1250 2620 1318 2661 cst
1350 2611 1496 2673 iuxta
1536 2605 1845 2668 Jerusalem,

328 2701 522 2756 sabbati
566 2703 755 2757 habens
791 2704 904 2756 iter.

332 2797 383 2849 1.
420 2794 580 2861 Tunc,
625 2795 815 2865 inquit,
857 2796 1041 2849 reversi
1080 2805 1217 2849 sunt.
1250 2794 1420 2859 Tunc,
1464 2791 1849 2862 quandonam?

254 2888 543 2955 Postquam
604 2886 689 2940 illa
731 2886 1041 2946 audierant.
1095 2903 1199 2939 non
1235 2888 1377 2939 enim
1425 2886 1532 2938 alio
1582 2883 1744 2939 modo
1795 2886 1846 2938 id

252 2977 660 3041 sustinuissent,
716 2977 815 3031 nisi
868 2978 1006 3032 alter
1057 2979 1317 3031 adventus
1383 2976 1488 3031 illis
1547 2978 1845 3046 promissus

253 3066 465 3122 fuisset.
507 3067 730 3123 Videtur
770 3079 948 3124 autem
999 3068 1128 3123 mibi
1165 3068 1281 3123 hn'c
1323 3069 1377 3122 in
1421 3067 1648 3124 sabbato
1694 3077 1843 3139 gesta

251 3160 443 3213 fuisse.
491 3159 701 3229 Alioqui
734 3175 839 3214 non
886 3160 1119 3229 spatium
1158 3159 1368 3214 itii-oris
1410 3160 1490 3215 sic
1517 3159 1840 3224 indicasset,

248 3252 294 3303 Α
329 3260 492 3304 monte
529 3251 617 3322 qui
641 3252 827 3305 dicitur
872 3252 1075 3319 Oliueti,
1104 3253 1192 3323 qui
1216 3262 1294 3305 est
1324 3252 1481 3320 juxta
1517 3250 1836 3313 Jerusalem,

246 3343 447 3395 sabbati
476 3342 661 3396 habens
687 3344 822 3409 iter;
855 3344 955 3397 nisi
1005 3344 1372 3413 pra-scriptum
1421 3342 1842 3399 fuissetitiueris

243 3442 502 3509 spatium,
559 3440 697 3508 quod
754 3441 931 3511 peragi
985 3449 1166 3508 posset
1217 3441 1267 3492 in
1327 3438 1417 3493 die
1465 3438 1691 3493 sabbati.
1750 3438 1837 3491 15.

250 3530 320 3584 Et
360 3547 474 3583 cum
516 3532 820 3597 introissent,
878 3533 930 3585 in
981 3531 1295 3585 ctenaculum
1350 3530 1706 3593 ascenderant,
1758 3528 1841 3580 ubi

243 3633 398 3679 erant
435 3634 796 3693 permanentes.
834 3624 971 3692 Ergo
1001 3633 1120 3691 post
1151 3622 1595 3676 resurt‘ectitmetn
1622 3620 1841 3674 Jcroso-

248 3716 411 3785 lymis
440 3715 741 3768 manebant.
781 3712 981 3778 Petrus,
1012 3724 1057 3766 et
1083 3713 1323 3775 Jacobus,
1353 3722 1400 3765 et
1439 3710 1683 3765 Joannes.
1721 3710 1837 3765 Non

238 3809 360 3874 jam
388 3805 473 3859 hic
500 3806 647 3859 solus
673 3820 794 3858 cum
821 3804 985 3859 fratre
1011 3814 1352 3865 numeratur;
1398 3801 1491 3856 sed
1515 3812 1569 3855 et
1596 3800 1839 3855 Andreas

242 3912 372 3952 cum
405 3896 601 3959 Petro;
634 3904 680 3948 et
708 3895 956 3959 Andreas,
980 3893 1251 3963 Philippus
1281 3904 1326 3947 et
1360 3892 1600 3956 Thomas,
1627 3890 1841 3946 Bart/tov

243 3990 461 4040 Ioma'us
490 3996 536 4039 et
568 3986 858 4049 Matt/tants,
892 3984 1116 4039 Jacobus
1145 3986 1363 4053 Alphei,
1396 3993 1442 4037 et
1473 3984 1653 4038 Simon
1695 3982 1839 4037 Zelo-

242 4091 323 4132 (ει
365 4088 411 4131 ει
456 4075 626 4131 Judas
678 4077 877 4132 Jacobi.
943 4077 1106 4131 licctc
1152 4078 1445 4146 discipulos
1496 4077 1831 4131 memoravit.

238 4170 383 4237 Quia
428 4170 569 4223 enim
608 4167 745 4221 alius
790 4167 1040 4237 prodidit,
1074 4168 1207 4222 alios
1234 4168 1482 4237 negavit‘
1505 4208 1520 4231 ,
1552 4167 1690 4219 alius
1725 4182 1832 4221 non

238 4260 515 4324 credidit;
566 4258 803 4313 declarat
848 4274 1057 4322 omnes,
1110 4275 1218 4314 uno
1268 4268 1494 4327 excepto
1540 4260 1831 4327 proditore,

237 4354 429 4410 salvos
490 4352 674 4408 fuisse.
732 4353 822 4407 14.
896 4351 968 4404 lli
1029 4368 1200 4406 ontnes
1258 4361 1403 4405 erant
1461 4364 1833 4421 perswerantcs

237 4445 553 4499 unanimiter
579 4443 632 4496 in
659 4445 884 4496 oratione
907 4451 955 4496 et
993 4442 1344 4511 deprecatione
1380 4460 1494 4496 cum
1518 4445 1825 4497 mulieribus.

235 4537 433 4592 Recte.
477 4534 720 4603 Magnum
756 4534 898 4588 enim
940 4536 1111 4589 oratio
1148 4536 1310 4588 telutn
1352 4545 1435 4589 est
1476 4535 1527 4589 in
1576 4538 1828 4590 tentatio-

238 4627 427 4691 nibus,
455 4635 509 4680 et
528 4624 596 4679 ad
620 4626 721 4679 hoc
743 4641 773 4679 a
804 4624 1055 4695 Magistro
1082 4640 1180 4679 suo
1200 4626 1331 4679 satis
1352 4626 1557 4681 fuerant
1581 4627 1825 4681 instituti.

236 4720 495 4790 Alioquin
522 4734 649 4774 vero
670 4734 906 4789 praesens
938 4720 1159 4774 tentatio
1199 4718 1265 4774 ad
1293 4718 1394 4775 hoc
1435 4720 1556 4774 illos
1576 4720 1825 4775 ducebat.

234 4815 482 4884 ideoque
506 4808 809 4869 ascendunt
838 4810 890 4863 in
927 4809 1293 4866 cmoaculnm:
1346 4810 1632 4865 admodum
1686 4812 1826 4866 enim

232 4901 504 4957 timebant
526 4899 765 4954 Judmos.
808 4900 931 4953 Cum
955 4900 1268 4954 mulieribus.
1312 4900 1429 4956 Jam
1454 4903 1594 4956 enim
1618 4903 1829 4958 dixerat

230 4995 363 5049 illas
414 4991 595 5047 Jesum
644 5002 897 5061 sequutus
949 4990 1138 5046 fuisse.
1192 4991 1259 5046 Et
1291 4992 1461 5047 Maria
1491 5005 1650 5049 matre
1676 4995 1822 5059 Jesu.

226 5098 279 5141 et
319 5102 434 5139 cum
464 5085 704 5155 fratribus
732 5086 841 5153 ejus
871 5083 1044 5151 (Joau.
1081 5085 1160 5139 l9.
1192 5086 1303 5155 26).
1349 5087 1626 5154 Quomodo
1647 5098 1824 5143 autem

228 5179 443 5230 dictum
472 5186 573 5240 est,
617 5175 936 5243 discipulum
970 5192 1084 5229 eam
1134 5186 1259 5231 tunc
1301 5177 1351 5230 in
1401 5180 1825 5247 snarecepissc?

229 5268 352 5321 Sed
408 5282 527 5319 cum
588 5276 965 5335 congregasset
1015 5266 1132 5318 illos
1200 5264 1463 5327 Christus,
1520 5282 1643 5322 cum
1696 5268 1825 5337 ipsis

230 5364 436 5413 iterum
488 5358 572 5411 illa
626 5356 960 5411 versabatur.
1020 5358 1078 5409 Iz't
1121 5375 1235 5411 cum
1281 5360 1524 5429 fratribus
1566 5362 1694 5428 ejus.
1752 5362 1823 5416 lle

231 5450 303 5504 iis
358 5450 607 5518 loquitur,
650 5449 739 5516 qni
776 5451 917 5516 prius
969 5464 1070 5502 non
1109 5450 1399 5505 credebant
1440 5454 1490 5505 in
1537 5468 1677 5507 cum.
1732 5456 1819 5509 15.

231 5539 308 5591 Et
358 5539 407 5590 in
457 5540 631 5592 diebus
677 5538 799 5598 illis,
847 5556 1054 5607 surgens
1125 5538 1307 5593 Petrus
1358 5543 1410 5595 in
1456 5545 1619 5598 medio
1665 5546 1818 5599 disci-

230 5629 473 5702 pulorum
524 5632 674 5685 dixit.
729 5628 922 5697 Utpote
973 5632 1203 5697 fervens,
1238 5634 1321 5687 cui
1361 5651 1489 5705 grex
1536 5654 1563 5689 a
1607 5639 1822 5693 lihristo

227 5790 315 5897 ﬁt
353 5787 495 5853 llaec,
519 5789 651 5839 alitis
690 5788 907 5850 negavit,
945 5788 1122 5839 desunt
1164 5792 1212 5839 in
1256 5793 1541 5853 quibusdam
1570 5794 1820 5858 exempla-

251 5866 261 5897 :
290 5863 374 5897 ιω.

251 5863 374 5903 litin.

1790 2298 2065 2307 ~———.—_

1626 2366 1969 2429 HOMILIA
2015 2369 2126 2429 111.

1986 908 2084 961 pus
2108 903 2191 950 est
2209 897 2248 963 ⁸,
2268 898 2478 955 etiamsi
2508 918 2613 958 non
2660 905 2885 963 densum
2903 920 2957 965 et
2996 914 3245 972 solidum.
3266 916 3581 988 Opportune

1983 999 2111 1077 ergo
2156 987 2411 1046 dicatur:
2464 992 2818 1052 Narraveruut
2865 1002 2991 1056 nti/ti
3035 1005 3197 1075 iniqui
3240 987 3582 1077 [tabulationes

1982 1073 2156 1167 (Psat.
2188 1080 2311 1136 118.
2337 1083 2453 1154 85).
2489 1082 2687 1143 Verum
2712 1091 2828 1146 haec
2856 1108 2923 1149 ne
2952 1073 3265 1167 toleremus,
3296 1102 3393 1158 sed
3421 1119 3582 1160 aures

1978 1166 2047 1222 ab
2076 1169 2180 1224 illis
2215 1183 2544 1265 avertamus.
2592 1180 2686 1234 Est
2725 1183 2899 1249 enim,
2941 1195 3026 1241 est
3050 1166 3255 1261 tutique
3289 1208 3578 1265 corporqu

1980 1264 2324 1317 resurrectio.
2373 1264 2487 1321 Hoc
2533 1268 2773 1327 declarat
2824 1278 3135 1345 sepulcrum
3182 1264 3576 1359 Jerbsolymis,

1980 1366 2189 1445 necnon
2216 1355 2440 1427 lignum,
2463 1362 2548 1414 cui
2573 1362 2669 1417 t’uit
2696 1366 2966 1436 alligatus,
3005 1382 3061 1425 ut
3090 1372 3312 1445 ﬂagellis
3337 1355 3578 1436 caedere;

1979 1448 2085 1541 tur.
2104 1442 2435 1541 fontedimus
2462 1450 2616 1531 enim,
2650 1454 2840 1525 inquit,
2868 1470 2916 1512 et
2937 1461 3151 1519 bibimus
3165 1442 3292 1519 cum
3316 1469 3407 1523 illo
3434 1468 3572 1541 (Act.

1977 1529 2063 1584 10.
2089 1532 2206 1635 4t).
2230 1534 2531 1595 Credamus
2556 1557 2685 1614 ergo
2706 1552 3110 1620 resurrectioni,
3141 1566 3196 1612 et
3227 1574 3346 1628 quze
3373 1529 3472 1616 bac
3492 1562 3576 1616 di-

1971 1633 2557 1718 g‘t‘ia‘sintAoperemur,
2596 1647 2653 1690 ut
2682 1638 2858 1695 futura
2889 1658 3286 1717 consequamur
3309 1652 3445 1707 bona
3465 1694 3481 1718 ,
3517 1655 3571 1709 iu

1971 1709 2185 1767 Christo
2209 1714 2337 1771 toan
2365 1718 2596 1779 Domino
2622 1740 2826 1794 nostro,
2857 1709 3089 1801 quicunr
3104 1737 3246 1794 Patri
3274 1751 3328 1796 et
3348 1709 3567 1812 Spiritui

1969 1808 2378 1905 sanctovgloria,
2414 1813 2697 1884 imperium
2717 1862 2732 1885 ,
2762 1821 2956 1892 honor,
2994 1844 3136 1884 nunc
3164 1842 3219 1886 et
3248 1808 3482 1905 settipcr,
3512 1850 3568 1893 et

1968 1894 2021 1948 in
2052 1898 2247 1955 saecula
2270 1904 2613 1963 sa'culorum.
2649 1912 2843 1968 Amen.

1963 2049 2266 2175 6°;Pzilozftl}
2288 2053 2500 2168 lllfagliém
2525 2074 2668 2126 aqua’
2709 2073 2844 2118 terra
2860 2105 2874 2131 ν
2899 2070 2988 2131 δοίι
3024 2072 3182 2126 horno.
3208 2087 3329 2130 Nam
3350 2088 3397 2133 et
3418 2083 3559 2136 homo

2073 2299 3532 2347 _§‘___________

1961 2519 2305 2577 concreditus
2334 2536 2469 2593 erat,
2501 2540 2663 2603 atque
2696 2547 2755 2593 ut
2780 2540 2992 2613 primus
3023 2546 3075 2599 in
3103 2547 3293 2615 choro,
3347 2556 3554 2624 primus

1956 2618 2171 2677 semper
2205 2626 2513 2675 sermonem
2561 2626 2771 2681 orditur
2806 2630 2959 2701 (Erat
2999 2647 3170 2693 autem
3210 2618 3361 2697 turba
3392 2650 3558 2701 Iacnti-

1955 2716 2079 2754 num
2131 2706 2287 2807 simul
2323 2709 2430 2778 fere
2472 2725 2672 2770 centum
2725 2721 2970 2793 viginti):
3020 2727 3108 2783 16.
3179 2730 3289 2787 l'iri
3346 2742 3553 2807 fratres,

1955 2796 2217 2896 q‘portebat
2272 2800 2479 2871 impleri
2536 2806 2861 2879 Scripturam
2909 2818 3062 2885 hanc,
3111 2840 3264 2891 quam
3316 2796 3558 2896 p'rirdixit

1956 2882 2180 2989 Spiritus
2217 2903 2441 2949 sanctus.
2487 2896 2595 2952 Cur
2623 2917 2729 2955 non
2766 2905 2917 2961 solus
2945 2924 2975 2963 a
3005 2882 3233 2971 Christo

1954 2977 2053 3031 sibi
2102 2978 2256 3035 daret
2282 2983 2514 3061 aliquem
2552 2989 2605 3043 in
2658 2991 2834 3050 locum
2880 2997 3072 3055 Judte?
3112 3019 3211 3059 cur
3263 2977 3389 3065 iicm

1955 3074 2299 3173 per-seipsos
2334 3075 2656 3137 electionem
2689 3083 2934 3144 iaciunt?
2975 3090 3092 3147 iam
3140 3096 3331 3155 Petrus
3370 3104 3554 3173 seipse

1953 3161 2146 3216 inelior
2176 3164 2344 3222 factus
2370 3178 2507 3224 erat.
2543 3172 2634 3228 Sic
2663 3190 2793 3246 ergo
2820 3180 2887 3233 ad
2921 3183 3155 3250 priorem
3191 3161 3547 3258 qumstioncm

1952 3260 2421 3353 respondendum:
2473 3282 2572 3323 cur
2609 3283 2788 3329 autem
2829 3292 2935 3332 non
2967 3280 3307 3353 simpliciter,
3340 3289 3435 3344 sed
3479 3306 3548 3346 ex

1950 3351 2280 3443 revelatione
2308 3356 2562 3416 cboream
2594 3363 2807 3435 impleri
2840 3374 3185 3443 postularint,
3233 3351 3369 3435 duas
3415 3397 3547 3437 cau-

1948 3453 2038 3494 sas
2062 3442 2369 3501 atl‘eremus.
2399 3449 2575 3506 Prima
2604 3464 2705 3521 est,
2741 3460 2885 3528 quod
2916 3464 3038 3519 aliis
3068 3466 3231 3523 rebus
3264 3468 3546 3528 incumbe-

1949 3544 2090 3634 rent;
2111 3540 2365 3607 secunda,
2389 3546 2532 3613 quod
2554 3546 2657 3603 hoc
2673 3553 2965 3609 maximum
2984 3568 3127 3614 esset
3145 3574 3543 3634 argumentum,

1948 3624 2237 3725 tlbristum
2263 3633 2370 3687 illis
2412 3636 2623 3694 adesse.
2684 3639 2752 3697 Ut
2801 3646 2944 3700 enim
2988 3624 3238 3717 prmsens
3276 3624 3539 3725 eligebat,

1949 3715 2018 3770 ita
2070 3728 2124 3773 et
2186 3722 2403 3778 absens.
2460 3727 2572 3783 Nec
2643 3746 2829 3801 parum
2876 3735 2930 3790 id
2983 3715 3050 3794 ad
3118 3715 3544 3805 consolaiioneni

1946 3809 2277 3867 conterebat.
2324 3814 2462 3872 Vide
2501 3829 2683 3875 autem
2714 3827 2985 3894 quomodo
3014 3830 3206 3889 Petrus
3236 3839 3414 3892 omnia
3465 3856 3532 3897 cx

1943 3903 2218 3956 communi
2276 3909 2540 3962 sententia
2569 3908 2750 3977 faciat,
2792 3916 3034 3989 nihilque
3056 3937 3179 3978 cum
3208 3931 3535 3988 auctoritate

1945 3992 2026 4046 vel
2067 4007 2187 4047 cum
2255 3996 2502 4066 imperio.
2568 4000 2755 4073 Neque
2803 4009 3120 4079 simpliciter
3166 4015 3334 4073 dixit:
3398 4020 3545 4080 Loco

1942 4081 2094 4138 Jndaa
2130 4086 2270 4141 hunc
2318 4089 2583 4159 eligimus;
2631 4095 2727 4151 sed
2760 4101 3046 4155 cOnSolans
3079 4104 3201 4160 illos
3248 4123 3411 4178 sopor
3449 4128 3539 4178 eo,

1940 4175 2082 4271 quod
2132 4177 2420 4245 acciderat,
2457 4182 2577 4238 vide
2615 4190 2884 4255 quomodo
2912 4207 3217 4251 sermonem
3251 4175 3536 4271 temperet;

1939 4266 2124 4337 Neque
2144 4271 2286 4325 enim
2307 4272 2512 4330 facinus
2535 4278 2661 4333 illud
2680 4295 2895 4349 parvam
2921 4284 3025 4338 illis
3043 4266 3536 4349 consternationem

1940 4358 2214 4426 attulerat;
2248 4372 2300 4416 et
2325 4380 2393 4420 ne
2424 4367 2655 4423 mireris.
2687 4370 2818 4425 Nam
2847 4375 2890 4428 si
2927 4374 3055 4432 illud
3090 4378 3355 4451 hodieque
3378 4386 3533 4441 inulti

1940 4461 2179 4517 versant,
2223 4454 2350 4524 quid
2403 4466 2529 4534 tunc
2582 4460 2688 4514 illis
2732 4465 2997 4521 accidisse
3046 4471 3387 4538 putandum?
3424 4474 3539 4531 Viri

1938 4546 2142 4611 fratres,
2195 4546 2387 4618 inquit.
2436 4549 2493 4605 Si
2542 4552 2798 4610 Dominus
2830 4557 2953 4613 illos
2996 4559 3193 4618 fratres
3220 4567 3535 4635 appellavit,

1938 4637 2105 4691 multo
2153 4641 2321 4710 magis
2371 4640 2489 4698 hic:
2541 4644 2663 4699 ideo
2712 4653 3070 4715 praesentibus
3126 4658 3400 4725 omnibus,
3456 4663 3536 4718 sic

1936 4731 2055 4784 illos
2082 4730 2294 4787 atl‘atur.
2338 4734 2478 4791 Ecce
2524 4736 2778 4793 Ecclesiae
2804 4741 3117 4812 dignitatem
3149 4756 3203 4801 et
3230 4752 3541 4820 angelicum

1936 4834 2154 4887 statum,
2199 4826 2387 4883 Nullus
2437 4840 2553 4884 erat
2586 4829 2658 4886 ibi
2688 4833 2756 4887 ab
2793 4834 2911 4889 aliis
2955 4837 3219 4906 divulsus,
3254 4858 3359 4897 non
3394 4860 3531 4915 mas,

1934 4931 2041 4970 non
2070 4916 2289 4974 femina.
2347 4921 2503 4976 Tales
2531 4939 2673 4979 nunc
2717 4926 2877 4979 etiam
2936 4927 3204 4987 Ecclesias
3230 4947 3350 4990 esse
3383 4935 3528 4991 volo.

1931 5008 2100 5064 Nemo
2145 5010 2214 5065 ibi
2261 5015 2516 5070 szeculare
2558 5016 2831 5088 quidpiam
2868 5023 3130 5090 curabat;
3180 5027 3377 5082 nullus'
3409 5043 3529 5086 erat

1931 5100 1998 5155 de
2055 5119 2113 5157 re
2158 5103 2450 5160 domestica
2497 5108 2781 5163 sollicitus.
2834 5111 3063 5169 Tantum
3121 5117 3247 5172 boni
3296 5119 3528 5177 atl'erunt

1933 5197 2273 5261 tcutationcs,
2338 5208 2543 5255 tantum
2612 5219 2885 5259 aerumnae
2934 5207 3163 5263 lucrum.
3244 5210 3526 5281 Oportebat

1930 5288 2132 5356 impleri
2202 5291 2523 5361 Scriptura":
2573 5296 2721 5359 hanc,
2769 5312 2922 5361 quam
2984 5300 3220 5369 prcdia‘it
3296 5302 3525 5371 Spiritus

1929 5392 2154 5435 sanctus.
2185 5383 2411 5454 Semper
2462 5388 2771 5442 consolatur
2819 5406 2915 5445 eos
2959 5408 2986 5444 a
3020 5394 3386 5462 praedictione.
3434 5396 3524 5453 Sic

1929 5473 2087 5528 etiam
2140 5475 2383 5531 Christus
2430 5479 2628 5549 ubique
2660 5480 2803 5534 facit.
2866 5482 3178 5552 Eodemque
3228 5487 3389 5541 modo
3435 5490 3521 5545 hic

1929 5568 2162 5622 ostendit
2201 5568 2333 5623 nihil
2373 5572 2694 5640 stupendum
2726 5573 3008 5641 accidisse,
3065 5577 3157 5631 sed
3212 5580 3353 5647 quod
3404 5581 3518 5650 jam

1930 5659 2239 5729 praedictum
2288 5660 2481 5716 fuerat.
2529 5665 2821 5733 Oportebat,
2873 5666 3062 5736 inquit,
3117 5670 3318 5740 impleri
3375 5673 3521 5728 Scri-

1926 5764 2129 5820 pturam
2175 5752 2329 5829 lianc,
2357 5770 2508 5822 quam
2548 5755 2783 5822 praedixit
2825 5755 3051 5824 Spiritus
3093 5772 3299 5814 sanctus
3348 5780 3432 5831 per
3461 5782 3517 5820 os

1933 5843 2112 5898 David.
2145 5844 2260 5901 Non
2300 5854 2410 5899 ait:
2444 5845 2607 5900 David
2640 5845 2794 5911 dim,
2841 5847 2957 5913 sed,
2985 5849 3217 5917 Spiritus
3243 5867 3340 5922 per
3368 5872 3510 5910 eum.
