4092 6476
604 409 673 465 35
1268 399 1325 454 s.
1363 395 1643 453 JOANNIS
1677 387 2159 447 cnuvsos'rout
2200 392 2511 448 ARClllEP.
2553 392 3081 448 CONSTANTINOP.
3766 401 3839 455 εδ

604 522 728 577 vide
748 518 932 575 statim
958 516 1012 571 in
1056 513 1279 573 exordio
1321 513 1469 577 libri,
1500 526 1605 580 qtta
1655 516 1838 561 utatur
1886 506 2156 561 doctrina.

603 612 797 667 Cernis
826 624 956 664 vero
986 622 1073 661 me
1105 622 1210 661 non
1243 606 1361 659 sine
1391 615 1555 657 causa
1592 601 1643 653 in
1671 598 1940 668 principio
1981 596 2163 665 Operis

602 702 830 765 dixisse,
868 701 1012 754 hunc
1045 698 1239 751 librum
1268 708 1388 749 esse
1437 692 1672 761 Spiritus
1715 688 1890 745 sancti
1943 687 2150 741 institu'

603 804 739 847 tum.
764 794 937 858 Quam
965 790 1227 860 prwdixit,
1257 788 1454 856 inquit,
1493 784 1723 852 Spiritus
1749 791 1962 835 sanctus
1990 793 2080 843 per
2109 793 2163 830 os

603 884 794 937 David.
822 885 1220 944 Animadverte,
1274 879 1551 949 quomodo
1579 876 1896 945 pr0phetam
1933 871 2037 925 sibi
2075 886 2167 924 ae-

600 964 927 1028 commodet,
978 964 1251 1031 ipsumque
1299 962 1351 1015 in
1396 961 1624 1015 medium
1674 958 1933 1021 adducat;
1990 959 2164 1011 sciens

600 1053 728 1121 ipsis
742 1054 865 1106 utile
884 1054 1015 1115 fore,
1035 1052 1173 1120 quod
1197 1051 1311 1106 hare
1326 1067 1357 1105 a
1377 1051 1587 1114 Davide,
1605 1065 1707 1103 non
1730 1050 1797 1104 ab
1814 1049 1919 1102 alio
1933 1048 2163 1117 prophe-

603 1154 650 1195 ta
668 1142 803 1196 dicta
819 1144 943 1195 sint.
977 1140 1048 1194 De
1072 1142 1102 1193 J
1112 1143 1232 1207 uda,
1257 1143 1443 1211 inquit,
1459 1142 1542 1205 qui
1559 1143 1653 1211 fuit
1674 1142 1797 1194 dux.
1818 1139 1916 1193 Hic
1933 1152 2162 1207 perpen-

600 1229 666 1285 de
708 1232 806 1285 viri
850 1230 1255 1300 philomphiam.
1284 1231 1397 1285 Non
1450 1230 1821 1284 contumeliam
1862 1228 2009 1293 dicit,
2059 1242 2161 1279 non

600 1323 838 1385 insultat,
876 1338 975 1377 nec
1012 1333 1166 1377 vocat
1203 1324 1485 1377 scelestum
1522 1331 1608 1375 aut
1634 1320 2034 1379 exsecrandum;
2069 1318 2161 1372 sed

596 1429 710 1466 rem
731 1414 1039 1480 simpliciter
1056 1423 1254 1477 narrat,
1280 1429 1376 1467 nec
1396 1424 1545 1465 vocat
1563 1428 1680 1465 eum
1703 1412 2044 1479 proditorem;
2069 1410 2159 1465 sed

596 1505 645 1557 in
675 1504 807 1557 alios
828 1507 1026 1558 crimen
1054 1504 1332 1572 detorquet
1361 1512 1611 1570 quantum
1657 1510 1848 1569 potest.
1883 1504 1958 1554 Ac
1988 1516 2159 1570 neque

594 1594 709 1648 illos
730 1595 1072 1650 vehementer
1090 1596 1337 1663 exagitat.
1361 1595 1457 1660 Qui
1489 1595 1599 1657 fuit,
1623 1594 1809 1662 inquit,
1833 1593 1939 1645 dux
1966 1609 2156 1657 eorum,

592 1684 675 1752 qui
705 1684 1178 1751 comprehenderunt
1204 1683 1397 1736 Jesum.
1425 1686 1500 1736 Ac
1532 1686 1832 1751 priusquam
1856 1682 2015 1748 dicat,
2071 1682 2159 1734 ubi

594 1776 692 1828 hoc
715 1775 1017 1843 prredixerit
1049 1774 1229 1838 David,
1252 1784 1560 1841 narralqure
1583 1772 1962 1835 teceritJudas,
2001 1781 2058 1824 ut
2095 1787 2160 1825 ex

594 1863 938 1929 praisentibus
981 1862 1152 1915 futura
1198 1864 1421 1926 indicet,
1472 1862 1818 1929 ostendatque
1856 1861 2024 1929 ipsum
2049 1861 2155 1927 jam

590 1966 773 2020 pomus
812 1951 1043 2005 dedisse.
1073 1952 1159 2005 17.
1202 1952 1301 2015 Qui
1339 1961 1720 2002 connumeratus
1749 1959 1854 2001 erat
1894 1950 1943 2001 in
1984 1950 2152 2013 nobis,

589 2052 630 2095 et
656 2043 855 2094 sortitus
880 2051 949 2093 est
971 2050 1149 2093 sortem
1172 2042 1429 2092 ministerii
1461 2042 1627 2108 hujus.
1651 2040 1739 2093 18.
1775 2038 1835 2091 Et
1860 2040 1937 2091 Itic
1959 2039 2155 2107 quidem

595 2134 811 2199 possedit
838 2148 1013 2203 agrum
1042 2134 1101 2185 de
1128 2134 1350 2184 mercede
1374 2132 1667 2200 iniquitatis.
1697 2131 1948 2183 Moralem
1982 2129 2157 2183 reddit

590 2236 881 2275 sermonem
908 2262 923 2286 ,
955 2233 1008 2275 et
1031 2222 1255 2275 latenter
1282 2221 1576 2275 subindicat
1602 2262 1615 2285 ,
1650 2237 1758 2275 rem
1790 2236 1909 2275 esse
1935 2221 1997 2273 ad
2030 2236 2151 2273 cor-

591 2314 875 2380 reptionem
933 2323 1130 2379 aptam.
1182 2311 1295 2365 Non
1359 2312 1488 2366 dicit
1532 2312 1778 2373 JUtlLCOS,
1838 2311 1929 2363 sed
1983 2312 2151 2378 ipsum

590 2399 881 2465 possedisse
927 2415 1133 2467 agrum.
1178 2400 1308 2465 Quia
1358 2402 1498 2453 enim
1552 2400 1932 2453 imbecillorum
1985 2400 2146 2452 animi

584 2501 685 2539 non
720 2488 786 2540 ita
818 2486 995 2541 futura
1020 2497 1076 2540 ut
1107 2489 1382 2556 prmsentia
1416 2488 1772 2555 perspiciunt,
1804 2487 1869 2540 de
1899 2489 2147 2554 praesenti

586 2575 785 2629 ultione
830 2576 1076 2643 loquitur.
1112 2576 1172 2628 Et
1204 2592 1472 2643 suspensus
1500 2579 1688 2643 crepuit
1732 2578 1942 2629 medim.
1989 2578 2150 2631 Recte

584 2679 687 2717 non
717 2664 768 2717 in
794 2672 1010 2733 peccato
1031 2706 1044 2729 ,
1072 2664 1164 2717 sed
1189 2665 1239 2717 in
1265 2665 1461 2717 ultione
1487 2665 1697 2717 insistit.
1728 2664 1795 2716 Et
1820 2666 1977 2730 effusa
2003 2675 2145 2729 sunt,

583 2753 785 2822 inquit,
818 2754 984 2827 onmia
1027 2754 1209 2805 viscera
1258 2754 1382 2821 ejus.
1418 2752 1529 2807 Hoc
1579 2755 1682 2807 illis
1730 2756 2147 2808 consolationem

578 2840 847 2895 adurebat.
880 2841 966 2895 i9.
1007 2840 1068 2893 Et
1096 2850 1265 2893 nolunt
1316 2844 1503 2909 factum
1549 2851 1621 2894 est
1648 2843 1874 2895 omnibus
1916 2843 2148 2895 habitan-

588 2932 717 2985 tibus
747 2930 1063 2996 Jerusalem,
1120 2933 1189 2983 ita
1233 2941 1287 2983 ut
1326 2933 1664 3000 appellaretur
1704 2950 1822 3005 ager
1865 2933 1950 2986 ille
1974 2934 2147 3004 lingua

579 3036 749 3074 eorum
777 3022 1074 3083 Acetduma,
1107 3021 1199 3073 hoc
1223 3033 1323 3085 est,
1352 3038 1469 3090 ager
1498 3022 1776 3091 sanguinis.

648 3113 701 3165 2.
749 3112 915 3167 ,πυάαεί
955 3128 1080 3180 ergo
1120 3114 1218 3166 hoc
1261 3127 1449 3166 nomen
1492 3126 1618 3181 agro
1655 3114 1886 3178 dedere,
1931 3130 2038 3169 non
2080 3116 2149 3169 ob

580 3217 764 3272 agrum
813 3204 1015 3270 ipsum,
1056 3203 1147 3256 sed
1178 3203 1246 3257 ob
1272 3202 1459 3257 Judam
1496 3221 1507 3255 :
1542 3219 1661 3256 nam
1704 3204 1747 3258 is
1790 3219 1917 3272 agro
1955 3221 2147 3259 nomen

582 3292 788 3347 indidit.
823 3293 884 3346 Et
916 3302 1073 3346 testes
1102 3291 1255 3345 aﬂ'ert
1283 3294 1522 3346 inimicos
1550 3312 1562 3347 :
1595 3294 1644 3347 id
1684 3296 1825 3348 enim
1855 3296 2143 3364 signiﬁcat,

580 3396 702 3435 cum
729 3382 854 3435 dicit
877 3424 891 3447 ,
935 3383 1075 3451 ipsos
1098 3383 1465 3450 appellavisse,
1504 3392 1559 3437 et
1598 3398 1715 3438 cum
1742 3384 1918 3450 addit,
1950 3385 2146 3455 Lingua

576 3489 769 3526 eorum.
801 3472 999 3528 Deinde
1022 3480 1138 3541 post
1162 3482 1431 3539 eventum,
1455 3476 1694 3542 apposite
1718 3474 2027 3544 prophetam
2054 3477 2147 3529 ad-

575 3561 720 3615 ducit
746 3562 923 3615 dicens
956 3579 969 3615 :
1000 3560 1087 3617 20.
1121 3560 1381 3628 Scriptum
1407 3574 1477 3615 est
1505 3564 1635 3616 enim
1663 3563 1714 3615 in
1754 3565 1879 3617 libro
1914 3564 2145 3620 Psalmo-

575 3666 686 3702 runt
708 3666 727 3704 :
763 3648 875 3702 Fiat
903 3652 1224 3703 commoratio
1265 3666 1436 3703 eorum
1475 3651 1700 3718 deserta,
1743 3662 1787 3704 et
1827 3670 1926 3706 non
1964 3655 2025 3707 sit
2061 3656 2146 3723 qui

576 3738 811 3791 inhabitet
836 3740 887 3791 in
909 3754 966 3791 ea
993 3736 1160 3809 (Psal.
1190 3739 1276 3794 68.
1307 3739 1421 3808 26).
1447 3739 1557 3794 Hoc
1579 3740 1645 3795 de
1670 3756 1798 3811 agro
1819 3752 1873 3797 et
1896 3744 1962 3798 de
1987 3744 2145 3797 domo

580 3830 792 3884 dicitur.
825 3829 892 3882 Et
938 3830 1273 3899 episcopatum
1298 3831 1407 3898 ejus
1445 3833 1657 3899 accipiat
1686 3832 1848 3897 alter;
1892 3834 1989 3887 hoc
2033 3844 2141 3902 est,

578 3918 927 3987 principatum
949 3958 963 3981 ,
988 3918 1357 3971 sacerdotium.
1384 3917 1557 3987 Itaque
1579 3919 1693 3972 haec
1720 3936 1819 3973 non
1844 3938 1961 3976 meo
1990 3921 2139 3990 liunt,

574 4006 666 4061 scd
693 4008 827 4074 ejus,
848 4006 934 4074 qui
959 4008 1069 4059 lucc
1086 4006 1345 4074 praedixit,
1368 4008 1608 4062 consilio.
1632 4008 1705 4062 Ne
1724 4009 1985 4065 videretur
2001 4014 2141 4068 enim

579 4110 820 4164 magnam
848 4109 957 4149 rem
987 4095 1226 4165 aggredi,
1259 4105 1311 4151 et
1336 4097 1545 4165 qualem
1572 4096 1813 4151 Christus
1843 4099 1953 4167 ipse
1990 4100 2143 4155 fecis-

581 4192 684 4249 set,
714 4184 1017 4251 prophetam
1062 4194 1250 4239 testem
1276 4184 1507 4239 adhibet.
1535 4185 1625 4240 2l.
1660 4185 1867 4255 Oportet
1892 4204 2028 4259 ergo,
2058 4191 2140 4243 in-

581 4272 723 4341 quit,
751 4289 811 4326 e:
833 4272 909 4325 his
932 4273 1069 4339 viris,
1096 4276 1178 4342 qui
1204 4276 1455 4327 nobiscum
1480 4285 1595 4328 sunt
1620 4279 1903 4347 congregati
1928 4280 1977 4331 in
2008 4282 2143 4333 omni

583 4370 817 4430 tempore.
850 4360 956 4417 Cur
983 4376 1100 4415 cum
1133 4363 1238 4416 illis
1265 4363 1364 4418 hoc
1389 4366 1778 4419 communicat?
1820 4366 1884 4421 Ut
1917 4384 1982 4422 ne
2011 4385 2140 4422 con-

578 4454 741 4505 tentio
770 4452 863 4504 hac
888 4452 952 4505 dc
980 4468 1036 4505 re
1063 4453 1310 4517 oriretur,
1338 4463 1388 4506 ct
1418 4469 1482 4507 ne
1504 4464 1686 4508 mutuo
1704 4457 1983 4525 litigarem.
2010 4459 2139 4513 Nam

573 4542 618 4594 si
666 4540 712 4592 id
758 4540 883 4606 ipsis
926 4542 1151 4605 accidit,
1198 4544 1362 4597 multo
1404 4544 1570 4611 magis
1609 4544 1715 4597 illis
1740 4547 2014 4599 accidisset
2044 4548 2139 4618 (ιι).

576 4630 683 4683 lloc
711 4643 835 4683 vero
862 4646 1072 4698 semper
1105 4631 1327 4685 devitat.
1362 4633 1481 4686 Ideo
1514 4637 1563 4686 in
1607 4636 1863 4704 principio
1896 4636 2100 4691 dicebat
2124 4682 2138 4706 ,

587 4717 692 4769 Viri
720 4722 915 4787 fratres.
960 4731 1149 4787 oportet
1191 4723 1368 4791 eligere
1404 4739 1464 4775 ex
1494 4724 1649 4776 nobis.
1682 4725 1991 4779 illultitutlini
2021 4743 2142 4796 per-

583 4807 739 4859 mittit
761 4807 1035 4874 judicium,
1066 4811 1221 4863 simul
1247 4826 1356 4876 cos,
1388 4814 1475 4880 qui
1504 4813 1851 4881 eligebantur,
1882 4831 2139 4870 veneran-

576 4894 673 4947 dos
698 4894 943 4960 reddens,
976 4912 1138 4964 seque
1168 4900 1400 4953 liberans
1424 4902 1490 4955 ab
1516 4903 1729 4965 invidia,
1761 4919 1877 4973 qua:
1916 4907 2139 4959 suboriri

580 4993 805 5065 poterat.
834 4984 961 5039 Nam
994 4986 1021 5037 l'
1052 5003 1105 5041 se
1144 5005 1329 5058 magna
1372 5005 1512 5059 saape
1549 4993 1722 5046 solent
1761 5010 1945 5061 parcre
1983 4998 2137 5050 mala.

578 5072 727 5139 Quod
756 5074 913 5143 igitur
942 5078 1017 5130 sic
1046 5078 1157 5130 tieri
1187 5087 1449 5146 oporteat,
1497 5082 1807 5150 prophetam
1832 5084 2041 5140 adducit
2068 5096 2143 5141 te-

578 5172 746 5217 stem:
776 5177 838 5215 ex
870 5164 1059 5233 quibus
1082 5181 1207 5221 vero
1228 5168 1537 5222 electionem
1552 5170 1664 5224 ﬁeri
1690 5182 1947 5241 oporteat,
1977 5176 2140 5229 inter-

580 5262 813 5321 pretatur
842 5257 949 5324 ipse
985 5256 1184 5321 dicens,
1220 5258 1298 5311 Ex
1323 5261 1403 5326 iis,
1446 5262 1530 5328 qui
1569 5264 1819 5316 nobiscum
1860 5270 2142 5336 congregati

584 5353 720 5407 sunt,
746 5344 795 5395 in
822 5348 956 5398 omni
983 5357 1219 5415 tempore.
1244 5351 1297 5403 Si
1328 5352 1467 5404 enim
1490 5352 1740 5419 dixisset,
1767 5356 1959 5426 Dignos
1987 5374 2143 5427 opor-

584 5442 660 5484 tet
680 5432 882 5493 adesse.
907 5448 1126 5491 czt-teros
1147 5438 1407 5493 aﬂecisset
1432 5446 1769 5499 contumelia.
1796 5446 1943 5501 Nunc
1969 5459 2141 5502 autem

582 5524 805 5590 tempori
850 5540 957 5577 rem
1001 5528 1301 5591 commisit;
1351 5546 1445 5583 nec
1487 5532 1615 5585 dixit
1656 5535 1984 5603 simpliciter,
2046 5536 2145 5600 Qui

643 5634 715 5693 (α)
756 5633 806 5680 id
829 5641 917 5703 est
941 5638 1009 5691 ,si
1031 5639 1256 5703 apostolis
1281 5641 1447 5688 accidit
1468 5648 1519 5689 ut
1539 5642 1602 5690 de
1628 5644 2139 5703 primatu-contende-

584 5703 694 5765 rent
712 5707 725 5743 ;
746 5694 1304 5765 multomagisaocidere
1330 5710 1517 5765 p0'erat
1536 5737 1547 5752 .
1576 5694 1728 5765 ut'qui
1756 5704 1971 5765 eligendi
1996 5716 2137 5757 erant

581 5756 625 5802 tu
650 5755 804 5803 locum
825 5757 979 5817 ludar,
998 5755 1124 5808 inter
1142 5772 1195 5809 se
1220 5755 1588 5811 contenderent.

2269 511 2552 579 congregati
2578 519 2711 573 sunt,
2740 508 2831 563 sed
2862 510 3088 574 addidit,
3122 507 3184 562 lu
3215 510 3349 562 omni
3374 518 3611 579 tempore,
3634 527 3739 579 quo
3764 512 3845 564 iu-

2264 600 2409 651 travit
2438 608 2483 651 et
2510 600 2658 651 exivit
2685 601 2817 652 inter
2840 616 2929 652 nos
2957 599 3203 653 Dominus
3226 598 3395 665 Jesus,
3422 599 3511 653 22.
3544 600 3785 669 incipiens
3814 619 3847 653 a

2264 687 2555 753 baptismate
2578 688 2809 753 Joannis,
2840 706 2991 757 usque
3025 690 3075 741 iu
3102 690 3231 742 diem
3258 706 3355 756 qua
3382 700 3667 758 assumptus
3694 700 3769 743 est
3812 708 3847 742 a

2266 780 2423 839 nobis,
2453 789 2621 832 testem
2651 782 3023 833 resurrectionis
3052 781 3159 848 ejus
3186 780 3441 833 nobiscum
3466 780 3577 846 ﬁeri
3602 796 3759 831 unum
3779 796 3846 833 ea:

2266 868 2391 923 istis.
2424 870 2501 923 Ad
2527 870 2651 940 quid
2678 870 2803 923 illud
2826 872 2847 922 ?
2876 869 2952 924 Ne
2976 870 3171 924 chorus
3196 884 3419 923 numero
3447 878 3719 924 truncatus
3749 884 3840 924 es-

2266 968 2366 1012 set.
2393 959 2526 1026 Quid
2550 960 2715 1029 ergo?
2735 976 2799 1012 an
2825 961 3037 1014 Petrum
3070 960 3241 1027 ipsum
3261 960 3456 1028 eligere
3481 973 3587 1013 non
3608 958 3801 1015 licebat
3818 959 3846 1011 ἲ

2268 1047 2484 1102 Licebat
2511 1050 2690 1119 utique
2714 1067 2727 1114 ;
2757 1049 2851 1104 sed
2880 1064 2947 1104 ne
2973 1049 3241 1103 videretur
3279 1049 3341 1101 ad
3370 1048 3591 1117 gratiam
3623 1049 3798 1103 facere
3824 1088 3842 1113 ,

2267 1138 2513 1192 abstinet.
2558 1140 2803 1208 Alioquin
2850 1154 2975 1193 vero
3019 1138 3252 1192 nondum
3301 1138 3526 1207 Spiritus
3576 1140 3845 1209 particeps

2266 1236 2401 1281 erat.
2434 1228 2522 1282 25.
2550 1227 2618 1280 Et
2644 1238 2950 1292 statuerunt,
2983 1228 3182 1297 inquit,
3216 1228 3363 1291 duos,
3394 1227 3605 1296 Joseplt,
3648 1228 3736 1297 qui
3762 1243 3843 1279 tto-

2265 1319 2468 1371 cabatur
2491 1319 2757 1384 Barsabas,
2789 1322 2871 1387 qui
2900 1321 3279 1389 cognominatus
3305 1330 3376 1372 est
3403 1319 3601 1381 Justus,
3624 1329 3670 1371 ct
3710 1319 3844 1372 Mut-

2266 1411 2440 1461 t/n'am.
2468 1409 2581 1463 Non
2623 1410 2733 1478 ipse
2774 1410 2894 1461 illos
2922 1410 3103 1462 statuit
3129 1449 3143 1473 ,
3187 1409 3279 1462 scd
3311 1422 3513 1461 omnes.
3545 1407 3839 1462 Consilium

2265 1516 2390 1555 vero
2417 1502 2527 1569 ipse
2554 1502 2789 1569 protulit,
2820 1500 3106 1553 ostendens
3134 1514 3239 1552 non
3266 1514 3418 1552 suum
3445 1512 3582 1563 esse,
3609 1496 3701 1551 sed
3724 1498 3839 1566 jam

2264 1594 2389 1646 olim
2423 1595 2472 1645 in
2506 1593 2775 1659 prephetia
2805 1591 3001 1646 ell‘erri.
3034 1591 3215 1661 Itaque
3260 1592 3522 1662 interpres
3548 1590 3646 1645 fuit
3670 1633 3683 1655 ,
3730 1607 3838 1644 non

2266 1691 2571 1750 pra'ceptor.
2598 1681 2786 1751 Josep/i
2813 1684 2897 1750 qui
2932 1682 3197 1735 uocabatur
3233 1680 3503 1748 Barsabas,
3532 1682 3616 1749 qui
3644 1698 3837 1751 coquo-

2263 1774 2479 1825 minatus
2535 1783 2605 1826 est
2656 1774 2853 1825 Justus.
2902 1772 3059 1826 Forte
3102 1771 3241 1840 quod
3276 1773 3454 1841 plures
3494 1774 3839 1841 cognomines

2260 1872 2454 1924 essent,
2484 1872 2762 1930 utrumque
2791 1863 2964 1930 posuit
2988 1880 2999 1914 :
3025 1876 3144 1915 nam
3172 1862 3310 1915 inter
3332 1863 3597 1932 apostolos
3625 1879 3839 1931 quoque

2260 1953 2557 2019 complures
2582 1962 2734 2005 erant
2772 1954 3136 2020 cognomines,
3168 1953 3395 2006 Jacobus
3439 1952 3679 2006 Zcbedan
3699 1995 3712 2017 ,
3740 1953 3836 2007 Ja-

2259 2042 2422 2096 cinbus
2450 2042 2651 2110 Alpban
2671 2083 2685 2105 ,
2718 2041 2900 2096 Simon
2934 2042 3118 2096 Petrus
3138 2082 3151 2104 ,
3180 2041 3361 2096 Simon
3391 2042 3603 2097 Zeloles
3626 2083 3638 2105 ,
3672 2042 3839 2098 ludas

2258 2132 2459 2196 Jacobi,
2488 2143 2542 2185 et
2568 2132 2728 2186 Judas
2759 2134 3052 2187 Iscariotes.
3082 2133 3326 2201 Alioquin
3356 2148 3479 2185 vero
3509 2143 3709 2201 poterat
3747 2150 3835 2202 ap-

2260 2225 2469 2290 pellatio
2498 2239 2615 2279 esse
2640 2226 2722 2277 vel
2753 2240 2818 2278 ex
2850 2226 2971 2278 vita:
2994 2226 3303 2283 mutatione.
3333 2225 3411 2276 vel
3452 2240 3515 2276 ex
3546 2225 3711 2293 ipsius
3743 2240 3837 2276 vo-

2258 2316 2475 2369 luntate.
2514 2334 2531 2365 r
2551 2317 2877 2381 Statuerunt,
2903 2336 2921 2367 ι
2947 2315 3131 2385 inquit,
3152 2298 3174 2365 it
3202 2314 3418 2384 Joseph,
3439 2316 3527 2384 qui
3551 2316 3838 2369 vocabatur

2256 2408 2511 2459 Barsabas
2534 2449 2547 2472 ,
2575 2409 2661 2476 qui
2690 2408 3092 2475 cognominatus
3112 2415 3194 2459 est
3218 2406 3418 2471 Justus,
3452 2414 3504 2459 et
3531 2406 3828 2460 Matthiatn.

2250 2496 2341 2550 2t.
2372 2516 2389 2548 ι
2421 2497 2487 2551 Et
2508 2507 2723 2551 orantes
2744 2497 2991 2553 dixerunt
3018 2514 3030 2549 :
3056 2497 3155 2563 Tu,
3186 2497 3428 2561 Domine,
3448 2496 3713 2565 quieorda
3739 2513 3835 2548 nn—

2253 2590 2320 2642 sti
2356 2588 2588 2642 omnium
2613 2629 2630 2654 ,
2674 2589 2897 2643 ostende
2938 2603 3094 2657 quem
3139 2586 3363 2655 elegeris
3398 2601 3463 2639 ex
3511 2586 3591 2639 his
3622 2586 3833 2641 duobus

2254 2694 2445 2741 unum,
2476 2679 2565 2734 25.
2597 2680 2839 2748 accipere
2868 2687 3067 2733 sortem
3100 2678 3375 2731 ministerii
3417 2676 3573 2744 hujus
3609 2686 3664 2731 et
3702 2693 3822 2745 apo-

2252 2769 2507 2829 stolatus.
2540 2769 2608 2822 de
2638 2785 2743 2837 quo
2772 2754 3149 2837 praevaricatus
3174 2777 3254 2821 est
3274 2766 3435 2821 Judas
3454 2808 3469 2833 ,
3497 2776 3552 2820 ut
3580 2767 3747 2821 abiret
3775 2767 3827 2821 in

2252 2857 2423 2912 locum
2463 2874 2635 2911 suum.
2665 2877 2682 2909 ι
2720 2859 2879 2911 llecte
2908 2867 3207 2910 memorant
3238 2856 3377 2909 illius
3407 2866 3703 2925 peccatum,
3733 2857 3831 2911 de-

2249 2948 2510 3003 clarantes
2539 2963 2595 3002 se
2622 2957 2806 3001 testem
2833 2961 3094 3016 quazrere,
3122 2962 3223 3001 non
3248 2959 3499 3017 augentes
3521 2962 3825 3016 numerum,

2252 3038 2343 3093 sed
2378 3054 2480 3091 non
2519 3038 2755 3090 imminui
2792 3039 3047 3090 sinentes.
3079 3037 3167 3091 26.
3206 3060 3225 3089 ι
3252 3038 3316 3091 Et
3354 3037 3613 3092 dederunt
3652 3045 3830 3092 sortes

2252 3128 2329 3180 eis
2375 3127 2641 3195 (nondum
2684 3126 2824 3179 enim
2870 3127 3096 3194 Spiritus
3133 3128 3285 3181 datus
3324 3128 3503 3197 erat),
3544 3137 3599 3181 et
3634 3128 3829 3182 cecidit

2253 3231 2371 3271 sors
2400 3232 2558 3282 super
2584 3215 2873 3279 Matthiam,
2904 3225 2956 3268 et
2986 3226 3362 3269 annumeratus
3392 3225 3472 3271 est
3501 3232 3619 3269 cum
3650 3218 3825 3272 unde-

2250 3308 2349 3359 Clllt
2379 3306 2651 3373 apostolis.
2680 3306 2861 3369 Tunc,
2893 3306 3093 3374 inquit,
3137 3308 3332 3360 reversi
3379 3318 3500 3360 sunt
3548 3308 3827 3378 JerOSoly-

2250 3413 2387 3450 tuam
2416 3412 2443 3448 a
2477 3397 2687 3459 monte,
2716 3397 2805 3464 qui
2834 3410 3048 3450 voratur
3074 3398 3261 3450 Uliveti
3286 3438 3302 3461 ,
3331 3399 3417 3466 qui
3450 3408 3530 3452 est
3554 3399 3703 3467 juxta
3732 3400 3826 3456 Jc-

2251 3486 2604 3555 rosolymam,
2634 3486 2836 3539 sabbati
2874 3486 3075 3539 habens
3097 3489 3214 3541 iter.
3246 3507 3265 3538 ›
3293 3488 3402 3541 Hoc
3420 3490 3829 3545 aitutinnnerct

2250 3576 2390 3643 ipsos
2420 3590 2522 3629 non
2541 3575 2750 3645 longum
2780 3576 2877 3629 iter
2897 3578 3186 3645 suscipere,
3206 3592 3272 3631 ne
3300 3577 3421 3646 quid
3448 3580 3665 3633 terroris
3691 3582 3829 3634 acci-

2247 3671 2398 3725 deret
2428 3671 2772 3726 trementibus
2798 3670 2970 3725 adhuc
2992 3671 3117 3741 ipsis
3147 3679 3201 3724 et
3226 3670 3596 3724 metuentibus.
3631 3671 3825 3726 Etcum

2248 3762 2547 3825 introissent,
2567 3762 2892 3815 ascenderunt
2914 3762 2963 3813 in
2984 3764 3313 3813 cenaculum.
3349 3759 3459 3813 Non
3491 3761 3629 3814 enim
3654 3762 3824 3817 aude-

2250 3852 2375 3906 bant
2424 3854 2474 3906 in
2523 3854 2735 3907 civitate
2783 3867 3110 3920 comparere.
3163 3852 3227 3905 Et
3278 3860 3420 3907 recte
3464 3853 3825 3909 ascenderunt

2248 3945 2297 3998 in
2339 3946 2690 4009 cmnacnlum,
2734 3955 2789 3997 ut
2834 3959 2937 3997 non
2985 3942 3137 3997 facile
3189 3952 3331 3997 esset
3377 3944 3520 4011 ipsos
3570 3957 3821 4012 compre-

2247 4036 2496 4091 hendere.
2531 4035 2596 4088 Et
2643 4045 2805 4100 erant,
2866 4036 3066 4103 inquit,
3107 4046 3471 4103 perseverantes
3516 4037 3825 4090 unanimiter

2246 4130 2297 4181 in
2331 4130 2571 4181 oratione.
2620 4127 2804 4181 \‘iden‘
2847 4142 3003 4196 quam
3034 4127 3215 4196 vigiles
3253 4136 3433 4181 essent
3480 4128 3531 4181 in
3577 4128 3823 4184 oratione

2248 4227 2673 4286 perseverantes,
2723 4216 2877 4284 idque
2910 4216 3226 4269 unanimiter
3260 4218 3405 4284 quasi
3449 4233 3553 4271 uno
3592 4217 3817 4272 eodem-

2245 4324 2346 4376 que
2391 4306 2606 4360 auimo?
2646 4306 2768 4359 ll:cc
2810 4306 2914 4360 duo
2963 4306 3029 4359 de
3075 4306 3178 4359 illis
3232 4306 3559 4360 testiﬁcatur.
3616 4307 3817 4376 Joseplt

2248 4396 2471 4449 furuisse
2531 4405 2765 4449 mortuus
2809 4405 2924 4448 erat
2972 4396 3105 4465 (a).
3161 4394 3276 4448 Non
3333 4396 3509 4457 enim,
3566 4394 3821 4451 fratribus

2245 4488 2599 4550 credentibus,
2648 4487 2757 4554 ipse
2804 4502 2907 4539 non
2953 4485 3285 4551 credidisset,
3328 4485 3414 4554 qui
3461 4493 3585 4540 ante
3628 4499 3821 4540 omnes

2246 4578 2559 4632 crediderat.
2592 4577 2747 4631 Certe
2780 4592 2881 4628 non
2914 4575 3184 4627 videbatur
3224 4589 3441 4641 usquam
3483 4574 3567 4627 ille
3601 4573 3821 4628 Christo

2248 4678 2302 4720 ut
2332 4668 2527 4721 homini
2558 4665 2828 4719 attendere
2849 4708 2862 4731 ,
2906 4676 2961 4717 ut
3000 4664 3164 4718 Mater
3191 4664 3431 4727 dicebat,
3465 4662 3572 4733 Ego
3602 4673 3644 4715 et
3676 4673 3821 4732 pater

2247 4768 2358 4810 tuus
2383 4758 2603 4810 dolentes
2627 4757 2965 4820 quwrebantus
2990 4764 3035 4807 te
3061 4753 3219 4823 (Luc.
3246 4753 3300 4805 2.
3331 4753 3456 4822 48).
3486 4753 3667 4823 Itaque
3694 4764 3822 4808 ante

2247 4864 2429 4903 omnes
2462 4848 2547 4901 ille
2576 4848 2853 4900 Dominum
2884 4855 3122 4901 noverat.
3155 4845 3429 4898 Fratribus
3453 4857 3577 4897 vero
3604 4842 3819 4896 dicebat

2246 4939 2526 4993 Christus:
2561 4934 2679 4989 Non
2708 4945 2860 4999 potest
2907 4934 3119 4986 mundus
3164 4949 3249 4985 vos
3290 4933 3453 4986 odisse
3477 4973 3492 4997 ,
3534 4948 3610 4983 me
3649 4939 3822 4984 autem

2246 5028 2349 5081 odit
2381 5025 2564 5097 (Joan.
2599 5026 2649 5077 7.
2682 5026 2769 5094 7).
2806 5024 2933 5078 Vide
2958 5034 3131 5076 autem
3157 5021 3337 5077 Jacobi
3370 5020 3699 5074 modestiam.
3726 5017 3823 5074 Ille

2246 5131 2475 5187 namque
2504 5115 2954 5184 Jerosolymorutn
2994 5112 3357 5181 episcopatum
3387 5110 3591 5177 accepit
3614 5149 3627 5169 .
3657 5117 3711 5162 et
3741 5118 3824 5160 ta-

2248 5220 2369 5261 men
2399 5205 2483 5259 hic
2510 5204 2641 5259 nihil
2663 5204 2915 5271 loquitur.
2944 5203 3181 5255 Aliorum
3206 5214 3415 5270 quoque
3440 5199 3819 5266 discipulorum

2248 5313 2504 5352 summam
2538 5296 2885 5350 humilitatem
2917 5294 3215 5355 considera,
3244 5307 3348 5361 quo
3380 5300 3530 5358 pacto
3557 5290 3628 5341 illi
3670 5288 3815 5341 thro-

2251 5404 2372 5443 num
2411 5387 2750 5450 concedunt,
2792 5400 2962 5453 neque
2996 5385 3103 5453 jam
3144 5392 3324 5435 mutuo
3363 5381 3674 5446 disceptant.
3727 5377 3821 5431 illa

2249 5481 2388 5533 enim
2419 5478 2655 5532 Ecclesia
2696 5479 2844 5545 quasi
2888 5478 2937 5527 in
2981 5475 3125 5529 ca-lis
3167 5472 3330 5541 posita
3374 5479 3521 5531 erat,
3564 5469 3825 5523 smcularc

2254 5573 2381 5626 nihil
2412 5573 2632 5637 habens,
2665 5585 2767 5623 non
2800 5568 3085 5637 parietibus
3109 5608 3121 5629 ,
3165 5580 3267 5619 non
3298 5564 3676 5622 marmoribus,
3723 5559 3823 5612 sed

2314 5718 2387 5766 tu;
2404 5706 2584 5767 Joscph
2604 5717 2804 5769 Sponsus
2823 5704 2976 5753 Maria-
2998 5702 3181 5752 vidctur
3202 5708 3418 5750 mortuus
3439 5696 3583 5746 fuisse
3608 5701 3718 5743 ante
3749 5708 3830 5742 ηδε

2260 5782 2547 5819 οριίδιυιιυιη.
