4092 6500
255 462 323 514 57
1228 467 1292 524 IN
1334 465 1513 522 ACTA
1558 460 2330 521 AI’OSTOLORUMJIOMIL.
2374 461 2461 517 ΙΙΙ.
3487 464 3553 518 38

260 604 443 645 eorum
487 589 581 659 qui
608 594 970 643 convenerant
1001 583 1209 638 fervore
1248 580 1615 651 resplendcns.
1660 578 1851 639 Erant.

262 679 466 750 inquit,
501 684 610 749 fere
633 688 831 733 centum
871 676 1066 745 viginti.
1108 673 1269 727 Forte
1304 673 1637 741 septuaginta
1664 714 1678 736 ,
1720 685 1855 742 quos

264 768 375 835 ipse
389 768 648 838 elegerat,
673 768 785 821 sive
805 766 893 820 alii
914 779 1125 834 quoque
1145 779 1208 818 ex
1225 763 1655 828 ferventioribus,
1669 764 1854 832 quales

262 870 415 915 erant
441 860 643 929 Joseph
674 868 729 914 et
754 856 999 912 Matthias
1029 872 1046 910 :
1070 866 1123 911 ct
1148 855 1401 911 mulieres
1425 856 1605 910 multa:
1628 872 1746 925 qttzL'
1769 869 1854 909 se-

260 951 562 1018 quebantur
604 950 774 1011 illum,
810 947 966 1001 simul
999 945 1193 1016 ubique
1219 945 1461 1000 aderant.

330 1042 383 1095 5.
420 1038 543 1093 lltee
566 1037 802 1092 doctoris
833 1034 1186 1107 providentia.
1217 1034 1426 1089 Primus
1457 1035 1542 1090 hic
1570 1034 1844 1087 doctorem

256 1130 552 1184 constituit.
585 1128 700 1183 Non
728 1128 880 1190 dixit,
914 1126 1021 1181 Nos
1064 1126 1129 1181 ad
1175 1125 1472 1180 docendum
1513 1124 1848 1180 sufficimus:

257 1221 329 1274 ita
376 1220 558 1289 procul
604 1228 719 1274 erat
762 1234 792 1273 a
842 1233 973 1271 vana
1002 1216 1191 1286 gloria,
1235 1225 1290 1270 et
1333 1216 1397 1269 ad
1440 1231 1602 1269 unum
1647 1223 1848 1268 tantum

255 1310 563 1378 spectabat,
609 1323 930 1379 quamquam
965 1324 1069 1362 non
1123 1306 1234 1375 pari
1266 1306 1436 1360 forma
1478 1306 1616 1374 apud
1661 1318 1850 1358 omnes

254 1402 374 1469 ejus
402 1404 612 1472 vigebat
646 1401 956 1455 auctoritas.
985 1398 1091 1454 Sed
1126 1400 1247 1468 jure
1279 1398 1392 1453 ha-c
1420 1398 1498 1452 sic
1528 1396 1851 1467 gerebantur

252 1494 325 1545 ob
353 1493 600 1545 virtutem
631 1490 763 1554 viri;
796 1498 851 1545 et
878 1489 1019 1560 quod
1048 1505 1189 1545 nunc
1212 1488 1525 1558 prtefcctura
1549 1502 1652 1542 non
1677 1488 1849 1542 honor

252 1590 415 1645 esset,
449 1580 543 1635 sed
575 1580 908 1650 providentia
953 1595 1077 1648 erga
1125 1578 1385 1633 subditos.
1432 1579 1500 1632 Ea
1529 1593 1614 1631 res
1638 1593 1744 1631 non
1772 1580 1846 1631 si-

255 1672 420 1725 nebat
445 1672 645 1728 elrctos
674 1671 886 1736 eﬂ‘erri;
920 1672 985 1726 ad
1028 1673 1262 1740 pericula
1304 1672 1445 1726 enim
1473 1671 1844 1737 vocabantur;

255 1776 430 1830 neque
460 1776 554 1815 eos
584 1763 671 1829 qui
702 1762 858 1817 electi
891 1774 994 1816 neu
1028 1761 1259 1825 fuerant,
1291 1770 1347 1815 ttt
1376 1761 1724 1817 inhonoratos
1751 1763 1846 1817 do-

254 1851 388 1906 lere.
414 1854 484 1906 At
509 1868 650 1908 nunc
688 1868 793 1908 non
821 1861 890 1907 tta
920 1868 980 1908 se
1006 1868 1094 1908 res
1124 1853 1304 1917 habet,
1333 1854 1425 1908 sed
1454 1862 1641 1907 contra
1668 1854 1845 1907 omni-

254 1956 346 1998 no.
384 1943 513 1998 Vide
541 1960 788 2014 namque,
816 1953 1036 2001 centum
1064 1945 1245 2015 viginti
1273 1953 1447 2011 erant,
1474 1954 1527 2000 et
1556 1960 1717 2001 unum
1747 1959 1845 2014 po-

252 2034 419 2089 stulat
447 2035 515 2089 ab
538 2036 682 2089 omni
713 2033 1087 2098 multitudine;
1130 2044 1185 2090 et
1217 2036 1340 2104 jure
1372 2034 1606 2104 quidem.
1637 2034 1846 2088 Primus

251 2128 627 2183 auctoritatem
656 2126 817 2184 habet
844 2130 896 2183 in
925 2129 1158 2199 negotio,
1193 2138 1254 2183 ut
1271 2128 1358 2183 cui
1384 2144 1571 2183 omnes
1592 2131 1846 2185 commis-

251 2217 301 2271 si
334 2216 577 2272 fuissent.
630 2219 761 2274 Huic
804 2220 946 2274 enim
988 2217 1233 2275 Christus
1262 2220 1472 2274 dixerat
1514 2239 1526 2273 :
1570 2219 1634 2272 Et
1665 2230 1717 2273 tu
1742 2221 1843 2274 ati-

248 2310 457 2377 quando
477 2325 761 2375 comversus,
793 2311 1041 2379 conﬁrma
1074 2311 1259 2380 fratres
1286 2320 1398 2365 tuos
1429 2309 1581 2381 (Luc.
1608 2311 1699 2365 22.
1729 2312 1840 2382 52).

249 2401 410 2467 Quia,
445 2400 634 2471 inquit,
657 2401 1059 2458 Connumeratus
1087 2403 1265 2457 eratin
1292 2402 1455 2470 nobis,
1488 2402 1844 2471 ideooporlct

246 2491 417 2545 alium
446 2507 776 2561 proponere,
811 2493 902 2561 qui
937 2493 1080 2547 illius
1126 2494 1244 2548 loco
1292 2494 1361 2548 sit
1406 2496 1575 2549 testis.
1604 2495 1673 2549 Et
1697 2495 1839 2562 vide,

247 2582 521 2652 quomodo
568 2582 840 2638 doctorem
888 2598 1041 2637 suum
1099 2585 1353 2651 imitatur,
1385 2586 1577 2655 ubique
1604 2602 1667 2640 ex
1698 2586 1841 2641 Scri-

249 2675 427 2743 pturis
453 2674 758 2739 disserens;
787 2689 885 2729 nec
907 2675 1188 2746 quidquam
1231 2676 1298 2731 de
1341 2677 1554 2732 Christo
1591 2679 1837 2748 loquens,

246 2764 391 2832 quod
423 2779 613 2833 nempe
639 2764 690 2817 id
719 2764 806 2819 ille
843 2780 985 2835 smpe
1013 2765 1363 2835 praedixisset.
1390 2766 1575 2837 Neque
1600 2768 1731 2823 dicit
1752 2768 1840 2824 ubi

244 2854 525 2923 Scriptura
552 2854 905 2923 proditionem
927 2855 1042 2921 ejus
1067 2867 1359 2922 memoret;
1390 2873 1601 2928 nempe,
1630 2858 1701 2915 0s
1720 2877 1841 2930 pec-

245 2947 438 2999 catoris
465 2955 512 2999 et
538 2962 594 3000 os
623 2945 787 2999 dolosi
812 2962 963 3014 super
1005 2963 1085 2998 me
1121 2964 1353 3009 apertum
1395 2958 1469 3003 est
1504 2948 1677 3021 (Psal.
1712 2951 1836 3007 108.

244 3037 333 3105 2);
363 3036 454 3091 sed
483 3037 569 3091 ubi
595 3046 798 3092 tantum
831 3038 970 3092 illius
990 3039 1231 3107 supplicii
1263 3041 1503 3094 meminit
1529 3060 1543 3095 :
1567 3042 1667 3096 hoc
1691 3044 1836 3096 enim

247 3128 464 3182 interim
506 3128 626 3184 illos
668 3128 807 3183 scire
835 3128 1075 3197 juvabat.
1119 3129 1250 3183 Illud
1295 3146 1424 3186 vero
1461 3132 1690 3186 maxime
1737 3132 1840 3187 Do-

248 3220 380 3274 mini
409 3220 785 3290 benignitatem
813 3221 1067 3275 declarat.
1098 3220 1382 3288 Quoniam,
1414 3222 1605 3293 inquit,
1630 3223 1837 3278 Connu-

245 3320 471 3362 meratus
495 3319 602 3363 erat
630 3310 683 3362 in
723 3310 882 3373 nobis,
912 3321 959 3363 et
986 3312 1195 3365 sortitus
1234 3320 1307 3365 est
1349 3321 1534 3366 sortem
1572 3313 1838 3368 ministerii

244 3402 426 3470 hujus.
454 3402 663 3457 Sortem
694 3402 889 3470 ubique
931 3416 1104 3467 vocat,
1139 3403 1429 3459 ostendens
1457 3414 1625 3459 totum
1650 3419 1681 3459 a
1709 3420 1834 3474 grao

246 3497 320 3546 tia
351 3494 439 3547 Dei
479 3505 530 3548 et
576 3495 644 3549 ab
682 3494 800 3564 ejus
845 3495 1106 3549 electione
1148 3509 1269 3550 esse
1292 3537 1307 3561 ,
1336 3508 1387 3550 et
1416 3505 1594 3551 vetera
1624 3497 1753 3566 ipsis
1784 3500 1833 3553 iu

244 3594 485 3638 mentem
512 3599 790 3649 revocans,
819 3585 958 3655 quod
992 3601 1183 3656 nempe
1208 3586 1349 3641 Deus
1374 3588 1502 3657 ipsis
1523 3598 1720 3643 sortem
1742 3590 1837 3645 de-

243 3676 409 3740 derit,
442 3686 501 3730 ut
529 3676 654 3729 olim
677 3676 895 3732 Levitis.
929 3678 993 3733 Et
1016 3679 1331 3733 immoratur
1351 3680 1415 3735 iis
1440 3696 1560 3750 qum
1586 3681 1837 3737 dicuntur

244 3767 319 3822 de
348 3766 503 3830 Juda,
530 3767 669 3835 quod
716 3783 907 3837 nempe
957 3770 1270 3837 proditionis
1316 3784 1543 3837 merces,
1590 3772 1835 3826 vindictae

244 3859 321 3912 sit
350 3872 545 3926 pra‘co.
578 3855 835 3921 Possedit,
867 3858 1058 3928 inquit,
1082 3875 1261 3931 agrum
1290 3859 1354 3913 de
1391 3862 1618 3915 mercede
1648 3863 1836 3933 iniqui-

244 3948 388 4001 tatis.
415 3947 545 4001 Vide
573 3948 840 4018 quomodo
869 3946 972 4003 hoc
1007 3964 1071 4003 ex
1114 3949 1296 4003 divina
1323 3948 1729 4019 dispensatione
1756 3955 1833 4007 fa-

243 4052 392 4096 ctum
413 4041 587 4096 fuerit.
613 4040 924 4109 lniqaitatis,
950 4044 1138 4110 inquit.
1166 4042 1343 4097 Multa:
1362 4054 1487 4097 sunt
1504 4044 1832 4113 iniquitates,

244 4132 346 4186 sed
373 4132 471 4185 hac
498 4132 629 4186 nibil
654 4132 885 4202 iniquius
914 4147 1163 4203 umquam
1194 4132 1390 4188 factum
1409 4144 1509 4189 est.
1533 4134 1714 4205 Itaque
1736 4137 1846 4190 ini-

244 4225 467 4293 quitatis
495 4232 611 4278 erat
637 4224 925 4294 negotium.
970 4224 1078 4279 Nec
1121 4226 1475 4295 praesentibus
1505 4237 1707 4281 tantum
1736 4244 1836 4283 no-

246 4326 363 4369 tum
395 4314 513 4381 fuit,
547 4314 641 4370 sed
670 4318 828 4370 etiam
862 4316 1090 4385 posteris
1116 4318 1364 4372 omnibus
1406 4336 1419 4372 :
1451 4320 1521 4373 ita
1554 4330 1611 4373 ut
1640 4321 1721 4375 vel
1753 4322 1836 4375 iu-

245 4406 344 4460 viti
387 4415 442 4459 et
486 4406 636 4459 inscii
684 4406 855 4460 locum
907 4407 1264 4474 nominarent,
1305 4410 1752 4478 quemadmodum
1783 4421 1838 4466 et

244 4496 480 4564 Caipbas
517 4496 853 4567 prepbetavit
898 4499 1117 4553 inscius.
1169 4500 1307 4554 Deus
1354 4503 1610 4570 compulit
1656 4517 1749 4557 eos
1781 4513 1837 4558 ut

248 4586 513 4642 ﬂebraice
544 4602 736 4642 nomen
765 4589 955 4643 darent
981 4590 1287 4644 Aceldama.
1324 4590 1458 4645 llinc
1488 4592 1835 4649 declaraban-

246 4688 338 4733 tur
365 4679 501 4732 mala
529 4677 741 4733 Judteos
772 4680 1039 4735 invasura.
1083 4684 1257 4751 Atque
1283 4683 1515 4738 ostendit
1546 4684 1682 4740 hanc
1714 4702 1836 4755 pro-

248 4772 489 4843 phetiam
518 4787 582 4826 ex
612 4782 759 4841 parte
780 4776 1095 4844 completam
1126 4793 1137 4829 :
1166 4774 1365 4828 Bonum
1391 4786 1497 4829 eral
1520 4764 1583 4841 ei,
1617 4779 1660 4832 si
1687 4792 1835 4833 natus

245 4882 355 4919 non
378 4867 551 4933 fuisset
578 4866 727 4920 homo
746 4866 834 4920 ille
860 4865 1070 4935 (Matth.
1103 4868 1194 4922 26.
1224 4868 1340 4937 24).
1372 4869 1445 4925 De
1471 4869 1670 4924 Jud:eis
1699 4888 1834 4940 quo-

244 4973 359 5028 que
386 4957 569 5011 eadem
596 4958 772 5012 dicere
802 4974 898 5026 par
925 4970 1028 5013 est.
1063 4960 1268 5013 Etenim
1297 4962 1340 5013 si
1372 4961 1474 5014 dux
1502 4963 1687 5030 plexus
1717 4964 1833 5028 fuit,

248 5048 424 5102 multo
451 5048 618 5117 magis
665 5048 738 5102 hi.
794 5047 898 5103 Sed
947 5049 1138 5103 horum
1182 5050 1316 5104 nihil
1362 5052 1535 5106 adhuc
1580 5054 1833 5123 loquitur.

250 5138 459 5194 Deinde
486 5139 773 5194 ostendens
811 5140 876 5195 de
903 5141 1019 5209 ipso
1044 5140 1165 5207 jure
1199 5140 1302 5196 dici
1350 5141 1476 5195 illud
1525 5144 1834 5212 Aceldama,

248 5231 458 5285 inducit
493 5232 805 5302 prophetam
835 5233 1097 5288 dicentem
1129 5252 1142 5287 :
1178 5232 1297 5288 Fiat
1326 5236 1569 5290 habitatio
1605 5239 1715 5305 ejus
1743 5239 1834 5292 de-

249 5334 388 5378 serta
416 5321 583 5394 (Psal.
616 5320 706 5380 68.
748 5324 862 5395 26).
908 5324 1045 5391 Quid
1072 5327 1214 5380 enim
1246 5325 1511 5381 desertius
1550 5332 1836 5399 sepulcro?

251 5415 381 5470 Ideo
408 5414 483 5468 sic
519 5414 642 5484 jure
666 5413 851 5470 debuit
891 5431 1018 5486 ager
1059 5418 1260 5472 vocari.
1304 5418 1405 5483 Qui
1435 5419 1576 5473 enim
1606 5422 1837 5491 pretium

249 5508 570 5571 numeravit,
604 5507 814 5561 etiamsi
845 5507 931 5560 alii
971 5508 1223 5573 emerint,
1269 5509 1357 5564 ille
1397 5511 1587 5565 merito
1625 5515 1833 5568 censeri

248 5599 408 5653 debet
434 5612 591 5653 causa
623 5613 747 5653 esse
778 5606 937 5653 tanta:
982 5600 1349 5654 desolatimtis.
1393 5601 1519 5657 ilrec
1550 5618 1711 5673 porro
1736 5604 1831 5659 dc-

245 5688 437 5745 soistio
479 5689 804 5760 principium
850 5698 931 5743 est
971 5688 1206 5745 Judaica:
1236 5691 1603 5759 desolationis,
1647 5696 1689 5749 si
1717 5697 1836 5766 quis

246 5780 522 5853 diligenter
551 5780 848 5851 expendat.
875 5781 1007 5837 Nam
1040 5792 1095 5837 et
1143 5783 1240 5852 ipsi
1286 5785 1491 5853 seipsos
1528 5786 1665 5841 fame
1688 5788 1836 5843 occi-

244 5879 452 5943 derunt,
481 5874 801 5944 multosque
829 5873 1234 5940 interemerunt,
1270 5886 1321 5930 et
1349 5877 1475 5932 urbs
1506 5878 1625 5949 ipsa
1651 5882 1831 5950 sepul-

1938 621 1941 623 .
1968 592 2118 629 rrum
2151 574 2241 629 fuit
2276 575 2544 645 hospitum
2571 583 2628 629 et
2655 573 2899 630 militum.
2930 576 3052 632 lilos
3078 593 3208 634 vero
3237 594 3306 636 ne
3335 581 3551 652 sepeliri

1964 666 2179 736 quidem
2208 666 2477 732 sinebant,
2505 674 2562 719 ut
2591 667 2860 735 sepultura
2904 668 3172 740 indignos.
3215 670 3424 743 Oportet
3459 675 3553 744 igi-

1963 767 2064 821 tur,
2094 758 2280 826 inquit,
2311 774 2373 812 ea;
2395 759 2473 811 Itis
2520 759 2640 811 viris
2676 760 2764 829 qui
2802 760 3060 814 nobiscum
3094 774 3212 816 sunt
3236 767 3550 834 congregati.

1964 848 2114 911 Vide,
2129 851 2397 918 quomodo
2424 849 2535 903 vult
2556 850 2673 904 illos
2691 857 2852 903 testes
2870 851 3110 907 oculatos
3133 852 3314 913 fuisse.
3339 856 3551 909 etiamsi

1958 939 2283 995 adventuros
2326 953 2470 995 esset
2518 941 2749 1009 Spiritus
2779 959 2792 995 :
2822 949 3054 997 attamen
3095 958 3342 1013 magnam
3389 944 3550 1015 hujus

1958 1029 2034 1083 rei
2060 1045 2239 1084 curam
2264 1029 2626 1085 haliebat.»Ea:
2646 1032 2783 1095 viris,
2814 1031 3001 1102 inquit,
3032 1034 3120 1103 qui
3140 1034 3401 1089 nobiscum
3428 1049 3550 1090 sunt

1958 1122 2267 1191 congregati,
2298 1122 2349 1175 in
2378 1122 2515 1175 omni
2542 1131 2767 1190 tempore
2789 1139 2889 1190 quo
2915 1124 3120 1177 intravit
3157 1135 3205 1179 et
3232 1126 3382 1179 emittit
3418 1127 3550 1180 inter

1955 1227 2048 1265 nos
2068 1210 2311 1265 Dominus
2330 1211 2500 1266 Iesus.
2526 1212 2802 1282 Signiﬁcat
2828 1213 2972 1284 ipsos
2995 1213 3264 1272 habitasse
3284 1232 3405 1271 cum
3429 1219 3546 1284 illo,

1955 1315 2055 1354 nec
2080 1302 2390 1370 simpliciter
2413 1302 2574 1357 fuisse
2601 1302 2910 1372 discipulos.
2940 1304 3199 1361 Nimirum
3227 1323 3254 1360 a
3288 1308 3549 1377 principio

1956 1392 2107 1445 multi
2135 1392 2499 1461 sequebantur
2520 1408 2664 1447 eum.
2700 1393 2831 1449 Vide
2872 1395 3031 1466 igitur
3050 1397 3322 1466 quomodo
3356 1398 3497 1454 dicat
3531 1418 3543 1453 :

1954 1477 2083 1533 Erat
2111 1498 2244 1535 unus
2274 1499 2336 1536 ex
2360 1484 2557 1537 duobus
2581 1484 2669 1551 qui
2688 1486 2957 1538 audierant
2977 1502 3007 1537 a
3033 1485 3257 1554 Joanne,
3280 1498 3327 1542 et
3347 1491 3546 1558 sequuti

1952 1580 2067 1623 sunt
2091 1570 2268 1626 Iesum
2295 1572 2471 1641 (Iona.
2509 1576 2559 1629 1.
2601 1575 2716 1644 40).
2759 1574 2827 1629 In
2878 1578 3017 1630 omni
3065 1587 3305 1649 tempore,
3354 1580 3540 1650 inquit,

1951 1677 2051 1729 quo
2082 1663 2286 1717 intravit
2316 1676 2361 1717 et
2387 1667 2537 1719 exivit
2566 1667 2698 1720 inter
2724 1684 2815 1720 nos
2842 1666 3093 1723 Dominus
3119 1668 3273 1723 Iesus
3298 1672 3543 1741 incipiens

1950 1768 1983 1805 tt
2010 1752 2307 1821 baptismate
2331 1755 2567 1810 Joannis.
2600 1756 2764 1812 Recte
2794 1758 3016 1823 etenim,
3046 1775 3165 1830 qua:
3205 1762 3353 1829 prius
3392 1774 3540 1833 gesta

1952 1842 2180 1909 fuerant,
2213 1861 2371 1901 nemo
2408 1858 2627 1907 noverat
2655 1847 2898 1911 edoctus,
2937 1849 3028 1903 sed
3056 1864 3086 1904 a
3113 1851 3314 1921 Spiritu
3340 1854 3543 1910 didice-

1950 1944 2096 1988 runt.
2128 1933 2298 1999 Usque
2317 1937 2367 1989 in
2389 1938 2542 2004 diem,
2566 1938 2755 2008 inquit,
2783 1956 2883 2009 qua
2909 1953 3199 2009 assumptus
3225 1953 3296 1999 est
3322 1963 3353 1997 α
3378 1948 3541 2013 nobis,

1949 2032 2122 2077 testem
2144 2026 2522 2081 resurrectionis
2550 2030 2659 2098 ejus
2699 2029 2955 2083 nobiscum
2988 2031 3100 2099 ﬁeri
3130 2048 3287 2086 unum
3323 2051 3389 2089 ea:
3411 2036 3539 2089 istis.

1949 2115 2063 2170 Non
2091 2117 2245 2181 dixit,
2276 2118 2605 2174 Ca-terorum
2651 2130 2841 2175 testem
2868 2137 2882 2187 ;
2915 2123 3031 2189 sed,
3084 2122 3279 2178 Testem
3312 2141 3540 2180 resurre-

1947 2207 2160 2273 ctionis,‘
2179 2217 2406 2263 tantum.
2450 2209 2583 2263 Nam
2618 2210 2963 2281 lidedignior
2991 2224 3106 2268 erat
3134 2215 3197 2276 is,
3232 2217 3322 2285 qtti
3361 2216 3543 2273 dicere

1949 2310 2193 2369 poterat:
2227 2301 2328 2369 Qui
2373 2302 2584 2366 edebat,
2629 2304 2872 2371 bibebat,
2915 2315 2967 2361 et
3014 2307 3302 2363 cruciﬁxus
3341 2319 3442 2376 est,
3497 2312 3542 2365 is

1949 2390 2062 2459 ipse
2110 2393 2424 2447 resurrexit.
2481 2395 2667 2463 Itaque
2713 2410 2886 2465 neque
2927 2398 3206 2464 prmteriti,
3240 2414 3413 2469 neque
3456 2415 3545 2457 se-

1947 2482 2157 2548 quentis
2187 2484 2461 2552 temporis,
2496 2500 2670 2555 neque
2699 2486 2975 2555 signorum
3010 2496 3199 2541 testem
3231 2504 3352 2545 esse
3374 2506 3539 2561 opor-

1948 2573 2113 2640 lebat,
2142 2574 2236 2629 sed
2270 2578 2683 2631 resurrectionis
2714 2587 2943 2634 tantum.
2986 2579 3075 2633 llla’
3107 2596 3336 2651 namque
3363 2586 3540 2639 Inani-

1947 2663 2079 2719 festa
2131 2672 2188 2719 et
2226 2665 2278 2718 in
2319 2665 2568 2721 confesso
2616 2678 2799 2731 erant;
2842 2670 3164 2723 resurrectio
3192 2677 3371 2726 autem
3402 2672 3539 2728 clam

1946 2756 2080 2811 facta
2112 2756 2306 2821 fuerat,
2338 2758 2525 2829 hisque
2553 2760 2727 2813 solum
2774 2770 2898 2813 nota
2926 2770 3063 2816 erat.
3092 2761 3275 2832 Neque
3305 2764 3489 2823 dicunt
3523 2784 3536 2819 :

1945 2847 2133 2915 Angeli
2174 2848 2425 2904 dixerunt
2457 2850 2639 2915 nobis;
2674 2850 2789 2911 sed.
2820 2851 2928 2906 Nos
2971 2849 3204 2908 vidimus
3258 2853 3537 2911 Undenam

1944 2940 1994 2995 id
2028 2941 2368 2996 manifestum
2398 2942 2519 2996 est?
2550 2942 2626 2996 Ex
2666 2943 2938 2998 miraculis
2977 2960 3098 3014 qum
3133 2943 3377 3000 facimus.
3414 2948 3539 3003 ldeo

1945 3038 2070 3083 tunc
2103 3031 2435 3098 poti~simum
2484 3032 2601 3087 illos
2661 3032 2763 3087 lidc
2796 3034 2985 3104 dignos
3020 3049 3140 3093 esse
3173 3038 3429 3105 Oportuit.
3474 3039 3539 3091 Et

1940 3130 2245 3188 statuerunt,
2283 3124 2473 3193 inquit,
2503 3125 2649 3177 duos.
2693 3123 2803 3179 Cur
2842 3141 2947 3180 non
2998 3126 3216 3196 plures?
3252 3128 3331 3183 Ne
3366 3130 3538 3199 major

1943 3214 2097 3269 fieret
2123 3216 2424 3281 animorum
2458 3216 2807 3285 perturbatio,
2846 3233 2978 3274 neve
3009 3235 3097 3275 res
3126 3222 3177 3275 in
3210 3224 3406 3277 multos
3430 3239 3528 3279 ex~

1942 3307 2273 3362 tenderetur.
2305 3307 2415 3363 Nec
2443 3309 2563 3363 sine
2599 3323 2757 3363 causa
2792 3310 3067 3365 Matthiam
3114 3314 3318 3383 adjicit,
3354 3318 3449 3372 sed
3482 3330 3538 3374 ut

1940 3399 2186 3454 ostendat
2206 3414 2350 3464 eum,
2374 3400 2462 3469 qui
2487 3400 2629 3469 apud
2654 3399 2897 3456 homines
2920 3402 3247 3460 honorabilis
3268 3416 3371 3475 ρει,
3393 3412 3536 3479 apud

1942 3492 2108 3546 Deum
2160 3506 2281 3553 esse
2331 3490 2657 3547 inferiorem.
2698 3492 2767 3547 Et
2809 3495 2966 3549 simul
3016 3512 3205 3552 omnes
3250 3512 3537 3569 precantur

1940 3584 2201 3649 dicentes,
2236 3582 2334 3650 Tu,
2361 3584 2596 3648 Domine,
2625 3588 2712 3655 qui
2738 3588 2894 3640 corda
2919 3590 3049 3641 nosti
3080 3594 3329 3660 omnium,
3362 3604 3531 3650 osten-

1941 3674 2023 3726 de.
2066 3673 2184 3740 'l‘u,
2236 3688 2343 3727 non
2392 3688 2511 3728 nos.
2562 3673 2875 3745 Opportune
2914 3678 3157 3734 cordium
3204 3685 3533 3753 cognitorem

1940 3773 2134 3818 vocant
2164 3781 2178 3817 :
2207 3767 2276 3818 ab
2319 3765 2413 3819 illo
2457 3767 2600 3820 enim
2633 3767 2827 3822 electio
2864 3768 3099 3824 facienda
3132 3784 3265 3839 erat,
3314 3792 3418 3828 non
3466 3779 3536 3830 ab

1939 3858 2079 3911 aliis.
2132 3856 2221 3912 Sic
2268 3858 2608 3914 eonlldenter
2662 3859 3037 3929 loquebantur,
3088 3866 3210 3934 quia
3252 3870 3537 3937 oportebat

1940 3949 2160 4002 omnino
2205 3964 2371 4003 unum
2416 3950 2559 4019 eligi.
2618 3949 2805 4021 Neque
2859 3952 3130 4015 dixerunt,
3186 3957 3362 4028 Elige;
3414 3962 3529 4025 sed,

1940 4039 2175 4094 Ostende
2227 4041 2453 4094 electum
2485 4082 2501 4107 ,
2550 4041 2710 4107 Quem
2750 4043 2999 4111 elegeris,
3048 4046 3255 4116 inquit:
3300 4051 3535 4107 scientes

1940 4134 2120 4184 omnia
2137 4147 2165 4183 a
2194 4130 2303 4185 Deo
2332 4132 2659 4201 pm-delinita
2683 4149 2822 4189 esse.
2846 4134 2931 4188 Ea:
2953 4137 3030 4189 Itis
3052 4139 3247 4193 duobus
3268 4159 3427 4196 unum
3450 4162 3539 4198 ac-

1940 4222 2106 4293 cipere
2124 4233 2309 4277 sortem
2336 4225 2601 4278 ministerii
2628 4228 2781 4292 hujus
2801 4236 2845 4279 et
2874 4230 3204 4295 apostolatus.
3232 4232 3364 4288 Erat
3391 4240 3534 4291 enim

1941 4316 2101 4369 etiam
2135 4316 2279 4369 aliud
2318 4317 2698 4371 ministerium.
2728 4318 2793 4371 Et
2818 4320 3063 4373 dederunt
3090 4334 3246 4377 sortes
3277 4327 3365 4380 eis.
3389 4327 3538 4382 Non—

1941 4406 2067 4460 dum
2086 4408 2227 4461 enitn
2247 4424 2305 4463 se
2326 4409 2518 4478 dignos
2538 4424 2659 4463 esse
2677 4410 2954 4478 putabant,
2972 4414 3060 4483 qui
3082 4430 3147 4469 ex
3176 4431 3297 4473 sese
3325 4420 3421 4488 ipsi
3457 4423 3535 4474 fa-

1942 4509 2127 4555 cerent
2144 4501 2460 4555 electionem
2486 4519 2498 4555 :
2523 4501 2643 4557 ideo
2668 4504 2889 4573 cupiunt
2918 4505 3098 4575 aliquo
3120 4508 3273 4578 signo
3297 4512 3534 4567 edoceri.

2017 4593 2069 4645 ι.
2104 4592 2349 4660 Alioquin
2383 4608 2531 4658 vero,
2563 4594 2607 4647 si
2651 4596 2736 4647 ubi
2771 4610 2870 4649 nec
2913 4599 3153 4666 precatio
3183 4612 3316 4666 erat,
3359 4619 3534 4674 neque

1943 4681 2086 4752 digiti
2116 4682 2209 4734 viri
2252 4683 2494 4747 aderant,
2529 4693 2732 4738 tantum
2765 4686 2927 4740 valuit
2952 4703 3091 4753 sors,
3122 4705 3186 4744 eo
3214 4693 3355 4762 quod
3386 4708 3537 4750 recto

1943 4773 2123 4826 animo
2154 4773 2323 4835 fieret,
2368 4789 2558 4842 netupe
2596 4791 2759 4845 super
2803 4776 2937 4831 Jona
2970 4796 2981 4830 :
3035 4782 3397 4854 multomagis
3426 4786 3532 4848 ltic.

1944 4864 2033 4916 ubi
2064 4863 2287 4917 cbortun
2333 4866 2589 4934 explevit,
2642 4866 2728 4920 ubi
2777 4867 3020 4923 ordinem
3074 4871 3315 4939 perfecit.
3353 4874 3538 4946 Neque

1945 4953 2081 5008 alter
2109 4954 2307 5020 doluit;
2341 4971 2442 5008 non
2472 4957 2615 5009 enim
2650 4956 2699 5009 id
2726 4959 3018 5013 tacuissent
3039 4964 3286 5029 apostoli,
3318 4967 3405 5035 qui
3432 4984 3535 5021 non

1945 5047 2316 5101 abstinuerunt
2340 5064 2368 5102 a
2401 5048 2695 5103 referendis
2726 5053 2884 5105 etiam
2912 5056 3299 5124 prazcipuorum
3323 5073 3539 5128 aposto—

1947 5140 2117 5193 lorum
2146 5141 2307 5205 vitns,
2355 5142 2568 5210 quando
2618 5158 2811 5213 nempe
2858 5145 3114 5216 indignati
3160 5161 3285 5203 sunt
3316 5168 3419 5205 non
3450 5169 3536 5208 se-

1948 5234 2072 5296 mel,
2106 5232 2198 5286 sed
2229 5233 2309 5287 bis
2338 5243 2391 5288 et
2417 5236 2634 5303 pluries.
2668 5238 2774 5289 llos
2817 5238 2994 5307 itaque
3021 5250 3073 5293 et
3105 5257 3202 5296 nos
3242 5244 3534 5300 imitemur.

1948 5324 2061 5377 Non
2108 5326 2357 5378 omnibus
2395 5326 2602 5394 loquor,
2646 5328 2739 5382 sed
2782 5329 2865 5392 iis,
2892 5331 2980 5399 qui
3017 5334 3371 5403 principatum
3410 5338 3540 5393 affe-

1947 5424 2110 5468 ctant.
2136 5415 2187 5469 Si
2216 5416 2391 5469 credis
2416 5417 2732 5473 electionem
2756 5434 2783 5471 a
2810 5419 2920 5475 Deo
2944 5435 3086 5486 esse,
3116 5440 3183 5477 ne
3209 5424 3501 5497 indigneris
3524 5452 3536 5485 :

1948 5508 2207 5562 adversus
2239 5510 2385 5561 illum
2430 5511 2570 5563 enim
2619 5510 2910 5582 indignaris
2952 5524 3002 5569 et
3041 5515 3266 5570 irritaris
3296 5537 3309 5571 :
3340 5519 3429 5575 ille
3458 5532 3541 5577 est

1948 5602 2034 5672 qui
2086 5601 2267 5671 elegit.
2299 5600 2357 5658 Si
2378 5613 2557 5657 autem
2581 5605 2740 5675 elegit
2764 5608 2869 5671 ille,
2895 5618 2949 5662 et
2970 5608 3326 5678 sicindignari
3348 5615 3537 5680 audes,

1947 5691 2177 5763 ldipsum
2207 5691 2340 5747 facis
2365 5691 2509 5764 quod
2531 5692 2686 5748 Cain.
2708 5692 2842 5750 Cum
2870 5696 3010 5751 enim
3038 5704 3339 5768 approbare
3368 5718 3527 5772 opor~

1948 5786 2155 5847 missct,
2189 5800 2330 5853 mgre
2355 5794 2411 5841 et
2436 5784 2653 5855 indigne
2682 5788 2803 5841 tulit
2830 5788 2939 5852 ille,
2968 5789 3110 5859 quod
3140 5790 3321 5845 fratris
3346 5795 3431 5850 sui
3461 5799 3539 5852 vi-

1944 5874 2116 5935 ctima
2150 5880 2421 5941 acceptior
2448 5888 2629 5944 esset;
2670 5881 2880 5949 quando
2914 5882 3194 5954 cmnputtgi
3218 5883 3526 5953 oportebat.
