4092 6470
590 425 655 477 ω
1287 411 1344 467 S.
1382 407 1656 465 JOANNIS
1691 401 2151 463 CHRYSOSTOMI
2190 399 2505 456 ARCIIIEP.
2545 396 3067 454 CONSTASTINOP.
3762 392 3833 445 40

589 533 700 601 Ego
726 542 848 583 vero
878 542 980 581 non
1009 526 1109 579 hoc
1136 523 1275 588 dico,
1306 522 1398 577 sed
1424 520 1563 590 quod
1595 520 1730 573 Deus
1754 517 1886 570 sciat
1913 530 2025 569 rem
2047 512 2148 569 uti-

592 628 707 678 liter
747 622 1076 691 dispensare.
1121 617 1275 686 Szrpe
1319 630 1544 683 namque
1584 622 1638 665 tu
1663 653 1677 676 ,
1710 611 1797 678 qui
1830 608 2065 661 moribus
2092 620 2151 691 es

591 685 1013 774 modestioribus,
1046 725 1149 762 non
1178 685 1351 762 tamen
1379 706 1599 759 idoneus
1619 717 1696 757 es.
1732 702 1929 754 liursus
1956 707 2039 752 est
2060 685 2153 751 tibi

591 804 695 857 vita
726 802 985 869 inculpata
1008 812 1288 865 moresque
1315 795 1558 849 liberales
1583 802 1707 846 sunt
1736 808 1748 844 :
1784 805 1953 860 neque
1978 798 2152 842 tamen

590 894 643 947 in
675 891 909 947 Ecclesia
951 890 1063 944 haec
1113 888 1241 941 satis
1282 894 1421 940 sunt.
1471 884 1715 953 Alioquin
1754 897 1880 937 vero
1916 881 2050 933 alius
2088 877 2155 931 ad

590 983 728 1036 aliud
764 990 840 1037 est
888 980 1123 1034 idoneus.
1173 979 1358 1030 Annon
1404 975 1571 1038 vides,
1601 981 1849 1044 quantam
1894 972 2149 1024 harumce

593 1090 768 1127 rerum
799 1072 1055 1125 rationem
1084 1067 1273 1121 habeat
1296 1067 1472 1120 divina
1498 1064 1805 1133 Scriptura?

666 1160 905 1227 Episcopi
921 1155 1356 1227 ofﬁcium—Sed
1373 1155 1566 1218 dicam,
1589 1170 1688 1223 qua
1709 1154 1773 1206 de
1790 1166 1945 1205 causa
1970 1150 2066 1206 hac
2091 1150 2159 1206 de

594 1265 650 1304 r3
678 1248 890 1303 dissidia
920 1248 1158 1301 oriantur
1186 1264 1198 1297 :
1228 1246 1347 1315 quia
1378 1260 1566 1312 nempe
1601 1259 1705 1298 non
1748 1242 1893 1311 quasi
1926 1240 1989 1295 ad
2022 1255 2157 1309 pra:-

592 1341 847 1395 feetttram
878 1350 931 1393 et
962 1338 1306 1407 patrocinium
1333 1337 1547 1391 fratrum
1572 1335 1889 1397 accedimus,
1914 1333 2014 1387 sed
2032 1345 2162 1400 qua-

592 1434 635 1485 si
666 1431 731 1484 ad
765 1430 1020 1484 honorem
1050 1439 1103 1481 et
1134 1428 1391 1497 requiem.
1423 1426 1477 1481 Si
1500 1426 1663 1480 scires
1688 1424 1826 1477 enim
1854 1423 2158 1492 episcopum

596 1523 829 1576 omnium
860 1535 997 1585 esse,
1045 1524 1280 1573 omnium
1322 1534 1481 1573 onera
1536 1518 1673 1572 ferre
1706 1526 1953 1584 eportere
1978 1532 1991 1580 ;
2021 1514 2159 1584 quod

594 1612 711 1666 aliis
736 1609 1085 1665 irascentibus
1112 1610 1265 1669 venia
1289 1608 1460 1670 detur,
1492 1608 1567 1660 illi
1595 1620 1722 1660 vero
1747 1605 1962 1659 minime
1982 1620 1998 1669 ;
2020 1603 2158 1672 quod

592 1704 711 1756 aliis
736 1701 1073 1771 peccantibus
1094 1699 1365 1766 excusatio
1395 1698 1578 1760 multa,
1610 1697 1708 1765 ipsi
1737 1710 1864 1751 vero
1890 1695 2028 1749 nulla
2054 1696 2124 1747 sit
2145 1710 2177 1749 ι

596 1792 660 1846 ad
692 1792 827 1846 hanc
855 1791 1163 1860 dignitatem
1196 1806 1298 1842 non
1349 1789 1705 1843 accurrisses.‘
1735 1786 1833 1841 llic
1874 1787 2015 1841 enim
2042 1800 2163 1839 om-

597 1884 739 1936 nium
774 1882 965 1951 linguis
990 1880 1268 1946 expositus
1298 1889 1398 1943 est,
1431 1879 1668 1933 omnium
1692 1875 1919 1946 judicio,
1951 1876 2167 1943 sapien-

596 1972 720 2025 tium
744 1980 796 2024 et
828 1970 1185 2038 insipientium
1215 1985 1229 2020 :
1254 1968 1575 2037 quotidianis
1600 1966 1741 2021 euris
1760 1966 2022 2027 atteritur,
2055 1965 2163 2018 imo

594 2071 648 2116 ct
676 2062 947 2116 nocturnis
975 2077 987 2112 :
1022 2060 1307 2114 multorum
1339 2057 1480 2119 odio,
1512 2057 1798 2111 multorum
1840 2054 2047 2109 invidiae
2075 2067 2165 2122 pa-

599 2161 692 2207 tet.
718 2152 793 2206 Ne
818 2151 945 2204 mihi
972 2150 1115 2204 enim
1140 2149 1207 2202 de
1233 2149 1337 2203 illis
1364 2148 1614 2215 loquaris,
1636 2147 1724 2214 qui
1753 2145 1929 2199 omnia
1956 2143 2021 2197 ad
2042 2157 2168 2213 gra-

598 2244 724 2296 tiam
757 2243 972 2303 faeiuut,
1005 2248 1057 2293 et
1103 2238 1335 2293 dormire
1382 2236 1622 2306 cupiunt,
1660 2236 1748 2305 qui
1778 2236 1843 2288 ad
1877 2236 1976 2288 hoc
2004 2247 2163 2303 nego-

598 2335 725 2386 tium
753 2332 900 2401 quasi
929 2330 994 2385 ad
1018 2332 1250 2400 requiem
1278 2330 1557 2385 accedunt.
1608 2330 1679 2382 De
1711 2328 1792 2381 his
1820 2342 1923 2381 non
1953 2328 2165 2394 loquor,

597 2423 688 2477 sed
718 2421 786 2476 de
816 2422 900 2487 iis,
933 2422 1023 2490 qui
1068 2420 1283 2490 vigilant
1330 2434 1424 2487 pro
1476 2418 1753 2472 animabus
1804 2419 2028 2481 vestris,
2078 2418 2167 2485 qtti

597 2512 926 2566 subditorum
953 2511 1177 2564 salutem
1199 2524 1310 2563 suae
1335 2516 1683 2577 anteponunt.
1714 2507 1809 2561 Dic
1831 2507 1958 2561 mihi
1986 2524 1998 2561 :
2029 2508 2072 2561 si
2099 2508 2165 2573 is,

600 2602 689 2671 qui
720 2609 903 2657 decem
934 2601 1072 2655 filios
1113 2600 1271 2654 habet
1299 2600 1555 2663 subditos,
1590 2614 1772 2654 secum
1819 2614 2033 2669 semper
2069 2599 2169 2655 ha-

602 2695 849 2760 bitantes,
894 2694 1009 2748 sine
1050 2691 1443 2745 intermissione
1485 2705 1667 2745 curam
1714 2690 1923 2744 illorum
1975 2689 2171 2745 habere

600 2786 838 2854 cogitur;
872 2786 932 2848 is,
963 2784 1047 2852 qni
1082 2790 1157 2837 tot
1182 2782 1360 2848 habet,
1389 2795 1492 2835 non
1520 2781 1619 2836 sub
1640 2796 1798 2835 mam.
1821 2781 2044 2849 positos.
2066 2796 2169 2837 non

599 2875 984 2939 cohabitantes,
1018 2872 1109 2927 sed
1137 2871 1439 2927 auctoritati
1468 2887 1579 2927 sate
1617 2871 1993 2941 obsequentes,
2036 2889 2168 2942 qua-

602 2972 704 3023 lem
734 2984 851 3023 esse
879 2965 1126 3037 oportet?
1164 2963 1292 3030 Sed,
1342 2964 1568 3033 inquies,
1599 2964 1652 3018 in
1680 2962 1883 3019 honore
1926 2964 2168 3019 habetur.

602 3058 657 3112 lu
694 3072 798 3127 quo
839 3056 1077 3109 honore?
1127 3054 1393 3122 Pauperes
1440 3052 1679 3107 vilissimi
1729 3053 1781 3105 in
1838 3053 1950 3107 foro
2001 3054 2171 3121 ipsum

603 3146 857 3201 conviciis
904 3146 1158 3199 lacerant.
1208 3143 1314 3197 Cur
1357 3157 1485 3212 ergo
1529 3142 1634 3196 illis
1672 3157 1775 3195 non
1807 3157 1868 3195 os
1896 3142 2174 3197 occludit?

604 3238 751 3293 Belle
774 3252 936 3300 sane;
959 3236 1049 3289 sed
1081 3250 1183 3288 non
1210 3248 1344 3303 opus
1360 3233 1595 3303 episcOpi
1618 3248 1821 3287 narras.
1846 3234 2048 3289 Rursus
2072 3236 2173 3291 nisi

603 3326 846 3382 omnibus
874 3326 1143 3393 largiatur,
1163 3332 1268 3378 tam
1289 3322 1496 3387 otiosis,
1525 3338 1683 3393 quam
1715 3324 1799 3388 iis,
1832 3326 1918 3393 qui
1942 3341 2170 3395 operan-

608 3432 711 3482 tur,
750 3419 893 3477 mille
931 3418 1159 3487 undique
1191 3414 1645 3471 criminationibus
1683 3417 1955 3487 impetitur
1982 3434 2174 3474 :ncmo

610 3516 761 3568 timet
783 3513 925 3567 illum
948 3525 1199 3565 accusare
1227 3517 1281 3563 et
1296 3508 1586 3563 criminari.
1607 3508 1736 3563 Nam
1759 3526 1881 3580 erga
1912 3512 2176 3581 principes

608 3613 778 3659 metus
792 3602 1024 3665 cohibet,
1042 3615 1163 3669 erga
1189 3601 1284 3654 hos
1301 3598 1538 3655 minime.
1557 3599 1709 3669 Apud
1728 3599 1845 3654 illos
1860 3603 1998 3655 enim
2018 3602 2175 3659 timor

608 3696 699 3750 Dei
715 3693 840 3747 nihil
860 3691 1018 3745 valet.
1042 3690 1562 3758 Quisrcpmasentare
1585 3690 1750 3759 possit
1770 3703 1949 3744 curam
1972 3690 2037 3744 de
2056 3706 2176 3745 rer-

608 3786 676 3839 bo
694 3792 747 3837 ct
772 3781 1036 3845 doctrina,
1067 3777 1430 3833 difﬁcultatem
1459 3780 2000 3835 inordinationibusi
2042 3780 2176 3861 For,-

611 3885 751 3927 tase
771 3871 851 3925 vel
873 3886 970 3940 ego
990 3868 1276 3923 admodum
1298 3868 1590 3924 imbecillus
1614 3884 1750 3933 sum,
1776 3870 1952 3932 miser,
1975 3879 2028 3924 et
2056 3872 2175 3925 nul-

611 3964 713 4018 lius
732 3962 918 4033 pretii;
944 3961 1025 4016 rei
1043 3975 1129 4015 res
1146 3962 1215 4014 ita
1238 3974 1295 4014 se
1314 3958 1492 4020 habet,
1510 3970 1566 4013 ut
1582 3960 1717 4013 dico.
1739 3960 2042 4015 Sacerdotis
2061 3965 2175 4016 ani-

613 4070 693 4108 ma
711 4054 838 4107 nihil
857 4053 1071 4107 diil'erta
1095 4052 1209 4105 navi
1238 4049 1482 4105 fluctibus
1502 4051 1695 4124 agitata
1720 4050 1978 4121 :undique
1994 4055 2177 4125 pungi.

613 4156 716 4205 tur,
740 4145 807 4198 ab
826 4144 1029 4209 amicis,
1069 4145 1135 4197 ah
1163 4142 1421 4207 inimicis;
1450 4156 1479 4195 a
1510 4141 1640 4207 suis,
1669 4142 1734 4193 ab
1760 4140 1967 4195 alienis.
1990 4148 2175 4201 Annon

619 4236 762 4288 orbis
790 4245 869 4288 est
898 4232 1205 4301 imperatori
1230 4230 1471 4287 subditus
1490 4246 1506 4297 ;
1524 4228 1609 4286 hic
1641 4246 1769 4286 vero
1795 4248 1948 4286 unam
1977 4242 2178 4290 tantum

614 4326 878 4381 civitatem
919 4322 1101 4390 regit?
1149 4322 1217 4378 At
1243 4329 1389 4375 tanto
1419 4322 1645 4389 majores
1684 4329 1810 4375 sunt
1850 4323 2007 4391 hujus
2035 4324 2181 4378 solli-

614 4416 894 4479 citudines,
918 4420 1115 4483 quanto
1139 4412 1305 4479 majus
1327 4418 1407 4465 est
1427 4410 1643 4481 pelagus
1672 4419 1879 4467 tumens
1907 4428 1969 4468 ac
1998 4412 2181 4469 furens

612 4521 747 4572 aqua
780 4504 1026 4558 fluminis.
1072 4503 1238 4568 Quam
1284 4500 1496 4556 tandem
1525 4503 1593 4557 ob
1620 4517 1834 4559 causam
1861 4505 1885 4558 i
1914 4505 2043 4572 Quia
2073 4506 2179 4562 illic

613 4595 761 4650 nmlti
788 4604 909 4648 sinit
938 4593 1181 4654 ministri.
1218 4594 1500 4661 omniaque
1531 4592 1646 4661 lege
1690 4604 1743 4647 et
1778 4594 2025 4649 mandato
2056 4611 2181 4665 per-

614 4696 878 4755 aguntur;
925 4684 1010 4739 hic
1035 4699 1163 4739 vero
1208 4697 1312 4738 non
1354 4684 1483 4739 item
1528 4701 1542 4737 :
1588 4698 1758 4753 neque
1797 4688 1937 4739 enim
1967 4687 2089 4741 licet
2114 4703 2183 4742 ex

621 4763 932 4831 auctoritate
967 4776 1297 4845 przecipere;
1339 4789 1520 4829 verum
1552 4774 1596 4829 si
1623 4774 1905 4830 admodum
1948 4791 2181 4831 commo-

619 4878 831 4929 veatur,
878 4864 1107 4918 crudelis
1133 4863 1313 4927 audit;
1344 4864 1425 4917 sin
1455 4878 1639 4932 parum
1668 4906 1681 4929 ,
1713 4864 1932 4933 frigidus
1967 4865 2180 4921 dicitur.

623 4955 845 5025 Oportet
872 4964 1045 5007 autem
1085 4952 1197 5005 haec
1225 4952 1330 5005 duo
1358 4954 1618 5006 contraria
1641 4969 1958 5011 concurrere
1978 4998 1991 5020 ,
2026 4958 2094 5011 ita
2125 4966 2181 5013 ut

622 5061 717 5101 nec
758 5053 1111 5115 contemptus,
1143 5056 1241 5096 nec
1263 5040 1442 5097 odium
1470 5044 1752 5097 excitetur.
1777 5046 2018 5111 Alioquin
2055 5062 2184 5105 vero

623 5137 733 5205 ipsa
768 5134 971 5203 negotia
1000 5142 1390 5201 prreoccupant.
1421 5131 1557 5199 Quot
1590 5132 1831 5187 homines
1868 5135 2070 5203 cogitur
2098 5137 2181 5190 of»

624 5222 857 5287 fendere,
887 5222 1013 5276 velit
1036 5221 1166 5275 nolit
1189 5223 1212 5273 ?
1232 5224 1280 5275 in
1315 5232 1441 5291 quot
1473 5221 1608 5277 alios
1635 5222 1825 5277 invitus
1851 5240 2035 5292 aspere
2063 5240 2190 5297 age-

636 5317 726 5371 re?
757 5317 867 5370 Non
916 5316 1021 5368 alio
1063 5315 1219 5367 modo
1249 5316 1453 5382 loquor,
1485 5330 1642 5385 quam
1689 5326 1745 5370 ut
1788 5316 2005 5371 affectus
2043 5333 2177 5375 sum.

627 5407 741 5460 Non
781 5405 973 5458 multos
1016 5413 1140 5472 puto
1169 5403 1470 5458 sacerdotes
1506 5406 1682 5459 salvos
1721 5404 1869 5471 fieri,
1899 5408 1990 5461 sed
2031 5407 2185 5476 longe

627 5500 797 5565 olores
828 5476 1020 5566 ραι-ᾖε,
1043 5511 1147 5549 non
1180 5495 1279 5549 alia
1310 5494 1377 5547 de
1398 5509 1575 5557 causa,
1599 5511 1755 5563 quam
1785 5496 1923 5567 quod
1952 5513 2038 5552 res
2066 5514 2183 5553 ma-

613 5604 776 5656 gnum
828 5585 1054 5655 postulet
1091 5586 1346 5641 animum.
1379 5584 1552 5639 Multis
1590 5588 1733 5640 enim
1782 5588 2185 5645 necessitatibus

612 5696 641 5735 ιι
691 5678 917 5747 propriis
964 5676 1177 5746 pellitur
1222 5676 1475 5741 moribus,
1518 5686 1570 5733 et
1617 5677 1905 5734 innumeris
1952 5680 2183 5749 undique

616 5786 746 5839 opus
780 5769 933 5825 habet
971 5768 1154 5826 oculis.
1206 5766 1319 5823 Non
1364 5768 1509 5824 vides
1552 5784 1707 5837 quam
1748 5770 1910 5823 multa
1955 5785 2088 5838 opus
2115 5774 2181 5827 sit

2260 512 2511 582 episcopo
2539 512 2727 565 adesse
2755 512 2776 563 ?
2809 511 2873 565 Ut
2902 508 3138 565 doctrina
3177 506 3389 574 polleat,
3426 516 3478 558 ut
3506 507 3573 559 sit
3600 506 3831 575 patiens.

2258 611 2314 656 ut
2356 601 2562 656 lidelem
2590 616 2887 656 sermonem
2922 602 2971 654 in
3002 600 3239 653 doctrina
3270 606 3449 651 servet
3483 598 3502 664 (
3529 598 3578 650 Ι.
3611 596 3745 650 Tim.
3777 597 3835 650 5.

2257 694 2310 748 2.
2338 695 2439 747 Tit.
2473 694 2522 748 1.
2557 693 2632 763 7).
2670 694 2892 758 Quanta:
2918 693 3019 746 hoc
3047 688 3405 745 difficultatis?
3436 688 3674 763 Aliorum
3704 704 3839 758 pec-

2258 786 2389 841 catis
2430 786 2543 853 ipse
2590 786 2851 838 obnoxius
2899 794 2997 838 est.
3041 783 3157 835 Alia
3206 797 3308 835 non
3354 780 3748 842 memoro;sed
3792 781 3839 832 si

2262 879 2341 930 vel
2372 891 2507 930 unus
2536 877 2753 930 decedat
2784 890 2886 928 non
2913 874 3169 938 initiatus,
3195 888 3371 926 annon
3399 873 3450 927 id
3483 880 3642 925 totam
3670 870 3845 938 ipsius

2261 970 2482 1024 salutem
2511 969 2767 1023 subvertit
2794 967 2817 1019 ?
2846 965 3013 1023 Unius
3042 966 3185 1019 enim
3215 965 3406 1017 animze
3434 963 3694 1031 pernicies
3722 969 3845 1014 tan-

2264 1070 2372 1112 tum
2403 1069 2484 1113 est
2507 1059 2788 1122 damnum,
2836 1069 2890 1112 ut
2920 1058 3064 1111 nullo
3107 1054 3274 1123 possit
3314 1054 3537 1123 exprimi
3566 1067 3843 1107 sermone.

2264 1148 2318 1202 Si
2366 1150 2505 1202 enim
2549 1149 2664 1215 ejus
2709 1149 2854 1200 salus
2898 1148 3028 1201 tanti
3059 1157 3177 1207 est,
3218 1154 3272 1198 ut
3304 1159 3401 1213 pro
3430 1145 3516 1197 illa
3546 1143 3712 1197 Filius
3746 1142 3845 1196 Dei

2265 1240 2425 1294 homo
2456 1244 2624 1294 factus
2665 1252 2716 1294 et
2765 1250 2908 1294 tanta
2938 1254 3126 1309 passus
3155 1240 3257 1301 sit,
3301 1241 3417 1305 ejus
3456 1238 3717 1305 pernicies
3745 1250 3846 1288 co-

2264 1332 2368 1399 gita
2411 1340 2663 1399 quantum
2703 1329 2889 1384 afferet
2937 1330 3274 1398 supplicium.
3319 1328 3374 1383 Si
3426 1327 3505 1392 is,
3554 1342 3646 1395 per
3682 1340 3847 1394 quem

2265 1420 2400 1473 alius
2427 1421 2579 1487 perit,
2608 1420 2657 1473 in
2684 1417 2781 1473 hac
2809 1420 2911 1473 vita
2942 1430 3110 1472 morte
3136 1419 3325 1487 dignus
3347 1428 3445 1479 est,
3479 1419 3644 1470 multo
3675 1417 3849 1485 magis

2267 1511 2375 1565 ille.
2419 1510 2496 1564 Ne
2537 1510 2663 1563 mihi
2694 1509 2909 1574 dixeris,
2956 1509 3199 1563 Peccavit
3231 1509 3510 1577 presbyter
3537 1518 3627 1560 attt
3659 1507 3849 1561 diaco-

2268 1617 2367 1655 nus
2402 1620 2414 1655 :
2450 1603 2561 1656 hrcc
2602 1604 2777 1657 omnia
2821 1604 2873 1657 in
2917 1612 3074 1671 caput
3115 1602 3473 1657 ordinaniium
3520 1600 3847 1655 referuntur.

2267 1695 2424 1750 Aliud
2474 1697 2663 1749 iterum
2712 1695 2850 1749 dico.
2892 1693 3179 1765 Contingit,
3210 1704 3265 1749 ut
3292 1696 3408 1765 quis
3452 1693 3849 1749 successionem

2265 1787 2492 1854 excipiat
2539 1786 2897 1854 improborum
2939 1786 3211 1840 hominum
3259 1805 3272 1839 :
3318 1786 3522 1840 dubitat
3563 1784 3850 1851 ille,'qnid

2265 1878 2474 1932 Consilii
2507 1892 2699 1947 capere
2731 1888 2970 1947 oporteat
2996 1884 3136 1933 circa
3168 1879 3431 1949 prarterita
3465 1885 3698 1945 peccata.
3730 1875 3853 1929 Duo

2266 1968 2410 2022 enim
2442 1978 2567 2021 sunt
2598 1969 2906 2035 prmcipitia,
2940 1980 3099 2036 atque
3126 1977 3338 2037 oportet
3378 1983 3549 2037 neque
3581 1967 3727 2019 illum
3759 1966 3813 2018 di
3837 1996 3851 2003 -

2268 2059 2477 2112 mittere
2497 2100 2512 2124 ,
2554 2074 2726 2128 neque
2756 2059 2887 2113 alios
2916 2058 3206 2113 offendere.
3236 2062 3315 2113 An
3348 2058 3738 2114 exscindendus
3766 2067 3856 2111 est

2273 2150 2419 2215 prior
2448 2149 2471 2202 ἲ
2503 2148 2696 2202 Verum
2742 2164 2896 2203 causa
2946 2166 3047 2202 non
3099 2151 3265 2204 adest.
3315 2151 3394 2203 An
3450 2148 3795 2203 dimittendus
3828 2149 3853 2199 ἲ

2273 2241 2443 2294 Etiam
2468 2281 2482 2305 ,
2532 2241 2738 2310 inquies
2773 2259 2785 2294 :
2821 2256 2941 2294 nam
2975 2242 3089 2309 ejus
3117 2253 3198 2295 est
3244 2240 3399 2309 culpa
3428 2243 3515 2311 qui
3560 2240 3850 2293 ordinavit.

2271 2330 2405 2396 Quid
2454 2331 2629 2400 ergo?
2674 2347 2774 2383 non
2806 2340 3016 2398 oportet
3059 2333 3335 2397 ordinare,
3380 2346 3551 2401 neque
3578 2332 3643 2385 ad
3684 2332 3852 2384 alium

2271 2420 2489 2490 gradum
2516 2420 2742 2474 evehere
2761 2421 2783 2472 ?
2804 2420 2907 2474 Sed
2938 2421 3059 2475 hinc
3080 2422 3322 2475 erunibus
3350 2424 3519 2491 palam
3545 2422 3668 2486 erit,
3698 2422 3852 2475 illum

2270 2526 2389 2565 esse
2434 2510 2752 2580 improbum.
2802 2510 2981 2579 Itaque
3031 2527 3211 2566 rursus
3254 2514 3359 2566 alio
3402 2512 3623 2566 offendit
3666 2514 3854 2565 modo.

2271 2599 2406 2656 Num
2454 2601 2519 2655 ad
2564 2601 2814 2670 majorem
2859 2602 3077 2671 gradum
3129 2604 3520 2671 promovendus
3565 2604 3693 2658 est?
3737 2603 3856 2657 Hoc

2274 2691 2445 2744 multo
2470 2690 2704 2745 deterius
2733 2702 2835 2746 est.

2336 2783 2391 2837 5.
2408 2781 2547 2837 Onus
2563 2784 2876 2852 episwpatus
2889 2802 2987 2839 non
3001 2786 3235 2852 ambitur,
3250 2785 3337 2840 sed
3352 2786 3858 2857 dignitas.—Itaque

2274 2873 2318 2927 si
2350 2875 2467 2938 quis
2494 2873 2558 2926 ad
2588 2888 2854 2929 sununum
2894 2877 3252 2930 sacerdotium
3286 2880 3571 2932 accesserit
3601 2878 3743 2933 velut
3782 2880 3853 2934 ad

2274 2963 2722 3031 sollicitudinem,
2771 2982 2928 3020 nemo
2975 2968 3102 3021 illud
3146 2968 3299 3023 facile
3353 2976 3665 3039 susceperit.
3700 2971 3857 3028 Nunc

2275 3062 2450 3108 autem
2491 3055 2632 3108 velut
2659 3068 2914 3112 externos
2958 3059 3295 3127 magistratus
3342 3060 3469 3115 illud
3515 3062 3851 3117 aiiectamus.

2278 3143 2405 3197 Nam
2453 3156 2509 3197 ut
2553 3145 2717 3213 gloria
2757 3156 2810 3200 et
2850 3146 3050 3202 honore
3090 3150 3227 3217 apud
3259 3152 3500 3205 homines
3529 3154 3852 3219 afficiamur,

2276 3235 2413 3304 apud
2458 3236 2619 3290 Deum
2653 3240 2898 3305 perimus.
2936 3239 3084 3303 Quod
3128 3241 3345 3296 honoris
3390 3244 3647 3299 lucrum?
3690 3262 3853 3316 quam

2277 3328 2421 3383 clare
2452 3331 2707 3399 probatur
2734 3335 2858 3387 nihil
2891 3351 3010 3391 esse
3039 3338 3061 3390 ?
3088 3339 3308 3404 Quando
3336 3342 3689 3396 sacerdotium
3721 3359 3858 3397 con-

2276 3421 2523 3488 cupiscis,
2550 3437 2613 3476 ex
2644 3424 2869 3479 adverso
2896 3442 3032 3496 pone
3050 3430 3367 3499 gehennam,
3390 3434 3656 3501 perpende
3684 3435 3858 3489 ratio-

2279 3525 2375 3564 nes
2406 3512 2509 3566 illic
2539 3514 2838 3570 reddendas
2869 3536 2881 3570 :
2926 3533 2993 3573 ex
3034 3520 3261 3575 adverso
3294 3540 3429 3592 pone
3458 3525 3618 3578 vitam
3648 3542 3677 3591 a
3709 3528 3858 3580 curis

2280 3600 2523 3669 liberam,
2554 3620 2692 3673 pone
2720 3610 2961 3680 supplicii
2991 3627 3315 3667 mensuram.
3361 3614 3621 3681 Quoniam
3652 3618 3695 3670 si
3740 3618 3853 3685 pri-

2277 3696 2436 3749 vatim
2470 3711 2678 3764 pecces,
2709 3701 2834 3754 nihil
2864 3704 2967 3759 tale
2992 3720 3243 3773 passurus
3268 3722 3328 3762 es
3354 3709 3428 3761 :si
3454 3724 3580 3763 vero
3603 3710 3859 3766 sacerdos

2278 3787 2380 3851 sis,
2416 3790 2639 3855 periiSti.
2668 3792 2847 3861 Cogita
2870 3835 2884 3859 ,
2915 3785 3108 3863 quanta
3143 3814 3354 3865 passus,
3389 3812 3585 3869 quanta
3618 3802 3857 3872 philoso-

2282 3878 2401 3946 phia
2431 3896 2556 3935 usus
2596 3886 2664 3935 sit
2700 3884 2926 3955 Moyses,
2959 3896 3153 3955 quanta
3180 3890 3482 3946 exhibuerit
3508 3893 3663 3956 bona,
3696 3904 3749 3949 et
3777 3907 3858 3950 ta-

2280 3983 2399 4023 mcn
2439 3972 2579 4039 quod
2612 3989 2771 4027 unum
2807 3984 3076 4042 peccatum
3106 3978 3403 4044 admiserit,
3436 3984 3628 4036 acerbe
3658 3984 3852 4052 plexos

2278 4071 2407 4127 est;
2454 4079 2517 4119 ac
2546 4067 2737 4121 merito
2770 4086 2783 4121 :
2812 4071 3059 4137 quoniam
3107 4072 3153 4123 id
3204 4088 3323 4125 cum
3370 4074 3596 4151 aliorum
3642 4075 3854 4143 jactura

2280 4151 2475 4209 factum
2508 4168 2609 4211 est.
2659 4157 2753 4232 (αλ
2773 4159 2953 4228 Itaque
2992 4162 3264 4229 graviores
3310 4179 3493 4231 poenas
3519 4166 3701 4232 dedit,
3746 4184 3856 4223 non

2282 4246 2421 4316 quod
2454 4249 2622 4318 palam
2654 4220 2848 4303 facium
2880 4252 2977 4315 sit,
3022 4254 3112 4306 sed
3144 4254 3281 4321 quod
3312 4220 3619 4311 sacerdotis
3664 4220 3861 4327 pecca-

2285 4345 2393 4389 tum
2426 4349 2585 4393 esset.
2618 4340 2732 4393 Non
2755 4340 2895 4394 enim
2924 4341 3033 4409 pari
3065 4344 3223 4397 modo
3254 4345 3530 4413 plectimur
3556 4362 3649 4417 pro
3678 4351 3858 4408 mani-

2284 4424 2433 4480 festis
2458 4439 2510 4480 et
2544 4444 2639 4497 pro
2667 4431 2906 4484 occultis.
2934 4430 3211 4487 Peccatum
3236 4436 3377 4489 enim
3404 4436 3542 4491 idem
3566 4448 3666 4501 est,
3700 4455 3861 4507 paena

2284 4532 2391 4571 non
2442 4518 2669 4583 eadem;
2716 4520 2829 4573 imo
2873 4537 2940 4576 ne
2987 4536 3259 4591 peccatum
3298 4527 3509 4595 quidem
3553 4539 3636 4584 est
3663 4530 3805 4584 idem
3843 4551 3858 4587 :

2286 4626 2459 4680 neque
2488 4612 2625 4665 enim
2680 4612 2819 4666 idem
2862 4624 2965 4679 est,
3010 4618 3217 4671 occulte
3264 4633 3524 4686 peccare,
3574 4631 3627 4676 et
3683 4624 3861 4692 palam

2286 4704 2338 4757 id
2376 4706 2590 4761 audere.
2638 4706 2902 4776 Episcopo
2945 4718 3119 4763 autem
3166 4726 3269 4763 non
3298 4712 3418 4766 licet
3446 4714 3582 4768 clam
3611 4730 3861 4784 peccare.

2285 4794 2582 4866 Optandum
2620 4799 2760 4853 enim
2794 4800 2867 4854 illi
2897 4811 3059 4868 esset,
3080 4818 3183 4855 non
3211 4814 3517 4871 peccantem
3544 4822 3575 4862 a
3602 4809 3861 4866 crimina-

2287 4890 2517 4943 tionibus
2549 4889 2797 4955 liberari;
2844 4902 3045 4947 tantum
3076 4894 3227 4949 abest
3254 4906 3309 4950 ut
3334 4911 3558 4965 peccans
3585 4901 3636 4956 id
3668 4905 3862 4971 possit.

2288 4978 2343 5035 Si
2374 4980 2650 5035 irascatur.
2683 4982 2725 5035 si
2772 4982 2957 5045 rideat,
3007 4986 3049 5038 si
3095 4988 3175 5040 vel
3230 5002 3323 5056 per
3352 5003 3596 5044 somnum
3625 4994 3863 5061 quietem

2290 5081 2520 5140 expetat,
2550 5073 2700 5127 multi
2728 5074 2983 5128 conviciis
3014 5076 3297 5144 incessunt,
3320 5080 3469 5133 multi
3493 5080 3866 5153 offenduntur,

2290 5163 2441 5217 multi
2475 5164 2617 5233 leges
2643 5165 3013 5234 praescribunt,
3044 5169 3193 5223 multi
3230 5171 3435 5239 priscos
3464 5184 3713 5243 repetunt
3741 5190 3871 5232 me-

2289 5255 2455 5309 moria
2476 5295 2492 5319 ,
2537 5263 2590 5310 et
2626 5259 2875 5324 przesenti
2924 5258 3285 5331 impmperant
3316 5280 3328 5314 :
3362 5262 3567 5334 hocque
3597 5266 3789 5322 faciunt
3822 5271 3875 5338 ’,

2355 5474 2378 5547 ξ
2406 5470 2549 5547 illud,
2584 5471 3148 5547 tiaequefagiuntmeest
3184 5477 3233 5547 in
3276 5480 3581 5547 Savii._et_in
3606 5496 3704 5533 uno
3723 5483 3873 5547 (λαις

2291 5533 2379 5583 sed
2406 5534 2613 5582 habetur
2638 5533 2692 5581 in
2708 5533 2816 5582 aliis
2832 5533 3002 5595 Codd,
3029 5546 3081 5585 et
3101 5536 3282 5587 lectum
3308 5549 3384 5589 est
3405 5543 3468 5591 ab
3488 5542 3710 5594 Erasmo.

2354 5596 2427 5656 (η)
2452 5601 2570 5666 Quze
2582 5603 2877 5666 sequuntur,
2897 5598 3061 5666 vitiata
3083 5601 3208 5659 apud
3231 5602 3413 5666 alorci“
3441 5617 3505 5653 ex
3528 5605 3702 5655 Samio
3728 5614 3778 5657 et
3802 5620 3819 5653 ‹
3839 5622 3879 5659 x

2293 5658 3269 5736 ﬁesﬁietéﬁfesﬁlatisset-Was:
3292 5658 3472 5736 (mirae
3487 5679 3635 5736 voces
3646 5658 3879 5730 αυτοαιιιιί

2293 5718 2671 5781 substituuptur,
2709 5730 2819 5781 qua:
2855 5722 3039 5769 seriem
3076 5718 3324 5781 turbautf
3349 5718 3455 5777 alia:
3503 5718 3692 5780 omissi!
3726 5718 3886 5781 voces

2294 5780 2473 5831 hiatum
2495 5778 2690 5829 efﬁcere
2714 5778 2950 5834 ridentur,
