4092 6468
649 425 714 479 ιιι
1376 416 1432 474 S.
1461 413 1737 473 ,ΙΟᾹΝΝΙΞ
1770 407 2214 471 οιιῐιγδοδτυιι

2327 408 2583 465 acuum.
2617 413 3148 472 CONSTANTINOP.
3854 405 3928 461 η

651 538 713 593 Et
736 538 1109 608 replerittotam
1134 535 1361 589 damnat.
1388 533 1628 604 Magnam
1655 532 1782 587 dicit
1809 531 2037 602 Spiritus
2062 530 2222 583 relic-

649 632 923 686 incutiam.
963 626 1214 683 Attende.
1258 627 1455 681 Omnes
1505 626 1627 679 illuc
1671 623 2031 692 congregavit,
2071 636 2122 674 ut
2171 630 2225 675 et

649 733 935 791 przescntcs
964 720 1265 785 crederent,
1312 734 1374 773 ac
1402 717 1543 788 digni
1575 716 2004 771 ostenderentur.
2045 714 2223 781 Neque

648 817 747 870 hoc
777 824 1002 878 tantum,
1034 812 1126 867 sed
1166 820 1219 867 et
1242 810 1385 863 aliud
1428 810 1583 878 longe
1611 807 1901 862 terribilius
1930 806 2139 875 atljerit.
2169 806 2219 856 5.

650 908 709 959 l-It
734 915 1077 975 apparuerunt
1110 902 1212 957 illis
1242 899 1516 971 dispertita!
1549 899 1738 969 lingat:
1780 908 2038 965 tamquam
2070 896 2220 966 ignis,

648 998 834 1067 inquit.
887 996 1049 1050 lleete
1096 992 1289 1060 ubique
1330 990 1545 1046 additur
1592 989 1742 1055 illud,
1794 987 2113 1057 Tamquam,
2157 1001 2224 1039 ne

645 1090 769 1159 qttid
796 1087 1047 1144 sensibile
1071 1084 1137 1139 de
1182 1083 1383 1154 Spiritu
1421 1083 1715 1139 existimes.
1748 1082 2025 1149 Tamquam
2066 1078 2218 1147 ignis,

647 1182 832 1250 inquit,
880 1189 933 1233 et
974 1188 1239 1247 tamquam
1282 1176 1517 1246 spiritus.
1565 1173 1679 1229 Non
1721 1184 1834 1229 erat
1877 1187 2006 1243 ergo
2034 1184 2224 1226 ventus

642 1270 953 1341 simpliciter
982 1284 1076 1339 per
1105 1281 1283 1323 aerem
1325 1267 1545 1322 ell'usus.
1575 1265 1708 1321 Nam
1738 1280 1859 1320 cum
1888 1264 2079 1320 Joanni
2107 1264 2224 1332 Spi-

642 1364 774 1416 ritus
798 1362 981 1417 debuit
1008 1362 1361 1425 innotescere,
1381 1358 1531 1428 quasi
1563 1358 1614 1412 in
1645 1360 1824 1427 specie
1852 1356 2109 1411 columltze
2134 1370 2221 1409 su-

642 1471 733 1522 pra
762 1456 959 1511 Christi
1006 1466 1165 1526 caput
1208 1456 1348 1510 venit
1389 1453 1584 1525 (Marc.
1625 1455 1677 1507 1.
1725 1452 1811 1511 10.
1852 1450 1981 1504 Luc.
2030 1450 2083 1505 3.
2128 1448 2218 1502 ΕΞ.

639 1547 795 1601 Joau.
828 1550 877 1603 1.
903 1548 1033 1617 32):
1068 1562 1206 1602 nunc
1234 1562 1379 1609 vero,
1404 1562 1523 1601 eum
1558 1554 1662 1599 tota
1694 1541 1977 1597 multitudo
1996 1556 2220 1596 conver-

643 1640 797 1693 lentia
845 1650 1006 1705 esset,
1059 1649 1325 1707 tamquam
1374 1637 1511 1707 ignis
1562 1636 1729 1689 venit.
1778 1633 2022 1705 Seditque
2066 1648 2221 1701 supra

638 1730 862 1799 singulos
884 1745 1092 1795 eorum;
1122 1728 1174 1783 id
1222 1736 1322 1793 est,
1374 1728 1589 1791 mansit,
1632 1726 1931 1796 requievit;
1978 1740 2099 1779 nam
2130 1740 2220 1778 se-

638 1820 788 1881 dere,
817 1827 959 1873 stare
989 1828 1043 1873 et
1089 1833 1305 1873 manere
1346 1817 1629 1887 signiﬁcat.
1678 1816 1814 1884 Quid
1855 1818 2020 1872 vero?
2061 1830 2126 1869 an
2169 1814 2220 1869 in

638 1910 915 1964 duodecim
936 1919 1138 1964 tantum
1166 1911 1454 1976 venit,non
1482 1910 1538 1964 in
1556 1910 1816 1965 eteteros'l
1843 1908 2217 1979 Nequaquam;

638 2004 731 2059 sed
758 2003 903 2058 venit
930 2007 1090 2057 etiam
1129 2002 1192 2065 in,
1223 2002 1341 2056 illos
1378 2012 1587 2057 centum
1620 2002 1825 2071 viginti.
1869 2000 2049 2071 Neque
2074 1998 2218 2054 enim

637 2099 751 2151 sine
773 2109 931 2150 causa
957 2094 1145 2150 Petrus
1189 2094 1464 2164 prophetat
1495 2092 1857 2148 testimonium
1888 2090 2107 2161 protulit
2133 2089 2218 2145 di-

635 2204 763 2243 cens
793 2206 804 2241 :
840 2187 907 2240 Et
927 2188 1017 2242 erit
1042 2188 1095 2240 iu
1121 2188 1402 2241 novissimis
1428 2186 1619 2250 diebus,
1646 2186 1765 2239 dicit
1786 2184 2037 2239 Dominus
2060 2176 2217 2250 Deus,

636 2282 893 2347 effundant
918 2281 981 2335 de
1006 2279 1205 2349 Spiritu
1235 2295 1344 2334 meo
1371 2296 1522 2349 super
1551 2296 1750 2333 omnem
1776 2295 1977 2332 carnem
2001 2294 2019 2334 :
2040 2288 2087 2333 et
2102 2295 2220 2347 pro-

635 2372 905 2434 phetabunt
934 2372 1031 2439 ﬁlii
1070 2371 1237 2437 vestri,
1275 2380 1324 2423 et
1351 2370 1473 2440 lida:
1506 2381 1714 2433 vestrm;
1748 2380 1794 2424 et
1828 2372 2040 2439 juvenes
2068 2370 2218 2423 vestri

632 2469 843 2521 risiones
866 2467 1115 2531 ridebunt,
1134 2476 1179 2519 et
1200 2482 1341 2520 senes
1359 2466 1505 2519 rastri
1517 2465 1711 2517 somnia
1729 2464 2049 2517 somniabunt
2080 2462 2217 2533 (Joel

630 2558 683 2612 2.
717 2558 833 2629 28).
877 2557 1255 2613 Animadverte
1288 2570 1446 2625 porro
1493 2556 1637 2610 illum
1669 2571 1773 2609 non
1807 2554 1965 2609 modo
2003 2562 2061 2610 ut
2098 2570 2216 2625 per-

632 2652 865 2717 celleret,
898 2650 991 2706 sed
1022 2651 1181 2705 etiam
1210 2658 1268 2703 ut
1293 2649 1458 2717 gratia
1493 2648 1744 2716 repleret,
1779 2648 1828 2700 in
1861 2647 2059 2718 Spiritu
2088 2662 2214 2701 san-

633 2752 719 2795 cto
746 2753 801 2797 et
831 2742 939 2813 igni
965 2742 1173 2796 venisse
1204 2759 1216 2794 :
1246 2740 1513 2809 Suhjungit
1536 2740 1699 2803 enim,
1732 2740 1783 2793 4.
1816 2739 1878 2791 Et
1903 2740 2077 2807 repleti
2099 2751 2215 2792 sunt

632 2851 801 2887 omnes
830 2833 1027 2902 Spiritu
1053 2841 1223 2885 sancto
1245 2873 1259 2895 ,
1300 2840 1346 2883 et
1377 2839 1630 2900 cwperunt
1660 2830 1795 2898 loqui
1824 2830 1976 2882 variis
2003 2830 2211 2900 linguis,

631 2934 775 2990 prout
807 2923 1028 2993 Spiritus
1058 2930 1260 2976 sanctus
1288 2920 1438 2975 dabat
1467 2921 1631 2988 eloqui
1660 2921 1781 2975 illis.
1827 2920 1939 2975 Non
1968 2921 2109 2974 aliud
2138 2922 2213 2974 si-

629 3034 787 3085 gnum
817 3015 1099 3083 accipiunt.
1129 3014 1221 3068 sed
1251 3014 1352 3067 hoc
1380 3014 1609 3082 primum
1634 3031 1647 3066 :
1679 3029 1872 3067 novum
1904 3014 2045 3067 enim
2074 3022 2207 3076 erat,

632 3128 730 3163 tace
770 3123 904 3177 opus
933 3107 1028 3161 fuit
1057 3107 1161 3159 alio
1178 3106 1359 3176 .signo.
1386 3105 1550 3169 Sedit,
1581 3106 1771 3172 inquit,
1805 3124 1958 3174 supra
1988 3107 2212 3176 singulos

629 3217 821 3253 eorum.
849 3200 985 3269 Ergo
1012 3199 1169 3252 etiam
1211 3213 1369 3265 supra
1400 3198 1569 3259 illum,
1599 3198 1688 3267 qui
1723 3199 1925 3252 electus
1954 3215 2057 3251 non
2102 3200 2214 3253 luc-

630 3302 731 3346 ι·.ιι.
780 3293 899 3347 Ideo
925 3307 1027 3345 non
1050 3290 1158 3360 jam
1195 3288 1339 3343 dolet
1383 3290 1523 3359 quod
1569 3304 1674 3344 non
1708 3290 1911 3345 electus
1960 3289 2117 3344 fuerit
2158 3301 2213 3343 ut

626 3386 877 3441 Matthias
898 3384 1010 3438 ’.Εἰ
1042 3384 1221 3452 repleti
1244 3392 1379 3446 sunt,
1404 3383 1593 3452 inquit,
1618 3400 1809 3437 omnes.
1840 3383 1954 3437 Non
1986 3384 2207 3451 gratiam

628 3478 857 3546 Spiritus
885 3475 1195 3547 simpliciter
1236 3483 1576 3544 acceperunt,
1605 3474 1696 3527 sed
1727 3474 1812 3527 illa
1840 3474 2029 3541 repleti
2065 3484 2205 3527 sunt.

632 3568 699 3621 Et
729 3577 984 3638 carperent
1010 3567 1145 3637 loqui
1170 3569 1319 3621 variis
1343 3568 1553 3637 linguis,
1580 3576 1725 3633 prout
1757 3567 1978 3635 Spiritus
2008 3577 2211 3621 sanctus

628 3662 779 3713 dabat
802 3662 965 3729 eloqui
992 3661 1113 3713 illis.
1144 3659 1255 3714 Non
1290 3660 1531 3723 dixisset,
1580 3658 1787 3727 Omnes,
1820 3661 1941 3715 licet
1978 3675 2212 3730 prmsen-

629 3751 1180 3820 ti-srssentapostoli,
1228 3751 1326 3804 nisi
1374 3751 1460 3805 alii
1504 3766 1717 3820 quoque
1767 3753 2051 3821 participes
2080 3752 2208 3806 luis-

627 3854 765 3895 si-nt.
801 3843 1047 3913 Alioquin
1074 3853 1274 3907 autem,
1304 3858 1423 3895 eum
1472 3844 1590 3897 illos
1617 3854 1740 3898 ante
1779 3845 2090 3898 nemiuatim
2124 3860 2209 3899 re-

629 3933 949 3997 censuisset,
981 3947 1083 3986 non
1119 3932 1235 3986 illos
1263 3948 1401 3986 nunc
1430 3947 1550 3987 eum
1590 3934 1707 3987 aliis
1742 3934 1991 4003 juugcret
2029 3935 2079 3989 in
2112 3934 2213 3991 hoc

630 4025 863 4093 pegmio.
889 4023 1017 4077 Nam
1041 4024 1107 4089 si,
1140 4024 1226 4078 ubi
1251 4022 1532 4077 dicendum
1563 4033 1766 4077 tantum
1796 4034 1912 4078 erat
1938 4026 2211 4094 apostolos

630 4118 883 4183 adfuisse,
917 4118 1062 4185 ipsos
1082 4117 1392 4171 nominatim
1423 4116 1709 4181 recensuit,
1745 4117 1910 4170 multo
1934 4117 2103 4187 magis
2126 4117 2211 4173 hic

630 4210 749 4262 ilios
777 4208 1126 4263 distinxisset.

706 4300 928 4369 Spiritus
973 4309 1175 4352 sanctus
1218 4300 1268 4351 in
1310 4309 1507 4353 orantes
1553 4298 1827 4352 descendit.
1856 4330 1928 4340 —
1955 4301 2212 4355 Animad-

631 4402 779 4445 verte
807 4400 1003 4450 antcnt,
1047 4390 1313 4457 quomodo
1350 4404 1469 4442 cum
1502 4400 1844 4458 perseverant
1870 4392 1918 4444 in
1946 4394 2207 4457 oratione,

630 4498 750 4534 cum
793 4481 1067 4534 raritatem
1104 4491 1353 4545 servant,
1396 4489 1520 4535 tunc
1566 4482 1794 4551 Spiritus
1838 4484 2102 4537 adveniat.
2157 4485 2209 4539 ln

634 4573 947 4627 memoriam
989 4572 1090 4625 illis
1113 4580 1328 4626 revocat
1354 4573 1576 4627 alteram
1604 4575 1883 4640 visionem,
1911 4592 2030 4629 cum
2063 4576 2210 4644 dicit,

634 4666 909 4733 Tamquam
956 4665 1105 4735 ignis.
1166 4664 1455 4733 Tamquam
1500 4665 1634 4734 ignis
1683 4667 1823 4719 enim
1867 4668 2112 4735 apparuit
2160 4668 2213 4722 in

636 4758 789 4811 l‘tllJO.
835 4755 998 4810 Pront
1040 4756 1265 4825 Spiritus
1306 4766 1509 4809 sanctus
1553 4758 1701 4808 dabat
1725 4760 1885 4825 eloqui
1927 4759 2049 4815 illis.
2084 4761 2213 4813 Nam

633 4852 838 4919 eloquia
866 4864 1048 4903 eorum
1087 4848 1237 4917 quasi
1280 4850 1724 4917 apophthegmata
1766 4860 1937 4903 erant.
1967 4852 2018 4905 5.
2050 4850 2215 4905 Erant

636 4952 801 4994 autem
833 4941 882 4993 in
910 4939 1216 5003 Jerusalem,
1247 4941 1435 5007 inquit,
1472 4942 1750 4995 habitantes
1774 4940 1946 4995 Juda'i
1978 4946 2069 4997 viri
2099 4948 2212 4999 retis

631 5036 776 5102 qiosi.
801 5033 921 5086 Ihce
950 5032 1205 5085 habitatio
1235 5032 1442 5100 signum
1474 5034 1740 5102 religionis
1764 5036 2212 5102 er.it.Qunntodol

631 5130 761 5181 tium
794 5143 823 5181 e
854 5136 929 5181 tot
958 5126 1261 5179 nationibus
1290 5133 1487 5189 essent,
1518 5126 1765 5193 patriam,
1785 5126 1992 5193 domos,
2022 5145 2215 5198 cogna-

634 5230 715 5271 tos
758 5220 1102 5286 reliquerant,
1137 5227 1182 5271 et
1219 5216 1324 5270 illic
1365 5216 1689 5269 habitabant.
1733 5216 1862 5271 Nam
1910 5220 1981 5272 ait
2012 5240 2022 5272 :
2059 5221 2218 5278 Erant

633 5312 684 5362 in
728 5309 1016 5363 Jerusalem
1065 5308 1340 5361 habitantes
1370 5306 1557 5369 Judtei,
1588 5310 1679 5359 riri
1719 5310 1960 5378 religiosi,
1992 5328 2051 5364 ea:
2082 5317 2217 5368 omni

636 5402 854 5466 natione,
898 5414 1012 5467 qua:
1052 5400 1142 5452 sub
1188 5400 1309 5451 ςωίο
1349 5410 1438 5452 est.
1472 5401 1523 5453 6.
1554 5398 1713 5452 Facta
1759 5414 1923 5455 autem
1972 5405 2065 5458 hac
2105 5424 2220 5463 voce

635 5494 863 5544 ceuvenit
892 5492 1180 5555 multitudo,
1204 5500 1248 5543 et
1277 5502 1435 5543 mente
1462 5494 1673 5560 confusa
1696 5502 1785 5545 est.
1812 5494 1944 5561 Quia
1976 5497 2025 5549 in
2060 5498 2219 5553 domo

642 5600 727 5637 res
756 5592 901 5651 gesta
930 5592 1030 5647 est,
1059 5582 1179 5650 jure
1204 5583 1294 5651 qui
1321 5581 1447 5633 loris
1477 5590 1629 5635 erant
1650 5587 2017 5640 accurrebant.
2048 5588 2221 5645 Mente

636 5676 858 5729 contusa
892 5684 973 5728 est
1010 5674 1313 5729 multitudo.
1336 5673 1473 5741 Quid
1518 5675 1774 5745 signiﬁcat
1812 5677 1963 5747 illud,
1998 5680 2221 5752 Confusa

704 5816 719 5843 ¹
760 5809 845 5858 Alii
884 5810 1117 5872 legunt...
1161 5829 1183 5856 ι
1217 5826 1369 5875 supra
1411 5811 1623 5875 singulas
1666 5826 1848 5863 eorum.
1892 5832 1914 5859 ι
1956 5819 2221 5870 (‘onsidcm

640 5876 755 5922 mihi
778 5887 1009 5936 quoruouo
1034 5888 1123 5924 non
1145 5873 1299 5923 ttoh'at
1333 5877 1457 5933 quod
1488 5873 1579 5925 non
1598 5875 1775 5926 (laetas
1802 5878 1971 5935 luerit.

2330 532 2447 585 est?
2494 532 2761 601 Turbata,
2812 536 3072 591 admirata
3117 546 3218 592 est.
3264 535 3465 591 Deinde
3511 535 3925 590 admirationem

2332 625 2472 679 illam
2513 626 2793 681 declarans
2826 628 2895 682 ita
2932 630 3103 697 pergit
3138 647 3150 681 :
3184 628 3436 696 Quoniam
3482 628 3718 680 audiebat
3761 643 3924 678 unus-

2330 716 2537 783 quisque
2562 716 2737 785 lingua
2777 735 2869 770 sua
2894 720 3007 771 illos
3035 720 3312 789 loquentes.
3343 719 3395 771 'l.
3426 715 3491 770 Et
3522 718 3755 769 convenit
3784 716 3926 767 mul-

2330 806 2509 869 titudo,
2534 818 2577 860 et
2608 807 2737 860 inter
2767 826 2819 862 se
2842 810 3075 863 dicebant
3106 826 3124 862 :
3160 809 3346 862 Nonne
3372 826 3482 863 ecce
3510 808 3596 862 isti
3622 825 3818 863 omnes.
3838 809 3929 876 qui

2329 901 2620 965 loquuntur,
2673 896 2877 951 ϐιιιὶιιεί
2915 902 3072 954 sunt?
3106 901 3181 953 Ad
3209 903 3483 970 apostolos
3522 902 3700 954 statim
3753 900 3927 968 respi-

2329 988 2495 1043 cim.t.
2528 989 2579 1043 8.
2624 988 2688 1042 Et
2737 991 2985 1059 quomodo
3016 1008 3108 1045 nos
3148 992 3385 1045 audimus
3426 992 3769 1059 unusquisque
3822 990 3927 1042 liu-

2328 1096 2481 1146 guam
2518 1092 2757 1148 nostram,
2775 1084 2823 1134 in
2852 1100 2950 1152 qua
2980 1085 3087 1136 nati
3111 1083 3326 1137 sumus?
3358 1082 3568 1147 Parthi,
3596 1093 3641 1137 et
3670 1082 3844 1142 Medi,
3878 1096 3929 1135 et

2331 1173 2597 1240 Elamitaz,
2632 1187 2676 1230 et
2722 1179 2809 1243 qui
2839 1176 3065 1231 habitant
3108 1177 3559 1246 diesepotamiam,
3590 1175 3829 1229 Juda‘am
3876 1184 3929 1227 et

2328 1268 2740 1337 Cappadociam,
2804 1270 3023 1324 l’onlum
3062 1282 3109 1324 et
3152 1270 3353 1335 Asiam,
3406 1270 3492 1325 10.
3547 1269 3829 1341 Phrygiam
3876 1277 3930 1322 et

2331 1361 2691 1431 Pamphyliam
2717 1405 2731 1427 ,
2760 1361 3051 1433 Afgyptum
3076 1373 3120 1416 et
3147 1374 3314 1431 partes
3343 1361 3537 1431 Libya',
3559 1377 3673 1430 qua!
3686 1372 3767 1412 es!
3787 1365 3927 1412 circa

2328 1453 2574 1523 Cyrenen,
2610 1466 2653 1507 et
2674 1458 2881 1508 advena:
2906 1456 3143 1515 limnani,
3177 1457 3234 1509 11
3293 1455 3468 1508 Jndu'i
3502 1470 3697 1524 quoque
3724 1464 3768 1504 et
3800 1472 3926 1519 pro-

2326 1548 2491 1616 selyti,
2525 1547 2687 1601 Cretes
2714 1560 2755 1600 et
2790 1548 2976 1600 Arabes
3007 1549 3279 1599 :anu’intus
3318 1564 3400 1599 eos
3432 1546 3687 1615 loquentes
3739 1542 3934 1595 tttts'ril

2327 1638 2512 1708 linguis
2556 1641 2807 1709 magnalia
2850 1640 2963 1693 Dei.
3011 1639 3093 1693 12.
3143 1639 3425 1707 Stupebant
3466 1649 3634 1690 autem
3679 1654 3853 1690 omnes
3880 1656 3926 1686 ιι

2327 1731 2676 1791 mirabantur,
2720 1733 2785 1783 ad
2829 1732 3039 1784 invicem
3088 1732 3306 1784 dicentes
3334 1747 3350 1784 :
3378 1729 3634 1797 Quidnam
3678 1729 3780 1781 vult
3829 1729 3927 1779 ho;

2327 1824 2465 1876 esse?
2491 1822 2655 1876 Viden
2683 1823 2802 1877 illos
2830 1824 2897 1875 ah
2922 1824 3139 1877 Oriente
3170 1824 3219 1875 in
3248 1823 3590 1877 Occidentem
3616 1836 3879 1875 accurrrn
3899 1848 3914 1858 -

2329 1924 2406 1969 tes
2434 1916 2489 1967 ’1’
2515 1916 2598 1969 13.
2627 1915 2727 1968 Alii
2754 1925 2943 1982 autem,
2975 1915 3166 1984 inquit,
3200 1916 3461 1968 irridentes
3500 1914 3751 1977 dicebant,
3789 1912 3929 1976 Qui:

2326 2018 2489 2061 musto
2515 2010 2651 2077 pleni
2675 2018 2811 2060 sunt.

2394 2100 2448 2155 2.
2479 2100 2521 2154 0
2551 2101 2849 2154 vesaniam!
2875 2113 2908 2153 ο
2940 2100 3208 2169 ingentem
3253 2100 3540 2167 ttrqnitiant
3567 2100 3579 2151 !
3630 2098 3786 2167 Atqui
3822 2113 3929 2151 nec

2328 2201 2533 2261 tempus
2561 2202 2676 2245 erat
2707 2192 3022 2245 Vittdentiurz
3054 2202 3164 2244 erat
3195 2191 3334 2244 enim
3370 2191 3703 2244 Pentecoste.
3736 2189 3927 2257 Quod-

2324 2299 2427 2353 que
2472 2285 2686 2353 gravius
2735 2294 2836 2345 est,
2888 2283 3264 2337 eottlilentihus
3313 2283 3585 2344 omnibus,
3636 2281 3924 2339 llotuattis.

2324 2379 2623 2449 proselytis,
2648 2388 2699 2431 ct
2728 2378 2862 2432 forte
2888 2393 2950 2431 ex
2991 2378 3054 2430 iis
3094 2380 3181 2447 qui
3233 2366 3629 2436 crueilixrrant,
3670 2376 3757 2427 illi
3808 2387 3923 2428 tant

2325 2470 2504 2524 multis
2541 2470 2706 2539 signis
2737 2470 2898 2523 editis
2926 2469 3128 2531 dicunt,
3154 2466 3321 2520 Μιιειο
3352 2468 3484 2533 pleni
3510 2478 3645 2521 sunt.
3667 2466 3769 2521 Sed
3798 2484 3928 2536 qua:

2320 2576 2477 2629 supra
2506 2559 2643 2613 dicta
2670 2570 2795 2612 sunt
2826 2570 3153 2627 repetamus.
3194 2558 3439 2627 lleplerit,
3471 2559 3659 2627 inquit,
3686 2558 3927 2612 domum.

2320 2652 2548 2721 Spiritus
2576 2652 2728 2720 quasi
2755 2651 2953 2719 piscina
2986 2666 3136 2718 aquae
3161 2650 3273 2701 fuit.
3309 2650 3445 2719 lgn’s
3474 2666 3599 2702 vero
3624 2659 3676 2702 et
3707 2650 3925 2715 cupiant

2322 2756 2375 2797 et
2403 2744 2793 2798 vehementiam
2842 2744 3123 2809 signiticat.
3170 2742 3308 2795 Nihil
3354 2744 3455 2796 tale
3483 2744 3674 2795 accidit
3716 2744 3764 2795 in
3794 2759 3929 2813 prn-

2323 2837 2527 2903 pltetis;
2559 2836 2649 2891 sed
2672 2852 2812 2890 nunc
2840 2838 2917 2890 sic
2947 2836 3068 2895 illis,
3094 2835 3369 2903 prophetis
3401 2845 3577 2889 autem
3602 2836 3705 2889 alin
3734 2838 3923 2892 modo.

2321 2928 2618 2998 Capitulum
2671 2928 2814 2983 enim
2875 2927 2993 2981 libri
3037 2926 3217 2980 datum
3248 2937 3328 2979 est
3358 2926 3647 2992 l-Izcchieli,
3678 2938 3731 2981 t-t
3771 2942 3927 2982 cont-

2318 3020 2426 3074 edit
2456 3035 2515 3073 ea
2546 3036 2663 3089 qua:
2696 3020 2935 3073 dicturus
2963 3027 3078 3073 erat
3114 3036 3124 3069 :
3161 3016 3375 3070 Factum
3398 3030 3465 3072 est
3497 3030 3687 3086 autem,
3724 3020 3923 3089 inquit,

2317 3113 2369 3166 in
2415 3130 2499 3166 ore
2546 3114 2652 3180 ejus
2698 3123 2749 3164 ut
2786 3114 2883 3165 mel
2921 3111 3213 3163 dulcescens
3242 3108 3457 3174 (ἔχει-ὴ.
3491 3111 3547 3164 5.
3581 3111 3655 3179 5).
3694 3110 3756 3163 lit
3801 3127 3926 3164 rur-

2319 3225 2435 3262 sum
2479 3223 2666 3263 ntauns
2716 3207 2820 3261 Dei
2856 3206 3023 3275 tangit
3067 3205 3300 3272 linguam
3360 3204 3584 3258 alterius
3640 3203 3925 3275 ιιι-οριιοιςυ

2322 3302 2457 3367 (Jer.
2485 3302 2533 3354 1.
2552 3300 2634 3367 9).
2661 3299 2755 3353 llic
2783 3306 2907 3354 vero
2931 3301 3042 3369 ipse
3068 3302 3297 3371 Spiritus
3328 3308 3544 3357 sanctus
3575 3307 3654 3351 est
3682 3315 3693 3347 :
3729 3299 3923 3366 sicque

2319 3409 2412 3461 par
2440 3403 2521 3447 est
2570 3394 2770 3445 honore
2810 3392 2950 3445 l’atri
2980 3402 3032 3447 et
3064 3393 3219 3447 Filio.
3255 3392 3565 3460 Rursusque
3603 3388 3726 3441 alibi
3770 3391 3848 3443 ait
3905 3407 3920 3444 :

2318 3483 2653 3543 Lamentatio.
2688 3494 2732 3536 et
2760 3486 3031 3546 canticum,
3056 3496 3100 3539 et
3132 3501 3203 3538 rte
3230 3483 3441 3554 (Ezeclt.
3460 3483 3516 3535 ‘2.
3539 3485 3613 3550 tl).
3644 3482 3749 3535 illis
3781 3496 3921 3552 ergo

2314 3578 2433 3644 jure
2462 3576 2512 3628 in
2553 3576 2689 3629 libro
2732 3576 2916 3629 datum
2962 3588 3041 3630 est
3078 3596 3090 3631 :
3135 3593 3257 3630 nam
3304 3574 3746 3629 similitudinibus
3787 3589 3923 3644 egeo

2320 3667 2444 3722 bant
2464 3686 2476 3722 τ
2500 3684 2720 3737 remque
2750 3668 3108 3723 illihahchant
3136 3685 3253 3723 eum
3275 3684 3374 3721 una
3402 3679 3600 3720 tantum
3627 3677 3785 3737 genle
3814 3668 3922 3722 sibi

2318 3760 2529 3829 propria
2564 3777 2577 3813 :
2612 3759 2664 3813 hi
2696 3775 2823 3814 vero
2856 3776 2976 3815 cum
3010 3762 3261 3816 universo
3289 3760 3441 3824 orhe,
3462 3771 3514 3814 et
3539 3777 3659 3814 cum
3687 3760 3751 3813 iis
3778 3776 3927 3830 quos

2320 3869 2423 3907 non
2454 3863 2733 3907 noverant.
2773 3854 2999 3907 Eliszeus
3030 3870 3125 3922 per
3166 3854 3399 3906 mulotcn
3449 3852 3672 3921 gratiam
3720 3853 3925 3920 accipit

2320 3943 2529 4015 (lJleg.
2558 3943 2638 4011 2);
2666 3945 2800 3997 alius
2825 3944 3129 4011 perolcnm,
3165 3955 3218 3997 ut
3253 3944 3414 3996 David
3438 3945 3511 4011 (l.
3536 3943 3641 4013 llrg
3690 3944 3873 4013 lt‘.l3)
3905 3960 3922 4010 ;

2319 4036 2527 4107 Moyses
2578 4053 2669 4105 per
2719 4039 2892 4105 ignem
2938 4038 3054 4089 rnhi
3107 4049 3325 4089 vocatur
3355 4036 3553 4105 (Exod.
3595 4037 3645 4089 '5.
3675 4034 3757 4104 ‘2).
3810 4038 3923 4092 Sed

2319 4126 2404 4180 hic
2428 4142 2614 4189 secus;
2648 4128 2761 4195 ipse
2807 4144 3036 4195 namque
3065 4128 3199 4195 ignis
3248 4128 3459 4180 insedit.
3495 4128 3596 4181 Sed
3641 4144 3737 4181 cur
3781 4130 3926 4196 ignis

2320 4236 2422 4273 non
2456 4220 2524 4273 ita
2571 4221 2815 4287 apparuit
2844 4230 2899 4271 ut
2942 4220 3187 4288 impleret
3214 4220 3467 4273 domum?
3494 4221 3625 4286 Quia
3670 4223 3924 4279 exterriti

2322 4310 2561 4364 fuissent.
2595 4311 2697 4364 Sed
2726 4310 2961 4363 ostendit
2994 4312 3221 4379 idipsunt
3253 4314 3518 4367 evenisse.
3546 4313 3622 4367 Ne
3658 4318 3918 4369 attendas

2320 4404 2458 4458 enim
2492 4404 2631 4471 quod
2654 4405 2865 4470 dixerit,
2895 4405 3255 4473 .-lpparuerttnt
3280 4405 3383 4457 illis
3409 4407 3682 4471 dispertiltt'
3705 4408 3920 4479 lingua,

2319 4497 2412 4551 sed
2443 4498 2613 4567 ignem
2646 4496 2805 4549 fuisse
2832 4497 3162 4551 consideres.
3197 4496 3402 4551 Tantus
3431 4498 3569 4567 ignis
3594 4500 3920 4557 immensam

2319 4591 2525 4659 sylvam
2569 4598 2741 4657 potest
2786 4588 3085 4643 incendere.
3123 4590 3201 4642 Ae
3234 4600 3374 4643 recte
3404 4590 3550 4654 dicit,
3599 4590 3919 4659 Dispertitar.

2321 4682 2396 4733 lix
2428 4697 2526 4732 una
2556 4681 2694 4733 enim
2744 4682 2922 4734 radice
2950 4683 2968 4711 ‘
3002 4692 3182 4744 erant;
3216 4690 3270 4733 ut
3298 4680 3472 4735 diSCaS
3508 4683 3611 4735 vim
3654 4689 3922 4753 operandi

2322 4753 2441 4828 e§se
2472 4789 2499 4826 a
2524 4774 2801 4827 Paracleto
2852 4774 3091 4828 missam.
3125 4773 3400 4842 Perpende
3431 4784 3605 4829 autem
3651 4776 3773 4831 illos
3804 4782 3922 4847 pri-

2321 4881 2465 4920 mum
2496 4865 2683 4933 dignos
2713 4865 3011 4919 declaratos
3033 4880 3184 4930 esse,
3218 4875 3271 4918 ct
3296 4865 3417 4919 hine
3439 4868 3713 4936 accepisse
3744 4871 3926 4939 Spiri-

2323 4972 2433 5014 tum
2480 4969 2750 5022 sanetum,
2786 4968 2843 5010 ut
2870 4960 2918 5010 in
2956 4958 3152 5011 Davide
3178 4957 3370 5011 accidit
3404 4976 3414 5008 :
3444 4974 3567 5012 nam
3592 4977 3710 5028 «pne
3739 4962 3829 5017 ille
3861 4964 3922 5019 in

2322 5050 2547 5104 ovilibus
2595 5048 2812 5113 iecerat,
2843 5048 3029 5101 eadem
3074 5049 3197 5102 fecit
3242 5058 3364 5119 post
3408 5051 3688 5103 vietoriam
3722 5063 3771 5105 ct
3802 5064 3924 5109 tro-

2324 5157 2456 5211 paau:
2504 5183 2515 5203 ,
2553 5151 2607 5194 ut
2640 5142 2810 5208 palam
2838 5150 2981 5193 esset
3025 5140 3155 5193 lides
3185 5140 3317 5209 ejus.
3356 5141 3493 5195 Vide
3518 5157 3727 5196 rursum
3764 5146 3924 5218 May-

2320 5249 2436 5289 som
2459 5235 2545 5302 qui
2571 5235 2679 5303 ipse
2700 5248 2908 5302 quoque
2931 5234 3127 5302 regiam
3153 5235 3479 5304 deSpicZebat
3514 5236 3770 5307 (Exodi.
3801 5242 3926 5311 11),

2324 5336 2516 5395 etpost
2560 5326 2908 5395 quadraginta
2940 5340 3109 5379 annos
3161 5328 3543 5395 rempublicam
3573 5330 3928 5388 administra-

2324 5423 2429 5486 vit;
2479 5418 2780 5475 Samuelem
2826 5420 2877 5475 in
2926 5422 3125 5491 templo
3169 5420 3448 5475 cduc.ituttt
3478 5424 3550 5489 (l.
3586 5423 3712 5496 Ilrg.
3741 5427 3799 5483 5.
3828 5428 3924 5496 ’5);

2391 5578 2405 5607 ί
2444 5584 2571 5625 Unus
2616 5576 2763 5624 habet
2797 5587 2809 5623 :
2860 5574 3026 5641 t’idcn’
3058 5578 3185 5641 unde
3225 5575 3517 5637 (.llllt‘l'Ol'ttnt
3559 5579 3712 5628 instar
3756 5584 3927 5632 artam

2326 5646 2569 5687 terrarum
2594 5638 2941 5698 pereurreriut.
2983 5646 3109 5686 Itane
3133 5638 3393 5688 lectionem
3442 5650 3684 5704 sequutus
3709 5652 3785 5693 est
3814 5646 3927 5693 lira-

2328 5715 2475 5747 smus.

2392 5764 2410 5792 ι
2479 5756 2609 5802 l'nnc
2669 5758 2813 5809 habet
2838 5796 2848 5813 ,
2888 5761 3024 5820 ﬁnite.
3060 5776 3145 5820 pro
3172 5798 3183 5817 ,
3214 5764 3395 5812 marte.
3423 5765 3476 5813 Et
3507 5766 3687 5813 infra...
3716 5782 3745 5815 a
3777 5777 3927 5816 μιαν-ιιι-

2330 5822 2455 5893 (ιρις.
2476 5837 2579 5869 nos»
2643 5838 2667 5869 ιι
2694 5836 2707 5871 :
2734 5823 2955 5885 quiquis
2979 5820 3129 5871 initur
3156 5837 3350 5885 peccati
3387 5828 3553 5876 tttutttll
3580 5831 3717 5887 ((‘(t‘tsl
3742 5832 3927 5892 ligarat

2332 5899 2501 5933 Cuiltt‘N
2530 5896 2608 5935 εει.
