4092 6494
210 433 277 490 ιδ
1246 417 1312 472 1N
1352 416 1526 473 ACTA
1571 412 2350 477 APUSTOLORUMJlOMlL.
2395 418 2485 478 IV.

208 550 460 605 Elismum
488 587 503 610 ,
542 542 635 615 qui
680 537 862 599 omnia
898 535 1102 593 dimisit
1135 537 1211 606 (3.
1248 533 1372 604 Reg.
1405 532 1636 603 19.2t);
1677 532 1812 586 Eze-

202 641 437 695 chielem
485 638 638 692 item.
687 631 841 702 Quod
872 645 1000 686 vero
1048 631 1127 684 sic
1157 628 1417 692 evenerit,
1462 628 1632 697 liquet
1658 642 1723 680 ex
1753 626 1818 679 iis

202 752 322 804 qua:
375 740 603 802 sequuta
650 736 777 784 sunt
810 740 971 781 :nam
1005 719 1056 776 hi
1086 737 1179 777 sua
1225 724 1403 776 omnia
1460 723 1813 791 reliquerunt.

205 829 327 881 Ideo
378 834 506 877 tunc
545 820 802 889 Spiritum
839 814 1149 885 accipiunt.
1201 829 1321 867 cum
1364 814 1616 868 virtutem
1660 826 1813 865 suam

199 917 592 971 ostendissent.
637 908 944 964 Didicerant
991 906 1277 959 humanam
1304 906 1670 959 mnrmitatem
1718 918 1814 972 per

198 1024 284 1070 ea,
308 1022 431 1077 quae
461 1004 603 1074 passi
620 1002 831 1057 fuerant
856 998 1184 1054 :didicerant
1206 1012 1263 1050 se
1288 1012 1394 1050 non
1422 995 1615 1049 frustra
1644 993 1811 1063 probo

201 1117 318 1155 rem
343 1099 598 1169 gessisse.
619 1099 707 1155 Sic
735 1106 789 1152 et
811 1096 940 1153 Saitl
967 1109 1091 1150 cum
1114 1091 1482 1148 testimonium
1511 1087 1813 1156 accepisset

200 1209 259 1247 se
300 1192 504 1247 bonum
537 1206 660 1246 esse
688 1191 885 1255 virum,
904 1188 1161 1258 Spiritum
1184 1184 1419 1253 accepit;
1450 1182 1544 1237 sed
1562 1196 1628 1236 eo
1648 1179 1809 1235 modo

199 1301 308 1357 quo
337 1300 487 1340 nunc
526 1283 794 1355 discipuli,
821 1296 1013 1347 nemo;
1058 1294 1231 1350 neque
1261 1277 1473 1349 Moyses
1512 1277 1604 1347 qui
1636 1276 1811 1345 major

199 1377 487 1449 prophetis
524 1385 662 1433 erat.
688 1375 823 1432 Nam
870 1375 981 1441 ille,
1015 1387 1137 1428 eum
1167 1379 1442 1442 oporteret
1479 1370 1614 1424 alios
1643 1368 1808 1438 spiri-

199 1470 378 1525 tualcs
427 1469 611 1536 eflici,
660 1467 977 1523 imminutus
1014 1473 1116 1519 est.
1149 1463 1246 1518 llic
1291 1477 1420 1518 vero
1460 1476 1567 1515 non
1614 1459 1808 1515 eodem

197 1563 386 1627 modo,
415 1561 511 1617 sed
559 1557 1013 1631 quemadmodum
1043 1555 1109 1611 ad
1138 1554 1315 1626 ignem
1346 1562 1477 1624 quot
1516 1552 1659 1606 volet
1684 1552 1807 1622 qni-

195 1658 280 1712 vis
305 1657 557 1711 lucernas
580 1652 858 1716 accendet,
890 1666 993 1707 nec
1014 1650 1219 1703 minuet
1248 1649 1449 1719 ignem,
1484 1645 1562 1702 sic
1589 1657 1642 1701 et
1672 1659 1809 1715 apo-

198 1750 356 1804 stolis
405 1758 535 1803 tunc
561 1746 806 1817 contigit.
852 1744 988 1799 Nam
1019 1758 1117 1813 per
1143 1743 1323 1813 ignem
1361 1757 1467 1796 non
1496 1739 1658 1795 modo
1687 1755 1809 1810 gra-

198 1843 287 1895 tia:
318 1841 543 1895 ubertas
568 1836 983 1902 ostendebatur;
1029 1834 1125 1891 sed
1151 1835 1375 1904 quisque
1404 1832 1607 1887 fontem
1633 1830 1805 1901 Spiri~

199 1944 280 1986 tus
306 1932 632 2001 accipiebat,
666 1939 722 1984 ut
747 1928 882 1985 dixit
935 1928 1045 1994 ille,
1077 1942 1173 1983 eos
1201 1928 1291 1998 qui
1322 1930 1373 1981 in
1395 1942 1458 1982 se
1495 1924 1803 1993 crederent,

196 2034 521 2093 accepturos
552 2036 673 2077 esse
696 2020 898 2076 fontem
929 2035 1085 2089 aqua:
1109 2019 1352 2074 salientis
1380 2019 1433 2073 in
1454 2018 1617 2073 vitam
1649 2028 1807 2073 aeter-

194 2131 319 2169 nam
353 2114 539 2185 (Joan.
572 2115 625 2169 ὁ.
657 2113 749 2185 ll)
779 2131 793 2166 :
827 2112 989 2183 idque
1032 2112 1156 2180 jure
1205 2112 1419 2167 merito.
1447 2110 1631 2181 Neque
1661 2110 1805 2165 enim

191 2223 315 2261 eum
346 2206 627 2261 Pharaone
658 2206 979 2277 disputaturi
1008 2205 1285 2271 abierant,
1317 2202 1410 2258 sed
1440 2218 1560 2258 cum
1589 2202 1805 2258 diabolo

194 2300 507 2370 pugnaturi.
546 2297 809 2368 Quodque
853 2296 1155 2352 mirabilius
1196 2305 1301 2362 est,
1337 2297 1485 2351 missi
1519 2312 1625 2352 non
1653 2311 1807 2366 repu-

190 2403 446 2461 gnarunt,
476 2408 574 2446 nec
600 2392 848 2447 dixerunt
878 2406 939 2447 se
959 2391 1147 2463 gracili
1173 2406 1303 2446 voce
1332 2400 1386 2447 et
1411 2391 1586 2461 lingua
1621 2391 1804 2446 tardos

191 2502 312 2542 esse
345 2486 543 2558 (Exod.
570 2487 623 2541 ι.
658 2486 779 2557 ›ιο);
813 2484 1026 2557 Moyses
1053 2485 1197 2541 enim
1231 2486 1353 2541 illos
1385 2486 1450 2540 ad
1484 2486 1588 2541 hoc
1614 2485 1802 2540 crudi-

191 2591 329 2635 erat.
343 2579 460 2634 Non
479 2579 751 2647 dixerunt,
769 2578 1081 2649 sejuniores
1101 2594 1242 2644 esse;
1265 2595 1387 2634 nam
1406 2579 1668 2635 Jeremias
1683 2580 1804 2635 illos

192 2673 503 2727 instituerat
534 2671 668 2743 (Jer.
701 2674 753 2727 l.
784 2674 864 2742 6).
894 2672 1057 2743 Atqui
1101 2673 1268 2727 multa
1313 2672 1599 2728 audierant
1641 2674 1802 2729 terri-

191 2766 342 2829 bilia,
388 2766 685 2836 multoque,
719 2782 880 2837 quam
929 2768 1024 2831 illi.
1057 2768 1301 2839 majora:
1331 2776 1385 2823 et
1417 2777 1595 2823 tamen
1641 2768 1799 2823 veriti

191 2869 318 2914 sunt
341 2860 738 2917 contradicere.
784 2860 921 2917 Hinc
949 2862 1123 2932 palam
1154 2870 1237 2917 est
1262 2877 1356 2917 eos
1387 2861 1551 2916 fuisse
1581 2862 1803 2931 angelos

190 2951 344 3015 lucis,
368 2961 425 3005 et
449 2966 804 3021 supernarum
822 2968 1017 3009 rerum
1052 2954 1349 3009 ministros.
1366 2953 1433 3007 Et
1454 2954 1559 3009 illis
1584 2954 1799 3024 quidem

192 3043 245 3097 in
276 3054 417 3098 terra
446 3044 726 3114 agentibus
748 3045 925 3100 nullus
952 3044 1021 3101 de
1049 3047 1186 3101 ctelo
1209 3048 1492 3115 apparuit;
1524 3046 1620 3102 sed
1653 3056 1802 3116 post-

192 3152 351 3204 quam
389 3137 634 3191 ascendit
680 3137 853 3193 Homo
893 3154 1107 3194 sursum
1135 3181 1150 3204 ,
1200 3137 1437 3210 Spiritus
1471 3156 1503 3196 e
1549 3140 1802 3209 supernis

191 3226 438 3291 advenit;
467 3225 745 3297 Tamquam
766 3230 1183 3298 supervenientis,
1206 3230 1400 3301 inquit.
1424 3231 1637 3301 spiritus
1654 3232 1802 3285 veho-

193 3318 395 3373 rnentis.
442 3317 579 3373 llinc
612 3318 849 3374 declarat
871 3320 1010 3383 fore,
1042 3330 1098 3375 ut
1122 3320 1255 3378 nihil
1283 3324 1451 3392 possit
1478 3324 1609 3394 ipsis
1647 3324 1797 3379 obsic

189 3418 356 3475 stere,
389 3409 483 3463 sed
516 3409 759 3465 inimicos
788 3412 855 3466 ab
881 3412 1012 3481 ipsis
1058 3412 1296 3482 pulveris
1332 3415 1501 3469 instar
1532 3416 1797 3471 ventilan-

188 3496 290 3552 dos
332 3513 476 3553 esse.
524 3497 589 3553 Et
637 3502 845 3567 replevit
893 3512 1051 3556 totam
1106 3503 1332 3558 domum.
1354 3505 1555 3561 Domus
1612 3508 1797 3562 mundi

194 3590 497 3659 symbolum
518 3600 650 3645 erat.
672 3592 915 3664 Seditque
944 3611 1102 3664 supra
1122 3595 1350 3667 singulos
1368 3613 1561 3652 eorum.
1584 3598 1653 3653 Et
1674 3614 1795 3654 con-

189 3684 324 3735 venit
342 3682 635 3748 multitudo,
655 3693 699 3736 et
716 3696 877 3739 mente
891 3690 1104 3757 confusa
1118 3698 1212 3743 est.
1223 3688 1631 3749 Viden'illorum
1642 3697 1811 3765 pieta-

190 3780 324 3837 tem,
355 3781 414 3826 et
443 3774 716 3841 quomodo
737 3776 870 3831 nihil
897 3779 1075 3833 statim
1100 3784 1466 3851 pronuntient,
1510 3784 1605 3840 sed
1639 3784 1799 3839 haesi-

187 3866 342 3919 tent?
387 3866 466 3920 Illi
511 3882 639 3921 vero
668 3868 895 3938 improbi
936 3874 1286 3940 pronuntiant
1322 3875 1586 3937 dicentes.
1624 3877 1795 3932 Musto

191 3956 326 4023 pleni
362 3969 500 4011 sunt.
525 3958 790 4024 Quoniam
812 3962 1106 4017 secundum
1139 3965 1311 4035 legem
1353 3967 1550 4023 licebat
1581 3970 1688 4026 illis
1712 3981 1795 4026 ter

190 4048 481 4115 quotannis
512 4049 563 4102 in
608 4050 811 4120 templo
838 4066 1175 4122 comparere,
1203 4057 1327 4113 ideo
1352 4060 1457 4116 illic
1483 4060 1794 4119 habitabant

185 4154 251 4193 ex
280 4141 536 4195 omnibus
563 4143 867 4198 nationibus
894 4146 993 4199 viri
1026 4148 1283 4217 religiosi.
1328 4151 1464 4207 Hinc
1492 4155 1790 4225 perpende,

186 4246 345 4299 quam
380 4247 487 4285 non
535 4232 782 4289 aduletur
807 4236 912 4290 illis
941 4239 1030 4307 qui
1069 4237 1186 4294 hare
1218 4244 1452 4311 scripsit.
1479 4247 1593 4301 Non
1645 4250 1790 4305 enim

187 4322 316 4378 dicit
343 4324 470 4380 illos
500 4326 629 4394 quid
667 4332 1066 4399 pronuntiasse,
1088 4334 1187 4389 sed
1219 4338 1379 4405 quid?
1415 4338 1579 4394 Facta
1619 4354 1791 4398 autem

188 4415 280 4468 hac
305 4431 428 4470 voce
451 4420 680 4473 convenit
709 4421 982 4478 multitudo
998 4436 1045 4478 et
1073 4437 1238 4482 mente
1266 4435 1478 4503 confuso
1499 4444 1591 4490 est.
1622 4436 1784 4494 lure:

187 4508 450 4576 putabant
479 4512 621 4566 enim
650 4528 762 4569 rem
790 4516 952 4572 finem
980 4522 1253 4591 accepisse
1282 4540 1378 4594 per
1402 4544 1558 4584 suum
1599 4542 1786 4589 contra

182 4601 460 4657 Christum
488 4603 714 4663 facinus.
747 4608 999 4681 Alioquin
1024 4628 1176 4681 vero,
1215 4620 1545 4677 conscientia
1572 4624 1784 4683 illorum

181 4693 392 4747 animos
423 4698 766 4768 exagitabat,
796 4716 919 4758 cum
945 4704 1123 4762 ctedes
1149 4708 1328 4766 adlmc
1352 4714 1502 4783 quasi
1533 4715 1583 4770 in
1612 4720 1785 4775 mani-

181 4784 282 4840 bus
326 4798 497 4855 esset,
530 4800 586 4846 et
612 4793 793 4849 omnia
825 4795 949 4853 illos
996 4803 1287 4858 terrebant.
1314 4804 1505 4862 Nonne
1544 4826 1677 4878 ecce,
1702 4813 1784 4867 in~

173 4882 315 4951 quit,
358 4883 416 4936 lii
456 4900 654 4954 omnes,
689 4890 778 4958 qui
823 4890 1127 4961 loquuntur,
1168 4897 1377 4955 Galilei
1412 4905 1573 4958 sunt?
1616 4906 1784 4965 Recte

178 4971 313 5026 dixit
345 4993 362 5028 :
386 4990 513 5030 nam
537 4992 597 5033 se
619 4979 757 5036 tales
786 4982 1194 5052 proﬁtebantur.
1242 4992 1393 5049 Adeo
1420 4995 1540 5051 illos
1572 5000 1784 5059 sonitus

178 5065 423 5120 terrebat
464 5085 478 5121 :
520 5085 642 5124 nam
686 5088 879 5145 magna
926 5092 1051 5147 pars
1090 5082 1234 5137 orbis
1276 5085 1379 5141 huc
1424 5088 1779 5149 conﬂuxerat.

178 5156 311 5211 illud
345 5173 477 5213 vero
503 5162 778 5229 apostolos
809 5167 1120 5238 roborabat,
1165 5175 1307 5243 quod
1336 5192 1460 5233 cum
1504 5183 1782 5240 nescirent

175 5248 302 5349 quid
329 5261 494 5349 .esset
516 5253 790 5349 _Parthice
829 5260 993 5331 loqui,
1025 5266 1095 5319 ab
1133 5267 1236 5323 illis
1286 5280 1409 5327 tunc
1438 5290 1499 5330 se
1526 5276 1596 5330 ita
1626 5279 1778 5349 loqui

177 5338 477 5396 discebant.
516 5343 683 5401 Porro
710 5361 899 5417 gentes
928 5370 1190 5411 memorat
1224 5362 1329 5419 illis
1357 5364 1620 5435 inimicas,
1648 5338 1781 5427 Creo

177 5437 277 5495 tas,
327 5432 555 5501 Arabes,
592 5436 892 5512 Egyptios,
921 5445 1117 5505 Persas
1147 5465 1160 5504 :
1194 5451 1476 5511 declarans
1513 5432 1637 5519 illos
1681 5466 1779 5523 has

171 5536 365 5577 omnes
388 5527 707 5585 subacturos
733 5547 869 5590 esse.

240 5614 297 5718 3..
323 5615 472 5719 .Cutn
515 5630 694 5678 autem
739 5622 913 5683 Judaei
960 5639 1085 5687 tunc
1136 5633 1187 5690 in
1219 5640 1529 5708 captivitate
1569 5661 1774 5719 essent,

174 5708 469 5808 verisimile
507 5723 624 5770 erat
673 5715 743 5773 ibi
786 5720 987 5779 multos
1030 5740 1345 5798 comparere
1389 5750 1453 5790 ex
1483 5708 1773 5812 gentibus;

173 5798 284 5891 sive
309 5803 451 5872 quod
480 5804 594 5873 jam
619 5809 758 5878 apud
786 5822 980 5883 gentes
1000 5815 1247 5889 dogmata
1276 5798 1539 5885 seminaia
1567 5798 1772 5891 essent:

175 5886 398 5966 ideoque
429 5898 586 5955 multi
626 5899 739 5970 jam
787 5903 896 5963 illic
925 5886 1184 5981 aderant,
1215 5929 1402 5973 ecrtnn
1435 5936 1553 5991 qtue

3467 426 3556 484 ιι

1930 544 2050 588 rant
2074 551 2365 592 memores.
2391 536 2786 592 Testimonium
2814 553 2943 610 ergo
2965 539 3200 611 undique
3226 552 3396 596 tutum
3420 555 3541 599 erat

1926 634 1978 679 et
2005 628 2122 682 sine
2144 630 2537 695 controversia,
2566 646 2595 684 a
2623 630 2849 698 civibus,
2874 632 2941 686 ab
2970 635 3262 698 extmneis,
3294 649 3324 688 a
3349 650 3540 704 prose-

1926 717 2072 788 lytis.
2108 719 2409 775 Audiuimus
2430 738 2516 776 eos
2544 722 2802 793 loquentes
2826 724 3015 778 nostris
3042 725 3242 796 tinguis.
3274 727 3539 793 muqnalin

1923 808 2041 864 Dei.
2066 810 2183 865 Non
2214 812 2357 866 enim
2382 812 2644 885 vulgat-ia,
2664 814 2758 868 sed
2789 816 3052 871 mirabilia
3076 816 3323 887 qumdam
3345 818 3537 889 loque-

1921 901 2136 959 bantur.
2182 904 2313 960 Jure
2340 921 2470 977 ergo
2520 906 2838 963 btesitabant
2872 926 2884 962 :
2918 910 3051 964 nihil
3096 911 3241 965 enim
3272 927 3528 982 umquam

1918 993 2095 1048 simile
2127 994 2420 1050 acciderat.
2454 995 2586 1051 Vide
2632 996 2909 1052 hominum
2958 1000 3302 1069 probitatem.
3333 1001 3529 1071 Stupec
3600 1038 3605 1041 ι

1917 1086 2043 1140 bant
2073 1098 2129 1142 et
2157 1088 2496 1150 dubitabant.
2526 1090 2770 1145 dicentes
2802 1108 2815 1144 :
2852 1091 3117 1159 Quidnam
3148 1094 3250 1146 vult
3278 1091 3533 1171 Ιιοεςηςδδετ

1917 1180 2023 1233 Alii
2051 1191 2219 1235 autem
2246 1182 2516 1236 irridentes
2544 1184 2799 1251 dicebant,
2832 1184 3005 1239 Musio
3032 1185 3173 1257 pleni
3201 1196 3337 1239 sunt.
3362 1172 3533 1240 Oim-

1918 1273 2267 1343 pudentiam!
2298 1276 2448 1333 Si'ea
2478 1277 2547 1334 de
2574 1293 2736 1333 causa
2771 1279 3046 1347 ridebant,
3078 1280 3275 1352 ecquid
3309 1279 3535 1335 mirum?

1918 1367 2355 1439 quandoquidem
2402 1370 2577 1440 ipsum
2614 1372 2898 1426 Dominum
2944 1372 3224 1428 da'monas
3253 1372 3532 1443 expellenv

1918 1467 2047 1525 tem,
2076 1460 2401 1517 daemonium
2425 1460 2625 1519 habere
2647 1463 2899 1519 d3cebant
2943 1463 3123 1538 (Joan.
3152 1465 3208 1522 8.
3234 1464 3355 1537 48).
3397 1464 3532 1521 Nam

1915 1554 2211 1624 petulantia
2240 1555 2568 1626 ubicumque
2594 1556 2785 1621 adest;
2820 1574 2985 1612 unum
3013 1560 3208 1629 quaerit
3249 1558 3437 1624 modo,
3470 1568 3532 1613 ut

1917 1644 2193 1715 loquatur,
2221 1662 2330 1702 non
2363 1648 2661 1703 secundum
2690 1649 2958 1704 rationem
2986 1692 3002 1717 ,
3037 1649 3133 1705 sed
3161 1651 3422 1721 quidquid
3473 1652 3531 1705 in

1915 1736 2139 1792 buccam
2171 1738 2401 1794 venerit.
2448 1738 2621 1793 Musio
2663 1741 2803 1811 pleni
2848 1750 2990 1797 sunt.
3023 1740 3169 1798 Sane
3196 1757 3327 1797 vero
3361 1760 3373 1796 :
3407 1742 3534 1811 quia

1914 1826 2162 1885 homines
2208 1830 2259 1883 in
2307 1830 2469 1885 tantis
2496 1832 2781 1900 periculis,
2828 1844 3072 1889 extrema
3104 1842 3441 1895 metuentes,
3477 1834 3530 1888 in

1916 1926 2065 1974 tanto
2094 1935 2330 1977 maerore
2358 1931 2657 1987 versantes,
2689 1923 2812 1977 talia
2846 1925 2992 1996 loqui
3021 1925 3245 1981 audent.
3278 1926 3526 1997 Perpen-

1913 2012 2010 2066 das
2039 2013 2197 2068 velim
2228 2013 2503 2083 quomodo
2527 2055 2544 2082 ,
2571 2030 2697 2070 cum
2739 2016 2843 2072 hoc
2866 2018 3165 2075 verisimile
3211 2034 3316 2073 non
3340 2027 3527 2085 esset,

1913 2114 1971 2159 ut
1997 2105 2334 2161 auditoribus
2380 2107 2703 2177 imponant,
2737 2118 2791 2164 et
2831 2109 3123 2165 ostendant
3171 2110 3319 2180 ipsos
3347 2110 3532 2166 ebrios

1912 2211 2034 2251 esse
2054 2240 2068 2262 ,
2098 2198 2291 2269 agendi
2323 2208 2377 2253 et
2409 2198 2665 2269 loquendi
2715 2199 2877 2256 modo
2903 2208 3080 2256 totum
3124 2202 3441 2258 adscribam
3469 2210 3530 2257 et

1912 2289 2115 2357 dicant,
2150 2290 2323 2345 Musio
2354 2292 2495 2360 pleni
2522 2302 2664 2347 sunt.
2697 2293 2860 2349 Stans
2881 2304 3053 2349 autem
3081 2293 3268 2349 Petrus
3297 2312 3413 2349 cum
3440 2312 3529 2349 un-

1912 2382 2096 2447 decim,
2130 2383 2312 2437 levavit
2340 2400 2510 2438 voeem
2533 2401 2682 2440 suam
2700 2427 2715 2453 ,
2744 2395 2792 2440 et
2841 2387 3082 2458 loquutus
3108 2396 3185 2444 est
3211 2388 3303 2442 eis.
3335 2386 3530 2443 Vidisti

1913 2473 2076 2529 modo
2105 2473 2251 2529 illius
2284 2474 2682 2544 providentiam
2709 2517 2724 2543 ,
2752 2476 2840 2532 hic
2861 2476 2985 2533 vide
3011 2476 3409 2533 fortitudinem.
3438 2477 3533 2532 Et-

1912 2565 2058 2621 enim
2090 2567 2134 2621 si
2165 2566 2575 2623 admirabantur
2599 2568 2712 2633 illi,
2745 2570 2789 2623 si
2821 2570 3135 2641 stupebant,
3160 2586 3344 2626 annon
3372 2587 3529 2641 neque

1910 2658 2214 2713 mirandum
2241 2668 2396 2727 erat,
2427 2659 2705 2716 hominem
2757 2661 3071 2717 illiteratmn
3116 2670 3173 2718 et
3216 2664 3438 2719 idiotam
3474 2664 3526 2718 in

1911 2757 2059 2803 tanta
2088 2750 2437 2807 multitudine
2486 2766 2650 2823 posse
2678 2750 2734 2807 in
2774 2752 2940 2811 verba
2968 2756 3362 2826 prorumpere?
3388 2755 3524 2811 Nam

1909 2844 1954 2897 si
1982 2844 2101 2913 quis
2123 2844 2267 2901 inter
2289 2844 2582 2902 familiares
2607 2847 2836 2918 loquens
2866 2848 3134 2914 turbatur,
3160 2850 3329 2906 multo
3355 2851 3527 2920 magis

1912 2934 2057 2989 inter
2081 2936 2328 2992 inimicos
2356 2945 2413 2993 et
2442 2937 2647 2992 cmdem
2695 2939 2967 3009 spirantes
3012 2940 3245 3010 loquens
3276 2942 3521 2997 turbabi~

1909 3034 2018 3080 tur.
2045 3026 2201 3094 Quod
2224 3040 2404 3085 autem
2428 3028 2571 3086 ebrii
2599 3046 2704 3085 non
2724 3040 2933 3097 essent,
2953 3032 3135 3087 statim
3158 3047 3230 3088 ex
3255 3033 3371 3104 ipsa
3395 3049 3527 3089 voce

1906 3119 2223 3187 declaravit,
2248 3122 2502 3196 quodque
2526 3138 2637 3179 non
2665 3139 2817 3181 more
2848 3134 3031 3181 vatum
3078 3125 3262 3182 lurore
3283 3126 3525 3198 correpti

1907 3225 2114 3281 essent,
2148 3230 2323 3284 neque
2350 3218 2399 3272 vi
2425 3216 2654 3288 quadam
2683 3218 3079 3277 detinerenlur.
3109 3220 3247 3289 Quid
3275 3220 3379 3277 sibi
3408 3221 3523 3277 vult

1908 3304 2063 3371 illud,
2092 3305 2219 3361 Cum
2252 3307 2530 3364 undecim?
2555 3306 2915 3365 Communem
2943 3311 3265 3367 emittebant
3292 3327 3480 3368 vocem
3501 3354 3518 3377 ,

1906 3406 1962 3451 et
1992 3396 2109 3465 ipse
2129 3414 2192 3453 os
2218 3398 2459 3453 omnium
2486 3410 2626 3455 erat.
2659 3398 2891 3456 Adstant
2913 3417 3044 3458 vero
3068 3403 3342 3469 undecim,
3371 3403 3519 3461 dicta

1906 3490 2223 3545 testimonio
2272 3505 2375 3547 suo
2400 3492 2808 3549 conilrtnantes.
2859 3494 3067 3549 Levavit
3118 3512 3290 3551 vocem
3332 3514 3521 3567 suam,

1906 3579 2115 3651 inquit,
2150 3580 2255 3636 hoc
2285 3590 2370 3637 est
2389 3624 2403 3649 ,
2435 3599 2629 3655 magna
2656 3600 2779 3640 cum
2807 3585 3003 3642 ﬁducia
3031 3588 3379 3659 loquebatur.

1978 3668 2167 3726 Petrus
2195 3689 2350 3742 quant
2378 3684 2621 3731 mutatus.
2648 3706 2722 3717 —
2750 3678 2864 3734 Hoc
2893 3689 3075 3736 autem
3127 3680 3273 3747 facit,
3307 3693 3365 3737 ut
3390 3683 3514 3754 Spi-

1906 3761 2040 3816 ritus
2087 3764 2315 3833 gratiam
2363 3763 2694 3821 ediscerent.
2740 3767 2787 3824 ls
2826 3770 2972 3825 enim
3018 3771 3111 3842 qui
3150 3773 3271 3829 vilis
3318 3775 3516 3845 puclla

1906 3853 2387 3924 interrogationem
2434 3873 2541 3913 non
2574 3860 2804 3927 tulerat,
2829 3860 2941 3932 jam
2974 3863 3028 3917 in
3072 3864 3253 3921 medio
3282 3866 3517 3937 populo-

1902 3959 2045 4009 rum,
2073 3946 2163 4015 qui
2188 3961 2381 4003 omnes
2404 3948 2609 4005 aedem
2637 3952 2946 4021 spirabant,
2973 3970 3097 4010 cum
3128 3966 3272 4012 tanta
3295 3957 3522 4015 disserit

1901 4034 2119 4103 ﬁducia,
2157 4046 2214 4092 ut
2242 4050 2389 4095 esset
2422 4040 2553 4095 illud
2601 4041 2961 4101 indubitatum
2993 4050 3413 4106 resurrectionis
3443 4052 3519 4107 si-

1898 4143 2063 4198 gnum
2098 4144 2111 4182 :
2146 4145 2270 4185 nam
2320 4132 2460 4189 inter
2509 4133 2750 4192 ridentes
2803 4137 3051 4196 homines
3094 4150 3151 4197 et
3204 4143 3294 4196 tali
3351 4144 3520 4199 modo

1898 4220 2305 4278 subsannantes
2333 4239 2455 4279 cum
2510 4226 2761 4285 libertate
2809 4229 3069 4302 loquitur.
3100 4232 3329 4302 Quanta:
3356 4246 3518 4309 putas

1897 4313 2233 4381 petulantiae,
2268 4328 2486 4386 quantae
2516 4319 2812 4391 impietatis
2836 4366 2851 4392 ,
2883 4338 3100 4395 quantae
3127 4326 3517 4403 impudentia},

1894 4406 2222 4475 stupendum
2246 4408 2376 4465 illud
2407 4410 2708 4482 linguarum
2733 4414 2935 4472 donum
2956 4419 3207 4476 ebrietati
3235 4424 3516 4482 adscribe-

1896 4499 1999 4553 re?
2025 4498 2135 4555 Sed
2166 4502 2302 4557 nihil
2330 4504 2433 4559 hoc
2463 4507 2741 4576 apostolos
2773 4510 3042 4579 turbavit,
3076 4529 3255 4584 neque
3284 4517 3517 4575 timidio-

1892 4603 1983 4644 res
2012 4604 2078 4645 ει
2107 4591 2199 4647 tali
2228 4593 2342 4649 risu
2396 4594 2524 4650 facti
2548 4606 2699 4652 sunt.
2728 4598 2861 4656 Nam
2889 4616 2953 4657 ex
2998 4602 3235 4660 adventu
3280 4606 3516 4678 Spiritus

1894 4681 2050 4750 quasi
2102 4684 2509 4749 transformati.
2553 4691 2841 4761 corporeis
2888 4696 3147 4752 omnibus
3196 4702 3512 4769 superiores

1889 4782 2069 4829 erant.
2100 4774 2157 4829 Si
2187 4790 2323 4845 quos
2351 4779 2495 4833 enim
2524 4780 2684 4836 adeat
2712 4780 2974 4853 Spiritus,
3024 4802 3223 4843 aureos
3252 4806 3317 4845 ex
3350 4791 3512 4847 luteis

1888 4863 2078 4920 emcit.
2109 4864 2227 4921 Jam
2258 4867 2390 4925 mihi
2415 4870 2635 4927 Petrum
2666 4877 2951 4933 considera
2975 4920 2990 4946 ,
3021 4888 3079 4936 et
3124 4884 3349 4953 explora
3377 4886 3511 4942 mihi

1891 4957 2140 5014 timidum
2173 4961 2323 5017 illum
2352 5004 2366 5028 ,
2399 4973 2455 5019 et
2484 4965 2860 5039 insipientem;
2893 4984 2951 5028 ut
2974 4976 3051 5030 ait
3079 4975 3332 5034 Christus
3361 4996 3375 5034 :
3408 4981 3512 5036 Ad.

1892 5051 1992 5105 huc
2022 5062 2069 5107 et
2099 5070 2185 5110 vos
2213 5056 2510 5129 insipientes
2555 5064 2676 5119 estis
2717 5064 2953 5133 (Matth.
2985 5070 3075 5125 15.
3108 5071 3234 5143 16);
3263 5073 3355 5144 qui
3385 5090 3482 5145 pos
3504 5086 3525 5129 t

1889 5145 2287 5205 confessionem
2342 5152 2487 5209 illam
2536 5157 2875 5228 mirabilem,
2927 5172 3081 5220 satan
3131 5166 3355 5224 voca'tus
3405 5167 3519 5226 fuit

1891 5237 2003 5311 (Id.
2055 5241 2141 5296 16.
2165 5242 2280 5315 25).
2313 5246 2595 5318 Perpende
2638 5252 2767 5309 item
2797 5256 2813 5286 ⁸
2844 5260 3218 5327 apostolorum
3258 5279 3499 5321 concor-

1888 5330 2055 5395 diam,
2088 5336 2364 5404 quomodo
2397 5340 2559 5397 Pctm
2586 5346 2855 5402 cesserint
2880 5353 3238 5409 concinnandi
3268 5357 3455 5412 officio
3486 5378 3503 5415 :

1887 5437 2064 5493 neque
2088 5427 2234 5482 enim
2265 5432 2555 5500 oportebat
2582 5451 2771 5493 omnes
2798 5440 2961 5501 simul
2981 5444 3147 5513 loqui.
3183 5446 3250 5500 Et
3283 5449 3502 5521 levavit,

1886 5515 2097 5587 inquit,
2130 5535 2301 5576 vocem
2338 5541 2515 5595 suam,
2546 5538 2599 5583 et
2626 5547 2817 5603 magna
2845 5549 2966 5589 cum
3013 5538 3203 5593 fiducia
3250 5515 3504 5615 loquutus

1944 5674 2408 5761 {mea
2441 5686 2513 5761 se
2560 5686 2775 5761 stream.
2801 5689 2893 5761 ,ιιίο
2936 5691 3249 5761 ιοοιιεηης-ει
3293 5699 3503 5761 explora

2025 5734 2427 5824 fmilt‘lfnlyft—n},
2453 5734 2653 5824 ct’adt‘o
2665 5734 2896 5824 timidum
2920 5734 3503 5824 ἀί

1888 5796 2291 5885 35?}3’1‘f559ftf’
2295 5796 2464 5885 ἐφηξῖίτέ
2498 5796 2636 5885 tati?
2921 5796 3497 5885 ῐιὶἑιῖξῖἓῖἷιὲὲῗτῖρξὶη

1882 5866 2273 5943 (litigii-85111734“
2288 5874 2334 5914 et
2356 5866 2625 5943 abundanti
2648 5866 2905 5939 largitione
2924 5866 3148 5942 s'piritus
3164 5866 3492 5943 aliialii}.

1885 5925 2137 5988 Perpende
2167 5926 2295 5987 ttt‘m,
2325 5937 2419 5979 etc.
