4092 6480
605 406 672 460 47
1401 398 1455 453 S.
1497 399 1772 455 30A};le
1802 397 2175 458 CliRYSOSTl

2298 405 2610 461 ARCllllll‘.
2654 405 2785 465 (ἶὺΣέ
2802 408 3179 469 ΞΤᾸΧΤΞΝΟΡ.
3804 428 3875 483 43

604 532 687 576 est
714 525 810 577 eis.
855 523 975 576 'l'alc
1009 520 1277 591 quidpiam
1313 528 1395 571 est
1445 532 1566 573 esse
1603 518 1771 569 virum
1821 516 2176 584 spiritualem.

603 614 825 668 'l‘antnm
857 628 954 666 nos
980 626 1209 680 superna
1239 610 1409 680 gratia
1442 608 1631 677 dignos
1675 607 2060 661 constituamus
2084 648 2099 673 ,
2127 615 2182 660 et

601 710 776 761 omnia
797 714 954 761 erunt
983 704 1175 763 facilia.
1195 703 1343 759 Sicut
1363 702 1503 757 enim
1525 701 1683 753 homo
1702 700 1883 769 igneus
1907 700 1956 753 in
1980 698 2182 753 medias

598 802 819 871 stipulas
840 800 1111 865 incidens,
1139 797 1271 853 nihil
1298 795 1541 857 Leditur,
1574 792 1667 847 sed
1700 793 1868 862 magis
1892 801 2177 861 operatur;

600 908 772 962 neque
787 892 927 946 enim
952 890 1042 944 ille
1057 890 1325 962 quidpiam
1346 886 1559 955 patitur,
1580 884 1671 938 sed
1693 885 1780 953 qui
1803 884 1874 937 illi
1899 880 2175 944 resistunt,

596 987 803 1055 seipsos
844 985 1104 1053 perdunt:
1136 983 1204 1036 ita
1256 994 1397 1034 nunc
1444 993 1655 1049 quoque
1700 978 1892 1029 factum
1923 983 2023 1028 est.
2068 974 2178 1028 hno

597 1079 774 1145 potius
815 1087 866 1131 ut
913 1078 955 1130 si
997 1076 1115 1145 quis
1158 1074 1329 1145 ignem
1359 1082 1573 1142 gestans
1599 1082 1789 1140 pugnet
1816 1084 1934 1124 cum
1967 1084 2061 1131 eo,
2089 1074 2179 1136 qui

595 1174 738 1227 foeno
766 1180 989 1224 onustus
1017 1176 1137 1223 est:
1175 1168 1251 1221 sic
1281 1177 1334 1221 et
1375 1164 1601 1243 apostoli
1649 1165 1766 1217 illos
1817 1177 1935 1216 cum
1988 1175 2177 1230 magna

594 1261 903 1316 fortitudine
932 1261 1165 1332 aggressi
1193 1267 1334 1313 sunt.
1365 1257 1501 1325 Quid
1529 1256 1671 1309 enint
1714 1254 1851 1308 hesit
1880 1254 1999 1307 illos
2031 1259 2175 1304 tanta

595 1352 918 1407 multitudo?
964 1352 1055 1406 hic
1086 1351 1225 1405 enim
1269 1349 1395 1401 mihi
1426 1366 1439 1400 :
1469 1361 1644 1401 annon
1695 1360 1814 1399 cmn
1865 1351 2099 1413 egestate
2125 1351 2179 1395 et

593 1446 734 1499 fame
762 1441 1104 1513 pugnabant?
1128 1455 1303 1495 annon
1344 1455 1467 1494 cmn
1522 1436 1803 1506 ignominia
1844 1444 1899 1488 ct
1928 1432 2175 1486 infamia?

593 1556 605 1601 ί
646 1555 763 1592 nam
802 1538 1114 1606 deceptores
1158 1551 1278 1590 esse
1319 1533 1713 1601 credebantur)
1744 1546 1917 1583 annon
1966 1529 2092 1584 risui
2125 1536 2177 1582 et

592 1632 819 1686 ludibrio
868 1629 1207 1699 prrrsentium
1253 1628 1478 1695 expositi
1527 1624 1716 1679 erant?
1765 1622 1818 1676 ln
1866 1623 1985 1676 illos
2029 1620 2173 1674 enim

591 1736 810 1792 oti-aque
852 1720 1157 1775 incidebant
1185 1762 1198 1783 ,
1228 1734 1346 1773 cum
1378 1718 1462 1770 alii
1506 1716 1822 1778 irridercnt,
1856 1713 1942 1767 alii
1987 1712 2172 1767 illude-

590 1826 726 1869 ltttll.
762 1814 951 1867 Nonne
986 1813 1145 1866 furori
1179 1823 1231 1865 et
1258 1810 1475 1864 insania:
1503 1810 1825 1878 integrarum
1857 1808 2129 1861 civitatum
2152 1847 2166 1868 ,

589 1922 766 1961 nonne
798 1905 1151 1960 seditionibus
1180 1911 1234 1956 et
1279 1903 1482 1956 insidiis
1510 1901 1739 1971 expositi
1767 1900 1959 1953 erant?
1999 1914 2175 1952 nonne

590 1999 692 2066 igni
717 2040 730 2064 ,
765 1995 792 2049 li
819 2012 925 2059 rro,
960 1994 1119 2050 feris?
1149 2008 1325 2047 numne
1357 1992 1587 2061 undique
1635 1992 1762 2059 ipsis
1792 1992 2063 2043 innumera
2096 1989 2175 2042 in-

589 2091 797 2143 stabant
835 2088 1009 2143 bella?
1037 2102 1213 2141 nonne
1242 2086 1353 2140 lucc
1380 2086 1603 2138 molesta
1635 2083 1871 2137 videntes
1900 2084 1967 2136 ita
1997 2082 2171 2136 allecti

589 2189 739 2233 erant
759 2221 774 2242 ,
806 2195 866 2232 ae
896 2179 940 2233 si
970 2178 1176 2232 somnia
1206 2186 1296 2229 ant
1336 2177 1591 2244 picturam
1624 2174 1875 2227 vidissent
1904 2173 2173 2243 (u)?Quid

589 2289 716 2326 \eru
734 2272 756 2325 '3
781 2285 954 2324 nonne
980 2270 1189 2324 illorum
1223 2268 1455 2321 furorem
1481 2265 1969 2333 consumpserunt?
1998 2279 2174 2319 nonne

589 2368 641 2418 in
670 2365 812 2432 ipSos
838 2362 997 2416 animi
1035 2360 1333 2429 angustiam
1381 2358 1751 2412 retorserunt?
1782 2373 1959 2411 nonne
1991 2358 2064 2410 illi
2094 2356 2175 2410 fn-

588 2471 707 2510 rore
736 2464 788 2509 et
816 2466 956 2508 metu
987 2454 1223 2507 omnium
1249 2452 1477 2504 maxime
1510 2450 1861 2503 tenebantur?
1894 2465 2070 2503 nonne
2100 2449 2173 2502 illi

586 2546 726 2599 anxii
750 2555 921 2609 erant,
945 2544 1203 2599 timebant
1226 2542 1672 2609 tremebantque?
1696 2542 1826 2593 Audi
1854 2542 1968 2594 illus
1991 2540 2172 2595 dicen-

588 2650 668 2691 tes
713 2657 724 2690 :
783 2635 945 2688 Vultis
986 2635 1223 2687 inducere
1271 2648 1424 2702 super
1477 2647 1567 2684 nos
1614 2631 1911 2700 sanguinem
1957 2632 2173 2685 hominis

588 2731 731 2783 istius
765 2727 900 2795 (Act.
928 2727 978 2780 5.
1012 2725 1125 2794 28).

659 2820 982 2888 Comparatio
1012 2817 1360 2887 apostolorum
1389 2832 1504 2867 cum
1532 2816 1870 2884 philosophis.
1900 2846 1969 2855 —-
1995 2815 2176 2883 Quod-

588 2927 688 2981 que
711 2909 953 2965 mirabile
974 2910 1075 2973 es't,
1101 2907 1327 2977 apostoli
1349 2906 1476 2959 tnnli
1496 2907 1665 2960 aciem
1694 2906 2026 2960 instruebant
2048 2924 2177 2962 con-

590 3016 670 3057 tra
692 3012 946 3063 armatos,
969 3010 1154 3056 contra
1180 2999 1447 3069 principes
1468 2997 1520 3052 in
1552 3011 1609 3052 se
1630 3006 1949 3067 putescitem
1976 2999 2173 3054 haben-

592 3110 675 3153 tes
705 3095 931 3163 imperili
958 3110 973 3159 ;
998 3094 1256 3163 elingues,
1288 3090 1485 3155 idiotm,
1520 3100 1707 3145 contra
1739 3092 2170 3162 prmstigiatores,

588 3193 925 3258 deccptores,
948 3184 1215 3255 solihistas
1251 3184 1468 3249 multos,
1500 3182 1768 3248 rhetoras,
1802 3182 2171 3251 μιιὶιοδοριιυε,

589 3284 676 3352 qui
724 3284 776 3336 in
815 3280 1099 3335 Academia
1146 3287 1199 3332 et
1243 3275 1381 3346 apud
1431 3275 1818 3343 Peripateticos
1870 3276 2171 3343 putrefacti,

590 3373 860 3428 instabant
904 3380 959 3425 et
1002 3368 1326 3439 pugnabant.
1361 3367 1426 3420 Et
1460 3366 1524 3432 is,
1556 3366 1646 3435 qni
1673 3366 1814 3420 circa
1843 3375 2026 3435 stagna
2057 3382 2176 3421 ver-

590 3477 737 3519 satus
759 3477 973 3531 semper
1004 3459 1195 3522 fuerat,
1226 3460 1294 3512 ita
1328 3459 1450 3513 illos
1474 3458 1783 3526 superavit,
1818 3472 1881 3511 ac
1909 3459 1953 3512 si
1985 3468 2171 3512 contra

591 3569 767 3612 mutos
790 3556 960 3625 pisces
984 3562 1257 3608 certamen
1294 3550 1567 3604 habuisset
1590 3567 1603 3603 ;
1624 3564 1749 3604 vere
1787 3550 1927 3604 enim
1951 3592 1964 3614 ,
1993 3560 2049 3603 ut
2089 3552 2173 3621 pi—

588 3658 767 3704 scator
797 3658 926 3700 voce
952 3645 1238 3699 destitutos
1279 3642 1484 3711 pisces,
1523 3640 1641 3695 illos
1670 3639 1887 3695 devicit.
1930 3639 1999 3694 Et
2024 3641 2173 3695 Plato

616 3744 697 3804 ile,
729 3739 817 3808 qui
848 3748 953 3791 tam
984 3738 1145 3789 multa
1179 3742 1405 3803 nugatus
1430 3740 1542 3796 est,
1588 3733 1790 3787 tacuit:
1818 3731 1902 3785 hic
1930 3747 2056 3786 vero
2088 3732 2170 3787 lo-

588 3834 764 3900 quitur
808 3845 915 3886 non
960 3828 1121 3884 modo
1163 3828 1311 3892 suis,
1345 3824 1440 3882 sed
1486 3825 1645 3879 etiam
1694 3823 1940 3896 Parthis,
1973 3823 2172 3891 Medis,

591 3926 852 3989 l'llamitis,
879 3931 934 3978 et
960 3922 1125 3987 ludis,
1159 3920 1355 3988 ubique
1383 3928 1665 3981 terrarum,
1696 3924 1750 3970 et
1776 3930 1945 3986 usque
1964 3915 2031 3970 ad
2062 3926 2171 3970 ter-

589 4020 761 4074 minos
787 4018 954 4075 orbis.
972 4014 1073 4071 Ubi
1098 4012 1473 4068 nuncGrteciae
1496 4011 1662 4064 fastus
1688 4010 1799 4064 ille?
1821 4009 1908 4063 ubi
1937 4009 2175 4064 Athena-

590 4129 707 4166 rtnn
758 4108 987 4165 nomen?
1033 4107 1122 4162 ubi
1166 4102 1605 4175 philosophorum
1646 4101 2040 4156 deliramenta?
2083 4101 2175 4157 llle

588 4205 855 4266 Galilteus,
895 4202 982 4256 ille
1010 4216 1075 4255 ex
1104 4196 1410 4262 Bethsaida,
1442 4195 1531 4250 ille
1565 4194 1797 4249 rusticus
1824 4192 1956 4247 istos
1983 4206 2174 4249 omnes

588 4298 876 4368 superavit.
927 4293 1043 4349 Non
1094 4290 1409 4347 erubescitis
1432 4329 1447 4348 ,
1477 4301 1660 4357 qumso
1682 4328 1696 4353 ,
1729 4285 1813 4340 vel
1845 4285 1913 4340 de
1956 4286 2173 4339 nomine

591 4394 773 4463 patriae
801 4392 914 4461 ejus
934 4432 947 4454 ,
979 4387 1069 4457 qui
1101 4400 1195 4439 vos
1224 4382 1451 4439 devicit?
1477 4381 1531 4435 Si
1561 4394 1689 4434 vero
1717 4393 1909 4433 nomen
1943 4378 2058 4447 ejus
2081 4394 2179 4431 au-

589 4484 816 4546 dieritis,
848 4479 985 4551 quod
1016 4490 1206 4544 nempe
1233 4472 1440 4543 Ceplias
1464 4480 1783 4535 vocaretur,
1813 4469 1982 4524 multo
2009 4470 2176 4539 magis

592 4594 689 4633 vos
721 4573 965 4645 pudebit.
1000 4571 1110 4625 lloc
1134 4568 1329 4638 quippe
1357 4581 1471 4631 vos,
1500 4564 1621 4630 hoc,
1658 4564 1894 4633 inquam,
1922 4560 2171 4631 perdidit,

592 4668 733 4741 quod
754 4666 1149 4733 simplicitatem
1172 4660 1445 4731 probrum,
1467 4658 1826 4727 eloquentiam
1851 4654 2174 4709 laudabilem

592 4778 712 4818 esse
734 4758 949 4830 putatis.
973 4755 1087 4811 Non
1111 4769 1213 4825 qua
1236 4752 1316 4805 via
1339 4749 1573 4819 oportuit
1591 4748 1841 4809 venistis;
1864 4746 1953 4799 sed
1978 4746 2176 4799 omissa

597 4852 796 4923 regali,
838 4848 979 4902 facili
1010 4855 1063 4901 et
1107 4845 1259 4913 plana
1290 4842 1368 4895 via
1394 4881 1408 4904 ,
1456 4854 1699 4909 asperam
1721 4880 1734 4903 ,
1770 4845 2093 4905 praeruptam
2124 4842 2179 4888 et

592 4946 862 5001 difﬁcilem
890 4939 1135 4995 tenuistis
1165 4954 1179 4990 :
1206 4937 1432 5006 ideoque
1465 4948 1569 4987 nou
1616 4930 1937 5001 pervenistis
1966 4927 2035 4981 ad
2088 4942 2177 4981 re-

590 5054 752 5113 gnum
783 5036 1058 5092 caelorum.

540 5188 557 5199 ·
625 5173 697 5234 (a)
719 5170 861 5221 Hune
874 5168 1029 5234 locum
1048 5177 1143 5213 non
1173 5163 1235 5234 ita
1260 5159 1527 5234 intelligas,
1541 5152 2039 5234 ~incutitlistoptl'..,_a.e_
2051 5165 2180 5234 ἐξ·κεῖ

598 5220 695 5285 ιδῖῖ
717 5220 824 5282 lucc
865 5231 955 5278 sibi
980 5228 1108 5275 illata
1130 5225 1375 5290 mala__noa
1398 5220 1859 5290 maglssenserin‘t“,
1880 5228 2025 5290 quam
2049 5228 2090 5263 Si
2127 5220 2177 5264 in

594 5276 946 5349 Qi'iiiuiigieiio
973 5292 1159 5351 pictura
1186 5285 1447 5352 vidissent;
1481 5276 1570 5331 ἱρά
1587 5282 1662 5352 sic
1685 5276 2065 5352 intelligendum
2092 5291 2179 5352 pu-

804 5337 1138 5413 idettsli'eCLata
1166 5354 1305 5397 erant
1328 5344 1406 5413 illa
1422 5337 1534 5413 dure
1558 5343 1651 5413 sibi
1680 5341 1814 5403 (sic)
1844 5337 2180 5413 inferebantur

735 5397 1004 5479 aliis
1022 5397 1068 5460 in
1087 5422 1254 5479 somno
1280 5407 1359 5479 vel
1382 5397 1572 5479 pictura
1596 5397 2079 5479 illorum'iorigoduci
2096 5402 2178 5479 Avi-

596 5456 995 5532 soer
1019 5456 1251 5535 nonsatis
1278 5456 1587 5535 intelligimus
1622 5478 1767 5535 quum
1790 5464 1847 5513 ob
1871 5456 2067 5535 consum
2090 5460 2176 5532 do-

594 5524 834 5595 ctissimus
849 5524 923 5589 is}
941 5524 1081 5587 talem
1104 5524 1472 5595 explicationem
1502 5524 1754 5587 nemo,
1782 5538 1892 5587 qua:
1916 5524 1980 5595 ad
2004 5524 2179 5595 seriem

596 5586 1061 5665 iii‘JIiiiiE'btihd’mie
1084 5586 1291 5665 ridetur.
1327 5590 1507 5665 etenim
1543 5595 1644 5665 tum
1666 5601 1754 5665 ea)“
1767 5586 2170 5665 antecedentibus,

596 5646 789 5718 82325
802 5646 1188 5723 Senicionem
1212 5653 1359 5723 liquet
1378 5652 1501 5701 hanc
1523 5664 1625 5723 esse
1652 5657 1858 5723 mentem
1892 5646 2175 5723 fiuysosto-

597 5717 681 5785 ini.
702 5727 880 5781 scilicet
898 5717 1127 5785 apostolos
1147 5717 1309 5785 omnia
1331 5722 1541 5785 terreno,
1563 5719 1724 5785 utpote
1748 5717 2180 5785 transitorubicoa-

602 5730 681 5790 uti,
702 5730 880 5781 scilicet
898 5730 1127 5785 aposlotos
1152 5730 1309 5765 omnm
1331 5730 1541 5784 terreno,
1563 5730 1724 5823 ntro“;
1748 5730 2042 5782 “versuumn,
2068 5730 2173 5779 cuu-

602 5795 875 5843 teimtcnm.
903 5798 997 5834 non
1031 5780 1180 5845 omnis
1205 5779 1265 5845 de
1307 5776 1447 5845 malis
1480 5775 1570 5825 srbz
1594 5776 1740 5845 ilatts
1765 5776 1909 5845 fuisse
1930 5771 2173 5845 sollicitos,

602 5833 985 5901 75$n7'3‘i'iniér
1011 5833 1347 5895 sonuiiandnnt
1383 5839 1467 5890 illo
1505 5838 1661 5897 specie
1699 5833 1879 5887 tantum
1906 5833 2035 5896 passi
2056 5833 2177 5895 [ms-

668 5920 717 5961 tl.

2362 522 2415 575 4.
2460 520 2654 575 Eadem
2678 530 2990 595 comparatio
3016 532 3296 602 peragitur.
3328 565 3394 574 -—
3422 537 3557 605 Quid
3603 544 3872 611 crgn‘lin-

2289 613 2468 682 quies;
2503 631 2601 669 cur
2630 632 2735 674 non
2766 620 2816 673 iu
2868 622 3084 681 Platone
3112 636 3166 682 et
3197 628 3246 682 in
3282 630 3581 703 Pythagora
3614 650 3873 706 operatus

2288 716 2371 759 est
2397 705 2666 763 Christus?
2696 710 2825 779 Quia
2857 712 2998 768 Petri
3026 733 3182 786 quant
3232 722 3441 776 illorum
3497 705 3661 782 mens
3703 734 3876 786 multo

2287 800 2485 851 eratad
2516 799 2901 873 philosophiam
2929 807 3123 874 aptior.
3150 810 3227 865 llli
3262 814 3487 886 namque
3513 834 3661 886 pll(‘l’l
3691 834 3871 888 erant,

2290 889 2483 959 ubique
2532 892 2599 945 ad
2649 894 2858 948 inanem
2887 896 3110 967 gloriam
3140 908 3385 959 conversi
3420 925 3430 959 :
3464 909 3548 962 hic
3579 920 3758 965 autem
3801 915 3877 967 rir

2283 982 2630 1053 pltilosorihus
2656 998 2791 1053 erat,
2816 999 2868 1044 et
2887 994 3072 1060 gratia:
3092 1008 3286 1063 capax.
3312 998 3463 1067 Quod
3491 1004 3533 1055 si
3565 1004 3648 1057 his
3672 1006 3878 1060 audizis

2286 1074 2480 1139 rideas,
2506 1076 2635 1131 nihil
2659 1080 2881 1145 mirum;
2912 1086 3343 1157 quandoquidem
3366 1103 3418 1146 ct
3452 1093 3524 1146 illi
3561 1104 3689 1149 tunc
3718 1097 3871 1151 ride-

2283 1164 2430 1233 bant,
2454 1182 2653 1237 eosque
2680 1182 2854 1226 nmsto
2876 1174 3062 1242 plenos
3080 1193 3205 1234 esse
3222 1180 3505 1248 dicebant;
3532 1187 3624 1241 sed
3658 1199 3871 1257 postea,

2281 1270 2401 1318 eum
2432 1258 2545 1312 dira
2576 1261 2661 1314 illa
2696 1272 2752 1317 et
2795 1265 3142 1322 acerbissima
3174 1273 3315 1339 passi
3356 1284 3514 1341 sunt,
3544 1293 3665 1333 cum
3694 1295 3875 1349 expu-

2281 1358 2497 1415 gnatam
2527 1351 2710 1407 urbem
2738 1354 3025 1424 viderunt,
3059 1360 3339 1419 incensum
3371 1366 3546 1438 ignem
3574 1412 3589 1433 ,
3621 1371 3872 1442 deiectos

2280 1453 2485 1507 muros,
2518 1442 2744 1514 illasque
2766 1450 3123 1520 calamitates,
3153 1471 3273 1525 qum
3300 1473 3458 1514 nemo
3483 1464 3649 1529 possit
3679 1479 3876 1518 recen—

2279 1544 2437 1599 sere,
2471 1550 2577 1589 non
2622 1536 2759 1593 ultra
2808 1541 3076 1599 ridebant.
3127 1544 3202 1600 Ita
3242 1558 3295 1603 et
3322 1565 3416 1605 vos
3458 1567 3561 1606 non
3597 1555 3868 1619 ιιιΙοιὺὶιὶε,

2280 1637 2403 1677 cum
2426 1625 2612 1695 judieii
2646 1629 2663 1661 ⁸
2695 1639 2903 1701 tempus
2931 1635 3243 1705 advenerit,
3291 1656 3411 1696 eum
3439 1643 3698 1713 gehemue
3728 1646 3876 1716 ignis

2279 1729 2539 1772 accensus
2564 1718 2739 1775 fuerit.
2766 1723 2870 1779 Sed
2897 1741 2994 1781 cur
3016 1728 3083 1783 de
3108 1729 3303 1786 futuris
3329 1733 3542 1803 loquor?
3565 1737 3655 1792 Vis
3681 1750 3873 1793 esten-

2280 1807 2402 1862 dam
2435 1811 2527 1865 tibi
2558 1815 2676 1882 quis
2701 1816 2770 1871 sit
2799 1816 3008 1886 Petrus,
3037 1823 3157 1891 quis
3187 1822 3384 1879 Plato?
3414 1828 3626 1883 lllormn
3661 1847 3868 1898 mores,

2280 1900 2323 1952 si
2379 1900 2624 1967 videtur,
2654 1908 3057 1977 expendamus,
3107 1913 3488 1987 videamusque
3534 1923 3658 1987 quid
3710 1927 3875 1976 tttttlm

2278 1993 2562 2058 gesserint.
2595 1996 2689 2051 llic
2713 2008 2876 2054 totam
2895 2008 3227 2075 consumpsit
3257 2010 3420 2063 vitam
3451 2015 3591 2066 circa
3617 2015 3875 2084 dogmata

2278 2080 2484 2136 inutilia
2516 2094 2569 2139 et
2599 2100 3018 2156 supervacanea.
3063 2095 3198 2160 Quid
3231 2100 3373 2151 enim
3426 2103 3639 2169 prodest
3692 2080 3872 2169 scire,

2278 2174 2421 2241 quod
2452 2177 2627 2230 anima
2660 2179 2961 2252 phil050phi
2988 2200 3167 2241 musca
3199 2188 3322 2243 ﬂat?
3352 2190 3488 2247 Vere
3517 2211 3723 2261 musca,
3760 2217 3873 2253 Lott

2279 2263 2333 2318 in
2364 2282 2601 2324 muscam
2645 2281 2846 2329 mutata
2896 2276 3027 2341 fuit,
3062 2280 3154 2334 sed
3201 2286 3423 2337 accessit
3457 2288 3521 2339 ad
3550 2292 3783 2344 animam
3821 2312 3873 2347 .n

2281 2357 2501 2417 Platone
2551 2364 2899 2423 habitantem.
2936 2370 3065 2438 Qua:
3112 2389 3265 2444 nugm
3315 2378 3399 2433 bis
3444 2387 3826 2451 eomparandm
3854 2388 3877 2440 ‘?

2281 2451 2421 2506 unde
2468 2457 2591 2508 talia
2621 2458 2831 2514 cll’utire
2879 2462 2930 2515 in
2981 2475 3218 2521 mentem
3265 2472 3446 2529 venit?
3478 2474 3647 2528 lronia
3681 2479 3879 2544 plenus

2280 2543 2358 2594 vir
2382 2554 2496 2597 erat
2521 2587 2534 2611 ,
2561 2558 2615 2601 et
2640 2548 2894 2606 adversus
2921 2569 3107 2610 omnes
3140 2559 3403 2630 zelotypia
3434 2543 3728 2622 laborabat.
3760 2570 3875 2622 lta-

2277 2648 2382 2703 que
2407 2640 2554 2704 quasi
2588 2641 2826 2697 studeret
2859 2645 2911 2698 in
2944 2646 3065 2713 hoc,
3090 2659 3146 2703 ut
3173 2668 3271 2706 nec
3292 2669 3355 2708 ex
3384 2671 3525 2723 sese,
3551 2674 3649 2715 nec
3671 2661 3737 2716 ab
3761 2665 3878 2718 alio

2278 2726 2560 2798 quicquam
2589 2730 2805 2787 alferrct
2829 2737 2994 2791 utile:
3018 2740 3095 2794 sic
3116 2743 3182 2796 ab
3205 2744 3310 2799 alio
3332 2752 3873 2821 metempsycbosim,

2279 2833 2308 2869 a
2328 2835 2383 2872 se
2407 2823 2788 2891 rempublicam
2815 2828 2866 2881 in
2898 2830 3131 2886 medium
3149 2836 3348 2902 attulit,
3373 2838 3464 2892 ubi
3489 2843 3668 2897 multa:
3696 2847 3871 2916 turpiv

2282 2913 2478 2966 tudinis
2496 2914 2639 2982 leges
2665 2920 2902 2985 protulit.
2918 2919 3470 2999 Communes;inquit,
3502 2943 3660 2988 sunto
3678 2913 3862 2994 mullo

2279 3019 2366 3057 res
2389 3046 2402 3069 ,
2449 3008 2605 3061 nuda:
2642 3011 2876 3081 virgines
2916 3016 3017 3069 sub
3042 3020 3213 3075 oculis
3242 3023 3534 3079 amantium
3565 3028 3836 3085 luctantur
3858 3074 3877 3100 ,

2278 3111 2591 3155 communes
2620 3110 2779 3158 sunto
2808 3115 2860 3159 et
2904 3120 3153 3177 parentes
3184 3121 3238 3166 et
3286 3112 3402 3167 lilii.
3436 3116 3607 3182 Quam
3638 3120 3754 3175 hcce
3782 3122 3878 3175 in-

2278 3190 2480 3243 saniam
2516 3208 2620 3249 non
2663 3201 2957 3266 superant?
3000 3202 3146 3259 Talia
3178 3215 3302 3261 sunt
3342 3222 3403 3263 ea
3425 3250 3441 3276 ,
3470 3226 3589 3281 qua:
3619 3214 3683 3267 ad
3714 3215 3878 3271 illum

2277 3294 2541 3349 spectant.
2577 3286 2671 3341 llic
2703 3304 2864 3357 porro
2890 3307 2996 3347 non
3026 3306 3217 3351 natura
3246 3314 3559 3356 communes
3590 3315 3765 3372 patres
3789 3306 3880 3360 ef-

2279 3374 2423 3439 ficit,
2454 3379 2545 3433 sed
2576 3380 2721 3437 Petri
2754 3384 3091 3455 philosophia
3125 3405 3137 3439 :
3172 3405 3292 3444 nam
3330 3392 3455 3448 illud
3500 3395 3736 3451 Platonis
3781 3399 3878 3455 hic

2277 3472 2511 3525 Sustulit.
2551 3472 2689 3528 Nihil
2720 3476 2862 3531 enim
2907 3480 3049 3534 aliud
3093 3482 3185 3537 ille
3213 3483 3515 3552 efliciebat,
3562 3490 3662 3543 nisi
3694 3494 3875 3562 utqui

2279 3574 2432 3632 pater
2458 3575 2573 3620 erat
2603 3568 2955 3637 ignoraretur,
2986 3582 3039 3628 et
3059 3577 3161 3645 qui
3193 3592 3298 3633 non
3331 3591 3445 3633 erat
3480 3580 3828 3638 induceretur
3860 3604 3876 3641 :

2277 3670 2440 3728 atque
2489 3664 2537 3716 in
2583 3664 2895 3721 ebrietatem
2934 3670 3216 3737 quamdam
3268 3681 3321 3726 et
3372 3672 3424 3726 in
3472 3676 3877 3745 Sterquilinium

2277 3754 2510 3823 cenjecit
2528 3758 2783 3812 animam.
2808 3759 3027 3826 Omnes,
3054 3764 3247 3833 inquit,
3279 3767 3591 3822 mulieribus
3612 3770 3881 3826 audacter

2278 3855 2515 3900 utuntur.
2543 3846 2668 3901 Ideo
2691 3860 2963 3918 poetarum
2986 3853 3235 3923 dogmata
3259 3870 3362 3909 non
3391 3857 3632 3927 exploro,
3662 3875 3728 3913 ne
3750 3860 3881 3929 quis

2281 3934 2426 3991 dicat
2468 3953 2555 3993 me
2602 3938 2809 3995 fabulas
2836 3944 3153 4011 explorare,
3184 3946 3278 3999 sed
3307 3948 3438 4001 alias
3466 3950 3629 4004 alfero
3662 3948 3881 4007 fabulas

2282 4031 2507 4099 poeticis
2538 4033 2691 4101 longe
2720 4035 2892 4102 magis
2931 4036 3202 4090 ridiculas.
3232 4036 3460 4093 Ubinam
3489 4041 3613 4109 quid
3646 4043 3716 4094 ita
3747 4058 3883 4112 pro—

2280 4124 2543 4194 digiosum
2572 4126 2893 4180 invenerunt
2923 4130 3135 4195 poclm?
3163 4129 3269 4185 Sed
3298 4131 3365 4196 is,
3401 4132 3487 4200 qui
3523 4132 3881 4202 philosopho-

2279 4231 2394 4270 rum
2426 4218 2674 4286 ptineeps
2697 4217 3011 4284 habebatur,
3039 4236 3187 4275 arma
3216 4221 3530 4276 mulieribus
3558 4224 3881 4294 circumpo-

2281 4310 2392 4374 nit,
2421 4310 2660 4364 cassides
2686 4351 2699 4374 ,
2730 4325 2917 4365 ocreas
2938 4352 2952 4374 ,
2986 4326 3083 4366 nec
3111 4313 3397 4382 quidquam
3432 4313 3563 4367 dicit
3590 4313 3878 4371 hominum

2280 4418 2449 4474 genus
2478 4418 2506 4456 a
2538 4404 2761 4458 canibus
2795 4402 3039 4458 differre:
3083 4404 3213 4473 Quia
3258 4406 3401 4459 enim
3424 4447 3438 4470 ,
3487 4406 3689 4475 inquit,
3718 4409 3880 4462 canis

2280 4496 2479 4552 femina
2506 4506 2560 4551 et
2591 4512 2711 4579 mas,
2731 4496 3130 4552 communicent
3162 4499 3212 4551 in
3244 4499 3396 4552 factis
3426 4540 3439 4561 ,
3470 4499 3880 4554 communicent

2281 4599 2337 4644 ct
2363 4590 2637 4655 mulieres,
2668 4600 2829 4661 atque
2859 4591 3035 4644 omnia
3066 4606 3159 4644 sus
3186 4590 3359 4659 deque
3391 4599 3686 4645 vertantur.
3714 4590 3880 4645 Sem-

2285 4699 2380 4753 per
2406 4684 2547 4737 enim
2582 4699 2677 4753 per
2715 4684 2835 4737 illas
2878 4684 2979 4736 hoc
3025 4684 3132 4752 egit
3161 4681 3440 4749 diabolus,
3477 4692 3533 4736 ut
3561 4683 3882 4738 ostenderet

2283 4789 2449 4842 genus
2482 4786 2719 4828 nostrum
2768 4789 2873 4827 non
2923 4772 3203 4840 pretiosius
3231 4786 3351 4825 esse
3380 4773 3551 4827 brutis
3580 4790 3593 4825 :
3627 4774 3878 4841 quando-

2284 4865 2499 4936 quidem
2529 4864 2771 4918 nonnulli
2797 4865 2847 4917 in
2874 4873 2977 4918 tam
3007 4863 3294 4918 absurdam
3321 4874 3374 4916 et
3397 4881 3583 4918 vanam
3610 4877 3883 4919 venerunt

2285 4957 2631 5026 Opinionem,
2662 4967 2717 5010 ut
2765 4956 3006 5011 dicerent
3037 4957 3188 5009 bruta
3236 4956 3482 5008 animalia
3532 4956 3881 5013 rationabilia

2284 5068 2424 5107 esse.
2461 5053 2523 5106 Et
2554 5053 2675 5107 vide
2701 5095 2714 5114 ,
2747 5067 2905 5120 quam
2949 5052 3092 5105 varie
3127 5051 3177 5104 in
3210 5052 3491 5103 animabus
3537 5050 3749 5104 illorum
3779 5052 3879 5106 de-

2285 5145 2575 5202 bacchatus
2600 5146 2687 5198 sit.
2721 5144 2934 5198 Illorum
2961 5157 3209 5211 proceres
3231 5142 3485 5196 dixerunt
3511 5142 3745 5200 animam
3773 5160 3879 5196 no-

2284 5249 2447 5294 SIram
2495 5238 2546 5289 in
2581 5250 2791 5288 muscas
2823 5244 2876 5288 et
2915 5249 3075 5288 canes
3122 5244 3174 5287 et
3206 5234 3358 5287 bruta
3394 5232 3588 5286 mutari
3623 5247 3635 5281 :
3672 5232 3873 5287 horum

2286 5344 2626 5383 successores
2653 5327 2775 5380 hinc
2804 5327 3003 5395 pudore
3034 5325 3207 5380 aﬂ'ecti
3242 5326 3293 5378 in
3325 5325 3482 5379 aliam
3511 5326 3717 5394 delapsi
3750 5337 3879 5379 sunt

2286 5420 2690 5489 turpitudinem,
2724 5417 3093 5472 rationabilem
3143 5432 3355 5471 omnem
3390 5417 3668 5471 scientiam
3704 5417 3880 5471 brutis

2285 5514 2767 5578 connnunicantes,
2798 5520 2850 5565 et
2882 5511 3077 5578 ubique
3111 5519 3476 5562 monstrantes
3504 5523 3566 5562 ea
3600 5521 3717 5573 que
3749 5524 3879 5575 prn-

2288 5621 2405 5681 pter
2439 5624 2535 5664 nos
2567 5610 2700 5662 laeta
2743 5615 2894 5670 sunt,
2929 5605 3083 5658 nobis
3109 5618 3231 5657 esse
3265 5602 3658 5670 pra-stautiora.
3692 5600 3885 5666 Neque

2290 5704 2389 5757 hoc
2420 5710 2655 5763 tantmn,
2689 5697 2782 5751 sed
2811 5698 2970 5751 etiam
3018 5694 3409 5764 prarscientiam
3453 5702 3505 5745 et
3554 5690 3883 5760 religionem

2412 5886 2516 5934 llttu
2541 5891 2645 5932 Mss.
2675 5882 2862 5942 legunt,
2891 5875 3134 5942 gc'ltt‘ttlta‘,
3165 5889 3267 5935 plu,
3302 5869 3498 5937 jmltt‘li.
