4092 6494
224 441 286 499 ιθ
1208 437 1274 494 ΙΝ
1313 437 1493 494 ACTA
1534 426 2060 491 APOSTOLORUM.
2084 430 2316 489 llOMlL.
2360 431 2425 489 V.
3467 445 3538 502 bo

222 559 351 630 apud
380 558 501 613 illos
524 574 647 616 esse
667 558 871 614 dicunt.
894 558 1127 623 Corvus,
1154 558 1419 627 inquiunt,
1445 557 1593 610 novit
1612 555 1805 621 Deum,

221 660 271 704 ut
292 660 342 704 et
358 650 568 715 cornix,
594 666 657 705 ac
680 650 973 720 prophetia:
992 650 1195 705 donum
1223 650 1442 715 habent,
1468 648 1642 702 futura
1672 660 1811 716 pra:-

221 739 392 794 tlicunt
414 759 426 794 :
448 740 586 810 apud
609 741 731 796 illos
746 741 975 810 justitia,
1001 740 1323 809 respublica,
1344 740 1511 809 leges,
1534 738 1809 792 invidiam-

119 816 125 823 ’
216 846 314 899 que
332 831 467 899 apud
491 832 614 885 illos
632 832 781 886 canis
802 832 969 887 habet
988 831 1284 886 secundum
1319 832 1619 885 Platonem.
1642 829 1803 884 Dictis

218 924 434 976 fortasse
461 922 619 977 fidem
640 939 747 978 non
772 922 1015 978 habetis?
1034 921 1196 992 ldque
1218 923 1431 984 merito,
1460 931 1643 991 utpote
1664 916 1811 975 sanis

215 1013 416 1068 educati
441 1012 803 1084 dogmatibus.
837 1014 1022 1082 Quivis
1052 1014 1195 1069 enim
1238 1013 1339 1068 hoc
1366 1013 1488 1067 cibo
1518 1012 1808 1077 educatus,

216 1120 496 1173 numquam
530 1106 718 1161 credet
748 1106 1020 1160 hominem
1054 1121 1175 1161 esse
1196 1146 1212 1169 ,
1240 1106 1327 1175 qui
1359 1115 1597 1160 stercora
1636 1103 1812 1159 liben-

216 1204 291 1249 ter
312 1194 578 1265 degustet.
606 1196 740 1251 Cum
762 1214 893 1269 ergo
913 1198 1143 1253 dicimus
1170 1197 1292 1262 illis,
1319 1197 1433 1251 hzec
1462 1196 1667 1251 fabulas
1688 1211 1809 1252 esse

214 1294 263 1338 et
288 1286 590 1358 insipientia
622 1289 777 1359 plena
812 1305 827 1353 ;
874 1304 982 1343 non
1011 1288 1309 1360 intelligitis
1341 1331 1355 1355 ,
1388 1289 1653 1357 inquiunt.
1682 1286 1800 1343 Uti-

218 1394 331 1431 nam
362 1394 475 1434 rem
509 1389 616 1434 tam
669 1380 952 1435 ridiculam
992 1396 1287 1451 numquam
1326 1381 1807 1451 intelligamusllit

212 1485 333 1527 sane
354 1486 459 1527 non
490 1474 561 1527 ita
587 1472 851 1543 profundo
879 1490 1042 1531 sensu
1067 1490 1201 1547 opus
1236 1485 1319 1531 est
1346 1516 1360 1539 ,
1403 1484 1459 1530 ιιι
1486 1475 1757 1530 discamus
1786 1517 1801 1541 ,

211 1563 330 1632 quid
372 1565 473 1619 sibi
505 1566 617 1619 vult
644 1567 733 1622 illa
761 1578 903 1621 tanta
946 1568 1193 1637 impietas
1233 1578 1284 1624 et
1327 1584 1507 1624 rerum
1537 1567 1802 1623 confusio.

211 1655 336 1711 Num
358 1673 646 1714 corvorum
675 1676 826 1715 more
855 1662 1133 1731 loquimini
1154 1703 1169 1725 ,
1201 1678 1234 1715 o
1257 1662 1429 1715 insani
1460 1705 1475 1727 ,
1512 1672 1569 1715 ut
1600 1661 1805 1717 faciunt

211 1751 395 1817 pueri?
424 1752 662 1807 lnlantes
703 1754 901 1823 quippe
932 1754 1062 1808 estis
1088 1795 1101 1817 ,
1136 1764 1189 1807 ut
1222 1754 1316 1807 illi.
1350 1753 1420 1808 At
1451 1754 1641 1807 Petrus
1670 1754 1803 1808 nihil

210 1842 308 1897 tale
335 1843 490 1910 dixit,
525 1844 621 1897 sed
655 1860 837 1899 vocem
876 1848 1056 1899 emisit
1088 1888 1101 1911 ,
1141 1862 1259 1915 qum
1285 1847 1438 1915 quasi
1472 1846 1524 1899 in
1562 1845 1802 1901 tenebris

209 1935 369 1989 lucem
389 1952 638 2006 magnam
670 1940 976 2004 emitteret,
1003 1948 1056 1992 et
1086 1939 1368 2009 caliginem
1396 1938 1447 1993 itt
1478 1938 1611 1993 orbe
1636 1938 1801 1993 dissi-

207 2038 366 2096 paret.
404 2027 604 2084 Verum
652 2046 835 2086 mores
876 2032 1020 2085 illius
1073 2041 1234 2100 quam
1283 2040 1438 2086 erant
1488 2032 1797 2096 mansueti,

205 2136 351 2189 quam
378 2124 618 2183 humani,
642 2139 802 2193 quam
834 2123 898 2175 ab
924 2124 1069 2176 omni
1104 2140 1234 2178 vana
1264 2124 1435 2194 gloria
1458 2124 1639 2188 alieni,
1668 2139 1801 2194 quo-

205 2211 357 2265 modo
385 2213 451 2265 ad
476 2214 670 2267 caslum
706 2215 1029 2283 respiciebat
1062 2216 1179 2269 sine
1209 2216 1346 2270 fastu
1368 2258 1382 2283 ,
1411 2216 1535 2271 licet
1556 2226 1799 2271 mortuos

205 2302 483 2358 suscitaret
518 2306 531 2358 l
563 2306 715 2372 Quod
734 2307 777 2361 si
804 2308 888 2361 cui
914 2307 1280 2376 insipientium
1309 2309 1522 2361 illorum
1567 2308 1797 2361 accidis-

201 2404 293 2460 set,
326 2404 381 2449 ut
408 2412 503 2466 per
528 2397 864 2466 phantasiam
896 2410 951 2453 et
976 2400 1213 2469 speciem
1247 2399 1349 2453 tale
1372 2398 1645 2469 quidpiam
1669 2414 1795 2468 age-

202 2497 323 2554 ret,
379 2504 562 2544 annon
608 2492 790 2545 statim
842 2507 991 2546 aram
1046 2492 1362 2561 espetiisset
1399 2507 1463 2547 ac
1501 2493 1796 2562 templum,

202 2592 260 2632 ac
308 2580 415 2635 Deo
470 2598 569 2650 par
616 2582 803 2638 haberi
857 2584 1216 2653 postulasset;
1266 2599 1388 2638 cum
1436 2583 1572 2638 nihil
1614 2584 1797 2654 hujus-

199 2670 332 2726 modi
398 2685 622 2743 agentes
653 2719 667 2742 ,
722 2676 845 2731 talia
909 2677 1311 2748 imaginentur?
1356 2677 1492 2745 Quid
1544 2677 1645 2732 sibi
1698 2693 1793 2732 vo-

201 2762 306 2818 lunt
340 2766 481 2835 apud
524 2768 648 2823 illos
688 2767 924 2824 Minerva
956 2809 974 2835 ,
1028 2769 1223 2839 Apollo
1267 2778 1323 2824 et
1370 2768 1554 2824 Juno?
1582 2768 1796 2825 Genera

1918 547 2226 605 daemonum
2260 559 2386 605 sunt
2416 550 2557 620 apud
2590 551 2731 607 illos.
2786 552 2991 625 Estque
3044 572 3138 613 res
3190 574 3354 627 penes
3407 562 3533 618 illos

1919 643 2010 712 qui
2045 644 2180 697 mori
2214 652 2387 712 Optat,
2418 655 2475 697 ut
2504 659 2600 713 par
2626 645 2730 702 diis
2753 647 3037 706 habeatur.
3065 650 3262 706 Verum
3294 654 3528 723 aposudi

1920 748 2027 787 non
2050 734 2149 794 sic,
2180 734 2276 789 sed
2299 744 2485 789 contra
2520 735 2742 791 faciunt.
2771 740 2907 794 Audi
2943 757 3173 812 namque
3203 746 3323 800 illos
3351 748 3512 802 dicrn

1920 836 2020 890 tes,
2047 837 2328 897 postquam
2352 829 2573 883 claudus
2600 840 2821 887 sanatus
2853 834 3027 889 fuerat
3052 854 3065 888 :
3101 835 3213 891 Viri
3230 837 3491 894 Israelita:
3513 882 3526 903 ,

1916 921 2039 988 quid
2088 938 2181 976 nos
2225 922 2491 976 intuemini
2526 967 2538 987 ,
2571 926 2722 993 quasi
2776 936 2952 980 nostra
2996 930 3179 983 virtute
3224 941 3313 985 aut
3340 933 3530 1002 pietate

1919 1012 2192 1081 fecerimus
2224 1013 2394 1083 ipsum
2416 1016 2678 1070 ambulare
2708 1017 2844 1086 (Act.
2874 1020 2929 1073 5.
2962 1019 3053 1091 12)
3081 1021 3105 1074 ?
3136 1039 3324 1078 rursus
3352 1026 3481 1079 alibi
3508 1067 3523 1090 ,

1922 1101 2035 1157 Nos
2060 1104 2252 1158 similes
2283 1105 2420 1159 vobis
2449 1109 2714 1176 passibiles
2761 1111 2993 1168 homines
3040 1132 3219 1170 sumus
3261 1116 3398 1189 (Act.
3436 1120 3525 1175 14.

1916 1193 2027 1263 is).
2060 1194 2175 1250 lllic
2207 1211 2334 1251 vero
2366 1200 2567 1253 multus
2610 1210 2694 1256 est
2741 1202 2908 1258 faetus
2929 1247 2944 1267 ,
2977 1208 3141 1261 multa
3172 1212 3478 1282 arrogantia
3508 1230 3525 1264 :

1916 1288 2097 1341 omnia
2138 1289 2283 1343 enim
2327 1306 2425 1360 pro
2454 1291 2707 1348 humanis
2733 1295 3032 1354 honoribus
3059 1339 3075 1367 ,
3123 1301 3255 1357 nihil
3288 1303 3531 1373 philoso-

1914 1377 2055 1448 phia:
2087 1380 2259 1449 gratia
2290 1381 2542 1452 agebant.
2586 1384 2682 1441 Ubi
2713 1388 2857 1443 enim
2909 1390 3096 1460 gloria:
3140 1408 3302 1448 causa
3330 1395 3529 1464 agitur,

1913 1470 2095 1524 omnia
2130 1472 2255 1526 vilia
2284 1485 2524 1531 manent.
2569 1477 2723 1533 Licet
2758 1482 2903 1537 enim
2930 1486 3111 1541 omnia
3139 1488 3263 1556 quis
3286 1487 3483 1545 habeat
3510 1532 3528 1554 ,

1911 1559 1957 1614 si
1983 1560 2084 1616 hoc
2107 1577 2215 1617 non
2248 1575 2446 1630 teneat,
2480 1568 2549 1621 ab
2569 1572 2717 1624 omni
2753 1572 3095 1644 philosophia
3118 1578 3315 1633 excidit
3354 1622 3368 1644 ,
3407 1582 3526 1636 vio-

1910 1651 2143 1709 lentiore
2186 1670 2250 1710 ac
2284 1658 2525 1726 turpiore
2566 1663 2759 1717 morbo
2793 1663 3069 1722 detentus.
3122 1668 3293 1738 Hujus
3338 1672 3528 1741 gloria:

1912 1755 2260 1817 contemptus
2287 1750 2353 1805 ad
2389 1752 2524 1806 bona
2557 1756 2735 1809 omnia
2762 1757 3005 1813 docenda
3026 1769 3108 1816 est
3129 1762 3355 1819 idoneus
3383 1778 3431 1817 et
3459 1766 3526 1820 ad

1910 1839 2292 1907 expellendum
2317 1858 2382 1897 ex
2403 1845 2581 1899 anima
2610 1862 2825 1903 omnem
2860 1852 3222 1918 perniciosum
3248 1856 3524 1912 affectum.

1912 1928 2037 1982 Ideo
2062 1947 2154 1985 vos
2181 1931 2371 1988 hortor
2404 1977 2418 1998 ,
2452 1945 2510 1990 ιιι
2542 1953 2738 2008 magno
2765 1942 2945 1998 studio
2982 1946 3230 2002 morbum
3263 1950 3526 2006 radicitus

1907 2022 2199 2075 evellatis:
2236 2026 2389 2079 nullo
2434 2028 2633 2097 quippe
2681 2031 2792 2085 alio
2836 2034 2999 2089 modo
3048 2052 3338 2105 possumus
3381 2042 3523 2111 apttd

1910 2111 2079 2166 Deum
2108 2129 2230 2169 esse
2255 2117 2468 2187 probati
2500 2162 2514 2185 ,
2567 2132 2621 2177 et
2656 2124 2921 2181 insomnis
2948 2128 3095 2184 illius
3121 2133 3262 2187 oculi
3292 2134 3529 2191 benevo-

1906 2204 2129 2260 lentiam
2162 2210 2321 2264 nobis
2346 2213 2647 2271 attrahere.
2681 2215 2870 2288 itaque
2897 2235 3085 2276 curam
3114 2239 3333 2281 omnem
3362 2228 3523 2282 aditi—

1906 2295 2131 2353 heamus
2163 2340 2178 2365 ,
2214 2310 2270 2353 ιιι
2298 2316 2532 2371 superna
2563 2305 2653 2359 illa
2683 2305 2929 2364 fruamur
2959 2315 3131 2382 gratia
3159 2356 3173 2381 ,
3219 2325 3277 2370 ut
3304 2327 3360 2371 et
3386 2335 3523 2388 pra:—

1905 2389 2079 2442 scntia
2130 2391 2271 2444 mala
2318 2390 2585 2462 fugiamus
2619 2436 2634 2463 ,
2665 2407 2721 2452 et
2768 2400 2960 2457 futuris
3005 2404 3294 2475 dignemur
3325 2409 3481 2465 bonis
3506 2454 3525 2477 ,

1902 2479 2073 2547 gratia
2103 2492 2158 2534 et
2182 2481 2513 2553 benignitate
2542 2487 2752 2545 Domini
2785 2498 2957 2554 nostri
2975 2496 3106 2553 Jesu
3135 2499 3365 2570 Christi,
3391 2506 3508 2575 qni-

1903 2584 2023 2623 cum
2053 2570 2197 2626 Patri
2226 2583 2279 2627 et
2306 2575 2527 2644 Spiritui
2557 2590 2745 2637 sancto
2763 2585 2954 2654 gloria,
2981 2588 3293 2661 imperium,
3324 2595 3522 2663 honor,

1905 2678 2047 2719 nunc
2063 2675 2115 2720 et
2137 2680 2376 2739 semper,
2407 2680 2461 2726 et
2492 2672 2547 2727 in
2578 2677 2774 2731 sarcula
2796 2681 3143 2738 saeculorum.
3168 2687 3365 2744 Amen.

1601 2985 1953 3048 HOMILIA
1997 2989 2076 3050 ν.

198 3119 316 3177 Csr.
343 3122 469 3184 2,v.
510 3124 601 3179 H.
639 3123 746 3177 Viri
772 3122 949 3180 Iudici
978 3168 994 3191 ,
1034 3136 1081 3181 et
1116 3127 1202 3197 qui
1231 3125 1471 3180 habitatis
1498 3124 1791 3180 Jerusalem

260 3216 474 3269 universi
502 3259 519 3284 ,
569 3217 663 3271 hoc
690 3218 827 3271 vobis
858 3228 1032 3273 uotunt
1061 3220 1126 3274 sit
1154 3261 1169 3285 ,
1225 3229 1274 3275 et
1299 3221 1507 3273 auribus
1537 3220 1791 3290 percipite

264 3307 403 3361 verba
428 3326 541 3362 mea
552 3351 566 3363 .

264 3399 483 3468 LQuos
530 3401 782 3471 superius
833 3403 1150 3474 peregrinos
1192 3404 1366 3469 dixit,
1422 3404 1657 3485 ad.illos
1704 3403 1791 3459 hic

200 3503 490 3545 sermonem
515 3492 788 3547 convertit
818 3512 832 3547 :
862 3504 915 3548 et
940 3494 1153 3549 videtur
1174 3496 1392 3565 quidem
1419 3496 1539 3550 illos
1561 3495 1786 3565 alloqui,

200 3582 281 3635 sed
326 3582 582 3639 irrisores
634 3586 908 3641 emendat.
954 3585 1089 3640 Nam
1144 3587 1325 3642 divina
1376 3587 1789 3658 diSpensatione

200 3670 384 3728 factum
413 3686 499 3730 est
532 3684 593 3729 ut
617 3678 834 3745 quidam
868 3678 1180 3746 irriderent,
1213 3695 1321 3749 quo
1353 3680 1480 3735 h'nc
1506 3679 1788 3735 defensio.

199 3777 308 3817 nem
338 3766 653 3832 ordiretur,
694 3782 757 3821 ac
804 3784 901 3837 per
948 3769 1093 3823 illam
1138 3769 1380 3825 doceret.
1423 3771 1629 3841 Magnae
1684 3770 1788 3825 sibi

200 3852 327 3908 laudi
367 3871 490 3911 esse
543 3858 849 3926 putabant,
892 3860 1032 3930 quod
1072 3861 1427 3934 Jerosolymis
1456 3865 1784 3918 habitarent.

204 3942 305 3998 Hoc
320 3948 472 4011 robis,
518 3947 714 4025 inqttil,
749 3959 921 4004 notum
943 3952 1007 4005 sit
1032 3994 1047 4018 ,
1071 3963 1116 4005 et
1137 3954 1349 4007 auribus
1376 3954 1619 4025 percipite
1639 3955 1789 4009 verba

200 4050 316 4089 utea.
347 4039 684 4094 Attentiores
713 4039 928 4096 interim
957 4042 1076 4097 illos
1107 4044 1282 4098 reddit
1319 4087 1333 4109 ,
1375 4055 1429 4099 et
1466 4056 1650 4115 postea
1678 4047 1776 4102 de-

199 4124 479 4183 fensionem
510 4141 687 4201 parat.
723 4135 810 4186 15.
849 4132 969 4187 Non
996 4136 1159 4199 enim,
1190 4137 1318 4189 sicut
1346 4152 1433 4191 vos
1472 4140 1785 4208 suspicanti-

200 4216 281 4282 ni,
313 4220 362 4271 Iti
410 4219 537 4274 ebrii
586 4231 725 4276 sunt.
782 4222 972 4277 Viden‘
992 4240 1153 4295 quam
1202 4228 1347 4281 mitis
1391 4228 1462 4282 sit
1491 4228 1785 4285 defensio?

202 4306 335 4366 Licet
360 4314 624 4383 majorem
658 4317 838 4386 populi
870 4328 1076 4385 partem
1108 4335 1293 4375 secum
1336 4321 1598 4391 haberet,
1626 4340 1785 4379 man-

198 4402 384 4459 suetius
411 4415 597 4461 tamen
622 4406 745 4461 illos
783 4408 1079 4479 alloquitur
1114 4427 1129 4467 :
1162 4426 1226 4466 ac
1254 4412 1428 4481 primo
1457 4414 1653 4470 malam
1682 4432 1779 4471 su-

198 4496 475 4563 spicionem
553 4500 739 4565 tollit,
785 4501 1086 4575 deindeque
1134 4503 1506 4562 defensionem
1574 4511 1782 4565 statuit.

199 4585 412 4660 ideoque
456 4610 569 4648 non
601 4594 751 4663 dicit,
782 4596 897 4652 Non
920 4599 1063 4652 enim
1094 4598 1236 4655 sicut
1263 4616 1359 4656 vos
1390 4603 1735 4659 subsannatis
1767 4649 1783 4675 ,

197 4679 271 4732 vel
297 4682 497 4750 ridetis,
526 4685 649 4751 sed,
680 4686 827 4741 Sicut
860 4692 1195 4760 snspicamini
1225 4709 1244 4747 :
1275 4695 1567 4752 ostendere
1596 4699 1787 4756 volens

197 4768 305 4827 illos
335 4790 435 4829 non
456 4778 605 4833 serio
633 4778 748 4833 haec
772 4780 996 4848 dixisse,
1031 4797 1090 4838 ut
1110 4786 1282 4856 magis
1302 4787 1408 4842 illis
1430 4788 1779 4859 ignorantiae,

196 4878 339 4930 quam
366 4870 591 4925 malitiae
618 4874 823 4929 crimen
850 4874 1087 4931 offerret.
1117 4876 1238 4933 Non
1266 4881 1421 4947 enim,
1438 4883 1567 4937 sicut
1592 4899 1679 4937 vos
1698 4902 1787 4939 su-

197 4958 469 5030 spirantini,
500 4964 561 5018 Ιιὶ
596 4965 718 5019 ebrii
738 4976 856 5022 sunt
881 5010 896 5033 ,
927 4985 1043 5022 cum
1070 4972 1136 5024 sit
1167 4970 1293 5027 hora
1335 4974 1436 5028 diei
1482 4978 1647 5033 tertia.
1673 4976 1785 5033 Cur

196 5047 287 5105 hoc
314 5052 490 5110 dicit?
519 5072 705 5113 annon
764 5068 1019 5130 poterant
1064 5064 1195 5120 hora
1255 5068 1413 5122 tertia
1469 5069 1783 5127 inebriari?

200 5137 433 5200 Poterant
457 5163 598 5203 sane
628 5164 645 5215 ;
673 5150 767 5205 sed
795 5152 847 5206 in
880 5152 983 5209 hoc
1013 5154 1101 5211 ille
1124 5172 1229 5211 non
1260 5159 1489 5215 multum
1525 5162 1782 5221 instabat:

200 5246 356 5303 neque
374 5240 519 5295 enim
546 5240 621 5295 ita
644 5255 703 5297 se
723 5257 1021 5313 gesserant,
1052 5258 1110 5303 ttt
1134 5249 1383 5307 irrisores
1406 5253 1479 5307 illi
1505 5254 1781 5313 dicebant.

200 5318 321 5381 Hinc
348 5343 476 5401 ergo
501 5331 768 5389 discimus
800 5379 817 5403 ,
851 5337 902 5392 in
952 5338 1118 5395 rebus
1166 5357 1275 5397 non
1322 5348 1645 5409 necessariis
1674 5364 1782 5405 non

200 5411 343 5486 longo
385 5423 651 5478 utendum
699 5440 819 5483 esse
858 5442 1142 5488 sermone.
1190 5434 1444 5506 Alioquin
1490 5453 1621 5493 vero
1665 5439 1783 5498 haec

200 5510 503 5568 confirmant
550 5531 674 5586 quae.
717 5531 1059 5589 sequuntur:
1091 5540 1153 5580 ac
1193 5526 1411 5583 demum
1474 5530 1540 5584 ad
1592 5548 1783 5590 omnes

200 5608 360 5657 σει·ωο
386 5604 659 5677 dirigitur.
701 5609 789 5665 16.
817 5611 925 5667 Sed
952 5614 1047 5669 hoc
1081 5626 1157 5671 est
1197 5620 1334 5688 quod
1376 5622 1567 5677 dictum
1590 5635 1664 5679 est
1692 5644 1783 5694 per

198 5694 478 5785 prophetam
503 5699 628 5754 «Ιοεί
654 5716 675 5755 :
710 5705 801 5758 ΓΙ.
828 5703 896 5760 Et
920 5709 1014 5761 erit
1040 5711 1093 5763 in
1122 5714 1407 5769 novissimis
1433 5717 1630 5785 diebus,
1654 5720 1782 5776 dicit

197 5775 435 5871 Dominus
459 5790 602 5847 Deus
633 5792 776 5864 (Joel
806 5796 864 5853 2.
912 5799 1028 5870 28).
1062 5801 1311 5860 Nondum
1340 5807 1558 5864 auditur
1579 5775 1778 5871 nomen

202 5867 379 5933 Christi
408 5919 425 5947 ,
454 5897 557 5939 nec
582 5886 876 5956 promissio
906 5867 1051 5947 illius
1095 5904 1176 5951 est
1210 5937 1226 5964 ,
1254 5897 1350 5953 sed
1393 5898 1575 5957 Patris
1646 5867 1779 5963 Vide

1900 3130 2243 3199 sapientiam.
2278 3134 2396 3192 Non
2424 3141 2607 3203 statim
2638 3148 2853 3203 transiit
2873 3150 2939 3206 ad
2972 3168 3057 3219 ea,
3090 3170 3213 3225 qua:
3240 3156 3519 3216 Christum

1899 3223 2255 3293 spectabant;
2290 3244 2484 3301 nempe
2511 3237 2654 3304 quod
2682 3238 2799 3307 ipse
2833 3242 2948 3298 lucc
2980 3223 3333 3317 promiserit,
3362 3262 3519 3324 post-

1898 3329 2057 3383 quam
2084 3319 2379 3376 cruciﬁxus
2405 3323 2616 3383 fuerat:
2648 3330 2885 3403 alioquin
2927 3340 3108 3395 omnia
3160 3343 3522 3401 subvertisset

1898 3406 2015 3463 lucc
2041 3409 2293 3468 dicendo.
2322 3416 2485 3486 Atqui
2534 3430 2807 3492 poterant,
2843 3428 3054 3499 inquies
3075 3473 3090 3498 ,
3118 3436 3238 3503 ejus
3263 3437 3521 3497 divinita-

1899 3506 2009 3554 tem
2056 3505 2369 3562 ostendere.
2416 3509 2561 3567 Sane
2610 3517 2866 3585 quidem,
2900 3524 2943 3576 si
2992 3526 3197 3582 credita
3244 3530 3515 3589 fuissent:

1896 3595 2043 3664 quod
2082 3606 2266 3653 autem
2312 3600 2423 3670 jam
2457 3610 2806 3674 quaerebatur
2837 3656 2850 3679 ,
2885 3627 3005 3671 erat
3032 3629 3089 3673 ttt
3118 3622 3515 3680 crederentur:

1897 3702 2005 3740 non
2035 3690 2241 3744 credita
2270 3704 2452 3749 autem
2480 3698 2531 3751 id
2561 3699 2889 3773 effecissent,
2918 3718 2975 3763 ut
3000 3710 3078 3765 illi
3114 3714 3513 3782 lapidarentur.

1898 3777 2185 3844 E/fundam
2213 3783 2277 3838 de
2304 3786 2508 3857 Spiritu
2555 3809 2665 3846 meo
2694 3812 2847 3865 super
2895 3818 3098 3857 omnem
3142 3777 3369 3862 carnem.
3419 3811 3519 3868 Dat

1898 3872 2005 3926 illis
2032 3890 2248 3945 quoque
2275 3894 2426 3948 spem
2451 3881 2667 3951 bonam,
2694 3888 2738 3941 si
2772 3890 2989 3958 quidem
3017 3896 3206 3951 velint.
3248 3899 3357 3955 Nec
3383 3903 3517 3959 sinit

1896 3967 2018 4021 illos
2043 3970 2249 4037 majore
2278 3975 2433 4043 copia
2462 3975 2589 4039 frui,
2625 3983 2769 4049 quod
2802 3985 3025 4042 livorem
3056 3994 3392 4062 peperisset,
3423 4006 3510 4051 at-

1894 4073 2001 4127 que
2040 4059 2167 4115 hinc
2192 4063 2447 4121 invidiam
2478 4071 2726 4127 succidit.
2764 4074 2834 4129 Et
2867 4059 3266 4153 prapltetabunt,
3292 4059 3465 4159 inquit
3491 4134 3507 4159 ,

1895 4150 1994 4217 ﬁlii
2022 4154 2195 4206 vestri.
2233 4154 2351 4210 Non
2393 4173 2567 4215 vesna
2598 4174 2681 4219 est
2716 4167 2831 4224 lure
2878 4150 2971 4225 res
2996 4178 3252 4243 prtrclara
3280 4221 3296 4245 ,
3335 4198 3510 4253 neqtte

1894 4252 2071 4297 vestra
2107 4244 2259 4313 laus;
2288 4250 2382 4303 sed
2415 4252 2481 4306 ad
2528 4255 2667 4310 filios
2699 4270 2911 4316 vestros
2938 4267 3108 4335 gratia
3140 4273 3372 4326 transiit.
3428 4275 3510 4327 Iti-

1894 4335 2136 4404 scipulos
2165 4351 2323 4395 vocat
2349 4343 2486 4400 filios
2509 4388 2523 4410 ,
2557 4359 2612 4401 et
2643 4350 2761 4406 illos
2794 4363 2996 4423 patres.
3029 4357 3096 4412 Et
3120 4362 3335 4432 juvenes
3362 4366 3512 4421 vestri

1894 4427 2111 4483 visiones
2137 4431 2396 4503 videbunt,
2418 4448 2465 4491 et
2492 4442 2713 4497 seniores
2744 4448 2897 4499 vestri
2923 4452 3124 4506 somnia
3152 4458 3511 4524 somniabunt,

1896 4516 1984 4571 18.
2003 4526 2051 4571 et
2077 4521 2284 4590 quidem
2312 4542 2468 4595 super
2493 4546 2662 4584 seruos
2689 4552 2824 4589 meos
2864 4550 2910 4592 et
2937 4558 3093 4613 super
3120 4548 3339 4602 ancillas
3371 4568 3510 4608 meas

1891 4608 1945 4660 in
1972 4608 2149 4664 diebus
2176 4612 2282 4666 illis
2309 4615 2571 4683 eﬂ'undam
2590 4622 2653 4676 de
2672 4625 2873 4694 Spiritu
2891 4608 3021 4699 meo,
3038 4645 3084 4687 et
3113 4641 3511 4709 prop/tctabunt.

1893 4699 2112 4757 Interim
2142 4707 2379 4763 ostendit
2410 4725 2468 4766 se
2496 4716 2750 4781 probatos
2780 4736 2901 4777 esse
2920 4766 2935 4793 ,
2966 4699 3155 4797 utpote
3182 4699 3271 4801 qui
3303 4733 3507 4803 Spiritu

1893 4805 2081 4851 essent
2110 4796 2315 4868 dignati
2350 4817 2365 4866 ;
2398 4803 2521 4859 illos
2550 4822 2677 4861 vero
2701 4812 2925 4871 minime
2958 4858 2972 4881 ,
3009 4796 3321 4894 utpote—qui
3346 4796 3509 4882 διηε-

1893 4894 2033 4940 stum
2058 4891 2477 4951 crucifixissent.
2514 4897 2639 4953 ldeo
2666 4910 2722 4956 et
2749 4901 3000 4963 Christus
3024 4921 3080 4965 ut
3111 4891 3327 4970 illorum
3361 4918 3511 4977 luro-

1892 4993 2009 5033 rem
2038 4980 2257 5038 sedaret
2283 5026 2298 5050 ,
2356 4988 2571 5045 dicebat
2603 5012 2615 5045 :
2652 4993 2780 5049 Filii
2820 5010 2987 5054 autent
3016 5007 3167 5059 vestri
3197 5009 3249 5060 in
3277 5026 3379 5080 quo
3408 5013 3508 5081 eji-

1893 5073 2033 5127 ciunt
2059 5075 2315 5131 άωηιοηεα
2359 5080 2576 5153 (Matth.
2609 5087 2867 5160 12.27)?
2897 5095 3013 5152 Non
3038 5098 3174 5156 dixit
3206 5146 3222 5170 ,
3254 5073 3509 5180 Discipuli

1894 5165 1999 5220 mei
2028 5183 2043 5231 ;
2096 5183 2221 5223 nam
2254 5171 2357 5227 sibi
2388 5175 2698 5235 adulantem
2728 5187 3018 5257 sapuisset.
3047 5192 3137 5249 Sic
3169 5196 3259 5252 ille
3292 5165 3498 5258 non-di-

1896 5257 1978 5311 xit
2008 5299 2023 5321 ,
2058 5258 2208 5328 ipsos
2254 5280 2360 5319 non
2391 5267 2573 5325 ebrios
2604 5288 2728 5329 esse
2758 5318 2773 5341 ,
2828 5280 2923 5335 sed
2953 5298 3019 5338 ex
3052 5284 3258 5355 Spiritu
3307 5291 3453 5362 loqui
3492 5314 3505 5349 :

1894 5364 2072 5419 neque
2095 5351 2225 5407 illud
2248 5356 2571 5426 simpliciter
2595 5385 2613 5431 ,-
2645 5366 2740 5421 sed
2766 5368 2836 5424 ad
2864 5351 3183 5444 prophetam
3211 5351 3456 5454 confugit
3488 5429 3506 5455 ,

1892 5460 1947 5505 et
1980 5451 2072 5507 illo
2105 5453 2273 5513 fretus
2303 5456 2517 5517 fortiter
2541 5466 2672 5536 agit.
2704 5467 2793 5524 Sic
2824 5486 2921 5540 per
2948 5490 3009 5530 se
3042 5477 3260 5547 quidem
3293 5451 3412 5538 illos
3438 5451 3510 5540 ab

1893 5545 2240 5602 accusatione
2264 5556 2511 5622 purgavit
2540 5599 2554 5621 ,
2585 5561 2905 5629 prophetam
2930 5545 3069 5622 vero
3089 5572 3276 5637 gratia:
3308 5584 3505 5631 testem

1894 5635 2119 5692 inducit.
2154 5638 2439 5707 E/fundam
2466 5647 2531 5701 de
2554 5649 2768 5719 Spiritu
2813 5671 2924 5710 meo
2968 5635 3127 5725 super
3156 5680 3358 5719 omnem
3385 5682 3507 5721 car-

1893 5744 2033 5781 nem.
2057 5729 2147 5787 Sic
2171 5733 2327 5800 dixit,
2357 5739 2483 5807 quia
2508 5742 2629 5797 aliis
2657 5758 2752 5812 per
2776 5750 2989 5804 somnia
3025 5792 3041 5817 ,
3071 5754 3193 5809 aliis
3221 5758 3507 5817 manifeste

1894 5822 2061 5890 gratia
2086 5823 2255 5879 effusa
2279 5837 2379 5881 est.
2400 5829 2535 5885 Nam
2559 5843 2613 5888 et
2642 5850 2738 5904 per
2760 5839 2969 5895 somnia
2994 5844 3245 5902 viderunt
3271 5850 3505 5920 prophe-

1898 5922 1969 5971 ta:
1999 5958 2014 5986 ,
2045 5925 2099 5974 et
2142 5920 2509 5982 revelationes
2539 5941 2891 5993 acceperunt.
2924 5933 3129 5995 Deinde
3154 5944 3505 6014 progreditur
