  <div class='ocr_page' id='page_1' title='image "/cluster/home/n/w/nwhite01/storage/ocr_20150623/60/uva.x004246612/057.png"; bbox 0 0 4092 6488; ppageno 0'>
   <div class='ocr_carea' id='block_1_1' title="bbox 510 416 3038 490">
    <p class='ocr_par' dir='ltr' id='par_1_1' title="bbox 510 416 3038 490">
     <span class='ocr_line' id='line_1_1' title="bbox 510 416 3038 490; baseline -0.008 0"><span class='ocrx_word' id='word_1_1' title='bbox 510 434 570 490; x_wconf 76' lang='lat'><strong>5&#39;.</strong></span> <span class='ocrx_word' id='word_1_2' title='bbox 1239 426 1293 481; x_wconf 91' lang='lat' dir='ltr'><strong>S.</strong></span> <span class='ocrx_word' id='word_1_3' title='bbox 1335 424 1609 481; x_wconf 70' lang='lat' dir='ltr'><strong>JO.\‘N.\&#39;lS</strong></span> <span class='ocrx_word' id='word_1_4' title='bbox 1646 422 2117 481; x_wconf 74' lang='lat' dir='ltr'><strong>CllRYSOSTOMI</strong></span> <span class='ocrx_word' id='word_1_5' title='bbox 2156 422 2471 480; x_wconf 79' lang='lat' dir='ltr'><strong>ARCIIIEP.</strong></span> <span class='ocrx_word' id='word_1_6' title='bbox 2512 416 3038 475; x_wconf 64' lang='lat' dir='ltr'><strong>CONSTAN&#39;I‘INDP.</strong></span> 
     </span>
    </p>
   </div>
   <div class='ocr_carea' id='block_1_2' title="bbox 512 533 2090 612">
    <p class='ocr_par' dir='ltr' id='par_1_2' title="bbox 512 533 2090 612">
     <span class='ocr_line' id='line_1_2' title="bbox 512 533 2090 612; baseline -0.006 -14"><span class='ocrx_word' id='word_1_7' title='bbox 512 546 565 601; x_wconf 81' lang='lat' dir='ltr'><strong>in</strong></span> <span class='ocrx_word' id='word_1_8' title='bbox 588 541 863 612; x_wconf 72' lang='lat' dir='ltr'><strong>prophetia</strong></span> <span class='ocrx_word' id='word_1_9' title='bbox 900 581 915 601; x_wconf 87' lang='lat'><strong>.</strong></span> <span class='ocrx_word' id='word_1_10' title='bbox 946 556 1064 610; x_wconf 73' lang='lat' dir='ltr'><strong>qurc</strong></span> <span class='ocrx_word' id='word_1_11' title='bbox 1108 539 1375 608; x_wconf 81' lang='lat' dir='ltr'><strong>quidpiam</strong></span> <span class='ocrx_word' id='word_1_12' title='bbox 1409 538 1645 592; x_wconf 88' lang='lat' dir='ltr'><strong>terribile</strong></span> <span class='ocrx_word' id='word_1_13' title='bbox 1690 536 1869 589; x_wconf 91' lang='lat' dir='ltr'><strong>habet.</strong></span> <span class='ocrx_word' id='word_1_14' title='bbox 1905 534 1992 591; x_wconf 81' lang='lat' dir='ltr'><strong>l9.</strong></span> <span class='ocrx_word' id='word_1_15' title='bbox 2020 533 2090 589; x_wconf 84' lang='lat' dir='ltr'><strong>Et</strong></span> 
     </span>
    </p>
   </div>
   <div class='ocr_carea' id='block_1_3' title="bbox 516 614 2090 702">
    <p class='ocr_par' dir='ltr' id='par_1_3' title="bbox 516 614 2090 702">
     <span class='ocr_line' id='line_1_3' title="bbox 516 614 2090 702; baseline -0.004 -15"><span class='ocrx_word' id='word_1_16' title='bbox 516 631 644 687; x_wconf 79' lang='lat' dir='ltr'><strong>dabo</strong></span> <span class='ocrx_word' id='word_1_17' title='bbox 673 675 689 699; x_wconf 94' lang='lat'><strong>,</strong></span> <span class='ocrx_word' id='word_1_18' title='bbox 738 614 948 702; x_wconf 88' lang='lat' dir='ltr'><strong>inquit,</strong></span> <span class='ocrx_word' id='word_1_19' title='bbox 1009 632 1242 701; x_wconf 81' lang='lat' dir='ltr'><strong>prodigia</strong></span> <span class='ocrx_word' id='word_1_20' title='bbox 1267 632 1317 683; x_wconf 88' lang='lat' dir='ltr'><strong>in</strong></span> <span class='ocrx_word' id='word_1_21' title='bbox 1345 632 1468 684; x_wconf 74' lang='lat' dir='ltr'><strong>ca&#39;lo</strong></span> <span class='ocrx_word' id='word_1_22' title='bbox 1511 645 1750 691; x_wconf 88' lang='lat' dir='ltr'><strong>sursum,</strong></span> <span class='ocrx_word' id='word_1_23' title='bbox 1793 640 1839 681; x_wconf 86' lang='lat' dir='ltr'><strong>et</strong></span> <span class='ocrx_word' id='word_1_24' title='bbox 1866 629 2013 699; x_wconf 85' lang='lat' dir='ltr'><strong>signa</strong></span> <span class='ocrx_word' id='word_1_25' title='bbox 2038 627 2090 681; x_wconf 90' lang='lat' dir='ltr'><strong>in</strong></span> 
     </span>
    </p>
   </div>
   <div class='ocr_carea' id='block_1_4' title="bbox 513 719 2093 791">
    <p class='ocr_par' dir='ltr' id='par_1_4' title="bbox 513 719 2093 791">
     <span class='ocr_line' id='line_1_4' title="bbox 513 719 2093 791; baseline -0.006 -11"><span class='ocrx_word' id='word_1_26' title='bbox 513 738 645 780; x_wconf 77' lang='lat' dir='ltr'><strong>terra</strong></span> <span class='ocrx_word' id='word_1_27' title='bbox 662 726 916 779; x_wconf 88' lang='lat' dir='ltr'><strong>deorsum.</strong></span> <span class='ocrx_word' id='word_1_28' title='bbox 948 724 1039 778; x_wconf 86' lang='lat' dir='ltr'><strong>His</strong></span> <span class='ocrx_word' id='word_1_29' title='bbox 1057 736 1105 778; x_wconf 90' lang='lat' dir='ltr'><strong>ct</strong></span> <span class='ocrx_word' id='word_1_30' title='bbox 1134 724 1362 777; x_wconf 81' lang='lat' dir='ltr'><strong>futurum</strong></span> <span class='ocrx_word' id='word_1_31' title='bbox 1382 722 1638 791; x_wconf 85' lang='lat' dir='ltr'><strong>judicium</strong></span> <span class='ocrx_word' id='word_1_32' title='bbox 1663 731 1717 775; x_wconf 91' lang='lat' dir='ltr'><strong>et</strong></span> <span class='ocrx_word' id='word_1_33' title='bbox 1733 719 2093 789; x_wconf 82' lang='lat' dir='ltr'><strong>Jerosolymo-</strong></span> 
     </span>
    </p>
   </div>
   <div class='ocr_carea' id='block_1_5' title="bbox 513 813 2095 884">
    <p class='ocr_par' dir='ltr' id='par_1_5' title="bbox 513 813 2095 884">
     <span class='ocr_line' id='line_1_5' title="bbox 513 813 2095 884; baseline -0.006 -12"><span class='ocrx_word' id='word_1_34' title='bbox 513 833 633 872; x_wconf 87' lang='lat' dir='ltr'><strong>rum</strong></span> <span class='ocrx_word' id='word_1_35' title='bbox 662 817 923 872; x_wconf 75' lang='lat' dir='ltr'><strong>excidium</strong></span> <span class='ocrx_word' id='word_1_36' title='bbox 950 815 1266 870; x_wconf 87' lang='lat' dir='ltr'><strong>subiudicat.</strong></span> <span class='ocrx_word' id='word_1_37' title='bbox 1298 813 1611 884; x_wconf 77' lang='lat' dir='ltr'><strong>Sanguinem</strong></span> <span class='ocrx_word' id='word_1_38' title='bbox 1643 822 1686 866; x_wconf 87' lang='lat' dir='ltr'><strong>et</strong></span> <span class='ocrx_word' id='word_1_39' title='bbox 1712 813 1900 882; x_wconf 86' lang='lat' dir='ltr'><strong>ignem,</strong></span> <span class='ocrx_word' id='word_1_40' title='bbox 1933 821 1980 864; x_wconf 80' lang='lat' dir='ltr'><strong>et</strong></span> <span class='ocrx_word' id='word_1_41' title='bbox 2007 826 2095 864; x_wconf 81' lang='lat' dir='ltr'><strong>va-</strong></span> 
     </span>
    </p>
   </div>
   <div class='ocr_carea' id='block_1_6' title="bbox 518 904 2091 981">
    <p class='ocr_par' dir='ltr' id='par_1_6' title="bbox 518 904 2091 981">
     <span class='ocr_line' id='line_1_6' title="bbox 518 904 2091 981; baseline -0.002 -19"><span class='ocrx_word' id='word_1_42' title='bbox 518 924 692 979; x_wconf 82' lang='lat' dir='ltr'><strong>porem</strong></span> <span class='ocrx_word' id='word_1_43' title='bbox 717 908 863 981; x_wconf 59' lang='lat' dir='ltr'><strong>fumi.</strong></span> <span class='ocrx_word' id='word_1_44' title='bbox 906 906 1035 961; x_wconf 85' lang='lat' dir='ltr'><strong>Vide</strong></span> <span class='ocrx_word' id='word_1_45' title='bbox 1057 948 1071 974; x_wconf 95' lang='lat'><strong>,</strong></span> <span class='ocrx_word' id='word_1_46' title='bbox 1103 906 1372 976; x_wconf 85' lang='lat' dir='ltr'><strong>quomodo</strong></span> <span class='ocrx_word' id='word_1_47' title='bbox 1401 906 1666 960; x_wconf 79' lang='lat' dir='ltr'><strong>excidium</strong></span> <span class='ocrx_word' id='word_1_48' title='bbox 1692 906 1979 959; x_wconf 85' lang='lat' dir='ltr'><strong>deseribat.</strong></span> <span class='ocrx_word' id='word_1_49' title='bbox 1998 904 2091 959; x_wconf 72' lang='lat'><strong>20.</strong></span> 
     </span>
    </p>
   </div>
   <div class='ocr_carea' id='block_1_7' title="bbox 517 995 2095 1065">
    <p class='ocr_par' dir='ltr' id='par_1_7' title="bbox 517 995 2095 1065">
     <span class='ocr_line' id='line_1_7' title="bbox 517 995 2095 1065; baseline -0.004 -10"><span class='ocrx_word' id='word_1_50' title='bbox 517 998 614 1055; x_wconf 83' lang='lat' dir='ltr'><strong>Sol</strong></span> <span class='ocrx_word' id='word_1_51' title='bbox 634 1006 943 1051; x_wconf 67' lang='lat' dir='ltr'><strong>convertatur</strong></span> <span class='ocrx_word' id='word_1_52' title='bbox 972 998 1025 1050; x_wconf 88' lang='lat' dir='ltr'><strong>in</strong></span> <span class='ocrx_word' id='word_1_53' title='bbox 1056 996 1281 1050; x_wconf 66' lang='lat' dir='ltr'><strong>tenebras</strong></span> <span class='ocrx_word' id='word_1_54' title='bbox 1310 1037 1324 1061; x_wconf 92' lang='lat'><strong>,</strong></span> <span class='ocrx_word' id='word_1_55' title='bbox 1371 1007 1415 1049; x_wconf 87' lang='lat' dir='ltr'><strong>et</strong></span> <span class='ocrx_word' id='word_1_56' title='bbox 1447 996 1568 1048; x_wconf 81' lang='lat' dir='ltr'><strong>luna</strong></span> <span class='ocrx_word' id='word_1_57' title='bbox 1595 996 1646 1048; x_wconf 89' lang='lat' dir='ltr'><strong>in</strong></span> <span class='ocrx_word' id='word_1_58' title='bbox 1674 996 1989 1065; x_wconf 86' lang='lat' dir='ltr'><strong>sanguinem.</strong></span> <span class='ocrx_word' id='word_1_59' title='bbox 2019 995 2095 1049; x_wconf 83' lang='lat' dir='ltr'><strong>Ex</strong></span> 
     </span>
    </p>
   </div>
   <div class='ocr_carea' id='block_1_8' title="bbox 514 1085 2095 1158">
    <p class='ocr_par' dir='ltr' id='par_1_8' title="bbox 514 1085 2095 1158">
     <span class='ocr_line' id='line_1_8' title="bbox 514 1085 2095 1158; baseline -0.002 -18"><span class='ocrx_word' id='word_1_60' title='bbox 514 1087 707 1142; x_wconf 83' lang='lat' dir='ltr'><strong>all‘ectu</strong></span> <span class='ocrx_word' id='word_1_61' title='bbox 732 1087 1042 1158; x_wconf 88' lang='lat' dir='ltr'><strong>patientium</strong></span> <span class='ocrx_word' id='word_1_62' title='bbox 1079 1088 1150 1142; x_wconf 90' lang='lat' dir='ltr'><strong>ita</strong></span> <span class='ocrx_word' id='word_1_63' title='bbox 1171 1086 1422 1157; x_wconf 89' lang='lat' dir='ltr'><strong>loquitur.</strong></span> <span class='ocrx_word' id='word_1_64' title='bbox 1446 1085 1701 1139; x_wconf 80' lang='lat' dir='ltr'><strong>Narratur</strong></span> <span class='ocrx_word' id='word_1_65' title='bbox 1728 1095 1902 1139; x_wconf 83' lang='lat' dir='ltr'><strong>tamen</strong></span> <span class='ocrx_word' id='word_1_66' title='bbox 1933 1085 2095 1138; x_wconf 91' lang='lat' dir='ltr'><strong>multa</strong></span> 
     </span>
    </p>
   </div>
   <div class='ocr_carea' id='block_1_9' title="bbox 516 1173 2093 1247">
    <p class='ocr_par' dir='ltr' id='par_1_9' title="bbox 516 1173 2093 1247">
     <span class='ocr_line' id='line_1_9' title="bbox 516 1173 2093 1247; baseline -0.004 -14"><span class='ocrx_word' id='word_1_67' title='bbox 516 1177 705 1233; x_wconf 85' lang='lat' dir='ltr'><strong>similia</strong></span> <span class='ocrx_word' id='word_1_68' title='bbox 730 1178 780 1231; x_wconf 91' lang='lat' dir='ltr'><strong>in</strong></span> <span class='ocrx_word' id='word_1_69' title='bbox 803 1178 932 1232; x_wconf 60' lang='lat' dir='ltr'><strong>caelo</strong></span> <span class='ocrx_word' id='word_1_70' title='bbox 951 1180 1058 1231; x_wconf 91' lang='lat' dir='ltr'><strong>visa</strong></span> <span class='ocrx_word' id='word_1_71' title='bbox 1084 1177 1267 1243; x_wconf 79' lang='lat' dir='ltr'><strong>fuisse,</strong></span> <span class='ocrx_word' id='word_1_72' title='bbox 1287 1187 1344 1231; x_wconf 88' lang='lat' dir='ltr'><strong>ut</strong></span> <span class='ocrx_word' id='word_1_73' title='bbox 1372 1176 1682 1231; x_wconf 69' lang='lat' dir='ltr'><strong>testilieatur</strong></span> <span class='ocrx_word' id='word_1_74' title='bbox 1702 1175 1969 1247; x_wconf 86' lang='lat' dir='ltr'><strong>Josephus</strong></span> <span class='ocrx_word' id='word_1_75' title='bbox 1996 1173 2093 1245; x_wconf 91' lang='lat' dir='ltr'><strong>(a).</strong></span> 
     </span>
    </p>
   </div>
   <div class='ocr_carea' id='block_1_10' title="bbox 514 1266 2094 1340">
    <p class='ocr_par' dir='ltr' id='par_1_10' title="bbox 514 1266 2094 1340">
     <span class='ocr_line' id='line_1_10' title="bbox 514 1266 2094 1340; baseline -0.004 -16"><span class='ocrx_word' id='word_1_76' title='bbox 514 1268 736 1327; x_wconf 87' lang='lat' dir='ltr'><strong>Interim</strong></span> <span class='ocrx_word' id='word_1_77' title='bbox 766 1269 886 1324; x_wconf 83' lang='lat' dir='ltr'><strong>illos</strong></span> <span class='ocrx_word' id='word_1_78' title='bbox 924 1284 1136 1340; x_wconf 89' lang='lat' dir='ltr'><strong>quoque</strong></span> <span class='ocrx_word' id='word_1_79' title='bbox 1175 1268 1502 1339; x_wconf 77' lang='lat' dir='ltr'><strong>perstrinxit,</strong></span> <span class='ocrx_word' id='word_1_80' title='bbox 1535 1268 1780 1322; x_wconf 89' lang='lat' dir='ltr'><strong>tenebras</strong></span> <span class='ocrx_word' id='word_1_81' title='bbox 1803 1281 1921 1336; x_wconf 78' lang='lat' dir='ltr'><strong>qua:</strong></span> <span class='ocrx_word' id='word_1_82' title='bbox 1951 1266 2094 1320; x_wconf 82' lang='lat' dir='ltr'><strong>acci-</strong></span> 
     </span>
    </p>
   </div>
   <div class='ocr_carea' id='block_1_11' title="bbox 518 1354 2097 1428">
    <p class='ocr_par' dir='ltr' id='par_1_11' title="bbox 518 1354 2097 1428">
     <span class='ocr_line' id='line_1_11' title="bbox 518 1354 2097 1428; baseline -0.004 -14"><span class='ocrx_word' id='word_1_83' title='bbox 518 1359 650 1415; x_wconf 89' lang='lat' dir='ltr'><strong>dcre</strong></span> <span class='ocrx_word' id='word_1_84' title='bbox 721 1374 1024 1415; x_wconf 89' lang='lat' dir='ltr'><strong>memorans</strong></span> <span class='ocrx_word' id='word_1_85' title='bbox 1055 1360 1176 1427; x_wconf 51' lang='lat' dir='ltr'><strong>,‘ct</strong></span> <span class='ocrx_word' id='word_1_86' title='bbox 1225 1360 1384 1414; x_wconf 78' lang='lat' dir='ltr'><strong>futuri</strong></span> <span class='ocrx_word' id='word_1_87' title='bbox 1436 1358 1891 1428; x_wconf 75' lang='lat' dir='ltr'><strong>exspectationem</strong></span> <span class='ocrx_word' id='word_1_88' title='bbox 1944 1354 2097 1409; x_wconf 87' lang='lat' dir='ltr'><strong>indu-</strong></span> 
     </span>
    </p>
   </div>
   <div class='ocr_carea' id='block_1_12' title="bbox 519 1448 2099 1523">
    <p class='ocr_par' dir='ltr' id='par_1_12' title="bbox 519 1448 2099 1523">
     <span class='ocr_line' id='line_1_12' title="bbox 519 1448 2099 1523; baseline -0.004 -17"><span class='ocrx_word' id='word_1_89' title='bbox 519 1467 669 1508; x_wconf 89' lang='lat' dir='ltr'><strong>cens.</strong></span> <span class='ocrx_word' id='word_1_90' title='bbox 714 1451 993 1523; x_wconf 74' lang='lat' dir='ltr'><strong>Antequam</strong></span> <span class='ocrx_word' id='word_1_91' title='bbox 1020 1453 1184 1506; x_wconf 71' lang='lat' dir='ltr'><strong>uariat</strong></span> <span class='ocrx_word' id='word_1_92' title='bbox 1211 1452 1317 1506; x_wconf 84' lang='lat' dir='ltr'><strong>dies</strong></span> <span class='ocrx_word' id='word_1_93' title='bbox 1346 1450 1551 1505; x_wconf 82' lang='lat' dir='ltr'><strong>Domini</strong></span> <span class='ocrx_word' id='word_1_94' title='bbox 1578 1466 1790 1521; x_wconf 86' lang='lat' dir='ltr'><strong>magnus</strong></span> <span class='ocrx_word' id='word_1_95' title='bbox 1819 1458 1863 1503; x_wconf 82' lang='lat' dir='ltr'><strong>et</strong></span> <span class='ocrx_word' id='word_1_96' title='bbox 1884 1448 2099 1518; x_wconf 81' lang='lat' dir='ltr'><strong>manife-</strong></span> 
     </span>
    </p>
   </div>
   <div class='ocr_carea' id='block_1_13' title="bbox 520 1528 2101 1613">
    <p class='ocr_par' dir='ltr' id='par_1_13' title="bbox 520 1528 2101 1613">
     <span class='ocr_line' id='line_1_13' title="bbox 520 1528 2101 1613; baseline -0.004 -14"><span class='ocrx_word' id='word_1_97' title='bbox 520 1554 649 1599; x_wconf 86' lang='lat' dir='ltr'><strong>stus.</strong></span> <span class='ocrx_word' id='word_1_98' title='bbox 696 1543 775 1599; x_wconf 86' lang='lat' dir='ltr'><strong>Ne</strong></span> <span class='ocrx_word' id='word_1_99' title='bbox 815 1546 937 1613; x_wconf 69' lang='lat' dir='ltr'><strong>quia</strong></span> <span class='ocrx_word' id='word_1_100' title='bbox 976 1558 1119 1598; x_wconf 90' lang='lat' dir='ltr'><strong>nunc</strong></span> <span class='ocrx_word' id='word_1_101' title='bbox 1166 1544 1382 1612; x_wconf 87' lang='lat' dir='ltr'><strong>impune</strong></span> <span class='ocrx_word' id='word_1_102' title='bbox 1425 1542 1656 1612; x_wconf 76' lang='lat' dir='ltr'><strong>peccatis</strong></span> <span class='ocrx_word' id='word_1_103' title='bbox 1688 1583 1701 1605; x_wconf 93' lang='lat'><strong>,</strong></span> <span class='ocrx_word' id='word_1_104' title='bbox 1737 1541 1951 1610; x_wconf 88' lang='lat' dir='ltr'><strong>inquit,</strong></span> <span class='ocrx_word' id='word_1_105' title='bbox 1982 1528 2101 1593; x_wconf 68' lang='lat' dir='ltr'><strong>idéo</strong></span> 
     </span>
    </p>
   </div>
   <div class='ocr_carea' id='block_1_14' title="bbox 519 1632 2104 1705">
    <p class='ocr_par' dir='ltr' id='par_1_14' title="bbox 519 1632 2104 1705">
     <span class='ocr_line' id='line_1_14' title="bbox 519 1632 2104 1705; baseline -0.003 -16"><span class='ocrx_word' id='word_1_106' title='bbox 519 1634 822 1689; x_wconf 80' lang='lat' dir='ltr'><strong>confidatis.</strong></span> <span class='ocrx_word' id='word_1_107' title='bbox 879 1634 1005 1691; x_wconf 73' lang='lat' dir='ltr'><strong>lizcc</strong></span> <span class='ocrx_word' id='word_1_108' title='bbox 1053 1638 1308 1704; x_wconf 76' lang='lat' dir='ltr'><strong>prommia</strong></span> <span class='ocrx_word' id='word_1_109' title='bbox 1347 1642 1471 1689; x_wconf 85' lang='lat' dir='ltr'><strong>sunt</strong></span> <span class='ocrx_word' id='word_1_110' title='bbox 1518 1634 1691 1705; x_wconf 78' lang='lat' dir='ltr'><strong>magni</strong></span> <span class='ocrx_word' id='word_1_111' title='bbox 1728 1632 2003 1703; x_wconf 80' lang='lat' dir='ltr'><strong>cujusdam</strong></span> <span class='ocrx_word' id='word_1_112' title='bbox 2049 1640 2104 1687; x_wconf 90' lang='lat' dir='ltr'><strong>et</strong></span> 
     </span>
    </p>
   </div>
   <div class='ocr_carea' id='block_1_15' title="bbox 522 1709 2102 1798">
    <p class='ocr_par' dir='ltr' id='par_1_15' title="bbox 522 1709 2102 1798">
     <span class='ocr_line' id='line_1_15' title="bbox 522 1709 2102 1798; baseline 0.001 -20"><span class='ocrx_word' id='word_1_113' title='bbox 522 1728 822 1798; x_wconf 77' lang='lat' dir='ltr'><strong>gravissimi</strong></span> <span class='ocrx_word' id='word_1_114' title='bbox 845 1728 971 1782; x_wconf 85' lang='lat' dir='ltr'><strong>dici.</strong></span> <span class='ocrx_word' id='word_1_115' title='bbox 1002 1709 1206 1793; x_wconf 66' lang='lat' dir='ltr'><strong>Viden“,</strong></span> <span class='ocrx_word' id='word_1_116' title='bbox 1232 1728 1501 1798; x_wconf 84' lang='lat' dir='ltr'><strong>quomodo</strong></span> <span class='ocrx_word' id='word_1_117' title='bbox 1521 1728 1731 1781; x_wconf 89' lang='lat' dir='ltr'><strong>animos</strong></span> <span class='ocrx_word' id='word_1_118' title='bbox 1757 1741 1943 1782; x_wconf 89' lang='lat' dir='ltr'><strong>eorum</strong></span> <span class='ocrx_word' id='word_1_119' title='bbox 1971 1740 2102 1781; x_wconf 87' lang='lat' dir='ltr'><strong>exa-</strong></span> 
     </span>
    </p>
   </div>
   <div class='ocr_carea' id='block_1_16' title="bbox 523 1811 2105 1888">
    <p class='ocr_par' dir='ltr' id='par_1_16' title="bbox 523 1811 2105 1888">
     <span class='ocr_line' id='line_1_16' title="bbox 523 1811 2105 1888; baseline -0.001 -17"><span class='ocrx_word' id='word_1_120' title='bbox 523 1818 729 1888; x_wconf 78' lang='lat' dir='ltr'><strong>gitavit,</strong></span> <span class='ocrx_word' id='word_1_121' title='bbox 756 1828 812 1873; x_wconf 85' lang='lat' dir='ltr'><strong>et</strong></span> <span class='ocrx_word' id='word_1_122' title='bbox 841 1820 1004 1874; x_wconf 90' lang='lat' dir='ltr'><strong>risum</strong></span> <span class='ocrx_word' id='word_1_123' title='bbox 1037 1811 1301 1875; x_wconf 80' lang='lat' dir='ltr'><strong>convertit</strong></span> <span class='ocrx_word' id='word_1_124' title='bbox 1324 1820 1374 1873; x_wconf 89' lang='lat' dir='ltr'><strong>in</strong></span> <span class='ocrx_word' id='word_1_125' title='bbox 1398 1818 1846 1874; x_wconf 75' lang='lat' dir='ltr'><strong>excusationem?</strong></span> <span class='ocrx_word' id='word_1_126' title='bbox 1879 1817 1934 1871; x_wconf 88' lang='lat' dir='ltr'><strong>Si</strong></span> <span class='ocrx_word' id='word_1_127' title='bbox 1960 1816 2105 1871; x_wconf 89' lang='lat' dir='ltr'><strong>enim</strong></span> 
     </span>
    </p>
   </div>
   <div class='ocr_carea' id='block_1_17' title="bbox 526 1911 2104 1982">
    <p class='ocr_par' dir='ltr' id='par_1_17' title="bbox 526 1911 2104 1982">
     <span class='ocr_line' id='line_1_17' title="bbox 526 1911 2104 1982; baseline -0.001 -18"><span class='ocrx_word' id='word_1_128' title='bbox 526 1912 640 1966; x_wconf 76' lang='lat' dir='ltr'><strong>lucc</strong></span> <span class='ocrx_word' id='word_1_129' title='bbox 662 1920 788 1965; x_wconf 89' lang='lat' dir='ltr'><strong>sunt</strong></span> <span class='ocrx_word' id='word_1_130' title='bbox 812 1913 1073 1981; x_wconf 69' lang='lat' dir='ltr'><strong>prooemia</strong></span> <span class='ocrx_word' id='word_1_131' title='bbox 1104 1912 1207 1967; x_wconf 88' lang='lat' dir='ltr'><strong>diei</strong></span> <span class='ocrx_word' id='word_1_132' title='bbox 1242 1913 1381 1967; x_wconf 80' lang='lat' dir='ltr'><strong>illius</strong></span> <span class='ocrx_word' id='word_1_133' title='bbox 1407 1955 1421 1979; x_wconf 96' lang='lat'><strong>,</strong></span> <span class='ocrx_word' id='word_1_134' title='bbox 1456 1927 1677 1967; x_wconf 86' lang='lat' dir='ltr'><strong>necesse</strong></span> <span class='ocrx_word' id='word_1_135' title='bbox 1700 1920 1775 1966; x_wconf 79' lang='lat' dir='ltr'><strong>cst</strong></span> <span class='ocrx_word' id='word_1_136' title='bbox 1811 1911 2104 1982; x_wconf 89' lang='lat' dir='ltr'><strong>periculum</strong></span> 
     </span>
    </p>
   </div>
   <div class='ocr_carea' id='block_1_18' title="bbox 527 2003 2107 2074">
    <p class='ocr_par' dir='ltr' id='par_1_18' title="bbox 527 2003 2107 2074">
     <span class='ocr_line' id='line_1_18' title="bbox 527 2003 2107 2074; baseline 0 -17"><span class='ocrx_word' id='word_1_137' title='bbox 527 2003 594 2058; x_wconf 90' lang='lat' dir='ltr'><strong>de</strong></span> <span class='ocrx_word' id='word_1_138' title='bbox 620 2005 874 2059; x_wconf 80' lang='lat' dir='ltr'><strong>extremis</strong></span> <span class='ocrx_word' id='word_1_139' title='bbox 897 2004 1007 2074; x_wconf 87' lang='lat' dir='ltr'><strong>jam</strong></span> <span class='ocrx_word' id='word_1_140' title='bbox 1055 2006 1355 2059; x_wconf 84' lang='lat' dir='ltr'><strong>imminere.</strong></span> <span class='ocrx_word' id='word_1_141' title='bbox 1386 2005 1523 2070; x_wconf 82' lang='lat' dir='ltr'><strong>Quid</strong></span> <span class='ocrx_word' id='word_1_142' title='bbox 1566 2004 1742 2059; x_wconf 88' lang='lat' dir='ltr'><strong>vero?</strong></span> <span class='ocrx_word' id='word_1_143' title='bbox 1775 2019 1899 2058; x_wconf 91' lang='lat' dir='ltr'><strong>num</strong></span> <span class='ocrx_word' id='word_1_144' title='bbox 1935 2003 2107 2073; x_wconf 88' lang='lat' dir='ltr'><strong>pergit</strong></span> 
     </span>
    </p>
   </div>
   <div class='ocr_carea' id='block_1_19' title="bbox 531 2094 2110 2166">
    <p class='ocr_par' dir='ltr' id='par_1_19' title="bbox 531 2094 2110 2166">
     <span class='ocr_line' id='line_1_19' title="bbox 531 2094 2110 2166; baseline 0.001 -19"><span class='ocrx_word' id='word_1_145' title='bbox 531 2095 785 2148; x_wconf 82' lang='lat' dir='ltr'><strong>lrrribilia</strong></span> <span class='ocrx_word' id='word_1_146' title='bbox 816 2095 1037 2151; x_wconf 85' lang='lat' dir='ltr'><strong>dicere?</strong></span> <span class='ocrx_word' id='word_1_147' title='bbox 1067 2096 1435 2166; x_wconf 84' lang='lat' dir='ltr'><strong>Nequaquam.</strong></span> <span class='ocrx_word' id='word_1_148' title='bbox 1468 2096 1571 2150; x_wconf 88' lang='lat' dir='ltr'><strong>Sed</strong></span> <span class='ocrx_word' id='word_1_149' title='bbox 1603 2096 1768 2165; x_wconf 77' lang='lat' dir='ltr'><strong>quid?</strong></span> <span class='ocrx_word' id='word_1_150' title='bbox 1796 2096 2002 2149; x_wconf 79' lang='lat' dir='ltr'><strong>Rursus</strong></span> <span class='ocrx_word' id='word_1_151' title='bbox 2018 2094 2110 2149; x_wconf 87' lang='lat' dir='ltr'><strong>dat</strong></span> 
     </span>
    </p>
   </div>
   <div class='ocr_carea' id='block_1_20' title="bbox 530 2185 2112 2255">
    <p class='ocr_par' dir='ltr' id='par_1_20' title="bbox 530 2185 2112 2255">
     <span class='ocr_line' id='line_1_20' title="bbox 530 2185 2112 2255; baseline -0.001 -16"><span class='ocrx_word' id='word_1_152' title='bbox 530 2185 636 2240; x_wconf 82' lang='lat' dir='ltr'><strong>illis</strong></span> <span class='ocrx_word' id='word_1_153' title='bbox 667 2185 1188 2254; x_wconf 80' lang='lat' dir='ltr'><strong>reSpirandi&#39;locum,</strong></span> <span class='ocrx_word' id='word_1_154' title='bbox 1222 2197 1273 2241; x_wconf 87' lang='lat' dir='ltr'><strong>et</strong></span> <span class='ocrx_word' id='word_1_155' title='bbox 1304 2188 1379 2240; x_wconf 85' lang='lat' dir='ltr'><strong>ait</strong></span> <span class='ocrx_word' id='word_1_156' title='bbox 1402 2205 1415 2240; x_wconf 89' lang='lat'><strong>:</strong></span> <span class='ocrx_word' id='word_1_157' title='bbox 1438 2186 1530 2239; x_wconf 73' lang='lat'><strong>2|.</strong></span> <span class='ocrx_word' id='word_1_158' title='bbox 1560 2185 1629 2239; x_wconf 84' lang='lat' dir='ltr'><strong>Et</strong></span> <span class='ocrx_word' id='word_1_159' title='bbox 1654 2187 1746 2239; x_wconf 87' lang='lat' dir='ltr'><strong>erit</strong></span> <span class='ocrx_word' id='word_1_160' title='bbox 1777 2228 1792 2251; x_wconf 90' lang='lat'><strong>,</strong></span> <span class='ocrx_word' id='word_1_161' title='bbox 1823 2186 1984 2239; x_wconf 88' lang='lat' dir='ltr'><strong>omnis</strong></span> <span class='ocrx_word' id='word_1_162' title='bbox 2009 2188 2112 2255; x_wconf 89' lang='lat' dir='ltr'><strong>qui-</strong></span> 
     </span>
    </p>
   </div>
   <div class='ocr_carea' id='block_1_21' title="bbox 529 2277 2112 2346">
    <p class='ocr_par' dir='ltr' id='par_1_21' title="bbox 529 2277 2112 2346">
     <span class='ocr_line' id='line_1_21' title="bbox 529 2277 2112 2346; baseline 0.004 -19"><span class='ocrx_word' id='word_1_163' title='bbox 529 2292 739 2346; x_wconf 69' lang='lat' dir='ltr'><strong>cumque</strong></span> <span class='ocrx_word' id='word_1_164' title='bbox 760 2278 1061 2332; x_wconf 79' lang='lat' dir='ltr'><strong>invacaverit</strong></span> <span class='ocrx_word' id='word_1_165' title='bbox 1090 2295 1268 2333; x_wconf 86' lang='lat' dir='ltr'><strong>nomen</strong></span> <span class='ocrx_word' id='word_1_166' title='bbox 1299 2278 1526 2345; x_wconf 84' lang='lat' dir='ltr'><strong>Domini,</strong></span> <span class='ocrx_word' id='word_1_167' title='bbox 1557 2278 1727 2332; x_wconf 89' lang='lat' dir='ltr'><strong>salvus</strong></span> <span class='ocrx_word' id='word_1_168' title='bbox 1755 2279 1868 2331; x_wconf 87' lang='lat' dir='ltr'><strong>erit.</strong></span> <span class='ocrx_word' id='word_1_169' title='bbox 1904 2278 2015 2332; x_wconf 87' lang='lat' dir='ltr'><strong>lloe</strong></span> <span class='ocrx_word' id='word_1_170' title='bbox 2046 2277 2112 2332; x_wconf 88' lang='lat' dir='ltr'><strong>de</strong></span> 
     </span>
    </p>
   </div>
   <div class='ocr_carea' id='block_1_22' title="bbox 527 2367 2115 2440">
    <p class='ocr_par' dir='ltr' id='par_1_22' title="bbox 527 2367 2115 2440">
     <span class='ocr_line' id='line_1_22' title="bbox 527 2367 2115 2440; baseline 0.004 -21"><span class='ocrx_word' id='word_1_171' title='bbox 527 2368 750 2423; x_wconf 68' lang='lat' dir='ltr'><strong>Christo</strong></span> <span class='ocrx_word' id='word_1_172' title='bbox 772 2369 970 2423; x_wconf 88' lang='lat' dir='ltr'><strong>dictum</strong></span> <span class='ocrx_word' id='word_1_173' title='bbox 998 2380 1097 2436; x_wconf 88' lang='lat' dir='ltr'><strong>est,</strong></span> <span class='ocrx_word' id='word_1_174' title='bbox 1136 2380 1191 2423; x_wconf 90' lang='lat' dir='ltr'><strong>ut</strong></span> <span class='ocrx_word' id='word_1_175' title='bbox 1218 2370 1411 2426; x_wconf 83' lang='lat' dir='ltr'><strong>Paulus</strong></span> <span class='ocrx_word' id='word_1_176' title='bbox 1439 2370 1513 2423; x_wconf 85' lang='lat' dir='ltr'><strong>ait</strong></span> <span class='ocrx_word' id='word_1_177' title='bbox 1541 2367 1714 2439; x_wconf 84' lang='lat' dir='ltr'><strong>(Rom.</strong></span> <span class='ocrx_word' id='word_1_178' title='bbox 1745 2370 1831 2425; x_wconf 82' lang='grc'><strong>10.</strong></span> <span class='ocrx_word' id='word_1_179' title='bbox 1863 2370 1948 2440; x_wconf 78' lang='grc'><strong>15)</strong></span> <span class='ocrx_word' id='word_1_180' title='bbox 1983 2388 1993 2423; x_wconf 94' lang='lat'><strong>:</strong></span> <span class='ocrx_word' id='word_1_181' title='bbox 2028 2369 2115 2425; x_wconf 91' lang='lat' dir='ltr'><strong>hic</strong></span> 
     </span>
    </p>
   </div>
   <div class='ocr_carea' id='block_1_23' title="bbox 533 2459 2117 2531">
    <p class='ocr_par' dir='ltr' id='par_1_23' title="bbox 533 2459 2117 2531">
     <span class='ocr_line' id='line_1_23' title="bbox 533 2459 2117 2531; baseline 0.001 -20"><span class='ocrx_word' id='word_1_182' title='bbox 533 2475 661 2512; x_wconf 88' lang='lat' dir='ltr'><strong>vero</strong></span> <span class='ocrx_word' id='word_1_183' title='bbox 689 2475 793 2513; x_wconf 89' lang='lat' dir='ltr'><strong>non</strong></span> <span class='ocrx_word' id='word_1_184' title='bbox 824 2459 985 2514; x_wconf 80' lang='lat' dir='ltr'><strong>audet</strong></span> <span class='ocrx_word' id='word_1_185' title='bbox 1009 2461 1057 2515; x_wconf 90' lang='lat' dir='ltr'><strong>id</strong></span> <span class='ocrx_word' id='word_1_186' title='bbox 1085 2462 1255 2529; x_wconf 90' lang='lat' dir='ltr'><strong>palam</strong></span> <span class='ocrx_word' id='word_1_187' title='bbox 1290 2462 1546 2516; x_wconf 74' lang='lat' dir='ltr'><strong>revelare.</strong></span> <span class='ocrx_word' id='word_1_188' title='bbox 1582 2460 1731 2514; x_wconf 88' lang='lat' dir='ltr'><strong>Dicta</strong></span> <span class='ocrx_word' id='word_1_189' title='bbox 1754 2476 1880 2515; x_wconf 86' lang='lat' dir='ltr'><strong>vero</strong></span> <span class='ocrx_word' id='word_1_190' title='bbox 1911 2476 1938 2514; x_wconf 88' lang='lat' dir='ltr'><strong>a</strong></span> <span class='ocrx_word' id='word_1_191' title='bbox 1969 2460 2117 2531; x_wconf 73' lang='lat' dir='ltr'><strong>prin—</strong></span> 
     </span>
    </p>
   </div>
   <div class='ocr_carea' id='block_1_24' title="bbox 532 2548 2116 2618">
    <p class='ocr_par' dir='ltr' id='par_1_24' title="bbox 532 2548 2116 2618">
     <span class='ocr_line' id='line_1_24' title="bbox 532 2548 2116 2618; baseline -0.001 -15"><span class='ocrx_word' id='word_1_192' title='bbox 532 2550 673 2617; x_wconf 81' lang='lat' dir='ltr'><strong>cipio</strong></span> <span class='ocrx_word' id='word_1_193' title='bbox 713 2558 1036 2618; x_wconf 80' lang='lat' dir='ltr'><strong>repetamus.</strong></span> <span class='ocrx_word' id='word_1_194' title='bbox 1094 2550 1260 2605; x_wconf 82' lang='lat' dir='ltr'><strong>Recte</strong></span> <span class='ocrx_word' id='word_1_195' title='bbox 1298 2550 1448 2613; x_wconf 80' lang='lat' dir='ltr'><strong>quasi</strong></span> <span class='ocrx_word' id='word_1_196' title='bbox 1496 2548 1755 2604; x_wconf 86' lang='lat' dir='ltr'><strong>adversus</strong></span> <span class='ocrx_word' id='word_1_197' title='bbox 1802 2549 2036 2603; x_wconf 88' lang='lat' dir='ltr'><strong>ridentes</strong></span> <span class='ocrx_word' id='word_1_198' title='bbox 2062 2559 2116 2603; x_wconf 85' lang='lat' dir='ltr'><strong>et</strong></span> 
     </span>
    </p>
   </div>
   <div class='ocr_carea' id='block_1_25' title="bbox 534 2640 2117 2711">
    <p class='ocr_par' dir='ltr' id='par_1_25' title="bbox 534 2640 2117 2711">
     <span class='ocr_line' id='line_1_25' title="bbox 534 2640 2117 2711; baseline -0.001 -17"><span class='ocrx_word' id='word_1_199' title='bbox 534 2642 1187 2711; x_wconf 75' lang='lat' dir='ltr'><strong>subsannantesinsurgit,</strong></span> <span class='ocrx_word' id='word_1_200' title='bbox 1223 2640 1444 2695; x_wconf 86' lang='lat' dir='ltr'><strong>dicens:</strong></span> <span class='ocrx_word' id='word_1_201' title='bbox 1484 2641 1674 2694; x_wconf 85' lang='lat' dir='ltr'><strong>Notum</strong></span> <span class='ocrx_word' id='word_1_202' title='bbox 1691 2641 1755 2694; x_wconf 85' lang='lat' dir='ltr'><strong>sit</strong></span> <span class='ocrx_word' id='word_1_203' title='bbox 1778 2640 2009 2694; x_wconf 83' lang='lat' dir='ltr'><strong>omnibus</strong></span> <span class='ocrx_word' id='word_1_204' title='bbox 2030 2655 2117 2693; x_wconf 79' lang='lat' dir='ltr'><strong>vo-</strong></span> 
     </span>
    </p>
   </div>
   <div class='ocr_carea' id='block_1_26' title="bbox 535 2730 2117 2800">
    <p class='ocr_par' dir='ltr' id='par_1_26' title="bbox 535 2730 2117 2800">
     <span class='ocr_line' id='line_1_26' title="bbox 535 2730 2117 2800; baseline 0.001 -15"><span class='ocrx_word' id='word_1_205' title='bbox 535 2732 632 2795; x_wconf 92' lang='lat' dir='ltr'><strong>bis,</strong></span> <span class='ocrx_word' id='word_1_206' title='bbox 657 2743 702 2784; x_wconf 77' lang='lat' dir='ltr'><strong>et</strong></span> <span class='ocrx_word' id='word_1_207' title='bbox 732 2732 935 2785; x_wconf 85' lang='lat' dir='ltr'><strong>auribus</strong></span> <span class='ocrx_word' id='word_1_208' title='bbox 966 2732 1207 2800; x_wconf 81' lang='lat' dir='ltr'><strong>percipite</strong></span> <span class='ocrx_word' id='word_1_209' title='bbox 1232 2733 1378 2786; x_wconf 70' lang='lat' dir='ltr'><strong>verba</strong></span> <span class='ocrx_word' id='word_1_210' title='bbox 1418 2748 1547 2785; x_wconf 87' lang='lat' dir='ltr'><strong>mea.</strong></span> <span class='ocrx_word' id='word_1_211' title='bbox 1582 2731 1735 2785; x_wconf 86' lang='lat' dir='ltr'><strong>Initio</strong></span> <span class='ocrx_word' id='word_1_212' title='bbox 1762 2740 1939 2786; x_wconf 89' lang='lat' dir='ltr'><strong>autem</strong></span> <span class='ocrx_word' id='word_1_213' title='bbox 1968 2730 2117 2786; x_wconf 88' lang='lat' dir='ltr'><strong>dice-</strong></span> 
     </span>
    </p>
   </div>
   <div class='ocr_carea' id='block_1_27' title="bbox 539 2822 2120 2892">
    <p class='ocr_par' dir='ltr' id='par_1_27' title="bbox 539 2822 2120 2892">
     <span class='ocr_line' id='line_1_27' title="bbox 539 2822 2120 2892; baseline 0 -15"><span class='ocrx_word' id='word_1_214' title='bbox 539 2826 649 2888; x_wconf 89' lang='lat' dir='ltr'><strong>bat,</strong></span> <span class='ocrx_word' id='word_1_215' title='bbox 686 2822 792 2876; x_wconf 84' lang='lat' dir='ltr'><strong>Viri</strong></span> <span class='ocrx_word' id='word_1_216' title='bbox 816 2824 1010 2877; x_wconf 77' lang='lat' dir='ltr'><strong>.Iudwi.</strong></span> <span class='ocrx_word' id='word_1_217' title='bbox 1041 2823 1257 2878; x_wconf 71' lang='lat' dir='ltr'><strong>Judmos</strong></span> <span class='ocrx_word' id='word_1_218' title='bbox 1288 2824 1414 2878; x_wconf 87' lang='lat' dir='ltr'><strong>mihi</strong></span> <span class='ocrx_word' id='word_1_219' title='bbox 1444 2825 1623 2879; x_wconf 87' lang='lat' dir='ltr'><strong>dicere</strong></span> <span class='ocrx_word' id='word_1_220' title='bbox 1652 2826 1863 2877; x_wconf 88' lang='lat' dir='ltr'><strong>videtur</strong></span> <span class='ocrx_word' id='word_1_221' title='bbox 1895 2838 2008 2886; x_wconf 89' lang='lat' dir='ltr'><strong>eos,</strong></span> <span class='ocrx_word' id='word_1_222' title='bbox 2031 2823 2120 2892; x_wconf 88' lang='lat' dir='ltr'><strong>qui</strong></span> 
     </span>
    </p>
   </div>
   <div class='ocr_carea' id='block_1_28' title="bbox 516 2900 2121 2985">
    <p class='ocr_par' dir='ltr' id='par_1_28' title="bbox 516 2900 2121 2985">
     <span class='ocr_line' id='line_1_28' title="bbox 516 2900 2121 2985; baseline 0 -18"><span class='ocrx_word' id='word_1_223' title='bbox 516 2900 591 2967; x_wconf 31' lang='lat' dir='ltr'><strong>.in</strong></span> <span class='ocrx_word' id='word_1_224' title='bbox 620 2914 799 2968; x_wconf 61' lang='lat' dir='ltr'><strong>Judtea</strong></span> <span class='ocrx_word' id='word_1_225' title='bbox 832 2913 1167 2969; x_wconf 83' lang='lat' dir='ltr'><strong>habitabant.</strong></span> <span class='ocrx_word' id='word_1_226' title='bbox 1206 2916 1267 2969; x_wconf 85' lang='lat' dir='ltr'><strong>Et</strong></span> <span class='ocrx_word' id='word_1_227' title='bbox 1294 2956 1309 2980; x_wconf 91' lang='lat'><strong>,</strong></span> <span class='ocrx_word' id='word_1_228' title='bbox 1350 2915 1391 2967; x_wconf 90' lang='lat' dir='ltr'><strong>si</strong></span> <span class='ocrx_word' id='word_1_229' title='bbox 1422 2916 1595 2985; x_wconf 89' lang='lat' dir='ltr'><strong>placet</strong></span> <span class='ocrx_word' id='word_1_230' title='bbox 1628 2957 1643 2979; x_wconf 90' lang='lat'><strong>,</strong></span> <span class='ocrx_word' id='word_1_231' title='bbox 1691 2916 1852 2968; x_wconf 78' lang='lat' dir='ltr'><strong>alfera</strong></span> <span class='ocrx_word' id='word_1_232' title='bbox 1877 2931 1976 2967; x_wconf 84' lang='lat' dir='ltr'><strong>nus</strong></span> <span class='ocrx_word' id='word_1_233' title='bbox 2030 2915 2121 2968; x_wconf 87' lang='lat' dir='ltr'><strong>illa</strong></span> 
     </span>
    </p>
   </div>
   <div class='ocr_carea' id='block_1_29' title="bbox 544 3006 2124 3076">
    <p class='ocr_par' dir='ltr' id='par_1_29' title="bbox 544 3006 2124 3076">
     <span class='ocr_line' id='line_1_29' title="bbox 544 3006 2124 3076; baseline 0 -16"><span class='ocrx_word' id='word_1_234' title='bbox 544 3007 812 3076; x_wconf 71' lang='lat' dir='ltr'><strong>Evangelii</strong></span> <span class='ocrx_word' id='word_1_235' title='bbox 847 3008 1009 3061; x_wconf 86' lang='lat' dir='ltr'><strong>verba</strong></span> <span class='ocrx_word' id='word_1_236' title='bbox 1044 3049 1059 3073; x_wconf 95' lang='lat'><strong>,</strong></span> <span class='ocrx_word' id='word_1_237' title='bbox 1106 3018 1162 3061; x_wconf 90' lang='lat' dir='ltr'><strong>ut</strong></span> <span class='ocrx_word' id='word_1_238' title='bbox 1189 3009 1364 3065; x_wconf 79' lang='lat' dir='ltr'><strong>discas</strong></span> <span class='ocrx_word' id='word_1_239' title='bbox 1400 3009 1570 3076; x_wconf 85' lang='lat' dir='ltr'><strong>qualis</strong></span> <span class='ocrx_word' id='word_1_240' title='bbox 1606 3019 1825 3076; x_wconf 85' lang='lat' dir='ltr'><strong>repente</strong></span> <span class='ocrx_word' id='word_1_241' title='bbox 1862 3009 2025 3061; x_wconf 82' lang='lat' dir='ltr'><strong>lactus</strong></span> <span class='ocrx_word' id='word_1_242' title='bbox 2054 3006 2124 3060; x_wconf 86' lang='lat' dir='ltr'><strong>sit</strong></span> 
     </span>
    </p>
   </div>
   <div class='ocr_carea' id='block_1_30' title="bbox 542 3099 2125 3170">
    <p class='ocr_par' dir='ltr' id='par_1_30' title="bbox 542 3099 2125 3170">
     <span class='ocr_line' id='line_1_30' title="bbox 542 3099 2125 3170; baseline -0.001 -16"><span class='ocrx_word' id='word_1_243' title='bbox 542 3100 757 3154; x_wconf 76' lang='lat' dir='ltr'><strong>Petrus.</strong></span> <span class='ocrx_word' id='word_1_244' title='bbox 809 3099 949 3152; x_wconf 70' lang='lat' dir='ltr'><strong>Eariit</strong></span> <span class='ocrx_word' id='word_1_245' title='bbox 968 3141 982 3166; x_wconf 93' lang='lat'><strong>,</strong></span> <span class='ocrx_word' id='word_1_246' title='bbox 1014 3101 1182 3169; x_wconf 86' lang='lat' dir='ltr'><strong>inquit</strong></span> <span class='ocrx_word' id='word_1_247' title='bbox 1208 3142 1221 3164; x_wconf 91' lang='lat'><strong>,</strong></span> <span class='ocrx_word' id='word_1_248' title='bbox 1255 3101 1422 3170; x_wconf 80' lang='lat' dir='ltr'><strong>puclla</strong></span> <span class='ocrx_word' id='word_1_249' title='bbox 1452 3101 1621 3153; x_wconf 83' lang='lat' dir='ltr'><strong>dicens</strong></span> <span class='ocrx_word' id='word_1_250' title='bbox 1650 3117 1669 3154; x_wconf 89' lang='lat'><strong><em>:</em></strong></span> <span class='ocrx_word' id='word_1_251' title='bbox 1700 3100 1763 3154; x_wconf 85' lang='lat' dir='ltr'><strong>Et</strong></span> <span class='ocrx_word' id='word_1_252' title='bbox 1791 3110 1845 3153; x_wconf 88' lang='lat' dir='ltr'><strong>tu</strong></span> <span class='ocrx_word' id='word_1_253' title='bbox 1872 3117 1985 3154; x_wconf 85' lang='lat' dir='ltr'><strong>eras</strong></span> <span class='ocrx_word' id='word_1_254' title='bbox 2011 3118 2125 3153; x_wconf 87' lang='lat' dir='ltr'><strong>cum</strong></span> 
     </span>
    </p>
   </div>
   <div class='ocr_carea' id='block_1_31' title="bbox 541 3189 2121 3260">
    <p class='ocr_par' dir='ltr' id='par_1_31' title="bbox 541 3189 2121 3260">
     <span class='ocr_line' id='line_1_31' title="bbox 541 3189 2121 3260; baseline 0 -17"><span class='ocrx_word' id='word_1_255' title='bbox 541 3190 571 3243; x_wconf 83' lang='lat' dir='ltr'><strong><em>J</em></strong></span> <span class='ocrx_word' id='word_1_256' title='bbox 582 3208 666 3243; x_wconf 85' lang='lat' dir='ltr'><strong>esu</strong></span> <span class='ocrx_word' id='word_1_257' title='bbox 697 3189 984 3244; x_wconf 78' lang='lat' dir='ltr'><strong>Nazarene.</strong></span> <span class='ocrx_word' id='word_1_258' title='bbox 1020 3190 1120 3244; x_wconf 83' lang='lat' dir='ltr'><strong>Ille</strong></span> <span class='ocrx_word' id='word_1_259' title='bbox 1148 3202 1312 3243; x_wconf 83' lang='lat' dir='ltr'><strong>autem</strong></span> <span class='ocrx_word' id='word_1_260' title='bbox 1340 3192 1617 3260; x_wconf 77' lang='lat' dir='ltr'><strong>respondit,</strong></span> <span class='ocrx_word' id='word_1_261' title='bbox 1648 3189 1696 3243; x_wconf 83' lang='grc' dir='ltr'><strong><em>Ν</em></strong></span> <span class='ocrx_word' id='word_1_262' title='bbox 1702 3190 1831 3243; x_wconf 72' lang='lat' dir='ltr'><strong>escio</strong></span> <span class='ocrx_word' id='word_1_263' title='bbox 1850 3191 2121 3244; x_wconf 82' lang='lat' dir='ltr'><strong>hominem.</strong></span> 
     </span>
    </p>
   </div>
   <div class='ocr_carea' id='block_1_32' title="bbox 548 3278 2122 3351">
    <p class='ocr_par' dir='ltr' id='par_1_32' title="bbox 548 3278 2122 3351">
     <span class='ocr_line' id='line_1_32' title="bbox 548 3278 2122 3351; baseline 0 -18"><span class='ocrx_word' id='word_1_264' title='bbox 548 3278 613 3333; x_wconf 76' lang='lat' dir='ltr'><strong>Et</strong></span> <span class='ocrx_word' id='word_1_265' title='bbox 641 3297 814 3335; x_wconf 86' lang='lat' dir='ltr'><strong>rursus</strong></span> <span class='ocrx_word' id='word_1_266' title='bbox 844 3281 1177 3351; x_wconf 83' lang='lat' dir='ltr'><strong>interrogatus</strong></span> <span class='ocrx_word' id='word_1_267' title='bbox 1207 3282 1351 3350; x_wconf 66' lang='lat' dir='ltr'><strong>ca’pit</strong></span> <span class='ocrx_word' id='word_1_268' title='bbox 1376 3281 1607 3334; x_wconf 82' lang='lat' dir='ltr'><strong>detestari</strong></span> <span class='ocrx_word' id='word_1_269' title='bbox 1634 3291 1679 3335; x_wconf 82' lang='lat' dir='ltr'><strong>et</strong></span> <span class='ocrx_word' id='word_1_270' title='bbox 1701 3283 1884 3351; x_wconf 86' lang='lat' dir='ltr'><strong>jurare</strong></span> <span class='ocrx_word' id='word_1_271' title='bbox 1905 3279 2122 3351; x_wconf 73' lang='lat' dir='ltr'><strong>(Matth.</strong></span> 
     </span>
    </p>
   </div>
   <div class='ocr_carea' id='block_1_33' title="bbox 543 3371 873 3441">
    <p class='ocr_par' dir='ltr' id='par_1_33' title="bbox 543 3371 873 3441">
     <span class='ocr_line' id='line_1_33' title="bbox 543 3371 873 3441; baseline -0.009 -16"><span class='ocrx_word' id='word_1_272' title='bbox 543 3373 635 3425; x_wconf 73' lang='lat'><strong>23.</strong></span> <span class='ocrx_word' id='word_1_273' title='bbox 665 3371 873 3441; x_wconf 73' lang='lat'><strong>69-72).</strong></span> 
     </span>
    </p>
   </div>
   <div class='ocr_carea' id='block_1_34' title="bbox 615 3463 2123 3521">
    <p class='ocr_par' dir='ltr' id='par_1_34' title="bbox 615 3463 2123 3521">
     <span class='ocr_line' id='line_1_34' title="bbox 615 3463 2123 3521; baseline 0.003 -5"><span class='ocrx_word' id='word_1_274' title='bbox 615 3464 671 3516; x_wconf 71' lang='lat'><strong>2.</strong></span> <span class='ocrx_word' id='word_1_275' title='bbox 714 3463 950 3517; x_wconf 76' lang='lat' dir='ltr'><strong>Adulatio</strong></span> <span class='ocrx_word' id='word_1_276' title='bbox 979 3466 1201 3519; x_wconf 69' lang='lat' dir='ltr'><strong>vitanda.</strong></span> <span class='ocrx_word' id='word_1_277' title='bbox 1231 3465 1421 3521; x_wconf 88' lang='lat' dir='ltr'><strong>—Sed</strong></span> <span class='ocrx_word' id='word_1_278' title='bbox 1452 3466 1537 3521; x_wconf 86' lang='lat' dir='ltr'><strong>hic</strong></span> <span class='ocrx_word' id='word_1_279' title='bbox 1562 3466 1682 3521; x_wconf 87' lang='lat' dir='ltr'><strong>vide</strong></span> <span class='ocrx_word' id='word_1_280' title='bbox 1709 3466 1848 3520; x_wconf 86' lang='lat' dir='ltr'><strong>illius</strong></span> <span class='ocrx_word' id='word_1_281' title='bbox 1880 3465 2123 3520; x_wconf 86' lang='lat' dir='ltr'><strong>llduciam</strong></span> 
     </span>
    </p>
   </div>
   <div class='ocr_carea' id='block_1_35' title="bbox 549 3550 2128 3629">
    <p class='ocr_par' dir='ltr' id='par_1_35' title="bbox 549 3550 2128 3629">
     <span class='ocr_line' id='line_1_35' title="bbox 549 3550 2128 3629; baseline 0.003 -20"><span class='ocrx_word' id='word_1_282' title='bbox 549 3550 900 3623; x_wconf 80' lang='lat' dir='ltr'><strong>magnamque</strong></span> <span class='ocrx_word' id='word_1_283' title='bbox 923 3556 1133 3611; x_wconf 87' lang='lat' dir='ltr'><strong>dicendi</strong></span> <span class='ocrx_word' id='word_1_284' title='bbox 1158 3557 1476 3613; x_wconf 89' lang='lat' dir='ltr'><strong>libertatem.</strong></span> <span class='ocrx_word' id='word_1_285' title='bbox 1502 3557 1617 3613; x_wconf 85' lang='lat' dir='ltr'><strong>Non</strong></span> <span class='ocrx_word' id='word_1_286' title='bbox 1644 3558 1878 3612; x_wconf 84' lang='lat' dir='ltr'><strong>laudavit</strong></span> <span class='ocrx_word' id='word_1_287' title='bbox 1903 3574 2015 3620; x_wconf 88' lang='lat' dir='ltr'><strong>eos.</strong></span> <span class='ocrx_word' id='word_1_288' title='bbox 2040 3561 2128 3629; x_wconf 88' lang='lat' dir='ltr'><strong>qui</strong></span> 
     </span>
    </p>
   </div>
   <div class='ocr_carea' id='block_1_36' title="bbox 548 3645 2129 3722">
    <p class='ocr_par' dir='ltr' id='par_1_36' title="bbox 548 3645 2129 3722">
     <span class='ocr_line' id='line_1_36' title="bbox 548 3645 2129 3722; baseline 0.002 -22"><span class='ocrx_word' id='word_1_289' title='bbox 548 3645 787 3700; x_wconf 77' lang='lat' dir='ltr'><strong>dixerant</strong></span> <span class='ocrx_word' id='word_1_290' title='bbox 824 3663 836 3700; x_wconf 91' lang='lat'>:</span> <span class='ocrx_word' id='word_1_291' title='bbox 868 3646 1161 3701; x_wconf 75' lang='lat' dir='ltr'><strong>Audiuimus</strong></span> <span class='ocrx_word' id='word_1_292' title='bbox 1191 3664 1272 3702; x_wconf 90' lang='lat' dir='ltr'><strong>eos</strong></span> <span class='ocrx_word' id='word_1_293' title='bbox 1301 3649 1558 3718; x_wconf 80' lang='lat' dir='ltr'><strong>loquentes</strong></span> <span class='ocrx_word' id='word_1_294' title='bbox 1590 3652 1772 3704; x_wconf 85' lang='lat' dir='ltr'><strong>nostris</strong></span> <span class='ocrx_word' id='word_1_295' title='bbox 1803 3651 1989 3722; x_wconf 77' lang='lat' dir='ltr'><strong>linguis</strong></span> <span class='ocrx_word' id='word_1_296' title='bbox 2018 3668 2129 3703; x_wconf 78' lang='lat' dir='ltr'><strong>nta-</strong></span> 
     </span>
    </p>
   </div>
   <div class='ocr_carea' id='block_1_37' title="bbox 548 3736 2130 3811">
    <p class='ocr_par' dir='ltr' id='par_1_37' title="bbox 548 3736 2130 3811">
     <span class='ocr_line' id='line_1_37' title="bbox 548 3736 2130 3811; baseline 0.005 -24"><span class='ocrx_word' id='word_1_297' title='bbox 548 3737 721 3807; x_wconf 80' lang='lat' dir='ltr'><strong>gnalia</strong></span> <span class='ocrx_word' id='word_1_298' title='bbox 747 3736 874 3801; x_wconf 84' lang='lat' dir='ltr'><strong>Dei;</strong></span> <span class='ocrx_word' id='word_1_299' title='bbox 896 3738 987 3793; x_wconf 88' lang='lat' dir='ltr'><strong>sed</strong></span> <span class='ocrx_word' id='word_1_300' title='bbox 1013 3738 1099 3793; x_wconf 89' lang='lat' dir='ltr'><strong>illa</strong></span> <span class='ocrx_word' id='word_1_301' title='bbox 1122 3755 1221 3808; x_wconf 89' lang='lat' dir='ltr'><strong>qua</strong></span> <span class='ocrx_word' id='word_1_302' title='bbox 1251 3756 1371 3811; x_wconf 86' lang='lat' dir='ltr'><strong>erga</strong></span> <span class='ocrx_word' id='word_1_303' title='bbox 1401 3741 1531 3795; x_wconf 81' lang='lat' dir='ltr'><strong>alios</strong></span> <span class='ocrx_word' id='word_1_304' title='bbox 1558 3755 1683 3796; x_wconf 87' lang='lat' dir='ltr'><strong>usus</strong></span> <span class='ocrx_word' id='word_1_305' title='bbox 1706 3752 1821 3797; x_wconf 88' lang='lat' dir='ltr'><strong>erat</strong></span> <span class='ocrx_word' id='word_1_306' title='bbox 1850 3743 2130 3811; x_wconf 81' lang='lat' dir='ltr'><strong>gravitate,</strong></span> 
     </span>
    </p>
   </div>
   <div class='ocr_carea' id='block_1_38' title="bbox 554 3830 2135 3899">
    <p class='ocr_par' dir='ltr' id='par_1_38' title="bbox 554 3830 2135 3899">
     <span class='ocr_line' id='line_1_38' title="bbox 554 3830 2135 3899; baseline 0.003 -15"><span class='ocrx_word' id='word_1_307' title='bbox 554 3833 651 3884; x_wconf 84' lang='lat' dir='ltr'><strong>hos</strong></span> <span class='ocrx_word' id='word_1_308' title='bbox 692 3830 1040 3885; x_wconf 83' lang='lat' dir='ltr'><strong>studiosiores</strong></span> <span class='ocrx_word' id='word_1_309' title='bbox 1086 3832 1309 3887; x_wconf 82' lang='lat' dir='ltr'><strong>reddere</strong></span> <span class='ocrx_word' id='word_1_310' title='bbox 1354 3834 1575 3899; x_wconf 82' lang='lat' dir='ltr'><strong>volens,</strong></span> <span class='ocrx_word' id='word_1_311' title='bbox 1626 3844 1681 3889; x_wconf 88' lang='lat' dir='ltr'><strong>et</strong></span> <span class='ocrx_word' id='word_1_312' title='bbox 1724 3850 2027 3890; x_wconf 79' lang='lat' dir='ltr'><strong>sermonem</strong></span> <span class='ocrx_word' id='word_1_313' title='bbox 2068 3835 2135 3888; x_wconf 90' lang='lat' dir='ltr'><strong>ab</strong></span> 
     </span>
    </p>
   </div>
   <div class='ocr_carea' id='block_1_39' title="bbox 553 3922 2138 3997">
    <p class='ocr_par' dir='ltr' id='par_1_39' title="bbox 553 3922 2138 3997">
     <span class='ocr_line' id='line_1_39' title="bbox 553 3922 2138 3997; baseline 0.001 -20"><span class='ocrx_word' id='word_1_314' title='bbox 553 3923 858 3977; x_wconf 88' lang='lat' dir='ltr'><strong>adulatione</strong></span> <span class='ocrx_word' id='word_1_315' title='bbox 899 3922 1133 3978; x_wconf 83' lang='lat' dir='ltr'><strong>alienum</strong></span> <span class='ocrx_word' id='word_1_316' title='bbox 1171 3926 1476 3981; x_wconf 75' lang='lat' dir='ltr'><strong>ostendere.</strong></span> <span class='ocrx_word' id='word_1_317' title='bbox 1506 3927 1619 3981; x_wconf 90' lang='lat' dir='ltr'><strong>lloc</strong></span> <span class='ocrx_word' id='word_1_318' title='bbox 1647 3928 1786 3981; x_wconf 83' lang='lat' dir='ltr'><strong>enim</strong></span> <span class='ocrx_word' id='word_1_319' title='bbox 1822 3927 2015 3997; x_wconf 89' lang='lat' dir='ltr'><strong>ubique</strong></span> <span class='ocrx_word' id='word_1_320' title='bbox 2041 3926 2138 3979; x_wconf 85' lang='lat' dir='ltr'><strong>ob—</strong></span> 
     </span>
    </p>
   </div>
   <div class='ocr_carea' id='block_1_40' title="bbox 556 4014 2132 4088">
    <p class='ocr_par' dir='ltr' id='par_1_40' title="bbox 556 4014 2132 4088">
     <span class='ocr_line' id='line_1_40' title="bbox 556 4014 2132 4088; baseline 0.002 -19"><span class='ocrx_word' id='word_1_321' title='bbox 556 4014 877 4069; x_wconf 72' lang='lat' dir='ltr'><strong>servandum</strong></span> <span class='ocrx_word' id='word_1_322' title='bbox 908 4024 1019 4083; x_wconf 88' lang='lat' dir='ltr'><strong>est,</strong></span> <span class='ocrx_word' id='word_1_323' title='bbox 1048 4016 1316 4085; x_wconf 89' lang='lat' dir='ltr'><strong>quomodo</strong></span> <span class='ocrx_word' id='word_1_324' title='bbox 1356 4016 1690 4087; x_wconf 80' lang='lat' dir='ltr'><strong>indulgenter</strong></span> <span class='ocrx_word' id='word_1_325' title='bbox 1722 4019 1839 4071; x_wconf 88' lang='lat' dir='ltr'><strong>licet</strong></span> <span class='ocrx_word' id='word_1_326' title='bbox 1872 4019 2132 4088; x_wconf 77' lang='lat' dir='ltr'><strong>loquatur,</strong></span> 
     </span>
    </p>
   </div>
   <div class='ocr_carea' id='block_1_41' title="bbox 554 4107 2139 4164">
    <p class='ocr_par' dir='ltr' id='par_1_41' title="bbox 554 4107 2139 4164">
     <span class='ocr_line' id='line_1_41' title="bbox 554 4107 2139 4164; baseline 0.003 -5"><span class='ocrx_word' id='word_1_327' title='bbox 554 4120 733 4160; x_wconf 87' lang='lat' dir='ltr'><strong>sermo</strong></span> <span class='ocrx_word' id='word_1_328' title='bbox 761 4116 934 4161; x_wconf 89' lang='lat' dir='ltr'><strong>tamen</strong></span> <span class='ocrx_word' id='word_1_329' title='bbox 962 4107 1029 4159; x_wconf 87' lang='lat' dir='ltr'><strong>ab</strong></span> <span class='ocrx_word' id='word_1_330' title='bbox 1059 4107 1364 4163; x_wconf 88' lang='lat' dir='ltr'><strong>adulatione</strong></span> <span class='ocrx_word' id='word_1_331' title='bbox 1398 4108 1553 4162; x_wconf 90' lang='lat' dir='ltr'><strong>simul</strong></span> <span class='ocrx_word' id='word_1_332' title='bbox 1581 4116 1634 4162; x_wconf 90' lang='lat' dir='ltr'><strong>et</strong></span> <span class='ocrx_word' id='word_1_333' title='bbox 1659 4124 1687 4161; x_wconf 84' lang='lat' dir='ltr'><strong>a</strong></span> <span class='ocrx_word' id='word_1_334' title='bbox 1718 4110 2037 4163; x_wconf 80' lang='lat' dir='ltr'><strong>contumelia</strong></span> <span class='ocrx_word' id='word_1_335' title='bbox 2070 4111 2139 4164; x_wconf 87' lang='lat' dir='ltr'><strong>sit</strong></span> 
     </span>
    </p>
   </div>
   <div class='ocr_carea' id='block_1_42' title="bbox 556 4197 2141 4268">
    <p class='ocr_par' dir='ltr' id='par_1_42' title="bbox 556 4197 2141 4268">
     <span class='ocr_line' id='line_1_42' title="bbox 556 4197 2141 4268; baseline 0.003 -18"><span class='ocrx_word' id='word_1_336' title='bbox 556 4198 799 4261; x_wconf 87' lang='lat' dir='ltr'><strong>alienus;</strong></span> <span class='ocrx_word' id='word_1_337' title='bbox 830 4197 969 4267; x_wconf 90' lang='lat' dir='ltr'><strong>quod</strong></span> <span class='ocrx_word' id='word_1_338' title='bbox 1004 4207 1176 4252; x_wconf 89' lang='lat' dir='ltr'><strong>tamen</strong></span> <span class='ocrx_word' id='word_1_339' title='bbox 1214 4197 1431 4254; x_wconf 80' lang='lat' dir='ltr'><strong>difﬁcile</strong></span> <span class='ocrx_word' id='word_1_340' title='bbox 1470 4209 1571 4254; x_wconf 88' lang='lat' dir='ltr'><strong>est.</strong></span> <span class='ocrx_word' id='word_1_341' title='bbox 1614 4199 1765 4268; x_wconf 83' lang='lat' dir='ltr'><strong>Quod</strong></span> <span class='ocrx_word' id='word_1_342' title='bbox 1803 4210 1982 4253; x_wconf 89' lang='lat' dir='ltr'><strong>autem</strong></span> <span class='ocrx_word' id='word_1_343' title='bbox 2025 4200 2141 4255; x_wconf 67' lang='lat' dir='ltr'><strong>ha‘c</strong></span> 
     </span>
    </p>
   </div>
   <div class='ocr_carea' id='block_1_43' title="bbox 560 4288 2137 4359">
    <p class='ocr_par' dir='ltr' id='par_1_43' title="bbox 560 4288 2137 4359">
     <span class='ocr_line' id='line_1_43' title="bbox 560 4288 2137 4359; baseline 0.004 -18"><span class='ocrx_word' id='word_1_344' title='bbox 560 4289 689 4341; x_wconf 90' lang='lat' dir='ltr'><strong>hora</strong></span> <span class='ocrx_word' id='word_1_345' title='bbox 715 4288 865 4343; x_wconf 88' lang='lat' dir='ltr'><strong>tertia</strong></span> <span class='ocrx_word' id='word_1_346' title='bbox 890 4288 1022 4343; x_wconf 80' lang='lat' dir='ltr'><strong>facta</strong></span> <span class='ocrx_word' id='word_1_347' title='bbox 1048 4289 1172 4354; x_wconf 88' lang='lat' dir='ltr'><strong>sint,</strong></span> <span class='ocrx_word' id='word_1_348' title='bbox 1199 4305 1302 4344; x_wconf 91' lang='lat' dir='ltr'><strong>non</strong></span> <span class='ocrx_word' id='word_1_349' title='bbox 1328 4292 1444 4345; x_wconf 88' lang='lat' dir='ltr'><strong>sine</strong></span> <span class='ocrx_word' id='word_1_350' title='bbox 1466 4307 1624 4347; x_wconf 88' lang='lat' dir='ltr'><strong>causa</strong></span> <span class='ocrx_word' id='word_1_351' title='bbox 1646 4292 2011 4359; x_wconf 71' lang='lat' dir='ltr'><strong>diapensatum</strong></span> <span class='ocrx_word' id='word_1_352' title='bbox 2035 4303 2137 4348; x_wconf 89' lang='lat' dir='ltr'><strong>est.</strong></span> 
     </span>
    </p>
   </div>
   <div class='ocr_carea' id='block_1_44' title="bbox 559 4380 2139 4454">
    <p class='ocr_par' dir='ltr' id='par_1_44' title="bbox 559 4380 2139 4454">
     <span class='ocr_line' id='line_1_44' title="bbox 559 4380 2139 4454; baseline 0.003 -20"><span class='ocrx_word' id='word_1_353' title='bbox 559 4380 693 4434; x_wconf 87' lang='lat' dir='ltr'><strong>Cum</strong></span> <span class='ocrx_word' id='word_1_354' title='bbox 727 4380 867 4434; x_wconf 92' lang='lat' dir='ltr'><strong>enim</strong></span> <span class='ocrx_word' id='word_1_355' title='bbox 897 4380 1030 4437; x_wconf 89' lang='lat' dir='ltr'><strong>lucis</strong></span> <span class='ocrx_word' id='word_1_356' title='bbox 1056 4382 1309 4450; x_wconf 89' lang='lat' dir='ltr'><strong>splendor</strong></span> <span class='ocrx_word' id='word_1_357' title='bbox 1341 4392 1593 4453; x_wconf 87' lang='lat' dir='ltr'><strong>apparet,</strong></span> <span class='ocrx_word' id='word_1_358' title='bbox 1628 4394 1753 4439; x_wconf 90' lang='lat' dir='ltr'><strong>tunc</strong></span> <span class='ocrx_word' id='word_1_359' title='bbox 1785 4400 1891 4440; x_wconf 91' lang='lat' dir='ltr'><strong>non</strong></span> <span class='ocrx_word' id='word_1_360' title='bbox 1934 4385 2139 4454; x_wconf 75' lang='lat' dir='ltr'><strong>prandii</strong></span> 
     </span>
    </p>
   </div>
   <div class='ocr_carea' id='block_1_45' title="bbox 560 4470 2144 4544">
    <p class='ocr_par' dir='ltr' id='par_1_45' title="bbox 560 4470 2144 4544">
     <span class='ocr_line' id='line_1_45' title="bbox 560 4470 2144 4544; baseline 0.004 -19"><span class='ocrx_word' id='word_1_361' title='bbox 560 4472 703 4525; x_wconf 89' lang='lat' dir='ltr'><strong>curis</strong></span> <span class='ocrx_word' id='word_1_362' title='bbox 734 4470 976 4527; x_wconf 84' lang='lat' dir='ltr'><strong>homines</strong></span> <span class='ocrx_word' id='word_1_363' title='bbox 1004 4482 1367 4544; x_wconf 89' lang='lat' dir='ltr'><strong>occupantur,</strong></span> <span class='ocrx_word' id='word_1_364' title='bbox 1401 4485 1527 4529; x_wconf 89' lang='lat' dir='ltr'><strong>tunc</strong></span> <span class='ocrx_word' id='word_1_365' title='bbox 1562 4475 1680 4531; x_wconf 64' lang='lat' dir='ltr'><strong>laeta</strong></span> <span class='ocrx_word' id='word_1_366' title='bbox 1708 4476 1822 4531; x_wconf 89' lang='lat' dir='ltr'><strong>dies</strong></span> <span class='ocrx_word' id='word_1_367' title='bbox 1860 4485 1977 4540; x_wconf 87' lang='lat' dir='ltr'><strong>est,</strong></span> <span class='ocrx_word' id='word_1_368' title='bbox 2019 4486 2144 4532; x_wconf 91' lang='lat' dir='ltr'><strong>tunc</strong></span> 
     </span>
    </p>
   </div>
   <div class='ocr_carea' id='block_1_46' title="bbox 562 4562 2140 4639">
    <p class='ocr_par' dir='ltr' id='par_1_46' title="bbox 562 4562 2140 4639">
     <span class='ocr_line' id='line_1_46' title="bbox 562 4562 2140 4639; baseline 0.005 -24"><span class='ocrx_word' id='word_1_369' title='bbox 562 4578 751 4618; x_wconf 86' lang='lat' dir='ltr'><strong>omnes</strong></span> <span class='ocrx_word' id='word_1_370' title='bbox 777 4564 828 4618; x_wconf 87' lang='lat' dir='ltr'><strong>in</strong></span> <span class='ocrx_word' id='word_1_371' title='bbox 861 4562 975 4618; x_wconf 77' lang='lat' dir='ltr'><strong>loro</strong></span> <span class='ocrx_word' id='word_1_372' title='bbox 1006 4574 1148 4619; x_wconf 89' lang='lat' dir='ltr'><strong>sunt.</strong></span> <span class='ocrx_word' id='word_1_373' title='bbox 1182 4565 1367 4622; x_wconf 82' lang='lat' dir='ltr'><strong>Viden‘</strong></span> <span class='ocrx_word' id='word_1_374' title='bbox 1396 4582 1698 4624; x_wconf 90' lang='lat' dir='ltr'><strong>sermonem</strong></span> <span class='ocrx_word' id='word_1_375' title='bbox 1741 4568 1985 4623; x_wconf 80' lang='lat' dir='ltr'><strong>libertate</strong></span> <span class='ocrx_word' id='word_1_376' title='bbox 2024 4568 2140 4639; x_wconf 62' lang='lat' dir='ltr'><strong>ple-</strong></span> 
     </span>
    </p>
   </div>
   <div class='ocr_carea' id='block_1_47' title="bbox 561 4656 2145 4728">
    <p class='ocr_par' dir='ltr' id='par_1_47' title="bbox 561 4656 2145 4728">
     <span class='ocr_line' id='line_1_47' title="bbox 561 4656 2145 4728; baseline 0.003 -17"><span class='ocrx_word' id='word_1_377' title='bbox 561 4656 727 4711; x_wconf 83' lang='lat' dir='ltr'><strong>num?</strong></span> <span class='ocrx_word' id='word_1_378' title='bbox 752 4656 820 4709; x_wconf 88' lang='lat' dir='ltr'><strong>Et</strong></span> <span class='ocrx_word' id='word_1_379' title='bbox 848 4656 1053 4713; x_wconf 85' lang='lat' dir='ltr'><strong>auribus</strong></span> <span class='ocrx_word' id='word_1_380' title='bbox 1084 4659 1322 4728; x_wconf 84' lang='lat' dir='ltr'><strong>percipite</strong></span> <span class='ocrx_word' id='word_1_381' title='bbox 1349 4660 1495 4714; x_wconf 80' lang='lat' dir='ltr'><strong>verba</strong></span> <span class='ocrx_word' id='word_1_382' title='bbox 1521 4678 1652 4714; x_wconf 86' lang='lat' dir='ltr'><strong>mea.</strong></span> <span class='ocrx_word' id='word_1_383' title='bbox 1693 4662 1785 4716; x_wconf 85' lang='lat' dir='ltr'><strong>His</strong></span> <span class='ocrx_word' id='word_1_384' title='bbox 1808 4662 1966 4716; x_wconf 87' lang='lat' dir='ltr'><strong>dictis</strong></span> <span class='ocrx_word' id='word_1_385' title='bbox 1991 4678 2054 4715; x_wconf 86' lang='lat' dir='ltr'><strong>ex</strong></span> <span class='ocrx_word' id='word_1_386' title='bbox 2086 4678 2145 4717; x_wconf 90' lang='lat' dir='ltr'><strong>se</strong></span> 
     </span>
    </p>
   </div>
   <div class='ocr_carea' id='block_1_48' title="bbox 562 4742 2147 4824">
    <p class='ocr_par' dir='ltr' id='par_1_48' title="bbox 562 4742 2147 4824">
     <span class='ocr_line' id='line_1_48' title="bbox 562 4742 2147 4824; baseline 0.004 -23"><span class='ocrx_word' id='word_1_387' title='bbox 562 4748 691 4801; x_wconf 83' lang='lat' dir='ltr'><strong>nihil</strong></span> <span class='ocrx_word' id='word_1_388' title='bbox 718 4742 937 4813; x_wconf 85' lang='lat' dir='ltr'><strong>addidit,</strong></span> <span class='ocrx_word' id='word_1_389' title='bbox 962 4749 1054 4803; x_wconf 89' lang='lat' dir='ltr'><strong>sed</strong></span> <span class='ocrx_word' id='word_1_390' title='bbox 1081 4750 1194 4804; x_wconf 76' lang='lat' dir='ltr'><strong>lucc</strong></span> <span class='ocrx_word' id='word_1_391' title='bbox 1220 4749 1496 4818; x_wconf 68' lang='lat' dir='ltr'><strong>subiunxit</strong></span> <span class='ocrx_word' id='word_1_392' title='bbox 1519 4770 1533 4806; x_wconf 90' lang='lat'><strong>:</strong></span> <span class='ocrx_word' id='word_1_393' title='bbox 1556 4750 1667 4805; x_wconf 79' lang='lat' dir='ltr'><strong>Hoc</strong></span> <span class='ocrx_word' id='word_1_394' title='bbox 1687 4762 1779 4818; x_wconf 82' lang='lat' dir='ltr'><strong>est,</strong></span> <span class='ocrx_word' id='word_1_395' title='bbox 1803 4754 1937 4824; x_wconf 83' lang='lat' dir='ltr'><strong>quod</strong></span> <span class='ocrx_word' id='word_1_396' title='bbox 1957 4754 2147 4808; x_wconf 88' lang='lat' dir='ltr'><strong>dictum</strong></span> 
     </span>
    </p>
   </div>
   <div class='ocr_carea' id='block_1_49' title="bbox 559 4842 2142 4910">
    <p class='ocr_par' dir='ltr' id='par_1_49' title="bbox 559 4842 2142 4910">
     <span class='ocr_line' id='line_1_49' title="bbox 559 4842 2142 4910; baseline 0.004 -15"><span class='ocrx_word' id='word_1_397' title='bbox 559 4849 634 4895; x_wconf 89' lang='lat' dir='ltr'><strong>est</strong></span> <span class='ocrx_word' id='word_1_398' title='bbox 674 4856 762 4907; x_wconf 82' lang='lat' dir='ltr'><strong>per</strong></span> <span class='ocrx_word' id='word_1_399' title='bbox 798 4842 1090 4910; x_wconf 79' lang='lat' dir='ltr'><strong>praphetam</strong></span> <span class='ocrx_word' id='word_1_400' title='bbox 1129 4842 1247 4899; x_wconf 83' lang='lat' dir='ltr'><strong>Joel</strong></span> <span class='ocrx_word' id='word_1_401' title='bbox 1275 4860 1297 4897; x_wconf 85' lang='lat'><strong><em>:</em></strong></span> <span class='ocrx_word' id='word_1_402' title='bbox 1326 4844 1391 4897; x_wconf 83' lang='lat' dir='ltr'><strong>Et</strong></span> <span class='ocrx_word' id='word_1_403' title='bbox 1418 4846 1513 4899; x_wconf 74' lang='lat' dir='ltr'><strong>erit</strong></span> <span class='ocrx_word' id='word_1_404' title='bbox 1545 4846 1598 4898; x_wconf 89' lang='lat' dir='ltr'><strong>in</strong></span> <span class='ocrx_word' id='word_1_405' title='bbox 1635 4846 1918 4900; x_wconf 85' lang='lat' dir='ltr'><strong>novissimis</strong></span> <span class='ocrx_word' id='word_1_406' title='bbox 1948 4848 2142 4902; x_wconf 88' lang='lat' dir='ltr'><strong>diebus.</strong></span> 
     </span>
    </p>
   </div>
   <div class='ocr_carea' id='block_1_50' title="bbox 562 4933 2147 5010">
    <p class='ocr_par' dir='ltr' id='par_1_50' title="bbox 562 4933 2147 5010">
     <span class='ocr_line' id='line_1_50' title="bbox 562 4933 2147 5010; baseline 0.004 -21"><span class='ocrx_word' id='word_1_407' title='bbox 562 4933 811 4989; x_wconf 86' lang='lat' dir='ltr'><strong>Ostendit</strong></span> <span class='ocrx_word' id='word_1_408' title='bbox 834 4935 976 4989; x_wconf 89' lang='lat' dir='ltr'><strong>enim</strong></span> <span class='ocrx_word' id='word_1_409' title='bbox 1000 4946 1182 5006; x_wconf 84' lang='lat' dir='ltr'><strong>postea</strong></span> <span class='ocrx_word' id='word_1_410' title='bbox 1209 4940 1719 4997; x_wconf 86' lang='lat' dir='ltr'><strong>consummationem</strong></span> <span class='ocrx_word' id='word_1_411' title='bbox 1754 4956 1918 5010; x_wconf 87' lang='lat' dir='ltr'><strong>prope</strong></span> <span class='ocrx_word' id='word_1_412' title='bbox 1954 4941 2147 4995; x_wconf 70' lang='lat' dir='ltr'><strong>alfutu~</strong></span> 
     </span>
    </p>
   </div>
   <div class='ocr_carea' id='block_1_51' title="bbox 563 5026 2149 5103">
    <p class='ocr_par' dir='ltr' id='par_1_51' title="bbox 563 5026 2149 5103">
     <span class='ocr_line' id='line_1_51' title="bbox 563 5026 2149 5103; baseline 0.005 -22"><span class='ocrx_word' id='word_1_413' title='bbox 563 5042 697 5081; x_wconf 84' lang='lat' dir='ltr'><strong>ram.</strong></span> <span class='ocrx_word' id='word_1_414' title='bbox 724 5027 811 5082; x_wconf 93' lang='lat' dir='ltr'><strong>Sic</strong></span> <span class='ocrx_word' id='word_1_415' title='bbox 835 5026 962 5084; x_wconf 88' lang='lat' dir='ltr'><strong>illud</strong></span> <span class='ocrx_word' id='word_1_416' title='bbox 984 5070 998 5093; x_wconf 93' lang='lat'><strong>,</strong></span> <span class='ocrx_word' id='word_1_417' title='bbox 1024 5027 1092 5083; x_wconf 84' lang='lat' dir='ltr'><strong>In</strong></span> <span class='ocrx_word' id='word_1_418' title='bbox 1131 5030 1412 5085; x_wconf 79' lang='lat' dir='ltr'><strong>novissimis</strong></span> <span class='ocrx_word' id='word_1_419' title='bbox 1438 5032 1609 5087; x_wconf 77' lang='lat' dir='ltr'><strong>diebus</strong></span> <span class='ocrx_word' id='word_1_420' title='bbox 1630 5076 1643 5097; x_wconf 91' lang='lat'><strong>,</strong></span> <span class='ocrx_word' id='word_1_421' title='bbox 1676 5034 1960 5103; x_wconf 84' lang='lat' dir='ltr'><strong>quamdam</strong></span> <span class='ocrx_word' id='word_1_422' title='bbox 1988 5034 2149 5089; x_wconf 87' lang='lat' dir='ltr'><strong>habet</strong></span> 
     </span>
    </p>
   </div>
   <div class='ocr_carea' id='block_1_52' title="bbox 562 5119 2148 5187">
    <p class='ocr_par' dir='ltr' id='par_1_52' title="bbox 562 5119 2148 5187">
     <span class='ocr_line' id='line_1_52' title="bbox 562 5119 2148 5187; baseline 0.006 -14"><span class='ocrx_word' id='word_1_423' title='bbox 562 5119 882 5187; x_wconf 88' lang='lat' dir='ltr'><strong>emphasim.</strong></span> <span class='ocrx_word' id='word_1_424' title='bbox 931 5120 1130 5176; x_wconf 88' lang='lat' dir='ltr'><strong>Deinde</strong></span> <span class='ocrx_word' id='word_1_425' title='bbox 1172 5138 1241 5179; x_wconf 87' lang='lat' dir='ltr'><strong>ne</strong></span> <span class='ocrx_word' id='word_1_426' title='bbox 1280 5121 1523 5179; x_wconf 88' lang='lat' dir='ltr'><strong>videatur</strong></span> <span class='ocrx_word' id='word_1_427' title='bbox 1564 5124 1675 5179; x_wconf 65' lang='lat' dir='ltr'><strong>hinc</strong></span> <span class='ocrx_word' id='word_1_428' title='bbox 1715 5126 1781 5179; x_wconf 92' lang='lat' dir='ltr'><strong>ad</strong></span> <span class='ocrx_word' id='word_1_429' title='bbox 1826 5126 1969 5180; x_wconf 88' lang='lat' dir='ltr'><strong>solos</strong></span> <span class='ocrx_word' id='word_1_430' title='bbox 2012 5125 2148 5184; x_wconf 87' lang='lat' dir='ltr'><strong>lilios</strong></span> 
     </span>
    </p>
   </div>
   <div class='ocr_carea' id='block_1_53' title="bbox 566 5210 2151 5282">
    <p class='ocr_par' dir='ltr' id='par_1_53' title="bbox 566 5210 2151 5282">
     <span class='ocr_line' id='line_1_53' title="bbox 566 5210 2151 5282; baseline 0.006 -18"><span class='ocrx_word' id='word_1_431' title='bbox 566 5210 855 5279; x_wconf 88' lang='lat' dir='ltr'><strong>pertinere,</strong></span> <span class='ocrx_word' id='word_1_432' title='bbox 879 5210 1147 5282; x_wconf 78' lang='lat' dir='ltr'><strong>subjungit</strong></span> <span class='ocrx_word' id='word_1_433' title='bbox 1172 5232 1186 5269; x_wconf 89' lang='lat'><strong>:</strong></span> <span class='ocrx_word' id='word_1_434' title='bbox 1214 5212 1282 5269; x_wconf 81' lang='lat' dir='ltr'><strong>Et</strong></span> <span class='ocrx_word' id='word_1_435' title='bbox 1300 5216 1519 5271; x_wconf 78' lang='lat' dir='ltr'><strong>seniores</strong></span> <span class='ocrx_word' id='word_1_436' title='bbox 1538 5217 1685 5271; x_wconf 77' lang='lat' dir='ltr'><strong>vestri</strong></span> <span class='ocrx_word' id='word_1_437' title='bbox 1708 5220 1905 5271; x_wconf 80' lang='lat' dir='ltr'><strong>somnia</strong></span> <span class='ocrx_word' id='word_1_438' title='bbox 1928 5221 2151 5275; x_wconf 87' lang='lat' dir='ltr'><strong>somnia-</strong></span> 
     </span>
    </p>
   </div>
   <div class='ocr_carea' id='block_1_54' title="bbox 567 5302 2145 5371">
    <p class='ocr_par' dir='ltr' id='par_1_54' title="bbox 567 5302 2145 5371">
     <span class='ocr_line' id='line_1_54' title="bbox 567 5302 2145 5371; baseline 0.008 -16"><span class='ocrx_word' id='word_1_439' title='bbox 567 5303 706 5355; x_wconf 82' lang='lat' dir='ltr'><strong>bunt.</strong></span> <span class='ocrx_word' id='word_1_440' title='bbox 741 5302 874 5357; x_wconf 87' lang='lat' dir='ltr'><strong>Vide</strong></span> <span class='ocrx_word' id='word_1_441' title='bbox 901 5303 975 5358; x_wconf 87' lang='lat' dir='ltr'><strong>rei</strong></span> <span class='ocrx_word' id='word_1_442' title='bbox 1004 5304 1217 5361; x_wconf 83' lang='lat' dir='ltr'><strong>seriem.</strong></span> <span class='ocrx_word' id='word_1_443' title='bbox 1248 5306 1425 5361; x_wconf 88' lang='lat' dir='ltr'><strong>Primo</strong></span> <span class='ocrx_word' id='word_1_444' title='bbox 1453 5307 1543 5361; x_wconf 89' lang='lat' dir='ltr'><strong>lilii</strong></span> <span class='ocrx_word' id='word_1_445' title='bbox 1570 5324 1585 5371; x_wconf 87' lang='lat'><strong>;</strong></span> <span class='ocrx_word' id='word_1_446' title='bbox 1609 5308 1745 5363; x_wconf 90' lang='lat' dir='ltr'><strong>sicut</strong></span> <span class='ocrx_word' id='word_1_447' title='bbox 1766 5319 1815 5364; x_wconf 91' lang='lat' dir='ltr'><strong>et</strong></span> <span class='ocrx_word' id='word_1_448' title='bbox 1844 5310 2009 5365; x_wconf 88' lang='lat' dir='ltr'><strong>David</strong></span> <span class='ocrx_word' id='word_1_449' title='bbox 2035 5313 2145 5367; x_wconf 86' lang='lat' dir='ltr'><strong>ait:</strong></span> 
     </span>
    </p>
   </div>
   <div class='ocr_carea' id='block_1_55' title="bbox 569 5389 2151 5471">
    <p class='ocr_par' dir='ltr' id='par_1_55' title="bbox 569 5389 2151 5471">
     <span class='ocr_line' id='line_1_55' title="bbox 569 5389 2151 5471; baseline 0.008 -25"><span class='ocrx_word' id='word_1_450' title='bbox 569 5389 677 5447; x_wconf 80' lang='lat' dir='ltr'><strong>Pro</strong></span> <span class='ocrx_word' id='word_1_451' title='bbox 704 5394 924 5462; x_wconf 78' lang='lat' dir='ltr'><strong>patribus</strong></span> <span class='ocrx_word' id='word_1_452' title='bbox 953 5396 1051 5450; x_wconf 86' lang='lat' dir='ltr'><strong>tuis</strong></span> <span class='ocrx_word' id='word_1_453' title='bbox 1092 5397 1197 5450; x_wconf 88' lang='lat' dir='ltr'><strong>nati</strong></span> <span class='ocrx_word' id='word_1_454' title='bbox 1234 5406 1350 5450; x_wconf 83' lang='lat' dir='ltr'><strong>sunt</strong></span> <span class='ocrx_word' id='word_1_455' title='bbox 1386 5398 1473 5451; x_wconf 83' lang='lat' dir='ltr'><strong>tibi</strong></span> <span class='ocrx_word' id='word_1_456' title='bbox 1498 5400 1594 5467; x_wconf 77' lang='lat' dir='ltr'><strong>ﬁlii</strong></span> <span class='ocrx_word' id='word_1_457' title='bbox 1620 5398 1789 5470; x_wconf 86' lang='lat' dir='ltr'><strong>(Psal.</strong></span> <span class='ocrx_word' id='word_1_458' title='bbox 1817 5402 1905 5457; x_wconf 71' lang='lat' dir='ltr'><strong>ﬂ.</strong></span> <span class='ocrx_word' id='word_1_459' title='bbox 1945 5404 2069 5471; x_wconf 83' lang='lat' dir='ltr'><strong>l7);</strong></span> <span class='ocrx_word' id='word_1_460' title='bbox 2097 5415 2151 5459; x_wconf 92' lang='lat' dir='ltr'><strong>et</strong></span> 
     </span>
    </p>
   </div>
   <div class='ocr_carea' id='block_1_56' title="bbox 566 5485 2147 5563">
    <p class='ocr_par' dir='ltr' id='par_1_56' title="bbox 566 5485 2147 5563">
     <span class='ocr_line' id='line_1_56' title="bbox 566 5485 2147 5563; baseline 0.009 -29"><span class='ocrx_word' id='word_1_461' title='bbox 566 5499 752 5538; x_wconf 76' lang='lat' dir='ltr'><strong>rursus</strong></span> <span class='ocrx_word' id='word_1_462' title='bbox 781 5485 1064 5541; x_wconf 80' lang='lat' dir='ltr'><strong>Malachias</strong></span> <span class='ocrx_word' id='word_1_463' title='bbox 1098 5504 1111 5539; x_wconf 89' lang='lat'><strong>:</strong></span> <span class='ocrx_word' id='word_1_464' title='bbox 1145 5486 1443 5542; x_wconf 76' lang='lat' dir='ltr'><strong>Convertens</strong></span> <span class='ocrx_word' id='word_1_465' title='bbox 1484 5491 1637 5544; x_wconf 87' lang='lat' dir='ltr'><strong>corda</strong></span> <span class='ocrx_word' id='word_1_466' title='bbox 1682 5501 1881 5561; x_wconf 70' lang='lat' dir='ltr'><strong>patrum</strong></span> <span class='ocrx_word' id='word_1_467' title='bbox 1909 5495 1962 5547; x_wconf 87' lang='lat' dir='ltr'><strong>in</strong></span> <span class='ocrx_word' id='word_1_468' title='bbox 1992 5496 2147 5563; x_wconf 78' lang='lat' dir='ltr'><strong>ﬁlios.</strong></span> 
     </span>
    </p>
   </div>
   <div class='ocr_carea' id='block_1_57' title="bbox 568 5573 2144 5652">
    <p class='ocr_par' dir='ltr' id='par_1_57' title="bbox 568 5573 2144 5652">
     <span class='ocr_line' id='line_1_57' title="bbox 568 5573 2144 5652; baseline 0.005 -25"><span class='ocrx_word' id='word_1_469' title='bbox 568 5573 635 5627; x_wconf 84' lang='lat' dir='ltr'><strong>Et</strong></span> <span class='ocrx_word' id='word_1_470' title='bbox 660 5592 810 5645; x_wconf 82' lang='lat' dir='ltr'><strong>super</strong></span> <span class='ocrx_word' id='word_1_471' title='bbox 831 5592 993 5631; x_wconf 85' lang='lat' dir='ltr'><strong>servos</strong></span> <span class='ocrx_word' id='word_1_472' title='bbox 1022 5595 1155 5632; x_wconf 87' lang='lat' dir='ltr'><strong>meos</strong></span> <span class='ocrx_word' id='word_1_473' title='bbox 1180 5619 1195 5644; x_wconf 92' lang='lat'><strong>,</strong></span> <span class='ocrx_word' id='word_1_474' title='bbox 1225 5587 1271 5632; x_wconf 91' lang='lat' dir='ltr'><strong>et</strong></span> <span class='ocrx_word' id='word_1_475' title='bbox 1299 5595 1453 5648; x_wconf 85' lang='lat' dir='ltr'><strong>super</strong></span> <span class='ocrx_word' id='word_1_476' title='bbox 1489 5581 1700 5636; x_wconf 81' lang='lat' dir='ltr'><strong>ancillas</strong></span> <span class='ocrx_word' id='word_1_477' title='bbox 1728 5600 1863 5637; x_wconf 88' lang='lat' dir='ltr'><strong>meas</strong></span> <span class='ocrx_word' id='word_1_478' title='bbox 1894 5586 1909 5652; x_wconf 98' lang='lat'>(</span> <span class='ocrx_word' id='word_1_479' title='bbox 1937 5585 2061 5639; x_wconf 80' lang='lat' dir='ltr'><strong>Mal.</strong></span> <span class='ocrx_word' id='word_1_480' title='bbox 2093 5588 2144 5641; x_wconf 71' lang='grc'><strong>4.</strong></span> 
     </span>
    </p>
   </div>
   <div class='ocr_carea' id='block_1_58' title="bbox 569 5669 2148 5748">
    <p class='ocr_par' dir='ltr' id='par_1_58' title="bbox 569 5669 2148 5748">
     <span class='ocr_line' id='line_1_58' title="bbox 569 5669 2148 5748; baseline 0.006 -23"><span class='ocrx_word' id='word_1_481' title='bbox 569 5669 649 5739; x_wconf 79' lang='lat' dir='ltr'><strong>ti).</strong></span> <span class='ocrx_word' id='word_1_482' title='bbox 691 5669 757 5725; x_wconf 85' lang='lat' dir='ltr'><strong>Et</strong></span> <span class='ocrx_word' id='word_1_483' title='bbox 795 5669 897 5726; x_wconf 88' lang='lat' dir='ltr'><strong>hoc</strong></span> <span class='ocrx_word' id='word_1_484' title='bbox 934 5672 1142 5726; x_wconf 89' lang='lat' dir='ltr'><strong>virtutis</strong></span> <span class='ocrx_word' id='word_1_485' title='bbox 1178 5673 1431 5728; x_wconf 90' lang='lat' dir='ltr'><strong>indicium</strong></span> <span class='ocrx_word' id='word_1_486' title='bbox 1464 5692 1477 5729; x_wconf 93' lang='lat'>:</span> <span class='ocrx_word' id='word_1_487' title='bbox 1506 5675 1646 5729; x_wconf 87' lang='lat' dir='ltr'><strong>servi</strong></span> <span class='ocrx_word' id='word_1_488' title='bbox 1687 5677 1828 5731; x_wconf 89' lang='lat' dir='ltr'><strong>enim</strong></span> <span class='ocrx_word' id='word_1_489' title='bbox 1869 5678 1985 5748; x_wconf 88' lang='lat' dir='ltr'><strong>ejus</strong></span> <span class='ocrx_word' id='word_1_490' title='bbox 2026 5678 2148 5735; x_wconf 84' lang='lat' dir='ltr'><strong>iacti</strong></span> 
     </span>
    </p>
   </div>
   <div class='ocr_carea' id='block_1_59' title="bbox 634 5804 2146 5890">
    <p class='ocr_par' dir='ltr' id='par_1_59' title="bbox 634 5804 2146 5890">
     <span class='ocr_line' id='line_1_59' title="bbox 634 5804 2146 5890; baseline 0.007 0"><span class='ocrx_word' id='word_1_491' title='bbox 634 5804 867 5890; x_wconf 54' lang='lat' dir='ltr'><strong>ltfif&#39;ﬁl‘ﬂ</strong></span> <span class='ocrx_word' id='word_1_492' title='bbox 889 5818 1000 5890; x_wconf 52' lang='lat' dir='ltr'><strong>re</strong></span> <span class='ocrx_word' id='word_1_493' title='bbox 1018 5804 1712 5890; x_wconf 45' lang='grc' dir='ltr'><strong>ἐςτῇςξξπξξῖξεξιεφβιοισιυπη</strong></span> <span class='ocrx_word' id='word_1_494' title='bbox 1750 5826 2146 5882; x_wconf 52' lang='lat' dir='ltr'><strong>recesserunt»</strong></span> 
     </span>
    </p>
   </div>
   <div class='ocr_carea' id='block_1_60' title="bbox 572 5866 1469 5930">
    <p class='ocr_par' dir='ltr' id='par_1_60' title="bbox 572 5866 1469 5930">
     <span class='ocr_line' id='line_1_60' title="bbox 572 5866 1469 5930; baseline 0.009 -19"><span class='ocrx_word' id='word_1_495' title='bbox 572 5877 647 5913; x_wconf 77' lang='lat' dir='ltr'><strong>run</strong></span> <span class='ocrx_word' id='word_1_496' title='bbox 660 5875 731 5916; x_wconf 82' lang='lat' dir='ltr'><strong>rat</strong></span> <span class='ocrx_word' id='word_1_497' title='bbox 753 5867 885 5930; x_wconf 59' lang='lat' dir='ltr'><strong>Josc,</strong></span> <span class='ocrx_word' id='word_1_498' title='bbox 903 5866 994 5918; x_wconf 78' lang='lat' dir='ltr'><strong>has</strong></span> <span class='ocrx_word' id='word_1_499' title='bbox 1016 5866 1079 5917; x_wconf 86' lang='lat' dir='ltr'><strong>de</strong></span> <span class='ocrx_word' id='word_1_500' title='bbox 1106 5866 1237 5917; x_wconf 76' lang='lat' dir='ltr'><strong>Bello</strong></span> <span class='ocrx_word' id='word_1_501' title='bbox 1260 5869 1469 5919; x_wconf 84' lang='lat' dir='ltr'><strong>Judaico.</strong></span> 
     </span>
    </p>
   </div>
   <div class='ocr_carea' id='block_1_61' title="bbox 2820 263 2845 277">
    <p class='ocr_par' dir='ltr' id='par_1_61' title="bbox 2820 263 2845 277">
     <span class='ocr_line' id='line_1_61' title="bbox 2820 263 2845 277; baseline 0 -2"><span class='ocrx_word' id='word_1_502' title='bbox 2820 263 2845 277; x_wconf 66' lang='grc' dir='ltr'><em>Ι</em></span> 
     </span>
    </p>
   </div>
   <div class='ocr_carea' id='block_1_62' title="bbox 3720 414 3795 468">
    <p class='ocr_par' dir='ltr' id='par_1_62' title="bbox 3720 414 3795 468">
     <span class='ocr_line' id='line_1_62' title="bbox 3720 414 3795 468; baseline 0 0"><span class='ocrx_word' id='word_1_503' title='bbox 3720 414 3795 468; x_wconf 63' lang='lat'><strong>53</strong></span> 
     </span>
    </p>
   </div>
   <div class='ocr_carea' id='block_1_63' title="bbox 2202 528 3790 600">
    <p class='ocr_par' dir='ltr' id='par_1_63' title="bbox 2202 528 3790 600">
     <span class='ocr_line' id='line_1_63' title="bbox 2202 528 3790 600; baseline -0.003 -11"><span class='ocrx_word' id='word_1_504' title='bbox 2202 548 2425 597; x_wconf 88' lang='lat' dir='ltr'><strong>sumus,</strong></span> <span class='ocrx_word' id='word_1_505' title='bbox 2458 530 2668 587; x_wconf 86' lang='lat' dir='ltr'><strong>liberati</strong></span> <span class='ocrx_word' id='word_1_506' title='bbox 2707 546 2737 584; x_wconf 91' lang='lat' dir='ltr'><strong>a</strong></span> <span class='ocrx_word' id='word_1_507' title='bbox 2780 539 3019 600; x_wconf 79' lang='lat' dir='ltr'><strong>peccato.</strong></span> <span class='ocrx_word' id='word_1_508' title='bbox 3065 528 3308 599; x_wconf 80' lang='lat' dir='ltr'><strong>Magnum</strong></span> <span class='ocrx_word' id='word_1_509' title='bbox 3346 538 3522 582; x_wconf 82' lang='lat' dir='ltr'><strong>autem</strong></span> <span class='ocrx_word' id='word_1_510' title='bbox 3563 537 3648 583; x_wconf 86' lang='lat' dir='ltr'><strong>est</strong></span> <span class='ocrx_word' id='word_1_511' title='bbox 3687 528 3790 584; x_wconf 83' lang='lat' dir='ltr'><strong>hoc</strong></span> 
     </span>
    </p>
   </div>
   <div class='ocr_carea' id='block_1_64' title="bbox 2200 620 3788 694">
    <p class='ocr_par' dir='ltr' id='par_1_64' title="bbox 2200 620 3788 694">
     <span class='ocr_line' id='line_1_64' title="bbox 2200 620 3788 694; baseline -0.005 -13"><span class='ocrx_word' id='word_1_512' title='bbox 2200 625 2398 681; x_wconf 89' lang='lat' dir='ltr'><strong>donum</strong></span> <span class='ocrx_word' id='word_1_513' title='bbox 2420 665 2434 690; x_wconf 89' lang='lat'><strong>,</strong></span> <span class='ocrx_word' id='word_1_514' title='bbox 2462 623 2678 694; x_wconf 87' lang='lat' dir='ltr'><strong>quando</strong></span> <span class='ocrx_word' id='word_1_515' title='bbox 2718 624 2770 678; x_wconf 92' lang='lat' dir='ltr'><strong>in</strong></span> <span class='ocrx_word' id='word_1_516' title='bbox 2808 622 2970 676; x_wconf 91' lang='lat' dir='ltr'><strong>alium</strong></span> <span class='ocrx_word' id='word_1_517' title='bbox 2997 636 3209 692; x_wconf 88' lang='lat' dir='ltr'><strong>quoque</strong></span> <span class='ocrx_word' id='word_1_518' title='bbox 3235 636 3420 676; x_wconf 88' lang='lat' dir='ltr'><strong>sexum</strong></span> <span class='ocrx_word' id='word_1_519' title='bbox 3452 620 3640 675; x_wconf 82' lang='lat' dir='ltr'><strong>transit</strong></span> <span class='ocrx_word' id='word_1_520' title='bbox 3669 634 3788 689; x_wconf 78' lang='lat' dir='ltr'><strong>gra-</strong></span> 
     </span>
    </p>
   </div>
   <div class='ocr_carea' id='block_1_65' title="bbox 2202 711 3797 783">
    <p class='ocr_par' dir='ltr' id='par_1_65' title="bbox 2202 711 3797 783">
     <span class='ocr_line' id='line_1_65' title="bbox 2202 711 3797 783; baseline -0.004 -12"><span class='ocrx_word' id='word_1_521' title='bbox 2202 718 2270 771; x_wconf 89' lang='lat' dir='ltr'><strong>tia</strong></span> <span class='ocrx_word' id='word_1_522' title='bbox 2288 734 2302 782; x_wconf 91' lang='lat'><strong>;</strong></span> <span class='ocrx_word' id='word_1_523' title='bbox 2323 731 2436 779; x_wconf 85' lang='lat' dir='ltr'><strong>non</strong></span> <span class='ocrx_word' id='word_1_524' title='bbox 2466 717 2517 770; x_wconf 91' lang='lat' dir='ltr'><strong>in</strong></span> <span class='ocrx_word' id='word_1_525' title='bbox 2547 730 2706 769; x_wconf 91' lang='lat' dir='ltr'><strong>unam</strong></span> <span class='ocrx_word' id='word_1_526' title='bbox 2734 715 3031 771; x_wconf 88' lang='lat' dir='ltr'><strong>alteramve</strong></span> <span class='ocrx_word' id='word_1_527' title='bbox 3055 714 3195 767; x_wconf 89' lang='lat' dir='ltr'><strong>sicut</strong></span> <span class='ocrx_word' id='word_1_528' title='bbox 3222 712 3370 778; x_wconf 88' lang='lat' dir='ltr'><strong>olim,</strong></span> <span class='ocrx_word' id='word_1_529' title='bbox 3396 726 3588 783; x_wconf 84' lang='lat' dir='ltr'><strong>nempe</strong></span> <span class='ocrx_word' id='word_1_530' title='bbox 3612 712 3667 766; x_wconf 90' lang='lat' dir='ltr'><strong>in</strong></span> <span class='ocrx_word' id='word_1_531' title='bbox 3691 711 3797 766; x_wconf 51' lang='lat' dir='ltr'><strong>De.</strong></span> 
     </span>
    </p>
   </div>
   <div class='ocr_carea' id='block_1_66' title="bbox 2201 805 3790 877">
    <p class='ocr_par' dir='ltr' id='par_1_66' title="bbox 2201 805 3790 877">
     <span class='ocr_line' id='line_1_66' title="bbox 2201 805 3790 877; baseline -0.004 -16"><span class='ocrx_word' id='word_1_532' title='bbox 2201 807 2386 861; x_wconf 87' lang='lat' dir='ltr'><strong>horam</strong></span> <span class='ocrx_word' id='word_1_533' title='bbox 2410 816 2464 861; x_wconf 90' lang='lat' dir='ltr'><strong>ct</strong></span> <span class='ocrx_word' id='word_1_534' title='bbox 2489 805 2697 862; x_wconf 91' lang='lat' dir='ltr'><strong>Oldam.</strong></span> <span class='ocrx_word' id='word_1_535' title='bbox 2725 806 2909 877; x_wconf 85' lang='lat' dir='ltr'><strong>Neque</strong></span> <span class='ocrx_word' id='word_1_536' title='bbox 2929 806 3069 862; x_wconf 87' lang='lat' dir='ltr'><strong>dixit</strong></span> <span class='ocrx_word' id='word_1_537' title='bbox 3093 819 3212 861; x_wconf 88' lang='lat' dir='ltr'><strong>esse</strong></span> <span class='ocrx_word' id='word_1_538' title='bbox 3234 805 3491 875; x_wconf 87' lang='lat' dir='ltr'><strong>Spiritum</strong></span> <span class='ocrx_word' id='word_1_539' title='bbox 3519 814 3790 866; x_wconf 85' lang='lat' dir='ltr'><strong>sanctum,</strong></span> 
     </span>
    </p>
   </div>
   <div class='ocr_carea' id='block_1_67' title="bbox 2205 894 3798 968">
    <p class='ocr_par' dir='ltr' id='par_1_67' title="bbox 2205 894 3798 968">
     <span class='ocr_line' id='line_1_67' title="bbox 2205 894 3798 968; baseline -0.002 -16"><span class='ocrx_word' id='word_1_540' title='bbox 2205 912 2376 968; x_wconf 88' lang='lat' dir='ltr'><strong>neque</strong></span> <span class='ocrx_word' id='word_1_541' title='bbox 2405 897 2678 967; x_wconf 73' lang='lat' dir='ltr'><strong>propheta:</strong></span> <span class='ocrx_word' id='word_1_542' title='bbox 2706 898 2867 953; x_wconf 87' lang='lat' dir='ltr'><strong>verba</strong></span> <span class='ocrx_word' id='word_1_543' title='bbox 2899 896 3219 967; x_wconf 77' lang='lat' dir='ltr'><strong>explicavit;</strong></span> <span class='ocrx_word' id='word_1_544' title='bbox 3250 896 3345 953; x_wconf 87' lang='lat' dir='ltr'><strong>sed</strong></span> <span class='ocrx_word' id='word_1_545' title='bbox 3381 896 3551 951; x_wconf 88' lang='lat' dir='ltr'><strong>solam</strong></span> <span class='ocrx_word' id='word_1_546' title='bbox 3587 894 3798 949; x_wconf 84' lang='lat' dir='ltr'><strong>induxit</strong></span> 
     </span>
    </p>
   </div>
   <div class='ocr_carea' id='block_1_68' title="bbox 2204 984 3795 1060">
    <p class='ocr_par' dir='ltr' id='par_1_68' title="bbox 2204 984 3795 1060">
     <span class='ocr_line' id='line_1_68' title="bbox 2204 984 3795 1060; baseline -0.003 -18"><span class='ocrx_word' id='word_1_547' title='bbox 2204 989 2538 1060; x_wconf 84' lang='lat' dir='ltr'><strong>praphetiam</strong></span> <span class='ocrx_word' id='word_1_548' title='bbox 2564 1005 2659 1059; x_wconf 89' lang='lat' dir='ltr'><strong>per</strong></span> <span class='ocrx_word' id='word_1_549' title='bbox 2679 990 2912 1059; x_wconf 88' lang='lat' dir='ltr'><strong>seipsam</strong></span> <span class='ocrx_word' id='word_1_550' title='bbox 2941 997 3261 1044; x_wconf 90' lang='lat' dir='ltr'><strong>certantem.</strong></span> <span class='ocrx_word' id='word_1_551' title='bbox 3293 986 3542 1057; x_wconf 84' lang='lat' dir='ltr'><strong>Nihilque</strong></span> <span class='ocrx_word' id='word_1_552' title='bbox 3565 988 3633 1041; x_wconf 87' lang='lat' dir='ltr'><strong>de</strong></span> <span class='ocrx_word' id='word_1_553' title='bbox 3657 984 3795 1041; x_wconf 79' lang='lat' dir='ltr'><strong>Juda</strong></span> 
     </span>
    </p>
   </div>
   <div class='ocr_carea' id='block_1_69' title="bbox 2200 1068 3801 1153">
    <p class='ocr_par' dir='ltr' id='par_1_69' title="bbox 2200 1068 3801 1153">
     <span class='ocr_line' id='line_1_69' title="bbox 2200 1068 3801 1153; baseline -0.001 -19"><span class='ocrx_word' id='word_1_554' title='bbox 2200 1068 2309 1151; x_wconf 68' lang='lat' dir='ltr'><strong>jain</strong></span> <span class='ocrx_word' id='word_1_555' title='bbox 2334 1080 2590 1153; x_wconf 88' lang='lat' dir='ltr'><strong>loquitur,</strong></span> <span class='ocrx_word' id='word_1_556' title='bbox 2609 1081 2729 1149; x_wconf 89' lang='lat' dir='ltr'><strong>quia</strong></span> <span class='ocrx_word' id='word_1_557' title='bbox 2752 1080 2998 1135; x_wconf 89' lang='lat' dir='ltr'><strong>omnibus</strong></span> <span class='ocrx_word' id='word_1_558' title='bbox 3022 1080 3194 1149; x_wconf 89' lang='lat' dir='ltr'><strong>palam</strong></span> <span class='ocrx_word' id='word_1_559' title='bbox 3217 1086 3333 1135; x_wconf 87' lang='lat' dir='ltr'><strong>erat</strong></span> <span class='ocrx_word' id='word_1_560' title='bbox 3353 1078 3539 1148; x_wconf 88' lang='lat' dir='ltr'><strong>quales</strong></span> <span class='ocrx_word' id='word_1_561' title='bbox 3558 1074 3801 1132; x_wconf 80' lang='lat' dir='ltr'><strong>dedisset</strong></span> 
     </span>
    </p>
   </div>
   <div class='ocr_carea' id='block_1_70' title="bbox 2208 1169 3800 1241">
    <p class='ocr_par' dir='ltr' id='par_1_70' title="bbox 2208 1169 3800 1241">
     <span class='ocr_line' id='line_1_70' title="bbox 2208 1169 3800 1241; baseline 0.001 -20"><span class='ocrx_word' id='word_1_562' title='bbox 2208 1186 2429 1241; x_wconf 66' lang='lat' dir='ltr'><strong>plenas;</strong></span> <span class='ocrx_word' id='word_1_563' title='bbox 2462 1171 2557 1226; x_wconf 87' lang='lat' dir='ltr'><strong>sed</strong></span> <span class='ocrx_word' id='word_1_564' title='bbox 2587 1171 2744 1235; x_wconf 90' lang='lat' dir='ltr'><strong>silet,</strong></span> <span class='ocrx_word' id='word_1_565' title='bbox 2776 1173 2955 1226; x_wconf 88' lang='lat' dir='ltr'><strong>sciens</strong></span> <span class='ocrx_word' id='word_1_566' title='bbox 2984 1170 3116 1225; x_wconf 87' lang='lat' dir='ltr'><strong>nihil</strong></span> <span class='ocrx_word' id='word_1_567' title='bbox 3145 1169 3370 1224; x_wconf 83' lang='lat' dir='ltr'><strong>validius</strong></span> <span class='ocrx_word' id='word_1_568' title='bbox 3399 1183 3516 1223; x_wconf 85' lang='lat' dir='ltr'><strong>esse</strong></span> <span class='ocrx_word' id='word_1_569' title='bbox 3541 1182 3700 1237; x_wconf 86' lang='lat' dir='ltr'><strong>quam</strong></span> <span class='ocrx_word' id='word_1_570' title='bbox 3730 1181 3800 1222; x_wconf 85' lang='lat' dir='ltr'><strong>ex</strong></span> 
     </span>
    </p>
   </div>
   <div class='ocr_carea' id='block_1_71' title="bbox 2208 1260 3803 1333">
    <p class='ocr_par' dir='ltr' id='par_1_71' title="bbox 2208 1260 3803 1333">
     <span class='ocr_line' id='line_1_71' title="bbox 2208 1260 3803 1333; baseline -0.003 -16"><span class='ocrx_word' id='word_1_571' title='bbox 2208 1262 2485 1331; x_wconf 82' lang='lat' dir='ltr'><strong>prOphetia</strong></span> <span class='ocrx_word' id='word_1_572' title='bbox 2516 1263 2657 1332; x_wconf 78' lang='lat' dir='ltr'><strong>laqui</strong></span> <span class='ocrx_word' id='word_1_573' title='bbox 2688 1264 2791 1318; x_wconf 90' lang='lat' dir='ltr'><strong>illis</strong></span> <span class='ocrx_word' id='word_1_574' title='bbox 2824 1281 2837 1317; x_wconf 93' lang='lat'><strong>:</strong></span> <span class='ocrx_word' id='word_1_575' title='bbox 2870 1262 2973 1319; x_wconf 88' lang='lat' dir='ltr'><strong>hoc</strong></span> <span class='ocrx_word' id='word_1_576' title='bbox 3000 1263 3141 1318; x_wconf 88' lang='lat' dir='ltr'><strong>enim</strong></span> <span class='ocrx_word' id='word_1_577' title='bbox 3184 1262 3314 1333; x_wconf 85' lang='lat' dir='ltr'><strong>ipsis</strong></span> <span class='ocrx_word' id='word_1_578' title='bbox 3352 1263 3513 1316; x_wconf 85' lang='lat' dir='ltr'><strong>etiam</strong></span> <span class='ocrx_word' id='word_1_579' title='bbox 3545 1260 3803 1330; x_wconf 83' lang='lat' dir='ltr'><strong>operibus</strong></span> 
     </span>
    </p>
   </div>
   <div class='ocr_carea' id='block_1_72' title="bbox 2205 1353 3808 1427">
    <p class='ocr_par' dir='ltr' id='par_1_72' title="bbox 2205 1353 3808 1427">
     <span class='ocr_line' id='line_1_72' title="bbox 2205 1353 3808 1427; baseline -0.002 -17"><span class='ocrx_word' id='word_1_580' title='bbox 2205 1354 2397 1410; x_wconf 89' lang='lat' dir='ltr'><strong>l&#39;ortius</strong></span> <span class='ocrx_word' id='word_1_581' title='bbox 2432 1364 2536 1410; x_wconf 87' lang='lat' dir='ltr'><strong>est.</strong></span> <span class='ocrx_word' id='word_1_582' title='bbox 2577 1354 2709 1411; x_wconf 85' lang='lat' dir='ltr'><strong>Nam</strong></span> <span class='ocrx_word' id='word_1_583' title='bbox 2752 1370 2874 1410; x_wconf 88' lang='lat' dir='ltr'><strong>cum</strong></span> <span class='ocrx_word' id='word_1_584' title='bbox 2914 1356 3066 1427; x_wconf 85' lang='lat' dir='ltr'><strong>signa</strong></span> <span class='ocrx_word' id='word_1_585' title='bbox 3107 1355 3312 1410; x_wconf 79' lang='lat' dir='ltr'><strong>faceret</strong></span> <span class='ocrx_word' id='word_1_586' title='bbox 3342 1353 3617 1419; x_wconf 86' lang='lat' dir='ltr'><strong>Christus,</strong></span> <span class='ocrx_word' id='word_1_587' title='bbox 3657 1367 3808 1420; x_wconf 74' lang='lat' dir='ltr'><strong>smne</strong></span> 
     </span>
    </p>
   </div>
   <div class='ocr_carea' id='block_1_73' title="bbox 2208 1432 3809 1517">
    <p class='ocr_par' dir='ltr' id='par_1_73' title="bbox 2208 1432 3809 1517">
     <span class='ocr_line' id='line_1_73' title="bbox 2208 1432 3809 1517; baseline -0.004 -14"><span class='ocrx_word' id='word_1_588' title='bbox 2208 1432 2674 1512; x_wconf 80' lang='lat' dir='ltr'><strong>Contradicebant;</strong></span> <span class='ocrx_word' id='word_1_589' title='bbox 2699 1462 2818 1501; x_wconf 90' lang='lat' dir='ltr'><strong>cum</strong></span> <span class='ocrx_word' id='word_1_590' title='bbox 2841 1448 3017 1501; x_wconf 76' lang='lat' dir='ltr'><strong>autem</strong></span> <span class='ocrx_word' id='word_1_591' title='bbox 3049 1446 3364 1517; x_wconf 73' lang='lat' dir='ltr'><strong>prophetam</strong></span> <span class='ocrx_word' id='word_1_592' title='bbox 3392 1445 3671 1499; x_wconf 86' lang='lat' dir='ltr'><strong>induceret</strong></span> <span class='ocrx_word' id='word_1_593' title='bbox 3696 1443 3809 1497; x_wconf 89' lang='lat' dir='ltr'><strong>illis</strong></span> 
     </span>
    </p>
   </div>
   <div class='ocr_carea' id='block_1_74' title="bbox 2209 1535 3811 1602">
    <p class='ocr_par' dir='ltr' id='par_1_74' title="bbox 2209 1535 3811 1602">
     <span class='ocr_line' id='line_1_74' title="bbox 2209 1535 3811 1602; baseline -0.003 -11"><span class='ocrx_word' id='word_1_594' title='bbox 2209 1535 2480 1592; x_wconf 84' lang='lat' dir='ltr'><strong>dicentem</strong></span> <span class='ocrx_word' id='word_1_595' title='bbox 2508 1556 2520 1590; x_wconf 90' lang='lat'>:</span> <span class='ocrx_word' id='word_1_596' title='bbox 2544 1536 2688 1592; x_wconf 73' lang='lat' dir='ltr'><strong>Dixit</strong></span> <span class='ocrx_word' id='word_1_597' title='bbox 2717 1537 2963 1592; x_wconf 83' lang='lat' dir='ltr'><strong>Dominus</strong></span> <span class='ocrx_word' id='word_1_598' title='bbox 2988 1538 3204 1591; x_wconf 87' lang='lat' dir='ltr'><strong>Domino</strong></span> <span class='ocrx_word' id='word_1_599' title='bbox 3232 1553 3362 1602; x_wconf 82' lang='lat' dir='ltr'><strong>meo,</strong></span> <span class='ocrx_word' id='word_1_600' title='bbox 3394 1536 3530 1592; x_wconf 85' lang='lat' dir='ltr'><strong>Sede</strong></span> <span class='ocrx_word' id='word_1_601' title='bbox 3552 1554 3584 1589; x_wconf 84' lang='grc' dir='ltr'><strong>ιι</strong></span> <span class='ocrx_word' id='word_1_602' title='bbox 3609 1536 3811 1589; x_wconf 71' lang='lat' dir='ltr'><strong>dextris</strong></span> 
     </span>
    </p>
   </div>
   <div class='ocr_carea' id='block_1_75' title="bbox 2211 1627 3811 1700">
    <p class='ocr_par' dir='ltr' id='par_1_75' title="bbox 2211 1627 3811 1700">
     <span class='ocr_line' id='line_1_75' title="bbox 2211 1627 3811 1700; baseline -0.001 -18"><span class='ocrx_word' id='word_1_603' title='bbox 2211 1629 2334 1684; x_wconf 86' lang='lat' dir='ltr'><strong>meis</strong></span> <span class='ocrx_word' id='word_1_604' title='bbox 2351 1627 2561 1699; x_wconf 75' lang='lat' dir='ltr'><strong>(Matth.</strong></span> <span class='ocrx_word' id='word_1_605' title='bbox 2580 1628 2667 1683; x_wconf 72' lang='lat'><strong>22.</strong></span> <span class='ocrx_word' id='word_1_606' title='bbox 2684 1630 2772 1685; x_wconf 62' lang='grc'><strong>44.</strong></span> <span class='ocrx_word' id='word_1_607' title='bbox 2795 1628 2941 1684; x_wconf 85' lang='lat' dir='ltr'><strong>Psal.</strong></span> <span class='ocrx_word' id='word_1_608' title='bbox 2964 1629 3085 1685; x_wconf 77' lang='grc'><strong>109.</strong></span> <span class='ocrx_word' id='word_1_609' title='bbox 3111 1632 3185 1700; x_wconf 85' lang='lat' dir='ltr'><strong>l),</strong></span> <span class='ocrx_word' id='word_1_610' title='bbox 3200 1628 3273 1684; x_wconf 85' lang='lat' dir='ltr'><strong>ita</strong></span> <span class='ocrx_word' id='word_1_611' title='bbox 3302 1628 3553 1694; x_wconf 87' lang='lat' dir='ltr'><strong>silebant,</strong></span> <span class='ocrx_word' id='word_1_612' title='bbox 3568 1638 3625 1682; x_wconf 93' lang='lat' dir='ltr'><strong>ut</strong></span> <span class='ocrx_word' id='word_1_613' title='bbox 3644 1641 3811 1682; x_wconf 86' lang='lat' dir='ltr'><strong>nemo</strong></span> 
     </span>
    </p>
   </div>
   <div class='ocr_carea' id='block_1_76' title="bbox 2214 1719 3815 1791">
    <p class='ocr_par' dir='ltr' id='par_1_76' title="bbox 2214 1719 3815 1791">
     <span class='ocr_line' id='line_1_76' title="bbox 2214 1719 3815 1791; baseline 0 -17"><span class='ocrx_word' id='word_1_614' title='bbox 2214 1719 2469 1791; x_wconf 87' lang='lat' dir='ltr'><strong>deinceps</strong></span> <span class='ocrx_word' id='word_1_615' title='bbox 2485 1732 2661 1791; x_wconf 78' lang='lat' dir='ltr'><strong>posset</strong></span> <span class='ocrx_word' id='word_1_616' title='bbox 2680 1722 2750 1775; x_wconf 91' lang='lat' dir='ltr'><strong>illi</strong></span> <span class='ocrx_word' id='word_1_617' title='bbox 2769 1723 3112 1791; x_wconf 87' lang='lat' dir='ltr'><strong>respondere.</strong></span> <span class='ocrx_word' id='word_1_618' title='bbox 3136 1722 3213 1777; x_wconf 85' lang='lat' dir='ltr'><strong>Ac</strong></span> <span class='ocrx_word' id='word_1_619' title='bbox 3240 1736 3382 1791; x_wconf 75' lang='lat' dir='ltr'><strong>saepe</strong></span> <span class='ocrx_word' id='word_1_620' title='bbox 3400 1722 3488 1776; x_wconf 87' lang='lat' dir='ltr'><strong>ille</strong></span> <span class='ocrx_word' id='word_1_621' title='bbox 3500 1720 3815 1790; x_wconf 74' lang='lat' dir='ltr'><strong>Scripturas</strong></span> 
     </span>
    </p>
   </div>
   <div class='ocr_carea' id='block_1_77' title="bbox 2214 1812 3813 1887">
    <p class='ocr_par' dir='ltr' id='par_1_77' title="bbox 2214 1812 3813 1887">
     <span class='ocr_line' id='line_1_77' title="bbox 2214 1812 3813 1887; baseline 0 -20"><span class='ocrx_word' id='word_1_622' title='bbox 2214 1823 2499 1879; x_wconf 89' lang='lat' dir='ltr'><strong>memorat,</strong></span> <span class='ocrx_word' id='word_1_623' title='bbox 2529 1815 2734 1879; x_wconf 86' lang='lat' dir='ltr'><strong>dicens,</strong></span> <span class='ocrx_word' id='word_1_624' title='bbox 2764 1815 2951 1870; x_wconf 88' lang='lat' dir='ltr'><strong>Siillos</strong></span> <span class='ocrx_word' id='word_1_625' title='bbox 2976 1816 3105 1869; x_wconf 75' lang='lat' dir='ltr'><strong>dixit</strong></span> <span class='ocrx_word' id='word_1_626' title='bbox 3135 1816 3274 1882; x_wconf 88' lang='lat' dir='ltr'><strong>deos,</strong></span> <span class='ocrx_word' id='word_1_627' title='bbox 3293 1815 3361 1868; x_wconf 89' lang='lat' dir='ltr'><strong>ad</strong></span> <span class='ocrx_word' id='word_1_628' title='bbox 3378 1831 3501 1887; x_wconf 83' lang='lat' dir='ltr'><strong>quos</strong></span> <span class='ocrx_word' id='word_1_629' title='bbox 3520 1830 3679 1868; x_wconf 85' lang='lat' dir='ltr'><strong>sermo</strong></span> <span class='ocrx_word' id='word_1_630' title='bbox 3708 1812 3813 1867; x_wconf 62' lang='lat' dir='ltr'><strong>Dei</strong></span> 
     </span>
    </p>
   </div>
   <div class='ocr_carea' id='block_1_78' title="bbox 2216 1905 3812 1978">
    <p class='ocr_par' dir='ltr' id='par_1_78' title="bbox 2216 1905 3812 1978">
     <span class='ocr_line' id='line_1_78' title="bbox 2216 1905 3812 1978; baseline 0.001 -22"><span class='ocrx_word' id='word_1_631' title='bbox 2216 1910 2385 1976; x_wconf 80' lang='lat' dir='ltr'><strong>[actus</strong></span> <span class='ocrx_word' id='word_1_632' title='bbox 2407 1914 2480 1959; x_wconf 81' lang='lat' dir='ltr'><strong>est</strong></span> <span class='ocrx_word' id='word_1_633' title='bbox 2505 1905 2682 1973; x_wconf 87' lang='lat' dir='ltr'><strong>(Joan.</strong></span> <span class='ocrx_word' id='word_1_634' title='bbox 2701 1907 2784 1963; x_wconf 72' lang='lat'><strong>10.</strong></span> <span class='ocrx_word' id='word_1_635' title='bbox 2805 1908 2916 1977; x_wconf 79' lang='grc'><strong>55).</strong></span> <span class='ocrx_word' id='word_1_636' title='bbox 2935 1906 3043 1961; x_wconf 91' lang='lat' dir='ltr'><strong>lmo</strong></span> <span class='ocrx_word' id='word_1_637' title='bbox 3058 1907 3252 1977; x_wconf 88' lang='lat' dir='ltr'><strong>ubique</strong></span> <span class='ocrx_word' id='word_1_638' title='bbox 3271 1907 3372 1962; x_wconf 93' lang='lat' dir='ltr'><strong>hoc</strong></span> <span class='ocrx_word' id='word_1_639' title='bbox 3387 1908 3506 1978; x_wconf 90' lang='lat' dir='ltr'><strong>quis</strong></span> <span class='ocrx_word' id='word_1_640' title='bbox 3521 1906 3812 1961; x_wconf 74' lang='lat' dir='ltr'><strong>invenerit.</strong></span> 
     </span>
    </p>
   </div>
   <div class='ocr_carea' id='block_1_79' title="bbox 2218 1997 3819 2069">
    <p class='ocr_par' dir='ltr' id='par_1_79' title="bbox 2218 1997 3819 2069">
     <span class='ocr_line' id='line_1_79' title="bbox 2218 1997 3819 2069; baseline 0 -18"><span class='ocrx_word' id='word_1_641' title='bbox 2218 1997 2342 2053; x_wconf 86' lang='lat' dir='ltr'><strong>ldeo</strong></span> <span class='ocrx_word' id='word_1_642' title='bbox 2378 1998 2463 2053; x_wconf 92' lang='lat' dir='ltr'><strong>hic</strong></span> <span class='ocrx_word' id='word_1_643' title='bbox 2501 1999 2576 2052; x_wconf 91' lang='lat' dir='ltr'><strong>ait</strong></span> <span class='ocrx_word' id='word_1_644' title='bbox 2608 2016 2619 2051; x_wconf 90' lang='lat'>:</span> <span class='ocrx_word' id='word_1_645' title='bbox 2654 1998 2933 2066; x_wconf 76' lang='lat' dir='ltr'><strong>Effundam</strong></span> <span class='ocrx_word' id='word_1_646' title='bbox 2962 1999 3023 2051; x_wconf 88' lang='lat' dir='ltr'><strong>de</strong></span> <span class='ocrx_word' id='word_1_647' title='bbox 3053 1999 3251 2069; x_wconf 84' lang='lat' dir='ltr'><strong>Spiritu</strong></span> <span class='ocrx_word' id='word_1_648' title='bbox 3287 2016 3396 2054; x_wconf 88' lang='lat' dir='ltr'><strong>meo</strong></span> <span class='ocrx_word' id='word_1_649' title='bbox 3433 2016 3584 2069; x_wconf 82' lang='lat' dir='ltr'><strong>super</strong></span> <span class='ocrx_word' id='word_1_650' title='bbox 3611 2014 3819 2053; x_wconf 82' lang='lat' dir='ltr'><strong>omnem</strong></span> 
     </span>
    </p>
   </div>
   <div class='ocr_carea' id='block_1_80' title="bbox 2217 2088 3820 2161">
    <p class='ocr_par' dir='ltr' id='par_1_80' title="bbox 2217 2088 3820 2161">
     <span class='ocr_line' id='line_1_80' title="bbox 2217 2088 3820 2161; baseline 0.001 -20"><span class='ocrx_word' id='word_1_651' title='bbox 2217 2104 2420 2141; x_wconf 85' lang='lat' dir='ltr'><strong>carnem</strong></span> <span class='ocrx_word' id='word_1_652' title='bbox 2444 2104 2463 2155; x_wconf 84' lang='lat'><em>;</em></span> <span class='ocrx_word' id='word_1_653' title='bbox 2494 2088 2596 2143; x_wconf 90' lang='lat' dir='ltr'><strong>hoc</strong></span> <span class='ocrx_word' id='word_1_654' title='bbox 2624 2098 2729 2155; x_wconf 87' lang='lat' dir='ltr'><strong>est,</strong></span> <span class='ocrx_word' id='word_1_655' title='bbox 2754 2089 2805 2143; x_wconf 93' lang='lat' dir='ltr'><strong>in</strong></span> <span class='ocrx_word' id='word_1_656' title='bbox 2833 2098 3038 2161; x_wconf 90' lang='lat' dir='ltr'><strong>gentes.</strong></span> <span class='ocrx_word' id='word_1_657' title='bbox 3067 2088 3172 2144; x_wconf 87' lang='lat' dir='ltr'><strong>Sed</strong></span> <span class='ocrx_word' id='word_1_658' title='bbox 3206 2089 3438 2144; x_wconf 90' lang='lat' dir='ltr'><strong>nondmn</strong></span> <span class='ocrx_word' id='word_1_659' title='bbox 3465 2091 3685 2154; x_wconf 88' lang='lat' dir='ltr'><strong>revelat,</strong></span> <span class='ocrx_word' id='word_1_660' title='bbox 3711 2104 3820 2143; x_wconf 88' lang='lat' dir='ltr'><strong>nec</strong></span> 
     </span>
    </p>
   </div>
   <div class='ocr_carea' id='block_1_81' title="bbox 2220 2181 3822 2253">
    <p class='ocr_par' dir='ltr' id='par_1_81' title="bbox 2220 2181 3822 2253">
     <span class='ocr_line' id='line_1_81' title="bbox 2220 2181 3822 2253; baseline 0.001 -19"><span class='ocrx_word' id='word_1_661' title='bbox 2220 2181 2636 2251; x_wconf 84' lang='lat' dir='ltr'><strong>interpretatur;</strong></span> <span class='ocrx_word' id='word_1_662' title='bbox 2667 2197 2837 2252; x_wconf 88' lang='lat' dir='ltr'><strong>neque</strong></span> <span class='ocrx_word' id='word_1_663' title='bbox 2858 2183 2997 2237; x_wconf 89' lang='lat' dir='ltr'><strong>enim</strong></span> <span class='ocrx_word' id='word_1_664' title='bbox 3022 2182 3358 2252; x_wconf 87' lang='lat' dir='ltr'><strong>expediebat,</strong></span> <span class='ocrx_word' id='word_1_665' title='bbox 3384 2182 3503 2253; x_wconf 91' lang='lat' dir='ltr'><strong>quia</strong></span> <span class='ocrx_word' id='word_1_666' title='bbox 3525 2182 3682 2237; x_wconf 88' lang='lat' dir='ltr'><strong>etiam</strong></span> <span class='ocrx_word' id='word_1_667' title='bbox 3710 2181 3822 2236; x_wconf 91' lang='lat' dir='ltr'><strong>hoc</strong></span> 
     </span>
    </p>
   </div>
   <div class='ocr_carea' id='block_1_82' title="bbox 2221 2275 3824 2347">
    <p class='ocr_par' dir='ltr' id='par_1_82' title="bbox 2221 2275 3824 2347">
     <span class='ocr_line' id='line_1_82' title="bbox 2221 2275 3824 2347; baseline 0 -19"><span class='ocrx_word' id='word_1_668' title='bbox 2221 2276 2507 2330; x_wconf 85' lang='lat' dir='ltr'><strong>obscurum</strong></span> <span class='ocrx_word' id='word_1_669' title='bbox 2536 2286 2670 2331; x_wconf 88' lang='lat' dir='ltr'><strong>erat.</strong></span> <span class='ocrx_word' id='word_1_670' title='bbox 2703 2275 2847 2329; x_wconf 82' lang='lat' dir='ltr'><strong>Dabo</strong></span> <span class='ocrx_word' id='word_1_671' title='bbox 2879 2276 3110 2347; x_wconf 80' lang='lat' dir='ltr'><strong>prodigia</strong></span> <span class='ocrx_word' id='word_1_672' title='bbox 3144 2277 3197 2329; x_wconf 89' lang='lat' dir='ltr'><strong>in</strong></span> <span class='ocrx_word' id='word_1_673' title='bbox 3238 2275 3361 2330; x_wconf 71' lang='lat' dir='ltr'><strong>(mlo</strong></span> <span class='ocrx_word' id='word_1_674' title='bbox 3400 2292 3617 2330; x_wconf 81' lang='lat' dir='ltr'><strong>sursum.</strong></span> <span class='ocrx_word' id='word_1_675' title='bbox 3652 2275 3824 2343; x_wconf 79' lang='lat' dir='ltr'><strong>Magis</strong></span> 
     </span>
    </p>
   </div>
   <div class='ocr_carea' id='block_1_83' title="bbox 2225 2366 3820 2436">
    <p class='ocr_par' dir='ltr' id='par_1_83' title="bbox 2225 2366 3820 2436">
     <span class='ocr_line' id='line_1_83' title="bbox 2225 2366 3820 2436; baseline -0.001 -16"><span class='ocrx_word' id='word_1_676' title='bbox 2225 2367 2343 2421; x_wconf 88' lang='lat' dir='ltr'><strong>illos</strong></span> <span class='ocrx_word' id='word_1_677' title='bbox 2390 2366 2492 2421; x_wconf 82' lang='lat' dir='ltr'><strong>hoc</strong></span> <span class='ocrx_word' id='word_1_678' title='bbox 2533 2368 2804 2433; x_wconf 89' lang='lat' dir='ltr'><strong>terrebat,</strong></span> <span class='ocrx_word' id='word_1_679' title='bbox 2838 2367 2978 2436; x_wconf 85' lang='lat' dir='ltr'><strong>quod</strong></span> <span class='ocrx_word' id='word_1_680' title='bbox 3021 2376 3165 2422; x_wconf 89' lang='lat' dir='ltr'><strong>esset</strong></span> <span class='ocrx_word' id='word_1_681' title='bbox 3207 2368 3515 2422; x_wconf 89' lang='lat' dir='ltr'><strong>obscurum.</strong></span> <span class='ocrx_word' id='word_1_682' title='bbox 3549 2367 3601 2422; x_wconf 89' lang='lat' dir='ltr'><strong>Si</strong></span> <span class='ocrx_word' id='word_1_683' title='bbox 3634 2375 3820 2421; x_wconf 74' lang='lat' dir='ltr'><strong>autem</strong></span> 
     </span>
    </p>
   </div>
   <div class='ocr_carea' id='block_1_84' title="bbox 2225 2458 3828 2531">
    <p class='ocr_par' dir='ltr' id='par_1_84' title="bbox 2225 2458 3828 2531">
     <span class='ocr_line' id='line_1_84' title="bbox 2225 2458 3828 2531; baseline 0 -16"><span class='ocrx_word' id='word_1_684' title='bbox 2225 2459 2327 2515; x_wconf 90' lang='lat' dir='ltr'><strong>hoc</strong></span> <span class='ocrx_word' id='word_1_685' title='bbox 2353 2461 2732 2531; x_wconf 87' lang='lat' dir='ltr'><strong>interpretatus</strong></span> <span class='ocrx_word' id='word_1_686' title='bbox 2754 2472 2916 2527; x_wconf 86' lang='lat' dir='ltr'><strong>esset,</strong></span> <span class='ocrx_word' id='word_1_687' title='bbox 2943 2463 3113 2531; x_wconf 84' lang='lat' dir='ltr'><strong>magis</strong></span> <span class='ocrx_word' id='word_1_688' title='bbox 3141 2462 3246 2515; x_wconf 88' lang='lat' dir='ltr'><strong>illis</strong></span> <span class='ocrx_word' id='word_1_689' title='bbox 3269 2461 3583 2515; x_wconf 82' lang='lat' dir='ltr'><strong>obstitisset.</strong></span> <span class='ocrx_word' id='word_1_690' title='bbox 3614 2458 3828 2516; x_wconf 83' lang='lat' dir='ltr'><strong>Deinde</strong></span> 
     </span>
    </p>
   </div>
   <div class='ocr_carea' id='block_1_85' title="bbox 2225 2548 3827 2621">
    <p class='ocr_par' dir='ltr' id='par_1_85' title="bbox 2225 2548 3827 2621">
     <span class='ocr_line' id='line_1_85' title="bbox 2225 2548 3827 2621; baseline -0.001 -17"><span class='ocrx_word' id='word_1_691' title='bbox 2225 2550 2354 2605; x_wconf 91' lang='lat' dir='ltr'><strong>illud</strong></span> <span class='ocrx_word' id='word_1_692' title='bbox 2384 2554 2624 2621; x_wconf 82' lang='lat' dir='ltr'><strong>praeterit</strong></span> <span class='ocrx_word' id='word_1_693' title='bbox 2659 2554 2805 2620; x_wconf 86' lang='lat' dir='ltr'><strong>quasi</strong></span> <span class='ocrx_word' id='word_1_694' title='bbox 2850 2552 3224 2616; x_wconf 82' lang='lat' dir='ltr'><strong>manifestum,</strong></span> <span class='ocrx_word' id='word_1_695' title='bbox 3268 2553 3429 2607; x_wconf 83' lang='lat' dir='ltr'><strong>talem</strong></span> <span class='ocrx_word' id='word_1_696' title='bbox 3468 2551 3651 2605; x_wconf 86' lang='lat' dir='ltr'><strong>volens</strong></span> <span class='ocrx_word' id='word_1_697' title='bbox 3686 2548 3827 2603; x_wconf 88' lang='lat' dir='ltr'><strong>dare</strong></span> 
     </span>
    </p>
   </div>
   <div class='ocr_carea' id='block_1_86' title="bbox 2226 2640 3829 2712">
    <p class='ocr_par' dir='ltr' id='par_1_86' title="bbox 2226 2640 3829 2712">
     <span class='ocr_line' id='line_1_86' title="bbox 2226 2640 3829 2712; baseline 0 -18"><span class='ocrx_word' id='word_1_698' title='bbox 2226 2642 2558 2709; x_wconf 88' lang='lat' dir='ltr'><strong>opinionem.</strong></span> <span class='ocrx_word' id='word_1_699' title='bbox 2606 2641 2845 2712; x_wconf 88' lang='lat' dir='ltr'><strong>Denique</strong></span> <span class='ocrx_word' id='word_1_700' title='bbox 2887 2642 2989 2697; x_wconf 87' lang='lat' dir='ltr'><strong>hoc</strong></span> <span class='ocrx_word' id='word_1_701' title='bbox 3030 2643 3130 2695; x_wconf 89' lang='lat' dir='ltr'><strong>illis</strong></span> <span class='ocrx_word' id='word_1_702' title='bbox 3170 2645 3573 2711; x_wconf 87' lang='lat' dir='ltr'><strong>interpretatur,</strong></span> <span class='ocrx_word' id='word_1_703' title='bbox 3602 2656 3720 2694; x_wconf 90' lang='lat' dir='ltr'><strong>cum</strong></span> <span class='ocrx_word' id='word_1_704' title='bbox 3750 2640 3829 2694; x_wconf 83' lang='lat' dir='ltr'><strong>de</strong></span> 
     </span>
    </p>
   </div>
   <div class='ocr_carea' id='block_1_87' title="bbox 2230 2735 3827 2806">
    <p class='ocr_par' dir='ltr' id='par_1_87' title="bbox 2230 2735 3827 2806">
     <span class='ocr_line' id='line_1_87' title="bbox 2230 2735 3827 2806; baseline -0.002 -18"><span class='ocrx_word' id='word_1_705' title='bbox 2230 2735 2623 2790; x_wconf 75' lang='lat' dir='ltr'><strong>resurrectione</strong></span> <span class='ocrx_word' id='word_1_706' title='bbox 2651 2737 2906 2806; x_wconf 87' lang='lat' dir='ltr'><strong>loquitur,</strong></span> <span class='ocrx_word' id='word_1_707' title='bbox 2936 2745 2991 2791; x_wconf 90' lang='lat' dir='ltr'><strong>et</strong></span> <span class='ocrx_word' id='word_1_708' title='bbox 3018 2736 3084 2789; x_wconf 91' lang='lat' dir='ltr'><strong>ad</strong></span> <span class='ocrx_word' id='word_1_709' title='bbox 3118 2735 3166 2788; x_wconf 89' lang='lat' dir='ltr'><strong>id</strong></span> <span class='ocrx_word' id='word_1_710' title='bbox 3199 2736 3464 2789; x_wconf 85' lang='lat' dir='ltr'><strong>sermone</strong></span> <span class='ocrx_word' id='word_1_711' title='bbox 3484 2735 3619 2787; x_wconf 79' lang='lat' dir='ltr'><strong>viam</strong></span> <span class='ocrx_word' id='word_1_712' title='bbox 3649 2742 3827 2801; x_wconf 88' lang='lat' dir='ltr'><strong>parat.</strong></span> 
     </span>
    </p>
   </div>
   <div class='ocr_carea' id='block_1_88' title="bbox 2230 2823 3833 2896">
    <p class='ocr_par' dir='ltr' id='par_1_88' title="bbox 2230 2823 3833 2896">
     <span class='ocr_line' id='line_1_88' title="bbox 2230 2823 3833 2896; baseline -0.001 -18"><span class='ocrx_word' id='word_1_713' title='bbox 2230 2823 2355 2878; x_wconf 83' lang='lat' dir='ltr'><strong>Ideo</strong></span> <span class='ocrx_word' id='word_1_714' title='bbox 2385 2836 2575 2894; x_wconf 88' lang='lat' dir='ltr'><strong>sponte</strong></span> <span class='ocrx_word' id='word_1_715' title='bbox 2606 2828 2845 2895; x_wconf 82' lang='lat' dir='ltr'><strong>pra-terit</strong></span> <span class='ocrx_word' id='word_1_716' title='bbox 2870 2869 2883 2892; x_wconf 94' lang='lat'><strong>,</strong></span> <span class='ocrx_word' id='word_1_717' title='bbox 2917 2827 3165 2896; x_wconf 85' lang='lat' dir='ltr'><strong>quoniam</strong></span> <span class='ocrx_word' id='word_1_718' title='bbox 3202 2827 3335 2879; x_wconf 83' lang='lat' dir='ltr'><strong>bona</strong></span> <span class='ocrx_word' id='word_1_719' title='bbox 3365 2825 3429 2880; x_wconf 90' lang='lat' dir='ltr'><strong>ad</strong></span> <span class='ocrx_word' id='word_1_720' title='bbox 3462 2826 3582 2879; x_wconf 89' lang='lat' dir='ltr'><strong>illos</strong></span> <span class='ocrx_word' id='word_1_721' title='bbox 3621 2835 3833 2893; x_wconf 71' lang='lat' dir='ltr'><strong>pertra-</strong></span> 
     </span>
    </p>
   </div>
   <div class='ocr_carea' id='block_1_89' title="bbox 2231 2898 3831 2987">
    <p class='ocr_par' dir='ltr' id='par_1_89' title="bbox 2231 2898 3831 2987">
     <span class='ocr_line' id='line_1_89' title="bbox 2231 2898 3831 2987; baseline -0.001 -18"><span class='ocrx_word' id='word_1_722' title='bbox 2231 2915 2438 2969; x_wconf 81' lang='lat' dir='ltr'><strong>hcndos</strong></span> <span class='ocrx_word' id='word_1_723' title='bbox 2480 2932 2582 2969; x_wconf 83' lang='lat' dir='ltr'><strong>non</strong></span> <span class='ocrx_word' id='word_1_724' title='bbox 2622 2918 2751 2969; x_wconf 79' lang='lat' dir='ltr'><strong>satis</strong></span> <span class='ocrx_word' id='word_1_725' title='bbox 2790 2928 2942 2970; x_wconf 77' lang='lat' dir='ltr'><strong>erant</strong></span> <span class='ocrx_word' id='word_1_726' title='bbox 2976 2936 2989 2970; x_wconf 93' lang='lat'><strong>:</strong></span> <span class='ocrx_word' id='word_1_727' title='bbox 3021 2933 3345 2987; x_wconf 84' lang='lat' dir='ltr'><strong>quamquam</strong></span> <span class='ocrx_word' id='word_1_728' title='bbox 3388 2916 3489 2969; x_wconf 87' lang='lat' dir='ltr'><strong>hoc</strong></span> <span class='ocrx_word' id='word_1_729' title='bbox 3530 2898 3831 2983; x_wconf 81' lang='lat' dir='ltr'><strong>numquam</strong></span> 
     </span>
    </p>
   </div>
   <div class='ocr_carea' id='block_1_90' title="bbox 2232 3006 3831 3078">
    <p class='ocr_par' dir='ltr' id='par_1_90' title="bbox 2232 3006 3831 3078">
     <span class='ocr_line' id='line_1_90' title="bbox 2232 3006 3831 3078; baseline -0.001 -17"><span class='ocrx_word' id='word_1_730' title='bbox 2232 3006 2429 3061; x_wconf 81' lang='lat' dir='ltr'><strong>factum</strong></span> <span class='ocrx_word' id='word_1_731' title='bbox 2460 3020 2559 3063; x_wconf 86' lang='lat' dir='ltr'><strong>est.</strong></span> <span class='ocrx_word' id='word_1_732' title='bbox 2596 3009 2763 3063; x_wconf 83' lang='lat' dir='ltr'><strong>Nemo</strong></span> <span class='ocrx_word' id='word_1_733' title='bbox 2789 3010 2931 3062; x_wconf 90' lang='lat' dir='ltr'><strong>cnim</strong></span> <span class='ocrx_word' id='word_1_734' title='bbox 2963 3018 3086 3063; x_wconf 77' lang='lat' dir='ltr'><strong>time</strong></span> <span class='ocrx_word' id='word_1_735' title='bbox 3115 3008 3330 3078; x_wconf 77' lang='lat' dir='ltr'><strong>cll‘ugit;</strong></span> <span class='ocrx_word' id='word_1_736' title='bbox 3364 3024 3503 3061; x_wconf 84' lang='lat' dir='ltr'><strong>nunc</strong></span> <span class='ocrx_word' id='word_1_737' title='bbox 3534 3022 3661 3060; x_wconf 84' lang='lat' dir='ltr'><strong>vero</strong></span> <span class='ocrx_word' id='word_1_738' title='bbox 3690 3006 3831 3059; x_wconf 77' lang='lat' dir='ltr'><strong>lide-</strong></span> 
     </span>
    </p>
   </div>
   <div class='ocr_carea' id='block_1_91' title="bbox 2234 3097 3831 3168">
    <p class='ocr_par' dir='ltr' id='par_1_91' title="bbox 2234 3097 3831 3168">
     <span class='ocr_line' id='line_1_91' title="bbox 2234 3097 3831 3168; baseline 0.001 -18"><span class='ocrx_word' id='word_1_739' title='bbox 2234 3098 2311 3151; x_wconf 89' lang='lat' dir='ltr'><strong>les</strong></span> <span class='ocrx_word' id='word_1_740' title='bbox 2337 3097 2636 3167; x_wconf 76' lang='lat' dir='ltr'><strong>ell&#39;ugerunt</strong></span> <span class='ocrx_word' id='word_1_741' title='bbox 2661 3098 2760 3151; x_wconf 77' lang='lat' dir='ltr'><strong>sub</strong></span> <span class='ocrx_word' id='word_1_742' title='bbox 2792 3098 3135 3168; x_wconf 77' lang='lat' dir='ltr'><strong>VeSpasiauo.</strong></span> <span class='ocrx_word' id='word_1_743' title='bbox 3166 3098 3231 3151; x_wconf 86' lang='lat' dir='ltr'><strong>Et</strong></span> <span class='ocrx_word' id='word_1_744' title='bbox 3259 3101 3358 3154; x_wconf 90' lang='lat' dir='ltr'><strong>hoc</strong></span> <span class='ocrx_word' id='word_1_745' title='bbox 3383 3097 3627 3166; x_wconf 87' lang='lat' dir='ltr'><strong>estquod</strong></span> <span class='ocrx_word' id='word_1_746' title='bbox 3653 3097 3788 3152; x_wconf 65' lang='lat' dir='ltr'><strong>dicit&quot;</strong></span> <span class='ocrx_word' id='word_1_747' title='bbox 3809 3113 3831 3152; x_wconf 69' lang='grc' dir='ltr'>ε</span> 
     </span>
    </p>
   </div>
   <div class='ocr_carea' id='block_1_92' title="bbox 2239 3188 3838 3261">
    <p class='ocr_par' dir='ltr' id='par_1_92' title="bbox 2239 3188 3838 3261">
     <span class='ocr_line' id='line_1_92' title="bbox 2239 3188 3838 3261; baseline 0 -18"><span class='ocrx_word' id='word_1_748' title='bbox 2239 3188 2355 3243; x_wconf 76' lang='lat' dir='ltr'><strong>Nisi</strong></span> <span class='ocrx_word' id='word_1_749' title='bbox 2384 3192 2652 3244; x_wconf 79' lang='lat' dir='ltr'><strong>abbreviati</strong></span> <span class='ocrx_word' id='word_1_750' title='bbox 2680 3192 2891 3261; x_wconf 47' lang='lat' dir='ltr'><strong>[.iiissent</strong></span> <span class='ocrx_word' id='word_1_751' title='bbox 2919 3192 3023 3245; x_wconf 83' lang='lat' dir='ltr'><strong>dies</strong></span> <span class='ocrx_word' id='word_1_752' title='bbox 3052 3193 3149 3257; x_wconf 77' lang='lat' dir='ltr'><strong>illi,</strong></span> <span class='ocrx_word' id='word_1_753' title='bbox 3180 3208 3280 3244; x_wconf 90' lang='lat' dir='ltr'><strong>non</strong></span> <span class='ocrx_word' id='word_1_754' title='bbox 3302 3196 3495 3244; x_wconf 86' lang='lat' dir='ltr'><strong>satvata</strong></span> <span class='ocrx_word' id='word_1_755' title='bbox 3520 3191 3692 3259; x_wconf 78' lang='lat' dir='ltr'><strong>fuisset</strong></span> <span class='ocrx_word' id='word_1_756' title='bbox 3718 3205 3838 3243; x_wconf 87' lang='lat' dir='ltr'><strong>om—</strong></span> 
     </span>
    </p>
   </div>
   <div class='ocr_carea' id='block_1_93' title="bbox 2238 3282 3839 3354">
    <p class='ocr_par' dir='ltr' id='par_1_93' title="bbox 2238 3282 3839 3354">
     <span class='ocr_line' id='line_1_93' title="bbox 2238 3282 3839 3354; baseline 0.002 -19"><span class='ocrx_word' id='word_1_757' title='bbox 2238 3284 2314 3336; x_wconf 89' lang='lat' dir='ltr'><strong>nis</strong></span> <span class='ocrx_word' id='word_1_758' title='bbox 2346 3300 2465 3335; x_wconf 80' lang='lat' dir='ltr'><strong>raro</strong></span> <span class='ocrx_word' id='word_1_759' title='bbox 2494 3282 2706 3353; x_wconf 70' lang='lat' dir='ltr'><strong>(Matt/1.</strong></span> <span class='ocrx_word' id='word_1_760' title='bbox 2739 3285 2827 3338; x_wconf 59' lang='grc' dir='ltr'><strong>«ἐς.</strong></span> <span class='ocrx_word' id='word_1_761' title='bbox 2859 3283 2973 3354; x_wconf 70' lang='grc'>22).</span> <span class='ocrx_word' id='word_1_762' title='bbox 3003 3283 3154 3351; x_wconf 85' lang='lat' dir='ltr'><strong>Quod</strong></span> <span class='ocrx_word' id='word_1_763' title='bbox 3186 3283 3461 3338; x_wconf 86' lang='lat' dir='ltr'><strong>molestius</strong></span> <span class='ocrx_word' id='word_1_764' title='bbox 3491 3291 3626 3348; x_wconf 84' lang='lat' dir='ltr'><strong>erat,</strong></span> <span class='ocrx_word' id='word_1_765' title='bbox 3658 3282 3839 3352; x_wconf 87' lang='lat' dir='ltr'><strong>primo</strong></span> 
     </span>
    </p>
   </div>
   <div class='ocr_carea' id='block_1_94' title="bbox 2236 3373 3838 3443">
    <p class='ocr_par' dir='ltr' id='par_1_94' title="bbox 2236 3373 3838 3443">
     <span class='ocr_line' id='line_1_94' title="bbox 2236 3373 3838 3443; baseline -0.001 -15"><span class='ocrx_word' id='word_1_766' title='bbox 2236 3374 2459 3443; x_wconf 82' lang='lat' dir='ltr'><strong>contigit</strong></span> <span class='ocrx_word' id='word_1_767' title='bbox 2488 3392 2501 3427; x_wconf 88' lang='lat'>:</span> <span class='ocrx_word' id='word_1_768' title='bbox 2537 3377 2706 3443; x_wconf 83' lang='lat' dir='ltr'><strong>primo</strong></span> <span class='ocrx_word' id='word_1_769' title='bbox 2733 3374 2875 3427; x_wconf 88' lang='lat' dir='ltr'><strong>enim</strong></span> <span class='ocrx_word' id='word_1_770' title='bbox 2906 3374 3101 3429; x_wconf 86' lang='lat' dir='ltr'><strong>accidit</strong></span> <span class='ocrx_word' id='word_1_771' title='bbox 3126 3383 3182 3429; x_wconf 89' lang='lat' dir='ltr'><strong>ut</strong></span> <span class='ocrx_word' id='word_1_772' title='bbox 3214 3373 3539 3428; x_wconf 91' lang='lat' dir='ltr'><strong>habitatores</strong></span> <span class='ocrx_word' id='word_1_773' title='bbox 3567 3387 3838 3443; x_wconf 83' lang='lat' dir='ltr'><strong>caperen-</strong></span> 
     </span>
    </p>
   </div>
   <div class='ocr_carea' id='block_1_95' title="bbox 2242 3466 3566 3529">
    <p class='ocr_par' dir='ltr' id='par_1_95' title="bbox 2242 3466 3566 3529">
     <span class='ocr_line' id='line_1_95' title="bbox 2242 3466 3566 3529; baseline -0.001 -9"><span class='ocrx_word' id='word_1_774' title='bbox 2242 3476 2346 3529; x_wconf 90' lang='lat' dir='ltr'><strong>tur,</strong></span> <span class='ocrx_word' id='word_1_775' title='bbox 2373 3474 2428 3521; x_wconf 89' lang='lat' dir='ltr'><strong>et</strong></span> <span class='ocrx_word' id='word_1_776' title='bbox 2459 3466 2585 3521; x_wconf 90' lang='lat' dir='ltr'><strong>urbs</strong></span> <span class='ocrx_word' id='word_1_777' title='bbox 2616 3466 3020 3522; x_wconf 73' lang='lat' dir='ltr'><strong>subverteretur</strong></span> <span class='ocrx_word' id='word_1_778' title='bbox 3045 3476 3097 3521; x_wconf 88' lang='lat' dir='ltr'><strong>et</strong></span> <span class='ocrx_word' id='word_1_779' title='bbox 3126 3467 3566 3521; x_wconf 86' lang='lat' dir='ltr'><strong>succcnderetur.</strong></span> 
     </span>
    </p>
   </div>
   <div class='ocr_carea' id='block_1_96' title="bbox 2316 3547 3838 3631">
    <p class='ocr_par' dir='ltr' id='par_1_96' title="bbox 2316 3547 3838 3631">
     <span class='ocr_line' id='line_1_96' title="bbox 2316 3547 3838 3631; baseline 0.001 -21"><span class='ocrx_word' id='word_1_780' title='bbox 2316 3559 2452 3625; x_wconf 83' lang='lat' dir='ltr'><strong>Quid</strong></span> <span class='ocrx_word' id='word_1_781' title='bbox 2472 3570 2567 3627; x_wconf 83' lang='lat' dir='ltr'><strong>est,</strong></span> <span class='ocrx_word' id='word_1_782' title='bbox 2596 3561 2769 3614; x_wconf 73' lang='lat' dir='ltr'><strong>[uitam</strong></span> <span class='ocrx_word' id='word_1_783' title='bbox 2796 3562 2981 3614; x_wconf 86' lang='lat' dir='ltr'><strong>mutari</strong></span> <span class='ocrx_word' id='word_1_784' title='bbox 3007 3561 3060 3613; x_wconf 87' lang='lat' dir='ltr'><strong>in</strong></span> <span class='ocrx_word' id='word_1_785' title='bbox 3087 3562 3381 3631; x_wconf 72' lang='lat' dir='ltr'><strong>sanguinem</strong></span> <span class='ocrx_word' id='word_1_786' title='bbox 3406 3560 3430 3613; x_wconf 82' lang='lat'><strong><em>?</em></strong></span> <span class='ocrx_word' id='word_1_787' title='bbox 3454 3590 3525 3600; x_wconf 92' lang='lat'>—</span> <span class='ocrx_word' id='word_1_788' title='bbox 3552 3558 3752 3614; x_wconf 82' lang='lat' dir='ltr'><strong>Deinde</strong></span> <span class='ocrx_word' id='word_1_789' title='bbox 3780 3547 3838 3613; x_wconf 81' lang='lat' dir='ltr'><strong>in</strong></span> 
     </span>
    </p>
   </div>
   <div class='ocr_carea' id='block_1_97' title="bbox 2242 3651 3841 3723">
    <p class='ocr_par' dir='ltr' id='par_1_97' title="bbox 2242 3651 3841 3723">
     <span class='ocr_line' id='line_1_97' title="bbox 2242 3651 3841 3723; baseline -0.001 -16"><span class='ocrx_word' id='word_1_790' title='bbox 2242 3652 2553 3723; x_wconf 88' lang='lat' dir='ltr'><strong>metaphora</strong></span> <span class='ocrx_word' id='word_1_791' title='bbox 2596 3653 2695 3707; x_wconf 91' lang='lat' dir='ltr'><strong>insi</strong></span> <span class='ocrx_word' id='word_1_792' title='bbox 2731 3654 2829 3719; x_wconf 87' lang='lat' dir='ltr'><strong>tit,</strong></span> <span class='ocrx_word' id='word_1_793' title='bbox 2862 3653 2961 3707; x_wconf 90' lang='lat' dir='ltr'><strong>sub</strong></span> <span class='ocrx_word' id='word_1_794' title='bbox 2996 3653 3179 3707; x_wconf 88' lang='lat' dir='ltr'><strong>oculos</strong></span> <span class='ocrx_word' id='word_1_795' title='bbox 3219 3652 3525 3707; x_wconf 87' lang='lat' dir='ltr'><strong>auditorum</strong></span> <span class='ocrx_word' id='word_1_796' title='bbox 3564 3651 3841 3705; x_wconf 72' lang='lat' dir='ltr'><strong>excidium</strong></span> 
     </span>
    </p>
   </div>
   <div class='ocr_carea' id='block_1_98' title="bbox 2244 3746 3841 3811">
    <p class='ocr_par' dir='ltr' id='par_1_98' title="bbox 2244 3746 3841 3811">
     <span class='ocr_line' id='line_1_98' title="bbox 2244 3746 3841 3811; baseline -0.002 -12"><span class='ocrx_word' id='word_1_797' title='bbox 2244 3746 2533 3801; x_wconf 89' lang='lat' dir='ltr'><strong>adducens.</strong></span> <span class='ocrx_word' id='word_1_798' title='bbox 2566 3746 2661 3801; x_wconf 91' lang='lat' dir='ltr'><strong>Sol</strong></span> <span class='ocrx_word' id='word_1_799' title='bbox 2687 3756 3000 3801; x_wconf 82' lang='lat' dir='ltr'><strong>convcrtetur</strong></span> <span class='ocrx_word' id='word_1_800' title='bbox 3033 3747 3084 3799; x_wconf 90' lang='lat' dir='ltr'><strong>in</strong></span> <span class='ocrx_word' id='word_1_801' title='bbox 3117 3748 3344 3799; x_wconf 78' lang='lat' dir='ltr'><strong>tenebras</strong></span> <span class='ocrx_word' id='word_1_802' title='bbox 3368 3787 3383 3811; x_wconf 93' lang='lat'><strong>,</strong></span> <span class='ocrx_word' id='word_1_803' title='bbox 3414 3755 3460 3800; x_wconf 85' lang='lat' dir='ltr'><strong>et</strong></span> <span class='ocrx_word' id='word_1_804' title='bbox 3486 3746 3607 3798; x_wconf 89' lang='lat' dir='ltr'><strong>luna</strong></span> <span class='ocrx_word' id='word_1_805' title='bbox 3632 3749 3683 3797; x_wconf 77' lang='lat' dir='ltr'><strong>in</strong></span> <span class='ocrx_word' id='word_1_806' title='bbox 3710 3760 3841 3797; x_wconf 84' lang='lat' dir='ltr'><strong>san-</strong></span> 
     </span>
    </p>
   </div>
   <div class='ocr_carea' id='block_1_99' title="bbox 2245 3834 3840 3913">
    <p class='ocr_par' dir='ltr' id='par_1_99' title="bbox 2245 3834 3840 3913">
     <span class='ocr_line' id='line_1_99' title="bbox 2245 3834 3840 3913; baseline 0 -25"><span class='ocrx_word' id='word_1_807' title='bbox 2245 3839 2466 3907; x_wconf 84' lang='lat' dir='ltr'><strong>guinem.</strong></span> <span class='ocrx_word' id='word_1_808' title='bbox 2498 3837 2613 3909; x_wconf 89' lang='lat' dir='ltr'><strong>(a)[</strong></span> <span class='ocrx_word' id='word_1_809' title='bbox 2638 3838 2772 3905; x_wconf 86' lang='lat' dir='ltr'><strong>Quid</strong></span> <span class='ocrx_word' id='word_1_810' title='bbox 2797 3845 2879 3891; x_wconf 88' lang='lat' dir='ltr'><strong>est</strong></span> <span class='ocrx_word' id='word_1_811' title='bbox 2902 3879 2915 3901; x_wconf 93' lang='lat'><strong>,</strong></span> <span class='ocrx_word' id='word_1_812' title='bbox 2938 3838 3114 3890; x_wconf 87' lang='lat' dir='ltr'><strong>lunam</strong></span> <span class='ocrx_word' id='word_1_813' title='bbox 3146 3838 3334 3890; x_wconf 88' lang='lat' dir='ltr'><strong>mutari</strong></span> <span class='ocrx_word' id='word_1_814' title='bbox 3366 3838 3415 3890; x_wconf 92' lang='lat' dir='ltr'><strong>in</strong></span> <span class='ocrx_word' id='word_1_815' title='bbox 3449 3834 3840 3913; x_wconf 72' lang='lat' dir='ltr'><strong>sanguiucmij</strong></span> 
     </span>
    </p>
   </div>
   <div class='ocr_carea' id='block_1_100' title="bbox 2248 3927 3840 3991">
    <p class='ocr_par' dir='ltr' id='par_1_100' title="bbox 2248 3927 3840 3991">
     <span class='ocr_line' id='line_1_100' title="bbox 2248 3927 3840 3991; baseline -0.004 -7"><span class='ocrx_word' id='word_1_816' title='bbox 2248 3928 2470 3984; x_wconf 79' lang='lat' dir='ltr'><strong>Videtur</strong></span> <span class='ocrx_word' id='word_1_817' title='bbox 2500 3930 2628 3983; x_wconf 89' lang='lat' dir='ltr'><strong>mihi</strong></span> <span class='ocrx_word' id='word_1_818' title='bbox 2663 3930 2748 3983; x_wconf 91' lang='lat' dir='ltr'><strong>hic</strong></span> <span class='ocrx_word' id='word_1_819' title='bbox 2776 3929 3060 3983; x_wconf 87' lang='lat' dir='ltr'><strong>maximam</strong></span> <span class='ocrx_word' id='word_1_820' title='bbox 3095 3928 3296 3983; x_wconf 69' lang='lat' dir='ltr'><strong>czedem</strong></span> <span class='ocrx_word' id='word_1_821' title='bbox 3326 3927 3562 3982; x_wconf 87' lang='lat' dir='ltr'><strong>iudieare</strong></span> <span class='ocrx_word' id='word_1_822' title='bbox 3584 3969 3597 3991; x_wconf 88' lang='lat'><strong>,</strong></span> <span class='ocrx_word' id='word_1_823' title='bbox 3625 3941 3840 3981; x_wconf 88' lang='lat' dir='ltr'><strong>sermo-</strong></span> 
     </span>
    </p>
   </div>
   <div class='ocr_carea' id='block_1_101' title="bbox 2250 4020 3846 4089">
    <p class='ocr_par' dir='ltr' id='par_1_101' title="bbox 2250 4020 3846 4089">
     <span class='ocr_line' id='line_1_101' title="bbox 2250 4020 3846 4089; baseline -0.001 -15"><span class='ocrx_word' id='word_1_824' title='bbox 2250 4036 2478 4089; x_wconf 81' lang='lat' dir='ltr'><strong>nemque</strong></span> <span class='ocrx_word' id='word_1_825' title='bbox 2522 4021 2593 4074; x_wconf 90' lang='lat' dir='ltr'><strong>ita</strong></span> <span class='ocrx_word' id='word_1_826' title='bbox 2639 4022 3015 4075; x_wconf 77' lang='lat' dir='ltr'><strong>coacinnatum</strong></span> <span class='ocrx_word' id='word_1_827' title='bbox 3066 4034 3215 4085; x_wconf 74' lang='lat' dir='ltr'><strong>esse,</strong></span> <span class='ocrx_word' id='word_1_828' title='bbox 3260 4028 3316 4073; x_wconf 92' lang='lat' dir='ltr'><strong>ut</strong></span> <span class='ocrx_word' id='word_1_829' title='bbox 3360 4020 3594 4073; x_wconf 88' lang='lat' dir='ltr'><strong>maximo</strong></span> <span class='ocrx_word' id='word_1_830' title='bbox 3636 4028 3846 4072; x_wconf 82' lang='lat' dir='ltr'><strong>terrore</strong></span> 
     </span>
    </p>
   </div>
   <div class='ocr_carea' id='block_1_102' title="bbox 2249 4110 3847 4182">
    <p class='ocr_par' dir='ltr' id='par_1_102' title="bbox 2249 4110 3847 4182">
     <span class='ocr_line' id='line_1_102' title="bbox 2249 4110 3847 4182; baseline -0.003 -15"><span class='ocrx_word' id='word_1_831' title='bbox 2249 4112 2487 4182; x_wconf 87' lang='lat' dir='ltr'><strong>impleat.</strong></span> <span class='ocrx_word' id='word_1_832' title='bbox 2522 4112 2589 4165; x_wconf 77' lang='lat' dir='ltr'><strong>Et</strong></span> <span class='ocrx_word' id='word_1_833' title='bbox 2618 4113 2711 4166; x_wconf 78' lang='lat' dir='ltr'><strong>erit</strong></span> <span class='ocrx_word' id='word_1_834' title='bbox 2733 4154 2747 4179; x_wconf 91' lang='lat'><strong>,</strong></span> <span class='ocrx_word' id='word_1_835' title='bbox 2781 4112 2944 4166; x_wconf 87' lang='lat' dir='ltr'><strong>omnis</strong></span> <span class='ocrx_word' id='word_1_836' title='bbox 2979 4113 3277 4181; x_wconf 81' lang='lat' dir='ltr'><strong>quicumque</strong></span> <span class='ocrx_word' id='word_1_837' title='bbox 3315 4110 3617 4165; x_wconf 74' lang='lat' dir='ltr'><strong>invocaverit</strong></span> <span class='ocrx_word' id='word_1_838' title='bbox 3657 4126 3847 4163; x_wconf 85' lang='lat' dir='ltr'><strong>nonms</strong></span> 
     </span>
    </p>
   </div>
   <div class='ocr_carea' id='block_1_103' title="bbox 2252 4203 3849 4275">
    <p class='ocr_par' dir='ltr' id='par_1_103' title="bbox 2252 4203 3849 4275">
     <span class='ocr_line' id='line_1_103' title="bbox 2252 4203 3849 4275; baseline -0.002 -15"><span class='ocrx_word' id='word_1_839' title='bbox 2252 4206 2481 4272; x_wconf 88' lang='lat' dir='ltr'><strong>Domini,</strong></span> <span class='ocrx_word' id='word_1_840' title='bbox 2510 4208 2678 4260; x_wconf 84' lang='lat' dir='ltr'><strong>salvus</strong></span> <span class='ocrx_word' id='word_1_841' title='bbox 2718 4208 2829 4260; x_wconf 88' lang='lat' dir='ltr'><strong>erit.</strong></span> <span class='ocrx_word' id='word_1_842' title='bbox 2867 4207 3065 4269; x_wconf 86' lang='lat' dir='ltr'><strong>Omnis,</strong></span> <span class='ocrx_word' id='word_1_843' title='bbox 3101 4208 3289 4275; x_wconf 89' lang='lat' dir='ltr'><strong>inquit,</strong></span> <span class='ocrx_word' id='word_1_844' title='bbox 3324 4214 3378 4259; x_wconf 90' lang='lat' dir='ltr'><strong>ct</strong></span> <span class='ocrx_word' id='word_1_845' title='bbox 3406 4204 3452 4259; x_wconf 88' lang='lat' dir='ltr'><strong>si</strong></span> <span class='ocrx_word' id='word_1_846' title='bbox 3489 4203 3741 4259; x_wconf 85' lang='lat' dir='ltr'><strong>sacerdos</strong></span> <span class='ocrx_word' id='word_1_847' title='bbox 3771 4204 3849 4257; x_wconf 87' lang='lat' dir='ltr'><strong>sit</strong></span> 
     </span>
    </p>
   </div>
   <div class='ocr_carea' id='block_1_104' title="bbox 2252 4295 3845 4369">
    <p class='ocr_par' dir='ltr' id='par_1_104' title="bbox 2252 4295 3845 4369">
     <span class='ocr_line' id='line_1_104' title="bbox 2252 4295 3845 4369; baseline -0.002 -16"><span class='ocrx_word' id='word_1_848' title='bbox 2252 4299 2369 4369; x_wconf 88' lang='lat' dir='ltr'><strong>(sed</strong></span> <span class='ocrx_word' id='word_1_849' title='bbox 2400 4298 2632 4352; x_wconf 91' lang='lat' dir='ltr'><strong>nondum</strong></span> <span class='ocrx_word' id='word_1_850' title='bbox 2661 4298 2907 4364; x_wconf 87' lang='lat' dir='ltr'><strong>revelat),</strong></span> <span class='ocrx_word' id='word_1_851' title='bbox 2929 4299 3041 4353; x_wconf 87' lang='lat' dir='ltr'><strong>sive</strong></span> <span class='ocrx_word' id='word_1_852' title='bbox 3062 4313 3249 4353; x_wconf 85' lang='lat' dir='ltr'><strong>servus</strong></span> <span class='ocrx_word' id='word_1_853' title='bbox 3270 4299 3359 4365; x_wconf 89' lang='lat' dir='ltr'><strong>sit,</strong></span> <span class='ocrx_word' id='word_1_854' title='bbox 3389 4298 3501 4352; x_wconf 88' lang='lat' dir='ltr'><strong>sive</strong></span> <span class='ocrx_word' id='word_1_855' title='bbox 3521 4297 3656 4351; x_wconf 89' lang='lat' dir='ltr'><strong>liber</strong></span> <span class='ocrx_word' id='word_1_856' title='bbox 3679 4314 3691 4348; x_wconf 90' lang='lat'><strong>:</strong></span> <span class='ocrx_word' id='word_1_857' title='bbox 3718 4295 3845 4350; x_wconf 86' lang='lat' dir='ltr'><strong>Non</strong></span> 
     </span>
    </p>
   </div>
   <div class='ocr_carea' id='block_1_105' title="bbox 2253 4389 3843 4460">
    <p class='ocr_par' dir='ltr' id='par_1_105' title="bbox 2253 4389 3843 4460">
     <span class='ocr_line' id='line_1_105' title="bbox 2253 4389 3843 4460; baseline 0 -17"><span class='ocrx_word' id='word_1_858' title='bbox 2253 4400 2324 4444; x_wconf 69' lang='lat' dir='ltr'><strong>est</strong></span> <span class='ocrx_word' id='word_1_859' title='bbox 2351 4392 2481 4444; x_wconf 87' lang='lat' dir='ltr'><strong>enim</strong></span> <span class='ocrx_word' id='word_1_860' title='bbox 2509 4406 2617 4444; x_wconf 88' lang='lat' dir='ltr'><strong>mas</strong></span> <span class='ocrx_word' id='word_1_861' title='bbox 2644 4406 2804 4459; x_wconf 85' lang='lat' dir='ltr'><strong>neque</strong></span> <span class='ocrx_word' id='word_1_862' title='bbox 2830 4391 3019 4460; x_wconf 78' lang='lat' dir='ltr'><strong>femina</strong></span> <span class='ocrx_word' id='word_1_863' title='bbox 3047 4391 3100 4444; x_wconf 90' lang='lat' dir='ltr'><strong>in</strong></span> <span class='ocrx_word' id='word_1_864' title='bbox 3127 4389 3327 4444; x_wconf 84' lang='lat' dir='ltr'><strong>Christo</strong></span> <span class='ocrx_word' id='word_1_865' title='bbox 3352 4389 3383 4442; x_wconf 85' lang='lat' dir='ltr'><em>J</em></span> <span class='ocrx_word' id='word_1_866' title='bbox 3391 4407 3495 4455; x_wconf 86' lang='lat' dir='ltr'><strong>esu,</strong></span> <span class='ocrx_word' id='word_1_867' title='bbox 3519 4406 3620 4443; x_wconf 87' lang='lat' dir='ltr'><strong>non</strong></span> <span class='ocrx_word' id='word_1_868' title='bbox 3648 4405 3843 4454; x_wconf 78' lang='lat' dir='ltr'><strong>servus,</strong></span> 
     </span>
    </p>
   </div>
   <div class='ocr_carea' id='block_1_106' title="bbox 2252 4482 3849 4555">
    <p class='ocr_par' dir='ltr' id='par_1_106' title="bbox 2252 4482 3849 4555">
     <span class='ocr_line' id='line_1_106' title="bbox 2252 4482 3849 4555; baseline -0.001 -18"><span class='ocrx_word' id='word_1_869' title='bbox 2252 4500 2352 4537; x_wconf 82' lang='lat' dir='ltr'><strong>ncn</strong></span> <span class='ocrx_word' id='word_1_870' title='bbox 2378 4482 2501 4538; x_wconf 84' lang='lat' dir='ltr'><strong>liber</strong></span> <span class='ocrx_word' id='word_1_871' title='bbox 2530 4484 2670 4555; x_wconf 76' lang='lat' dir='ltr'><strong>(Gal.</strong></span> <span class='ocrx_word' id='word_1_872' title='bbox 2698 4486 2750 4538; x_wconf 80' lang='grc'><strong>5.</strong></span> <span class='ocrx_word' id='word_1_873' title='bbox 2778 4482 2893 4555; x_wconf 73' lang='grc' dir='ltr'><strong>Ξ8).</strong></span> <span class='ocrx_word' id='word_1_874' title='bbox 2921 4484 3047 4539; x_wconf 83' lang='lat' dir='ltr'><strong>Jure</strong></span> <span class='ocrx_word' id='word_1_875' title='bbox 3073 4484 3284 4553; x_wconf 89' lang='lat' dir='ltr'><strong>quidem</strong></span> <span class='ocrx_word' id='word_1_876' title='bbox 3315 4502 3327 4536; x_wconf 94' lang='lat'>:</span> <span class='ocrx_word' id='word_1_877' title='bbox 3359 4484 3459 4538; x_wconf 90' lang='lat' dir='ltr'><strong>hoc</strong></span> <span class='ocrx_word' id='word_1_878' title='bbox 3488 4483 3629 4537; x_wconf 87' lang='lat' dir='ltr'><strong>enim</strong></span> <span class='ocrx_word' id='word_1_879' title='bbox 3656 4482 3849 4537; x_wconf 87' lang='lat' dir='ltr'><strong>discri-</strong></span> 
     </span>
    </p>
   </div>
   <div class='ocr_carea' id='block_1_107' title="bbox 2253 4575 3847 4644">
    <p class='ocr_par' dir='ltr' id='par_1_107' title="bbox 2253 4575 3847 4644">
     <span class='ocr_line' id='line_1_107' title="bbox 2253 4575 3847 4644; baseline -0.001 -13"><span class='ocrx_word' id='word_1_880' title='bbox 2253 4593 2377 4631; x_wconf 86' lang='lat' dir='ltr'><strong>men</strong></span> <span class='ocrx_word' id='word_1_881' title='bbox 2410 4578 2494 4631; x_wconf 86' lang='lat' dir='ltr'><strong>hic</strong></span> <span class='ocrx_word' id='word_1_882' title='bbox 2520 4589 2637 4643; x_wconf 88' lang='lat' dir='ltr'><strong>est,</strong></span> <span class='ocrx_word' id='word_1_883' title='bbox 2665 4578 2755 4632; x_wconf 86' lang='lat' dir='ltr'><strong>ubi</strong></span> <span class='ocrx_word' id='word_1_884' title='bbox 2781 4577 2957 4633; x_wconf 90' lang='lat' dir='ltr'><strong>omnia</strong></span> <span class='ocrx_word' id='word_1_885' title='bbox 2986 4578 3168 4631; x_wconf 86' lang='lat' dir='ltr'><strong>umbra</strong></span> <span class='ocrx_word' id='word_1_886' title='bbox 3210 4586 3351 4630; x_wconf 90' lang='lat' dir='ltr'><strong>sunt.</strong></span> <span class='ocrx_word' id='word_1_887' title='bbox 3385 4576 3517 4630; x_wconf 86' lang='lat' dir='ltr'><strong>Nam</strong></span> <span class='ocrx_word' id='word_1_888' title='bbox 3549 4577 3592 4631; x_wconf 90' lang='lat' dir='ltr'><strong>si</strong></span> <span class='ocrx_word' id='word_1_889' title='bbox 3622 4576 3671 4629; x_wconf 90' lang='lat' dir='ltr'><strong>in</strong></span> <span class='ocrx_word' id='word_1_890' title='bbox 3701 4575 3847 4644; x_wconf 80' lang='lat' dir='ltr'><strong>regia</strong></span> 
     </span>
    </p>
   </div>
   <div class='ocr_carea' id='block_1_108' title="bbox 2259 4668 3851 4740">
    <p class='ocr_par' dir='ltr' id='par_1_108' title="bbox 2259 4668 3851 4740">
     <span class='ocr_line' id='line_1_108' title="bbox 2259 4668 3851 4740; baseline 0.002 -19"><span class='ocrx_word' id='word_1_891' title='bbox 2259 4684 2414 4723; x_wconf 90' lang='lat' dir='ltr'><strong>nemo</strong></span> <span class='ocrx_word' id='word_1_892' title='bbox 2442 4668 2656 4735; x_wconf 86' lang='lat' dir='ltr'><strong>nobilis,</strong></span> <span class='ocrx_word' id='word_1_893' title='bbox 2687 4685 2842 4724; x_wconf 89' lang='lat' dir='ltr'><strong>nemo</strong></span> <span class='ocrx_word' id='word_1_894' title='bbox 2870 4670 3136 4740; x_wconf 79' lang='lat' dir='ltr'><strong>ignobilis,</strong></span> <span class='ocrx_word' id='word_1_895' title='bbox 3163 4670 3254 4723; x_wconf 88' lang='lat' dir='ltr'><strong>sed</strong></span> <span class='ocrx_word' id='word_1_896' title='bbox 3281 4686 3373 4723; x_wconf 89' lang='lat' dir='ltr'><strong>sua</strong></span> <span class='ocrx_word' id='word_1_897' title='bbox 3398 4684 3662 4739; x_wconf 85' lang='lat' dir='ltr'><strong>quemque</strong></span> <span class='ocrx_word' id='word_1_898' title='bbox 3680 4683 3851 4740; x_wconf 85' lang='lat' dir='ltr'><strong>opera</strong></span> 
     </span>
    </p>
   </div>
   <div class='ocr_carea' id='block_1_109' title="bbox 2258 4761 3854 4831">
    <p class='ocr_par' dir='ltr' id='par_1_109' title="bbox 2258 4761 3854 4831">
     <span class='ocr_line' id='line_1_109' title="bbox 2258 4761 3854 4831; baseline 0.001 -18"><span class='ocrx_word' id='word_1_899' title='bbox 2258 4767 2459 4825; x_wconf 89' lang='lat' dir='ltr'><strong>notant,</strong></span> <span class='ocrx_word' id='word_1_900' title='bbox 2484 4770 2535 4816; x_wconf 88' lang='lat' dir='ltr'><strong>et</strong></span> <span class='ocrx_word' id='word_1_901' title='bbox 2556 4763 2601 4815; x_wconf 90' lang='lat' dir='ltr'><strong>si</strong></span> <span class='ocrx_word' id='word_1_902' title='bbox 2624 4762 2675 4815; x_wconf 91' lang='lat' dir='ltr'><strong>in</strong></span> <span class='ocrx_word' id='word_1_903' title='bbox 2698 4769 2810 4816; x_wconf 87' lang='lat' dir='ltr'><strong>arte</strong></span> <span class='ocrx_word' id='word_1_904' title='bbox 2834 4776 2967 4831; x_wconf 81' lang='lat' dir='ltr'><strong>Opus</strong></span> <span class='ocrx_word' id='word_1_905' title='bbox 2993 4762 3331 4817; x_wconf 88' lang='lat' dir='ltr'><strong>commendat</strong></span> <span class='ocrx_word' id='word_1_906' title='bbox 3356 4761 3613 4816; x_wconf 80' lang='lat' dir='ltr'><strong>artiﬁcem</strong></span> <span class='ocrx_word' id='word_1_907' title='bbox 3643 4781 3656 4817; x_wconf 90' lang='lat'><strong>:</strong></span> <span class='ocrx_word' id='word_1_908' title='bbox 3680 4762 3854 4816; x_wconf 90' lang='lat' dir='ltr'><strong>multo</strong></span> 
     </span>
    </p>
   </div>
   <div class='ocr_carea' id='block_1_110' title="bbox 2258 4832 3857 4931">
    <p class='ocr_par' dir='ltr' id='par_1_110' title="bbox 2258 4832 3857 4931">
     <span class='ocr_line' id='line_1_110' title="bbox 2258 4832 3857 4931; baseline 0.001 -26"><span class='ocrx_word' id='word_1_909' title='bbox 2258 4832 2423 4921; x_wconf 73' lang='lat' dir='ltr'><strong>magis</strong></span> <span class='ocrx_word' id='word_1_910' title='bbox 2451 4853 2501 4906; x_wconf 91' lang='lat' dir='ltr'><strong>in</strong></span> <span class='ocrx_word' id='word_1_911' title='bbox 2528 4853 2618 4906; x_wconf 92' lang='lat' dir='ltr'><strong>illo</strong></span> <span class='ocrx_word' id='word_1_912' title='bbox 2642 4862 2802 4907; x_wconf 85' lang='lat' dir='ltr'><strong>statu.</strong></span> <span class='ocrx_word' id='word_1_913' title='bbox 2830 4853 3006 4909; x_wconf 83' lang='lat' dir='ltr'><strong>Omnis</strong></span> <span class='ocrx_word' id='word_1_914' title='bbox 3030 4855 3323 4931; x_wconf 77' lang='lat' dir='ltr'><strong>quicumque</strong></span> <span class='ocrx_word' id='word_1_915' title='bbox 3348 4856 3665 4908; x_wconf 82' lang='lat' dir='ltr'><strong>invocaverit.</strong></span> <span class='ocrx_word' id='word_1_916' title='bbox 3694 4852 3857 4907; x_wconf 78' lang='lat' dir='ltr'><strong>Invo-</strong></span> 
     </span>
    </p>
   </div>
   <div class='ocr_carea' id='block_1_111' title="bbox 2257 4946 3852 5019">
    <p class='ocr_par' dir='ltr' id='par_1_111' title="bbox 2257 4946 3852 5019">
     <span class='ocr_line' id='line_1_111' title="bbox 2257 4946 3852 5019; baseline -0.001 -18"><span class='ocrx_word' id='word_1_917' title='bbox 2257 4948 2465 5013; x_wconf 82' lang='lat' dir='ltr'><strong>caverit,</strong></span> <span class='ocrx_word' id='word_1_918' title='bbox 2492 4947 2727 5017; x_wconf 87' lang='lat' dir='ltr'><strong>inquam,</strong></span> <span class='ocrx_word' id='word_1_919' title='bbox 2752 4962 2856 5001; x_wconf 91' lang='lat' dir='ltr'><strong>non</strong></span> <span class='ocrx_word' id='word_1_920' title='bbox 2879 4948 3062 5018; x_wconf 87' lang='lat' dir='ltr'><strong>quavis</strong></span> <span class='ocrx_word' id='word_1_921' title='bbox 3084 4948 3287 5002; x_wconf 90' lang='lat' dir='ltr'><strong>ratione</strong></span> <span class='ocrx_word' id='word_1_922' title='bbox 3309 4946 3455 5019; x_wconf 80' lang='lat' dir='ltr'><strong>(Non</strong></span> <span class='ocrx_word' id='word_1_923' title='bbox 3477 4948 3628 5009; x_wconf 85' lang='lat' dir='ltr'><strong>enim,</strong></span> <span class='ocrx_word' id='word_1_924' title='bbox 3654 4946 3852 5016; x_wconf 89' lang='lat' dir='ltr'><strong>inquit,</strong></span> 
     </span>
    </p>
   </div>
   <div class='ocr_carea' id='block_1_112' title="bbox 2259 5036 3855 5111">
    <p class='ocr_par' dir='ltr' id='par_1_112' title="bbox 2259 5036 3855 5111">
     <span class='ocr_line' id='line_1_112' title="bbox 2259 5036 3855 5111; baseline 0.001 -20"><span class='ocrx_word' id='word_1_925' title='bbox 2259 5040 2421 5093; x_wconf 88' lang='lat' dir='ltr'><strong>omnis</strong></span> <span class='ocrx_word' id='word_1_926' title='bbox 2448 5038 2534 5108; x_wconf 75' lang='lat' dir='ltr'><strong>qui</strong></span> <span class='ocrx_word' id='word_1_927' title='bbox 2554 5039 2677 5093; x_wconf 83' lang='lat' dir='ltr'><strong>dicit</strong></span> <span class='ocrx_word' id='word_1_928' title='bbox 2704 5039 2848 5108; x_wconf 81' lang='lat' dir='ltr'><strong>mihi,</strong></span> <span class='ocrx_word' id='word_1_929' title='bbox 2878 5038 3110 5109; x_wconf 87' lang='lat' dir='ltr'><strong>Domine,</strong></span> <span class='ocrx_word' id='word_1_930' title='bbox 3138 5038 3351 5094; x_wconf 85' lang='lat' dir='ltr'><strong>Domine</strong></span> <span class='ocrx_word' id='word_1_931' title='bbox 3377 5038 3589 5111; x_wconf 75' lang='lat' dir='ltr'><strong>[Matt/i.</strong></span> <span class='ocrx_word' id='word_1_932' title='bbox 3616 5040 3668 5092; x_wconf 88' lang='grc'><strong>7.</strong></span> <span class='ocrx_word' id='word_1_933' title='bbox 3696 5036 3787 5109; x_wconf 70' lang='lat'><strong>22]</strong></span> <span class='ocrx_word' id='word_1_934' title='bbox 3808 5041 3855 5110; x_wconf 82' lang='lat'><strong>),</strong></span> 
     </span>
    </p>
   </div>
   <div class='ocr_carea' id='block_1_113' title="bbox 2258 5132 3859 5203">
    <p class='ocr_par' dir='ltr' id='par_1_113' title="bbox 2258 5132 3859 5203">
     <span class='ocr_line' id='line_1_113' title="bbox 2258 5132 3859 5203; baseline 0.001 -16"><span class='ocrx_word' id='word_1_935' title='bbox 2258 5132 2352 5189; x_wconf 90' lang='lat' dir='ltr'><strong>sed</strong></span> <span class='ocrx_word' id='word_1_936' title='bbox 2374 5133 2604 5202; x_wconf 91' lang='lat' dir='ltr'><strong>quicum</strong></span> <span class='ocrx_word' id='word_1_937' title='bbox 2632 5132 2847 5199; x_wconf 86' lang='lat' dir='ltr'><strong>all‘ectu,</strong></span> <span class='ocrx_word' id='word_1_938' title='bbox 2869 5149 2988 5188; x_wconf 90' lang='lat' dir='ltr'><strong>cum</strong></span> <span class='ocrx_word' id='word_1_939' title='bbox 3013 5136 3210 5203; x_wconf 90' lang='lat' dir='ltr'><strong>optima</strong></span> <span class='ocrx_word' id='word_1_940' title='bbox 3235 5136 3363 5200; x_wconf 88' lang='lat' dir='ltr'><strong>vita,</strong></span> <span class='ocrx_word' id='word_1_941' title='bbox 3388 5148 3509 5187; x_wconf 91' lang='lat' dir='ltr'><strong>cum</strong></span> <span class='ocrx_word' id='word_1_942' title='bbox 3537 5136 3859 5202; x_wconf 86' lang='lat' dir='ltr'><strong>congruenti</strong></span> 
     </span>
    </p>
   </div>
   <div class='ocr_carea' id='block_1_114' title="bbox 2259 5222 3859 5295">
    <p class='ocr_par' dir='ltr' id='par_1_114' title="bbox 2259 5222 3859 5295">
     <span class='ocr_line' id='line_1_114' title="bbox 2259 5222 3859 5295; baseline 0.001 -19"><span class='ocrx_word' id='word_1_943' title='bbox 2259 5222 2470 5277; x_wconf 84' lang='lat' dir='ltr'><strong>ﬁducia.</strong></span> <span class='ocrx_word' id='word_1_944' title='bbox 2505 5222 2718 5277; x_wconf 88' lang='lat' dir='ltr'><strong>Interim</strong></span> <span class='ocrx_word' id='word_1_945' title='bbox 2750 5239 2855 5279; x_wconf 91' lang='lat' dir='ltr'><strong>non</strong></span> <span class='ocrx_word' id='word_1_946' title='bbox 2886 5224 3107 5279; x_wconf 88' lang='lat' dir='ltr'><strong>moleste</strong></span> <span class='ocrx_word' id='word_1_947' title='bbox 3136 5224 3388 5295; x_wconf 83' lang='lat' dir='ltr'><strong>loquitur,</strong></span> <span class='ocrx_word' id='word_1_948' title='bbox 3418 5223 3485 5278; x_wconf 91' lang='lat' dir='ltr'><strong>de</strong></span> <span class='ocrx_word' id='word_1_949' title='bbox 3518 5222 3620 5278; x_wconf 83' lang='lat' dir='ltr'><strong>ﬁde</strong></span> <span class='ocrx_word' id='word_1_950' title='bbox 3649 5238 3818 5293; x_wconf 88' lang='lat' dir='ltr'><strong>agens</strong></span> <span class='ocrx_word' id='word_1_951' title='bbox 3839 5266 3859 5291; x_wconf 88' lang='lat'><strong>,</strong></span> 
     </span>
    </p>
   </div>
   <div class='ocr_carea' id='block_1_115' title="bbox 2260 5317 3861 5387">
    <p class='ocr_par' dir='ltr' id='par_1_115' title="bbox 2260 5317 3861 5387">
     <span class='ocr_line' id='line_1_115' title="bbox 2260 5317 3861 5387; baseline 0.002 -16"><span class='ocrx_word' id='word_1_952' title='bbox 2260 5330 2435 5386; x_wconf 87' lang='lat' dir='ltr'><strong>neque</strong></span> <span class='ocrx_word' id='word_1_953' title='bbox 2462 5317 2701 5387; x_wconf 88' lang='lat' dir='ltr'><strong>supplicii</strong></span> <span class='ocrx_word' id='word_1_954' title='bbox 2734 5326 2991 5374; x_wconf 89' lang='lat' dir='ltr'><strong>terrorem</strong></span> <span class='ocrx_word' id='word_1_955' title='bbox 3027 5318 3381 5374; x_wconf 86' lang='lat' dir='ltr'><strong>abscondens.</strong></span> <span class='ocrx_word' id='word_1_956' title='bbox 3410 5317 3721 5386; x_wconf 79' lang='lat' dir='ltr'><strong>Quomodo?</strong></span> <span class='ocrx_word' id='word_1_957' title='bbox 3748 5317 3861 5374; x_wconf 86' lang='lat' dir='ltr'><strong>Os-</strong></span> 
     </span>
    </p>
   </div>
   <div class='ocr_carea' id='block_1_116' title="bbox 2261 5408 3294 5468">
    <p class='ocr_par' dir='ltr' id='par_1_116' title="bbox 2261 5408 3294 5468">
     <span class='ocr_line' id='line_1_116' title="bbox 2261 5408 3294 5468; baseline 0.003 -4"><span class='ocrx_word' id='word_1_958' title='bbox 2261 5408 2433 5464; x_wconf 90' lang='lat' dir='ltr'><strong>tendit</strong></span> <span class='ocrx_word' id='word_1_959' title='bbox 2456 5409 2507 5464; x_wconf 89' lang='lat' dir='ltr'><strong>in</strong></span> <span class='ocrx_word' id='word_1_960' title='bbox 2539 5410 2874 5467; x_wconf 84' lang='lat' dir='ltr'><strong>invocatione</strong></span> <span class='ocrx_word' id='word_1_961' title='bbox 2900 5413 3125 5468; x_wconf 89' lang='lat' dir='ltr'><strong>salutem</strong></span> <span class='ocrx_word' id='word_1_962' title='bbox 3156 5426 3294 5467; x_wconf 89' lang='lat' dir='ltr'><strong>esse.</strong></span> 
     </span>
    </p>
   </div>
   <div class='ocr_carea' id='block_1_117' title="bbox 2333 5498 3862 5572">
    <p class='ocr_par' dir='ltr' id='par_1_117' title="bbox 2333 5498 3862 5572">
     <span class='ocr_line' id='line_1_117' title="bbox 2333 5498 3862 5572; baseline 0.001 -18"><span class='ocrx_word' id='word_1_963' title='bbox 2333 5500 2386 5554; x_wconf 77' lang='grc'><strong>5.</strong></span> <span class='ocrx_word' id='word_1_964' title='bbox 2418 5498 2574 5566; x_wconf 88' lang='lat' dir='ltr'><strong>Quid,</strong></span> <span class='ocrx_word' id='word_1_965' title='bbox 2604 5517 2804 5570; x_wconf 58' lang='lat' dir='ltr'><strong>quaeso,</strong></span> <span class='ocrx_word' id='word_1_966' title='bbox 2837 5503 3008 5559; x_wconf 82' lang='lat' dir='ltr'><strong>dicis?</strong></span> <span class='ocrx_word' id='word_1_967' title='bbox 3033 5505 3256 5558; x_wconf 90' lang='lat' dir='ltr'><strong>salutem</strong></span> <span class='ocrx_word' id='word_1_968' title='bbox 3282 5518 3548 5560; x_wconf 88' lang='lat' dir='ltr'><strong>memoras</strong></span> <span class='ocrx_word' id='word_1_969' title='bbox 3582 5511 3699 5572; x_wconf 87' lang='lat' dir='ltr'><strong>post</strong></span> <span class='ocrx_word' id='word_1_970' title='bbox 3724 5518 3862 5556; x_wconf 82' lang='lat' dir='ltr'><strong>rru-</strong></span> 
     </span>
    </p>
   </div>
   <div class='ocr_carea' id='block_1_118' title="bbox 2260 5591 3856 5666">
    <p class='ocr_par' dir='ltr' id='par_1_118' title="bbox 2260 5591 3856 5666">
     <span class='ocr_line' id='line_1_118' title="bbox 2260 5591 3856 5666; baseline 0.002 -20"><span class='ocrx_word' id='word_1_971' title='bbox 2260 5591 2419 5646; x_wconf 88' lang='lat' dir='ltr'><strong>cem?</strong></span> <span class='ocrx_word' id='word_1_972' title='bbox 2457 5591 2721 5663; x_wconf 80' lang='lat' dir='ltr'><strong>Exspecta</strong></span> <span class='ocrx_word' id='word_1_973' title='bbox 2764 5595 2974 5651; x_wconf 88' lang='lat' dir='ltr'><strong>interim</strong></span> <span class='ocrx_word' id='word_1_974' title='bbox 3007 5615 3018 5650; x_wconf 94' lang='lat'>:</span> <span class='ocrx_word' id='word_1_975' title='bbox 3050 5610 3235 5666; x_wconf 84' lang='lat' dir='ltr'><strong>magna</strong></span> <span class='ocrx_word' id='word_1_976' title='bbox 3280 5606 3361 5650; x_wconf 87' lang='lat' dir='ltr'><strong>est</strong></span> <span class='ocrx_word' id='word_1_977' title='bbox 3404 5595 3499 5649; x_wconf 87' lang='lat' dir='ltr'><strong>Dei</strong></span> <span class='ocrx_word' id='word_1_978' title='bbox 3543 5595 3856 5651; x_wconf 87' lang='lat' dir='ltr'><strong>clementia.</strong></span> 
     </span>
    </p>
   </div>
   <div class='ocr_carea' id='block_1_119' title="bbox 2262 5684 3860 5757">
    <p class='ocr_par' dir='ltr' id='par_1_119' title="bbox 2262 5684 3860 5757">
     <span class='ocr_line' id='line_1_119' title="bbox 2262 5684 3860 5757; baseline 0.004 -18"><span class='ocrx_word' id='word_1_979' title='bbox 2262 5684 2327 5740; x_wconf 86' lang='lat' dir='ltr'><strong>Et</strong></span> <span class='ocrx_word' id='word_1_980' title='bbox 2358 5686 2459 5741; x_wconf 91' lang='lat' dir='ltr'><strong>hoc</strong></span> <span class='ocrx_word' id='word_1_981' title='bbox 2500 5701 2606 5741; x_wconf 92' lang='lat' dir='ltr'><strong>non</strong></span> <span class='ocrx_word' id='word_1_982' title='bbox 2646 5687 2820 5743; x_wconf 90' lang='lat' dir='ltr'><strong>minus</strong></span> <span class='ocrx_word' id='word_1_983' title='bbox 2864 5688 3093 5744; x_wconf 85' lang='lat' dir='ltr'><strong>ostendit</strong></span> <span class='ocrx_word' id='word_1_984' title='bbox 3123 5689 3271 5743; x_wconf 82' lang='lat' dir='ltr'><strong>illum</strong></span> <span class='ocrx_word' id='word_1_985' title='bbox 3308 5702 3429 5743; x_wconf 89' lang='lat' dir='ltr'><strong>esse</strong></span> <span class='ocrx_word' id='word_1_986' title='bbox 3459 5687 3623 5742; x_wconf 90' lang='lat' dir='ltr'><strong>Deum</strong></span> <span class='ocrx_word' id='word_1_987' title='bbox 3644 5728 3658 5751; x_wconf 95' lang='lat'><strong>,</strong></span> <span class='ocrx_word' id='word_1_988' title='bbox 3691 5704 3860 5757; x_wconf 80' lang='lat' dir='ltr'><strong>quain</strong></span> 
     </span>
    </p>
   </div>
   <div class='ocr_carea' id='block_1_120' title="bbox 2297 5822 3863 5933">
    <p class='ocr_par' dir='ltr' id='par_1_120' title="bbox 2297 5822 3863 5933">
     <span class='ocr_line' id='line_1_120' title="bbox 2297 5822 3863 5933; baseline -0.002 -61"><span class='ocrx_word' id='word_1_989' title='bbox 2297 5825 2400 5933; x_wconf 61' lang='lat' dir='ltr'><strong>dto)</strong></span> <span class='ocrx_word' id='word_1_990' title='bbox 2417 5833 2529 5883; x_wconf 68' lang='lat' dir='ltr'><strong>Qum</strong></span> <span class='ocrx_word' id='word_1_991' title='bbox 2549 5826 2734 5875; x_wconf 85' lang='lat' dir='ltr'><strong>uncinis</strong></span> <span class='ocrx_word' id='word_1_992' title='bbox 2757 5824 3064 5887; x_wconf 83' lang='lat' dir='ltr'><strong>clauduntur,</strong></span> <span class='ocrx_word' id='word_1_993' title='bbox 3082 5824 3286 5875; x_wconf 85' lang='lat' dir='ltr'><strong>deerant</strong></span> <span class='ocrx_word' id='word_1_994' title='bbox 3325 5823 3374 5875; x_wconf 89' lang='lat' dir='ltr'><strong>in</strong></span> <span class='ocrx_word' id='word_1_995' title='bbox 3398 5822 3558 5883; x_wconf 84' lang='lat' dir='ltr'><strong>editis,</strong></span> <span class='ocrx_word' id='word_1_996' title='bbox 3579 5828 3632 5873; x_wconf 87' lang='lat' dir='ltr'><strong>et</strong></span> <span class='ocrx_word' id='word_1_997' title='bbox 3650 5835 3710 5872; x_wconf 86' lang='lat' dir='ltr'><strong>ex</strong></span> <span class='ocrx_word' id='word_1_998' title='bbox 3742 5827 3863 5869; x_wconf 66' lang='grc' dir='ltr'><strong>ΜΒ.</strong></span> 
     </span>
     <span class='ocr_line' id='line_1_121' title="bbox 2332 5897 2612 5933; baseline 0 0"><span class='ocrx_word' id='word_1_999' title='bbox 2332 5897 2457 5933; x_wconf 71' lang='lat' dir='ltr'><strong>IUL&#39;L&#39;I</strong></span> <span class='ocrx_word' id='word_1_1000' title='bbox 2481 5897 2612 5933; x_wconf 78' lang='lat' dir='ltr'><strong>Slﬂll.</strong></span> 
     </span>
    </p>
   </div>
   <div class='ocr_carea' id='block_1_121' title="bbox 2268 5897 2612 5947">
    <p class='ocr_par' dir='ltr' id='par_1_121' title="bbox 2268 5897 2612 5947">
     <span class='ocr_line' id='line_1_122' title="bbox 2268 5897 2612 5947; baseline 0.012 -14"><span class='ocrx_word' id='word_1_1001' title='bbox 2268 5897 2457 5947; x_wconf 60' lang='lat' dir='ltr'><strong>adjecta</strong></span> <span class='ocrx_word' id='word_1_1002' title='bbox 2481 5897 2612 5938; x_wconf 87' lang='lat' dir='ltr'><strong>sunt.</strong></span> 
     </span>
    </p>
   </div>
  </div>
