4014 6492
203 457 251 512 53
1130 447 1196 503 IN
1238 445 1414 502 ACTA
1458 442 2234 502 APOSTOIDRUMJIOMIL.
2283 441 2343 496 V.
3417 427 3480 478 fit

193 572 466 632 resurrectio
492 579 547 625 et
574 569 736 639 signa
761 609 778 634 ,
811 567 951 638 quod
984 581 1174 636 nempe
1202 566 1320 619 illos
1349 563 1594 618 advocet.
1624 560 1759 616 Nam

191 667 302 736 quod
324 665 600 720 admodum
635 663 849 717 bonum
871 703 888 726 ,
927 660 1035 714 Deo
1075 658 1308 713 maxime
1349 655 1620 725 prOprium
1652 661 1756 708 est.

189 758 286 813 ideo
305 757 436 816 dicit.
468 754 637 809 Nemo
665 754 858 818 bonus,
883 751 984 805 nisi
1018 767 1146 803 unus
1172 747 1312 802 Deus
1337 746 1487 814 (Luc.
1524 746 1612 800 18.
1647 742 1756 812 19).

185 852 268 905 Sed
294 866 352 904 ne
376 849 670 911 bonitatem
703 847 760 900 in
785 844 1004 900 desidia:
1030 841 1367 897 occasionem
1395 837 1716 906 arripiamus
1741 852 1754 886 :

184 958 280 996 nam
304 941 442 1010 punit
459 939 624 992 etiam
649 947 711 992 ut
744 937 909 992 Dens.
934 935 1057 989 llaec
1079 948 1206 1002 ergo
1231 931 1355 986 fecit
1382 931 1444 993 is,
1473 928 1562 1000 qui
1585 927 1752 984 dixit:

183 1034 329 1087 Omnis
367 1033 670 1101 quicumque
715 1029 1024 1084 invocaverit
1069 1041 1249 1079 nomen
1297 1022 1546 1086 Domini,
1583 1021 1755 1075 salvus

179 1125 271 1178 erit.
299 1122 364 1178 De
391 1122 551 1177 rebus
580 1121 945 1192 Jerosolyma:
972 1121 1184 1189 loquor,
1213 1116 1282 1172 de
1311 1112 1634 1170 intolerabili
1663 1113 1751 1166 illa

179 1216 378 1268 ultione:
406 1214 472 1269 de
501 1227 608 1283 qua
640 1212 800 1266 vobis
831 1227 975 1267 nunc
1015 1224 1179 1280 pauca
1211 1208 1400 1278 loquar
1426 1205 1601 1267 utilia,
1637 1213 1749 1257 tum

176 1315 324 1358 contra
352 1303 752 1368 Iarcionistas,
787 1311 898 1356 tum
925 1311 1108 1356 contra
1138 1298 1274 1353 alios
1304 1296 1500 1351 multos
1531 1294 1748 1349 lia-reti-

176 1412 261 1448 cos.
286 1394 403 1462 Quia
433 1397 580 1450 enim
612 1396 806 1450 dicunt
837 1395 1035 1448 bonum
1070 1392 1239 1447 Deum
1268 1389 1564 1454 Christum,
1598 1387 1745 1442 illum

174 1503 274 1542 vero
309 1489 495 1542 malum
529 1505 547 1549 ;
577 1487 903 1551 videamus,
933 1485 1052 1556 quis
1093 1484 1206 1539 hare
1235 1482 1440 1538 fecerit.
1473 1480 1605 1549 Quis
1631 1480 1747 1534 hate

171 1596 274 1652 ergo
297 1580 429 1646 fecit,
459 1581 717 1636 malusne
744 1580 891 1635 illum
924 1576 1226 1633 ulciscens?
1249 1575 1483 1630 Minime.
1511 1573 1748 1640 Quomo-

170 1673 224 1724 do
258 1672 402 1740 igitur
438 1673 508 1726 ab
549 1672 648 1726 illo
691 1670 941 1725 alienus?
971 1670 1054 1723 An
1093 1667 1267 1720 bonus
1311 1665 1412 1719 hoc
1449 1662 1608 1718 fecit?
1637 1661 1742 1716 Sed

169 1764 526 1819 demonstratur
567 1774 626 1819 et
673 1764 890 1818 Patrem
919 1772 971 1816 et
1012 1761 1202 1816 Filium
1236 1759 1337 1814 hoc
1365 1758 1557 1814 fecisse
1592 1776 1605 1810 :
1636 1756 1742 1810 Pa-

170 1866 274 1910 trem
305 1857 476 1911 multis
505 1858 560 1910 in
594 1855 736 1911 locis
756 1898 769 1920 ,
803 1864 856 1908 ut
885 1869 1007 1910 cum
1032 1852 1230 1907 dicitur
1250 1895 1262 1914 ,
1297 1852 1585 1906 missurum
1617 1864 1740 1904 cmn

167 1963 260 2002 csse
281 1950 536 2004 exercitus
553 1964 698 2003 suos
725 1949 780 2001 in
804 1947 1012 2001 vineam
1036 1944 1251 2016 (Matth.
1281 1942 1371 1996 20.
1399 1941 1455 2009 2)
1480 1957 1494 2006 ;
1523 1939 1737 2005 Filium,

166 2052 208 2092 ut
228 2041 419 2108 quando
446 2041 576 2095 dicit
600 2058 617 2094 :
648 2039 895 2093 Inimicos
919 2047 1084 2091 autem
1116 2052 1250 2090 meos
1280 2035 1521 2088 adducite
1539 2045 1584 2087 et
1606 2033 1740 2087 occi-

165 2133 244 2182 dite
267 2147 422 2184 coram
451 2149 531 2184 me
549 2175 564 2195 ,
598 2148 689 2186 eos
716 2133 800 2200 qui
829 2131 1098 2185 noluerunt
1127 2146 1207 2182 me
1236 2145 1451 2198 regnare
1476 2144 1629 2196 super
1655 2143 1740 2181 eos

165 2221 295 2282 (Lac.
329 2224 408 2278 l9.
436 2223 505 2277 27
528 2229 567 2294 ).
607 2225 863 2295 Alioquin
897 2239 1022 2279 vero
1055 2231 1109 2278 et
1151 2222 1264 2291 ipse
1308 2231 1489 2276 narrat
1531 2221 1739 2276 futuras

166 2315 520 2382 tabulationes,
549 2317 752 2386 quibus
784 2317 923 2370 nulla
955 2330 1204 2385 umquam
1237 2314 1504 2369 crudelior
1535 2313 1650 2379 fuit,
1683 2323 1740 2368 et

166 2408 255 2474 ipse
282 2409 390 2463 illas
423 2409 790 2463 annuntiavit.
828 2408 920 2463 Vis
945 2408 1154 2475 audire,
1186 2423 1305 2478 qua:
1337 2406 1470 2462 facta
1502 2406 1738 2493 fuerint?

165 2497 369 2553 Vernbus
397 2501 517 2556 illos
543 2504 962 2556 transtixerunt.
990 2502 1126 2570 Quid
1156 2501 1255 2554 hoc
1282 2498 1590 2570 spectaculo
1617 2513 1738 2575 gra-

163 2594 291 2648 vinsl
314 2595 411 2649 Sed
442 2595 521 2649 vis
554 2611 773 2650 narrem
814 2595 956 2650 illam
985 2593 1225 2650 mulieris
1252 2593 1586 2664 tragtediam,
1615 2607 1735 2662 qua:

164 2699 340 2741 onem
370 2699 590 2757 superat
629 2688 1030 2743 calamitatem?
1064 2690 1141 2742 vis
1182 2687 1374 2741 famem
1407 2697 1460 2742 et
1487 2687 1734 2756 pestem?

164 2775 236 2830 llis
255 2782 481 2848 graviora
511 2791 810 2852 prmtereo.
835 2779 1159 2849 lgnorabant
1186 2779 1258 2832 illi
1289 2789 1555 2846 naturam,
1585 2779 1736 2848 igno-

163 2869 318 2923 rabant
347 2871 539 2941 legem,
573 2872 781 2927 belluas
809 2871 1018 2926 feritate
1042 2871 1390 2940 superabant.
1420 2870 1545 2925 llaec
1571 2884 1732 2939 porro

165 2963 307 3015 omnia
332 2978 396 3018 ex
425 2963 552 3019 belli
583 2965 840 3019 violentia
871 2963 1146 3033 contigere
1165 3005 1178 3028 ,
1209 2972 1264 3017 et
1293 2963 1400 3018 Deo
1427 2973 1484 3018 et
1513 2962 1732 3017 Christo

163 3056 356 3111 volente.
382 3056 505 3112 llaic
533 3067 586 3113 et
611 3065 797 3112 contra
819 3056 1184 3111 Marcionistas
1203 3054 1302 3126 (a),
1329 3065 1384 3110 et
1401 3064 1588 3109 contra
1611 3070 1726 3120 eos,

166 3147 233 3216 qui
257 3163 351 3203 non
375 3152 606 3205 credunt
635 3166 756 3207 esse
785 3151 1110 3221 gehennam,
1136 3158 1257 3218 apta
1288 3160 1482 3213 erunt;
1515 3149 1727 3203 illorum

166 3241 277 3294 enim
312 3243 692 3312 impudentiam
735 3243 1095 3314 comprimere
1133 3242 1333 3295 valent.
1375 3243 1568 3295 Annon
1614 3240 1730 3296 haec

166 3328 459 3402 Babylonicis
506 3336 666 3390 malis
705 3335 950 3403 graviora
991 3335 1149 3388 sunt?
1185 3347 1364 3388 annon
1405 3332 1520 3388 haec
1559 3333 1728 3387 fames

167 3423 233 3474 illa
253 3425 548 3482 crudelior?
582 3429 657 3482 De
688 3427 770 3480 his
811 3427 924 3496 ipse
962 3441 1174 3496 quoque
1202 3425 1449 3480 Christus
1485 3439 1726 3494 pronun-

169 3515 284 3570 I'mit
311 3534 322 3567 :
354 3516 461 3571 Erit
488 3519 773 3584 tribulatio,
807 3519 973 3588 qualis
999 3534 1272 3586 numquam
1304 3518 1419 3588 fuit;
1451 3533 1610 3586 neque
1633 3517 1728 3570 erit

167 3608 337 3670 (Matth.
364 3612 452 3667 24.
491 3615 611 3683 21).
639 3613 922 3679 Quomodo
950 3628 1079 3683 ergo
1109 3612 1294 3666 dicunt
1322 3611 1537 3682 quidam
1566 3611 1725 3666 Chri-

167 3709 276 3755 stum
300 3705 561 3761 remisisse
591 3706 693 3759 illis
723 3713 998 3775 peccatum
1020 3706 1042 3758 ?
1067 3704 1229 3758 Forte
1251 3703 1483 3773 vulgaris
1514 3702 1727 3757 videtur

167 3805 259 3848 esse
291 3799 540 3866 qutcstio;
592 3799 684 3854 sed
729 3813 824 3852 vos
870 3798 1090 3866 potestis
1122 3797 1264 3851 illam
1293 3797 1525 3852 solvere.
1555 3795 1727 3850 Nemo

167 3899 372 3956 umquam
397 3893 598 3959 poterit
625 3890 734 3945 tale
764 3889 1073 3959 gmentum
1105 3889 1392 3943 ostendere
1411 3928 1426 3953 ,
1458 3887 1616 3959 quale
1643 3895 1726 3941 est

169 3974 205 4028 id
220 3980 336 4046 quod
362 3997 542 4038 revera
561 3981 778 4036 accidit.
805 3980 869 4035 Et
894 3979 937 4035 si
959 3980 1176 4051 quidem
1198 3979 1536 4036 Christianus
1555 3987 1721 4045 esset,

258 4071 356 4127 hazc
383 4076 634 4145 scripsit,
663 4089 753 4130 res
780 4083 923 4130 esset
953 4073 1090 4129 forte
1115 4081 1366 4144 suspecta
1402 4091 1414 4126 :
1443 4087 1564 4127 cum
1593 4087 1724 4127 vero

169 4159 342 4217 iud-aus
363 4165 522 4222 fuerit
540 4175 596 4221 et
614 4165 958 4221 Judaicorum
985 4164 1281 4228 studiosus,
1306 4164 1394 4233 qui
1420 4170 1537 4231 post
1560 4177 1734 4218 evan-

168 4254 326 4318 gelium
355 4259 491 4314 venit
517 4302 534 4325 ,
569 4258 844 4330 quomodo
874 4273 979 4312 non
1010 4257 1262 4311 omnibus
1301 4256 1584 4311 manifesta
1613 4256 1724 4311 sint

170 4359 233 4410 ea.
254 4362 354 4418 qua:
377 4362 523 4420 grsta
557 4353 717 4404 sunt?
741 4347 960 4404 Videbis
986 4363 1220 4419 namque
1248 4349 1394 4403 illum
1419 4348 1614 4418 ubique
1636 4363 1723 4404 res

167 4437 369 4498 Judaicas
393 4445 763 4502 extollentem.
795 4444 888 4499 Est
928 4443 1105 4514 itaque
1135 4441 1377 4514 gehenna
1404 4484 1418 4508 ,
1451 4452 1505 4496 et
1547 4442 1722 4497 bonus

170 4543 231 4590 est
253 4531 390 4589 Deus.
416 4539 612 4593 Annon
639 4533 996 4590 exhorruistis
1024 4533 1139 4588 lucc
1166 4532 1489 4588 audientes?
1520 4531 1718 4586 Verum

170 4635 259 4685 lttm
295 4625 368 4681 hic
403 4629 536 4682 fiunt
560 4668 574 4686 .
621 4625 752 4679 nihil
794 4633 921 4679 sunt
958 4625 1011 4679 in
1044 4624 1450 4694 comparatione
1481 4623 1716 4677 illorum.

175 4709 333 4770 Rursus
368 4731 526 4790 cogor
568 4721 809 4787 ingratus
845 4715 1013 4772 videri
1047 4724 1105 4771 et
1145 4715 1440 4780 molestus;
1469 4716 1562 4770 sed
1592 4714 1719 4785 quid

173 4802 352 4863 faciam?
377 4811 428 4866 ln
473 4812 577 4865 hoc
606 4809 813 4881 positus
851 4825 988 4864 sum.
1029 4803 1179 4865 Sicut
1213 4809 1532 4879 paedagogus
1560 4823 1722 4878 aspcr

168 4894 498 4968 discipulorum
524 4901 650 4956 odio
675 4902 949 4970 expositus
975 4910 1076 4965 est,
1102 4901 1180 4957 sic
1209 4911 1262 4956 et
1292 4914 1406 4954 nos.
1436 4899 1718 4969 Quomodo

168 4989 275 5043 enim
297 4993 576 5050 absurdum
608 5010 712 5050 non
754 4995 942 5060 fuerit,
981 4994 1026 5048 si
1065 4993 1192 5049 dum
1223 4995 1292 5060 ii,
1327 4995 1416 5064 qui
1445 5011 1473 5048 a
1502 4995 1717 5065 regibus

281 5089 564 5150 constituti,
591 5104 677 5144 res
701 5090 1042 5160 quantumvis
1071 5089 1384 5159 injucundas
1409 5091 1712 5158 perciunt,

171 5189 254 5241 nos,
281 5197 334 5236 ne
404 5184 562 5238 \Obis
592 5183 1070 5254 reprehendamur,
1103 5183 1338 5238 ofcium
1368 5183 1592 5253 implere
1623 5183 1717 5238 dc-

168 5280 350 5328 ttnamus
367 5278 388 5329 i

222 5363 472 5438 Episcopus
517 5385 652 5438 saepe
699 5387 799 5422 non
847 5369 1052 5439 prodest
1099 5386 1189 5438 per
1216 5387 1275 5423 ea
1305 5385 1420 5438 qua:
1464 5371 1666 5438 placent
1694 5411 1709 5436 ,

167 5454 230 5501 td
251 5474 323 5521 per
346 5476 402 5513 ea
433 5476 547 5529 qtae
588 5469 839 5531 pungunt.
985 5459 1138 5515 Alius
1166 5460 1310 5515 aliud
1344 5461 1505 5517 habet
1531 5478 1664 5531 opus
1697 5479 1710 5514 :

171 5547 403 5606 multorum
472 5563 652 5608 autem
697 5571 761 5608 ex
815 5553 967 5608 vobis
1028 5555 1130 5610 hoc
1196 5555 1430 5611 ofcium
1492 5566 1605 5621 est,
1658 5567 1714 5610 ut

214 5679 479 5752 (lancina
501 5687 696 5752 dicebat
720 5687 965 5752 Christum
1007 5701 1103 5738 non
1129 5688 1233 5738 fore
1253 5688 1468 5751 judicem
1500 5695 1715 5740 mortuo-

170 5747 261 5814 ,
277 5747 413 5811 inquit
437 5749 719 5814 Phliasii-ius
743 5753 795 5814 in
1026 5747 1430 5801 atarcionistarum
1452 5765 1464 5799 :
1485 5752 1596 5802 hinc
1619 5765 1713 5814 ge-

171 5795 722 5866 assesasses;
743 5795 1008 5863 asiam;
1027 5795 1716 5864 'assedisseansatis.

171 5871 327 5980 masc
345 5873 754 5926 consentiebant:
780 5875 866 5925 sed
890 5877 1020 5927 inter
1045 5875 1154 5927 illos
1176 5883 1318 5927 erant
1341 5876 1622 5940 opinionum
1642 5877 1711 5925 di-

1875 558 2271 621 miseteantur,
2327 555 2545 610 humani
2573 597 2587 620 ,
2635 568 2863 622 suaves,
2897 555 3162 625 mitesque
3212 553 3318 608 sint
3368 553 3432 606 iis
3456 593 3474 620 ,

1865 649 2059 720 quibus
2091 648 2348 704 benecia
2398 658 2675 714 praesunt.
2701 647 2808 702 Nos
2841 662 2970 702 vero
3001 655 3060 701 ut
3089 646 3316 701 subditis
3349 661 3475 716 pro-

1863 743 2068 808 simus,
2113 757 2304 813 graves
2331 741 2611 804 videmur,
2646 739 2764 794 duri
2792 783 2805 803 ,
2856 740 3070 794 onerosi
3095 780 3110 804 ,
3147 737 3424 807 injucnndi
3455 753 3471 804 ;

1863 849 2038 904 neque
2065 834 2207 888 enim
2242 848 2532 904 prosumtts
2560 848 2656 903 per
2700 848 2762 886 ea
2791 849 2910 902 qua:
2953 832 3202 901 placent,
3250 829 3348 884 sed
3377 846 3475 900 per

1859 941 1922 982 ea
1947 943 2067 997 quae
2113 936 2375 998 pungunt.
2406 926 2553 981 Talis
2578 942 2795 996 quoque
2842 935 2925 980 cst
2962 925 3204 981 medicus
3233 941 3246 976 :
3281 939 3470 980 verum

1860 1019 1953 1074 ille
2004 1036 2110 1075 non
2162 1030 2267 1074 tam
2319 1018 2679 1088 iniucundus;
2729 1020 2909 1073 statim
2958 1020 3159 1090 quippe
3205 1029 3324 1074 arte
3371 1033 3470 1072 sua

1857 1111 2143 1166 utilitatem
2178 1112 2375 1180 praebet
2409 1129 2422 1164 :
2459 1126 2556 1166 nos
2585 1120 2765 1166 autem
2800 1113 2850 1165 in
2885 1113 3086 1165 futuro.
3121 1110 3267 1166 Talis
3296 1121 3380 1166 est
3407 1125 3467 1166 es

1853 1207 2018 1275 jutlex
2045 1248 2060 1272 ,
2112 1206 2316 1260 invisus
2367 1205 2630 1260 morbidis
2665 1221 2729 1260 ac
2759 1193 3034 1260 seditiosis
3073 1222 3086 1259 :
3125 1205 3246 1260 talis
3296 1205 3464 1276 legis-

1859 1300 2031 1364 lator,
2067 1301 2328 1354 molestus
2352 1301 2452 1354 sub
2477 1299 2594 1370 lege
2625 1299 2834 1369 positis.
2869 1302 2938 1353 At
2978 1314 3084 1352 non
3109 1300 3153 1353 is
3173 1298 3263 1368 qui
3308 1308 3466 1353 vocat

1852 1393 1919 1447 ad
1969 1392 2228 1456 delicias,
2284 1407 2386 1447 nec
2437 1393 2527 1462 qtti
2580 1393 2713 1447 festa
2762 1392 3214 1462 celebritatesque
3261 1400 3462 1461 parat,

1854 1498 1955 1538 nec
1983 1484 2073 1553 qui
2105 1484 2360 1553 populum
2402 1493 2627 1540 coronat
2722 1483 2774 1538 hi
2803 1493 2950 1539 certe
2978 1485 3113 1554 grati
3158 1483 3423 1538 habentur
3445 1525 3460 1551 ,

1850 1576 1940 1646 qui
1972 1577 2216 1631 civitates
2244 1579 2573 1648 sumptuosis
2601 1579 2924 1647 spectaculis
2950 1578 3225 1646 excipiunt
3249 1619 3262 1641 ,
3298 1592 3463 1646 pecu-

1851 1673 1954 1728 nia:
1997 1687 2101 1727 non
2151 1683 2457 1743 parcentes.
2515 1673 2751 1744 Ideoque
2800 1672 3142 1727 celebrantur
3262 1673 3461 1742 populo

1848 1765 1988 1823 bene
2031 1777 2258 1837 excepto
2283 1810 2298 1832 ,
2350 1783 2472 1821 cum
2524 1768 2793 1836 tapetibus
2825 1809 2838 1830 ,
2890 1767 3126 1821 lucernis
3149 1808 3162 1831 ,
3193 1765 3410 1820 coronis
3442 1807 3457 1827 ,

1845 1859 2013 1913 ramis
2042 1869 2097 1914 et
2140 1858 2418 1929 splendida
2468 1869 2635 1913 veste.
2687 1857 2886 1912 lnlirmi
2932 1874 3061 1913 vero
3099 1858 3144 1912 si
3187 1857 3456 1911 medicum

1845 1953 2111 2020 viderint,
2146 1953 2323 2008 incesti
2370 1962 2528 2016 sunt;
2588 1953 2718 2007 etsi
2759 1952 2996 2021 jndiccm
3045 1951 3322 2016 seditiosi,
3357 1950 3456 2004 de-

1842 2045 1969 2114 jecti
2021 2046 2189 2109 unt,
2234 2061 2339 2099 non
2371 2045 2563 2107 cll'nsi,
2614 2060 2714 2098 nec
2762 2044 3126 2109 exsultantes,
3176 2041 3316 2110 quod
3365 2042 3458 2096 ille

1844 2136 1911 2192 ad
1943 2137 2046 2191 ltoc
2075 2129 2312 2190 ofcium
2343 2139 2412 2190 sit
2453 2137 2794 2190 constitutus.
2851 2135 3138 2189 Videamus
3169 2149 3300 2201 ergo
3327 2134 3452 2203 qui.

1845 2244 1968 2283 nam
2001 2231 2234 2283 maxime
2270 2228 2575 2283 civitatibus
2607 2230 2857 2296 prosint;
2889 2241 2954 2280 an
2983 2227 3054 2290 ii,
3089 2226 3177 2296 qui
3209 2225 3341 2279 tales
3364 2241 3456 2279 ce-

1844 2321 2121 2376 lebritates
2146 2329 2366 2390 parant,
2412 2317 2829 2384 thalias,lautas
2879 2332 3094 2372 mensas
3110 2326 3166 2372 et
3200 2317 3452 2382 delicias;

1841 2427 1909 2466 an
1942 2412 2001 2478 ii,
2033 2411 2157 2480 qui,
2207 2410 2292 2464 his
2334 2410 2560 2464 sublatis
2606 2410 2891 2469 omnibus,
2928 2409 3128 2477 lignum
3177 2408 3451 2475 inferunt,

1844 2504 2074 2573 agella,
2116 2502 2437 2565 carnices,
2503 2501 2704 2555 milites
2769 2500 3076 2564 terribiles,
3143 2499 3455 2555 tremendas

1841 2613 2002 2653 voces
2024 2640 2037 2662 ,
2074 2598 2322 2652 mandata
2346 2639 2361 2662 ,
2405 2598 2716 2651 maestitiam
2743 2636 2757 2660 ,
2791 2597 2879 2664 qui
2905 2597 3051 2665 virga
3095 2610 3191 2649 eos
3217 2637 3231 2662 ,
3264 2595 3354 2665 qui
3396 2595 3449 2650 in

1841 2690 1960 2744 foro
2001 2699 2160 2755 sunt,
2195 2698 2494 2743 scmovent.
2544 2686 2868 2751 Videamus,
2917 2687 3166 2754 inquam,
3214 2696 3332 2740 utra
3365 2702 3453 2741 res

1840 2783 1893 2836 in
1940 2783 2147 2836 lucrum
2201 2782 2434 2837 desinat.
2485 2782 2550 2835 Ili
2610 2797 2840 2852 namque
2889 2781 3100 2835 molesti
3153 2790 3317 2848 sunt,
3372 2782 3447 2837 illi

1837 2875 2118 2930 amabiles.
2163 2876 2302 2943 Quid
2347 2875 2507 2945 igitur
2556 2875 2736 2929 evenit
2781 2890 2845 2928 ex
2894 2877 2957 2928 iis
2992 2875 3081 2945 qui
3129 2875 3451 2930 oblectant?

1840 2966 2095 3036 Voluptas
2121 2967 2309 3036 frigida
2325 3010 2338 3031 ,
2363 2983 2671 3036 quantaque
2689 2967 2755 3020 ad
2774 2982 3052 3035 vesperam
3079 2977 3279 3032 manet,
3300 2977 3355 3022 et
3377 2968 3451 3021 in-

1835 3059 2082 3129 sequenti
2107 3059 2194 3113 die
2212 3060 2386 3113 efuit
2405 3100 2420 3124 ,
2446 3059 2584 3112 risus
2608 3059 2998 3126 incompositus
3015 3100 3028 3122 ,
3053 3059 3216 3112 verba
3236 3057 3452 3113 indeco-

1835 3167 1892 3205 ra
1924 3162 1976 3205 et
2003 3151 2285 3206 dissoluta.
2321 3150 2458 3218 Quid
2501 3166 2565 3204 ex
2610 3151 2772 3204 aliis?
2800 3150 3016 3214 Timor,
3050 3153 3405 3220 temperantia
3428 3193 3445 3220 ,

1834 3246 2089 3315 Cogitatio
2119 3245 2410 3300 demissior
2434 3285 2447 3309 ,
2489 3245 2653 3297 animi
2687 3243 2948 3298 modestia
2971 3285 2987 3309 ,
3031 3243 3253 3299 desidia:
3286 3245 3441 3316 fuga,

1833 3336 2047 3392 frenum
2093 3336 2410 3390 interiorum
2461 3335 2790 3400 affectuum,
2844 3351 3030 3389 murus
3079 3335 3339 3390 adversus
3380 3351 3444 3392 ca

1833 3444 1954 3500 qua:
1996 3427 2126 3481 foris
2158 3428 2431 3496 ingruunt.
2468 3427 2570 3480 Per
2619 3426 2718 3480 hos
2744 3426 2973 3496 quisque
3006 3425 3286 3481 facultates
3316 3441 3444 3483 suas

1834 3519 2104 3590 possidet,
2136 3534 2232 3587 per
2258 3519 2344 3571 illa
2377 3528 2557 3572 autem
2589 3516 2722 3572 festa
2754 3533 2844 3571 eas-
2875 3517 3018 3586 ipsas
3045 3518 3439 3586 dilapidamus,

1831 3625 1942 3664 non
1977 3608 2351 3663 invadentibus
2383 3608 2717 3673 latronibus,
2752 3608 2846 3662 sed
2876 3623 3012 3662 vana
3057 3608 3225 3678 gloria
3258 3618 3313 3663 et
3342 3625 3438 3663 vo-

1831 3699 2035 3769 luptate
2061 3700 2354 3770 praedante.
2387 3699 2624 3768 Quisque
2651 3698 2793 3753 videt
2818 3699 3080 3754 latronem
3105 3699 3442 3755 auferentem

1832 3789 2013 3844 omnia
2045 3831 2057 3853 ,
2104 3799 2160 3844 et
2208 3790 2439 3843 lat-tatur.
2505 3789 2684 3843 Novus
2733 3789 3000 3844 latrocinii
3065 3791 3304 3846 modus:
3349 3792 3441 3862 qui

1830 3881 2008 3938 exutis
2027 3922 2042 3944 ,
2076 3892 2134 3936 ut
2161 3881 2462 3953 gaudeant,
2494 3883 2709 3938 suadet.

1902 3974 1958 4028 4.
2005 3975 2203 4030 Verum
2233 3973 2341 4027 illic
2372 3974 2502 4027 nihil
2529 3973 2662 4038 tale;
2697 3972 2792 4028 scd
2823 3973 2892 4028 ab
2922 3975 3174 4031 omnibus
3212 3977 3443 4032 removit

1830 4067 1995 4134 Deus,
2030 4075 2090 4120 ut
2115 4067 2421 4120 communis
2451 4065 2631 4130 Pater,
2668 4073 2778 4119 tum
2833 4082 2954 4135 qua:
3002 4068 3274 4134 videntur,
3326 4078 3437 4124 tum

1827 4177 1950 4233 qua:
1979 4177 2084 4215 non
2117 4161 2386 4216 videntur.
2426 4160 2558 4215 Nam
2603 4160 2710 4214 ait:
2749 4159 2926 4214 Videte
2961 4178 3025 4215 ne
3065 4163 3441 4232 eleemosynam

1828 4265 2044 4312 vestram
2076 4256 2280 4327 faciatis
2320 4270 2493 4308 coram
2541 4254 2834 4309 hominibus
2869 4253 3080 4326 (Matth.
3112 4257 3164 4311 6.
3196 4258 3270 4326 1).
3305 4256 3440 4312 llinc

1828 4350 1986 4404 discit
2029 4349 2207 4403 anima
2249 4348 2564 4418 injustitiam
2611 4348 2814 4418 fugere.
2851 4347 3110 4416 lnjustitia
3157 4349 3300 4403 enim
3333 4360 3435 4412 est,

1828 4457 1936 4496 non
1981 4441 2144 4495 modo
2172 4439 2429 4510 pecunias
2470 4456 2566 4511 per
2593 4440 2833 4510 rapinam
2875 4455 3086 4510 parare,
3134 4441 3229 4496 sed
3271 4442 3434 4497 etiam

1827 4533 1948 4603 plus
1975 4531 2079 4587 cibi
2108 4531 2235 4587 dare
2264 4531 2459 4596 ventri,
2496 4548 2656 4602 quam
2679 4533 2810 4586 satis
2832 4532 2917 4594 sit,
2948 4542 3002 4586 et
3025 4533 3263 4588 laetitiam
3284 4545 3436 4589 extra

1829 4626 2089 4681 terminos
2133 4625 2348 4689 efferre,
2378 4635 2539 4696 atque
2572 4625 2917 4681 debacchari.
2947 4626 3096 4681 Illinc
3132 4630 3435 4682 castitatem

1827 4717 2005 4782 discit,
2044 4717 2167 4772 hinc
2195 4717 2493 4772 libidinem.
2523 4716 2638 4771 Non
2678 4717 2854 4770 solum
2901 4719 3045 4771 enim
3089 4718 3298 4773 mulieri
3331 4719 3435 4773 mi-

1826 4811 1965 4866 sceri
1995 4810 2161 4864 libido
2187 4818 2292 4875 est,
2341 4809 2435 4864 sed
2467 4808 2628 4864 etiam
2676 4808 2890 4864 lascivis
2934 4810 3106 4864 oculis
3136 4811 3432 4878 reSpEcer.-.

1827 4902 1976 4958 lllinc
2008 4903 2327 4958 modestiam
2354 4902 2532 4969 discit,
2566 4902 2692 4957 hinc
2725 4902 2941 4956 fastum.
2962 4902 3148 4956 Omnia
3173 4905 3436 4969 ettim,in-

1825 4998 1961 5067 quit,
1996 4998 2120 5050 mihi
2152 4997 2324 5064 licent,
2352 4996 2443 5050 sed
2464 5014 2564 5050 non
2594 4997 2768 5050 omnia
2809 4999 3086 5065 expediunt
3113 4999 3191 5066 (.
3226 4999 3343 5050 Cor.
3378 4999 3428 5052 6.

1827 5091 1938 5161 l2).
1988 5090 2140 5144 Illinc
2191 5089 2552 5154 honestatem,
2585 5089 2709 5143 hinc
2741 5089 3143 5158 turpitudinem.
3190 5090 3339 5143 Mitto
3371 5106 3432 5145 ea

1825 5205 1944 5257 qua:
1987 5189 2037 5242 in
2090 5189 2333 5242 theatris.
2380 5187 2533 5253 Quod
2563 5196 2744 5241 autem
2794 5186 2936 5239 nulla
2969 5185 3038 5239 ibi
3071 5186 3314 5254 voluptas
3341 5186 3431 5252 sit,

1826 5281 1920 5336 sed
1954 5281 2131 5350 potius
2156 5280 2446 5334 mrestitia:
2476 5278 2744 5333 ostendite
2773 5277 2902 5331 mihi
2932 5278 3018 5331 die
3055 5277 3251 5332 festum
3282 5278 3432 5332 inse.

1824 5386 2023 5447 quente
2051 5390 2144 5430 cos
2166 5377 2253 5444 qui
2279 5384 2526 5444 sumptus
2556 5372 2879 5436 ell'nderunt,
2905 5387 3105 5442 eosque
3128 5373 3214 5440 qui
3231 5371 3295 5424 ad
3311 5387 3433 5438 spe-

1823 5469 2031 5524 ctacula
2063 5467 2266 5522 invitati
2293 5466 2541 5520 fuerunt:
2570 5463 2981 5533 videbimusque
3010 5477 3202 5517 omnes
3225 5461 3430 5517 intristi.

1827 5566 1897 5617 tia
1925 5570 2226 5631 correptos,
2260 5561 2493 5614 maxime
2524 5573 2653 5612 vero
2680 5558 2853 5623 illum,
2883 5557 2970 5626 qui
2997 5565 3268 5624 sumptum
3294 5571 3426 5623 snp-

1827 5652 2103 5723 pcditavit.
2136 5652 2201 5706 Et
2236 5651 2358 5721 jure
2387 5650 2603 5721 quidem
2629 5667 2642 5704 :
2671 5648 2966 5705 oblectavit
2995 5649 3138 5702 enim
3162 5647 3247 5702 die
3285 5663 3427 5715 pne-

1823 5743 2036 5799 cedcnti
2080 5743 2393 5813 p0pularem
2441 5741 2712 5796 hominem
2740 5784 2753 5804 ,
2805 5741 2893 5810 qni
2944 5741 3097 5794 laetus
3136 5739 3427 5794 admodum

1825 5846 1968 5901 erat;
2001 5836 2276 5906 Splendida
2303 5850 2536 5906 namque
2552 5844 2701 5890 veste
2727 5833 3034 5896 fruebatur;
3061 5833 3153 5887 sed
3179 5847 3301 5886 cum

1829 5925 1895 5981 ad
1923 5944 2076 5983 usum
2127 5943 2281 5982 suum
2330 5938 2495 5994 esset,
2529 5943 2586 5982 se
2610 5927 2699 5981 illa
2727 5936 2945 5982 exutum
2976 5925 3179 5991 videns,
3211 5924 3430 5979 dolebat
