4092 6468
574 395 641 450 55
1348 390 1406 446 S.
1443 389 1717 447 JOANNIS
1752 387 2218 446 CIIRYSOSTOMI
2255 390 2576 447 ARClliEP.
2616 385 3148 448 CONS'i'ANTlNOP.
3796 392 3862 448 56

570 515 627 561 et
654 501 1141 572 cruciabatur:qui
1182 514 1312 556 vero
1339 511 1609 570 sumptum
1659 499 1817 564 fecit,
1842 515 1992 556 suam
2043 515 2155 570 prae
2263 512 2319 556 et
2341 499 2556 570 quando
2584 515 2797 569 paruam
2824 502 3045 558 daturus
3071 503 3160 570 sit,
3195 501 3362 558 addit.
3400 503 3514 559 Non
3564 504 3615 558 in
3666 506 3860 560 tabulis

577 596 725 653 illius
754 595 1004 652 felicitate
1031 609 1247 665 parvam
1291 594 1528 664 putabat.
1564 592 1768 649 Idcirco
1795 594 2038 663 sequenti
2069 593 2157 648 die
2264 591 2409 661 leges
2433 591 2736 660 deseripdt,
2771 608 2946 661 neque
2987 596 3175 664 cippos
3216 611 3388 650 atreus
3430 597 3633 660 erexit,
3687 609 3744 650 ιιι
3793 597 3862 660 ibi

575 686 870 743 redduntur
896 695 1093 751 vestes,
1124 685 1488 756 majoremque
1531 699 1816 738 mmroreet
1869 683 1957 753 qui
2003 697 2156 737 com-
2263 681 2445 735 litems
2474 682 2777 750 sculperet;
2810 683 2904 739 sed
2937 687 3132 740 erectis
3169 686 3450 740 duodetim
3498 686 3863 755 ςιιεο.ιω1ηι·ιιειι

577 779 887 833 tnodaverat
912 777 1161 846 concipit.
1189 775 1339 842 Quod
1369 775 1412 829 si
1437 773 1488 828 iu
1511 774 1870 829 exterioribus
1900 773 2018 828 lzcta
2043 784 2161 827 tan-
2264 772 2560 836 animabus,
2597 772 2667 826 ibi
2703 790 2795 841 per
2821 772 3076 843 Spiritum
3101 785 3346 831 sanctum
3377 779 3469 830 has
3498 779 3715 846 scripsit
3741 780 3860 831 lite-

576 881 681 926 tam
714 870 943 924 inferunt
968 867 1289 933 molestiam,
1319 876 1374 923 et
1401 867 1623 922 molesta
1656 867 1959 933 utilitatem,
1989 867 2160 921 multo
2267 876 2375 922 ras.
2405 878 2536 931 quas
2567 863 2718 918 vobis
2755 880 2851 918 nos
2894 866 3084 920 merito
3118 867 3473 936 pra-legimus.
3523 867 3655 922 Nam
3689 869 3734 922 si
3765 868 3863 922 Ju-

576 960 747 1029 magis
778 959 829 1014 in
855 959 1236 1029 spiritualibus.
1269 957 1392 1013 ideo
1421 973 1580 1012 nemo
1609 967 1890 1014 succenset
1932 957 2158 1028 legibus,
2263 951 2395 1006 dazis
2441 952 2544 1008 huc
2585 953 2797 1020 licebat,
2825 971 2890 1010 nc
2917 959 3036 1026 quis
3082 958 3147 1010 ad
3193 958 3546 1043 ignormuiuu
3599 960 3863 1029 (Oltfttge-

573 1052 668 1107 scd
701 1065 795 1106 eas
821 1050 1122 1106 communis
1150 1063 1270 1105 esse
1300 1049 1548 1104 utilitatis
1574 1058 1796 1104 censent
1822 1064 2030 1103 omnes.
2053 1047 2158 1103 Ne-
2264 1053 2383 1107 ret;
2418 1046 2588 1101 multo
2619 1047 2790 1118 magis
2819 1048 2972 1103 nobis
3005 1046 3080 1102 fas
3110 1059 3211 1103 ρει.
3262 1049 3316 1105 Si
3365 1051 3485 1120 quis
3523 1066 3650 1104 vero
3701 1052 3865 1115 dic.:t,

576 1158 678 1210 une
700 1143 841 1198 etaim
874 1140 1138 1212 peregrini
1165 1140 1248 1194 vel
1281 1140 1478 1194 inimici
1505 1140 1598 1194 bas
1622 1139 1764 1209 leges
1789 1149 2044 1205 statuere,
2065 1138 2159 1194 sed
2267 1135 2384 1191 Non
2413 1137 2649 1205 audiam,
2682 1154 2780 1194 nec
2805 1138 3062 1209 jndicrum
3105 1141 3317 1203 subibo,
3351 1141 3472 1195 ideo
3509 1142 3743 1196 maxime
3774 1158 3868 1211 pu-

579 1234 679 1302 ipsi
709 1233 880 1298 cives,
912 1232 1146 1302 patroni,
1177 1241 1486 1286 curatores:
1511 1231 1720 1301 hocque
1749 1230 1938 1286 salutis
1961 1244 2025 1284 ac
2065 1229 2160 1284 be-
2267 1229 2432 1284 nitur.
2464 1229 2596 1284 Nam
2628 1229 2672 1286 si
2705 1246 2864 1286 nemo
2890 1231 3128 1296 doceret,
3161 1242 3342 1302 posSet
3367 1233 3432 1286 ad
3464 1234 3585 1288 talia
3622 1237 3864 1301 continu;

579 1325 896 1379 nevolentize
928 1323 1180 1378 indicium
1230 1331 1434 1393 putant,
1483 1322 1623 1390 quod
1671 1323 1818 1392 leges
1871 1331 2157 1392 ponantur.
2267 1317 2362 1372 sed
2392 1333 2515 1374 cum
2545 1319 2686 1374 adsit
2712 1321 2930 1387 Doctor,
2964 1338 3069 1377 non
3101 1324 3241 1378 licet.
3279 1323 3412 1379 Vide
3439 1339 3568 1394 ergo
3594 1326 3872 1394 quomodo

576 1418 734 1486 Atqui
768 1417 911 1487 leges
941 1416 1111 1486 poenis
1138 1425 1190 1470 et
1218 1414 1420 1470 ultione
1448 1415 1617 1486 plenze
1643 1424 1795 1479 sunt;
1822 1429 1922 1469 nec
1949 1413 2051 1468 ulla
2077 1413 2160 1466 lex
2265 1407 2482 1464 Judieos
2507 1425 2538 1465 a
2565 1410 2718 1466 venia
2749 1413 3035 1481 excludat,
3066 1413 3252 1469 dicens
3284 1431 3297 1468 :
3328 1414 3388 1470 Si
3415 1431 3516 1470 non
3547 1417 3789 1470 venissem
3823 1426 3871 1470 et

576 1509 845 1563 invenitur
869 1510 988 1564 sine
1019 1523 1194 1577 pmna.
1238 1507 1517 1575 Quomodo
1557 1522 1685 1575 ergo
1729 1521 1833 1560 non
1870 1506 2158 1562 absurdum
2266 1501 2505 1571 loquutus
2531 1503 2737 1574 fuissem
2762 1505 2854 1572 eis,
2883 1515 3144 1575 peccatum
3173 1523 3275 1560 non
3295 1507 3535 1560 haberent
3567 1505 3748 1579 (Junii.
3782 1509 3868 1563 15.

576 1603 755 1664 fuerit,
789 1616 880 1657 eos
903 1601 1258 1672 quidem,.qui
1289 1601 1435 1670 leges
1457 1600 1573 1653 illas
1592 1610 1889 1669 exponunt,
1921 1609 2160 1654 servato-
2265 1591 2404 1664 22);
2436 1595 2734 1665 iterumque
2775 1596 2996 1664 Paulus,
3041 1599 3147 1654 Sed
3177 1600 3310 1666 dico,
3347 1599 3613 1671 Numquid
3640 1618 3743 1655 non
3781 1619 3876 1655 nu-

576 1709 682 1755 ms'
738 1692 1026 1758 beneﬁcos,
1077 1701 1332 1761 palmnns
1374 1705 1600 1754 vocare;
1633 1706 1729 1744 nos
1757 1707 1882 1745 vero
1920 1690 2082 1744 duros
2110 1699 2164 1745 et
2268 1685 2519 1740 dierum?
2573 1689 2635 1741 Et
2676 1690 2879 1759 quidem
2927 1695 2980 1745 in
3028 1708 3228 1747 onmem
3277 1703 3462 1750 terram
3517 1696 3668 1749 exivit
3712 1712 3870 1751 sonus

578 1797 823 1839 "mrosos
875 1793 1085 1853 putare,
1129 1782 1271 1853 quod
1319 1782 1465 1853 leges
1512 1783 1602 1837 Dei
1650 1783 1999 1836 enarretnus?
2030 1780 2160 1836 Cum
2268 1794 2442 1832 eorum
2485 1778 2664 1851 (Rom.
2695 1782 2781 1837 10.
2813 1783 2901 1838 18.
2935 1783 3079 1839 Psal.
3113 1786 3200 1840 18.
3231 1787 3310 1854 5).
3352 1788 3504 1843 Tunc
3537 1789 3682 1844 enim
3711 1789 3871 1844 venia

577 1878 718 1930 enim
747 1877 811 1928 de
840 1867 1082 1945 gehenua
1129 1876 1357 1945 agimus,
1411 1875 1557 1945 leges
1605 1874 1722 1928 illas
1761 1874 2052 1930 aﬂ'crimus.
2089 1876 2164 1929 Ac
2271 1876 2373 1933 εει,
2405 1871 2623 1939 quando
2666 1874 2841 1930 "unus
2870 1884 2952 1930 εει
2980 1877 3069 1947 qui
3116 1878 3413 1948 Ρΐωάίοοῑῖ
3445 1881 3662 1951 quando
3691 1890 3874 1937 amem

577 1965 1026 2034 quemadmodum
1056 1966 1129 2020 illi
1162 1967 1369 2021 externi
1399 1966 1542 2036 leges
1567 1966 1635 2021 de
1667 1966 1964 2030 homicidis,
1991 1966 2058 2020 de
2081 1966 2162 2018 [ιι⁸
2269 1962 2574 2030 Speculator
2601 1964 2778 2031 sedet,
2810 1967 2988 2025 ethoc
3015 1969 3176 2026 habet
3205 1970 3463 2036 ofﬁcium,
3494 1989 3600 2028 non
3624 1973 3765 2028 ultra
3793 1983 3880 2030 est

578 2058 746 2121 tibus,
778 2057 844 2111 de
868 2057 1064 2127 nuptiis
1091 2066 1144 2111 et
1168 2058 1466 2111 similibus:
1494 2059 1571 2113 sic
1592 2069 1639 2113 et
1668 2075 1764 2114 nos
1792 2059 1934 2129 leges
1956 2058 2023 2114 de
2038 2072 2165 2128 sup-
2269 2055 2448 2110 vcnia.
2487 2055 2596 2112 Imo
2625 2073 2755 2114 vero
2781 2074 2889 2115 non
2919 2068 3124 2117 tantum
3169 2066 3337 2120 voluit
3385 2065 3628 2121 Christus
3672 2081 3774 2123 nos
3825 2068 3877 2121 in

579 2150 752 2218 pliciis
772 2147 1062 2214 an‘erimus,
1089 2164 1221 2219 quas
1245 2164 1349 2202 non
1379 2149 1537 2203 homo
1566 2150 1760 2219 posuit,
1792 2152 1885 2206 sed
1915 2153 2026 2220 ipse
2051 2151 2167 2204 uni-
2271 2143 2551 2202 columnas
2595 2148 2712 2204 illas
2756 2150 3046 2220 respicere,
3092 2155 3186 2210 sed
3229 2171 3327 2210 nos
3357 2173 3569 2226 quoque
3615 2159 3728 2213 vult
3757 2174 3881 2214 esse

578 2244 787 2312 genitus
815 2241 980 2295 Filius
1015 2242 1126 2296 Dei.
1175 2243 1275 2308 Qui
1321 2244 1700 2299 immisericors
1745 2254 1847 2309 est,
1896 2245 2163 2314 puniatur,
2272 2237 2567 2294 εοιυηιητιε-
2597 2240 2730 2308 Ωιιίει
2752 2257 2881 2298 VCI‘O
2904 2258 3002 2300 n08
3027 2244 3222 2301 talibus
3242 2247 3733 2320 scriptisindignos
3756 2251 3880 2306 red-

581 2335 779 2404 inquit;
826 2335 924 2389 hoc
955 2335 1094 2390 enim
1141 2336 1242 2391 sibi
1271 2336 1380 2390 vult
1413 2337 1680 2406 parathola.
1714 2337 1814 2406 Qui
1848 2354 2054 2393 memor
2082 2341 2166 2393 iu-

2304 2329 2547 2396 |idimus,
2593 2332 2708 2388 illas
2751 2334 2941 2391 saltem
2981 2337 3256 2394 columnas
3306 2339 3674 2407 respiciamus.
3729 2340 3883 2396 Sicut

575 2427 837 2494 juriarum
859 2437 958 2491 est,
979 2436 1276 2481 extremum
1307 2427 1413 2480 luat
1439 2429 1754 2497 supplicium
1780 2447 1791 2482 :
1816 2430 1902 2498 qui
1923 2431 2170 2484 irascitur
2275 2421 2417 2474 οηῖηὶ
2449 2421 2713 2478 c0lllmmn
2742 2425 2861 2480 aliis
2897 2427 3190 2496 minamur.
3229 2428 3333 2483 min
3364 2445 3490 2484 "CV0
3529 2447 3633 2485 "0"
3664 2442 3791 2488 5m"-
3826 2433 3881 2487 Ῐη

581 2527 805 2583 temere,
838 2519 886 2571 in
921 2519 1093 2588 ignem
1126 2519 1426 2590 injiciatur:
1453 2520 1541 2588 qui
1585 2522 1932 2589 conviciator,
1982 2537 2168 2592 poenas

2309 2512 2451 2582 nlpa,
2483 2522 2539 2566 ut
2564 2529 2735 2584 neque
2756 2515 2900 2587 leges
2931 2534 2945 2572 :
2976 2517 3053 2574 sic
3072 2527 3128 2574 et
3158 2519 3298 2575 beati
3329 2523 3579 2592 apostoli.
3615 2525 3678 2578 Et
3705 2526 3828 2580 vide
3864 2544 3879 2578 :

581 2607 673 2662 (ιρι
704 2609 753 2661 in
783 2608 1046 2677 gemma.
2275 2616 2381 2656 non
2422 2618 2528 2657 uno
2559 2604 2609 2658 in
2637 2605 2757 2662 loco
2778 2614 2884 2661 stat
2912 2607 3026 2664 huic
3051 2609 3316 2674 columna,
3355 2612 3448 2667 sed
3481 2613 3676 2683 ubique
3705 2615 3884 2672 literae

653 2700 880 2754 (Hm-3m
906 2718 1056 2754 "om,
1093 2703 1257 2770 ροδηη
1303 2702 1451 2772 (rga.
1474 2704 1614 2758 -εί
1657 2707 1851 2773 putatis
1896 2721 2044 2775 vero,
2074 2724 2170 2762 ms
2275 2694 2489 2762 scriptae
2517 2694 2981 2752 circumferuntur.
3008 2699 3140 2754 Nam
3172 2702 3215 2756 si
3239 2702 3304 2757 ad
3329 2701 3485 2758 huius
3509 2705 3728 2775 migres,
3763 2708 3885 2764 illas

585 2805 754 2846 novas
793 2792 978 2846 audire
1020 2792 1180 2862 leges,
1219 2809 1284 2847 ne
1319 2794 1622 2849 tinbemini.
1666 2796 1776 2850 Nisi
1818 2798 1958 2854 cnim
2006 2815 2171 2856 novas
2279 2783 2503 2850 “dies;
2536 2786 2579 2839 Si
2628 2786 2678 2839 Ῐη
2721 2787 3049 2857 Hispaniam:
3094 2801 3150 2847 οι
3197 2793 3248 2846 in
3289 2808 3476 2850 “mnes
3522 2795 3654 2851 “"05
3688 2808 3883 2864 ιοῐτῖνο

585 2885 852 2955 positurus
878 2884 1117 2938 Christus
1146 2885 1351 2944 fuisset,
1377 2901 1474 2938 cur
1493 2887 1835 2942 advenisset?
1857 2891 1945 2945 Illa
1974 2894 2172 2962 quippe

2304 2891 2439 2930 nemo
2468 2886 2548 2931 est
2569 2879 2694 2947 quin
2721 2880 2916 2946 audiat,
2942 2883 3043 2937 nisi
3075 2884 3145 2938 ob
3172 2885 3452 2942 desidiam.
3487 2888 3561 2944 Nc
3587 2905 3715 2960 ergo
3740 2908 3888 2962 :r-grc

584 2975 863 3031 manifesta
908 2976 1060 3029 nobis
1091 2986 1230 3036 sunt,
1266 2977 1405 3046 quod
1440 2976 1760 3033 homicidam
1792 2989 1843 3034 et
1871 2981 2169 3039 adulterum
2279 2965 2485 3032 femus,
2513 2968 2606 3022 sed
2638 2969 2795 3024 diuis
2831 2973 3110 3039 “ﬂendi”,
3145 2985 3200 3030 υί
3234 2979 3447 3044 Ροδείιίδ
3483 2981 3691 3036 "muns
3720 2999 3885 3052 "PO-"1'

584 3072 772 3139 punire
799 3076 1062 3137 oporteat.
1097 3068 1152 3121 Si
1186 3084 1314 3138 ergo
1343 3070 1529 3124 eadem
1560 3071 1789 3126 audituri
1819 3088 2050 3138 eramus,
2077 3093 2172 3132 cur

2309 3057 2571 3127 uscipere,
2606 3069 2659 3114 et
2687 3071 2884 3117 :eterna
2914 3068 3167 3137 consequi
3212 3068 3371 3135 bona,
3409 3072 3459 3125 in
3491 3072 3707 3128 Christo
3748 3074 3882 3130 Jesu

585 3160 785 3214 c.rlesti
825 3163 1042 3213 doctore
1071 3160 1085 3189 ¹
1114 3174 1247 3227 opus
1271 3162 1429 3214 erat?
1461 3161 1583 3217 ideo
1631 3179 1733 3218 nun
1766 3164 1914 3231 dicit,
1952 3168 2174 3224 Adulter

2304 3149 2509 3204 )omino
2538 3163 2741 3218 nostro,
2767 3156 2981 3225 quicum
3009 3158 3150 3214 Patri
3184 3177 3392 3232 unaque
3423 3164 3642 3232 Spiritui
3685 3179 3878 3222 sancto

588 3252 868 3321 puniatur;
919 3250 1033 3313 sed,
1079 3251 1178 3317 Qui
1229 3253 1440 3308 lascivis
1477 3256 1644 3310 oculis
1693 3259 1908 3327 respicit
1939 3278 1952 3313 :
1982 3269 2035 3315 et
2063 3262 2171 3328 ubi,
2283 3240 2472 3309 Βίθνίθι
2501 3243 2804 3314 imperium»
2839 3246 3028 3314 ¹¹⁰¹¹⁰Γι
3063 3266 3203 3306 "unc
3241 3261 3295 3306 εί
3332 3268 3566 3323 semper,
3599 3265 3652 3312 el
3691 3258 3746 3312 ίη
3785 3274 3890 3314 5‘1""

2288 3333 2403 3386 cula
2432 3336 2774 3393 saeculorum.
2805 3340 2992 3394 Amen.

651 3384 666 3414 ί
689 3390 816 3432 Unus
839 3383 980 3445 legit,
1004 3381 1100 3433 alio
1121 3383 1330 3436 doctore.

597 3512 3879 3562 Ἦ

2001 3599 2348 3664 HOMILIA
2400 3607 2509 3668 VI.

592 3741 718 3795 Car.
759 3741 812 3794 ἓ.
843 3757 894 3793 ν.
929 3741 1019 3796 22.
1063 3740 1170 3795 Viri
1201 3741 1471 3810 Israelitte,
1501 3745 1673 3799 audite
1713 3747 1861 3816 terim
1899 3767 2006 3802 utea
2051 3752 2180 3806 lim.

667 3836 718 3886 1.
752 3833 864 3886 Non
902 3844 981 3887 est
1025 3834 1124 3888 hoc
1158 3851 1251 3902 per
1275 3835 1630 3892 adulationem
1672 3838 1901 3906 dictum;
1945 3845 2036 3898 sed
2066 3848 2186 3914 quia

596 3925 714 3978 illos
744 3927 937 3979 acriter
971 3928 1367 3994 perstrinxerat,
1409 3930 1515 3997 jam
1555 3933 1829 3988 remissior
1855 3947 1957 4002 est,
2001 3948 2052 3991 et
2090 3956 2186 4007 op.

598 4029 826 4083 portum:
853 4018 1100 4071 Davidem
1136 4031 1418 4075 memorat.
1457 4021 1520 4075 Et
1549 4039 1734 4079 rursus
1761 4043 1787 4078 a
1819 4032 2078 4096 protentio
2108 4033 2187 4085 in-

598 4107 744 4175 cipit,
779 4124 842 4160 ne
875 4108 1172 4170 turbentur,
1199 4110 1318 4178 quia
1343 4111 1410 4164 de
1435 4111 1562 4166 Jesu
1598 4117 1921 4170 mentionem
1954 4120 2187 4178 facturus

597 4209 701 4252 est.
743 4199 870 4252 Nam
913 4201 1153 4267 superius
1197 4202 1388 4256 turbati
1430 4218 1533 4257 non
1575 4216 1696 4259 sunt
1738 4207 2054 4277 Prophetam
2099 4230 2191 4266 an-

602 4291 847 4354 dientca;
893 4306 1082 4346 nomen
1132 4308 1260 4347 vero
1303 4295 1424 4350 Jesu
1469 4300 1645 4352 statim
1698 4302 1814 4354 illos
1858 4304 2185 4362 offendisset.

604 4381 712 4435 Nec
739 4381 896 4441 dixit,
925 4382 1319 4449 Obtcmperate,
1352 4387 1466 4451 sed,
1501 4391 1714 4458 Audite,
1744 4394 1882 4461 quod
1914 4411 2042 4450 sane
2075 4416 2188 4450 nm-

606 4471 795 4525 lestum
829 4487 930 4525 non
954 4483 1086 4527 erat.
1129 4475 1192 4529 Et
1221 4477 1579 4534 animadverte
1603 4485 1869 4551 quomodo
1905 4488 2031 4542 nihil
2067 4491 2193 4543 sub-

606 4562 732 4615 litne
781 4561 953 4624 dicat,
1007 4564 1100 4618 Sed
1160 4566 1226 4618 ab
1287 4565 1656 4624 humilioribus
1707 4572 1940 4642 incipiat.
1990 4576 2188 4644 Iesum,

607 4653 797 4722 inquit,
841 4651 1182 4707 .‘Vazarenum.
1231 4657 1461 4712 Patriam
1511 4663 1685 4715 statim
1731 4664 1877 4729 dicit,
1922 4685 2039 4737 ane
2075 4672 2193 4725 vilis

607 4761 727 4799 esse
766 4747 1065 4801 videbatur.
1111 4749 1214 4802 Nec
1265 4751 1530 4820 quidpiam
1578 4758 1786 4811 interim
1835 4775 2082 4829 magnum
2129 4765 2195 4818 de

612 4838 700 4889 illo
731 4838 874 4897 dicit,
905 4854 969 4892 ne
999 4841 1210 4908 quidem
1245 4843 1382 4911 quod
1415 4844 1480 4899 de
1521 4848 1773 4916 propheta
1801 4852 1934 4906 alius
1973 4854 2189 4910 diceret.

609 4927 805 4991 Jesum,
838 4931 1024 4998 inquit,
1074 4931 1416 4999 Nazarenam,
1464 4939 1622 4992 virum
1661 4944 1991 5011 approbatum
2032 4965 2062 4999 η
2092 4947 2196 5001 Deo

612 5021 665 5071 in
706 5021 860 5073 vobis.
900 5022 1024 5076 Vide
1063 5040 1218 5091 quam
1260 5044 1503 5096 magnum
1553 5033 1676 5086 illud
1722 5047 1853 5101 erat,
1883 5039 2021 5107 quod
2058 5040 2199 5095 dicat

614 5095 763 5164 illum
793 5129 819 5164 a
855 5113 960 5166 Deo
992 5114 1207 5169 missum
1243 5117 1419 5173 fuisse.
1449 5120 1559 5174 lloc
1589 5125 1725 5176 enim
1763 5141 1972 5195 semper
2002 5139 2052 5182 et
2085 5131 2201 5183 nbi-

614 5218 716 5270 qtte
753 5201 985 5258 Joannes
1027 5217 1079 5260 et
1131 5211 1352 5277 apostoli
1406 5214 1691 5269 ostendere
1741 5220 2013 5274 curabant.
2065 5223 2198 5276 Audi

615 5311 844 5362 namque
890 5296 1143 5354 Joannem
1183 5304 1448 5360 dicentem
1485 5325 1496 5360 :
1535 5306 1633 5361 ltle
1672 5311 1793 5363 milii
1835 5315 1980 5377 dixit,
2034 5317 2203 5384 Super

616 5404 760 5454 quem
788 5388 970 5441 videris
996 5390 1239 5459 Spiritum
1263 5399 1640 5454 descendentem
1670 5413 1714 5455 et
1743 5417 2018 5458 manentem
2055 5426 2204 5478 super

617 5493 750 5540 eum,
793 5479 872 5530 hic
909 5491 980 5534 est
1022 5481 1196 5549 (Joan.
1235 5487 1284 5538 1.
1327 5488 1436 5555 55).
1480 5491 1588 5544 lluc
1632 5497 1893 5564 pra-cipue
1925 5497 2047 5552 facit
2093 5502 2203 5569 ipse

617 5569 880 5631 Christus,
903 5573 1106 5638 dicens,
1145 5577 1184 5628 Α
1219 5582 1506 5647 memetipso
1535 5601 1632 5637 non
1662 5588 1789 5648 veni,
1824 5589 1930 5657 ipse
1957 5608 2034 5643 me
2069 5594 2204 5647 misit

615 5663 633 5728 (
670 5661 754 5713 Id.
783 5663 834 5715 'l.
877 5663 946 5718 ‘28
978 5666 1014 5735 ).
1046 5667 1107 5718 Et
1136 5669 1325 5737 ubique
1354 5672 1402 5724 in
1431 5670 1716 5742 Scripturis
1739 5677 1839 5733 hoc
1871 5683 2203 5750 potissimum

619 5765 807 5820 agitur.

692 5841 836 5897 Petri
858 5846 1095 5916 dignitas.
1119 5849 1322 5907 ——ldu0
1351 5854 1433 5910 hic
1465 5869 1679 5915 sanctus
1709 5863 1847 5922 beati
1877 5873 2026 5927 chori
2057 5878 2200 5944 prin-

2289 3772 2437 3828 ceps,
2464 3769 2670 3815 amator
2688 3761 2907 3830 Christi,
2927 3764 3121 3820 ardens
3143 3765 3453 3835 discipulus,
3473 3770 3555 3823 cui
3585 3773 3898 3829 comntissze

2289 3861 2412 3902 sunt
2449 3852 2703 3907 cwlurum
2736 3855 2937 3918 claves,
2984 3858 3073 3926 qni
3119 3859 3502 3913 revelationcm
3557 3861 3895 3929 spiritualem

2293 3943 2521 4010 accepil,
2569 3954 2851 4013 postquam
2885 3947 3003 4000 illos
3033 3948 3224 4002 timore
3254 3954 3590 4019 compressit,
3625 3957 3898 4011 ostendit-

2295 4047 2397 4099 que
2430 4035 2632 4101 magnis
2678 4035 2796 4087 illos
2833 4035 2988 4090 donis
3017 4053 3137 4091 esse
3181 4039 3446 4110 dignatus,
3479 4054 3637 4112 atque
3671 4045 3775 4102 lidc
3813 4048 3901 4100 tli-

2294 4136 2427 4189 gnos
2472 4123 2722 4189 reddidit,
2759 4136 2882 4180 tunc
2911 4127 2978 4181 de
3009 4128 3099 4182 iifo
3135 4129 3368 4184 disserit.
3416 4132 3590 4202 Papze,
3622 4151 3692 4204 qu
3719 4139 3902 4191 unedo

2297 4227 2456 4265 ausus
2477 4225 2557 4268 est
2590 4216 2726 4268 inter
2757 4217 3052 4273 homicidas
3083 4220 3260 4274 dicere
3289 4222 3461 4291 ipsum
3496 4229 3899 4288 rcsnrrmissc!

2297 4304 2405 4358 Nec
2433 4307 2560 4358 dicit
2596 4308 2793 4370 statim,
2825 4310 2966 4376 quod
2999 4316 3384 4376 resurrcxerit;
3416 4315 3506 4367 sed
3539 4333 3624 4385 qtn
3647 4317 3678 4370 ιΙ
3719 4334 3747 4372 a
3788 4320 3904 4374 Deo

2299 4396 2362 4449 ad
2394 4397 2536 4467 ipsos
2584 4400 2806 4454 venerit.
2843 4401 2954 4454 Hoc
2987 4412 3162 4456 autent
3205 4406 3546 4459 manifestum
3589 4419 3670 4462 cst
3710 4427 3774 4465 ex
3813 4415 3904 4479 iis,

2299 4503 2416 4557 qtae
2461 4489 2605 4543 fecit.
2640 4491 2753 4557 Non
2778 4492 2887 4560 jam
2929 4493 3078 4558 dicit,
3109 4495 3247 4563 quod
3283 4497 3417 4565 ipse,
3452 4498 3543 4552 sed
3576 4501 3716 4568 quod
3761 4503 3908 4558 Deus

2301 4594 2395 4647 per
2425 4580 2616 4648 ipsum,
2647 4591 2703 4634 ut
2732 4582 3023 4637 modestius
3069 4584 3335 4654 loquendo
3365 4588 3508 4654 ipsus
3539 4591 3904 4659 pertraheret,

2301 4670 2554 4740 adquam
2595 4689 2703 4726 rem
2739 4674 2882 4743 ipsos
2924 4684 3087 4730 testes
3133 4685 3306 4740 vocat,
3351 4678 3627 4750 dicitque:
3670 4681 3850 4738 Virum
3876 4704 3908 4739 τι

2301 4762 2413 4816 Deo
2459 4764 2858 4819 demonstratum
2904 4769 2955 4819 in
3009 4769 3145 4821 vobis
3201 4770 3501 4836 virtutibus,
3561 4775 3810 4845 prodigiis
3861 4789 3908 4831 et

2303 4855 2478 4925 signis,
2513 4875 2626 4928 qum
2649 4860 2768 4928 fecit
2806 4876 2896 4926 per
2922 4861 3086 4927 ipsum
3123 4858 3337 4914 Deus‘in
3363 4864 3526 4916 medio
3563 4868 3736 4932 vestri,
3772 4870 3910 4923 sicut

2305 4959 2348 5000 et
2383 4949 2479 5017 ipsi
2509 4951 2663 5003 scitis.
2701 4950 2899 5005 Deinde
2932 4951 2981 5004 in
3014 4951 3220 5005 illorum
3255 4952 3458 5008 facinus
3488 4964 3541 5009 et
3569 4957 3747 5010 scelus
3774 4959 3910 5014 inci-

2305 5039 2457 5099 dens,
2486 5040 2603 5093 vide
2625 5042 2890 5108 qumnodo
2917 5053 3141 5096 conetur
3172 5044 3289 5097 illus
3316 5060 3344 5098 a
3374 5047 3597 5101 crimine
3625 5047 3859 5105 liberare
3894 5070 3906 5106 :

2308 5128 2423 5202 ((I)(
2455 5132 2553 5184 etsi
2587 5132 2728 5184 enim
2765 5133 3045 5186 definitum
3078 5143 3239 5197 esset,
3277 5136 3346 5189 illi
3383 5146 3560 5191 tamen
3620 5139 3910 5198 homicida:

2307 5224 2516 5291 crant).
2567 5224 2657 5279 9.3.
2697 5224 2868 5287 Iluuc,
2915 5227 3106 5294 inquit,
3151 5228 3359 5296 deﬁnito
3416 5232 3634 5285 consilio
3682 5244 3732 5286 et
3765 5252 3909 5290 vra:—

2307 5318 2515 5371 scientia
2545 5317 2639 5370 Dei
2671 5318 2914 5370 traditum
2942 5321 3262 5390 accipientes,
3292 5339 3380 5392 per
3410 5340 3590 5378 manus
3610 5325 3912 5396 iniquorum

2372 5451 2443 5514 (tt)
2463 5460 2579 5521 pure
2605 5453 2798 5521 uncinis
2815 5452 3101 5503 clauduntur
3123 5456 3328 5521 deerant
3368 5458 3413 5506 in
3450 5456 3620 5508 Editis.
3674 5459 3737 5508 At
3769 5473 3912 5521 vero,

2308 5514 2384 5564 his
2409 5515 2554 5564 etiam
2589 5516 3240 5580 restitutistsensusadhuc
3282 5521 3601 5580 impertectus
3626 5535 3739 5570 esse
3775 5514 3915 5570 videi

2311 5584 2404 5626 tur.
2431 5584 2562 5644 Min,
2586 5584 2636 5624 ut
2663 5577 2709 5623 in
2733 5577 3016 5644 prie-latione
3041 5579 3253 5644 diximus
3271 5618 3284 5639 ,
3305 5577 3443 5644 saepe
3465 5581 3840 5644 Chrysostmnns
3867 5588 3913 5634 in

2310 5638 2445 5687 hisce
2480 5638 3187 5704 Conunmttariis__sententiam
3242 5638 3474 5704 relinquit
3545 5638 3910 5704 imperfectam.

2309 5701 2387 5764 sic
2410 5713 2530 5763 ergo
2554 5708 2707 5764 totum
2735 5699 2988 5764 intelligas
3024 5716 3066 5762 ut
3087 5710 3217 5752 ortet
3246 5718 3258 5752 :
3294 5699 3410 5754 ride
3448 5699 3685 5764 quomodo
3709 5717 3910 5757 conetur

2309 5761 2419 5833 illos
2444 5761 2698 5836 (crimine
2728 5761 2958 5824 liberare,
2987 5761 3423 5836 quantum_s_rilicet
3449 5761 3558 5830 ﬁeri
3584 5770 3914 5836 potei'ut_;etsi

2313 5824 2438 5886 enin;
2463 5819 2512 5869 id
2539 5825 2790 5886 tte/initum
2812 5838 2842 5872 (ι
2870 5819 2966 5875 Deo
2990 5819 3131 5884 esset,
3168 5827 3317 5878 nihilo
3351 5819 3509 5878 (unum
3543 5819 3701 5878 minus
3725 5819 3803 5882 illi
3829 5833 3908 5883 liu-

2313 5884 2510 5936 nu’cidw
2537 5884 2690 5936 erunt.
2723 5897 2876 5948 nunc,
2902 5888 3074 5953 inquit,
3099 5888 3294 5953 tle/inito
3313 5891 3527 5952 consilio,
3555 5898 3650 5942 etc.
