4014 6480
158 443 203 498 57
1082 444 1146 500 ΙΝ
1187 443 1363 499 ACTA
1407 440 1703 498 APOSTOL

1818 441 1928 496 Uzib
1953 443 2182 500 ιιυιιιῐι.
2232 445 2317 504 Vl.
3364 475 3434 533 53

154 559 360 628 attigatis;
394 555 751 613 interemistis.
787 557 984 613 lisdem
1029 560 1137 612 iere
1181 558 1356 612 verbis
1386 569 1563 618 utens,
1601 554 1717 626 qui-

154 650 418 720 liiislosrpb
444 651 640 706 fratres
669 668 805 706 suos
823 650 1128 722 alloqinitiis
1155 660 1236 705 est
1268 669 1280 703 :
1316 650 1492 704 Nolite
1519 650 1712 714 timere,

153 745 244 810 quia
268 761 355 796 non
384 760 466 798 ros
511 745 811 798 tradidistis
860 762 960 808 me,
1003 745 1090 799 sed
1138 743 1273 797 Deus
1318 761 1395 798 itte
1438 745 1536 797 huc
1583 744 1718 796 misit

157 835 273 894 illm.
296 835 377 890 45.
399 835 475 904 5).
507 835 720 889 Deinde
753 845 1030 905 postquam
1053 835 1211 899 dixit,
1239 835 1338 886 hoc.
1368 833 1462 888 Dei
1491 834 1719 887 consilio

152 928 305 977 iit-lum
325 941 471 990 esse;
504 943 572 979 nc
604 928 882 990 dicerent,
914 927 1055 996 Ergo
1087 926 1135 980 id
1171 926 1306 981 liene
1329 926 1568 985 iecimus.
1596 925 1716 979 illus

149 1021 342 1089 coarguit
369 1036 459 1089 per
503 1035 566 1074 ea
616 1037 747 1091 qua:
792 1020 976 1091 adjicit
1009 1039 1022 1073 :
1055 1019 1155 1073 Per
1197 1037 1377 1074 manus
1425 1020 1716 1088 iniquoruiit

149 1104 354 1179 aﬁigtntes
378 1114 733 1167 interemistis.
768 1114 864 1168 Hic
888 1113 1076 1167 Judam
1101 1112 1422 1174 subindicat,
1452 1111 1717 1206 simulque

149 1203 355 1265 ostendit,
387 1204 435 1258 id
457 1219 564 1258 non
596 1206 848 1273 potuisse
879 1205 1000 1260 illos
1029 1206 1226 1266 facere.
1270 1206 1370 1259 nisi
1412 1203 1552 1258 Dctis
1583 1220 1713 1258 con-

149 1297 370 1358 cessisset,
418 1296 849 1368 tradidissetque
893 1297 1063 1352 illum.
1117 1296 1228 1352 [loc
1271 1296 1412 1350 enim
1455 1296 1555 1349 sibi
1602 1295 1717 1348 vult

149 1385 266 1452 illud,
292 1379 571 1452 Traditum.
609 1387 709 1443 Sic
741 1397 911 1444 totum
954 1387 1132 1443 seeliis
1163 1388 1432 1442 coovertit
1473 1387 1524 1438 in
1554 1395 1714 1455 caput

146 1479 279 1543 .lmlzc,
305 1481 382 1547 qui
414 1479 638 1534 tradidit
668 1489 797 1535 ettm
829 1499 843 1536 :
879 1481 992 1551 ipse
1019 1479 1162 1534 enim
1193 1479 1337 1533 illum
1370 1478 1555 1532 osculo
1587 1492 1683 1547 pro
1703 1510 1714 1518 -

145 1568 263 1621 didit.
293 1568 374 1624 Vel
407 1570 506 1624 hoc
538 1571 821 1642 intelligit,
858 1586 976 1625 cuin
1014 1571 1109 1636 ait,
1163 1569 1262 1625 Per
1303 1587 1482 1623 inuitus
1514 1569 1714 1640 iniquo-

145 1676 259 1722 rimt,‘
284 1662 357 1715 vel
383 1662 448 1716 dc
472 1663 747 1717 militibus
763 1664 1016 1733 loquitur.
1043 1677 1104 1717 ac
1125 1663 1168 1716 si
1195 1663 1446 1723 insinuet,
1481 1661 1594 1715 Non
1619 1674 1715 1713 vos

147 1753 466 1818 interemistis,
500 1755 742 1816 sed,Per
766 1772 947 1810 manus
973 1757 1283 1826 iniquorum.
1314 1757 1374 1810 Et
1407 1757 1547 1819 vide,
1579 1771 1714 1822 quo-

144 1844 270 1895 modo
303 1845 491 1914 ubique
547 1857 745 1901 curent
804 1848 1109 1917 passionem
1167 1849 1395 1917 primum
1445 1846 1710 1904 conﬁteri.

147 1931 569 1991 lbsurrectioncin
606 1954 762 2002 vero,
798 1941 919 2008 quia
961 1955 1150 2011 magna
1192 1955 1279 1993 res
1317 1949 1455 2005 erat,
1496 1940 1712 1995 interim

145 2028 428 2094 stibiudicat,
466 2042 520 2084 ct
560 2032 718 2100 quasi
768 2031 818 2084 itt
863 2032 1038 2086 ti:cdio
1084 2033 1253 2102 ponit.
1314 2033 1403 2088 Illa
1459 2051 1709 2105 namque,

143 2136 240 2170 lini
270 2121 508 2174 nimirum
541 2132 598 2176 et
634 2139 804 2183 mors.
848 2125 899 2178 in
948 2124 1220 2181 confesso
1247 2138 1420 2193 erant,
1473 2129 1709 2183 nonduin

144 2222 282 2264 :lllClll
326 2216 650 2269 resurrectio
686 2233 698 2267 :
735 2215 854 2269 ideo
893 2215 1009 2271 hinc
1047 2217 1320 2288 subiungit
1363 2237 1376 2272 ε
1417 2218 1508 2274 24-
1553 2220 1714 2284 Quem

147 2301 248 2356 lli-iis
272 2307 542 2373 suscitarit,
595 2309 782 2362 solutis
820 2307 1080 2364 doloribus
1124 2313 1320 2376 mortis,
1355 2327 1410 2366 eo
1448 2313 1582 2382 quod
1611 2315 1710 2367 imo

147 2395 340 2454 trritsibile
375 2407 477 2449 erat
511 2400 676 2451 teneri
705 2400 852 2452 illum
883 2401 941 2453 tib
972 2405 1051 2454 ea.
1096 2402 1191 2456 llic
1223 2419 1472 2475 maguum
1513 2405 1711 2460 elsnh-

146 2485 238 2536 time
277 2488 537 2556 quidpiam
595 2490 923 2546 subindicat.
994 2493 1127 2548 Illud
1171 2496 1336 2561 enim,
1385 2496 1711 2566 [inpossibile

144 2589 238 2639 erat,
266 2581 515 2649 signiﬁcat
545 2584 727 2654 ipsum
763 2602 975 2657 quoque
1015 2587 1229 2643 dedisse
1262 2600 1578 2657 potestatem
1623 2593 1707 2646 in-

143 2665 262 2720 l’r-rno
287 2682 334 2725 ut
361 2689 417 2728 se
439 2683 676 2743 teneret,
706 2687 762 2732 et
801 2689 1027 2733 mortem
1062 2680 1211 2733 illiilli
1253 2681 1582 2736 detinentent
1612 2682 1708 2738 do-

144 2758 302 2815 lui-ibus
325 2774 504 2832 partus
534 2765 786 2821 affectam
818 2769 998 2838 gravia
1034 2786 1244 2839 passam
1281 2788 1421 2826 esse.
1456 2774 1704 2829 Dolorem

144 2855 298 2923 quippe
336 2860 520 2913 mortis
553 2861 857 2926 periculum
895 2861 1168 2932 Scriptura
1209 2865 1346 2918 solet
1388 2868 1659 2935 appell.:re
1692 2886 1704 2920 :

146 2957 181 2995 et
199 2944 387 3006 iudicat.
409 2950 552 3018 quod
577 2952 659 3005 sic
683 2954 1032 3008 resnrrexerii
1063 2955 1215 3024 quasi
1249 2972 1350 3009 non
1383 2957 1517 3011 ultra
1546 2959 1708 3011 mori-

146 3047 278 3092 turos.
320 3040 408 3094 Vel
429 3061 552 3097 cunt
584 3044 736 3110 dicit,
771 3043 850 3098 Eo
878 3045 1012 3117 quod
1042 3047 1352 3116 impossibile
1397 3061 1502 3102 erat
1549 3051 1707 3105 teneri

145 3131 256 3183 illum
292 3137 348 3188 ab
375 3153 453 3202 ea,
487 3139 761 3209 significat
807 3142 1256 3196 resurrectionem
1289 3144 1404 3212 cjiis
1433 3159 1539 3197 non
1586 3159 1707 3199 esse

145 3237 430 3281 roninninem
458 3245 583 3283 eum
631 3231 770 3284 aliis.
820 3233 1018 3287 Deinde
1050 3233 1362 3304 priusquam
1401 3250 1554 3290 mens
1586 3236 1706 3289 illo-

145 3323 233 3368 rum
258 3320 441 3388 aliquid
467 3323 692 3392 cogitet,
723 3323 925 3377 inducit
960 3325 1239 3391 Doridem,
1269 3343 1483 3380 onmem
1517 3327 1705 3381 huma-

147 3420 235 3457 Iiain
257 3411 623 3477 Cogitationcin
649 3413 715 3467 de
739 3413 916 3468 medio
944 3416 1239 3471 tollentem.
1265 3412 1355 3471 25.
1387 3417 1552 3480 David
1569 3420 1704 3474 enim

144 3496 236 3547 dicit
260 3500 304 3551 iu
327 3518 453 3568 eum,
488 3506 683 3574 inquii.
731 3505 798 3560 Et
844 3508 979 3570 vide,
1017 3510 1289 3578 quomodo
1322 3529 1506 3566 rursus
1550 3515 1702 3568 testi-

145 3591 334 3643 monium
365 3595 428 3647 sit
464 3597 691 3651 humile.
729 3599 854 3652 Ideo
891 3596 1014 3654 iihtd
1044 3618 1203 3671 supra
1228 3615 1295 3656 ex
1327 3603 1703 3661 humilioribus

144 3683 321 3748 accepit.
358 3697 408 3738 ιιι
450 3689 705 3743 ostendat
747 3691 814 3746 de
855 3704 1028 3748 morte
1072 3712 1176 3748 non
1223 3711 1344 3751 esse
1386 3697 1698 3754 dolendum.

148 3766 453 3842 Proridebmn,
488 3783 685 3851 inquit.
726 3783 997 3839 Dominum
1038 3789 1088 3842 iii
1115 3804 1385 3861 conspectu
1427 3810 1536 3847 meo
1566 3811 1700 3849 seiu-

145 3881 223 3925 ρετ.
251 3874 468 3936 quoniam
498 3894 530 3927 α
573 3877 766 3930 dextris
796 3888 867 3931 est
899 3880 1042 3944 mihi,
1092 3897 1154 3934 tie
1182 3899 1498 3938 commoveor
1525 3884 1696 3954 (Psal.

150 3953 209 4007 l3.
234 3959 314 4022 8):
342 3963 424 4017 Ξῖ.
449 3968 694 4035 quoniam
718 3986 818 4023 non
851 3971 1166 4043 dereliur/ues
1190 3979 1413 4029 animum
1447 3997 1607 4033 meam
1645 3983 1698 4035 iit

146 4049 316 4116 iiiprno.
369 4059 572 4115 Deinde
623 4064 932 4118 testimonio
983 4062 1296 4134 pmphetico
1351 4073 1498 4126 addit
1543 4092 1558 4127 :
1604 4075 1696 4129 ‘29.

153 4134 231 4192 l'iri
255 4150 437 4215 fratres.
460 4153 599 4208 Cum
625 4169 874 4223 magnum
898 4159 1170 4228 quidpiam
1201 4158 1438 4217 dicturus
1462 4175 1561 4228 est,
1592 4166 1710 4221 hoc.

147 4237 272 4291 tuitur
297 4247 574 4309 prim-inio,
611 4257 667 4300 nt
689 4248 806 4302 ilics
831 4250 1026 4304 excitet
1057 4253 1351 4308 elallicial.
1386 4254 1576 4320 Liceat,
1614 4257 1696 4313 iit-

145 4332 247 4394 qnit,
272 4339 498 4393 audenter
525 4342 696 4395 dicere
720 4343 857 4397 vobis
881 4345 946 4398 de
977 4347 1270 4414 patriarcha
1297 4347 1480 4405 David.
1511 4347 1696 4422 Magna

147 4419 366 4482 humilitas
398 4450 409 4482 :
444 4431 534 4485 tibi
581 4433 709 4487 nihil
737 4442 820 4487 est
847 4435 1047 4498 damni,
1097 4437 1388 4495 ilemissiUS
1433 4441 1693 4511 loquitur.

147 4506 330 4583 Ideoque
363 4537 460 4575 non
493 4521 652 4588 dixit,
700 4523 813 4579 hare
844 4525 910 4580 de
951 4526 1190 4591 Christo,
1236 4545 1341 4584 non
1384 4531 1452 4586 de
1497 4506 1698 4589 Davide

145 4603 250 4657 dicta
277 4608 459 4678 fuis~e;
507 4614 671 4684 idque
696 4615 984 4670 admodum
1027 4618 1340 4686 prudenter,
1385 4633 1439 4676 nt
1485 4624 1604 4678 illos
1630 4637 1694 4680 ex

147 4710 296 4765 tinguo
322 4719 433 4772 erga
470 4707 685 4759 beatum
722 4707 972 4763 Da'vidcni
1011 4707 1216 4765 honore
1243 4713 1307 4764 ad
1339 4716 1694 4770 reverentiam

146 4787 401 4860 deduceret,
430 4797 594 4850 simul
626 4798 767 4852 circa
793 4800 918 4852 illttd
945 4801 1088 4870 quod
1120 4802 1168 4854 izi
1199 4802 1446 4858 eotil'esso
1476 4817 1609 4870 erat,
1640 4817 1695 4862 et

146 4879 240 4935 illud
285 4889 408 4955 quod
459 4889 720 4943 audacius
763 4890 966 4945 diettttn
1023 4892 1324 4952 videbatur.
1381 4897 1694 4952 deinulcens

148 4973 417 5038 il‘nslaudes
456 4984 785 5038 adhibendo.
837 4985 960 5039 ideo
998 5004 1124 5053 non,
1161 4988 1233 5042 De
1265 4991 1449 5054 David,
1487 5001 1690 5048 tantum

146 5061 280 5131 dixit;
308 5073 412 5138 sed,
447 5073 524 5126 De
551 5075 846 5142 patriarcha
879 5074 1066 5142 Πανία,
1101 5079 1219 5145 quiti
1247 5082 1516 5150 defunctus
1548 5095 1619 5137 est
1644 5095 1693 5139 et

148 5161 341 5224 "pullus.
366 5165 479 5218 Non
511 5167 623 5233 jam
662 5167 811 5232 dicit,
849 5167 918 5222 Et
957 5183 1061 5223 non
1097 5177 1426 5239 resurrexit;
1459 5177 1553 5232 sed
1585 5179 1691 5233 alio

147 5250 266 5304 "mdo
283 5267 412 5314 recte
439 5259 542 5313 hoc
567 5260 743 5328 ipsum
769 5261 1009 5316 declarat
1033 5278 1096 5317 ac
1122 5265 1250 5320 dicit
1278 5286 1288 5315 :
1319 5267 1381 5321 Et
1403 5272 1691 5340 sepulcrum

148 5339 249 5397 illius
272 5359 332 5401 est
357 5352 497 5418 apud
527 5369 618 5406 nos
648 5369 804 5422 usque
845 5355 899 5408 itt
926 5355 1227 5409 hodiernam
1271 5359 1422 5413 diem.
1459 5363 1684 5428 Deinilc,

149 5447 185 5484 ιιι
209 5441 323 5505 quod
351 5445 590 5500 voluerat
621 5450 921 5516 apparavit,
954 5462 1129 5518 neque
1157 5451 1235 5504 sic
1273 5453 1415 5507 \enit
1443 5455 1506 5510 ad
1533 5455 1689 5511 Chri-

149 5535 270 5597 iitlm,
292 5537 372 5590 sed
403 5554 592 5592 rursus
624 5539 878 5594 Davidctn
903 5541 1102 5595 laudat.
1128 5543 1218 5598 50.
1247 5544 1508 5602 Prov/tetu
1534 5551 1689 5620 igitur

149 5633 231 5674 ικηι
255 5639 375 5691 esset,
402 5641 449 5684 et
469 5632 620 5685 sciret
645 5633 764 5696 quia
790 5635 1136 5704 jurejurando
1173 5638 1391 5702 iurasset
1422 5641 1498 5694 illi
1524 5641 1682 5697 Deus.

199 5715 239 5769 Ξ.
275 5719 380 5778 llicc
410 5740 571 5792 porro
592 5725 739 5790 dicit,
769 5736 826 5781 iit
855 5729 1044 5782 saltcin
1069 5729 1137 5782 ob
1163 5731 1418 5788 honorem
1443 5747 1684 5806 ctgenus

153 5807 290 5878 ipsius,
331 5819 547 5873 rcrbnin
576 5820 644 5874 de
687 5823 1082 5878 resurrectione
1123 5827 1487 5896 susciperent;
1529 5834 1678 5902 quasi

157 5908 366 5976 militum
391 5913 681 5970 lmderctur
707 5914 806 5972 nisi
838 5915 940 5972 hoc
971 5928 1136 5986 esset,
1166 5927 1218 5973 ct
1249 5923 1397 5987 quasi
1437 5924 1670 5991 ipsorum

1830 557 2017 613 liooori
2037 565 2404 632 derogaretiir.
2429 566 2495 620 Et
2521 572 2704 639 sciens,
2735 575 2923 646 inquit,
2952 585 3071 652 quia
3087 587 3432 659 jurejurando

1817 652 2044 721 furasset
2083 655 2161 708 illi
2214 657 2368 714 Deus.
2409 661 2523 715 Non
2561 668 2879 738 simpliciter
2923 675 3076 741 dixit,
3131 681 3430 752 Promisit;

1826 747 2092 814 seil,quod
2145 751 2318 820 majus
2345 768 2480 821 erat,
2523 757 2839 818 .liiranicuto
2874 766 3094 837 juravit,
3138 773 3218 828 De
3263 780 3436 848 fructu

1826 838 1984 893 lumbi
2026 844 2140 909 eius
2177 849 2429 902 oriturum
2475 853 2734 908 (Ili-istum
2771 863 3050 916 secundum
3099 883 3345 933 carnem;
3379 885 3436 926 ut

1824 932 2017 987 sederet
2051 951 2205 1004 super
2233 939 2468 994 thronum
2498 945 2678 1012 ipsius.
2725 948 2876 1014 Vide,
2907 962 2963 1004 ut
2991 958 3203 1011 excelsa
3238 960 3432 1017 iterum

1824 1024 2147 1082 subindicct.
2211 1030 2500 1099 Postquam
2555 1039 2698 1093 enini
2757 1043 2875 1097 illos
2929 1049 3111 1102 verbis
3165 1052 3436 1120 placavit,

1827 1117 2054 1172 fidenter
2085 1119 2186 1177 hoc
2218 1127 2490 1193 propheta!
2531 1130 2735 1187 dictum
2775 1139 2972 1202 attulit,
3007 1143 3156 1196 etde
3187 1161 3438 1204 resurre-

1821 1213 2001 1268 ctione
2029 1215 2281 1284 loquitur.
2321 1220 2409 1274 5|.
2458 1223 2590 1287 Quid
2637 1239 2798 1298 neque
2829 1233 3003 1285 attiitta
3042 1237 3152 1304 ejus
3194 1239 3437 1295 derelicta

1822 1315 1894 1356 est
1922 1305 1972 1358 in
2008 1307 2227 1376 inferno,
2257 1328 2417 1379 neque
2445 1331 2565 1368 caro
2594 1319 2702 1387 ejus
2731 1320 2854 1374 vidit
2881 1329 3279 1396 corruptionem.
3319 1331 3434 1388 Hoc

1823 1410 2007 1450 rursm
2035 1401 2228 1455 niiruin
2278 1413 2360 1458 est
2389 1423 2400 1456 :
2428 1409 2664 1464 ostendit
2691 1413 2858 1478 enim,
2901 1432 3009 1472 non
3050 1418 3282 1476 similem
3314 1425 3438 1481 aliis

1822 1503 1943 1543 esse
1971 1495 2442 1551 resurrectionem.
2476 1497 2710 1556 Di-tinuit
2741 1507 2884 1560 enim
2923 1510 3078 1564 illum
3119 1521 3287 1579 mors,
3333 1524 3438 1572 nec

1822 1593 1915 1632 sua
1941 1581 1992 1636 in
2024 1599 2144 1637 enin
2178 1597 2396 1655 aperata
2429 1601 2529 1645 cst.
2567 1593 2631 1648 Et
2656 1609 2933 1664 peccatum
2957 1599 3175 1672 quidem
3199 1607 3300 1661 sub
3326 1625 3438 1664 um-

1822 1674 1915 1730 ltt'a
1944 1677 2098 1741 dixit,
2136 1693 2348 1747 poenam
2382 1696 2560 1740 autent
2596 1706 2700 1743 non
2732 1693 2958 1760 addidit,
2993 1698 3087 1752 sed
3115 1701 3257 1769 quod
3286 1706 3433 1758 occi-

1821 1767 2000 1824 derint
2042 1773 2333 1832 declaravit
2378 1797 2390 1831 :
2439 1777 2633 1838 deinde
2691 1786 2757 1839 ad
2821 1789 3033 1857 signum
3098 1767 3192 1848 Dei
3257 1799 3430 1854 venit.

1821 1862 2047 1929 Quando
2081 1878 2262 1922 autem
2293 1869 2718 1930 demonstratum
2752 1890 2855 1947 est,
2895 1881 3101 1949 justum
3143 1902 3264 1943 csse
3306 1906 3432 1947 eum

1820 1956 1908 2022 qni
1938 1957 2149 2013 occisus
2195 1960 2307 2026 fuit,
2343 1972 2398 2018 et
2437 1965 2529 2029 Dei
2575 1969 2828 2034 amicum,
2864 1973 3074 2029 etiamsi
3099 1991 3315 2046 pinnam
3347 1991 3434 2035 ta-

1820 2060 1966 2113 ceas,
2000 2049 2042 2104 is
2083 2053 2170 2119 qui
2215 2057 2477 2122 peccavit,
2513 2075 2634 2115 sese
2681 2065 2846 2129 magis
2886 2082 3046 2136 quam
3091 2077 3144 2123 tu
3198 2069 3428 2141 laceres,

1820 2141 2222 2200 condemnabit.
2247 2147 2435 2205 Omnia
2466 2153 2643 2222 itaque
2664 2157 2728 2209 ad
2753 2157 2968 2215 Patrem
2996 2162 3179 2229 refert,
3205 2173 3263 2220 iit
3287 2168 3430 2223 dicta

1821 2235 2097 2303 recipiant.
2132 2238 2332 2296 Deinde
2361 2241 2510 2307 illud,
2539 2244 2865 2316 [inpossibile
2893 2265 3021 2319 erat,
3051 2271 3115 2309 ex
3146 2258 3428 2327 prolihetia

1823 2325 2049 2380 induxit.
2106 2330 2311 2387 Rursus
2341 2351 2467 2390 vero
2499 2340 2677 2408 priora
2725 2353 3052 2414 repetamus.
3103 2349 3306 2414 Iesum,
3346 2354 3430 2407 in-

1820 2419 1956 2487 quit,
1989 2417 2339 2491 Nuzureuum,
2373 2429 2536 2482 cirum
2571 2436 2910 2503 approbitum
2945 2457 2975 2491 α
3009 2429 3117 2494 Deo
3157 2447 3208 2496 in
3251 2447 3388 2498 robis
3412 2463 3431 2502 :

1821 2510 1870 2562 id
1893 2522 1995 2573 est,
2030 2513 2098 2568 de
2123 2531 2229 2585 quo
2253 2519 2384 2573 nihil
2413 2521 2634 2579 dubium
2663 2537 2766 2592 cst;
2802 2530 2895 2583 scd
2924 2546 2988 2584 ex
3021 2535 3277 2602 operibus
3307 2555 3430 2608 pro-

1820 2600 2022 2658 batum.
2069 2605 2158 2662 Sic
2195 2619 2248 2662 et
2280 2609 2606 2670 Nicodcmus
2631 2611 2843 2674 dicebat
2876 2640 2888 2675 :
2926 2600 3090 2694 Signa
3129 2628 3237 2682 lucc
3281 2649 3430 2686 nemo

1820 2704 1982 2760 potest
2027 2701 2197 2768 facere
2233 2718 2349 2770 quur
2390 2714 2444 2758 tu
2489 2706 2620 2775 facis
2660 2702 2839 2780 (Joau.
2885 2715 2938 2769 5.
2987 2717 3066 2786 Ξ).
3125 2718 3426 2788 Virtutibus,

1820 2787 2011 2855 inquit,
2046 2793 2313 2863 prodigiis,
2348 2807 2393 2848 et
2439 2799 2620 2868 signis,
2655 2819 2770 2870 φατε
2811 2808 2930 2876 fecit
2961 2806 3099 2864 Deus
3130 2829 3219 2882 per
3258 2815 3428 2884 ipsum

1819 2881 1871 2932 in
1903 2883 2066 2934 medio
2090 2886 2258 2939 vestri.
2293 2886 2474 2958 itaque
2501 2908 2604 2945 non
2632 2895 2791 2960 clam,
2823 2899 2866 2951 si
2902 2900 2954 2953 in
2979 2903 3210 2962 inedio'.
3245 2907 3429 2965 Primo

1818 2975 1885 3029 ab
1913 2976 1996 3043 iis,
2037 2995 2158 3048 qua:
2192 2992 2314 3036 nota
2360 2983 2490 3053 ipsis
2517 2999 2692 3055 erant,
2721 2991 2962 3060 orditur;
2993 3008 3047 3052 et
3077 3008 3202 3056 tunc
3242 3002 3308 3056 ad
3338 3020 3429 3059 oc.-

1819 3066 1960 3121 culta
2007 3072 2172 3125 Venit.
2210 3073 2411 3132 Deinde
2455 3090 2576 3133 (-ttin
2625 3084 2721 3144 ait,
2769 3083 2863 3139 Dei
2907 3091 3142 3157 consilio,
3190 3097 3429 3153 ostendit

1818 3161 1963 3229 ipsos
1995 3162 2044 3216 id
2077 3163 2254 3222 facere
2283 3185 2390 3224 non
2424 3174 2662 3241 potuisse
2691 3195 2705 3242 ;
2734 3188 2788 3232 et
2833 3173 2960 3235 illud
3002 3197 3122 3240 esse
3150 3189 3423 3259 quidpiam

1817 3253 2088 3322 sapienter
2116 3267 2169 3313 et
2196 3274 2292 3329 per
2322 3267 2679 3322 (economiam
2711 3267 2932 3340 factum,
2961 3276 3227 3347 siquidem
3255 3297 3282 3336 a
3318 3284 3426 3339 Deo

1817 3342 1933 3412 ipso
1973 3357 2108 3401 erat.
2147 3348 2412 3422 Quodque
2447 3357 2732 3415 molestum
2765 3375 2900 3428 erat,
2933 3368 3042 3422 cito
3080 3378 3422 3434 transcurrit.

1815 3433 2025 3507 Ubique
2057 3440 2162 3495 illis
2188 3444 2425 3500 studium
2455 3462 2570 3503 erat
2598 3455 2908 3525 ostendere,
2947 3460 3118 3529 ipsum
3151 3478 3424 3526 mortuum

1815 3528 1980 3586 fuissii
2009 3548 2021 3585 :
2054 3533 2206 3590 Licet
2237 3553 2331 3591 vos
2363 3547 2708 3613 negaveritis,
2737 3548 2925 3620 inquit.
2959 3551 3030 3610 illi
3058 3560 3428 3618 testilicalnin-

1816 3629 1916 3676 tur.
1955 3624 2052 3692 Qui
2105 3644 2232 3682 vero
2278 3635 2436 3687 morti
2487 3641 2696 3707 negotia
2741 3642 2977 3711 facessit,
3027 3651 3198 3704 multo
3249 3657 3421 3724 magis

1815 3721 2013 3786 poterit
2056 3722 2116 3776 iis
2146 3724 2233 3793 qui
2277 3729 2682 3786 eritcilixCrnnt.
2739 3737 2808 3790 At
2857 3739 2987 3793 nihil
3044 3742 3221 3798 simile
3269 3721 3422 3814 dicit,

1813 3825 2027 3880 nempe,
2062 3814 2279 3871 Poterat
2312 3835 2405 3871 vos
2433 3821 2499 3876 de
2533 3825 2709 3878 inedio
2737 3829 2945 3896 tollere,
2977 3834 3072 3886 ενα
3105 3836 3426 3907 simpliciter

1811 3905 2193 3964 subinilicavit.
2240 3911 2456 3968 Interim
2490 3930 2620 3972 vero
2665 3927 2730 3973 ex
2782 3923 2941 3977 dictis
2980 3926 3263 3996 discimus,
3296 3934 3422 4002 quid

1809 3998 1878 4049 sit
1923 4000 2072 4064 illud,
2127 4013 2330 4059 tenere.
2358 4005 2490 4062 Nam
2521 4014 2609 4079 ιιιιί
2641 4029 2761 4066 cuin
2796 4015 2985 4073 dolore
3015 4022 3215 4091 aliquid
3251 4036 3421 4086 tenet.

1809 4106 1913 4144 non
1957 4089 2083 4147 illud
2134 4098 2356 4164 retinet;
2406 4117 2579 4168 neque
2626 4107 2756 4174 agit,
2790 4107 2884 4161 sed
2933 4113 3149 4178 patitur,
3193 4125 3244 4168 et
3290 4117 3422 4172 illud

1807 4185 2042 4250 obiicere
2077 4188 2309 4244 festinat.
2337 4195 2411 4244 Ac.
2434 4181 2833 4264 pulclirc‘dicit,
2857 4200 3026 4256 Darii!
3059 4206 3190 4258 enim
3222 4208 3344 4262 dicit
3371 4213 3423 4264 in

1807 4295 1918 4333 cum
1946 4295 1963 4343 ;
1996 4296 2060 4334 ne
2087 4272 2286 4336 dictum
2315 4285 2440 4339 illud
2468 4290 2516 4340 in
2542 4290 2858 4359 prophetam
2887 4295 3182 4353 derivares.
3212 4301 3418 4372 γεω-η’,

1805 4373 2076 4440 quomodo
2099 4373 2315 4429 demum
2341 4379 2674 4448 prophetiam
2707 4383 3110 4456 intcipretetiir,
3142 4403 3189 4445 et
3223 4394 3421 4450 nudam

1805 4473 2058 4532 exponat,
2091 4468 2386 4524 esttandcns
2426 4466 2697 4540 quomodo
2733 4475 2918 4531 sedeat
2959 4495 3125 4551 super
3165 4483 3417 4541 thronum

1805 4563 1998 4612 Suum?
2038 4575 2262 4631 regnum
2305 4565 2448 4626 enim
2496 4567 2778 4636 spirituale
2826 4572 2874 4625 iu
2924 4575 3070 4631 castis
3112 4588 3214 4633 est.
3261 4578 3418 4650 Vide,

1805 4654 2076 4721 quomodo
2103 4670 2223 4708 cuni
2257 4661 2652 4715 resurrectione
2682 4678 2905 4732 regnum
2931 4665 3225 4724 declaravit
3252 4669 3306 4725 in
3335 4688 3422 4727 re-

1802 4747 2073 4815 surgendo
2100 4761 2395 4820 aecepliiin.
2428 4750 2670 4806 Ostendit
2706 4760 3079 4814 necessitatem
3106 4761 3270 4818 fuisse
3295 4779 3418 4834 pro.

1803 4837 1978 4906 pin-Le
2023 4838 2238 4895 dicendi
2273 4859 2286 4895 :
2318 4842 2384 4896 de
2411 4843 2502 4896 illo
2538 4857 2769 4917 namque
2810 4861 2925 4904 erat
2967 4854 3269 4923 prophetia.
3311 4855 3421 4912 Cur

1804 4947 1908 4982 non
1941 4931 2096 4994 dixit,
2133 4931 2208 4985 De
2239 4947 2405 5000 regno
2437 4935 2592 5004 ejus;
2623 4938 2740 5005 sed,
2773 4935 2851 4994 De
2872 4946 3242 5000 resurrectione
3269 4949 3422 5018 ejus?

1802 5021 2045 5090 Magnum
2081 5023 2181 5079 hoc
2210 5035 2348 5081 erat.
2381 5027 2664 5094 Quomodo
2690 5041 2869 5086 autem
2917 5035 2969 5088 in
3002 5035 3198 5093 throno
3235 5042 3370 5095 Sl'llll
3398 5042 3421 5094 ?

1803 5113 1855 5166 lii
1889 5114 2104 5168 Jiidiros
2136 5133 2387 5186 regnans.
2423 5119 2574 5186 Quod
2608 5121 2651 5175 si
2685 5123 2736 5176 in
2775 5122 3011 5188 ΙιιιΙαισς,
3045 5129 3215 5185 inulto
3244 5129 3415 5203 magis

1801 5209 1852 5261 iii
1881 5225 1974 5263 eos
2017 5211 2104 5278 qui
2137 5213 2526 5268 crticilixcriint
2572 5215 2746 5270 illiiiit.
2780 5215 2901 5271 Non
2934 5221 3069 5273 enim
3107 5239 3232 5277 caro
3276 5227 3409 5296 ejus,

1800 5304 1992 5374 inquit,
2026 5304 2152 5359 vidit
2191 5309 2588 5377 corruptionem.
2623 5309 2734 5363 Hoc
2764 5313 3181 5377 resurrectione,
3215 5317 3406 5385 inquit,

1798 5399 1974 5450 minus
2026 5397 2258 5459 videtur.
2310 5399 2403 5452 sed
2463 5400 2691 5470 idipsnin
2739 5411 2840 5456 cst.
2884 5398 2973 5458 52.
3030 5404 3182 5459 llum:
3226 5405 3408 5461 Iesum

1795 5491 2052 5542 suscitavit
2101 5489 2256 5544 Deus.
2295 5491 2446 5557 Vide,
2481 5493 2751 5562 quomodo
2784 5509 2889 5548 non
2931 5497 3089 5551 aliter
3122 5497 3268 5552 illnin
3309 5515 3408 5569 ap-

1798 5585 1976 5651 ielict.
2011 5582 2170 5654 Cujus
2212 5602 2304 5638 nos
2335 5603 2505 5638 omnes
2545 5597 2691 5640 IeStcs
2715 5604 2907 5642 sumus.
2933 5590 3022 5644 55.
3059 5589 3282 5644 Dextera
3309 5593 3402 5662 igi-

1795 5688 1875 5729 tur
1909 5677 2000 5729 Dei
2025 5678 2297 5730 exn/tatus.
2339 5679 2544 5732 Rursus
2574 5681 2636 5733 :id
2668 5681 2878 5735 Patrem
2904 5682 3160 5748 cmil'iigit,
3191 5682 3407 5738 etiamsi

1793 5771 1921 5824 satis
1951 5781 2064 5825 crat
2097 5771 2145 5824 id
2180 5770 2381 5824 dixisse
2427 5773 2607 5840 prius:
2652 5774 2743 5826 St'll
2789 5775 2887 5827 scit
2926 5777 3106 5844 quanti
3144 5784 3396 5838 momenti

1863 5931 1874 5960 '
1915 5930 2058 5988 illud,
2084 5943 2123 5978 si
2151 5930 2200 5979 in
2238 5927 2415 5978 medio.
2453 5928 2596 5978 deest
2633 5939 2678 5976 tu
2719 5945 2749 5992 ιλ
2775 5927 3037 5979 .ifiusdam.
