4092 6472
626 429 693 488 59
1334 412 1389 468 ε.
1431 402 1708 464 JOANNIS
1741 398 1951 460 CllR\'.‘f
1963 394 2207 453 O‘S'l'thl

624 549 693 599 sit
742 540 888 597 illud.
947 535 1043 589 llic
1083 544 1294 599 quoque
1337 522 1757 590 assmnptionem
1802 510 2148 571 Subiudicavit
2178 549 2191 567 .

628 640 902 706 ipatmque
934 629 983 680 in
1014 625 1158 679 cadis
1184 635 1337 682 esse;
1386 616 1478 671 St‘d
1532 614 1633 667 hoc
1678 624 1783 665 non
1831 606 2002 678 palam
2050 602 2199 706 dicit.

636 692 691 780 ἐι
726 692 1073 792 promissione,
1114 713 1301 781 iaquit,
1342 708 1504 763 sancti
1550 704 1773 773 Spiritus
1797 706 2024 792 accepta.
2059 692 2203 792 ⁸Ϊὶάι)

626 783 893 889 qumnodo
921 813 1071 867 initio
1097 809 1237 863 dicit
1266 820 1367 856 non
1390 801 1678 857 Christum,
1704 793 1796 848 st-d
1822 783 2029 846 Patrem
2058 788 2201 841 illum

629 883 835 965 misisse
861 925 871 958 :
903 914 1176 971 poetquam
1209 912 1332 951 vero
1359 896 1503 963 signa
1527 893 1641 960 ejus
1664 883 2067 948 tuetuoravil,et
2087 893 2204 947 qua:

628 1002 793 1058 Judaei
828 1002 876 1053 in
910 999 1058 1053 illuai
1102 993 1353 1049 fetet-ant,
1386 1002 1448 1040 ac
1476 984 1542 1038 de
1586 979 1978 1036 resnrrcctione
2012 974 2204 1041 loquu-

630 1106 709 1146 tus
741 1093 855 1151 fuit.
891 1082 1011 1143 tunc
1041 1084 1261 1137 lidenter
1282 1080 1346 1132 de
1375 1076 1456 1131 his
1482 1087 1783 1128 sermonem
1820 1067 1997 1126 habet,
2023 1074 2209 1117 rursus

630 1186 745 1237 ilius
774 1192 938 1238 testes
982 1185 1073 1247 per
1112 1185 1392 1235 ntrtruque
1437 1179 1651 1221 sensum
1705 1158 1987 1231 producit:
2021 1170 2083 1247 ac
2122 1169 2213 1208 re-

630 1246 993 1328 surrectionis
1038 1264 1249 1334 quidem
1308 1260 1615 1329 frequenter
1661 1250 1943 1312 meminit,
1997 1246 2207 1299 il'orum

632 1382 761 1418 vero
788 1360 1006 1417 sceleris
1037 1356 1203 1411 semcl
1238 1365 1459 1416 tantum,
1490 1360 1554 1402 ne
1582 1341 1890 1417 ipsiso'neri
1920 1337 2115 1393 esset‘.
2147 1334 2211 1387 Εε

626 1468 851 1527 accep'a,
884 1432 1071 1523 inquit,
1114 1448 1337 1517 Spiritus
1376 1442 1539 1496 sancti
1568 1436 1915 1509 promissione.
1951 1430 2062 1484 lluc
2090 1442 2209 1478 rur-

627 1565 719 1603 sas
747 1560 992 1617 magnum
1024 1552 1125 1598 est.
1160 1542 1292 1593 Puto
1312 1546 1511 1599 autem,
1537 1534 1706 1600 ipsum
1738 1540 1875 1579 mmc
1902 1532 2186 1594 pronuss:o

633 1657 753 1696 nem
781 1639 963 1693 dicere
989 1641 1113 1689 ante
1140 1632 1441 1702 passionem
1470 1624 1668 1678 datam.
1704 1619 1831 1672 Vide
1860 1622 2061 1676 autem,
2083 1626 2209 1678 quo-

630 1731 790 1787 modo
823 1738 990 1784 totum
1012 1727 1120 1795 jam
1165 1723 1236 1775 illi
1269 1717 1556 1778 adsrrihat,
1590 1729 1700 1766 rem
1735 1723 1981 1777 magnam
2008 1702 2214 1758 occulte

631 1824 851 1877 faciens.
898 1818 1027 1873 Nam
1060 1817 1102 1870 si
1150 1814 1263 1883 ipse
1311 1808 1514 1869 elTudit,
1544 1806 1610 1860 de
1652 1803 1741 1857 illo
1767 1816 1923 1869 supra
1958 1796 2214 1867 propheta

632 1915 966 1984 loquebatur,
989 1909 1174 1963 diecns
1203 1923 1215 1958 :
1248 1903 1311 1957 In
1345 1898 1623 1955 novissimis
1650 1893 1826 1949 diebus
1867 1889 2128 1957 c/fnndam
2156 1889 2217 1939 de

633 2009 831 2077 Spiritu
862 2021 969 2057 meo
995 2006 1143 2071 super
1155 2012 1322 2053 servos
1345 2011 1477 2049 uicos
1498 2004 1543 2047 et
1560 2006 1710 2061 super
1734 1988 1947 2041 ancillas
1975 1996 2109 2036 nicas
2130 2000 2146 2043 ,'
2170 1991 2217 2033 et

632 2073 761 2153 dabo
785 2096 1013 2166 prodigia
1044 2094 1096 2146 in
1132 2091 1255 2145 catlo
1292 2100 1514 2142 sursum.
1535 2084 1688 2147 Vide,
1713 2081 1888 2151 qualia
1905 2074 2111 2131 occulte
2139 2073 2217 2126 iu-

636 2200 879 2247 tcrserat.
914 2187 1018 2243 Sed
1042 2180 1161 2256 quia
1185 2197 1372 2252 magna
1401 2185 1644 2241 reserat,
1666 2187 1849 2228 rursus
1872 2171 2013 2224 illam
2038 2169 2220 2221 obmu-

635 2286 774 2348 brat,
821 2282 970 2352 quasi
1011 2295 1039 2333 a
1082 2280 1239 2332 Patre
1279 2272 1565 2338 acceperit.
1611 2270 1745 2322 Dicit
1782 2267 1918 2318 bona
1963 2264 2216 2331 prastita.

635 2379 811 2447 signa;
854 2372 994 2443 quod
1036 2373 1105 2424 sit
1143 2368 1275 2430 Rex,
1317 2363 1457 2434 quod
1497 2362 1562 2415 ad
1606 2362 1749 2427 ipsos
1791 2359 2040 2411 venerit:
2084 2354 2224 2447 disit

634 2446 775 2538 quod
809 2468 922 2535 ipse
961 2464 1050 2518 det
1089 2460 1346 2529 Spiritum
1385 2465 1653 2509 sanctum.
1681 2454 2040 2518 Quacumque
2078 2446 2219 2500 enim

636 2563 753 2629 quis
791 2558 1004 2618 dixerit,
1038 2555 1136 2608 nisi
1170 2552 1234 2605 ad
1278 2551 1557 2604 utilitatem
1599 2545 1798 2605 tendat,
1842 2553 2041 2596 temere
2071 2539 2219 2593 dicit.

638 2653 782 2707 Sicut
814 2661 867 2705 et
895 2649 1129 2704 Joannes
1162 2643 1305 2705 facit,
1344 2642 1531 2694 dit-ens
1566 2657 1577 2691 :
1612 2639 1732 2707 Ipsc
1757 2652 1842 2689 vos
1872 2633 2143 2702 bajttizabit
2169 2632 2222 2685 in

640 2743 840 2814 Spirim
882 2748 1056 2795 sancto
1102 2735 1319 2806 (Matth.
1363 2735 1415 2788 5.
1460 2729 1569 2796 ll).
1614 2729 1676 2783 Et
1716 2726 1967 2790 ostendit,
2010 2739 2223 2778 crucem

640 2845 745 2891 non
785 2832 945 2888 modo
984 2833 1153 2898 ipsum
1196 2841 1302 2880 non
1344 2823 1620 2883 minuisse,
1659 2820 1750 2875 sed
1791 2820 1950 2872 etiam
1991 2816 2227 2885 Splendi-

640 2928 843 2982 diorcm
871 2903 1207 2981 reddidisse
1229 2917 1487 2985 siquidem
1518 2913 1656 2981 quod
1684 2913 1753 2965 illi
1786 2912 1910 2963 olim
1947 2910 2083 2963 [lens
2107 2921 2229 2976 pro-

642 3021 879 3080 miserat,
914 3023 1035 3070 tunc
1061 3011 1226 3067 dedit.
1264 3010 1357 3063 Vel
1389 3008 1818 3080 prontisslmieul,
1849 3004 2040 3078 inquit,
2066 3018 2225 3074 quam

642 3110 793 3165 nobis
822 3106 1086 3181 promisit.
1123 3104 1210 3162 Sic
1256 3106 1482 3158 luttnam
1526 3101 1857 3170 pra-sciebat,
1889 3108 1943 3152 ct
1971 3098 2225 3167 majorem

643 3202 800 3258 nobis
832 3211 950 3271 post
978 3215 1188 3256 crucam
1234 3198 1451 3266 largitus
1492 3202 1593 3247 est.
1634 3194 1717 3257 Iit,
1775 3189 1991 3256 Effudit,
2034 3188 2225 3259 inquit.

646 3300 743 3353 llic
781 3297 1089 3365 dignitatem
1141 3293 1397 3355 declarat,
1454 3303 1552 3342 nec
1596 3285 1923 3354 simpliciter,
1974 3283 2067 3338 sed
2108 3298 2228 3337 cum

646 3390 911 3443 ubertate.
954 3386 1071 3439 Ideo
1104 3384 1205 3438 hoe
1247 3384 1415 3451 ipsum
1468 3381 1638 3448 palam
1685 3378 1901 3438 facit-ns,
1951 3376 2229 3446 sequentia

647 3480 866 3533 inducit.
911 3477 1098 3530 Postea
1148 3472 1288 3528 enim
1332 3472 1575 3534 ﬁdenter,
1628 3479 1745 3539 post
1791 3467 2021 3535 Spiritus
2060 3465 2227 3520 sancti

650 3583 841 3624 munus
885 3567 1088 3631 datum,
1133 3567 1200 3620 de
1237 3562 1599 3633 assmnptione
1644 3562 1694 3613 in
1742 3561 1901 3615 C:L‘i0$
1949 3559 2181 3628 loquitur
2212 3572 2254 3633 :_

650 3678 821 3731 neque
853 3660 1163 3729 simpliciter
1192 3674 1204 3721 ;
1236 3656 1328 3712 Sed
1359 3665 1544 3709 tcstcm
1576 3666 1786 3706 rursum
1818 3649 2140 3720 produc’ens,
2177 3657 2233 3703 et

651 3756 798 3809 itlum
831 3765 1131 3806 memorans
1152 3749 1216 3802 de
1236 3757 1343 3817 quo
1362 3747 1605 3801 Christus
1626 3745 1778 3799 dixit.
1813 3746 1901 3798 54.
1937 3742 2053 3796 Non
2074 3742 2229 3805 enim,

653 3850 840 3917 inquit,
888 3845 1049 3899 David
1078 3842 1304 3897 ascendit
1330 3843 1383 3894 in
1404 3841 1612 3899 (telum,

726 3943 777 3995 5.
814 3942 907 3994 Hie
934 3943 1041 4008 jam
1068 3953 1171 3991 noo
1212 3936 1444 3989 demisse
1476 3932 1728 4002 loquitur,
1762 3938 2033 4000 assumpta
2066 3944 2129 3985 ex
2155 3930 2235 3984 di-

654 4036 751 4089 ctis
781 4033 967 4086 litim-ia
1005 4049 1015 4081 :
1054 4042 1224 4097 neque
1250 4026 1396 4087 dicit,
1426 4025 1606 4079 Liceat
1637 4024 1837 4085 dicere,
1862 4024 1951 4078 'vel
2001 4022 2233 4089 similia;

654 4127 746 4181 sed
782 4128 949 4193 palam
982 4140 993 4175 :
1031 4122 1169 4178 Dicit
1202 4120 1444 4173 Dominus
1478 4115 1699 4169 Domino
1731 4130 1861 4177 meo,
1895 4115 2027 4169 Sede
2052 4135 2081 4167 a
2113 4114 2235 4168 (Irm-

656 4222 745 4274 tris
776 4221 914 4281 meis,
955 4218 1111 4270 donec
1143 4212 1570 4283 ponantinimicos
1591 4218 1721 4272 tuos,
1751 4207 2025 4262 scabellam
2054 4209 2232 4276 pedum

659 4324 853 4366 tuorum
902 4308 1084 4379 (Psal.
1118 4307 1237 4361 109.
1270 4306 1358 4371 1).
1402 4303 1459 4359 Si
1508 4302 1718 4356 Davitlis
1769 4301 2026 4353 Dominus
2078 4310 2187 4351 crat
2219 4341 2233 4363 ,

659 4408 821 4459 multo
856 4403 1020 4472 magis
1050 4403 1274 4455 ilL-trum.
1313 4397 1449 4454 Sede
1481 4413 1510 4448 a
1541 4396 1729 4449 dextris
1757 4395 1895 4448 uicis.
1930 4383 2122 4447 Totum
2154 4392 2238 4443 hie

660 4497 852 4568 posuit.
879 4496 966 4548 33.
1012 4492 1183 4545 Donec
1210 4508 1393 4560 ponam
1431 4487 1660 4541 inimicos
1688 4498 1821 4545 tuos,
1855 4482 2126 4539 scabellttm
2154 4501 2240 4550 pc-

660 4590 779 4641 dam
809 4596 1026 4639 tuorum.
1064 4583 1157 4636 llic
1187 4592 1382 4635 metum
1429 4596 1676 4649 maguum
1718 4581 1925 4639 incutit.
1982 4589 2037 4632 ut
2083 4579 2235 4631 iuit'o

661 4677 1004 4741 monstravit;
1058 4674 1228 4744 qualia
1284 4686 1472 4741 nempe
1528 4672 1734 4737 amicis,
1778 4671 1952 4741 qualia
2007 4670 2238 4724 inimicis

662 4772 835 4826 faciat.
868 4771 944 4823 Ac
970 4780 1153 4820 rursus
1178 4764 1477 4831 imperium,
1514 4779 1579 4817 ne
1610 4774 1712 4816 neu
1765 4763 2042 4825 credatur,
2098 4760 2239 4814 Patri

661 4861 933 4915 adscribit.
958 4858 1087 4926 Quia
1125 4859 1299 4925 itaque
1328 4868 1513 4923 magna
1540 4855 1787 4923 loquutus
1817 4862 1927 4917 est,
1970 4868 2155 4906 rursus
2178 4853 2240 4904 ad

664 4951 883 5005 humilia
910 4964 1210 5002 sermonem
1262 4946 1499 5001 deducit.
1532 4946 1622 5001 56.
1674 4942 1826 5001 Certo
1876 4945 2033 5014 igitur
2091 4944 2238 5004 sciat,

664 5041 850 5111 inquit,
884 5041 1043 5093 munis
1073 5040 1250 5092 domas
1278 5036 1471 5103 Israel;
1501 5037 1602 5093 hoc
1632 5046 1733 5097 est,
1769 5052 1834 5090 ne
1860 5028 2134 5098 dubitetis,
2178 5052 2243 5089 nc

661 5132 971 5201 mniﬁgatisz
1007 5130 1191 5184 Postea
1238 5138 1357 5183 etim
1390 5130 1611 5197 imperio
1643 5146 1655 5181 ε
1692 5128 1831 5193 Quia'
1868 5132 1911 5183 et
1969 5128 2242 5181 Dominum

661 5242 776 5279 non
802 5237 845 5278 et
873 5214 1127 5279 Christum
1150 5224 1265 5294 fecit
1294 5224 1446 5277 Dens.
1472 5222 1581 5275 Iloc
1609 5236 1635 5273 a
1666 5220 1861 5275 Davide
1894 5231 1945 5274 et
1976 5237 2003 5275 a
2030 5221 2245 5274 Psaltuu

661 5330 1020 5371 commemora
1032 5317 1122 5367 vit.
1146 5315 1272 5369 Nam
1296 5332 1414 5369 eum
1446 5313 1713 5367 videretur
1740 5311 2024 5368 dicendum
2048 5330 2060 5365 :
2086 5312 2247 5367 Certo

666 5408 823 5475 igitur
839 5408 971 5462 sciat
993 5406 1168 5461 omnis
1190 5406 1379 5459 domus
1400 5406 1579 5470 ist-act,
1606 5406 1744 5474 quod
1764 5420 1792 5457 a
1814 5405 2017 5460 dextris
2039 5404 2242 5467 sedeat;

666 5500 716 5552 id
748 5497 889 5568 quod
918 5514 1164 5569 magnum
1194 5511 1306 5552 erat
1336 5514 1349 5550 :
1376 5514 1440 5551 eo
1462 5498 1647 5552 relicto
1669 5498 1809 5551 aliud
1836 5498 2039 5553 inducit
2076 5498 2246 5551 multo

667 5586 939 5655 humilius,
967 5608 1086 5643 eum
1117 5590 1263 5647 dicit.
1316 5590 1474 5652 Fecit,
1508 5590 1557 5643 id
1588 5602 1692 5654 est,
1724 5590 2019 5644 constituit.
2065 5594 2247 5659 itaque

668 5678 798 5736 nihil
831 5684 912 5736 hic.
940 5686 1005 5737 de
1033 5682 1352 5749 substantia,
1400 5681 1493 5736 sed
1537 5692 1702 5737 totum
1736 5682 1833 5739 hac
1882 5683 1948 5739 de
1998 5700 2055 5740 re
2094 5684 2244 5740 dicit.

734 5812 898 5903 (teme,
925 5854 981 5891 ac
1006 5854 1121 5903 ipsis
1144 5842 1281 5893 oneri
1302 5850 1438 5903 esset,
1464 5844 1641 5893 desunt
1671 5845 1716 5893 in
1735 5845 2012 5907 qnibusdan'
2046 5854 2151 5896 uss.

2250 390 2558 447 ARCIIIEP.
2605 388 3133 446 CONS’l’ANTINOP.
3829 393 3900 448 60

2310 504 2464 560 lianc
2488 505 2687 570 Jesmn,
2710 521 2855 575 quem
2884 521 2971 559 vos
2992 504 3333 574 crnciﬁxistis.
3370 504 3512 561 Bene
3540 505 3644 560 huc
3668 506 3900 571 destitit,

2308 598 2519 651 illorum
2559 597 2796 650 animum
2825 597 3123 664 exagitans.
3169 592 3457 663 Postquam
3484 598 3628 651 enim
3660 581 3901 652 ostendit

2306 696 2559 758 quantum
2589 690 2656 743 sit
2689 687 2911 753 facinus,
2944 692 3070 741 tunc
3094 685 3309 741 demum
3340 688 3511 754 ipsum
3543 687 3807 750 declarat,
3839 682 3897 744 tit

2309 782 2387 835 sic
2415 780 2584 850 majus
2623 780 2973 845 ostendatur,
3004 775 3054 834 ct
3086 782 3275 835 timore
3316 779 3435 835 illos
3464 782 3748 852 corripiat.
3779 781 3898 837 Non

2310 873 2450 927 enim
2492 874 2571 927 sic
2624 872 2869 929 homines
2902 873 3174 927 benelieiis
3223 872 3551 936 alliciuntur,
3588 863 3663 929 ὀἱ
3710 875 3910 931 timore

2310 965 2653 1033 castigantur.
2689 962 3002 1017 Admirandi
3031 972 3210 1017 autem
3249 964 3371 1027 viri,
3406 965 3476 1034 pii
3508 979 3573 1020 ae
3601 966 3693 1020 Dei
3721 967 3907 1029 amici,

2311 1065 2502 1111 neutro
2523 1071 2656 1124 opus
2686 1056 2877 1110 habent
2902 1071 2916 1119 ;
2962 1054 3137 1125 qualis
3174 1058 3290 1110 erat
3320 1056 3535 1122 Paulus,
3567 1058 3657 1128 qui
3691 1067 3796 1114 nec
3821 1077 3908 1114 ree

2312 1150 2400 1221 ειιί
2433 1164 2528 1204 nec
2558 1148 2817 1217 gehenua:
2846 1150 3103 1202 rationem
3139 1147 3387 1202 habebat.

2370 1241 2505 1307 Quid
2523 1243 2583 1295 sit
2604 1258 2775 1294 amare
2794 1240 3069 1296 Christum.
3094 1239 3152 1294 in
3168 1241 3456 1310 spiritualia
3477 1243 3713 1312 segnities
3734 1244 3917 1297 redar-

2313 1332 2707 1399 guitur.——lloc
2735 1342 2817 1387 est
2846 1348 3026 1386 amare
3053 1332 3320 1387 Christum
3342 1374 3355 1397 ,
3393 1334 3494 1388 hoc
3532 1328 3617 1390 est
3655 1348 3761 1389 neu
3791 1349 3918 1389 esse

2317 1424 2735 1489 mercenarium,
2770 1438 2941 1494 neque
2984 1433 3246 1493 quaestum
3287 1426 3369 1479 vel
3401 1425 3819 1493 negotiationem
3863 1416 3917 1479 iii

2315 1514 2659 1577 existimare;
2692 1513 2784 1568 sed
2816 1516 3010 1569 virtute
3041 1529 3166 1569 vere
3213 1514 3492 1583 prteditmn
3540 1531 3694 1579 esse,
3750 1518 3806 1570 et
3842 1514 3918 1570 ob

2320 1604 2409 1659 Dei
2456 1611 2692 1659 amorem
2743 1605 2921 1659 omnia
2965 1606 3160 1660 facere.
3194 1606 3420 1671 Quantis
3450 1605 3609 1675 igitur
3654 1607 3919 1677 lacrymis

2317 1696 2461 1762 digni
2492 1708 2697 1762 sumus,
2721 1698 2809 1766 qui
2841 1705 3041 1751 tantam
3062 1696 3320 1751 debentes
3342 1713 3675 1762 mcn~uratn,
3706 1714 3772 1753 ne
3793 1698 3918 1766 qni-

2318 1772 2440 1842 dem
2486 1798 2541 1841 ttt
2587 1790 2947 1856 negotiatores
2995 1797 3214 1858 regnum
3262 1788 3520 1841 mulorum
3575 1778 3921 1855 expetimus?

2319 1882 2489 1937 Tanta
2540 1882 2694 1937 nobis
2740 1880 3054 1950 pollicetur,
3100 1896 3271 1950 neque
3325 1881 3404 1935 sic
3453 1880 3701 1934 audimus
3752 1868 3921 1934 omni

2321 1974 2456 2041 Quid
2500 1975 2623 2030 huic
2654 1974 2945 2029 inimicitia:
2976 1986 3070 2044 pa‘r
3102 1973 3301 2028 fuerit?
3327 1975 3484 2043 Atqui
3516 1974 3570 2033 ii,
3604 1974 3695 2044 qui
3728 1975 3921 2027 insana

2324 2067 2561 2136 pecunia:
2582 2066 2871 2137 cupiditate
2900 2066 3164 2127 laborant,
3194 2067 3307 2121 sive
3338 2067 3518 2120 hostes
3540 2066 3774 2128 adeant,
3806 2068 3925 2120 sive

2322 2174 2529 2217 servos.
2559 2159 2670 2213 sive
2700 2158 3104 2213 inimicissimos
3130 2148 3253 2223 sibi,
3284 2168 3339 2213 et
3379 2159 3618 2212 omnium
3647 2159 3920 2226 nequissi-

2326 2267 2476 2314 mos;
2523 2250 2568 2305 si
2598 2259 2772 2304 tamen
2823 2259 3042 2319 sperent
3090 2265 3147 2304 se
3178 2264 3337 2319 posse
3380 2266 3474 2320 per
3514 2250 3633 2305 illos
3667 2250 3927 2319 pecunias

2325 2341 2573 2410 adipisci,
2605 2340 2734 2394 nihil
2770 2355 2874 2393 non
2916 2346 3098 2411 agunt,
3149 2342 3280 2410 ipsis
3310 2341 3618 2405 adulantur,
3660 2342 3808 2410 ipsos
3867 2351 3927 2396 ut

2328 2434 2465 2486 sc‘rvi
2493 2433 2699 2494 colunt,
2728 2442 2781 2486 et
2807 2434 3046 2487 omnium
3072 2432 3483 2487 honestissimos
3514 2433 3733 2497 habent,
3765 2442 3827 2487 ut
3860 2434 3931 2487 ab

2329 2525 2433 2578 illis
2466 2526 2727 2594 accipiant
2763 2542 2777 2577 :
2813 2527 3161 2595 pecuniarum
3190 2526 3335 2579 enim
3374 2541 3497 2596 spes
3536 2541 3640 2580 non
3672 2525 3798 2580 sinit
3831 2540 3930 2580 eos

2331 2616 2515 2669 horum
2542 2616 2811 2686 quidpiam
2840 2617 3095 2686 cogizare.
3123 2604 3363 2687 Regnum
3386 2622 3562 2673 autem
3588 2633 3694 2672 non
3715 2620 3931 2672 tantum

2329 2710 2546 2778 poterit,
2571 2718 2828 2777 quantum
2856 2708 3128 2778 pecuniae;
3160 2709 3268 2763 imo
3297 2724 3362 2763 ne
3390 2709 3667 2762 minimum
3700 2708 3926 2777 quidem

2331 2802 2528 2869 poterit
2554 2816 2565 2851 :
2595 2800 2839 2869 quamvis
2872 2814 2975 2853 non
3008 2815 3037 2854 e
3068 2799 3225 2869 vulgo
3253 2801 3515 2870 quispiam
3544 2801 3634 2864 sit,
3667 2800 3754 2869 qui
3795 2796 3932 2853 illud

2333 2893 2611 2963 promit‘it,
2645 2894 2737 2948 sed
2782 2894 2899 2962 ipso
2950 2909 3164 2963 quoque
3207 2909 3372 2963 regno
3407 2895 3564 2961 longe
3614 2893 3787 2964 major
3837 2895 3927 2947 sit.

2332 2984 2554 3057 Quando
2579 2995 2757 3044 autem
2789 2985 2838 3044 id
2869 2987 3008 3059 quod
3044 2985 3369 3060 promittitur
3391 3002 3611 3059 regnum
3642 2996 3742 3053 ρει,
3768 2985 3907 3044 illud

2332 3098 2437 3152 que
2466 3081 2555 3136 dat
2584 3082 2743 3148 Deus,
2779 3098 3029 3151 magnum
3058 3092 3202 3137 certe
3232 3093 3311 3137 est
3346 3092 3401 3137 et
3423 3082 3551 3136 illud
3584 3093 3637 3137 et
3658 3100 3686 3136 τι
3720 3083 3813 3135 tali
3837 3098 3931 3138 ae-

2333 3175 2532 3243 cipere.
2568 3173 2718 3228 Nunc
2739 3182 2917 3228 autem
2940 3174 3160 3244 perinde
3188 3173 3265 3237 (it,
3289 3189 3352 3229 ac
3373 3174 3416 3228 si
3446 3190 3536 3229 rex
3565 3175 3651 3243 qui
3683 3174 3935 3229 it:rl'Ctlt3$

2334 3275 2385 3319 et
2420 3264 2531 3318 ﬁlio
2557 3264 2868 3320 cohmredes
2901 3266 3014 3320 vult
3045 3266 3223 3322 facere
3267 3282 3394 3331 eos,
3437 3281 3573 3337 quos
3619 3267 3762 3321 mille
3803 3278 3936 3322 ante

2337 3357 2612 3412 beneﬁciis
2634 3355 2829 3419 allecit,
2853 3367 3263 3424 contemnatur;
3287 3369 3340 3413 et
3357 3358 3623 3413 latronum
3654 3360 3934 3430 princeps,

2336 3452 2425 3521 qui
2449 3450 2744 3505 innumeris
2770 3450 2824 3505 e't
2851 3466 2949 3505 nos
2969 3461 3021 3506 et
3043 3462 3294 3520 parentes
3314 3462 3529 3507 nostros
3551 3453 3706 3507 malis
3726 3453 3935 3517 alleeit,

2336 3556 2389 3600 ct
2423 3544 2568 3599 mille
2596 3545 2749 3599 malis
2779 3545 2894 3615 ipse
2922 3547 3112 3615 plenus
3141 3555 3245 3611 est,
3278 3546 3321 3599 si
3352 3552 3513 3599 unum
3539 3545 3758 3600 obolum
3790 3545 3936 3599 otTe‘a

2338 3645 2443 3701 rat,
2490 3636 2747 3691 adoretur
2784 3653 2812 3689 a
2866 3637 3044 3692 nobis.
3077 3636 3315 3707 Regnum
3349 3638 3627 3706 pollicetur
3662 3637 3825 3701 Deus,
3886 3648 3940 3693 et

2338 3726 2629 3797 despicitur
2654 3744 2670 3793 ;
2699 3727 3000 3798 gehennam
3022 3728 3272 3783 conciliat
3300 3729 3579 3797 diabolus,
3609 3739 3661 3784 et
3693 3728 3939 3783 lnmorat

2341 3828 2446 3874 tur.
2475 3819 2570 3874 llic
2600 3814 2761 3886 Deus,
2794 3817 2883 3874 ille
2912 3818 3176 3874 diabolus.
3210 3820 3314 3874 Sed
3340 3820 3613 3875 videmnus
3637 3830 3939 3890 prmcepto-

2342 3916 2456 3965 rum
2478 3912 2788 3966 discrimen.
2825 3911 2879 3966 Si
2909 3912 3049 3967 enim
3076 3906 3205 3966 nihil
3236 3912 3429 3966 horum
3457 3920 3617 3977 es-et,
3653 3927 3830 3981 neque
3859 3912 3941 3967 lt‘c

2344 4004 2501 4065 Deus,
2558 4004 2646 4058 ille
2694 4003 2976 4065 diabolus;
3010 4019 3183 4074 neque
3214 4004 3299 4058 hic
3334 4019 3575 4073 regnum,
3611 4003 3699 4059 ille
3729 4005 3940 4074 gehen-

2344 4113 2463 4149 nam
2487 4095 2836 4162 conciliaret;
2870 4112 3047 4151 annon
3072 4098 3152 4152 vel
3182 4098 3293 4167 ipsa
3323 4101 3710 4168 praecepturum
3745 4111 3937 4153 natm:

2342 4186 2566 4241 suadere
2595 4196 2772 4256 posset
2804 4197 2859 4240 ut
2888 4188 3010 4242 huic
3036 4180 3404 4244 bmreremus?
3428 4188 3564 4257 Quid
3594 4188 3751 4258 igitur
3778 4199 3937 4245 uter-

2343 4297 2445 4348 que
2474 4280 2734 4348 imperat?
2759 4281 2849 4335 Ille
2870 4296 2990 4350 quae
3019 4291 3224 4350 turpes,
3254 4280 3342 4336 hic
3368 4296 3487 4351 qua:
3514 4281 3781 4351 gloriosis
3810 4282 3937 4337 red-

2345 4372 2504 4437 dunt;
2539 4375 2625 4427 ille
2660 4390 2777 4442 quze
2810 4375 2957 4429 mille
2985 4376 3375 4429 calamitatibus
3403 4383 3456 4429 et
3506 4374 3721 4428 infantia
3761 4375 3941 4429 invol-

2348 4471 2496 4527 vuul,
2534 4464 2617 4518 hic
2647 4480 2764 4533 qua:
2788 4480 3032 4535 magnam
3068 4465 3279 4533 pariunt
3311 4465 3773 4535 tranquillitatem.
3810 4467 3941 4521 Vide

2349 4572 2576 4627 namque
2611 4572 2623 4606 :
2664 4555 2752 4611 ille
2787 4556 2953 4611 dicit:
2984 4557 3175 4612 Discite
3226 4574 3257 4611 α
3296 4575 3376 4612 tne
3403 4559 3524 4629 quia
3568 4559 3701 4612 mitis
3732 4575 3848 4613 sum
3895 4571 3940 4611 et

2349 4644 2553 4702 hami/is
2608 4649 2777 4709 corde.
2812 4661 2857 4703 ct
2888 4650 3147 4704 invenietis
3189 4652 3410 4721 requiem
3454 4651 3720 4704 animabus
3764 4652 3943 4706 uestris

2349 4739 2560 4811 (Matt/1.
2595 4739 2680 4794 ll.
2709 4734 2832 4813 99);
2868 4742 2953 4797 ille
2980 4742 3053 4795 ait
3087 4759 3099 4794 :
3133 4741 3311 4795 Ferox—
3340 4752 3461 4797 esto
3508 4752 3563 4796 et
3592 4742 3941 4807 inhumanus,

2349 4842 2507 4902 atque
2538 4833 2821 4887 iractmdus
2846 4876 2860 4899 ,
2895 4843 2949 4889 et
2981 4836 3085 4887 fera
3118 4834 3285 4903 magis
3311 4849 3471 4903 quam
3518 4833 3700 4888 homo.
3741 4832 3939 4891 Videa-

2354 4942 2471 4978 mus
2500 4922 2623 4993 q'uid
2659 4917 2859 4988 utilius,
2888 4927 3014 4994 quid
3046 4928 3420 4995 opportunius.
3458 4918 3567 4981 inte
3597 4942 3663 4981 ne
3691 4916 3793 4981 hoc
3824 4936 3943 4981 tan-

2354 5025 2498 5081 tmu;
2556 5015 2647 5069 sed
2680 5019 2851 5087 cogita
2887 5019 3034 5073 illum
3090 5033 3210 5072 esse
3260 5011 3578 5073 diabolum:
3629 5012 3762 5072 illud
3800 5020 3941 5073 enim

2354 5108 2584 5163 maxime
2615 5109 2656 5161 si
2688 5110 3110 5163 demors‘ratum
3138 5119 3250 5169 est,
3282 5110 3392 5177 jam
3444 5103 3751 5178 it'iurttphtrs
3776 5098 3946 5179 major

2352 5198 2472 5252 erit.
2508 5198 2621 5253 Non
2653 5202 2792 5254 enim
2818 5202 2905 5270 qui
2943 5201 3118 5253 facilia
3162 5200 3424 5269 imperat,
3456 5210 3672 5255 enrator
3710 5212 3816 5265 est,
3851 5201 3942 5255 Sed

2354 5292 2443 5359 qui
2496 5292 2662 5343 utilia.
2702 5292 2829 5345 Nam
2885 5304 3063 5359 jatres
3108 5307 3335 5344 onerosa
3392 5286 3678 5359 imperant,
3722 5301 3775 5344 et
3833 5292 3944 5345 heri

2354 5396 2566 5450 quoque
2612 5383 2811 5445 servis;
2848 5383 2939 5435 sed
2972 5376 3093 5435 ideo
3125 5382 3176 5435 hi
3207 5382 3422 5452 quidem
3460 5388 3637 5451 patres
3678 5385 3841 5448 sant,
3874 5384 3943 5437 illi

2357 5489 2481 5526 vero
2512 5474 2645 5537 heri,
2669 5475 2971 5544 subigentes
2996 5484 3047 5528 el
3072 5474 3356 5543 perniciosi
3375 5483 3431 5529 et
3458 5476 3633 5528 omnia
3653 5477 3943 5531 contraria.

2428 5567 2614 5620 Anima
2638 5571 2781 5640 justi
2811 5584 2959 5634 quam
3015 5566 3219 5633 tit/ferat
3263 5570 3325 5622 ab
3354 5570 3525 5622 anima
3576 5568 3945 5639 putatoris--

2356 5658 2555 5713 \'erum
2586 5660 2723 5727 quod
2778 5658 3099 5727 voluptatem
3139 5660 3403 5723 habeant,
3458 5660 3581 5715 hinc
3635 5661 3808 5730 palam
3846 5671 3942 5716 est.

2358 5752 2468 5814 Oua
2500 5754 2641 5805 cnim
2672 5749 2975 5803 conditione
3005 5760 3153 5819 putas
3182 5766 3300 5805 esse
3333 5753 3642 5814 iracundum
3667 5795 3682 5820 ,
3715 5769 3818 5824 qua
3854 5770 3943 5824 pa-

2362 5844 2583 5897 tietrtcm
2626 5852 2672 5897 et
2726 5842 2948 5896 mitem?
2998 5839 3185 5898 Nonne
3231 5844 3386 5916 hujus
3444 5847 3622 5901 anima
3647 5848 3841 5905 sunilis
3869 5856 3946 5903 est
