4014 6478
142 401 180 453 ϋΙ
1116 385 1180 440 1N
1222 383 1401 438 ACTA
1442 370 2218 434 APOSTOLonUit.itesiiL.
2269 371 2352 463 vi.
3329 366 3400 419 σει

137 511 350 569 solitudini
379 509 610 578 cuipiam
661 507 894 561 multam
944 502 1177 572 quietem
1218 496 1476 559 habenti;
1527 493 1673 548 illius

135 620 228 660 vero
248 602 420 662 anima,
455 600 594 662 foro,
630 596 836 663 turbm,
879 594 966 650 ubi
993 591 1194 647 multus
1215 589 1418 643 clamor
1443 601 1676 656 sequen-

136 709 231 746 tnnn
253 693 484 751 muelos.
518 689 705 742 multis
737 695 794 742 et
820 688 1020 748 asinos,
1067 683 1156 752 qui
1188 680 1490 735 oeclnmant
1521 691 1677 730 acce-

135 787 327 839 dentibus
355 798 415 837 ne
432 779 866 835 conculcentur?
897 777 973 849 (α)
998 789 1176 829 nonne
1199 774 1338 827 illius
1361 772 1540 824 anima
1565 783 1678 822 me-

133 881 207 933 diis
241 876 511 931 civitatibus
553 872 758 928 similis
784 879 886 935 est,
917 870 1005 923 tibi
1052 869 1176 922 hinc
1203 864 1508 928 aurificum,
1552 859 1678 915 inde

134 971 386 1024 uariorum
442 982 676 1035 magnus
731 964 942 1033 fragor;
975 971 1029 1016 et
1061 959 1150 1014 alii
1197 958 1415 1028 quidem
1451 954 1674 1013 ln-dunt,

133 1065 194 1118 alii
219 1076 326 1117 vero
345 1059 652 1115 lteduntur?
683 1055 792 1112 Sed
821 1054 978 1123 hujus
1008 1053 1184 1106 anima
1208 1050 1398 1105 similis
1429 1058 1512 1102 est
1558 1061 1680 1100 ver-

137 1156 196 1207 tici
215 1154 401 1212 montis,
429 1150 537 1205 leni
559 1167 696 1203 aura
730 1146 927 1202 frueuti
959 1145 1212 1214 purisque
1238 1141 1422 1206 radiis,
1459 1136 1678 1205 limpida

135 1247 306 1299 fontium
343 1243 531 1297 fluenta
558 1239 835 1297 emittenti
870 1258 882 1294 :
915 1237 1001 1291 ubi
1035 1235 1215 1290 multa:
1242 1233 1434 1286 florum
1465 1230 1677 1298 gratiae,

135 1337 302 1404 perinde
323 1345 473 1405 atque
501 1335 555 1388 in
593 1334 783 1388 vernis
813 1330 978 1401 pratis
999 1338 1054 1384 et
1083 1327 1278 1391 hortis,
1312 1341 1434 1396 qua:
1457 1320 1678 1392 plantis,

135 1429 304 1483 finibus
318 1438 366 1482 et
388 1425 759 1482 deﬂuentibus
788 1424 944 1494 aquis
987 1428 1249 1475 ornantur
1278 1434 1290 1470 :
1325 1417 1368 1472 si
1401 1415 1522 1486 quis
1553 1428 1681 1468 vero

135 1535 256 1572 simus
280 1519 535 1585 audiatur,
591 1518 780 1573 suavis
808 1523 970 1570 estet
1004 1513 1226 1567 mitltam
1258 1509 1431 1564 fundit
1456 1506 1682 1563 audien-

135 1615 237 1666 tibus
253 1613 584 1681 voluptatem.
621 1608 762 1664 Nam
815 1608 897 1664 vel
923 1612 1055 1662 aves
1083 1613 1210 1660 sunt
1248 1602 1474 1658 summis
1518 1601 1682 1665 orbo-

135 1721 220 1758 nun
246 1705 290 1758 in
316 1705 470 1758 rantis
499 1703 885 1767 cantillantes;
937 1700 1018 1755 vel
1048 1699 1277 1760 cicada),
1310 1698 1577 1759 lusciniae,
1603 1693 1685 1746 lii-

136 1795 368 1861 mndines,
429 1795 767 1850 concordem
814 1802 868 1848 et
916 1805 1074 1846 unam
1114 1788 1401 1860 quamdam
1441 1785 1685 1841 efficiunt.

137 1887 372 1952 musicam;
397 1886 482 1941 vel
499 1885 777 1956 zephyrus
800 1882 992 1937 blande
1015 1896 1196 1937 ramos
1216 1880 1468 1934 arborum
1490 1877 1682 1942 allidit,

137 1979 326 2044 pinorutn
350 1977 605 2032 stridulos
637 1990 804 2032 sonos
831 1984 885 2030 et
911 1990 1109 2046 cycnos
1153 1973 1469 2043 plerumque
1511 1970 1688 2023 imita-

135 2081 220 2130 tn;
246 2071 316 2124 vel
343 2081 548 2139 pratum
585 2084 742 2123 rosas
784 2068 1039 2122 emittens
1068 2075 1124 2120 et
1151 2066 1260 2119 lilia
1282 2107 1294 2130 ,
1329 2081 1449 2132 qua:
1475 2079 1533 2117 se
1566 2078 1685 2116 mu-

136 2174 199 2214 tuo
219 2162 471 2226 collidunt,
503 2162 661 2230 quasi
694 2161 917 2230 pelagus
954 2160 1082 2214 item
1115 2158 1322 2212 lenibus
1355 2156 1508 2209 undis
1531 2171 1685 2208 com-

136 2265 308 2306 mntum.
337 2254 442 2309 lino
473 2257 676 2309 multas
703 2255 826 2324 quis
869 2254 1144 2308 invenerit
1166 2253 1444 2322 imagines.
1477 2250 1610 2305 Nam
1641 2255 1685 2304 si

135 2348 220 2413 quis
256 2363 392 2404 rosas
441 2350 721 2419 inspiciat,
776 2347 965 2402 iridem
1008 2361 1068 2402 se
1119 2347 1304 2401 videre
1347 2346 1582 2416 putabit;
1640 2345 1688 2398 si

137 2440 278 2502 iinlas,
306 2456 443 2496 mare
471 2441 779 2505 undosum;
827 2440 873 2495 si
923 2439 1056 2504 lilia,
1083 2438 1296 2492 cadum.
1331 2437 1515 2505 Neque
1559 2452 1685 2505 spc-

135 2531 298 2584 ttacnlo
315 2543 368 2586 et
393 2533 506 2587 visu
532 2542 742 2588 tantum
770 2532 1090 2596 delectatur,
1119 2530 1214 2585 sed
1235 2531 1395 2584 etiam
1419 2544 1646 2599 corpore
1669 2546 1684 2583 :

139 2622 202 2674 ille
234 2639 441 2692 namque
471 2638 752 2680 recreatur
780 2633 837 2680 et
882 2625 1107 2694 respirat
1143 2641 1156 2676 :
1193 2624 1262 2678 ita
1289 2631 1349 2678 ut
1376 2638 1436 2677 se
1473 2623 1522 2675 in
1554 2621 1689 2678 cutio

140 2715 272 2778 potius
291 2730 399 2770 esse
426 2724 600 2785 putet,
625 2733 788 2787 quam
817 2716 870 2770 in
903 2727 1067 2772 terra.

189 2808 228 2860 4.
271 2808 354 2863 Est
397 2819 448 2865 et
490 2812 630 2866 alius
680 2826 888 2873 sonus,
937 2824 1062 2866 cum
1109 2823 1246 2879 aqua
1295 2823 1359 2863 ex
1410 2807 1691 2862 cacumine

139 2898 332 2955 detinens
370 2919 459 2969 per
505 2904 807 2974 praecipitia
849 2911 1041 2971 sponte
1092 2901 1293 2964 fertur,
1343 2909 1397 2955 et
1435 2899 1692 2969 subjectis

140 2994 328 3049 silicibus
370 2997 558 3051 leniter
613 2997 915 3067 obstrepit,
972 2997 1157 3065 sicque
1211 2995 1451 3048 membra
1509 3005 1689 3048 nostra

143 3085 358 3154 volnpzate
387 3090 590 3144 relaxat
615 3132 630 3156 ,
663 3089 734 3144 ita
765 3100 822 3144 ut
850 3103 1098 3144 somnum
1127 3087 1366 3142 membra
1392 3087 1690 3141 solventem

143 3181 353 3236 conciliet.
377 3182 750 3238 Narrationem
771 3183 1002 3238 libenter
1021 3182 1246 3237 audistis
1267 3199 1280 3246 ;
1303 3181 1532 3251 hincque
1553 3180 1693 3236 forte

145 3270 324 3337 injectus
354 3275 500 3330 vobis
531 3285 621 3330 est
646 3276 952 3330 solitudinis
994 3290 1168 3330 amor.
1218 3273 1323 3328 Sed
1367 3273 1467 3327 hac
1503 3274 1693 3327 solitu-

147 3361 236 3417 dine
261 3368 411 3420 multo
441 3370 660 3423 suavior
686 3377 772 3424 est
802 3370 1052 3438 patientis
1081 3369 1282 3422 anima.
1314 3367 1428 3422 Non
1462 3367 1610 3422 enim
1639 3375 1697 3422 ut

148 3466 307 3518 pratum
351 3458 829 3524 describereinus,
876 3474 1052 3528 neque
1097 3470 1154 3513 ut
1182 3459 1249 3514 ad
1280 3461 1694 3514 ostentationem

149 3547 270 3600 verba
306 3550 643 3606 fundet-emus
665 3595 678 3614 ,
713 3553 852 3607 hanc
883 3554 1119 3624 aggressi
1153 3568 1338 3608 smnus
1369 3555 1652 3624 imaginem
1679 3570 1694 3619 ;

149 3641 216 3692 sed
244 3652 291 3696 ut
319 3661 404 3712 per
433 3647 572 3700 hanc
618 3646 1037 3717 descriptionem
1081 3648 1327 3702 videntes
1347 3688 1362 3710 ,
1406 3658 1600 3717 quanta
1630 3649 1698 3701 sit

152 3737 407 3802 patientium
433 3743 702 3812 voluptas,
730 3751 784 3796 et
808 3741 949 3811 quod
979 3742 1146 3796 multo
1169 3743 1384 3797 suavius
1412 3741 1701 3810 utiliusqne

151 3827 202 3879 sit
231 3844 331 3884 cum
364 3834 472 3886 viro
509 3834 751 3904 patiente
781 3843 833 3887 et
867 3845 1146 3888 mansueto
1176 3835 1414 3898 versari,
1460 3849 1618 3902 quam
1646 3833 1701 3887 in

155 3919 402 3989 huiusmodi
438 3927 574 3982 locis
603 3927 826 3996 degere,
856 3928 953 3982 hos
981 3929 1360 3998 sequeremiui.
1397 3928 1527 3983 Cum
1555 3931 1698 3984 enim

157 4030 288 4082 ueiiue
311 4029 490 4075 ventus
515 4021 813 4075 vehemens
844 4036 873 4073 a
903 4021 994 4073 tali
1032 4022 1207 4074 anima
1247 4022 1572 4090 egrediatur,
1606 4022 1701 4077 sed

157 4105 323 4178 benigni
364 4113 741 4182 mansuetique
788 4126 1067 4166 sermones
1107 4113 1343 4184 zephyro
1391 4114 1598 4182 placido
1627 4109 1703 4168 si-

157 4199 291 4261 miles,
315 4213 364 4257 et
391 4205 785 4260 admonitiones
816 4204 947 4258 nihil
973 4219 1223 4275 asperum
1269 4205 1529 4260 habentes
1549 4249 1563 4271 ,
1611 4205 1706 4260 sed

155 4305 250 4347 aves
285 4295 389 4349 illas
426 4297 752 4352 cantatrices
804 4297 1075 4353 imitantes
1101 4316 1113 4351 :
1138 4298 1409 4368 quomodo
1456 4298 1558 4354 hoc
1600 4315 1706 4352 non

159 4385 310 4442 melius
348 4388 548 4445 fuerit?
593 4389 709 4444 Non
750 4391 892 4444 enim
935 4392 1150 4461 corpori
1198 4393 1396 4446 accidit
1439 4394 1709 4448 sermonis

161 4488 275 4542 :ui'a,
301 4479 385 4535 sed
410 4484 621 4537 animas
652 4481 840 4537 reficit.
876 4481 992 4537 Non
1028 4494 1134 4537 tam
1168 4485 1275 4538 cito
1308 4485 1546 4538 medicus
1577 4501 1710 4555 qna-

163 4563 258 4620 libet
282 4570 498 4628 adhibita
531 4589 661 4628 cura
693 4589 721 4627 a
756 4573 886 4630 febri
921 4573 1261 4639 liberaverit,
1307 4584 1360 4629 ut
1393 4577 1473 4629 vir
1503 4577 1711 4646 patiens

163 4658 423 4722 iracundum
447 4676 503 4722 et
534 4667 1019 4724 excandescentein
1044 4669 1236 4738 spiritu
1267 4671 1550 4725 verborum
1581 4687 1711 4725 suo-

163 4768 248 4808 rum
274 4761 609 4833 refrigerahit.
643 4763 847 4836 Ecquid
886 4765 955 4820 de
993 4765 1203 4820 medico
1243 4765 1471 4836 IOquor?
1500 4766 1577 4820 Ne
1607 4766 1714 4820 fer-

164 4863 251 4902 tum
278 4855 474 4922 quidem
517 4857 745 4927 ignitum
787 4859 837 4912 in
871 4873 1063 4928 aquam
1097 4859 1434 4924 immissum,
1469 4867 1574 4912 tam
1603 4861 1712 4913 cito

164 4944 348 5001 calorem
369 4951 582 5010 amittit.
609 4961 668 5006 ut
697 4951 984 5006 iracundus
1003 4951 1055 5006 in
1080 4962 1415 5006 mansuetum
1445 4951 1708 5005 incidens.

165 5035 280 5092 Sicut
318 5054 486 5101 autem
537 5045 584 5100 si
630 5045 684 5100 in
731 5046 905 5101 forum
957 5047 1326 5116 ingrediantur
1372 5045 1717 5100 cantillantes

167 5139 278 5200 “ea,
298 5149 434 5210 nugae
452 5152 578 5194 esse
598 5137 878 5194 videntur:
900 5139 977 5194 sic
999 5155 1211 5210 quoque
1236 5151 1500 5211 prcecepta
1529 5149 1714 5195 nostra

213 5297 266 5358 (ιι)
290 5302 431 5369 Totus
449 5309 532 5366 qui
558 5308 788 5366 sequitur
815 5306 954 5369 locus
977 5304 1152 5354 ordine
1194 5309 1340 5369 paulo
1363 5305 1583 5363 diverso,
1612 5312 1705 5360 sed

168 5370 263 5418 pene
288 5368 448 5414 iisdem
471 5377 707 5416 constans
735 5368 902 5416 verbis
928 5369 1137 5417 effertur
1159 5368 1206 5417 iu
1238 5368 1394 5418 tribus
1420 5369 1702 5420 codicibus.

170 5422 222 5494 illi
242 5433 379 5494 autem
409 5428 540 5494 libri,
565 5433 614 5478 in
639 5443 826 5477 summa
851 5432 984 5477 inter
1004 5443 1058 5477 se
1083 5429 1444 5494 conspirantes,
1469 5446 1493 5481 a
1520 5440 1705 5494 quarto

168 5483 311 5557 alios'et
335 5491 419 5538 hoc
441 5483 816 5557 opt-immutatae,
845 5505 978 5552 saepe
1006 5483 1308 5557 magnopere
1344 5483 1588 5544 differunt
1615 5503 1706 5544 aut

170 5545 314 5620 verbis,
339 5560 419 5600 aut
442 5545 684 5620 orationis
712 5545 991 5620 structura,
1018 5545 1111 5604 aui
1132 5545 1288 5604 etiam
1327 5558 1702 5608 sententiarum

169 5607 315 5672 Ordine,
338 5621 381 5662 ct
399 5615 555 5664 modo
581 5611 830 5664 narrandi.

1792 493 1843 548 in
1875 493 2085 548 animas
2113 489 2398 546 iracundas
2430 487 2690 543 immissa.
2721 485 2862 556 Ergo
2891 487 3107 543 suavior
3128 490 3211 537 est
3233 499 3391 538 mau-

1791 583 2019 638 suetudo
2049 583 2123 636 ira
2154 591 2208 637 et
2237 581 2558 636 temeritate.
2585 578 2769 648 Neque
2795 578 2896 633 hoc
2925 586 3154 646 tantum,
3178 580 3272 635 sed
3297 580 3400 635 hoc

1790 672 2036 728 diabolus
2061 716 2074 736 ,
2125 673 2254 728 illud
2287 675 2426 727 Deus
2458 671 2731 740 praicepit.
2764 669 2956 728 Videte
2982 713 2996 737 ,
3031 689 3118 730 me
3145 688 3255 728 non
3283 677 3402 727 sine

1791 779 1950 818 causa
1981 764 2182 818 dixisse
2204 806 2217 827 ,
2259 764 2470 817 etiamsi
2515 778 2614 818 nec
2641 763 2889 817 diabolus
2919 779 3017 817 nec
3047 763 3187 818 Deus
3214 775 3360 820 esset
3387 807 3401 834 ,

1793 855 1906 910 ha'c
1939 867 2115 910 tamen
2149 869 2413 926 priecepta
2444 857 2574 911 satis
2601 855 2715 911 fore
2737 857 2802 910 ad
2837 872 2934 911 nos
2963 858 3330 913 abducendos.

1863 947 2129 1002 [racundo
2159 949 2288 1002 nihil
2313 950 2584 1020 ingratius.
2609 979 2680 988 ——
2700 948 2839 1003 Mitis
2864 950 3006 1004 enim
3037 950 3201 1004 homo
3223 961 3276 1006 et
3303 953 3406 1006 sibi

1793 1042 1972 1097 suavis
2004 1049 2056 1095 et
2085 1042 2206 1095 aliis
2232 1042 2378 1095 utilis
2403 1052 2519 1105 est;
2549 1043 2836 1096 iracundus
2861 1060 2990 1097 vero
3016 1053 3070 1098 et
3095 1045 3194 1100 sibi
3228 1046 3411 1100 insua-

1793 1132 1894 1194 vis,
1928 1144 1982 1187 et
2008 1133 2127 1186 aliis
2155 1133 2371 1189 noxius.
2407 1133 2545 1187 Nihil
2578 1136 2720 1188 enim
2754 1135 3014 1205 ingratius
3046 1137 3266 1193 homine
3297 1139 3408 1192 ira-

1794 1224 1992 1291 cundo,
2029 1226 2163 1278 nihil
2191 1226 2498 1292 onerosius,
2531 1227 2832 1294 molestius,
2865 1230 3101 1300 turpius;
3135 1239 3191 1284 ut
3220 1246 3288 1284 eo
3318 1234 3407 1301 qui

1796 1318 1954 1372 irasci
2004 1319 2218 1383 nescit,
2275 1320 2405 1373 nihil
2449 1319 2761 1390 jucundius.
2809 1321 2946 1376 Cum
3000 1323 3111 1379 fera
3165 1325 3412 1380 habitare

1795 1414 1987 1468 melius
2029 1422 2144 1478 est,
2192 1430 2504 1483 quamcum
2541 1417 2629 1470 tali
2663 1416 2903 1474 homine.
2957 1419 3092 1473 Fera
3139 1436 3409 1490 namque,

1795 1507 2011 1578 quando
2043 1510 2209 1564 semel
2253 1510 2553 1576 cicuratur,
2604 1526 2756 1565 suam
2805 1520 2986 1566 servat
3016 1514 3223 1583 legem;
3261 1515 3407 1568 illum

1795 1610 1977 1656 autem
2003 1603 2217 1671 quoties
2243 1602 2561 1669 placaveris,
2591 1603 2748 1658 toties
2772 1605 2964 1658 iterum
2989 1606 3274 1673 efferatur;
3309 1607 3409 1662 sibi

1797 1698 1942 1752 enim
1970 1697 2207 1751 habitum
2238 1697 2398 1751 talem
2425 1698 2591 1751 semel
2624 1700 2920 1753 constituit.
2948 1699 3097 1754 Sicut
3123 1702 3266 1755 enim
3295 1702 3413 1756 dies

1795 1804 2022 1844 serenus
2045 1797 2100 1844 et
2128 1789 2304 1854 Iratus,
2339 1799 2392 1843 et
2418 1789 2590 1844 hiems
2612 1789 2902 1844 admodum
2929 1791 3116 1856 tristis,
3144 1795 3411 1857 Contraria

1798 1889 1922 1934 sunt
1951 1897 1963 1933 :
1998 1880 2066 1933 ita
2097 1880 2337 1933 iracundi
2366 1889 2419 1933 et
2442 1882 2710 1934 mansueti
2733 1882 2947 1935 animm.
2973 1884 3038 1936 At
3065 1883 3301 1938 nondum
3324 1899 3411 1949 ea,

1798 1987 1918 2040 qut:
1952 1973 2002 2025 in
2038 1971 2173 2025 alios
2205 1981 2426 2026 manant
2470 1973 2810 2027 incommoda
2833 2015 2846 2036 ,
2879 1974 2972 2028 sed
3006 1990 3124 2043 qu:e
3151 1976 3251 2030 sibi
3286 1977 3413 2045 ipsis

1801 2061 2039 2116 inferunt
2081 2063 2378 2117 videamus.
2416 2065 2578 2132 Atqui
2634 2063 2736 2118 hoc
2770 2081 2877 2118 non
2909 2081 3132 2135 parvum
3184 2075 3268 2122 est
3316 2069 3416 2122 dn-

1800 2171 2005 2218 mnnm,
2024 2157 2185 2209 alium
2207 2156 2407 2212 damno
2425 2155 2679 2212 afficere:
2702 2174 2887 2214 verum
2913 2160 3126 2214 interim
3149 2161 3274 2216 illud
3289 2177 3420 2216 con.-

1799 2248 2124 2302 sideremus.
2146 2247 2276 2315 Quis
2298 2248 2538 2303 carnifex
2563 2249 2642 2304 sic
2666 2249 2831 2303 latera
2857 2250 3158 2307 dilacerare
3183 2255 3418 2322 poterit?

1798 2356 1919 2408 qum
1952 2356 2111 2393 verua
2163 2340 2327 2410 ignita
2358 2342 2437 2396 sic
2464 2357 2664 2413 corpus
2707 2344 3060 2412 transfigere?
3104 2348 3224 2416 quis
3272 2349 3422 2405 furor

1802 2431 1872 2484 ita
1899 2445 1928 2484 a
1961 2445 2092 2484 sana
2122 2441 2304 2485 mente
2329 2433 2558 2495 excutit,
2587 2445 2643 2488 ut
2673 2435 2748 2488 ira
2777 2445 2830 2490 et
2853 2436 3043 2491 furor?
3070 2438 3266 2494 Multos
3295 2441 3418 2494 ηογὶ

1801 2523 1890 2592 qui
1922 2523 1989 2577 ab
2019 2523 2292 2579 iracundia
2329 2525 2379 2577 in
2414 2525 2635 2580 morbos
2665 2528 2970 2584 inciderunt
2995 2547 3007 2583 :
3035 2529 3118 2584 ha:
3145 2542 3263 2584 sunt
3291 2547 3420 2602 gra-

1802 2617 2037 2670 vissima:
2069 2618 2314 2672 omnium
2346 2618 2541 2673 febres.
2579 2621 2732 2686 Quod
2774 2622 2818 2676 si
2857 2637 3056 2692 corpus
3098 2624 3168 2678 ita
3217 2626 3422 2680 labefa-

1801 2717 1970 2774 ctent,
1995 2709 2229 2764 animam
2255 2711 2451 2781 Cogita.
2474 2711 2552 2765 Ne
2570 2714 2932 2780 ratiocineris,
2958 2717 3079 2787 quia
3105 2733 3211 2771 non
3235 2718 3421 2785 vides;

1802 2804 1897 2858 sed
1925 2804 2122 2873 cogita,
2155 2804 2298 2874 quod
2333 2806 2375 2859 si
2408 2806 2454 2860 is
2483 2806 2574 2875 qui
2604 2808 2867 2862 malitiam
2896 2811 3135 2880 concipit
3163 2814 3232 2866 ita
3268 2813 3422 2867 [tudi-

1805 2908 1911 2955 tur.
1959 2897 2008 2950 id
2054 2898 2196 2967 quod
2243 2898 2336 2953 ille
2380 2898 2556 2969 pariet
2597 2911 2857 2970 quantum
2904 2903 3160 2958 damnum
3199 2904 3424 2960 afferet?

1805 2991 1953 3045 Multi
1986 2993 2175 3046 oculos
2201 2992 2591 3063 perdiderunt,
2631 2995 2784 3049 multi
2819 2997 2867 3049 in
2898 2999 3256 3066 gravissimos
3289 3000 3424 3054 inci-

1805 3081 1936 3139 dere
1967 3084 2204 3138 morbos.
2237 3083 2338 3151 Qui
2368 3101 2498 3139 vero
2526 3075 2736 3141 fortiter
2767 3089 2958 3143 tolerat
2981 3131 2994 3150 ,
3045 3091 3222 3145 omnia
3269 3093 3426 3148 facile

1805 3172 1960 3228 feret.
1991 3176 2242 3230 Attamen
2271 3176 2398 3231 licet
2425 3186 2533 3230 tam
2562 3193 2791 3232 onerosa
2822 3181 3120 3251 prmeipiat,
3151 3190 3200 3235 et
3231 3181 3418 3238 horum

1806 3268 2113 3321 mercedem
2158 3269 2462 3336 gehennam
2509 3281 2811 3340 proponat,
2863 3273 2988 3327 licet
3040 3275 3129 3328 ille
3177 3274 3426 3330 diabolus

1807 3359 1897 3420 sit,
1927 3369 1981 3411 et
2013 3360 2204 3412 salutis
2235 3370 2435 3416 nostrae
2469 3363 2742 3427 inimicus,
2773 3370 2944 3434 magis
2974 3366 3046 3418 illi
3077 3366 3429 3434 obtempera-

1809 3467 1930 3507 mus
1955 3492 1970 3517 ,
2004 3469 2163 3522 quam
2196 3454 2416 3508 Christo
2447 3455 2720 3510 Servatori
2749 3499 2762 3517 ,
2801 3459 3126 3512 benefactori
3155 3501 3169 3521 ,
3209 3471 3261 3514 et
3303 3461 3428 3514 talia

1809 3544 2030 3609 dicenti,
2063 3561 2183 3614 qua!
2208 3554 2263 3600 et
2293 3549 2566 3613 suaviora,
2595 3558 2648 3601 ct
2675 3550 2886 3603 utiliora
2913 3561 3060 3616 sunt,
3090 3552 3352 3621 nobisque
3376 3564 3433 3606 et

1810 3636 2295 3692 contubernalibus
2346 3654 2540 3708 magna
2596 3639 2734 3693 bona
2788 3643 3094 3698 conferant.
3153 3645 3294 3698 Nihil
3352 3646 3430 3699 ira

1811 3729 1986 3798 pejus,
2006 3728 2222 3790 dileCIe,
2244 3739 2299 3785 et
2320 3731 2701 3800 intempestivo
2723 3732 2902 3787 furore
2924 3752 2936 3787 :
2959 3751 3065 3788 non
3093 3736 3190 3790 fert
3216 3737 3428 3802 longam

1814 3835 2054 3886 moram;
2083 3833 2274 3877 acutus
2305 3833 2388 3878 est
2421 3825 2668 3880 morbus.
2688 3826 2844 3894 S:rpe
2867 3829 2988 3896 quis
3016 3830 3236 3883 verbum
3264 3846 3326 3882 ex
3355 3831 3431 3883 ira

1818 3915 2044 3982 profert,
2075 3915 2216 3982 quod
2247 3927 2302 3968 ut
2331 3927 2566 3983 reparet,
2599 3927 2705 3971 toxa
2737 3920 2842 3973 vita
2868 3934 3002 3988 opus
3028 3919 3222 3982 habet;
3253 3931 3304 3974 et
3333 3921 3434 3974 ali-

1819 4007 1945 4076 quid
1975 4019 2254 4076 operatur,
2277 4010 2418 4078 quod
2445 4019 2609 4064 totam
2634 4011 2750 4081 ejus
2771 4013 2933 4066 vitam
2957 4013 3252 4069 subvertat.
3280 4016 3432 4081 Quod

1820 4110 1998 4153 autem
2031 4101 2406 4170 gravissimum
2437 4115 2516 4157 est
2541 4145 2555 4170 ,
2611 4105 2759 4158 brevi
2794 4113 3061 4174 tempore,
3098 4123 3204 4159 uno
3235 4124 3432 4174 opere,

1821 4209 1926 4245 uno
1955 4194 2119 4248 verbo
2145 4209 2288 4265 smpe
2315 4197 2535 4250 aeternis
2565 4196 2841 4264 privamur
2873 4199 3048 4265 bonis,
3087 4199 3430 4256 innumeros-

1820 4301 1924 4354 que
1957 4288 2109 4340 nobis
2141 4288 2378 4356 par-imus
2407 4289 2643 4344 labores.
2675 4292 3224 4364 Quamobremxogn,
3256 4298 3437 4351 oninia

1823 4378 2100 4444 faciamus,
2134 4390 2193 4434 ut
2225 4381 2365 4436 hanc
2392 4380 2561 4438 feram
2595 4383 2895 4439 frencmus.
2923 4386 3191 4440 Curtcrum
3223 4388 3339 4443 ha-c
3372 4390 3439 4443 de

1822 4475 2234 4530 mansuetudine
2261 4476 2420 4531 et'ira
2453 4477 2591 4531 dicta
2626 4480 2754 4532 sint.
2789 4479 2844 4533 Si
2877 4480 2998 4550 quis
3029 4497 3159 4536 vero
3187 4483 3287 4535 alia
3317 4499 3434 4537 ser-

1825 4579 1983 4619 mone
2013 4575 2224 4630 tractet,
2252 4576 2309 4621 ttt
2339 4568 2616 4622 avaritiam
2641 4578 2694 4623 et
2717 4569 3030 4640 despectum
3059 4576 3434 4642 pecuniarum,

1827 4658 2099 4712 lasciviam
2132 4669 2184 4714 et
2210 4661 2533 4726 castitatem,
2566 4662 2823 4717 invidiam
2856 4674 2910 4718 et
2942 4667 3436 4732 mansuetudinem,

1827 4751 2024 4820 illaque
2051 4763 2236 4805 mutuo
2262 4753 2525 4819 conferat,
2559 4755 2663 4810 alia
2694 4771 2913 4825 quoque
2943 4757 3255 4812 discrimina
3284 4760 3438 4814 sciet.

1831 4842 2088 4903 Vidistis,
2139 4844 2409 4912 quomodo
2441 4861 2504 4898 ex
2541 4849 2828 4916 praeceptis
2858 4858 3062 4904 tantum
3113 4862 3165 4905 et
3212 4853 3352 4906 Dens
3388 4865 3442 4907 et

1824 4934 2072 4989 diabolus
2121 4937 2593 4992 internoscantur?
2640 4939 3093 5009 Obtcmpercmus
3131 4958 3267 5013 ergo
3293 4944 3439 5004 Deo,

1829 5044 2004 5099 neque
2034 5046 2131 5083 nos
2161 5033 2210 5082 in
2243 5030 2494 5085 harathra
2526 5032 2912 5100 conjiciatuns:
2945 5036 3041 5088 sed
3068 5034 3192 5088 dum
3228 5045 3445 5100 tempus

1828 5132 1927 5187 est,
1960 5124 2241 5177 ahluamus
2270 5126 2449 5178 omnia
2476 5142 2596 5194 quze
2626 5126 2858 5179 animam
2891 5126 3117 5190 foedant,
3154 5137 3211 5181 ut
3237 5139 3322 5181 arti
3345 5143 3442 5182 rna

1828 5231 2222 5286 consequamur
2250 5218 2385 5271 bona
2409 5259 2421 5276 .
2454 5219 2625 5288 gratia
2657 5229 2710 5273 et
2738 5219 3068 5288 benignitate
3098 5221 3310 5274 Domini
3348 5239 3450 5276 no-

1829 5310 1924 5363 stri
1955 5310 2078 5364 Jesu
2110 5310 2327 5375 Christi,
2357 5314 2571 5381 quicum
2598 5312 2744 5366 Patri
2770 5329 2980 5384 unaque
3005 5315 3228 5383 Spiritui
3255 5326 3444 5369 sancto

1829 5403 2018 5472 gloria,
2043 5404 2344 5472 imperium,
2373 5404 2567 5476 honor,
2596 5419 2742 5462 nunc
2765 5415 2819 5462 et
2840 5419 3075 5476 semper,
3100 5415 3152 5462 et
3172 5407 3223 5461 in
3249 5409 3443 5462 szecula

1830 5496 2172 5553 saeculorum.
2216 5499 2406 5552 Amen.
