  <div class='ocr_page' id='page_1' title='image "/cluster/home/n/w/nwhite01/storage/ocr_20150623/60/uva.x004246612/069.png"; bbox 0 0 4092 6462; ppageno 0'>
   <div class='ocr_carea' id='block_1_1' title="bbox 576 349 3848 422">
    <p class='ocr_par' dir='ltr' id='par_1_1' title="bbox 576 349 3848 422">
     <span class='ocr_line' id='line_1_1' title="bbox 576 349 3848 422; baseline -0.003 -5"><span class='ocrx_word' id='word_1_1' title='bbox 576 367 647 422; x_wconf 75' lang='lat' dir='ltr'><strong>(i3</strong></span> <span class='ocrx_word' id='word_1_2' title='bbox 930 386 933 389; x_wconf 94' lang='grc'><strong>·</strong></span> <span class='ocrx_word' id='word_1_3' title='bbox 1232 356 1289 415; x_wconf 88' lang='lat' dir='ltr'><strong>S.</strong></span> <span class='ocrx_word' id='word_1_4' title='bbox 1331 354 1609 414; x_wconf 75' lang='lat' dir='ltr'><strong>JOANNIS</strong></span> <span class='ocrx_word' id='word_1_5' title='bbox 1648 351 2112 410; x_wconf 71' lang='lat' dir='ltr'><strong>CHRYSOSTOMI</strong></span> <span class='ocrx_word' id='word_1_6' title='bbox 2155 349 2471 405; x_wconf 74' lang='lat' dir='ltr'><strong>ARCHIEP.</strong></span> <span class='ocrx_word' id='word_1_7' title='bbox 2515 351 2771 407; x_wconf 67' lang='lat' dir='ltr'><strong>L‘ONSTA</strong></span> <span class='ocrx_word' id='word_1_8' title='bbox 2830 350 3045 407; x_wconf 75' lang='grc' dir='ltr'><strong>ΤΙΝΟΡ.</strong></span> <span class='ocrx_word' id='word_1_9' title='bbox 3776 356 3848 411; x_wconf 77' lang='grc'><strong>64</strong></span> 
     </span>
    </p>
   </div>
   <div class='ocr_carea' id='block_1_2' title="bbox 2296 503 3345 520">
    <p class='ocr_par' dir='ltr' id='par_1_2' title="bbox 2296 503 3345 520">
     <span class='ocr_line' id='line_1_2' title="bbox 2296 503 3345 520; baseline -0.001 -4"><span class='ocrx_word' id='word_1_10' title='bbox 2296 503 3345 520; x_wconf 38' lang='grc' dir='ltr'><strong>--Ψῇο--ρ</strong></span> 
     </span>
    </p>
   </div>
   <div class='ocr_carea' id='block_1_3' title="bbox 1959 582 2507 647">
    <p class='ocr_par' dir='ltr' id='par_1_3' title="bbox 1959 582 2507 647">
     <span class='ocr_line' id='line_1_3' title="bbox 1959 582 2507 647; baseline -0.004 -2"><span class='ocrx_word' id='word_1_11' title='bbox 1959 582 2307 647; x_wconf 78' lang='lat' dir='ltr'><strong>HOMILIA</strong></span> <span class='ocrx_word' id='word_1_12' title='bbox 2368 583 2507 646; x_wconf 78' lang='lat' dir='ltr'><strong>VII.</strong></span> 
     </span>
    </p>
   </div>
   <div class='ocr_carea' id='block_1_4' title="bbox 556 728 2143 802">
    <p class='ocr_par' dir='ltr' id='par_1_4' title="bbox 556 728 2143 802">
     <span class='ocr_line' id='line_1_4' title="bbox 556 728 2143 802; baseline -0.004 -14"><span class='ocrx_word' id='word_1_13' title='bbox 556 734 688 802; x_wconf 72' lang='lat' dir='ltr'><strong>CAP.</strong></span> <span class='ocrx_word' id='word_1_14' title='bbox 718 734 771 790; x_wconf 75' lang='grc'><strong>2.</strong></span> <span class='ocrx_word' id='word_1_15' title='bbox 801 751 848 786; x_wconf 87' lang='grc' dir='ltr'><strong>ν.</strong></span> <span class='ocrx_word' id='word_1_16' title='bbox 873 734 959 788; x_wconf 76' lang='lat'><strong>37.</strong></span> <span class='ocrx_word' id='word_1_17' title='bbox 992 733 1084 787; x_wconf 82' lang='lat' dir='ltr'><strong>llis</strong></span> <span class='ocrx_word' id='word_1_18' title='bbox 1104 744 1271 787; x_wconf 85' lang='lat' dir='ltr'><strong>autem</strong></span> <span class='ocrx_word' id='word_1_19' title='bbox 1302 731 1815 802; x_wconf 86' lang='lat' dir='ltr'><strong>auditis,compuncti</strong></span> <span class='ocrx_word' id='word_1_20' title='bbox 1834 740 1951 785; x_wconf 85' lang='lat' dir='ltr'><strong>sunt</strong></span> <span class='ocrx_word' id='word_1_21' title='bbox 1973 728 2143 791; x_wconf 74' lang='lat' dir='ltr'><strong>corde,</strong></span> 
     </span>
    </p>
   </div>
   <div class='ocr_carea' id='block_1_5' title="bbox 628 820 2148 894">
    <p class='ocr_par' dir='ltr' id='par_1_5' title="bbox 628 820 2148 894">
     <span class='ocr_line' id='line_1_5' title="bbox 628 820 2148 894; baseline -0.005 -14"><span class='ocrx_word' id='word_1_22' title='bbox 628 838 675 880; x_wconf 87' lang='lat' dir='ltr'><strong>et</strong></span> <span class='ocrx_word' id='word_1_23' title='bbox 703 826 935 884; x_wconf 74' lang='lat' dir='ltr'><strong>dixerunt</strong></span> <span class='ocrx_word' id='word_1_24' title='bbox 957 826 1025 879; x_wconf 89' lang='lat' dir='ltr'><strong>ad</strong></span> <span class='ocrx_word' id='word_1_25' title='bbox 1052 825 1255 879; x_wconf 80' lang='lat' dir='ltr'><strong>Petrum</strong></span> <span class='ocrx_word' id='word_1_26' title='bbox 1280 835 1328 879; x_wconf 91' lang='lat' dir='ltr'><strong>et</strong></span> <span class='ocrx_word' id='word_1_27' title='bbox 1352 825 1421 880; x_wconf 91' lang='lat' dir='ltr'><strong>ad</strong></span> <span class='ocrx_word' id='word_1_28' title='bbox 1446 822 1665 894; x_wconf 85' lang='lat' dir='ltr'><strong>reliquos</strong></span> <span class='ocrx_word' id='word_1_29' title='bbox 1685 821 1941 892; x_wconf 83' lang='lat' dir='ltr'><strong>apostolos</strong></span> <span class='ocrx_word' id='word_1_30' title='bbox 1967 836 1984 874; x_wconf 88' lang='lat'><strong><em>:</em></strong></span> <span class='ocrx_word' id='word_1_31' title='bbox 2010 820 2148 885; x_wconf 80' lang='lat' dir='ltr'><strong>Quid</strong></span> 
     </span>
    </p>
   </div>
   <div class='ocr_carea' id='block_1_6' title="bbox 633 916 1264 991">
    <p class='ocr_par' dir='ltr' id='par_1_6' title="bbox 633 916 1264 991">
     <span class='ocr_line' id='line_1_6' title="bbox 633 916 1264 991; baseline -0.006 -18"><span class='ocrx_word' id='word_1_32' title='bbox 633 916 897 991; x_wconf 67' lang='lat' dir='ltr'><strong>iniciatis,</strong></span> <span class='ocrx_word' id='word_1_33' title='bbox 922 916 1015 973; x_wconf 77' lang='lat' dir='ltr'><strong>viri</strong></span> <span class='ocrx_word' id='word_1_34' title='bbox 1036 918 1219 986; x_wconf 78' lang='lat' dir='ltr'><strong>fratres</strong></span> <span class='ocrx_word' id='word_1_35' title='bbox 1237 916 1264 969; x_wconf 82' lang='lat'><strong>2</strong></span> 
     </span>
    </p>
   </div>
   <div class='ocr_carea' id='block_1_7' title="bbox 631 1003 2146 1076">
    <p class='ocr_par' dir='ltr' id='par_1_7' title="bbox 631 1003 2146 1076">
     <span class='ocr_line' id='line_1_7' title="bbox 631 1003 2146 1076; baseline -0.005 -14"><span class='ocrx_word' id='word_1_36' title='bbox 631 1008 684 1063; x_wconf 73' lang='lat' dir='ltr'><strong>l.</strong></span> <span class='ocrx_word' id='word_1_37' title='bbox 737 1005 1072 1061; x_wconf 73' lang='lat' dir='ltr'><strong>Mansuetudo</strong></span> <span class='ocrx_word' id='word_1_38' title='bbox 1095 1016 1342 1076; x_wconf 87' lang='lat' dir='ltr'><strong>quantum</strong></span> <span class='ocrx_word' id='word_1_39' title='bbox 1370 1006 1571 1060; x_wconf 75' lang='lat' dir='ltr'><strong>bonum.</strong></span> <span class='ocrx_word' id='word_1_40' title='bbox 1592 1034 1661 1043; x_wconf 94' lang='lat'>—</span> <span class='ocrx_word' id='word_1_41' title='bbox 1678 1003 1863 1057; x_wconf 60' lang='lat' dir='ltr'><strong>Viden?</strong></span> <span class='ocrx_word' id='word_1_42' title='bbox 1890 1011 2146 1072; x_wconf 80' lang='lat' dir='ltr'><strong>quantum</strong></span> 
     </span>
    </p>
   </div>
   <div class='ocr_carea' id='block_1_8' title="bbox 554 1096 2144 1167">
    <p class='ocr_par' dir='ltr' id='par_1_8' title="bbox 554 1096 2144 1167">
     <span class='ocr_line' id='line_1_8' title="bbox 554 1096 2144 1167; baseline -0.005 -13"><span class='ocrx_word' id='word_1_43' title='bbox 554 1099 624 1154; x_wconf 86' lang='lat' dir='ltr'><strong>sit</strong></span> <span class='ocrx_word' id='word_1_44' title='bbox 648 1096 998 1152; x_wconf 75' lang='lat' dir='ltr'><strong>mansuetudo</strong></span> <span class='ocrx_word' id='word_1_45' title='bbox 1024 1096 1260 1151; x_wconf 85' lang='lat' dir='ltr'><strong>bonum?</strong></span> <span class='ocrx_word' id='word_1_46' title='bbox 1294 1097 1418 1152; x_wconf 57' lang='lat' dir='ltr'><strong>lla‘c</strong></span> <span class='ocrx_word' id='word_1_47' title='bbox 1448 1097 1636 1167; x_wconf 81' lang='lat' dir='ltr'><strong>magis,</strong></span> <span class='ocrx_word' id='word_1_48' title='bbox 1666 1111 1824 1165; x_wconf 88' lang='lat' dir='ltr'><strong>quam</strong></span> <span class='ocrx_word' id='word_1_49' title='bbox 1858 1096 2144 1149; x_wconf 89' lang='lat' dir='ltr'><strong>vehemen-</strong></span> 
     </span>
    </p>
   </div>
   <div class='ocr_carea' id='block_1_9' title="bbox 558 1187 2146 1259">
    <p class='ocr_par' dir='ltr' id='par_1_9' title="bbox 558 1187 2146 1259">
     <span class='ocr_line' id='line_1_9' title="bbox 558 1187 2146 1259; baseline -0.003 -16"><span class='ocrx_word' id='word_1_50' title='bbox 558 1191 630 1249; x_wconf 78' lang='lat' dir='ltr'><strong>tia</strong></span> <span class='ocrx_word' id='word_1_51' title='bbox 664 1188 915 1259; x_wconf 57' lang='lat' dir='ltr'><strong>qualibet</strong></span> <span class='ocrx_word' id='word_1_52' title='bbox 935 1228 949 1253; x_wconf 90' lang='lat'><strong>,</strong></span> <span class='ocrx_word' id='word_1_53' title='bbox 978 1188 1140 1243; x_wconf 88' lang='lat' dir='ltr'><strong>corda</strong></span> <span class='ocrx_word' id='word_1_54' title='bbox 1187 1198 1367 1243; x_wconf 82' lang='lat' dir='ltr'><strong>nostra</strong></span> <span class='ocrx_word' id='word_1_55' title='bbox 1412 1188 1742 1258; x_wconf 84' lang='lat' dir='ltr'><strong>compungit,</strong></span> <span class='ocrx_word' id='word_1_56' title='bbox 1774 1198 1827 1241; x_wconf 91' lang='lat' dir='ltr'><strong>et</strong></span> <span class='ocrx_word' id='word_1_57' title='bbox 1855 1187 2146 1241; x_wconf 83' lang='lat' dir='ltr'><strong>acutiorem</strong></span> 
     </span>
    </p>
   </div>
   <div class='ocr_carea' id='block_1_10' title="bbox 557 1280 2147 1350">
    <p class='ocr_par' dir='ltr' id='par_1_10' title="bbox 557 1280 2147 1350">
     <span class='ocr_line' id='line_1_10' title="bbox 557 1280 2147 1350; baseline -0.001 -16"><span class='ocrx_word' id='word_1_58' title='bbox 557 1280 746 1350; x_wconf 75' lang='lat' dir='ltr'><strong>inﬂigit</strong></span> <span class='ocrx_word' id='word_1_59' title='bbox 768 1280 997 1350; x_wconf 76' lang='lat' dir='ltr'><strong>plagam.</strong></span> <span class='ocrx_word' id='word_1_60' title='bbox 1019 1280 1165 1335; x_wconf 88' lang='lat' dir='ltr'><strong>Sicut</strong></span> <span class='ocrx_word' id='word_1_61' title='bbox 1195 1280 1339 1336; x_wconf 89' lang='lat' dir='ltr'><strong>enim</strong></span> <span class='ocrx_word' id='word_1_62' title='bbox 1371 1280 1459 1348; x_wconf 92' lang='lat' dir='ltr'><strong>qui</strong></span> <span class='ocrx_word' id='word_1_63' title='bbox 1485 1280 1744 1333; x_wconf 77' lang='lat' dir='ltr'><strong>obdurato</strong></span> <span class='ocrx_word' id='word_1_64' title='bbox 1773 1293 1996 1346; x_wconf 86' lang='lat' dir='ltr'><strong>corpora</strong></span> <span class='ocrx_word' id='word_1_65' title='bbox 2027 1293 2147 1346; x_wconf 85' lang='lat' dir='ltr'><strong>per-</strong></span> 
     </span>
    </p>
   </div>
   <div class='ocr_carea' id='block_1_11' title="bbox 555 1368 2148 1443">
    <p class='ocr_par' dir='ltr' id='par_1_11' title="bbox 555 1368 2148 1443">
     <span class='ocr_line' id='line_1_11' title="bbox 555 1368 2148 1443; baseline -0.004 -16"><span class='ocrx_word' id='word_1_66' title='bbox 555 1369 707 1433; x_wconf 87' lang='lat' dir='ltr'><strong>cutit,</strong></span> <span class='ocrx_word' id='word_1_67' title='bbox 741 1385 847 1427; x_wconf 88' lang='lat' dir='ltr'><strong>non</strong></span> <span class='ocrx_word' id='word_1_68' title='bbox 875 1380 980 1425; x_wconf 88' lang='lat' dir='ltr'><strong>tant</strong></span> <span class='ocrx_word' id='word_1_69' title='bbox 1012 1370 1186 1426; x_wconf 80' lang='lat' dir='ltr'><strong>valide</strong></span> <span class='ocrx_word' id='word_1_70' title='bbox 1214 1385 1432 1443; x_wconf 81' lang='lat' dir='ltr'><strong>sensum</strong></span> <span class='ocrx_word' id='word_1_71' title='bbox 1463 1369 1658 1434; x_wconf 82' lang='lat' dir='ltr'><strong>allicit;</strong></span> <span class='ocrx_word' id='word_1_72' title='bbox 1689 1369 1785 1424; x_wconf 89' lang='lat' dir='ltr'><strong>sed</strong></span> <span class='ocrx_word' id='word_1_73' title='bbox 1812 1371 1855 1423; x_wconf 92' lang='lat' dir='ltr'><strong>si</strong></span> <span class='ocrx_word' id='word_1_74' title='bbox 1888 1369 1973 1422; x_wconf 87' lang='lat' dir='ltr'><strong>illa</strong></span> <span class='ocrx_word' id='word_1_75' title='bbox 2002 1368 2148 1437; x_wconf 83' lang='lat' dir='ltr'><strong>prius</strong></span> 
     </span>
    </p>
   </div>
   <div class='ocr_carea' id='block_1_12' title="bbox 555 1462 2149 1534">
    <p class='ocr_par' dir='ltr' id='par_1_12' title="bbox 555 1462 2149 1534">
     <span class='ocr_line' id='line_1_12' title="bbox 555 1462 2149 1534; baseline -0.002 -14"><span class='ocrx_word' id='word_1_76' title='bbox 555 1463 814 1532; x_wconf 88' lang='lat' dir='ltr'><strong>enmlliat,</strong></span> <span class='ocrx_word' id='word_1_77' title='bbox 851 1473 975 1520; x_wconf 92' lang='lat' dir='ltr'><strong>tunc</strong></span> <span class='ocrx_word' id='word_1_78' title='bbox 1003 1465 1178 1520; x_wconf 88' lang='lat' dir='ltr'><strong>acrius</strong></span> <span class='ocrx_word' id='word_1_79' title='bbox 1221 1464 1403 1534; x_wconf 84' lang='lat' dir='ltr'><strong>pungit</strong></span> <span class='ocrx_word' id='word_1_80' title='bbox 1430 1481 1442 1515; x_wconf 91' lang='lat'>:</span> <span class='ocrx_word' id='word_1_81' title='bbox 1475 1466 1540 1516; x_wconf 90' lang='lat' dir='ltr'><strong>ita</strong></span> <span class='ocrx_word' id='word_1_82' title='bbox 1570 1471 1626 1517; x_wconf 91' lang='lat' dir='ltr'><strong>et</strong></span> <span class='ocrx_word' id='word_1_83' title='bbox 1653 1462 1741 1518; x_wconf 90' lang='lat' dir='ltr'><strong>hic</strong></span> <span class='ocrx_word' id='word_1_84' title='bbox 1766 1462 1913 1532; x_wconf 91' lang='lat' dir='ltr'><strong>prius</strong></span> <span class='ocrx_word' id='word_1_85' title='bbox 1937 1468 2149 1531; x_wconf 89' lang='lat' dir='ltr'><strong>oportet</strong></span> 
     </span>
    </p>
   </div>
   <div class='ocr_carea' id='block_1_13' title="bbox 557 1555 2143 1628">
    <p class='ocr_par' dir='ltr' id='par_1_13' title="bbox 557 1555 2143 1628">
     <span class='ocr_line' id='line_1_13' title="bbox 557 1555 2143 1628; baseline -0.003 -16"><span class='ocrx_word' id='word_1_86' title='bbox 557 1557 820 1624; x_wconf 82' lang='lat' dir='ltr'><strong>emollire,</strong></span> <span class='ocrx_word' id='word_1_87' title='bbox 851 1567 905 1612; x_wconf 92' lang='lat' dir='ltr'><strong>et</strong></span> <span class='ocrx_word' id='word_1_88' title='bbox 934 1567 1058 1612; x_wconf 91' lang='lat' dir='ltr'><strong>tunc</strong></span> <span class='ocrx_word' id='word_1_89' title='bbox 1103 1572 1358 1628; x_wconf 75' lang='lat' dir='ltr'><strong>pungere.</strong></span> <span class='ocrx_word' id='word_1_90' title='bbox 1412 1556 1631 1610; x_wconf 83' lang='lat' dir='ltr'><strong>Emollit</strong></span> <span class='ocrx_word' id='word_1_91' title='bbox 1660 1568 1837 1611; x_wconf 88' lang='lat' dir='ltr'><strong>autem</strong></span> <span class='ocrx_word' id='word_1_92' title='bbox 1860 1597 1874 1619; x_wconf 81' lang='lat'><strong>,</strong></span> <span class='ocrx_word' id='word_1_93' title='bbox 1908 1570 2012 1608; x_wconf 90' lang='lat' dir='ltr'><strong>non</strong></span> <span class='ocrx_word' id='word_1_94' title='bbox 2046 1555 2143 1617; x_wconf 89' lang='lat' dir='ltr'><strong>ira,</strong></span> 
     </span>
    </p>
   </div>
   <div class='ocr_carea' id='block_1_14' title="bbox 560 1646 2151 1713">
    <p class='ocr_par' dir='ltr' id='par_1_14' title="bbox 560 1646 2151 1713">
     <span class='ocr_line' id='line_1_14' title="bbox 560 1646 2151 1713; baseline -0.004 -10"><span class='ocrx_word' id='word_1_95' title='bbox 560 1665 665 1703; x_wconf 91' lang='lat' dir='ltr'><strong>non</strong></span> <span class='ocrx_word' id='word_1_96' title='bbox 695 1648 985 1705; x_wconf 79' lang='lat' dir='ltr'><strong>vehemens</strong></span> <span class='ocrx_word' id='word_1_97' title='bbox 1035 1648 1303 1703; x_wconf 90' lang='lat' dir='ltr'><strong>accusatio</strong></span> <span class='ocrx_word' id='word_1_98' title='bbox 1328 1689 1343 1713; x_wconf 97' lang='lat'><strong>,</strong></span> <span class='ocrx_word' id='word_1_99' title='bbox 1372 1663 1476 1701; x_wconf 89' lang='lat' dir='ltr'><strong>non</strong></span> <span class='ocrx_word' id='word_1_100' title='bbox 1505 1646 1802 1701; x_wconf 84' lang='lat' dir='ltr'><strong>eonvicinm</strong></span> <span class='ocrx_word' id='word_1_101' title='bbox 1828 1662 1843 1703; x_wconf 84' lang='lat'><strong>;</strong></span> <span class='ocrx_word' id='word_1_102' title='bbox 1875 1646 1968 1700; x_wconf 89' lang='lat' dir='ltr'><strong>sed</strong></span> <span class='ocrx_word' id='word_1_103' title='bbox 2002 1661 2151 1700; x_wconf 90' lang='lat' dir='ltr'><strong>man-</strong></span> 
     </span>
    </p>
   </div>
   <div class='ocr_carea' id='block_1_15' title="bbox 558 1739 2150 1811">
    <p class='ocr_par' dir='ltr' id='par_1_15' title="bbox 558 1739 2150 1811">
     <span class='ocr_line' id='line_1_15' title="bbox 558 1739 2150 1811; baseline -0.003 -14"><span class='ocrx_word' id='word_1_104' title='bbox 558 1741 786 1797; x_wconf 78' lang='lat' dir='ltr'><strong>suetudo</strong></span> <span class='ocrx_word' id='word_1_105' title='bbox 824 1759 839 1795; x_wconf 72' lang='grc' dir='ltr'><strong>ι</strong></span> <span class='ocrx_word' id='word_1_106' title='bbox 881 1742 1031 1796; x_wconf 90' lang='lat' dir='ltr'><strong>furor</strong></span> <span class='ocrx_word' id='word_1_107' title='bbox 1079 1742 1223 1796; x_wconf 91' lang='lat' dir='ltr'><strong>enim</strong></span> <span class='ocrx_word' id='word_1_108' title='bbox 1272 1750 1430 1811; x_wconf 82' lang='lat' dir='ltr'><strong>anget</strong></span> <span class='ocrx_word' id='word_1_109' title='bbox 1480 1742 1726 1795; x_wconf 87' lang='lat' dir='ltr'><strong>morbum</strong></span> <span class='ocrx_word' id='word_1_110' title='bbox 1751 1780 1766 1806; x_wconf 87' lang='lat'><strong>,</strong></span> <span class='ocrx_word' id='word_1_111' title='bbox 1801 1739 2150 1794; x_wconf 77' lang='lat' dir='ltr'><strong>mansuetudo</strong></span> 
     </span>
    </p>
   </div>
   <div class='ocr_carea' id='block_1_16' title="bbox 557 1830 2145 1902">
    <p class='ocr_par' dir='ltr' id='par_1_16' title="bbox 557 1830 2145 1902">
     <span class='ocr_line' id='line_1_16' title="bbox 557 1830 2145 1902; baseline -0.005 -13"><span class='ocrx_word' id='word_1_112' title='bbox 557 1833 817 1891; x_wconf 88' lang='lat' dir='ltr'><strong>eliminat.</strong></span> <span class='ocrx_word' id='word_1_113' title='bbox 874 1831 1055 1902; x_wconf 83' lang='lat' dir='ltr'><strong>Itaque</strong></span> <span class='ocrx_word' id='word_1_114' title='bbox 1091 1833 1134 1886; x_wconf 78' lang='lat' dir='ltr'><strong>si</strong></span> <span class='ocrx_word' id='word_1_115' title='bbox 1183 1834 1315 1888; x_wconf 82' lang='lat' dir='ltr'><strong>velis</strong></span> <span class='ocrx_word' id='word_1_116' title='bbox 1344 1833 1669 1902; x_wconf 83' lang='lat' dir='ltr'><strong>quempiam.</strong></span> <span class='ocrx_word' id='word_1_117' title='bbox 1711 1832 1800 1901; x_wconf 93' lang='lat' dir='ltr'><strong>qui</strong></span> <span class='ocrx_word' id='word_1_118' title='bbox 1848 1840 1899 1885; x_wconf 89' lang='lat' dir='ltr'><strong>te</strong></span> <span class='ocrx_word' id='word_1_119' title='bbox 1931 1830 2145 1894; x_wconf 76' lang='lat' dir='ltr'><strong>lzrscrit,</strong></span> 
     </span>
    </p>
   </div>
   <div class='ocr_carea' id='block_1_17' title="bbox 557 1922 2146 1997">
    <p class='ocr_par' dir='ltr' id='par_1_17' title="bbox 557 1922 2146 1997">
     <span class='ocr_line' id='line_1_17' title="bbox 557 1922 2146 1997; baseline -0.004 -15"><span class='ocrx_word' id='word_1_120' title='bbox 557 1926 846 1997; x_wconf 87' lang='lat' dir='ltr'><strong>corripere,</strong></span> <span class='ocrx_word' id='word_1_121' title='bbox 874 1927 1023 1980; x_wconf 89' lang='lat' dir='ltr'><strong>illum</strong></span> <span class='ocrx_word' id='word_1_122' title='bbox 1047 1942 1166 1979; x_wconf 90' lang='lat' dir='ltr'><strong>cum</strong></span> <span class='ocrx_word' id='word_1_123' title='bbox 1193 1924 1598 1980; x_wconf 82' lang='lat' dir='ltr'><strong>mansuetudine</strong></span> <span class='ocrx_word' id='word_1_124' title='bbox 1626 1938 1811 1994; x_wconf 86' lang='lat' dir='ltr'><strong>magna</strong></span> <span class='ocrx_word' id='word_1_125' title='bbox 1836 1922 2146 1992; x_wconf 69' lang='lat' dir='ltr'><strong>aggredere.</strong></span> 
     </span>
    </p>
   </div>
   <div class='ocr_carea' id='block_1_18' title="bbox 566 2012 2154 2088">
    <p class='ocr_par' dir='ltr' id='par_1_18' title="bbox 566 2012 2154 2088">
     <span class='ocr_line' id='line_1_18' title="bbox 566 2012 2154 2088; baseline -0.005 -14"><span class='ocrx_word' id='word_1_126' title='bbox 566 2019 697 2075; x_wconf 75' lang='lat' dir='ltr'><strong>Vide</strong></span> <span class='ocrx_word' id='word_1_127' title='bbox 737 2019 878 2074; x_wconf 90' lang='lat' dir='ltr'><strong>enim</strong></span> <span class='ocrx_word' id='word_1_128' title='bbox 909 2018 1007 2073; x_wconf 88' lang='lat' dir='ltr'><strong>hoc</strong></span> <span class='ocrx_word' id='word_1_129' title='bbox 1036 2017 1154 2072; x_wconf 85' lang='lat' dir='ltr'><strong>loco</strong></span> <span class='ocrx_word' id='word_1_130' title='bbox 1194 2017 1321 2088; x_wconf 90' lang='lat' dir='ltr'><strong>quid</strong></span> <span class='ocrx_word' id='word_1_131' title='bbox 1367 2016 1561 2071; x_wconf 86' lang='lat' dir='ltr'><strong>faciat:</strong></span> <span class='ocrx_word' id='word_1_132' title='bbox 1585 2026 1862 2071; x_wconf 87' lang='lat' dir='ltr'><strong>mansuete</strong></span> <span class='ocrx_word' id='word_1_133' title='bbox 1891 2015 1995 2067; x_wconf 75' lang='lat' dir='ltr'><strong>illis</strong></span> <span class='ocrx_word' id='word_1_134' title='bbox 2026 2012 2154 2067; x_wconf 84' lang='lat' dir='ltr'><strong>faci-</strong></span> 
     </span>
    </p>
   </div>
   <div class='ocr_carea' id='block_1_19' title="bbox 562 2104 2153 2175">
    <p class='ocr_par' dir='ltr' id='par_1_19' title="bbox 562 2104 2153 2175">
     <span class='ocr_line' id='line_1_19' title="bbox 562 2104 2153 2175; baseline -0.003 -11"><span class='ocrx_word' id='word_1_135' title='bbox 562 2125 692 2174; x_wconf 78' lang='lat' dir='ltr'><strong>nora</strong></span> <span class='ocrx_word' id='word_1_136' title='bbox 732 2125 827 2172; x_wconf 84' lang='lat' dir='ltr'><strong>sua</strong></span> <span class='ocrx_word' id='word_1_137' title='bbox 871 2110 923 2169; x_wconf 90' lang='lat' dir='ltr'><strong>in</strong></span> <span class='ocrx_word' id='word_1_138' title='bbox 961 2118 1195 2165; x_wconf 91' lang='lat' dir='ltr'><strong>mentem</strong></span> <span class='ocrx_word' id='word_1_139' title='bbox 1250 2118 1488 2175; x_wconf 84' lang='lat' dir='ltr'><strong>revocat,</strong></span> <span class='ocrx_word' id='word_1_140' title='bbox 1530 2117 1586 2164; x_wconf 86' lang='lat' dir='ltr'><strong>et</strong></span> <span class='ocrx_word' id='word_1_141' title='bbox 1632 2106 1762 2161; x_wconf 81' lang='lat' dir='ltr'><strong>nihil</strong></span> <span class='ocrx_word' id='word_1_142' title='bbox 1810 2106 2024 2175; x_wconf 82' lang='lat' dir='ltr'><strong>adjicit;</strong></span> <span class='ocrx_word' id='word_1_143' title='bbox 2060 2104 2153 2159; x_wconf 88' lang='lat' dir='ltr'><strong>Dei</strong></span> 
     </span>
    </p>
   </div>
   <div class='ocr_carea' id='block_1_20' title="bbox 560 2199 2151 2270">
    <p class='ocr_par' dir='ltr' id='par_1_20' title="bbox 560 2199 2151 2270">
     <span class='ocr_line' id='line_1_20' title="bbox 560 2199 2151 2270; baseline -0.004 -15"><span class='ocrx_word' id='word_1_144' title='bbox 560 2202 758 2261; x_wconf 86' lang='lat' dir='ltr'><strong>donum</strong></span> <span class='ocrx_word' id='word_1_145' title='bbox 812 2210 1065 2266; x_wconf 67' lang='lat' dir='ltr'><strong>enarrat,</strong></span> <span class='ocrx_word' id='word_1_146' title='bbox 1115 2200 1261 2255; x_wconf 83' lang='lat' dir='ltr'><strong>addit</strong></span> <span class='ocrx_word' id='word_1_147' title='bbox 1311 2199 1619 2270; x_wconf 78' lang='lat' dir='ltr'><strong>gratiamin</strong></span> <span class='ocrx_word' id='word_1_148' title='bbox 1659 2213 1837 2252; x_wconf 89' lang='lat' dir='ltr'><strong>rermn</strong></span> <span class='ocrx_word' id='word_1_149' title='bbox 1884 2208 2151 2267; x_wconf 76' lang='lat' dir='ltr'><strong>gesmrum</strong></span> 
     </span>
    </p>
   </div>
   <div class='ocr_carea' id='block_1_21' title="bbox 558 2287 2151 2359">
    <p class='ocr_par' dir='ltr' id='par_1_21' title="bbox 558 2287 2151 2359">
     <span class='ocr_line' id='line_1_21' title="bbox 558 2287 2151 2359; baseline -0.004 -10"><span class='ocrx_word' id='word_1_150' title='bbox 558 2294 920 2355; x_wconf 80' lang='lat' dir='ltr'><strong>testimonium</strong></span> <span class='ocrx_word' id='word_1_151' title='bbox 942 2335 957 2359; x_wconf 94' lang='lat'><strong>,</strong></span> <span class='ocrx_word' id='word_1_152' title='bbox 987 2302 1040 2348; x_wconf 93' lang='lat' dir='ltr'><strong>et</strong></span> <span class='ocrx_word' id='word_1_153' title='bbox 1067 2293 1291 2348; x_wconf 82' lang='lat' dir='ltr'><strong>ulterius</strong></span> <span class='ocrx_word' id='word_1_154' title='bbox 1319 2306 1621 2346; x_wconf 84' lang='lat' dir='ltr'><strong>sermonem</strong></span> <span class='ocrx_word' id='word_1_155' title='bbox 1654 2288 1918 2358; x_wconf 82' lang='lat' dir='ltr'><strong>producit.</strong></span> <span class='ocrx_word' id='word_1_156' title='bbox 1979 2287 2151 2342; x_wconf 78' lang='lat' dir='ltr'><strong>Reve-</strong></span> 
     </span>
    </p>
   </div>
   <div class='ocr_carea' id='block_1_22' title="bbox 557 2381 2150 2459">
    <p class='ocr_par' dir='ltr' id='par_1_22' title="bbox 557 2381 2150 2459">
     <span class='ocr_line' id='line_1_22' title="bbox 557 2381 2150 2459; baseline -0.006 -15"><span class='ocrx_word' id='word_1_157' title='bbox 557 2389 645 2444; x_wconf 87' lang='lat' dir='ltr'><strong>riti</strong></span> <span class='ocrx_word' id='word_1_158' title='bbox 674 2398 793 2443; x_wconf 89' lang='lat' dir='ltr'><strong>sunt</strong></span> <span class='ocrx_word' id='word_1_159' title='bbox 817 2388 960 2443; x_wconf 85' lang='lat' dir='ltr'><strong>Petri</strong></span> <span class='ocrx_word' id='word_1_160' title='bbox 985 2384 1470 2449; x_wconf 69' lang='lat' dir='ltr'><strong>mansuetudinem,</strong></span> <span class='ocrx_word' id='word_1_161' title='bbox 1495 2383 1724 2459; x_wconf 57' lang='lat' dir='ltr'><strong>quiaJis,</strong></span> <span class='ocrx_word' id='word_1_162' title='bbox 1749 2382 1837 2451; x_wconf 90' lang='lat' dir='ltr'><strong>qui</strong></span> <span class='ocrx_word' id='word_1_163' title='bbox 1868 2381 2150 2435; x_wconf 90' lang='lat' dir='ltr'><strong>Dominum</strong></span> 
     </span>
    </p>
   </div>
   <div class='ocr_carea' id='block_1_23' title="bbox 558 2474 2150 2548">
    <p class='ocr_par' dir='ltr' id='par_1_23' title="bbox 558 2474 2150 2548">
     <span class='ocr_line' id='line_1_23' title="bbox 558 2474 2150 2548; baseline -0.006 -11"><span class='ocrx_word' id='word_1_164' title='bbox 558 2496 711 2537; x_wconf 81' lang='lat' dir='ltr'><strong>suum</strong></span> <span class='ocrx_word' id='word_1_165' title='bbox 742 2481 1135 2541; x_wconf 74' lang='lat' dir='ltr'><strong>crttcilixcrant,</strong></span> <span class='ocrx_word' id='word_1_166' title='bbox 1165 2488 1219 2532; x_wconf 70' lang='grc' dir='ltr'><strong>(ιι</strong></span> <span class='ocrx_word' id='word_1_167' title='bbox 1244 2487 1432 2533; x_wconf 88' lang='lat' dir='ltr'><strong>eontra</strong></span> <span class='ocrx_word' id='word_1_168' title='bbox 1464 2479 1607 2548; x_wconf 79' lang='lat' dir='ltr'><strong>ipSos</strong></span> <span class='ocrx_word' id='word_1_169' title='bbox 1630 2477 1830 2530; x_wconf 63' lang='lat' dir='ltr'><strong>caedem</strong></span> <span class='ocrx_word' id='word_1_170' title='bbox 1856 2474 2150 2543; x_wconf 70' lang='lat' dir='ltr'><strong>spirabant,</strong></span> 
     </span>
    </p>
   </div>
   <div class='ocr_carea' id='block_1_24' title="bbox 559 2567 2153 2643">
    <p class='ocr_par' dir='ltr' id='par_1_24' title="bbox 559 2567 2153 2643">
     <span class='ocr_line' id='line_1_24' title="bbox 559 2567 2153 2643; baseline -0.004 -14"><span class='ocrx_word' id='word_1_171' title='bbox 559 2573 712 2642; x_wconf 89' lang='lat' dir='ltr'><strong>quasi</strong></span> <span class='ocrx_word' id='word_1_172' title='bbox 759 2582 910 2643; x_wconf 88' lang='lat' dir='ltr'><strong>pater</strong></span> <span class='ocrx_word' id='word_1_173' title='bbox 956 2583 1006 2627; x_wconf 91' lang='lat' dir='ltr'><strong>et</strong></span> <span class='ocrx_word' id='word_1_174' title='bbox 1052 2582 1304 2641; x_wconf 74' lang='lat' dir='ltr'><strong>magister</strong></span> <span class='ocrx_word' id='word_1_175' title='bbox 1359 2570 1495 2624; x_wconf 71' lang='lat' dir='ltr'><strong>bene</strong></span> <span class='ocrx_word' id='word_1_176' title='bbox 1535 2567 1758 2624; x_wconf 83' lang='lat' dir='ltr'><strong>affectus</strong></span> <span class='ocrx_word' id='word_1_177' title='bbox 1818 2568 2153 2638; x_wconf 88' lang='lat' dir='ltr'><strong>loquebatur.</strong></span> 
     </span>
    </p>
   </div>
   <div class='ocr_carea' id='block_1_25' title="bbox 561 2662 2156 2738">
    <p class='ocr_par' dir='ltr' id='par_1_25' title="bbox 561 2662 2156 2738">
     <span class='ocr_line' id='line_1_25' title="bbox 561 2662 2156 2738; baseline -0.008 -12"><span class='ocrx_word' id='word_1_178' title='bbox 561 2669 671 2725; x_wconf 79' lang='lat' dir='ltr'><strong>Nec</strong></span> <span class='ocrx_word' id='word_1_179' title='bbox 716 2668 1029 2738; x_wconf 72' lang='lat' dir='ltr'><strong>sittiplicilt‘r</strong></span> <span class='ocrx_word' id='word_1_180' title='bbox 1057 2681 1259 2721; x_wconf 89' lang='lat' dir='ltr'><strong>morem</strong></span> <span class='ocrx_word' id='word_1_181' title='bbox 1285 2675 1585 2732; x_wconf 77' lang='lat' dir='ltr'><strong>gesserunt,</strong></span> <span class='ocrx_word' id='word_1_182' title='bbox 1628 2662 1720 2717; x_wconf 89' lang='lat' dir='ltr'><strong>sed</strong></span> <span class='ocrx_word' id='word_1_183' title='bbox 1749 2662 1907 2717; x_wconf 89' lang='lat' dir='ltr'><strong>etiam</strong></span> <span class='ocrx_word' id='word_1_184' title='bbox 1931 2676 1989 2717; x_wconf 84' lang='lat' dir='ltr'><strong>se</strong></span> <span class='ocrx_word' id='word_1_185' title='bbox 2012 2663 2156 2730; x_wconf 87' lang='lat' dir='ltr'><strong>ipsos</strong></span> 
     </span>
    </p>
   </div>
   <div class='ocr_carea' id='block_1_26' title="bbox 559 2754 2150 2824">
    <p class='ocr_par' dir='ltr' id='par_1_26' title="bbox 559 2754 2150 2824">
     <span class='ocr_line' id='line_1_26' title="bbox 559 2754 2150 2824; baseline -0.008 -7"><span class='ocrx_word' id='word_1_186' title='bbox 559 2763 881 2817; x_wconf 86' lang='lat' dir='ltr'><strong>damnarunt</strong></span> <span class='ocrx_word' id='word_1_187' title='bbox 904 2778 921 2824; x_wconf 68' lang='grc' dir='ltr'>ξ</span> <span class='ocrx_word' id='word_1_188' title='bbox 946 2761 995 2813; x_wconf 88' lang='lat' dir='ltr'><strong>itt</strong></span> <span class='ocrx_word' id='word_1_189' title='bbox 1018 2774 1233 2813; x_wconf 73' lang='lat' dir='ltr'><strong>sensum</strong></span> <span class='ocrx_word' id='word_1_190' title='bbox 1264 2765 1522 2811; x_wconf 84' lang='lat' dir='ltr'><strong>venerunt</strong></span> <span class='ocrx_word' id='word_1_191' title='bbox 1546 2769 1729 2808; x_wconf 87' lang='lat' dir='ltr'><strong>eormn</strong></span> <span class='ocrx_word' id='word_1_192' title='bbox 1752 2771 1871 2824; x_wconf 67' lang='lat' dir='ltr'><strong>qua&#39;</strong></span> <span class='ocrx_word' id='word_1_193' title='bbox 1893 2754 2150 2808; x_wconf 76' lang='lat' dir='ltr'><strong>fecerant.</strong></span> 
     </span>
    </p>
   </div>
   <div class='ocr_carea' id='block_1_27' title="bbox 556 2846 2153 2920">
    <p class='ocr_par' dir='ltr' id='par_1_27' title="bbox 556 2846 2153 2920">
     <span class='ocr_line' id='line_1_27' title="bbox 556 2846 2153 2920; baseline -0.006 -12"><span class='ocrx_word' id='word_1_194' title='bbox 556 2853 673 2908; x_wconf 72' lang='lat' dir='ltr'><strong>Non</strong></span> <span class='ocrx_word' id='word_1_195' title='bbox 721 2853 865 2907; x_wconf 90' lang='lat' dir='ltr'><strong>enim</strong></span> <span class='ocrx_word' id='word_1_196' title='bbox 913 2850 1150 2920; x_wconf 81' lang='lat' dir='ltr'><strong>permisit</strong></span> <span class='ocrx_word' id='word_1_197' title='bbox 1207 2850 1325 2904; x_wconf 82' lang='lat' dir='ltr'><strong>illos</strong></span> <span class='ocrx_word' id='word_1_198' title='bbox 1375 2846 1553 2904; x_wconf 76' lang='lat' dir='ltr'><strong>furore</strong></span> <span class='ocrx_word' id='word_1_199' title='bbox 1600 2846 1822 2915; x_wconf 81' lang='lat' dir='ltr'><strong>Corripi,</strong></span> <span class='ocrx_word' id='word_1_200' title='bbox 1868 2856 1921 2900; x_wconf 89' lang='lat' dir='ltr'><strong>et</strong></span> <span class='ocrx_word' id='word_1_201' title='bbox 1976 2854 2153 2901; x_wconf 85' lang='lat' dir='ltr'><strong>mente</strong></span> 
     </span>
    </p>
   </div>
   <div class='ocr_carea' id='block_1_28' title="bbox 556 2938 2152 3011">
    <p class='ocr_par' dir='ltr' id='par_1_28' title="bbox 556 2938 2152 3011">
     <span class='ocr_line' id='line_1_28' title="bbox 556 2938 2152 3011; baseline -0.006 -11"><span class='ocrx_word' id='word_1_202' title='bbox 556 2944 938 3008; x_wconf 83' lang='lat' dir='ltr'><strong>obtenebrari;</strong></span> <span class='ocrx_word' id='word_1_203' title='bbox 974 2942 1069 3001; x_wconf 77' lang='lat' dir='ltr'><strong>Sed</strong></span> <span class='ocrx_word' id='word_1_204' title='bbox 1116 2957 1211 3011; x_wconf 81' lang='lat' dir='ltr'><strong>per</strong></span> <span class='ocrx_word' id='word_1_205' title='bbox 1239 2939 1613 3003; x_wconf 77' lang='lat' dir='ltr'><strong>DtttttiltL‘tletlt,</strong></span> <span class='ocrx_word' id='word_1_206' title='bbox 1647 2939 1900 3006; x_wconf 88' lang='lat' dir='ltr'><strong>dissipata</strong></span> <span class='ocrx_word' id='word_1_207' title='bbox 1925 2938 2152 3008; x_wconf 77' lang='lat' dir='ltr'><strong>quadam</strong></span> 
     </span>
    </p>
   </div>
   <div class='ocr_carea' id='block_1_29' title="bbox 558 3030 2153 3108">
    <p class='ocr_par' dir='ltr' id='par_1_29' title="bbox 558 3030 2153 3108">
     <span class='ocr_line' id='line_1_29' title="bbox 558 3030 2153 3108; baseline -0.006 -15"><span class='ocrx_word' id='word_1_208' title='bbox 558 3035 937 3108; x_wconf 76' lang='lat' dir='ltr'><strong>indignationis</strong></span> <span class='ocrx_word' id='word_1_209' title='bbox 963 3035 1176 3099; x_wconf 79' lang='lat' dir='ltr'><strong>nebula,</strong></span> <span class='ocrx_word' id='word_1_210' title='bbox 1201 3033 1278 3087; x_wconf 90' lang='lat' dir='ltr'><strong>sic</strong></span> <span class='ocrx_word' id='word_1_211' title='bbox 1306 3032 1510 3086; x_wconf 84' lang='lat' dir='ltr'><strong>facinus</strong></span> <span class='ocrx_word' id='word_1_212' title='bbox 1543 3030 1668 3085; x_wconf 88' lang='lat' dir='ltr'><strong>illud</strong></span> <span class='ocrx_word' id='word_1_213' title='bbox 1698 3031 1824 3099; x_wconf 92' lang='lat' dir='ltr'><strong>ipsis</strong></span> <span class='ocrx_word' id='word_1_214' title='bbox 1856 3044 2153 3098; x_wconf 74' lang='lat' dir='ltr'><strong>reprmsen-</strong></span> 
     </span>
    </p>
   </div>
   <div class='ocr_carea' id='block_1_30' title="bbox 561 3122 2157 3193">
    <p class='ocr_par' dir='ltr' id='par_1_30' title="bbox 561 3122 2157 3193">
     <span class='ocr_line' id='line_1_30' title="bbox 561 3122 2157 3193; baseline -0.006 -8"><span class='ocrx_word' id='word_1_215' title='bbox 561 3132 709 3187; x_wconf 86' lang='lat' dir='ltr'><strong>tavit.</strong></span> <span class='ocrx_word' id='word_1_216' title='bbox 752 3130 858 3183; x_wconf 80' lang='lat' dir='ltr'><strong>Res</strong></span> <span class='ocrx_word' id='word_1_217' title='bbox 892 3130 1035 3183; x_wconf 89' lang='lat' dir='ltr'><strong>enim</strong></span> <span class='ocrx_word' id='word_1_218' title='bbox 1064 3129 1142 3181; x_wconf 73' lang='lat' dir='ltr'><strong>sic</strong></span> <span class='ocrx_word' id='word_1_219' title='bbox 1169 3125 1414 3179; x_wconf 82' lang='lat' dir='ltr'><strong>nsuvenit</strong></span> <span class='ocrx_word' id='word_1_220' title='bbox 1447 3140 1461 3177; x_wconf 73' lang='grc' dir='ltr'>ε</span> <span class='ocrx_word' id='word_1_221' title='bbox 1490 3124 1704 3193; x_wconf 87' lang='lat' dir='ltr'><strong>quando</strong></span> <span class='ocrx_word' id='word_1_222' title='bbox 1734 3122 2049 3192; x_wconf 80' lang='lat' dir='ltr'><strong>quibusdam</strong></span> <span class='ocrx_word' id='word_1_223' title='bbox 2076 3122 2157 3177; x_wconf 76' lang='lat' dir='ltr'><strong>di-</strong></span> 
     </span>
    </p>
   </div>
   <div class='ocr_carea' id='block_1_31' title="bbox 557 3215 2155 3283">
    <p class='ocr_par' dir='ltr' id='par_1_31' title="bbox 557 3215 2155 3283">
     <span class='ocr_line' id='line_1_31' title="bbox 557 3215 2155 3283; baseline -0.005 -6"><span class='ocrx_word' id='word_1_224' title='bbox 557 3223 725 3277; x_wconf 90' lang='lat' dir='ltr'><strong>ciums</strong></span> <span class='ocrx_word' id='word_1_225' title='bbox 753 3235 849 3274; x_wconf 91' lang='lat' dir='ltr'><strong>nos</strong></span> <span class='ocrx_word' id='word_1_226' title='bbox 880 3221 1034 3274; x_wconf 79' lang='lat' dir='ltr'><strong>lzesos</strong></span> <span class='ocrx_word' id='word_1_227' title='bbox 1071 3218 1257 3283; x_wconf 68' lang='lat' dir='ltr'><strong>fuisse,</strong></span> <span class='ocrx_word' id='word_1_228' title='bbox 1297 3217 1370 3270; x_wconf 92' lang='lat' dir='ltr'><strong>illi</strong></span> <span class='ocrx_word' id='word_1_229' title='bbox 1414 3226 1675 3271; x_wconf 90' lang='lat' dir='ltr'><strong>conantur</strong></span> <span class='ocrx_word' id='word_1_230' title='bbox 1701 3215 2072 3269; x_wconf 88' lang='lat' dir='ltr'><strong>dcmoostrare</strong></span> <span class='ocrx_word' id='word_1_231' title='bbox 2095 3228 2155 3269; x_wconf 88' lang='lat' dir='ltr'><strong>se</strong></span> 
     </span>
    </p>
   </div>
   <div class='ocr_carea' id='block_1_32' title="bbox 559 3305 2149 3376">
    <p class='ocr_par' dir='ltr' id='par_1_32' title="bbox 559 3305 2149 3376">
     <span class='ocr_line' id='line_1_32' title="bbox 559 3305 2149 3376; baseline -0.006 -7"><span class='ocrx_word' id='word_1_232' title='bbox 559 3331 665 3370; x_wconf 60' lang='lat' dir='ltr'><strong>non</strong></span> <span class='ocrx_word' id='word_1_233' title='bbox 699 3313 936 3376; x_wconf 64' lang='lat' dir='ltr'><strong>lmsissc;</strong></span> <span class='ocrx_word' id='word_1_234' title='bbox 968 3326 1089 3365; x_wconf 88' lang='lat' dir='ltr'><strong>cum</strong></span> <span class='ocrx_word' id='word_1_235' title='bbox 1116 3326 1243 3364; x_wconf 82' lang='lat' dir='ltr'><strong>vero</strong></span> <span class='ocrx_word' id='word_1_236' title='bbox 1263 3308 1492 3364; x_wconf 88' lang='lat' dir='ltr'><strong>dicimus</strong></span> <span class='ocrx_word' id='word_1_237' title='bbox 1516 3322 1614 3361; x_wconf 90' lang='lat' dir='ltr'><strong>nos</strong></span> <span class='ocrx_word' id='word_1_238' title='bbox 1641 3323 1745 3361; x_wconf 89' lang='lat' dir='ltr'><strong>non</strong></span> <span class='ocrx_word' id='word_1_239' title='bbox 1776 3308 1932 3362; x_wconf 80' lang='lat' dir='ltr'><strong>laesos</strong></span> <span class='ocrx_word' id='word_1_240' title='bbox 1963 3305 2149 3360; x_wconf 78' lang='lat' dir='ltr'><strong>fuisse.</strong></span> 
     </span>
    </p>
   </div>
   <div class='ocr_carea' id='block_1_33' title="bbox 562 3401 2154 3477">
    <p class='ocr_par' dir='ltr' id='par_1_33' title="bbox 562 3401 2154 3477">
     <span class='ocr_line' id='line_1_33' title="bbox 562 3401 2154 3477; baseline -0.004 -15"><span class='ocrx_word' id='word_1_241' title='bbox 562 3405 658 3462; x_wconf 62' lang='lat' dir='ltr'><strong>sed</strong></span> <span class='ocrx_word' id='word_1_242' title='bbox 683 3405 855 3477; x_wconf 81' lang='lat' dir='ltr'><strong>potius</strong></span> <span class='ocrx_word' id='word_1_243' title='bbox 877 3404 1099 3467; x_wconf 75' lang='lat' dir='ltr'><strong>besissc,</strong></span> <span class='ocrx_word' id='word_1_244' title='bbox 1134 3402 1208 3456; x_wconf 90' lang='lat' dir='ltr'><strong>illi</strong></span> <span class='ocrx_word' id='word_1_245' title='bbox 1239 3411 1422 3456; x_wconf 84' lang='lat' dir='ltr'><strong>contra</strong></span> <span class='ocrx_word' id='word_1_246' title='bbox 1459 3402 1717 3457; x_wconf 88' lang='lat' dir='ltr'><strong>nituntur.</strong></span> <span class='ocrx_word' id='word_1_247' title='bbox 1744 3401 1924 3470; x_wconf 88' lang='lat' dir='ltr'><strong>Itaque</strong></span> <span class='ocrx_word' id='word_1_248' title='bbox 1950 3402 1993 3455; x_wconf 92' lang='lat' dir='ltr'><strong>si</strong></span> <span class='ocrx_word' id='word_1_249' title='bbox 2023 3401 2154 3455; x_wconf 86' lang='lat' dir='ltr'><strong>velis</strong></span> 
     </span>
    </p>
   </div>
   <div class='ocr_carea' id='block_1_34' title="bbox 560 3492 2152 3566">
    <p class='ocr_par' dir='ltr' id='par_1_34' title="bbox 560 3492 2152 3566">
     <span class='ocr_line' id='line_1_34' title="bbox 560 3492 2152 3566; baseline -0.004 -14"><span class='ocrx_word' id='word_1_250' title='bbox 560 3511 702 3560; x_wconf 87' lang='lat' dir='ltr'><strong>eum,</strong></span> <span class='ocrx_word' id='word_1_251' title='bbox 740 3495 831 3566; x_wconf 89' lang='lat' dir='ltr'><strong>qui</strong></span> <span class='ocrx_word' id='word_1_252' title='bbox 860 3495 1053 3564; x_wconf 81' lang='lat' dir='ltr'><strong>injuste</strong></span> <span class='ocrx_word' id='word_1_253' title='bbox 1082 3494 1212 3563; x_wconf 77' lang='lat' dir='ltr'><strong>egit,</strong></span> <span class='ocrx_word' id='word_1_254' title='bbox 1246 3495 1296 3548; x_wconf 92' lang='lat' dir='ltr'><strong>iu</strong></span> <span class='ocrx_word' id='word_1_255' title='bbox 1329 3508 1555 3563; x_wconf 79' lang='lat' dir='ltr'><strong>agonem</strong></span> <span class='ocrx_word' id='word_1_256' title='bbox 1577 3492 1866 3562; x_wconf 80' lang='lat' dir='ltr'><strong>conjicere,</strong></span> <span class='ocrx_word' id='word_1_257' title='bbox 1898 3509 1963 3546; x_wconf 92' lang='lat' dir='ltr'><strong>ne</strong></span> <span class='ocrx_word' id='word_1_258' title='bbox 1990 3507 2152 3546; x_wconf 87' lang='lat' dir='ltr'><strong>accu-</strong></span> 
     </span>
    </p>
   </div>
   <div class='ocr_carea' id='block_1_35' title="bbox 560 3584 2150 3655">
    <p class='ocr_par' dir='ltr' id='par_1_35' title="bbox 560 3584 2150 3655">
     <span class='ocr_line' id='line_1_35' title="bbox 560 3584 2150 3655; baseline -0.003 -13"><span class='ocrx_word' id='word_1_259' title='bbox 560 3603 647 3642; x_wconf 78' lang='lat' dir='ltr'><strong>ses</strong></span> <span class='ocrx_word' id='word_1_260' title='bbox 673 3586 856 3651; x_wconf 76' lang='lat' dir='ltr'><strong>illum;</strong></span> <span class='ocrx_word' id='word_1_261' title='bbox 883 3586 976 3640; x_wconf 88' lang='lat' dir='ltr'><strong>sed</strong></span> <span class='ocrx_word' id='word_1_262' title='bbox 1004 3600 1101 3655; x_wconf 90' lang='lat' dir='ltr'><strong>pro</strong></span> <span class='ocrx_word' id='word_1_263' title='bbox 1129 3586 1218 3639; x_wconf 89' lang='lat' dir='ltr'><strong>illo</strong></span> <span class='ocrx_word' id='word_1_264' title='bbox 1244 3584 1489 3648; x_wconf 81' lang='lat' dir='ltr'><strong>decet-ta,</strong></span> <span class='ocrx_word' id='word_1_265' title='bbox 1523 3596 1571 3638; x_wconf 90' lang='lat' dir='ltr'><strong>et</strong></span> <span class='ocrx_word' id='word_1_266' title='bbox 1605 3584 1691 3638; x_wconf 85' lang='lat' dir='ltr'><strong>ille</strong></span> <span class='ocrx_word' id='word_1_267' title='bbox 1713 3598 1834 3637; x_wconf 88' lang='lat' dir='ltr'><strong>sese</strong></span> <span class='ocrx_word' id='word_1_268' title='bbox 1860 3584 2150 3638; x_wconf 89' lang='lat' dir='ltr'><strong>accusabit.</strong></span> 
     </span>
    </p>
   </div>
   <div class='ocr_carea' id='block_1_36' title="bbox 560 3676 2155 3747">
    <p class='ocr_par' dir='ltr' id='par_1_36' title="bbox 560 3676 2155 3747">
     <span class='ocr_line' id='line_1_36' title="bbox 560 3676 2155 3747; baseline -0.006 -10"><span class='ocrx_word' id='word_1_269' title='bbox 560 3682 963 3737; x_wconf 78' lang='lat' dir='ltr'><strong>Contentiosutn</strong></span> <span class='ocrx_word' id='word_1_270' title='bbox 992 3680 1134 3735; x_wconf 88' lang='lat' dir='ltr'><strong>enim</strong></span> <span class='ocrx_word' id='word_1_271' title='bbox 1166 3688 1247 3735; x_wconf 84' lang='lat' dir='ltr'><strong>est</strong></span> <span class='ocrx_word' id='word_1_272' title='bbox 1271 3694 1439 3747; x_wconf 81' lang='lat' dir='ltr'><strong>genus</strong></span> <span class='ocrx_word' id='word_1_273' title='bbox 1468 3678 1763 3731; x_wconf 91' lang='lat' dir='ltr'><strong>hominum.</strong></span> <span class='ocrx_word' id='word_1_274' title='bbox 1817 3676 1928 3730; x_wconf 91' lang='lat' dir='ltr'><strong>lloe</strong></span> <span class='ocrx_word' id='word_1_275' title='bbox 1965 3677 2155 3736; x_wconf 59' lang='lat' dir='ltr'><strong>Petrus</strong></span> 
     </span>
    </p>
   </div>
   <div class='ocr_carea' id='block_1_37' title="bbox 563 3765 2157 3839">
    <p class='ocr_par' dir='ltr' id='par_1_37' title="bbox 563 3765 2157 3839">
     <span class='ocr_line' id='line_1_37' title="bbox 563 3765 2157 3839; baseline -0.005 -11"><span class='ocrx_word' id='word_1_276' title='bbox 563 3772 689 3839; x_wconf 79' lang='lat' dir='ltr'><strong>fecit</strong></span> <span class='ocrx_word' id='word_1_277' title='bbox 714 3788 728 3825; x_wconf 89' lang='lat'><strong>:</strong></span> <span class='ocrx_word' id='word_1_278' title='bbox 761 3788 868 3825; x_wconf 89' lang='lat' dir='ltr'><strong>non</strong></span> <span class='ocrx_word' id='word_1_279' title='bbox 894 3770 1013 3825; x_wconf 90' lang='lat' dir='ltr'><strong>illos</strong></span> <span class='ocrx_word' id='word_1_280' title='bbox 1036 3770 1379 3824; x_wconf 90' lang='lat' dir='ltr'><strong>vehementer</strong></span> <span class='ocrx_word' id='word_1_281' title='bbox 1397 3768 1686 3831; x_wconf 84' lang='lat' dir='ltr'><strong>accusavit,</strong></span> <span class='ocrx_word' id='word_1_282' title='bbox 1709 3765 1804 3821; x_wconf 88' lang='lat' dir='ltr'><strong>sed</strong></span> <span class='ocrx_word' id='word_1_283' title='bbox 1828 3776 2053 3820; x_wconf 85' lang='lat' dir='ltr'><strong>conatus</strong></span> <span class='ocrx_word' id='word_1_284' title='bbox 2075 3774 2157 3820; x_wconf 82' lang='lat' dir='ltr'><strong>est</strong></span> 
     </span>
    </p>
   </div>
   <div class='ocr_carea' id='block_1_38' title="bbox 563 3857 2155 3935">
    <p class='ocr_par' dir='ltr' id='par_1_38' title="bbox 563 3857 2155 3935">
     <span class='ocr_line' id='line_1_38' title="bbox 563 3857 2155 3935; baseline -0.005 -19"><span class='ocrx_word' id='word_1_285' title='bbox 563 3872 821 3935; x_wconf 86' lang='lat' dir='ltr'><strong>quantum</strong></span> <span class='ocrx_word' id='word_1_286' title='bbox 873 3870 1083 3934; x_wconf 79' lang='lat' dir='ltr'><strong>poterat</strong></span> <span class='ocrx_word' id='word_1_287' title='bbox 1103 3861 1223 3915; x_wconf 85' lang='lat' dir='ltr'><strong>illos</strong></span> <span class='ocrx_word' id='word_1_288' title='bbox 1250 3870 1529 3923; x_wconf 77' lang='lat' dir='ltr'><strong>mansuete</strong></span> <span class='ocrx_word' id='word_1_289' title='bbox 1568 3858 1887 3923; x_wconf 82' lang='lat' dir='ltr'><strong>defendere;</strong></span> <span class='ocrx_word' id='word_1_290' title='bbox 1930 3857 2155 3928; x_wconf 74' lang='lat' dir='ltr'><strong>ideoque</strong></span> 
     </span>
    </p>
   </div>
   <div class='ocr_carea' id='block_1_39' title="bbox 565 3948 2154 4019">
    <p class='ocr_par' dir='ltr' id='par_1_39' title="bbox 565 3948 2154 4019">
     <span class='ocr_line' id='line_1_39' title="bbox 565 3948 2154 4019; baseline -0.005 -8"><span class='ocrx_word' id='word_1_291' title='bbox 565 3956 624 4011; x_wconf 84' lang='lat' dir='ltr'><strong>ili</strong></span> <span class='ocrx_word' id='word_1_292' title='bbox 649 3971 778 4009; x_wconf 61' lang='lat' dir='ltr'><strong>arum</strong></span> <span class='ocrx_word' id='word_1_293' title='bbox 810 3955 1018 4008; x_wconf 85' lang='lat' dir='ltr'><strong>animos</strong></span> <span class='ocrx_word' id='word_1_294' title='bbox 1050 3949 1383 4019; x_wconf 81' lang='lat' dir='ltr'><strong>perstrinxit.</strong></span> <span class='ocrx_word' id='word_1_295' title='bbox 1438 3949 1504 4004; x_wconf 85' lang='lat' dir='ltr'><strong>Et</strong></span> <span class='ocrx_word' id='word_1_296' title='bbox 1550 3948 1813 4003; x_wconf 84' lang='lat' dir='ltr'><strong>undenam</strong></span> <span class='ocrx_word' id='word_1_297' title='bbox 1845 3948 2009 4017; x_wconf 84' lang='lat' dir='ltr'><strong>liquet</strong></span> <span class='ocrx_word' id='word_1_298' title='bbox 2036 3949 2154 4003; x_wconf 82' lang='lat' dir='ltr'><strong>illos</strong></span> 
     </span>
    </p>
   </div>
   <div class='ocr_carea' id='block_1_40' title="bbox 564 4040 2153 4120">
    <p class='ocr_par' dir='ltr' id='par_1_40' title="bbox 564 4040 2153 4120">
     <span class='ocr_line' id='line_1_40' title="bbox 564 4040 2153 4120; baseline -0.004 -17"><span class='ocrx_word' id='word_1_299' title='bbox 564 4057 911 4120; x_wconf 82' lang='lat' dir='ltr'><strong>ctnnpttnctos</strong></span> <span class='ocrx_word' id='word_1_300' title='bbox 956 4044 1159 4101; x_wconf 81' lang='lat' dir='ltr'><strong>fuisse?</strong></span> <span class='ocrx_word' id='word_1_301' title='bbox 1209 4043 1285 4099; x_wconf 81' lang='lat' dir='ltr'><strong>Es</strong></span> <span class='ocrx_word' id='word_1_302' title='bbox 1330 4044 1564 4114; x_wconf 89' lang='lat' dir='ltr'><strong>ipsorum</strong></span> <span class='ocrx_word' id='word_1_303' title='bbox 1608 4042 1802 4096; x_wconf 81' lang='lat' dir='ltr'><strong>verbis.</strong></span> <span class='ocrx_word' id='word_1_304' title='bbox 1846 4040 1981 4108; x_wconf 87' lang='lat' dir='ltr'><strong>Quid</strong></span> <span class='ocrx_word' id='word_1_305' title='bbox 2012 4042 2153 4096; x_wconf 86' lang='lat' dir='ltr'><strong>enim</strong></span> 
     </span>
    </p>
   </div>
   <div class='ocr_carea' id='block_1_41' title="bbox 563 4134 2156 4207">
    <p class='ocr_par' dir='ltr' id='par_1_41' title="bbox 563 4134 2156 4207">
     <span class='ocr_line' id='line_1_41' title="bbox 563 4134 2156 4207; baseline -0.006 -11"><span class='ocrx_word' id='word_1_306' title='bbox 563 4142 784 4197; x_wconf 76' lang='lat' dir='ltr'><strong>dicunt?</strong></span> <span class='ocrx_word' id='word_1_307' title='bbox 827 4140 962 4205; x_wconf 77' lang='lat' dir='ltr'><strong>Quid</strong></span> <span class='ocrx_word' id='word_1_308' title='bbox 988 4139 1251 4207; x_wconf 74' lang='lat' dir='ltr'><strong>faciemus,</strong></span> <span class='ocrx_word' id='word_1_309' title='bbox 1284 4137 1378 4190; x_wconf 84' lang='lat' dir='ltr'><strong>viri</strong></span> <span class='ocrx_word' id='word_1_310' title='bbox 1404 4137 1629 4201; x_wconf 80' lang='lat' dir='ltr'><strong>fratres?</strong></span> <span class='ocrx_word' id='word_1_311' title='bbox 1668 4135 1812 4202; x_wconf 85' lang='lat' dir='ltr'><strong>Quos</strong></span> <span class='ocrx_word' id='word_1_312' title='bbox 1842 4134 2156 4203; x_wconf 72' lang='lat' dir='ltr'><strong>deceptores</strong></span> 
     </span>
    </p>
   </div>
   <div class='ocr_carea' id='block_1_42' title="bbox 566 4226 2157 4299">
    <p class='ocr_par' dir='ltr' id='par_1_42' title="bbox 566 4226 2157 4299">
     <span class='ocr_line' id='line_1_42' title="bbox 566 4226 2157 4299; baseline -0.008 -8"><span class='ocrx_word' id='word_1_313' title='bbox 566 4236 845 4297; x_wconf 77' lang='lat' dir='ltr'><strong>Vocabant,</strong></span> <span class='ocrx_word' id='word_1_314' title='bbox 880 4233 1069 4286; x_wconf 89' lang='lat' dir='ltr'><strong>fratres</strong></span> <span class='ocrx_word' id='word_1_315' title='bbox 1118 4246 1259 4285; x_wconf 91' lang='lat' dir='ltr'><strong>nunc</strong></span> <span class='ocrx_word' id='word_1_316' title='bbox 1298 4228 1602 4299; x_wconf 85' lang='lat' dir='ltr'><strong>appellant;</strong></span> <span class='ocrx_word' id='word_1_317' title='bbox 1633 4244 1736 4282; x_wconf 91' lang='lat' dir='ltr'><strong>non</strong></span> <span class='ocrx_word' id='word_1_318' title='bbox 1770 4226 1909 4297; x_wconf 90' lang='lat' dir='ltr'><strong>quod</strong></span> <span class='ocrx_word' id='word_1_319' title='bbox 1942 4241 2001 4280; x_wconf 87' lang='lat' dir='ltr'><strong>se</strong></span> <span class='ocrx_word' id='word_1_320' title='bbox 2030 4226 2157 4293; x_wconf 88' lang='lat' dir='ltr'><strong>ipsis</strong></span> 
     </span>
    </p>
   </div>
   <div class='ocr_carea' id='block_1_43' title="bbox 566 4318 2154 4399">
    <p class='ocr_par' dir='ltr' id='par_1_43' title="bbox 566 4318 2154 4399">
     <span class='ocr_line' id='line_1_43' title="bbox 566 4318 2154 4399; baseline -0.008 -14"><span class='ocrx_word' id='word_1_321' title='bbox 566 4318 929 4399; x_wconf 57' lang='lat' dir='ltr'><strong>exzttqttarent:</strong></span> <span class='ocrx_word' id='word_1_322' title='bbox 958 4326 1053 4383; x_wconf 84' lang='lat' dir='ltr'><strong>sed</strong></span> <span class='ocrx_word' id='word_1_323' title='bbox 1082 4324 1224 4397; x_wconf 88' lang='lat' dir='ltr'><strong>quod</strong></span> <span class='ocrx_word' id='word_1_324' title='bbox 1254 4324 1372 4379; x_wconf 88' lang='lat' dir='ltr'><strong>illos</strong></span> <span class='ocrx_word' id='word_1_325' title='bbox 1415 4323 1483 4377; x_wconf 90' lang='lat' dir='ltr'><strong>ad</strong></span> <span class='ocrx_word' id='word_1_326' title='bbox 1509 4322 1590 4375; x_wconf 90' lang='lat' dir='ltr'><strong>sui</strong></span> <span class='ocrx_word' id='word_1_327' title='bbox 1620 4336 1859 4376; x_wconf 87' lang='lat' dir='ltr'><strong>amorem</strong></span> <span class='ocrx_word' id='word_1_328' title='bbox 1890 4330 1939 4373; x_wconf 90' lang='lat' dir='ltr'><strong>et</strong></span> <span class='ocrx_word' id='word_1_329' title='bbox 1970 4335 2154 4373; x_wconf 85' lang='lat' dir='ltr'><strong>curam</strong></span> 
     </span>
    </p>
   </div>
   <div class='ocr_carea' id='block_1_44' title="bbox 572 4412 2149 4494">
    <p class='ocr_par' dir='ltr' id='par_1_44' title="bbox 572 4412 2149 4494">
     <span class='ocr_line' id='line_1_44' title="bbox 572 4412 2149 4494; baseline -0.006 -21"><span class='ocrx_word' id='word_1_330' title='bbox 572 4422 965 4494; x_wconf 69' lang='lat' dir='ltr'><strong>pertraherent.</strong></span> <span class='ocrx_word' id='word_1_331' title='bbox 1019 4420 1087 4474; x_wconf 79' lang='lat' dir='ltr'><strong>At</strong></span> <span class='ocrx_word' id='word_1_332' title='bbox 1116 4417 1370 4487; x_wconf 86' lang='lat' dir='ltr'><strong>alioquin,</strong></span> <span class='ocrx_word' id='word_1_333' title='bbox 1404 4423 1681 4484; x_wconf 85' lang='lat' dir='ltr'><strong>postquam</strong></span> <span class='ocrx_word' id='word_1_334' title='bbox 1717 4414 1835 4468; x_wconf 84' lang='lat' dir='ltr'><strong>illos</strong></span> <span class='ocrx_word' id='word_1_335' title='bbox 1865 4413 1942 4467; x_wconf 89' lang='lat' dir='ltr'><strong>sic</strong></span> <span class='ocrx_word' id='word_1_336' title='bbox 1968 4412 2149 4479; x_wconf 79' lang='lat' dir='ltr'><strong>appel-</strong></span> 
     </span>
    </p>
   </div>
   <div class='ocr_carea' id='block_1_45' title="bbox 569 4501 2153 4581">
    <p class='ocr_par' dir='ltr' id='par_1_45' title="bbox 569 4501 2153 4581">
     <span class='ocr_line' id='line_1_45' title="bbox 569 4501 2153 4581; baseline -0.008 -14"><span class='ocrx_word' id='word_1_337' title='bbox 569 4514 679 4567; x_wconf 82' lang='lat' dir='ltr'><strong>lare</strong></span> <span class='ocrx_word' id='word_1_338' title='bbox 710 4511 907 4581; x_wconf 79' lang='lat' dir='ltr'><strong>dignati</strong></span> <span class='ocrx_word' id='word_1_339' title='bbox 940 4509 1168 4573; x_wconf 80' lang='lat' dir='ltr'><strong>fuerant,</strong></span> <span class='ocrx_word' id='word_1_340' title='bbox 1203 4514 1258 4561; x_wconf 85' lang='lat' dir='ltr'><strong>et</strong></span> <span class='ocrx_word' id='word_1_341' title='bbox 1280 4508 1547 4569; x_wconf 81' lang='lat' dir='ltr'><strong>dixerant,</strong></span> <span class='ocrx_word' id='word_1_342' title='bbox 1577 4503 1714 4569; x_wconf 85' lang='lat' dir='ltr'><strong>Quid</strong></span> <span class='ocrx_word' id='word_1_343' title='bbox 1740 4501 2019 4573; x_wconf 74' lang='lat' dir='ltr'><strong>fericulus?</strong></span> <span class='ocrx_word' id='word_1_344' title='bbox 2048 4517 2153 4555; x_wconf 85' lang='lat' dir='ltr'><strong>non</strong></span> 
     </span>
    </p>
   </div>
   <div class='ocr_carea' id='block_1_46' title="bbox 567 4594 2157 4670">
    <p class='ocr_par' dir='ltr' id='par_1_46' title="bbox 567 4594 2157 4670">
     <span class='ocr_line' id='line_1_46' title="bbox 567 4594 2157 4670; baseline -0.009 -9"><span class='ocrx_word' id='word_1_345' title='bbox 567 4606 746 4661; x_wconf 81' lang='lat' dir='ltr'><strong>statim</strong></span> <span class='ocrx_word' id='word_1_346' title='bbox 783 4604 1033 4658; x_wconf 78' lang='lat' dir='ltr'><strong>dixerunt</strong></span> <span class='ocrx_word' id='word_1_347' title='bbox 1061 4618 1075 4660; x_wconf 84' lang='lat'><strong>:</strong></span> <span class='ocrx_word' id='word_1_348' title='bbox 1108 4601 1247 4669; x_wconf 74' lang='lat' dir='ltr'><strong>Ergo</strong></span> <span class='ocrx_word' id='word_1_349' title='bbox 1279 4599 1645 4670; x_wconf 66' lang='lat' dir='ltr'><strong>paenitentiam</strong></span> <span class='ocrx_word' id='word_1_350' title='bbox 1695 4611 1952 4667; x_wconf 80' lang='lat' dir='ltr'><strong>agamus;</strong></span> <span class='ocrx_word' id='word_1_351' title='bbox 1982 4594 2073 4648; x_wconf 83' lang='lat' dir='ltr'><strong>scd</strong></span> <span class='ocrx_word' id='word_1_352' title='bbox 2100 4608 2157 4648; x_wconf 92' lang='lat' dir='ltr'><strong>se</strong></span> 
     </span>
    </p>
   </div>
   <div class='ocr_carea' id='block_1_47' title="bbox 571 4686 2157 4766">
    <p class='ocr_par' dir='ltr' id='par_1_47' title="bbox 571 4686 2157 4766">
     <span class='ocr_line' id='line_1_47' title="bbox 571 4686 2157 4766; baseline -0.008 -15"><span class='ocrx_word' id='word_1_353' title='bbox 571 4698 675 4751; x_wconf 82' lang='lat' dir='ltr'><strong>illis</strong></span> <span class='ocrx_word' id='word_1_354' title='bbox 721 4696 1097 4766; x_wconf 71' lang='lat' dir='ltr'><strong>permiserunt.</strong></span> <span class='ocrx_word' id='word_1_355' title='bbox 1149 4689 1611 4759; x_wconf 82' lang='lat' dir='ltr'><strong>Quemadmodtnn</strong></span> <span class='ocrx_word' id='word_1_356' title='bbox 1652 4689 1771 4759; x_wconf 86' lang='lat' dir='ltr'><strong>quis</strong></span> <span class='ocrx_word' id='word_1_357' title='bbox 1803 4689 1855 4741; x_wconf 89' lang='lat' dir='ltr'><strong>itt</strong></span> <span class='ocrx_word' id='word_1_358' title='bbox 1884 4686 2157 4755; x_wconf 77' lang='lat' dir='ltr'><strong>naufragio</strong></span> 
     </span>
    </p>
   </div>
   <div class='ocr_carea' id='block_1_48' title="bbox 576 4778 2155 4853">
    <p class='ocr_par' dir='ltr' id='par_1_48' title="bbox 576 4778 2155 4853">
     <span class='ocr_line' id='line_1_48' title="bbox 576 4778 2155 4853; baseline -0.006 -14"><span class='ocrx_word' id='word_1_359' title='bbox 576 4787 659 4843; x_wconf 71' lang='lat' dir='ltr'><strong>vel</strong></span> <span class='ocrx_word' id='word_1_360' title='bbox 687 4787 737 4840; x_wconf 91' lang='lat' dir='ltr'><strong>in</strong></span> <span class='ocrx_word' id='word_1_361' title='bbox 761 4784 946 4843; x_wconf 87' lang='lat' dir='ltr'><strong>morbo</strong></span> <span class='ocrx_word' id='word_1_362' title='bbox 969 4785 1376 4853; x_wconf 76' lang='lat' dir='ltr'><strong>gubernatorem</strong></span> <span class='ocrx_word' id='word_1_363' title='bbox 1402 4780 1482 4834; x_wconf 90' lang='lat' dir='ltr'><strong>vel</strong></span> <span class='ocrx_word' id='word_1_364' title='bbox 1507 4779 1771 4833; x_wconf 89' lang='lat' dir='ltr'><strong>medicum</strong></span> <span class='ocrx_word' id='word_1_365' title='bbox 1796 4778 2155 4847; x_wconf 71' lang='lat' dir='ltr'><strong>conspiciens,</strong></span> 
     </span>
    </p>
   </div>
   <div class='ocr_carea' id='block_1_49' title="bbox 571 4870 2157 4942">
    <p class='ocr_par' dir='ltr' id='par_1_49' title="bbox 571 4870 2157 4942">
     <span class='ocr_line' id='line_1_49' title="bbox 571 4870 2157 4942; baseline -0.005 -12"><span class='ocrx_word' id='word_1_366' title='bbox 571 4876 749 4933; x_wconf 85' lang='lat' dir='ltr'><strong>omnia</strong></span> <span class='ocrx_word' id='word_1_367' title='bbox 781 4874 856 4930; x_wconf 91' lang='lat' dir='ltr'><strong>illi</strong></span> <span class='ocrx_word' id='word_1_368' title='bbox 880 4872 1126 4929; x_wconf 88' lang='lat' dir='ltr'><strong>concedit</strong></span> <span class='ocrx_word' id='word_1_369' title='bbox 1162 4873 1367 4942; x_wconf 87' lang='lat' dir='ltr'><strong>ipsique</strong></span> <span class='ocrx_word' id='word_1_370' title='bbox 1393 4872 1747 4941; x_wconf 85' lang='lat' dir='ltr'><strong>obtemperat,</strong></span> <span class='ocrx_word' id='word_1_371' title='bbox 1778 4871 1844 4925; x_wconf 85' lang='lat' dir='ltr'><strong>ita</strong></span> <span class='ocrx_word' id='word_1_372' title='bbox 1869 4878 1923 4924; x_wconf 92' lang='lat' dir='ltr'><strong>et</strong></span> <span class='ocrx_word' id='word_1_373' title='bbox 1949 4870 2000 4922; x_wconf 91' lang='lat' dir='ltr'><strong>bi</strong></span> <span class='ocrx_word' id='word_1_374' title='bbox 2029 4883 2157 4923; x_wconf 87' lang='lat' dir='ltr'><strong>con-</strong></span> 
     </span>
    </p>
   </div>
   <div class='ocr_carea' id='block_1_50' title="bbox 572 4963 2155 5033">
    <p class='ocr_par' dir='ltr' id='par_1_50' title="bbox 572 4963 2155 5033">
     <span class='ocr_line' id='line_1_50' title="bbox 572 4963 2155 5033; baseline -0.005 -10"><span class='ocrx_word' id='word_1_375' title='bbox 572 4968 699 5024; x_wconf 74' lang='lat' dir='ltr'><strong>fessi</strong></span> <span class='ocrx_word' id='word_1_376' title='bbox 723 4977 847 5023; x_wconf 86' lang='lat' dir='ltr'><strong>sunt</strong></span> <span class='ocrx_word' id='word_1_377' title='bbox 869 4983 926 5022; x_wconf 89' lang='lat' dir='ltr'><strong>se</strong></span> <span class='ocrx_word' id='word_1_378' title='bbox 948 4966 1000 5021; x_wconf 93' lang='lat' dir='ltr'><strong>in</strong></span> <span class='ocrx_word' id='word_1_379' title='bbox 1028 4966 1283 5021; x_wconf 78' lang='lat' dir='ltr'><strong>extremis</strong></span> <span class='ocrx_word' id='word_1_380' title='bbox 1313 4965 1513 5033; x_wconf 85' lang='lat' dir='ltr'><strong>positos</strong></span> <span class='ocrx_word' id='word_1_381' title='bbox 1562 4964 1761 5017; x_wconf 86' lang='lat' dir='ltr'><strong>nullam</strong></span> <span class='ocrx_word' id='word_1_382' title='bbox 1794 4963 1979 5015; x_wconf 85' lang='lat' dir='ltr'><strong>salutis</strong></span> <span class='ocrx_word' id='word_1_383' title='bbox 2006 4977 2155 5031; x_wconf 86' lang='lat' dir='ltr'><strong>spem</strong></span> 
     </span>
    </p>
   </div>
   <div class='ocr_carea' id='block_1_51' title="bbox 575 5054 2156 5129">
    <p class='ocr_par' dir='ltr' id='par_1_51' title="bbox 575 5054 2156 5129">
     <span class='ocr_line' id='line_1_51' title="bbox 575 5054 2156 5129; baseline -0.004 -15"><span class='ocrx_word' id='word_1_384' title='bbox 575 5062 791 5116; x_wconf 84' lang='lat' dir='ltr'><strong>habere.</strong></span> <span class='ocrx_word' id='word_1_385' title='bbox 842 5059 908 5113; x_wconf 82' lang='lat' dir='ltr'><strong>Et</strong></span> <span class='ocrx_word' id='word_1_386' title='bbox 937 5058 1244 5129; x_wconf 87' lang='lat' dir='ltr'><strong>perpende:</strong></span> <span class='ocrx_word' id='word_1_387' title='bbox 1276 5072 1381 5111; x_wconf 92' lang='lat' dir='ltr'><strong>non</strong></span> <span class='ocrx_word' id='word_1_388' title='bbox 1410 5056 1677 5121; x_wconf 72' lang='lat' dir='ltr'><strong>dixerunt,</strong></span> <span class='ocrx_word' id='word_1_389' title='bbox 1712 5054 1992 5123; x_wconf 84' lang='lat' dir='ltr'><strong>Quomodo</strong></span> <span class='ocrx_word' id='word_1_390' title='bbox 2027 5055 2156 5109; x_wconf 83' lang='lat' dir='ltr'><strong>salvi</strong></span> 
     </span>
    </p>
   </div>
   <div class='ocr_carea' id='block_1_52' title="bbox 572 5146 2159 5219">
    <p class='ocr_par' dir='ltr' id='par_1_52' title="bbox 572 5146 2159 5219">
     <span class='ocr_line' id='line_1_52' title="bbox 572 5146 2159 5219; baseline -0.006 -10"><span class='ocrx_word' id='word_1_391' title='bbox 572 5168 807 5217; x_wconf 72' lang='lat' dir='ltr'><strong>ennius;</strong></span> <span class='ocrx_word' id='word_1_392' title='bbox 851 5164 980 5214; x_wconf 86' lang='lat' dir='ltr'><strong>seu,</strong></span> <span class='ocrx_word' id='word_1_393' title='bbox 1018 5150 1155 5217; x_wconf 70' lang='lat' dir='ltr'><strong>Quid</strong></span> <span class='ocrx_word' id='word_1_394' title='bbox 1205 5148 1486 5219; x_wconf 79' lang='lat' dir='ltr'><strong>faciemus?</strong></span> <span class='ocrx_word' id='word_1_395' title='bbox 1534 5147 1669 5214; x_wconf 86' lang='lat' dir='ltr'><strong>Quid</strong></span> <span class='ocrx_word' id='word_1_396' title='bbox 1726 5148 1884 5217; x_wconf 81' lang='lat' dir='ltr'><strong>igitur</strong></span> <span class='ocrx_word' id='word_1_397' title='bbox 1934 5146 2159 5199; x_wconf 77' lang='lat' dir='ltr'><strong>Petrus?</strong></span> 
     </span>
    </p>
   </div>
   <div class='ocr_carea' id='block_1_53' title="bbox 574 5242 2162 5312">
    <p class='ocr_par' dir='ltr' id='par_1_53' title="bbox 574 5242 2162 5312">
     <span class='ocr_line' id='line_1_53' title="bbox 574 5242 2162 5312; baseline -0.004 -11"><span class='ocrx_word' id='word_1_398' title='bbox 574 5246 776 5307; x_wconf 70' lang='lat' dir='ltr'><strong>Rursus</strong></span> <span class='ocrx_word' id='word_1_399' title='bbox 797 5243 883 5299; x_wconf 84' lang='lat' dir='ltr'><strong>hic.</strong></span> <span class='ocrx_word' id='word_1_400' title='bbox 909 5259 1029 5298; x_wconf 90' lang='lat' dir='ltr'><strong>eum</strong></span> <span class='ocrx_word' id='word_1_401' title='bbox 1061 5255 1249 5297; x_wconf 75' lang='lat' dir='ltr'><strong>omnes</strong></span> <span class='ocrx_word' id='word_1_402' title='bbox 1277 5242 1731 5312; x_wconf 86' lang='lat' dir='ltr'><strong>interrogarentur</strong></span> <span class='ocrx_word' id='word_1_403' title='bbox 1757 5284 1768 5301; x_wconf 87' lang='lat'><strong>.</strong></span> <span class='ocrx_word' id='word_1_404' title='bbox 1800 5242 1912 5311; x_wconf 90' lang='lat' dir='ltr'><strong>ipse</strong></span> <span class='ocrx_word' id='word_1_405' title='bbox 1942 5255 2162 5310; x_wconf 77' lang='lat' dir='ltr'><strong>rcSpon-</strong></span> 
     </span>
    </p>
   </div>
   <div class='ocr_carea' id='block_1_54' title="bbox 581 5332 2161 5403">
    <p class='ocr_par' dir='ltr' id='par_1_54' title="bbox 581 5332 2161 5403">
     <span class='ocr_line' id='line_1_54' title="bbox 581 5332 2161 5403; baseline -0.001 -14"><span class='ocrx_word' id='word_1_406' title='bbox 581 5336 690 5398; x_wconf 72' lang='lat' dir='ltr'><strong>det,</strong></span> <span class='ocrx_word' id='word_1_407' title='bbox 716 5335 803 5388; x_wconf 74' lang='lat'><strong>38.</strong></span> <span class='ocrx_word' id='word_1_408' title='bbox 840 5334 1191 5388; x_wconf 73' lang='lat' dir='ltr'><strong>Paenitentiam</strong></span> <span class='ocrx_word' id='word_1_409' title='bbox 1212 5333 1363 5403; x_wconf 82' lang='lat' dir='ltr'><strong>agile,</strong></span> <span class='ocrx_word' id='word_1_410' title='bbox 1394 5332 1577 5386; x_wconf 85' lang='lat' dir='ltr'><strong>dicens</strong></span> <span class='ocrx_word' id='word_1_411' title='bbox 1598 5374 1611 5399; x_wconf 91' lang='lat'><strong>,</strong></span> <span class='ocrx_word' id='word_1_412' title='bbox 1637 5343 1681 5385; x_wconf 84' lang='lat' dir='ltr'><strong>et</strong></span> <span class='ocrx_word' id='word_1_413' title='bbox 1705 5334 1983 5403; x_wconf 73' lang='lat' dir='ltr'><strong>baptisetur</strong></span> <span class='ocrx_word' id='word_1_414' title='bbox 2009 5350 2161 5388; x_wconf 85' lang='lat' dir='ltr'><strong>unus-</strong></span> 
     </span>
    </p>
   </div>
   <div class='ocr_carea' id='block_1_55' title="bbox 575 5425 2159 5498">
    <p class='ocr_par' dir='ltr' id='par_1_55' title="bbox 575 5425 2159 5498">
     <span class='ocr_line' id='line_1_55' title="bbox 575 5425 2159 5498; baseline 0.001 -18"><span class='ocrx_word' id='word_1_415' title='bbox 575 5428 784 5498; x_wconf 77' lang='lat' dir='ltr'><strong>quisque</strong></span> <span class='ocrx_word' id='word_1_416' title='bbox 809 5439 1017 5482; x_wconf 81' lang='lat' dir='ltr'><strong>ttcstrum</strong></span> <span class='ocrx_word' id='word_1_417' title='bbox 1048 5428 1098 5481; x_wconf 90' lang='lat' dir='ltr'><strong>in</strong></span> <span class='ocrx_word' id='word_1_418' title='bbox 1131 5428 1332 5480; x_wconf 85' lang='lat' dir='ltr'><strong>nomine</strong></span> <span class='ocrx_word' id='word_1_419' title='bbox 1357 5425 1481 5480; x_wconf 81' lang='lat' dir='ltr'><strong>Jesu</strong></span> <span class='ocrx_word' id='word_1_420' title='bbox 1512 5426 1716 5481; x_wconf 82' lang='lat' dir='ltr'><strong>Christi.</strong></span> <span class='ocrx_word' id='word_1_421' title='bbox 1740 5427 1982 5481; x_wconf 78' lang='lat' dir='ltr'><strong>Nondum</strong></span> <span class='ocrx_word' id='word_1_422' title='bbox 2009 5428 2159 5493; x_wconf 86' lang='lat' dir='ltr'><strong>dicit,</strong></span> 
     </span>
    </p>
   </div>
   <div class='ocr_carea' id='block_1_56' title="bbox 574 5519 2163 5587">
    <p class='ocr_par' dir='ltr' id='par_1_56' title="bbox 574 5519 2163 5587">
     <span class='ocr_line' id='line_1_56' title="bbox 574 5519 2163 5587; baseline -0.002 -12"><span class='ocrx_word' id='word_1_423' title='bbox 574 5520 824 5583; x_wconf 80' lang='lat' dir='ltr'><strong>Credite;</strong></span> <span class='ocrx_word' id='word_1_424' title='bbox 871 5521 995 5584; x_wconf 85' lang='lat' dir='ltr'><strong>sed,</strong></span> <span class='ocrx_word' id='word_1_425' title='bbox 1027 5520 1322 5587; x_wconf 70' lang='lat' dir='ltr'><strong>Baptizatur</strong></span> <span class='ocrx_word' id='word_1_426' title='bbox 1371 5519 1713 5587; x_wconf 85' lang='lat' dir='ltr'><strong>unusquisque</strong></span> <span class='ocrx_word' id='word_1_427' title='bbox 1759 5529 1991 5573; x_wconf 76' lang='lat' dir='ltr'><strong>restrain.</strong></span> <span class='ocrx_word' id='word_1_428' title='bbox 2054 5521 2163 5574; x_wconf 63' lang='lat' dir='ltr'><strong>Iloc</strong></span> 
     </span>
    </p>
   </div>
   <div class='ocr_carea' id='block_1_57' title="bbox 576 5608 2159 5681">
    <p class='ocr_par' dir='ltr' id='par_1_57' title="bbox 576 5608 2159 5681">
     <span class='ocr_line' id='line_1_57' title="bbox 576 5608 2159 5681; baseline -0.001 -15"><span class='ocrx_word' id='word_1_429' title='bbox 576 5612 717 5666; x_wconf 89' lang='lat' dir='ltr'><strong>enim</strong></span> <span class='ocrx_word' id='word_1_430' title='bbox 742 5612 794 5665; x_wconf 87' lang='lat' dir='ltr'><strong>in</strong></span> <span class='ocrx_word' id='word_1_431' title='bbox 820 5610 1137 5681; x_wconf 84' lang='lat' dir='ltr'><strong>baptismate</strong></span> <span class='ocrx_word' id='word_1_432' title='bbox 1160 5610 1509 5669; x_wconf 79' lang='lat' dir='ltr'><strong>accipiebant.</strong></span> <span class='ocrx_word' id='word_1_433' title='bbox 1537 5608 1733 5665; x_wconf 86' lang='lat' dir='ltr'><strong>Deinde</strong></span> <span class='ocrx_word' id='word_1_434' title='bbox 1758 5610 1959 5663; x_wconf 79' lang='lat' dir='ltr'><strong>lucrum</strong></span> <span class='ocrx_word' id='word_1_435' title='bbox 1982 5622 2159 5665; x_wconf 77' lang='lat' dir='ltr'><strong>osten-</strong></span> 
     </span>
    </p>
   </div>
   <div class='ocr_carea' id='block_1_58' title="bbox 577 5699 2160 5769">
    <p class='ocr_par' dir='ltr' id='par_1_58' title="bbox 577 5699 2160 5769">
     <span class='ocr_line' id='line_1_58' title="bbox 577 5699 2160 5769; baseline 0.001 -16"><span class='ocrx_word' id='word_1_436' title='bbox 577 5700 657 5755; x_wconf 88' lang='lat' dir='ltr'><strong>dit</strong></span> <span class='ocrx_word' id='word_1_437' title='bbox 686 5719 699 5755; x_wconf 91' lang='lat'><strong>:</strong></span> <span class='ocrx_word' id='word_1_438' title='bbox 728 5699 794 5755; x_wconf 84' lang='lat' dir='ltr'><strong>In</strong></span> <span class='ocrx_word' id='word_1_439' title='bbox 841 5701 1183 5755; x_wconf 80' lang='lat' dir='ltr'><strong>remissionem</strong></span> <span class='ocrx_word' id='word_1_440' title='bbox 1217 5710 1529 5769; x_wconf 79' lang='lat' dir='ltr'><strong>peccatorum</strong></span> <span class='ocrx_word' id='word_1_441' title='bbox 1558 5715 1574 5763; x_wconf 91' lang='lat'><em>;</em></span> <span class='ocrx_word' id='word_1_442' title='bbox 1606 5711 1650 5754; x_wconf 86' lang='lat' dir='ltr'><strong>et</strong></span> <span class='ocrx_word' id='word_1_443' title='bbox 1679 5700 1932 5768; x_wconf 75' lang='lat' dir='ltr'><strong>accipietis</strong></span> <span class='ocrx_word' id='word_1_444' title='bbox 1976 5704 2160 5755; x_wconf 74' lang='lat' dir='ltr'><strong>tlonttn;</strong></span> 
     </span>
    </p>
   </div>
   <div class='ocr_carea' id='block_1_59' title="bbox 586 5790 2160 5867">
    <p class='ocr_par' dir='ltr' id='par_1_59' title="bbox 586 5790 2160 5867">
     <span class='ocr_line' id='line_1_59' title="bbox 586 5790 2160 5867; baseline 0.002 -19"><span class='ocrx_word' id='word_1_445' title='bbox 586 5790 805 5867; x_wconf 68' lang='lat' dir='ltr'><strong>Spiritus</strong></span> <span class='ocrx_word' id='word_1_446' title='bbox 824 5798 981 5850; x_wconf 88' lang='lat' dir='ltr'><strong>sancti</strong></span> <span class='ocrx_word' id='word_1_447' title='bbox 1034 5794 1087 5853; x_wconf 88' lang='lat' dir='ltr'><strong>Si</strong></span> <span class='ocrx_word' id='word_1_448' title='bbox 1116 5795 1311 5851; x_wconf 89' lang='lat' dir='ltr'><strong>donum</strong></span> <span class='ocrx_word' id='word_1_449' title='bbox 1339 5796 1606 5864; x_wconf 72' lang='lat' dir='ltr'><strong>accepturi</strong></span> <span class='ocrx_word' id='word_1_450' title='bbox 1637 5799 1788 5859; x_wconf 81' lang='lat' dir='ltr'><strong>estis,</strong></span> <span class='ocrx_word' id='word_1_451' title='bbox 1815 5796 1857 5852; x_wconf 85' lang='lat' dir='ltr'><strong>si</strong></span> <span class='ocrx_word' id='word_1_452' title='bbox 1889 5799 2160 5854; x_wconf 65' lang='lat' dir='ltr'><strong>:‘cnnssio-</strong></span> 
     </span>
    </p>
   </div>
   <div class='ocr_carea' id='block_1_60' title="bbox 2256 722 3858 795">
    <p class='ocr_par' dir='ltr' id='par_1_60' title="bbox 2256 722 3858 795">
     <span class='ocr_line' id='line_1_60' title="bbox 2256 722 3858 795; baseline -0.002 -14"><span class='ocrx_word' id='word_1_453' title='bbox 2256 741 2379 782; x_wconf 88' lang='lat' dir='ltr'><strong>nem</strong></span> <span class='ocrx_word' id='word_1_454' title='bbox 2408 726 2562 781; x_wconf 91' lang='lat' dir='ltr'><strong>habet</strong></span> <span class='ocrx_word' id='word_1_455' title='bbox 2595 727 2876 795; x_wconf 86' lang='lat' dir='ltr'><strong>baptisma.</strong></span> <span class='ocrx_word' id='word_1_456' title='bbox 2910 742 3007 787; x_wconf 86' lang='lat' dir='ltr'><strong>cur</strong></span> <span class='ocrx_word' id='word_1_457' title='bbox 3034 726 3397 781; x_wconf 71' lang='lat' dir='ltr'><strong>cunctamini?</strong></span> <span class='ocrx_word' id='word_1_458' title='bbox 3431 730 3630 780; x_wconf 85' lang='lat' dir='ltr'><strong>Detnoo</strong></span> <span class='ocrx_word' id='word_1_459' title='bbox 3657 722 3858 794; x_wconf 77' lang='lat' dir='ltr'><strong>proba-</strong></span> 
     </span>
    </p>
   </div>
   <div class='ocr_carea' id='block_1_61' title="bbox 2254 817 3857 890">
    <p class='ocr_par' dir='ltr' id='par_1_61' title="bbox 2254 817 3857 890">
     <span class='ocr_line' id='line_1_61' title="bbox 2254 817 3857 890; baseline -0.004 -15"><span class='ocrx_word' id='word_1_460' title='bbox 2254 820 2497 876; x_wconf 84' lang='lat' dir='ltr'><strong>biliorem</strong></span> <span class='ocrx_word' id='word_1_461' title='bbox 2532 821 2758 877; x_wconf 87' lang='lat' dir='ltr'><strong>reddens</strong></span> <span class='ocrx_word' id='word_1_462' title='bbox 2815 836 3118 877; x_wconf 83' lang='lat' dir='ltr'><strong>sermonem</strong></span> <span class='ocrx_word' id='word_1_463' title='bbox 3144 861 3160 887; x_wconf 90' lang='lat'><strong>,</strong></span> <span class='ocrx_word' id='word_1_464' title='bbox 3204 821 3477 890; x_wconf 72' lang='lat' dir='ltr'><strong>sultjnnxit</strong></span> <span class='ocrx_word' id='word_1_465' title='bbox 3506 837 3523 875; x_wconf 88' lang='lat'><strong><em>:</em></strong></span> <span class='ocrx_word' id='word_1_466' title='bbox 3556 820 3647 875; x_wconf 72' lang='lat'><strong>39.</strong></span> <span class='ocrx_word' id='word_1_467' title='bbox 3697 817 3857 873; x_wconf 66' lang='grc' dir='ltr'><strong>νοω.</strong></span> 
     </span>
    </p>
   </div>
   <div class='ocr_carea' id='block_1_62' title="bbox 2253 911 3860 985">
    <p class='ocr_par' dir='ltr' id='par_1_62' title="bbox 2253 911 3860 985">
     <span class='ocr_line' id='line_1_62' title="bbox 2253 911 3860 985; baseline -0.004 -17"><span class='ocrx_word' id='word_1_468' title='bbox 2253 914 2385 968; x_wconf 84' lang='lat' dir='ltr'><strong>enim</strong></span> <span class='ocrx_word' id='word_1_469' title='bbox 2414 924 2485 970; x_wconf 89' lang='lat' dir='ltr'><strong>cst</strong></span> <span class='ocrx_word' id='word_1_470' title='bbox 2511 915 2854 985; x_wconf 76' lang='lat' dir='ltr'><strong>repromissio.</strong></span> <span class='ocrx_word' id='word_1_471' title='bbox 2906 915 3051 969; x_wconf 88' lang='lat' dir='ltr'><strong>llanc</strong></span> <span class='ocrx_word' id='word_1_472' title='bbox 3080 923 3131 967; x_wconf 91' lang='lat' dir='ltr'><strong>ct</strong></span> <span class='ocrx_word' id='word_1_473' title='bbox 3164 914 3269 974; x_wconf 89' lang='lat' dir='ltr'><strong>hic.</strong></span> <span class='ocrx_word' id='word_1_474' title='bbox 3302 930 3460 983; x_wconf 89' lang='lat' dir='ltr'><strong>quam</strong></span> <span class='ocrx_word' id='word_1_475' title='bbox 3493 914 3743 983; x_wconf 64' lang='lat' dir='ltr'><strong>superius</strong></span> <span class='ocrx_word' id='word_1_476' title='bbox 3780 911 3860 963; x_wconf 80' lang='lat' dir='ltr'><strong>di-</strong></span> 
     </span>
    </p>
   </div>
   <div class='ocr_carea' id='block_1_63' title="bbox 2255 1004 3853 1076">
    <p class='ocr_par' dir='ltr' id='par_1_63' title="bbox 2255 1004 3853 1076">
     <span class='ocr_line' id='line_1_63' title="bbox 2255 1004 3853 1076; baseline 0 -17"><span class='ocrx_word' id='word_1_477' title='bbox 2255 1015 2423 1060; x_wconf 82' lang='lat' dir='ltr'><strong>xerat.</strong></span> <span class='ocrx_word' id='word_1_478' title='bbox 2456 1006 2521 1059; x_wconf 68' lang='lat' dir='ltr'><strong>Et</strong></span> <span class='ocrx_word' id='word_1_479' title='bbox 2546 1008 2668 1074; x_wconf 83' lang='lat' dir='ltr'><strong>ﬁliis</strong></span> <span class='ocrx_word' id='word_1_480' title='bbox 2690 1009 2881 1070; x_wconf 81' lang='lat' dir='ltr'><strong>vestris,</strong></span> <span class='ocrx_word' id='word_1_481' title='bbox 2914 1007 3099 1076; x_wconf 77' lang='lat' dir='ltr'><strong>inquit.</strong></span> <span class='ocrx_word' id='word_1_482' title='bbox 3128 1004 3291 1076; x_wconf 80' lang='lat' dir='ltr'><strong>Igitur</strong></span> <span class='ocrx_word' id='word_1_483' title='bbox 3312 1006 3486 1072; x_wconf 88' lang='lat' dir='ltr'><strong>majus</strong></span> <span class='ocrx_word' id='word_1_484' title='bbox 3513 1015 3594 1059; x_wconf 91' lang='lat' dir='ltr'><strong>est</strong></span> <span class='ocrx_word' id='word_1_485' title='bbox 3620 1004 3853 1068; x_wconf 82' lang='lat' dir='ltr'><strong>donum,</strong></span> 
     </span>
    </p>
   </div>
   <div class='ocr_carea' id='block_1_64' title="bbox 2254 1095 3849 1167">
    <p class='ocr_par' dir='ltr' id='par_1_64' title="bbox 2254 1095 3849 1167">
     <span class='ocr_line' id='line_1_64' title="bbox 2254 1095 3849 1167; baseline -0.004 -16"><span class='ocrx_word' id='word_1_486' title='bbox 2254 1096 2469 1167; x_wconf 84' lang='lat' dir='ltr'><strong>quando</strong></span> <span class='ocrx_word' id='word_1_487' title='bbox 2502 1098 2762 1153; x_wconf 82' lang='lat' dir='ltr'><strong>bonorum</strong></span> <span class='ocrx_word' id='word_1_488' title='bbox 2794 1100 2953 1155; x_wconf 87' lang='lat' dir='ltr'><strong>etiam</strong></span> <span class='ocrx_word' id='word_1_489' title='bbox 2983 1097 3224 1156; x_wconf 72' lang='lat' dir='ltr'><strong>bzeredes</strong></span> <span class='ocrx_word' id='word_1_490' title='bbox 3255 1098 3473 1151; x_wconf 88' lang='lat' dir='ltr'><strong>habent.</strong></span> <span class='ocrx_word' id='word_1_491' title='bbox 3508 1095 3571 1150; x_wconf 82' lang='lat' dir='ltr'><strong>Et</strong></span> <span class='ocrx_word' id='word_1_492' title='bbox 3593 1097 3849 1167; x_wconf 74' lang='lat' dir='ltr'><strong>omnibus,</strong></span> 
     </span>
    </p>
   </div>
   <div class='ocr_carea' id='block_1_65' title="bbox 2254 1178 3857 1260">
    <p class='ocr_par' dir='ltr' id='par_1_65' title="bbox 2254 1178 3857 1260">
     <span class='ocr_line' id='line_1_65' title="bbox 2254 1178 3857 1260; baseline -0.001 -19"><span class='ocrx_word' id='word_1_493' title='bbox 2254 1187 2441 1256; x_wconf 89' lang='lat' dir='ltr'><strong>inquit,</strong></span> <span class='ocrx_word' id='word_1_494' title='bbox 2466 1189 2553 1255; x_wconf 88' lang='lat' dir='ltr'><strong>qui</strong></span> <span class='ocrx_word' id='word_1_495' title='bbox 2578 1191 2726 1258; x_wconf 81' lang='lat' dir='ltr'><strong>longe</strong></span> <span class='ocrx_word' id='word_1_496' title='bbox 2763 1200 2902 1243; x_wconf 88' lang='lat' dir='ltr'><strong>sunt.</strong></span> <span class='ocrx_word' id='word_1_497' title='bbox 2955 1178 3008 1245; x_wconf 83' lang='lat' dir='ltr'><strong>Si</strong></span> <span class='ocrx_word' id='word_1_498' title='bbox 3043 1190 3106 1243; x_wconf 91' lang='lat' dir='ltr'><strong>iis</strong></span> <span class='ocrx_word' id='word_1_499' title='bbox 3137 1190 3225 1260; x_wconf 89' lang='lat' dir='ltr'><strong>qui</strong></span> <span class='ocrx_word' id='word_1_500' title='bbox 3258 1188 3438 1259; x_wconf 81' lang='lat' dir='ltr'><strong>longe,</strong></span> <span class='ocrx_word' id='word_1_501' title='bbox 3473 1189 3642 1243; x_wconf 88' lang='lat' dir='ltr'><strong>umlto</strong></span> <span class='ocrx_word' id='word_1_502' title='bbox 3684 1190 3857 1256; x_wconf 79' lang='lat' dir='ltr'><strong>magis</strong></span> 
     </span>
    </p>
   </div>
   <div class='ocr_carea' id='block_1_66' title="bbox 2253 1265 3860 1351">
    <p class='ocr_par' dir='ltr' id='par_1_66' title="bbox 2253 1265 3860 1351">
     <span class='ocr_line' id='line_1_66' title="bbox 2253 1265 3860 1351; baseline 0.001 -22"><span class='ocrx_word' id='word_1_503' title='bbox 2253 1278 2404 1332; x_wconf 87' lang='lat' dir='ltr'><strong>vobis</strong></span> <span class='ocrx_word' id='word_1_504' title='bbox 2446 1280 2536 1348; x_wconf 89' lang='lat' dir='ltr'><strong>qui</strong></span> <span class='ocrx_word' id='word_1_505' title='bbox 2586 1296 2770 1349; x_wconf 88' lang='lat' dir='ltr'><strong>prope.</strong></span> <span class='ocrx_word' id='word_1_506' title='bbox 2833 1281 3185 1351; x_wconf 80' lang='lat' dir='ltr'><strong>Quoscumque</strong></span> <span class='ocrx_word' id='word_1_507' title='bbox 3234 1265 3551 1335; x_wconf 67' lang='lat' dir='ltr'><strong>advocaverit</strong></span> <span class='ocrx_word' id='word_1_508' title='bbox 3601 1279 3860 1340; x_wconf 75' lang='lat' dir='ltr'><strong>Bantinos</strong></span> 
     </span>
    </p>
   </div>
   <div class='ocr_carea' id='block_1_67' title="bbox 2252 1368 3857 1444">
    <p class='ocr_par' dir='ltr' id='par_1_67' title="bbox 2252 1368 3857 1444">
     <span class='ocr_line' id='line_1_67' title="bbox 2252 1368 3857 1444; baseline -0.001 -19"><span class='ocrx_word' id='word_1_509' title='bbox 2252 1368 2393 1426; x_wconf 87' lang='lat' dir='ltr'><strong>Deus</strong></span> <span class='ocrx_word' id='word_1_510' title='bbox 2426 1382 2612 1426; x_wconf 86' lang='lat' dir='ltr'><strong>noster.</strong></span> <span class='ocrx_word' id='word_1_511' title='bbox 2666 1372 2796 1429; x_wconf 82' lang='lat' dir='ltr'><strong>Vide</strong></span> <span class='ocrx_word' id='word_1_512' title='bbox 2839 1373 3053 1444; x_wconf 89' lang='lat' dir='ltr'><strong>quando</strong></span> <span class='ocrx_word' id='word_1_513' title='bbox 3094 1373 3257 1441; x_wconf 82' lang='lat' dir='ltr'><strong>dicat,</strong></span> <span class='ocrx_word' id='word_1_514' title='bbox 3289 1372 3363 1427; x_wconf 83' lang='lat' dir='ltr'><strong>lis</strong></span> <span class='ocrx_word' id='word_1_515' title='bbox 3398 1375 3483 1443; x_wconf 80' lang='lat' dir='ltr'><strong>qui</strong></span> <span class='ocrx_word' id='word_1_516' title='bbox 3523 1375 3857 1443; x_wconf 64' lang='lat' dir='ltr'><strong>longesnnt.</strong></span> 
     </span>
    </p>
   </div>
   <div class='ocr_carea' id='block_1_68' title="bbox 2253 1462 3850 1536">
    <p class='ocr_par' dir='ltr' id='par_1_68' title="bbox 2253 1462 3850 1536">
     <span class='ocr_line' id='line_1_68' title="bbox 2253 1462 3850 1536; baseline 0.001 -19"><span class='ocrx_word' id='word_1_517' title='bbox 2253 1462 2476 1531; x_wconf 77' lang='lat' dir='ltr'><strong>Quando</strong></span> <span class='ocrx_word' id='word_1_518' title='bbox 2528 1465 2657 1519; x_wconf 87' lang='lat' dir='ltr'><strong>vidit</strong></span> <span class='ocrx_word' id='word_1_519' title='bbox 2699 1467 2813 1519; x_wconf 85' lang='lat' dir='ltr'><strong>Illos</strong></span> <span class='ocrx_word' id='word_1_520' title='bbox 2853 1464 2952 1520; x_wconf 88' lang='lat' dir='ltr'><strong>sibi</strong></span> <span class='ocrx_word' id='word_1_521' title='bbox 2988 1466 3231 1536; x_wconf 88' lang='lat' dir='ltr'><strong>proprios</strong></span> <span class='ocrx_word' id='word_1_522' title='bbox 3258 1476 3312 1520; x_wconf 92' lang='lat' dir='ltr'><strong>et</strong></span> <span class='ocrx_word' id='word_1_523' title='bbox 3338 1479 3457 1519; x_wconf 88' lang='lat' dir='ltr'><strong>sese</strong></span> <span class='ocrx_word' id='word_1_524' title='bbox 3500 1465 3850 1533; x_wconf 64' lang='lat' dir='ltr'><strong>damnantcs.</strong></span> 
     </span>
    </p>
   </div>
   <div class='ocr_carea' id='block_1_69' title="bbox 2254 1554 3857 1627">
    <p class='ocr_par' dir='ltr' id='par_1_69' title="bbox 2254 1554 3857 1627">
     <span class='ocr_line' id='line_1_69' title="bbox 2254 1554 3857 1627; baseline 0.001 -19"><span class='ocrx_word' id='word_1_525' title='bbox 2254 1554 2443 1608; x_wconf 85' lang='lat' dir='ltr'><strong>Anima</strong></span> <span class='ocrx_word' id='word_1_526' title='bbox 2475 1556 2615 1609; x_wconf 87' lang='lat' dir='ltr'><strong>enim</strong></span> <span class='ocrx_word' id='word_1_527' title='bbox 2658 1557 2869 1627; x_wconf 90' lang='lat' dir='ltr'><strong>quando</strong></span> <span class='ocrx_word' id='word_1_528' title='bbox 2898 1558 3127 1627; x_wconf 89' lang='lat' dir='ltr'><strong>scipsam</strong></span> <span class='ocrx_word' id='word_1_529' title='bbox 3174 1557 3545 1621; x_wconf 85' lang='lat' dir='ltr'><strong>damnaverit,</strong></span> <span class='ocrx_word' id='word_1_530' title='bbox 3579 1572 3685 1610; x_wconf 89' lang='lat' dir='ltr'><strong>non</strong></span> <span class='ocrx_word' id='word_1_531' title='bbox 3716 1558 3857 1609; x_wconf 89' lang='lat' dir='ltr'><strong>ultra</strong></span> 
     </span>
    </p>
   </div>
   <div class='ocr_carea' id='block_1_70' title="bbox 2255 1647 3857 1719">
    <p class='ocr_par' dir='ltr' id='par_1_70' title="bbox 2255 1647 3857 1719">
     <span class='ocr_line' id='line_1_70' title="bbox 2255 1647 3857 1719; baseline -0.001 -18"><span class='ocrx_word' id='word_1_532' title='bbox 2255 1648 2451 1717; x_wconf 87' lang='lat' dir='ltr'><strong>poterit</strong></span> <span class='ocrx_word' id='word_1_533' title='bbox 2499 1647 2758 1703; x_wconf 85' lang='lat' dir='ltr'><strong>invidere.</strong></span> <span class='ocrx_word' id='word_1_534' title='bbox 2790 1649 2874 1703; x_wconf 69' lang='grc'><strong>40.</strong></span> <span class='ocrx_word' id='word_1_535' title='bbox 2924 1650 3049 1703; x_wconf 81' lang='lat' dir='ltr'><strong>Aliis</strong></span> <span class='ocrx_word' id='word_1_536' title='bbox 3072 1650 3222 1703; x_wconf 86' lang='lat' dir='ltr'><strong>etiam</strong></span> <span class='ocrx_word' id='word_1_537' title='bbox 3248 1650 3406 1702; x_wconf 80' lang='lat' dir='ltr'><strong>rerbis</strong></span> <span class='ocrx_word' id='word_1_538' title='bbox 3436 1648 3670 1719; x_wconf 82' lang='lat' dir='ltr'><strong>plurimis</strong></span> <span class='ocrx_word' id='word_1_539' title='bbox 3708 1650 3857 1701; x_wconf 79' lang='lat' dir='ltr'><strong>testi-</strong></span> 
     </span>
    </p>
   </div>
   <div class='ocr_carea' id='block_1_71' title="bbox 2255 1742 3859 1808">
    <p class='ocr_par' dir='ltr' id='par_1_71' title="bbox 2255 1742 3859 1808">
     <span class='ocr_line' id='line_1_71' title="bbox 2255 1742 3859 1808; baseline -0.001 -14"><span class='ocrx_word' id='word_1_540' title='bbox 2255 1742 2438 1808; x_wconf 81' lang='lat' dir='ltr'><strong>ﬁcatus</strong></span> <span class='ocrx_word' id='word_1_541' title='bbox 2466 1754 2560 1807; x_wconf 81' lang='lat' dir='ltr'><strong>est,</strong></span> <span class='ocrx_word' id='word_1_542' title='bbox 2585 1752 2629 1795; x_wconf 90' lang='lat' dir='ltr'><strong>et</strong></span> <span class='ocrx_word' id='word_1_543' title='bbox 2662 1743 3041 1806; x_wconf 73' lang='lat' dir='ltr'><strong>exhortabatur,</strong></span> <span class='ocrx_word' id='word_1_544' title='bbox 3068 1743 3263 1795; x_wconf 85' lang='lat' dir='ltr'><strong>dicens.</strong></span> <span class='ocrx_word' id='word_1_545' title='bbox 3323 1742 3450 1796; x_wconf 73' lang='lat' dir='ltr'><strong>Vide</strong></span> <span class='ocrx_word' id='word_1_546' title='bbox 3482 1742 3627 1797; x_wconf 71' lang='lat' dir='ltr'><strong>ilium</strong></span> <span class='ocrx_word' id='word_1_547' title='bbox 3656 1742 3859 1808; x_wconf 82' lang='lat' dir='ltr'><strong>ubique</strong></span> 
     </span>
    </p>
   </div>
   <div class='ocr_carea' id='block_1_72' title="bbox 2257 1833 3859 1903">
    <p class='ocr_par' dir='ltr' id='par_1_72' title="bbox 2257 1833 3859 1903">
     <span class='ocr_line' id='line_1_72' title="bbox 2257 1833 3859 1903; baseline 0.001 -17"><span class='ocrx_word' id='word_1_548' title='bbox 2257 1833 2488 1887; x_wconf 76' lang='lat' dir='ltr'><strong>bret‘iter</strong></span> <span class='ocrx_word' id='word_1_549' title='bbox 2515 1835 2841 1903; x_wconf 81' lang='lat' dir='ltr'><strong>loquentem,</strong></span> <span class='ocrx_word' id='word_1_550' title='bbox 2874 1851 2977 1889; x_wconf 85' lang='lat' dir='ltr'><strong>non</strong></span> <span class='ocrx_word' id='word_1_551' title='bbox 3022 1836 3389 1897; x_wconf 84' lang='lat' dir='ltr'><strong>ambitiosum,</strong></span> <span class='ocrx_word' id='word_1_552' title='bbox 3425 1850 3530 1889; x_wconf 92' lang='lat' dir='ltr'><strong>non</strong></span> <span class='ocrx_word' id='word_1_553' title='bbox 3560 1844 3859 1889; x_wconf 67' lang='lat' dir='ltr'><strong>ostentato-</strong></span> 
     </span>
    </p>
   </div>
   <div class='ocr_carea' id='block_1_73' title="bbox 2256 1922 3854 1995">
    <p class='ocr_par' dir='ltr' id='par_1_73' title="bbox 2256 1922 3854 1995">
     <span class='ocr_line' id='line_1_73' title="bbox 2256 1922 3854 1995; baseline -0.001 -18"><span class='ocrx_word' id='word_1_554' title='bbox 2256 1939 2389 1978; x_wconf 91' lang='lat' dir='ltr'><strong>retn.</strong></span> <span class='ocrx_word' id='word_1_555' title='bbox 2443 1922 2765 1992; x_wconf 80' lang='lat' dir='ltr'><strong>Testiﬁcatus</strong></span> <span class='ocrx_word' id='word_1_556' title='bbox 2792 1937 2883 1991; x_wconf 87' lang='lat' dir='ltr'><strong>est,</strong></span> <span class='ocrx_word' id='word_1_557' title='bbox 2918 1926 3107 1995; x_wconf 84' lang='lat' dir='ltr'><strong>inquit,</strong></span> <span class='ocrx_word' id='word_1_558' title='bbox 3150 1937 3198 1979; x_wconf 91' lang='lat' dir='ltr'><strong>et</strong></span> <span class='ocrx_word' id='word_1_559' title='bbox 3240 1927 3620 1986; x_wconf 68' lang='lat' dir='ltr'><strong>exhortabatur,</strong></span> <span class='ocrx_word' id='word_1_560' title='bbox 3652 1926 3854 1980; x_wconf 77' lang='lat' dir='ltr'><strong>dicens.</strong></span> 
     </span>
    </p>
   </div>
   <div class='ocr_carea' id='block_1_74' title="bbox 2256 2013 3863 2088">
    <p class='ocr_par' dir='ltr' id='par_1_74' title="bbox 2256 2013 3863 2088">
     <span class='ocr_line' id='line_1_74' title="bbox 2256 2013 3863 2088; baseline 0.003 -20"><span class='ocrx_word' id='word_1_561' title='bbox 2256 2013 2382 2068; x_wconf 76' lang='lat' dir='ltr'><strong>ILt-c</strong></span> <span class='ocrx_word' id='word_1_562' title='bbox 2413 2016 2642 2083; x_wconf 82' lang='lat' dir='ltr'><strong>perfecta</strong></span> <span class='ocrx_word' id='word_1_563' title='bbox 2674 2016 2918 2071; x_wconf 86' lang='lat' dir='ltr'><strong>doctrina</strong></span> <span class='ocrx_word' id='word_1_564' title='bbox 2964 2028 3066 2085; x_wconf 87' lang='lat' dir='ltr'><strong>est,</strong></span> <span class='ocrx_word' id='word_1_565' title='bbox 3097 2034 3216 2088; x_wconf 73' lang='lat' dir='ltr'><strong>qua:</strong></span> <span class='ocrx_word' id='word_1_566' title='bbox 3249 2018 3373 2072; x_wconf 87' lang='lat' dir='ltr'><strong>hinc</strong></span> <span class='ocrx_word' id='word_1_567' title='bbox 3419 2020 3684 2079; x_wconf 73' lang='lat' dir='ltr'><strong>timori-tn.</strong></span> <span class='ocrx_word' id='word_1_568' title='bbox 3730 2018 3863 2073; x_wconf 65' lang='lat' dir='ltr'><strong>nale</strong></span> 
     </span>
    </p>
   </div>
   <div class='ocr_carea' id='block_1_75' title="bbox 2258 2107 3859 2180">
    <p class='ocr_par' dir='ltr' id='par_1_75' title="bbox 2258 2107 3859 2180">
     <span class='ocr_line' id='line_1_75' title="bbox 2258 2107 3859 2180; baseline 0.004 -23"><span class='ocrx_word' id='word_1_569' title='bbox 2258 2120 2495 2161; x_wconf 90' lang='lat' dir='ltr'><strong>amorem</strong></span> <span class='ocrx_word' id='word_1_570' title='bbox 2529 2107 2707 2161; x_wconf 76' lang='lat' dir='ltr'><strong>habet.</strong></span> <span class='ocrx_word' id='word_1_571' title='bbox 2756 2108 3040 2163; x_wconf 81' lang='lat' dir='ltr'><strong>Saluamim</strong></span> <span class='ocrx_word' id='word_1_572' title='bbox 3084 2127 3117 2167; x_wconf 89' lang='lat' dir='ltr'><strong>a</strong></span> <span class='ocrx_word' id='word_1_573' title='bbox 3158 2110 3481 2180; x_wconf 83' lang='lat' dir='ltr'><strong>generatione</strong></span> <span class='ocrx_word' id='word_1_574' title='bbox 3521 2112 3616 2164; x_wconf 88' lang='lat' dir='ltr'><strong>ista</strong></span> <span class='ocrx_word' id='word_1_575' title='bbox 3667 2126 3859 2178; x_wconf 75' lang='lat' dir='ltr'><strong>praua.</strong></span> 
     </span>
    </p>
   </div>
   <div class='ocr_carea' id='block_1_76' title="bbox 2258 2195 3865 2273">
    <p class='ocr_par' dir='ltr' id='par_1_76' title="bbox 2258 2195 3865 2273">
     <span class='ocr_line' id='line_1_76' title="bbox 2258 2195 3865 2273; baseline 0.002 -23"><span class='ocrx_word' id='word_1_576' title='bbox 2258 2195 2395 2250; x_wconf 75' lang='lat' dir='ltr'><strong>Nihil</strong></span> <span class='ocrx_word' id='word_1_577' title='bbox 2441 2197 2510 2251; x_wconf 87' lang='lat' dir='ltr'><strong>de</strong></span> <span class='ocrx_word' id='word_1_578' title='bbox 2546 2197 2759 2263; x_wconf 83' lang='lat' dir='ltr'><strong>futuris,</strong></span> <span class='ocrx_word' id='word_1_579' title='bbox 2808 2200 2901 2253; x_wconf 85' lang='lat' dir='ltr'><strong>scd</strong></span> <span class='ocrx_word' id='word_1_580' title='bbox 2950 2201 3019 2259; x_wconf 88' lang='lat' dir='ltr'><strong>de</strong></span> <span class='ocrx_word' id='word_1_581' title='bbox 3068 2202 3422 2270; x_wconf 72' lang='lat' dir='ltr'><strong>prmsentibus</strong></span> <span class='ocrx_word' id='word_1_582' title='bbox 3463 2202 3611 2265; x_wconf 86' lang='lat' dir='ltr'><strong>dicit,</strong></span> <span class='ocrx_word' id='word_1_583' title='bbox 3660 2206 3865 2273; x_wconf 71' lang='lat' dir='ltr'><strong>quibus</strong></span> 
     </span>
    </p>
   </div>
   <div class='ocr_carea' id='block_1_77' title="bbox 2259 2292 3865 2364">
    <p class='ocr_par' dir='ltr' id='par_1_77' title="bbox 2259 2292 3865 2364">
     <span class='ocr_line' id='line_1_77' title="bbox 2259 2292 3865 2364; baseline 0.003 -23"><span class='ocrx_word' id='word_1_584' title='bbox 2259 2292 2496 2345; x_wconf 75' lang='lat' dir='ltr'><strong>ttntxime</strong></span> <span class='ocrx_word' id='word_1_585' title='bbox 2527 2301 2809 2345; x_wconf 75' lang='lat' dir='ltr'><strong>moventur</strong></span> <span class='ocrx_word' id='word_1_586' title='bbox 2834 2293 3079 2347; x_wconf 88' lang='lat' dir='ltr'><strong>homines</strong></span> <span class='ocrx_word' id='word_1_587' title='bbox 3111 2312 3123 2348; x_wconf 92' lang='lat'>:</span> <span class='ocrx_word' id='word_1_588' title='bbox 3152 2295 3494 2364; x_wconf 85' lang='lat' dir='ltr'><strong>ostenditque</strong></span> <span class='ocrx_word' id='word_1_589' title='bbox 3521 2295 3794 2362; x_wconf 64' lang='lat' dir='ltr'><strong>praedieati</strong></span> <span class='ocrx_word' id='word_1_590' title='bbox 3822 2316 3865 2338; x_wconf 75' lang='lat'><strong>~—</strong></span> 
     </span>
    </p>
   </div>
   <div class='ocr_carea' id='block_1_78' title="bbox 2258 2386 3859 2454">
    <p class='ocr_par' dir='ltr' id='par_1_78' title="bbox 2258 2386 3859 2454">
     <span class='ocr_line' id='line_1_78' title="bbox 2258 2386 3859 2454; baseline 0.004 -19"><span class='ocrx_word' id='word_1_591' title='bbox 2258 2399 2378 2445; x_wconf 70' lang='grc' dir='ltr'><strong>ιι«.ιιι</strong></span> <span class='ocrx_word' id='word_1_592' title='bbox 2411 2392 2464 2438; x_wconf 92' lang='lat' dir='ltr'><strong>et</strong></span> <span class='ocrx_word' id='word_1_593' title='bbox 2502 2400 2530 2438; x_wconf 92' lang='lat' dir='ltr'><strong>a</strong></span> <span class='ocrx_word' id='word_1_594' title='bbox 2582 2386 2935 2454; x_wconf 68' lang='lat' dir='ltr'><strong>prmsentibns</strong></span> <span class='ocrx_word' id='word_1_595' title='bbox 2964 2396 3018 2441; x_wconf 91' lang='lat' dir='ltr'><strong>et</strong></span> <span class='ocrx_word' id='word_1_596' title='bbox 3044 2403 3072 2439; x_wconf 90' lang='lat' dir='ltr'><strong>a</strong></span> <span class='ocrx_word' id='word_1_597' title='bbox 3116 2387 3307 2442; x_wconf 91' lang='lat' dir='ltr'><strong>futuris</strong></span> <span class='ocrx_word' id='word_1_598' title='bbox 3335 2403 3523 2442; x_wconf 90' lang='lat' dir='ltr'><strong>eruere</strong></span> <span class='ocrx_word' id='word_1_599' title='bbox 3559 2389 3732 2441; x_wconf 78' lang='lat' dir='ltr'><strong>malis.</strong></span> <span class='ocrx_word' id='word_1_600' title='bbox 3766 2389 3859 2443; x_wconf 78' lang='lat' dir='ltr'><strong>st.</strong></span> 
     </span>
    </p>
   </div>
   <div class='ocr_carea' id='block_1_79' title="bbox 2261 2476 3868 2551">
    <p class='ocr_par' dir='ltr' id='par_1_79' title="bbox 2261 2476 3868 2551">
     <span class='ocr_line' id='line_1_79' title="bbox 2261 2476 3868 2551; baseline 0.003 -23"><span class='ocrx_word' id='word_1_601' title='bbox 2261 2476 2363 2542; x_wconf 82' lang='lat' dir='ltr'><strong>Qui</strong></span> <span class='ocrx_word' id='word_1_602' title='bbox 2389 2493 2507 2547; x_wconf 80' lang='lat' dir='ltr'><strong>ergo</strong></span> <span class='ocrx_word' id='word_1_603' title='bbox 2539 2477 2745 2533; x_wconf 79' lang='lat' dir='ltr'><strong>libenter</strong></span> <span class='ocrx_word' id='word_1_604' title='bbox 2784 2488 3081 2549; x_wconf 72' lang='lat' dir='ltr'><strong>acceperunt</strong></span> <span class='ocrx_word' id='word_1_605' title='bbox 3118 2495 3399 2533; x_wconf 85' lang='lat' dir='ltr'><strong>sermonem</strong></span> <span class='ocrx_word' id='word_1_606' title='bbox 3434 2482 3564 2551; x_wconf 83' lang='lat' dir='ltr'><strong>ejus,</strong></span> <span class='ocrx_word' id='word_1_607' title='bbox 3615 2481 3868 2550; x_wconf 67' lang='lat' dir='ltr'><strong>baptismi</strong></span> 
     </span>
    </p>
   </div>
   <div class='ocr_carea' id='block_1_80' title="bbox 2259 2570 3867 2637">
    <p class='ocr_par' dir='ltr' id='par_1_80' title="bbox 2259 2570 3867 2637">
     <span class='ocr_line' id='line_1_80' title="bbox 2259 2570 3867 2637; baseline 0.004 -19"><span class='ocrx_word' id='word_1_608' title='bbox 2259 2578 2374 2619; x_wconf 87' lang='lat' dir='ltr'><strong>sunt</strong></span> <span class='ocrx_word' id='word_1_609' title='bbox 2409 2574 2499 2622; x_wconf 83' lang='lat' dir='ltr'><strong>:et</strong></span> <span class='ocrx_word' id='word_1_610' title='bbox 2528 2570 2778 2637; x_wconf 65' lang='lat' dir='ltr'><strong>apposita:</strong></span> <span class='ocrx_word' id='word_1_611' title='bbox 2811 2580 2927 2623; x_wconf 87' lang='lat' dir='ltr'><strong>sunt</strong></span> <span class='ocrx_word' id='word_1_612' title='bbox 2968 2571 3019 2632; x_wconf 75' lang='lat' dir='ltr'><strong>in</strong></span> <span class='ocrx_word' id='word_1_613' title='bbox 3054 2572 3137 2624; x_wconf 81' lang='lat' dir='ltr'><strong>die</strong></span> <span class='ocrx_word' id='word_1_614' title='bbox 3164 2572 3256 2625; x_wconf 88' lang='lat' dir='ltr'><strong>illa</strong></span> <span class='ocrx_word' id='word_1_615' title='bbox 3286 2574 3471 2625; x_wconf 69' lang='lat' dir='ltr'><strong>animle</strong></span> <span class='ocrx_word' id='word_1_616' title='bbox 3518 2574 3719 2627; x_wconf 79' lang='lat' dir='ltr'><strong>circiter</strong></span> <span class='ocrx_word' id='word_1_617' title='bbox 3756 2574 3867 2635; x_wconf 81' lang='lat' dir='ltr'><strong>tria</strong></span> 
     </span>
    </p>
   </div>
   <div class='ocr_carea' id='block_1_81' title="bbox 2260 2661 3868 2735">
    <p class='ocr_par' dir='ltr' id='par_1_81' title="bbox 2260 2661 3868 2735">
     <span class='ocr_line' id='line_1_81' title="bbox 2260 2661 3868 2735; baseline 0.005 -23"><span class='ocrx_word' id='word_1_618' title='bbox 2260 2661 2440 2714; x_wconf 86' lang='lat' dir='ltr'><strong>millia.</strong></span> <span class='ocrx_word' id='word_1_619' title='bbox 2468 2665 2635 2727; x_wconf 76' lang='lat' dir='ltr'><strong>Quam</strong></span> <span class='ocrx_word' id='word_1_620' title='bbox 2678 2676 2829 2730; x_wconf 87' lang='lat' dir='ltr'><strong>pu:as</strong></span> <span class='ocrx_word' id='word_1_621' title='bbox 2872 2662 2991 2723; x_wconf 83' lang='lat' dir='ltr'><strong>hoc.</strong></span> <span class='ocrx_word' id='word_1_622' title='bbox 3024 2663 3193 2733; x_wconf 81' lang='lat' dir='ltr'><strong>magis</strong></span> <span class='ocrx_word' id='word_1_623' title='bbox 3216 2680 3373 2733; x_wconf 83' lang='lat' dir='ltr'><strong>quam</strong></span> <span class='ocrx_word' id='word_1_624' title='bbox 3402 2666 3609 2735; x_wconf 67' lang='lat' dir='ltr'><strong>signum</strong></span> <span class='ocrx_word' id='word_1_625' title='bbox 3640 2676 3868 2734; x_wconf 82' lang='lat' dir='ltr'><strong>aposto-</strong></span> 
     </span>
    </p>
   </div>
   <div class='ocr_carea' id='block_1_82' title="bbox 2260 2753 3864 2831">
    <p class='ocr_par' dir='ltr' id='par_1_82' title="bbox 2260 2753 3864 2831">
     <span class='ocr_line' id='line_1_82' title="bbox 2260 2753 3864 2831; baseline 0.005 -28"><span class='ocrx_word' id='word_1_626' title='bbox 2260 2753 2342 2806; x_wconf 87' lang='lat' dir='ltr'><strong>los</strong></span> <span class='ocrx_word' id='word_1_627' title='bbox 2386 2754 2695 2807; x_wconf 71' lang='lat' dir='ltr'><strong>recreasse&quot;</strong></span> <span class='ocrx_word' id='word_1_628' title='bbox 2726 2756 2813 2809; x_wconf 69' lang='lat'><strong>42.</strong></span> <span class='ocrx_word' id='word_1_629' title='bbox 2866 2754 3027 2809; x_wconf 81' lang='lat' dir='ltr'><strong>Erant</strong></span> <span class='ocrx_word' id='word_1_630' title='bbox 3056 2767 3227 2809; x_wconf 85' lang='lat' dir='ltr'><strong>autent</strong></span> <span class='ocrx_word' id='word_1_631' title='bbox 3274 2768 3641 2827; x_wconf 70' lang='lat' dir='ltr'><strong>perseverantes</strong></span> <span class='ocrx_word' id='word_1_632' title='bbox 3668 2760 3864 2831; x_wconf 72' lang='lat' dir='ltr'><strong>unani-</strong></span> 
     </span>
    </p>
   </div>
   <div class='ocr_carea' id='block_1_83' title="bbox 2258 2846 3867 2917">
    <p class='ocr_par' dir='ltr' id='par_1_83' title="bbox 2258 2846 3867 2917">
     <span class='ocr_line' id='line_1_83' title="bbox 2258 2846 3867 2917; baseline 0.004 -20"><span class='ocrx_word' id='word_1_633' title='bbox 2258 2846 2403 2898; x_wconf 85' lang='lat' dir='ltr'><strong>miter</strong></span> <span class='ocrx_word' id='word_1_634' title='bbox 2432 2847 2483 2899; x_wconf 86' lang='lat' dir='ltr'><strong>in</strong></span> <span class='ocrx_word' id='word_1_635' title='bbox 2512 2848 2741 2900; x_wconf 72' lang='lat' dir='ltr'><strong>doctrina</strong></span> <span class='ocrx_word' id='word_1_636' title='bbox 2767 2850 3134 2917; x_wconf 80' lang='lat' dir='ltr'><strong>apestolorum,</strong></span> <span class='ocrx_word' id='word_1_637' title='bbox 3158 2860 3204 2902; x_wconf 88' lang='lat' dir='ltr'><strong>et</strong></span> <span class='ocrx_word' id='word_1_638' title='bbox 3227 2851 3699 2908; x_wconf 66' lang='lat' dir='ltr'><strong>communicatione.</strong></span> <span class='ocrx_word' id='word_1_639' title='bbox 3728 2851 3867 2907; x_wconf 71' lang='lat' dir='ltr'><strong>Ilua:</strong></span> 
     </span>
    </p>
   </div>
   <div class='ocr_carea' id='block_1_84' title="bbox 2258 2938 3864 3011">
    <p class='ocr_par' dir='ltr' id='par_1_84' title="bbox 2258 2938 3864 3011">
     <span class='ocr_line' id='line_1_84' title="bbox 2258 2938 3864 3011; baseline 0.007 -21"><span class='ocrx_word' id='word_1_640' title='bbox 2258 2938 2503 3000; x_wconf 90' lang='lat' dir='ltr'><strong>virtutes,</strong></span> <span class='ocrx_word' id='word_1_641' title='bbox 2536 2950 2590 2995; x_wconf 86' lang='lat' dir='ltr'><strong>et</strong></span> <span class='ocrx_word' id='word_1_642' title='bbox 2616 2942 2755 3009; x_wconf 87' lang='lat' dir='ltr'><strong>quod</strong></span> <span class='ocrx_word' id='word_1_643' title='bbox 2790 2952 3221 3011; x_wconf 63' lang='lat' dir='ltr'><strong>persevetutrent,</strong></span> <span class='ocrx_word' id='word_1_644' title='bbox 3255 2953 3305 2995; x_wconf 90' lang='lat' dir='ltr'><strong>et</strong></span> <span class='ocrx_word' id='word_1_645' title='bbox 3335 2942 3475 3011; x_wconf 87' lang='lat' dir='ltr'><strong>quod</strong></span> <span class='ocrx_word' id='word_1_646' title='bbox 3510 2943 3864 3001; x_wconf 81' lang='lat' dir='ltr'><strong>unanimiter.</strong></span> 
     </span>
    </p>
   </div>
   <div class='ocr_carea' id='block_1_85' title="bbox 2262 3030 3867 3105">
    <p class='ocr_par' dir='ltr' id='par_1_85' title="bbox 2262 3030 3867 3105">
     <span class='ocr_line' id='line_1_85' title="bbox 2262 3030 3867 3105; baseline 0.002 -21"><span class='ocrx_word' id='word_1_647' title='bbox 2262 3030 2372 3085; x_wconf 91' lang='lat' dir='ltr'><strong>lloc</strong></span> <span class='ocrx_word' id='word_1_648' title='bbox 2397 3042 2575 3085; x_wconf 89' lang='lat' dir='ltr'><strong>autem</strong></span> <span class='ocrx_word' id='word_1_649' title='bbox 2596 3032 2745 3096; x_wconf 77' lang='lat' dir='ltr'><strong>dixit,</strong></span> <span class='ocrx_word' id='word_1_650' title='bbox 2775 3042 2833 3086; x_wconf 92' lang='lat' dir='ltr'><strong>ut</strong></span> <span class='ocrx_word' id='word_1_651' title='bbox 2854 3034 3044 3087; x_wconf 78' lang='lat' dir='ltr'><strong>os:eud</strong></span> <span class='ocrx_word' id='word_1_652' title='bbox 3066 3042 3105 3087; x_wconf 67' lang='lat' dir='ltr'><strong>ut</strong></span> <span class='ocrx_word' id='word_1_653' title='bbox 3125 3034 3264 3104; x_wconf 84' lang='lat' dir='ltr'><strong>quod</strong></span> <span class='ocrx_word' id='word_1_654' title='bbox 3291 3034 3445 3104; x_wconf 83' lang='lat' dir='ltr'><strong>longo</strong></span> <span class='ocrx_word' id='word_1_655' title='bbox 3472 3045 3711 3105; x_wconf 88' lang='lat' dir='ltr'><strong>tetnpore</strong></span> <span class='ocrx_word' id='word_1_656' title='bbox 3734 3034 3867 3090; x_wconf 75' lang='lat' dir='ltr'><strong>illos</strong></span> 
     </span>
    </p>
   </div>
   <div class='ocr_carea' id='block_1_86' title="bbox 2259 3123 3868 3197">
    <p class='ocr_par' dir='ltr' id='par_1_86' title="bbox 2259 3123 3868 3197">
     <span class='ocr_line' id='line_1_86' title="bbox 2259 3123 3868 3197; baseline 0.004 -20"><span class='ocrx_word' id='word_1_657' title='bbox 2259 3123 2557 3178; x_wconf 86' lang='lat' dir='ltr'><strong>docuerint.</strong></span> <span class='ocrx_word' id='word_1_658' title='bbox 2609 3124 2675 3178; x_wconf 84' lang='lat' dir='ltr'><strong>Et</strong></span> <span class='ocrx_word' id='word_1_659' title='bbox 2704 3127 3157 3179; x_wconf 87' lang='lat' dir='ltr'><strong>communicatione</strong></span> <span class='ocrx_word' id='word_1_660' title='bbox 3178 3166 3195 3193; x_wconf 94' lang='lat'><strong>,</strong></span> <span class='ocrx_word' id='word_1_661' title='bbox 3229 3136 3277 3180; x_wconf 82' lang='lat' dir='ltr'><strong>ct</strong></span> <span class='ocrx_word' id='word_1_662' title='bbox 3306 3128 3552 3197; x_wconf 80' lang='lat' dir='ltr'><strong>fractione</strong></span> <span class='ocrx_word' id='word_1_663' title='bbox 3598 3128 3774 3196; x_wconf 87' lang='lat' dir='ltr'><strong>panis,</strong></span> <span class='ocrx_word' id='word_1_664' title='bbox 3811 3139 3868 3183; x_wconf 78' lang='lat' dir='ltr'><strong>et</strong></span> 
     </span>
    </p>
   </div>
   <div class='ocr_carea' id='block_1_87' title="bbox 2259 3217 3872 3292">
    <p class='ocr_par' dir='ltr' id='par_1_87' title="bbox 2259 3217 3872 3292">
     <span class='ocr_line' id='line_1_87' title="bbox 2259 3217 3872 3292; baseline 0.004 -21"><span class='ocrx_word' id='word_1_665' title='bbox 2259 3218 2507 3272; x_wconf 85' lang='lat' dir='ltr'><strong>oratione.</strong></span> <span class='ocrx_word' id='word_1_666' title='bbox 2557 3217 2748 3273; x_wconf 88' lang='lat' dir='ltr'><strong>Omnia</strong></span> <span class='ocrx_word' id='word_1_667' title='bbox 2792 3222 3183 3284; x_wconf 60' lang='lat' dir='ltr'><strong>communiter,</strong></span> <span class='ocrx_word' id='word_1_668' title='bbox 3216 3222 3395 3275; x_wconf 84' lang='lat' dir='ltr'><strong>omnia</strong></span> <span class='ocrx_word' id='word_1_669' title='bbox 3426 3238 3546 3275; x_wconf 84' lang='lat' dir='ltr'><strong>eum</strong></span> <span class='ocrx_word' id='word_1_670' title='bbox 3600 3238 3872 3292; x_wconf 55' lang='lat' dir='ltr'><strong>perscve:</strong></span> 
     </span>
    </p>
   </div>
   <div class='ocr_carea' id='block_1_88' title="bbox 2258 3308 3873 3381">
    <p class='ocr_par' dir='ltr' id='par_1_88' title="bbox 2258 3308 3873 3381">
     <span class='ocr_line' id='line_1_88' title="bbox 2258 3308 3873 3381; baseline 0.001 -17"><span class='ocrx_word' id='word_1_671' title='bbox 2258 3311 2426 3364; x_wconf 87' lang='lat' dir='ltr'><strong>rantia</strong></span> <span class='ocrx_word' id='word_1_672' title='bbox 2462 3308 2491 3363; x_wconf 72' lang='lat' dir='ltr'><strong>ft</strong></span> <span class='ocrx_word' id='word_1_673' title='bbox 2512 3320 2723 3372; x_wconf 90' lang='lat' dir='ltr'><strong>eernnt,</strong></span> <span class='ocrx_word' id='word_1_674' title='bbox 2775 3312 2963 3381; x_wconf 89' lang='lat' dir='ltr'><strong>inquit.</strong></span> <span class='ocrx_word' id='word_1_675' title='bbox 2990 3312 3058 3366; x_wconf 72' lang='grc'><strong>45</strong></span> <span class='ocrx_word' id='word_1_676' title='bbox 3114 3310 3291 3365; x_wconf 81' lang='lat' dir='ltr'><strong>Fiebat</strong></span> <span class='ocrx_word' id='word_1_677' title='bbox 3322 3322 3486 3365; x_wconf 89' lang='lat' dir='ltr'><strong>autem</strong></span> <span class='ocrx_word' id='word_1_678' title='bbox 3514 3314 3649 3366; x_wconf 88' lang='lat' dir='ltr'><strong>omni</strong></span> <span class='ocrx_word' id='word_1_679' title='bbox 3669 3314 3873 3375; x_wconf 63' lang='lat' dir='ltr'><strong>anitum</strong></span> 
     </span>
    </p>
   </div>
   <div class='ocr_carea' id='block_1_89' title="bbox 2260 3397 3869 3475">
    <p class='ocr_par' dir='ltr' id='par_1_89' title="bbox 2260 3397 3869 3475">
     <span class='ocr_line' id='line_1_89' title="bbox 2260 3397 3869 3475; baseline 0.007 -24"><span class='ocrx_word' id='word_1_680' title='bbox 2260 3397 2643 3473; x_wconf 70' lang='lat' dir='ltr'><strong>[credentium]</strong></span> <span class='ocrx_word' id='word_1_681' title='bbox 2684 3403 2853 3456; x_wconf 86' lang='lat' dir='ltr'><strong>timor.</strong></span> <span class='ocrx_word' id='word_1_682' title='bbox 2913 3402 3081 3457; x_wconf 76' lang='lat' dir='ltr'><strong>Multa</strong></span> <span class='ocrx_word' id='word_1_683' title='bbox 3128 3420 3325 3473; x_wconf 86' lang='lat' dir='ltr'><strong>quoque</strong></span> <span class='ocrx_word' id='word_1_684' title='bbox 3379 3405 3608 3474; x_wconf 78' lang='lat' dir='ltr'><strong>prodigia</strong></span> <span class='ocrx_word' id='word_1_685' title='bbox 3639 3414 3683 3457; x_wconf 87' lang='lat' dir='ltr'><strong>et</strong></span> <span class='ocrx_word' id='word_1_686' title='bbox 3710 3406 3869 3475; x_wconf 79' lang='lat' dir='ltr'><strong>signa</strong></span> 
     </span>
    </p>
   </div>
   <div class='ocr_carea' id='block_1_90' title="bbox 2262 3495 3869 3568">
    <p class='ocr_par' dir='ltr' id='par_1_90' title="bbox 2262 3495 3869 3568">
     <span class='ocr_line' id='line_1_90' title="bbox 2262 3495 3869 3568; baseline 0.006 -23"><span class='ocrx_word' id='word_1_687' title='bbox 2262 3508 2349 3560; x_wconf 84' lang='lat' dir='ltr'><strong>per</strong></span> <span class='ocrx_word' id='word_1_688' title='bbox 2368 3495 2622 3560; x_wconf 78' lang='lat' dir='ltr'><strong>apostolos</strong></span> <span class='ocrx_word' id='word_1_689' title='bbox 2652 3496 2855 3563; x_wconf 76' lang='lat' dir='ltr'><strong>fiebant.</strong></span> <span class='ocrx_word' id='word_1_690' title='bbox 2892 3496 3102 3549; x_wconf 77' lang='lat' dir='ltr'><strong>Merito.</strong></span> <span class='ocrx_word' id='word_1_691' title='bbox 3146 3496 3328 3565; x_wconf 77' lang='lat' dir='ltr'><strong>Neque</strong></span> <span class='ocrx_word' id='word_1_692' title='bbox 3354 3498 3496 3551; x_wconf 90' lang='lat' dir='ltr'><strong>enim</strong></span> <span class='ocrx_word' id='word_1_693' title='bbox 3529 3508 3584 3551; x_wconf 91' lang='lat' dir='ltr'><strong>ut</strong></span> <span class='ocrx_word' id='word_1_694' title='bbox 3610 3498 3869 3568; x_wconf 76' lang='lat' dir='ltr'><strong>volgares</strong></span> 
     </span>
    </p>
   </div>
   <div class='ocr_carea' id='block_1_91' title="bbox 2262 3584 3867 3659">
    <p class='ocr_par' dir='ltr' id='par_1_91' title="bbox 2262 3584 3867 3659">
     <span class='ocr_line' id='line_1_91' title="bbox 2262 3584 3867 3659; baseline 0.006 -22"><span class='ocrx_word' id='word_1_695' title='bbox 2262 3584 2503 3639; x_wconf 84' lang='lat' dir='ltr'><strong>homines</strong></span> <span class='ocrx_word' id='word_1_696' title='bbox 2553 3587 2941 3653; x_wconf 69' lang='lat' dir='ltr'><strong>despiciebant,</strong></span> <span class='ocrx_word' id='word_1_697' title='bbox 3004 3604 3175 3657; x_wconf 82' lang='lat' dir='ltr'><strong>neque</strong></span> <span class='ocrx_word' id='word_1_698' title='bbox 3232 3589 3391 3642; x_wconf 84' lang='lat' dir='ltr'><strong>rebus</strong></span> <span class='ocrx_word' id='word_1_699' title='bbox 3439 3590 3539 3643; x_wconf 81' lang='lat' dir='ltr'><strong>sub</strong></span> <span class='ocrx_word' id='word_1_700' title='bbox 3577 3600 3867 3659; x_wconf 85' lang='lat' dir='ltr'><strong>aspectum</strong></span> 
     </span>
    </p>
   </div>
   <div class='ocr_carea' id='block_1_92' title="bbox 2258 3675 3867 3740">
    <p class='ocr_par' dir='ltr' id='par_1_92' title="bbox 2258 3675 3867 3740">
     <span class='ocr_line' id='line_1_92' title="bbox 2258 3675 3867 3740; baseline 0.004 -14"><span class='ocrx_word' id='word_1_701' title='bbox 2258 3675 2571 3730; x_wconf 83' lang='lat' dir='ltr'><strong>cadentibus</strong></span> <span class='ocrx_word' id='word_1_702' title='bbox 2618 3676 2965 3731; x_wconf 84' lang='lat' dir='ltr'><strong>attendebaut</strong></span> <span class='ocrx_word' id='word_1_703' title='bbox 2991 3720 3003 3740; x_wconf 92' lang='lat'><strong>,</strong></span> <span class='ocrx_word' id='word_1_704' title='bbox 3038 3678 3132 3733; x_wconf 67' lang='lat' dir='ltr'><strong>sed</strong></span> <span class='ocrx_word' id='word_1_705' title='bbox 3182 3677 3397 3732; x_wconf 53' lang='lat' dir='ltr'><strong>incensa</strong></span> <span class='ocrx_word' id='word_1_706' title='bbox 3440 3691 3555 3732; x_wconf 80' lang='lat' dir='ltr'><strong>erat</strong></span> <span class='ocrx_word' id='word_1_707' title='bbox 3585 3695 3738 3737; x_wconf 89' lang='lat' dir='ltr'><strong>mens</strong></span> <span class='ocrx_word' id='word_1_708' title='bbox 3762 3696 3867 3736; x_wconf 77' lang='lat' dir='ltr'><strong>eo-</strong></span> 
     </span>
    </p>
   </div>
   <div class='ocr_carea' id='block_1_93' title="bbox 2260 3767 3859 3840">
    <p class='ocr_par' dir='ltr' id='par_1_93' title="bbox 2260 3767 3859 3840">
     <span class='ocr_line' id='line_1_93' title="bbox 2260 3767 3859 3840; baseline 0.003 -18"><span class='ocrx_word' id='word_1_709' title='bbox 2260 3783 2399 3822; x_wconf 86' lang='lat' dir='ltr'><strong>rum.</strong></span> <span class='ocrx_word' id='word_1_710' title='bbox 2432 3768 2565 3836; x_wconf 82' lang='lat' dir='ltr'><strong>Quia</strong></span> <span class='ocrx_word' id='word_1_711' title='bbox 2593 3770 2736 3820; x_wconf 80' lang='lat' dir='ltr'><strong>tllilll</strong></span> <span class='ocrx_word' id='word_1_712' title='bbox 2771 3770 2930 3821; x_wconf 87' lang='lat' dir='ltr'><strong>multa</strong></span> <span class='ocrx_word' id='word_1_713' title='bbox 2954 3768 3200 3836; x_wconf 89' lang='lat' dir='ltr'><strong>superius</strong></span> <span class='ocrx_word' id='word_1_714' title='bbox 3229 3768 3383 3822; x_wconf 76' lang='lat' dir='ltr'><strong>verba</strong></span> <span class='ocrx_word' id='word_1_715' title='bbox 3410 3767 3612 3823; x_wconf 86' lang='lat' dir='ltr'><strong>fmierat</strong></span> <span class='ocrx_word' id='word_1_716' title='bbox 3643 3770 3859 3840; x_wconf 72' lang='lat' dir='ltr'><strong>Petrus,</strong></span> 
     </span>
    </p>
   </div>
   <div class='ocr_carea' id='block_1_94' title="bbox 2260 3860 3865 3932">
    <p class='ocr_par' dir='ltr' id='par_1_94' title="bbox 2260 3860 3865 3932">
     <span class='ocr_line' id='line_1_94' title="bbox 2260 3860 3865 3932; baseline 0.004 -19"><span class='ocrx_word' id='word_1_717' title='bbox 2260 3860 2676 3929; x_wconf 86' lang='lat' dir='ltr'><strong>ostenderatqne</strong></span> <span class='ocrx_word' id='word_1_718' title='bbox 2705 3872 2758 3915; x_wconf 89' lang='lat' dir='ltr'><strong>et</strong></span> <span class='ocrx_word' id='word_1_719' title='bbox 2789 3862 3045 3928; x_wconf 81' lang='lat' dir='ltr'><strong>promissa</strong></span> <span class='ocrx_word' id='word_1_720' title='bbox 3076 3872 3129 3915; x_wconf 89' lang='lat' dir='ltr'><strong>et</strong></span> <span class='ocrx_word' id='word_1_721' title='bbox 3153 3860 3347 3925; x_wconf 88' lang='lat' dir='ltr'><strong>futura,</strong></span> <span class='ocrx_word' id='word_1_722' title='bbox 3379 3862 3500 3932; x_wconf 82' lang='lat' dir='ltr'><strong>jure</strong></span> <span class='ocrx_word' id='word_1_723' title='bbox 3550 3875 3691 3918; x_wconf 90' lang='lat' dir='ltr'><strong>mettt</strong></span> <span class='ocrx_word' id='word_1_724' title='bbox 3732 3881 3865 3925; x_wconf 81' lang='lat' dir='ltr'><strong>cur-</strong></span> 
     </span>
    </p>
   </div>
   <div class='ocr_carea' id='block_1_95' title="bbox 2260 3951 3856 4021">
    <p class='ocr_par' dir='ltr' id='par_1_95' title="bbox 2260 3951 3856 4021">
     <span class='ocr_line' id='line_1_95' title="bbox 2260 3951 3856 4021; baseline 0.007 -16"><span class='ocrx_word' id='word_1_725' title='bbox 2260 3951 2394 4018; x_wconf 78' lang='lat' dir='ltr'><strong>rcpti</strong></span> <span class='ocrx_word' id='word_1_726' title='bbox 2444 3962 2617 4014; x_wconf 70' lang='lat' dir='ltr'><strong>erant,</strong></span> <span class='ocrx_word' id='word_1_727' title='bbox 2656 3962 2710 4005; x_wconf 83' lang='lat' dir='ltr'><strong>et</strong></span> <span class='ocrx_word' id='word_1_728' title='bbox 2757 3954 2904 4021; x_wconf 83' lang='lat' dir='ltr'><strong>signa</strong></span> <span class='ocrx_word' id='word_1_729' title='bbox 2951 3952 3109 4007; x_wconf 86' lang='lat' dir='ltr'><strong>dictis</strong></span> <span class='ocrx_word' id='word_1_730' title='bbox 3157 3955 3527 4009; x_wconf 79' lang='lat' dir='ltr'><strong>testimonium</strong></span> <span class='ocrx_word' id='word_1_731' title='bbox 3581 3954 3856 4017; x_wconf 73' lang='lat' dir='ltr'><strong>ft&#39;rebanl.</strong></span> 
     </span>
    </p>
   </div>
   <div class='ocr_carea' id='block_1_96' title="bbox 2258 4040 3859 4115">
    <p class='ocr_par' dir='ltr' id='par_1_96' title="bbox 2258 4040 3859 4115">
     <span class='ocr_line' id='line_1_96' title="bbox 2258 4040 3859 4115; baseline 0.004 -19"><span class='ocrx_word' id='word_1_732' title='bbox 2258 4042 2403 4096; x_wconf 81' lang='lat' dir='ltr'><strong>Sicut</strong></span> <span class='ocrx_word' id='word_1_733' title='bbox 2428 4042 2584 4111; x_wconf 75' lang='lat' dir='ltr'><strong>igitur</strong></span> <span class='ocrx_word' id='word_1_734' title='bbox 2610 4042 2658 4095; x_wconf 86' lang='lat' dir='ltr'><strong>in</strong></span> <span class='ocrx_word' id='word_1_735' title='bbox 2685 4040 2898 4096; x_wconf 79' lang='lat' dir='ltr'><strong>Christo</strong></span> <span class='ocrx_word' id='word_1_736' title='bbox 2923 4044 3150 4110; x_wconf 88' lang='lat' dir='ltr'><strong>primum</strong></span> <span class='ocrx_word' id='word_1_737' title='bbox 3182 4045 3351 4112; x_wconf 75' lang='lat' dir='ltr'><strong>signa,</strong></span> <span class='ocrx_word' id='word_1_738' title='bbox 3378 4056 3557 4114; x_wconf 83' lang='lat' dir='ltr'><strong>postea</strong></span> <span class='ocrx_word' id='word_1_739' title='bbox 3587 4046 3859 4115; x_wconf 78' lang='lat' dir='ltr'><strong>doctrina,</strong></span> 
     </span>
    </p>
   </div>
   <div class='ocr_carea' id='block_1_97' title="bbox 2260 4134 3867 4211">
    <p class='ocr_par' dir='ltr' id='par_1_97' title="bbox 2260 4134 3867 4211">
     <span class='ocr_line' id='line_1_97' title="bbox 2260 4134 3867 4211; baseline 0.007 -26"><span class='ocrx_word' id='word_1_740' title='bbox 2260 4134 2453 4187; x_wconf 85' lang='lat' dir='ltr'><strong>deinde</strong></span> <span class='ocrx_word' id='word_1_741' title='bbox 2492 4135 2743 4187; x_wconf 80' lang='lat' dir='ltr'><strong>mracula</strong></span> <span class='ocrx_word' id='word_1_742' title='bbox 2774 4150 2788 4186; x_wconf 85' lang='lat'><strong>:</strong></span> <span class='ocrx_word' id='word_1_743' title='bbox 2824 4135 2893 4187; x_wconf 92' lang='lat' dir='ltr'><strong>ita</strong></span> <span class='ocrx_word' id='word_1_744' title='bbox 2918 4143 2971 4189; x_wconf 88' lang='lat' dir='ltr'><strong>et</strong></span> <span class='ocrx_word' id='word_1_745' title='bbox 2996 4151 3155 4187; x_wconf 90' lang='lat' dir='ltr'><strong>nunc.</strong></span> <span class='ocrx_word' id='word_1_746' title='bbox 3207 4137 3295 4190; x_wconf 67' lang='grc'><strong>44.</strong></span> <span class='ocrx_word' id='word_1_747' title='bbox 3332 4137 3516 4192; x_wconf 84' lang='lat' dir='ltr'><strong>()mn.s</strong></span> <span class='ocrx_word' id='word_1_748' title='bbox 3554 4148 3722 4192; x_wconf 77' lang='lat' dir='ltr'><strong>autent</strong></span> <span class='ocrx_word' id='word_1_749' title='bbox 3770 4143 3867 4211; x_wconf 83' lang='lat' dir='ltr'><strong>qui</strong></span> 
     </span>
    </p>
   </div>
   <div class='ocr_carea' id='block_1_98' title="bbox 2260 4228 3860 4293">
    <p class='ocr_par' dir='ltr' id='par_1_98' title="bbox 2260 4228 3860 4293">
     <span class='ocr_line' id='line_1_98' title="bbox 2260 4228 3860 4293; baseline 0.006 -14"><span class='ocrx_word' id='word_1_750' title='bbox 2260 4229 2542 4290; x_wconf 74' lang='lat' dir='ltr'><strong>Credebant,</strong></span> <span class='ocrx_word' id='word_1_751' title='bbox 2580 4238 2721 4279; x_wconf 69' lang='lat' dir='ltr'><strong>erant</strong></span> <span class='ocrx_word' id='word_1_752' title='bbox 2752 4228 2959 4293; x_wconf 85' lang='lat' dir='ltr'><strong>pariter,</strong></span> <span class='ocrx_word' id='word_1_753' title='bbox 2990 4239 3035 4281; x_wconf 90' lang='lat' dir='ltr'><strong>et</strong></span> <span class='ocrx_word' id='word_1_754' title='bbox 3068 4231 3312 4282; x_wconf 81' lang='lat' dir='ltr'><strong>habebant</strong></span> <span class='ocrx_word' id='word_1_755' title='bbox 3340 4232 3509 4282; x_wconf 88' lang='lat' dir='ltr'><strong>omnia</strong></span> <span class='ocrx_word' id='word_1_756' title='bbox 3543 4239 3860 4289; x_wconf 84' lang='lat' dir='ltr'><strong>communia.</strong></span> 
     </span>
    </p>
   </div>
   <div class='ocr_carea' id='block_1_99' title="bbox 2263 4317 3864 4397">
    <p class='ocr_par' dir='ltr' id='par_1_99' title="bbox 2263 4317 3864 4397">
     <span class='ocr_line' id='line_1_99' title="bbox 2263 4317 3864 4397; baseline 0.006 -23"><span class='ocrx_word' id='word_1_757' title='bbox 2263 4317 2415 4383; x_wconf 74' lang='lat' dir='ltr'><strong>Vide,</strong></span> <span class='ocrx_word' id='word_1_758' title='bbox 2448 4329 2676 4387; x_wconf 80' lang='lat' dir='ltr'><strong>quantus</strong></span> <span class='ocrx_word' id='word_1_759' title='bbox 2702 4320 2878 4373; x_wconf 88' lang='lat' dir='ltr'><strong>statim</strong></span> <span class='ocrx_word' id='word_1_760' title='bbox 2911 4318 3205 4397; x_wconf 77' lang='lat' dir='ltr'><strong>profectus.</strong></span> <span class='ocrx_word' id='word_1_761' title='bbox 3250 4320 3367 4377; x_wconf 77' lang='lat' dir='ltr'><strong>Non</strong></span> <span class='ocrx_word' id='word_1_762' title='bbox 3399 4324 3541 4380; x_wconf 87' lang='lat' dir='ltr'><strong>enim</strong></span> <span class='ocrx_word' id='word_1_763' title='bbox 3573 4325 3622 4377; x_wconf 88' lang='lat' dir='ltr'><strong>itt</strong></span> <span class='ocrx_word' id='word_1_764' title='bbox 3652 4330 3864 4383; x_wconf 82' lang='lat' dir='ltr'><strong>oratio-</strong></span> 
     </span>
    </p>
   </div>
   <div class='ocr_carea' id='block_1_100' title="bbox 2264 4412 3865 4483">
    <p class='ocr_par' dir='ltr' id='par_1_100' title="bbox 2264 4412 3865 4483">
     <span class='ocr_line' id='line_1_100' title="bbox 2264 4412 3865 4483; baseline 0.006 -19"><span class='ocrx_word' id='word_1_765' title='bbox 2264 4412 2419 4465; x_wconf 70' lang='lat' dir='ltr'><strong>nibus</strong></span> <span class='ocrx_word' id='word_1_766' title='bbox 2469 4421 2673 4473; x_wconf 87' lang='lat' dir='ltr'><strong>tantum</strong></span> <span class='ocrx_word' id='word_1_767' title='bbox 2705 4422 2822 4471; x_wconf 56' lang='lat' dir='ltr'><strong>erat</strong></span> <span class='ocrx_word' id='word_1_768' title='bbox 2853 4413 3289 4480; x_wconf 77' lang='lat' dir='ltr'><strong>communicatio,</strong></span> <span class='ocrx_word' id='word_1_769' title='bbox 3324 4430 3500 4483; x_wconf 84' lang='lat' dir='ltr'><strong>neque</strong></span> <span class='ocrx_word' id='word_1_770' title='bbox 3529 4417 3579 4469; x_wconf 91' lang='lat' dir='ltr'><strong>in</strong></span> <span class='ocrx_word' id='word_1_771' title='bbox 3613 4416 3865 4480; x_wconf 80' lang='lat' dir='ltr'><strong>doctrina</strong></span> 
     </span>
    </p>
   </div>
   <div class='ocr_carea' id='block_1_101' title="bbox 2262 4506 3867 4577">
    <p class='ocr_par' dir='ltr' id='par_1_101' title="bbox 2262 4506 3867 4577">
     <span class='ocr_line' id='line_1_101' title="bbox 2262 4506 3867 4577; baseline 0.006 -18"><span class='ocrx_word' id='word_1_772' title='bbox 2262 4507 2455 4569; x_wconf 88' lang='lat' dir='ltr'><strong>solum,</strong></span> <span class='ocrx_word' id='word_1_773' title='bbox 2486 4506 2577 4561; x_wconf 89' lang='lat' dir='ltr'><strong>sed</strong></span> <span class='ocrx_word' id='word_1_774' title='bbox 2605 4508 2766 4562; x_wconf 88' lang='lat' dir='ltr'><strong>etiatn</strong></span> <span class='ocrx_word' id='word_1_775' title='bbox 2802 4509 2854 4561; x_wconf 89' lang='lat' dir='ltr'><strong>in</strong></span> <span class='ocrx_word' id='word_1_776' title='bbox 2890 4511 3012 4561; x_wconf 83' lang='lat' dir='ltr'><strong>vita:</strong></span> <span class='ocrx_word' id='word_1_777' title='bbox 3050 4508 3333 4577; x_wconf 84' lang='lat' dir='ltr'><strong>probitate.</strong></span> <span class='ocrx_word' id='word_1_778' title='bbox 3362 4509 3453 4565; x_wconf 64' lang='lat'><strong>45.</strong></span> <span class='ocrx_word' id='word_1_779' title='bbox 3505 4508 3867 4568; x_wconf 74' lang='lat' dir='ltr'><strong>Posscssioncs</strong></span> 
     </span>
    </p>
   </div>
   <div class='ocr_carea' id='block_1_102' title="bbox 2261 4600 3862 4673">
    <p class='ocr_par' dir='ltr' id='par_1_102' title="bbox 2261 4600 3862 4673">
     <span class='ocr_line' id='line_1_102' title="bbox 2261 4600 3862 4673; baseline 0.004 -20"><span class='ocrx_word' id='word_1_780' title='bbox 2261 4611 2307 4653; x_wconf 87' lang='lat' dir='ltr'><strong>et</strong></span> <span class='ocrx_word' id='word_1_781' title='bbox 2336 4601 2637 4653; x_wconf 86' lang='lat' dir='ltr'><strong>substantias</strong></span> <span class='ocrx_word' id='word_1_782' title='bbox 2662 4600 2939 4654; x_wconf 74' lang='lat' dir='ltr'><strong>vendebant</strong></span> <span class='ocrx_word' id='word_1_783' title='bbox 2966 4644 2979 4665; x_wconf 91' lang='lat'><strong>,</strong></span> <span class='ocrx_word' id='word_1_784' title='bbox 3010 4612 3055 4653; x_wconf 87' lang='lat' dir='ltr'><strong>et</strong></span> <span class='ocrx_word' id='word_1_785' title='bbox 3096 4601 3381 4654; x_wconf 83' lang='lat' dir='ltr'><strong>dividebant</strong></span> <span class='ocrx_word' id='word_1_786' title='bbox 3421 4603 3537 4656; x_wconf 85' lang='lat' dir='ltr'><strong>illas</strong></span> <span class='ocrx_word' id='word_1_787' title='bbox 3580 4606 3815 4659; x_wconf 74' lang='lat' dir='ltr'><strong>omnibus</strong></span> <span class='ocrx_word' id='word_1_788' title='bbox 3846 4650 3862 4673; x_wconf 85' lang='lat'><strong>,</strong></span> 
     </span>
    </p>
   </div>
   <div class='ocr_carea' id='block_1_103' title="bbox 2264 4693 3867 4763">
    <p class='ocr_par' dir='ltr' id='par_1_103' title="bbox 2264 4693 3867 4763">
     <span class='ocr_line' id='line_1_103' title="bbox 2264 4693 3867 4763; baseline 0.009 -22"><span class='ocrx_word' id='word_1_789' title='bbox 2264 4702 2417 4760; x_wconf 82' lang='lat' dir='ltr'><strong>prout</strong></span> <span class='ocrx_word' id='word_1_790' title='bbox 2463 4694 2641 4759; x_wconf 86' lang='lat' dir='ltr'><strong>cuique</strong></span> <span class='ocrx_word' id='word_1_791' title='bbox 2691 4710 2816 4763; x_wconf 84' lang='lat' dir='ltr'><strong>opus</strong></span> <span class='ocrx_word' id='word_1_792' title='bbox 2866 4704 2991 4747; x_wconf 84' lang='lat' dir='ltr'><strong>erat.</strong></span> <span class='ocrx_word' id='word_1_793' title='bbox 3048 4693 3217 4759; x_wconf 85' lang='lat' dir='ltr'><strong>Vide,</strong></span> <span class='ocrx_word' id='word_1_794' title='bbox 3260 4705 3488 4763; x_wconf 84' lang='lat' dir='ltr'><strong>quantus</strong></span> <span class='ocrx_word' id='word_1_795' title='bbox 3543 4696 3703 4751; x_wconf 91' lang='lat' dir='ltr'><strong>timor</strong></span> <span class='ocrx_word' id='word_1_796' title='bbox 3754 4700 3867 4755; x_wconf 87' lang='lat' dir='ltr'><strong>illis</strong></span> 
     </span>
    </p>
   </div>
   <div class='ocr_carea' id='block_1_104' title="bbox 2231 4784 3866 4858">
    <p class='ocr_par' dir='ltr' id='par_1_104' title="bbox 2231 4784 3866 4858">
     <span class='ocr_line' id='line_1_104' title="bbox 2231 4784 3866 4858; baseline 0.006 -23"><span class='ocrx_word' id='word_1_797' title='bbox 2231 4793 2238 4797; x_wconf 91' lang='lat'>&#39;</span> <span class='ocrx_word' id='word_1_798' title='bbox 2265 4784 2474 4837; x_wconf 82' lang='lat' dir='ltr'><strong>accidit.</strong></span> <span class='ocrx_word' id='word_1_799' title='bbox 2533 4784 2596 4836; x_wconf 77' lang='lat' dir='ltr'><strong>Et</strong></span> <span class='ocrx_word' id='word_1_800' title='bbox 2628 4785 2912 4837; x_wconf 72' lang='lat' dir='ltr'><strong>dividebant</strong></span> <span class='ocrx_word' id='word_1_801' title='bbox 2939 4801 3043 4839; x_wconf 86' lang='lat' dir='ltr'><strong>eos.</strong></span> <span class='ocrx_word' id='word_1_802' title='bbox 3097 4786 3229 4851; x_wconf 90' lang='lat' dir='ltr'><strong>lloc,</strong></span> <span class='ocrx_word' id='word_1_803' title='bbox 3264 4786 3464 4856; x_wconf 89' lang='lat' dir='ltr'><strong>inquit,</strong></span> <span class='ocrx_word' id='word_1_804' title='bbox 3496 4787 3866 4858; x_wconf 84' lang='lat' dir='ltr'><strong>dispensatio-</strong></span> 
     </span>
    </p>
   </div>
   <div class='ocr_carea' id='block_1_105' title="bbox 2265 4876 3864 4951">
    <p class='ocr_par' dir='ltr' id='par_1_105' title="bbox 2265 4876 3864 4951">
     <span class='ocr_line' id='line_1_105' title="bbox 2265 4876 3864 4951; baseline 0.004 -21"><span class='ocrx_word' id='word_1_805' title='bbox 2265 4893 2386 4930; x_wconf 88' lang='lat' dir='ltr'><strong>nem</strong></span> <span class='ocrx_word' id='word_1_806' title='bbox 2416 4877 2737 4946; x_wconf 84' lang='lat' dir='ltr'><strong>signilicans.</strong></span> <span class='ocrx_word' id='word_1_807' title='bbox 2786 4876 2945 4930; x_wconf 86' lang='lat' dir='ltr'><strong>Prout</strong></span> <span class='ocrx_word' id='word_1_808' title='bbox 2970 4879 3148 4948; x_wconf 82' lang='lat' dir='ltr'><strong>cuique</strong></span> <span class='ocrx_word' id='word_1_809' title='bbox 3177 4895 3300 4948; x_wconf 84' lang='lat' dir='ltr'><strong>Opus</strong></span> <span class='ocrx_word' id='word_1_810' title='bbox 3332 4891 3456 4934; x_wconf 88' lang='lat' dir='ltr'><strong>erat.</strong></span> <span class='ocrx_word' id='word_1_811' title='bbox 3481 4878 3595 4936; x_wconf 79' lang='lat' dir='ltr'><strong>Non</strong></span> <span class='ocrx_word' id='word_1_812' title='bbox 3622 4880 3819 4937; x_wconf 79' lang='lat' dir='ltr'><strong>frustra</strong></span> <span class='ocrx_word' id='word_1_813' title='bbox 3845 4926 3864 4951; x_wconf 86' lang='lat'><strong>,</strong></span> 
     </span>
    </p>
   </div>
   <div class='ocr_carea' id='block_1_106' title="bbox 2266 4968 3864 5039">
    <p class='ocr_par' dir='ltr' id='par_1_106' title="bbox 2266 4968 3864 5039">
     <span class='ocr_line' id='line_1_106' title="bbox 2266 4968 3864 5039; baseline 0.005 -18"><span class='ocrx_word' id='word_1_814' title='bbox 2266 4968 2713 5037; x_wconf 86' lang='lat' dir='ltr'><strong>quemadmodum</strong></span> <span class='ocrx_word' id='word_1_815' title='bbox 2744 4969 2882 5039; x_wconf 88' lang='lat' dir='ltr'><strong>aptul</strong></span> <span class='ocrx_word' id='word_1_816' title='bbox 2910 4968 3129 5036; x_wconf 65' lang='lat' dir='ltr'><strong>Graecos</strong></span> <span class='ocrx_word' id='word_1_817' title='bbox 3157 4971 3459 5039; x_wconf 70' lang='lat' dir='ltr'><strong>philosophi</strong></span> <span class='ocrx_word' id='word_1_818' title='bbox 3482 5014 3494 5031; x_wconf 88' lang='lat'><strong>.</strong></span> <span class='ocrx_word' id='word_1_819' title='bbox 3527 4974 3616 5033; x_wconf 76' lang='lat' dir='ltr'><strong>alii</strong></span> <span class='ocrx_word' id='word_1_820' title='bbox 3660 4984 3864 5032; x_wconf 79' lang='lat' dir='ltr'><strong>terram</strong></span> 
     </span>
    </p>
   </div>
   <div class='ocr_carea' id='block_1_107' title="bbox 2269 5059 3861 5133">
    <p class='ocr_par' dir='ltr' id='par_1_107' title="bbox 2269 5059 3861 5133">
     <span class='ocr_line' id='line_1_107' title="bbox 2269 5059 3861 5133; baseline 0.006 -20"><span class='ocrx_word' id='word_1_821' title='bbox 2269 5059 2660 5128; x_wconf 74' lang='lat' dir='ltr'><strong>relinquebant,</strong></span> <span class='ocrx_word' id='word_1_822' title='bbox 2691 5060 2780 5112; x_wconf 90' lang='lat' dir='ltr'><strong>alii</strong></span> <span class='ocrx_word' id='word_1_823' title='bbox 2815 5060 3035 5113; x_wconf 89' lang='lat' dir='ltr'><strong>multmn</strong></span> <span class='ocrx_word' id='word_1_824' title='bbox 3068 5064 3182 5115; x_wconf 88' lang='lat' dir='ltr'><strong>auri</strong></span> <span class='ocrx_word' id='word_1_825' title='bbox 3216 5063 3268 5115; x_wconf 89' lang='lat' dir='ltr'><strong>in</strong></span> <span class='ocrx_word' id='word_1_826' title='bbox 3296 5078 3444 5117; x_wconf 90' lang='lat' dir='ltr'><strong>mare</strong></span> <span class='ocrx_word' id='word_1_827' title='bbox 3472 5064 3861 5133; x_wconf 86' lang='lat' dir='ltr'><strong>projiciebant;</strong></span> 
     </span>
    </p>
   </div>
   <div class='ocr_carea' id='block_1_108' title="bbox 2266 5151 3862 5223">
    <p class='ocr_par' dir='ltr' id='par_1_108' title="bbox 2266 5151 3862 5223">
     <span class='ocr_line' id='line_1_108' title="bbox 2266 5151 3862 5223; baseline 0.006 -20"><span class='ocrx_word' id='word_1_828' title='bbox 2266 5151 2403 5219; x_wconf 91' lang='lat' dir='ltr'><strong>quod</strong></span> <span class='ocrx_word' id='word_1_829' title='bbox 2435 5165 2538 5203; x_wconf 89' lang='lat' dir='ltr'><strong>non</strong></span> <span class='ocrx_word' id='word_1_830' title='bbox 2568 5151 2912 5219; x_wconf 86' lang='lat' dir='ltr'><strong>pecuniarum</strong></span> <span class='ocrx_word' id='word_1_831' title='bbox 2968 5162 3310 5223; x_wconf 88' lang='lat' dir='ltr'><strong>contemptus</strong></span> <span class='ocrx_word' id='word_1_832' title='bbox 3338 5166 3476 5220; x_wconf 88' lang='lat' dir='ltr'><strong>erat,</strong></span> <span class='ocrx_word' id='word_1_833' title='bbox 3505 5156 3598 5209; x_wconf 84' lang='lat' dir='ltr'><strong>sed</strong></span> <span class='ocrx_word' id='word_1_834' title='bbox 3628 5158 3862 5213; x_wconf 73' lang='lat' dir='ltr'><strong>stultitia</strong></span> 
     </span>
    </p>
   </div>
   <div class='ocr_carea' id='block_1_109' title="bbox 2267 5244 3863 5317">
    <p class='ocr_par' dir='ltr' id='par_1_109' title="bbox 2267 5244 3863 5317">
     <span class='ocr_line' id='line_1_109' title="bbox 2267 5244 3863 5317; baseline 0.008 -22"><span class='ocrx_word' id='word_1_835' title='bbox 2267 5253 2321 5296; x_wconf 90' lang='lat' dir='ltr'><strong>et</strong></span> <span class='ocrx_word' id='word_1_836' title='bbox 2366 5244 2687 5311; x_wconf 69' lang='lat' dir='ltr'><strong>insipientia.</strong></span> <span class='ocrx_word' id='word_1_837' title='bbox 2741 5246 2964 5314; x_wconf 82' lang='lat' dir='ltr'><strong>Semper</strong></span> <span class='ocrx_word' id='word_1_838' title='bbox 3004 5248 3145 5301; x_wconf 90' lang='lat' dir='ltr'><strong>enim</strong></span> <span class='ocrx_word' id='word_1_839' title='bbox 3194 5246 3398 5300; x_wconf 87' lang='lat' dir='ltr'><strong>studuit</strong></span> <span class='ocrx_word' id='word_1_840' title='bbox 3445 5250 3714 5317; x_wconf 87' lang='lat' dir='ltr'><strong>diabolus,</strong></span> <span class='ocrx_word' id='word_1_841' title='bbox 3766 5252 3863 5307; x_wconf 90' lang='lat' dir='ltr'><strong>Dei</strong></span> 
     </span>
    </p>
   </div>
   <div class='ocr_carea' id='block_1_110' title="bbox 2267 5336 3867 5415">
    <p class='ocr_par' dir='ltr' id='par_1_110' title="bbox 2267 5336 3867 5415">
     <span class='ocr_line' id='line_1_110' title="bbox 2267 5336 3867 5415; baseline 0.008 -29"><span class='ocrx_word' id='word_1_842' title='bbox 2267 5344 2541 5387; x_wconf 72' lang='lat' dir='ltr'><strong>exeatm-as</strong></span> <span class='ocrx_word' id='word_1_843' title='bbox 2582 5336 2775 5404; x_wconf 87' lang='lat' dir='ltr'><strong>ubique</strong></span> <span class='ocrx_word' id='word_1_844' title='bbox 2816 5336 3158 5401; x_wconf 88' lang='lat' dir='ltr'><strong>calumniari,</strong></span> <span class='ocrx_word' id='word_1_845' title='bbox 3206 5339 3358 5406; x_wconf 84' lang='lat' dir='ltr'><strong>quasi</strong></span> <span class='ocrx_word' id='word_1_846' title='bbox 3387 5354 3489 5393; x_wconf 90' lang='lat' dir='ltr'><strong>non</strong></span> <span class='ocrx_word' id='word_1_847' title='bbox 3519 5352 3699 5411; x_wconf 74' lang='lat' dir='ltr'><strong>pOSSCl</strong></span> <span class='ocrx_word' id='word_1_848' title='bbox 3738 5345 3867 5415; x_wconf 77' lang='lat' dir='ltr'><strong>quis</strong></span> 
     </span>
    </p>
   </div>
   <div class='ocr_carea' id='block_1_111' title="bbox 2270 5427 3864 5504">
    <p class='ocr_par' dir='ltr' id='par_1_111' title="bbox 2270 5427 3864 5504">
     <span class='ocr_line' id='line_1_111' title="bbox 2270 5427 3864 5504; baseline 0.006 -25"><span class='ocrx_word' id='word_1_849' title='bbox 2270 5427 2404 5481; x_wconf 77' lang='lat' dir='ltr'><strong>bene</strong></span> <span class='ocrx_word' id='word_1_850' title='bbox 2447 5429 2519 5481; x_wconf 86' lang='lat' dir='ltr'><strong>uti</strong></span> <span class='ocrx_word' id='word_1_851' title='bbox 2568 5429 2823 5493; x_wconf 83' lang='lat' dir='ltr'><strong>pecuniis.</strong></span> <span class='ocrx_word' id='word_1_852' title='bbox 2875 5430 2962 5484; x_wconf 68' lang='grc' dir='ltr'><strong>ιδ.</strong></span> <span class='ocrx_word' id='word_1_853' title='bbox 3014 5430 3251 5496; x_wconf 63' lang='lat' dir='ltr'><strong>Quotidie</strong></span> <span class='ocrx_word' id='word_1_854' title='bbox 3291 5448 3489 5502; x_wconf 50' lang='lat' dir='ltr'><strong>quoiue</strong></span> <span class='ocrx_word' id='word_1_855' title='bbox 3528 5452 3864 5504; x_wconf 73' lang='lat' dir='ltr'><strong>perseueran-</strong></span> 
     </span>
    </p>
   </div>
   <div class='ocr_carea' id='block_1_112' title="bbox 2270 5521 3869 5598">
    <p class='ocr_par' dir='ltr' id='par_1_112' title="bbox 2270 5521 3869 5598">
     <span class='ocr_line' id='line_1_112' title="bbox 2270 5521 3869 5598; baseline 0.003 -25"><span class='ocrx_word' id='word_1_856' title='bbox 2270 5532 2338 5573; x_wconf 73' lang='lat' dir='ltr'><strong>tes</strong></span> <span class='ocrx_word' id='word_1_857' title='bbox 2384 5521 2685 5598; x_wconf 70' lang='lat' dir='ltr'><strong>mmniptiter</strong></span> <span class='ocrx_word' id='word_1_858' title='bbox 2728 5522 2779 5573; x_wconf 90' lang='lat' dir='ltr'><strong>in</strong></span> <span class='ocrx_word' id='word_1_859' title='bbox 2835 5525 3039 5591; x_wconf 73' lang='lat' dir='ltr'><strong>templo.</strong></span> <span class='ocrx_word' id='word_1_860' title='bbox 3109 5522 3205 5575; x_wconf 89' lang='lat' dir='ltr'><strong>llic</strong></span> <span class='ocrx_word' id='word_1_861' title='bbox 3253 5524 3467 5577; x_wconf 86' lang='lat' dir='ltr'><strong>modum</strong></span> <span class='ocrx_word' id='word_1_862' title='bbox 3514 5524 3706 5595; x_wconf 75' lang='lat' dir='ltr'><strong>docet,</strong></span> <span class='ocrx_word' id='word_1_863' title='bbox 3756 5543 3869 5594; x_wconf 67' lang='lat' dir='ltr'><strong>quo</strong></span> 
     </span>
    </p>
   </div>
   <div class='ocr_carea' id='block_1_113' title="bbox 2269 5614 2899 5669">
    <p class='ocr_par' dir='ltr' id='par_1_113' title="bbox 2269 5614 2899 5669">
     <span class='ocr_line' id='line_1_113' title="bbox 2269 5614 2899 5669; baseline -0.002 -2"><span class='ocrx_word' id='word_1_864' title='bbox 2269 5616 2508 5667; x_wconf 77' lang='lat' dir='ltr'><strong>dot-trina</strong></span> <span class='ocrx_word' id='word_1_865' title='bbox 2568 5614 2899 5669; x_wconf 83' lang='lat' dir='ltr'><strong>fruebantur.</strong></span> 
     </span>
    </p>
   </div>
   <div class='ocr_carea' id='block_1_114' title="bbox 2340 5705 3871 5777">
    <p class='ocr_par' dir='ltr' id='par_1_114' title="bbox 2340 5705 3871 5777">
     <span class='ocr_line' id='line_1_114' title="bbox 2340 5705 3871 5777; baseline 0.004 -19"><span class='ocrx_word' id='word_1_866' title='bbox 2340 5705 2393 5758; x_wconf 72' lang='lat'><strong>&#39;2.</strong></span> <span class='ocrx_word' id='word_1_867' title='bbox 2429 5706 2488 5758; x_wconf 67' lang='lat' dir='ltr'><strong>lit</strong></span> <span class='ocrx_word' id='word_1_868' title='bbox 2520 5706 2785 5775; x_wconf 86' lang='lat' dir='ltr'><strong>perpende</strong></span> <span class='ocrx_word' id='word_1_869' title='bbox 2812 5748 2824 5769; x_wconf 90' lang='lat'><strong>,</strong></span> <span class='ocrx_word' id='word_1_870' title='bbox 2854 5707 3122 5777; x_wconf 89' lang='lat' dir='ltr'><strong>quomodo</strong></span> <span class='ocrx_word' id='word_1_871' title='bbox 3166 5708 3295 5761; x_wconf 88' lang='lat' dir='ltr'><strong>nihil</strong></span> <span class='ocrx_word' id='word_1_872' title='bbox 3336 5706 3475 5762; x_wconf 81' lang='lat' dir='ltr'><strong>aliud</strong></span> <span class='ocrx_word' id='word_1_873' title='bbox 3508 5705 3743 5764; x_wconf 69' lang='lat' dir='ltr'><strong>facerent</strong></span> <span class='ocrx_word' id='word_1_874' title='bbox 3773 5718 3871 5772; x_wconf 60' lang='grc' dir='ltr'><strong>λει-</strong></span> 
     </span>
    </p>
   </div>
   <div class='ocr_carea' id='block_1_115' title="bbox 2273 5803 3869 5872">
    <p class='ocr_par' dir='ltr' id='par_1_115' title="bbox 2273 5803 3869 5872">
     <span class='ocr_line' id='line_1_115' title="bbox 2273 5803 3869 5872; baseline 0.003 -18"><span class='ocrx_word' id='word_1_875' title='bbox 2273 5806 2392 5867; x_wconf 68' lang='lat' dir='ltr'><strong>then,</strong></span> <span class='ocrx_word' id='word_1_876' title='bbox 2438 5818 2532 5855; x_wconf 87' lang='lat' dir='ltr'><strong>nec</strong></span> <span class='ocrx_word' id='word_1_877' title='bbox 2567 5818 2804 5871; x_wconf 68' lang='lat' dir='ltr'><strong>parvum,</strong></span> <span class='ocrx_word' id='word_1_878' title='bbox 2840 5820 2937 5859; x_wconf 80' lang='lat' dir='ltr'><strong>nec</strong></span> <span class='ocrx_word' id='word_1_879' title='bbox 2968 5818 3238 5872; x_wconf 83' lang='lat' dir='ltr'><strong>magnum,</strong></span> <span class='ocrx_word' id='word_1_880' title='bbox 3282 5804 3373 5859; x_wconf 75' lang='lat' dir='ltr'><strong>sed</strong></span> <span class='ocrx_word' id='word_1_881' title='bbox 3416 5803 3465 5857; x_wconf 87' lang='lat' dir='ltr'><strong>in</strong></span> <span class='ocrx_word' id='word_1_882' title='bbox 3498 5804 3696 5859; x_wconf 87' lang='lat' dir='ltr'><strong>temolo</strong></span> <span class='ocrx_word' id='word_1_883' title='bbox 3723 5806 3869 5859; x_wconf 61' lang='grc' dir='ltr'><strong>δεύ-</strong></span> 
     </span>
    </p>
   </div>
  </div>
