4014 6480
163 427 211 480 ts
1123 416 1187 472 IN
1227 416 1405 472 ACTA
1448 409 2222 469 APOSTOLOltL‘MJlUlltL.
2271 408 2378 464 \‘ll.
2665 371 2672 379 ’
3370 399 3438 457 ca

166 541 230 591 dui
248 545 425 591 essent.
446 535 579 591 Nam
605 542 805 605 utpote
829 531 1174 588 ferventiores
1197 531 1342 592 facti,
1368 529 1572 599 majore
1594 542 1720 597 erga

163 633 300 687 locum
321 637 466 684 erant
494 625 840 683 reverentia.
869 623 1046 694 Neque
1067 623 1207 679 enim
1231 622 1350 675 illos
1374 620 1549 674 adhuc
1573 619 1721 672 avel-

162 725 303 780 leuant
366 721 618 789 apostoli,
673 734 748 773 ne
795 717 937 789 ipsos
980 717 1257 773 laederent.
1313 714 1382 768 Et
1435 718 1724 784 frangentes

157 816 265 867 circa
287 812 452 865 domos
478 825 694 878 partem,
725 808 984 864 sumebant
1030 808 1191 862 cibum
1234 822 1348 859 cum
1394 804 1726 859 exsultatione

157 915 194 956 ct
231 903 534 970 simplicitate
595 902 778 956 cordis
812 940 828 966 ,
876 901 964 956 47.
1013 898 1371 955 collaudantes
1425 894 1588 948 Deum
1613 935 1627 959 ,
1675 901 1723 947 et

156 996 351 1049 tabentes
405 993 630 1064 gratiam
695 991 766 1044 ad
819 1007 1016 1045 omnem
1067 990 1282 1060 plebem.
1337 987 1472 1040 Cum
1533 999 1724 1054 panem

157 1086 277 1146 dicit.
299 1085 551 1154 jejunium
582 1082 728 1138 mihi
747 1092 802 1138 et
821 1091 1090 1138 austeram
1118 1079 1282 1135 vitam
1306 1076 1615 1147 signiﬁcare
1636 1075 1722 1129 vi-

155 1178 312 1232 detur:
335 1176 450 1230 cibo
477 1176 654 1241 enim,
689 1191 793 1230 non
819 1173 1028 1229 deliciis
1061 1171 1365 1228 utebantur.
1399 1162 1534 1225 Hinc
1554 1168 1721 1233 disce,

155 1268 333 1331 dilecte,
363 1282 466 1320 non
499 1266 746 1332 deliciis,
771 1265 864 1319 scd
891 1264 1011 1319 cibo
1032 1278 1129 1316 nos
1149 1261 1382 1315 suaviter
1400 1257 1536 1323 frui;
1563 1267 1727 1314 etcos

154 1358 221 1425 qui
247 1356 435 1410 deliciis
478 1356 760 1417 fruuntur,
796 1355 846 1407 in
892 1353 1106 1407 tristitia
1145 1367 1296 1415 esse;
1345 1350 1430 1419 qui
1462 1364 1589 1402 vero
1618 1362 1723 1401 non

153 1450 393 1510 fruuntur,
445 1449 498 1502 in
546 1448 772 1518 gaudio.
825 1446 1011 1528 Videp’
1062 1444 1206 1501 Petri
1247 1456 1557 1506 sermones,
1602 1441 1726 1495 vita:

157 1545 524 1609 temperantiam
587 1538 888 1594 intulisse?
933 1538 1024 1592 Sic
1073 1553 1180 1590 tton
1227 1542 1401 1606 potest
1440 1533 1726 1589 exsultatio

153 1645 246 1685 esse
281 1631 390 1685 sine
431 1631 807 1701 simplicitate.
852 1629 917 1684 Et
957 1629 1250 1701 quomodo,
1284 1628 1510 1698 inquies,
1556 1626 1728 1680 [labe-

153 1723 246 1774 bant
277 1724 485 1793 gratiam
515 1725 587 1777 ad
626 1741 824 1778 omnem
856 1723 1046 1791 plebem
1066 1723 1092 1776 ?
1128 1723 1353 1792 Propter
1383 1738 1468 1786 ea,
1499 1737 1617 1791 qua:
1647 1721 1725 1776 fa-

150 1814 327 1868 ciebant
364 1831 458 1884 per
504 1816 910 1888 eleemosynam
972 1814 1053 1870 Ne
1097 1814 1237 1868 enim
1278 1812 1542 1877 attendas,
1583 1810 1728 1882 quod

153 1906 384 1974 principes
419 1908 769 1962 sacerdotum
801 1906 872 1963 ob
912 1905 1165 1960 invidiam
1195 1912 1251 1960 ct
1288 1906 1510 1959 livorem
1552 1903 1728 1957 insur-

151 2008 304 2064 gerent
331 1999 381 2052 in
411 1998 554 2062 illos,
579 1997 680 2053 sed
707 1998 849 2068 quod
873 1999 1097 2069 gratiam
1122 1997 1384 2052 haberent
1401 1995 1466 2052 ad
1492 1995 1722 2064 plebem.

154 2086 366 2142 Dominus
394 2101 565 2144 autem
610 2091 827 2161 augebat
866 2089 1090 2160 quotidie
1116 2105 1202 2142 eos
1221 2130 1236 2152 ,
1275 2090 1362 2158 qui
1391 2087 1519 2141 salvi
1547 2087 1727 2155 ﬁerent

152 2182 189 2230 in
223 2176 458 2233 Ecclesia.
507 2180 704 2234 Omnes
743 2190 913 2234 autent
951 2181 1206 2234 credentes
1246 2179 1400 2232 simul
1436 2188 1603 2232 erant.
1636 2177 1726 2232 Sic

152 2269 316 2337 ubique
341 2270 480 2325 bona
507 2280 596 2326 est
625 2271 932 2326 caucordia.
967 2269 1196 2340 Aliisque
1227 2269 1538 2324 sermonibus
1581 2272 1725 2323 testi-

153 2360 301 2425 ﬁcatus
325 2370 413 2416 est.
455 2361 574 2418 Hoc
596 2362 733 2422 dixit
763 2362 1077 2428 ostendens,
1109 2381 1213 2417 non
1239 2363 1370 2421 satis
1399 2362 1563 2418 fuisse
1593 2364 1680 2418 illa
1706 2405 1723 2430 ,

154 2468 247 2521 qua
272 2454 405 2509 dicta
433 2455 654 2511 fuerant
684 2473 697 2510 :
731 2455 814 2511 vel
849 2457 931 2510 illa
969 2455 1184 2526 quidem
1213 2456 1456 2519 dixerat,
1491 2466 1547 2510 ut
1571 2456 1638 2511 ad
1664 2456 1727 2510 ﬁ-

153 2544 250 2598 dem
279 2545 590 2612 induceret;
622 2547 736 2603 lttec
765 2548 1196 2614 verodocebant,
1219 2549 1430 2618 qualem
1455 2557 1730 2618 oporteret

154 2651 250 2692 esse
289 2639 520 2696 ﬁdelem.
571 2639 686 2697 Nec
731 2640 886 2706 dixit,
942 2641 996 2694 In
1041 2655 1239 2704 cruce;
1275 2641 1387 2704 sed,
1423 2641 1492 2694 In
1524 2643 1729 2696 nomine

154 2726 256 2780 less
299 2727 485 2784 Christi
534 2731 821 2800 baptizelur
867 2733 1208 2801 unusquisque
1252 2741 1490 2785 vestrum.
1544 2731 1728 2802 Neque

154 2820 428 2888 frequenter
462 2821 574 2877 illis
597 2837 814 2877 crucem
844 2831 1230 2877 comtneinOi-at
1255 2863 1269 2886 ,
1308 2836 1374 2877 ne
1399 2823 1728 2891 exprobrare

155 2910 396 2976 videatur;
431 2913 528 2968 sed
559 2914 880 2983 simpliciter
905 2913 1032 2966 dicit
1061 2933 1074 2968 :
1112 2911 1470 2972 Pwttiteutiam
1502 2915 1654 2984 agite,
1680 2922 1727 2967 et

156 3000 394 3066 baptizatur
423 3005 773 3076 unusquisque
799 3004 852 3056 in
878 3005 1080 3057 nomine
1102 3001 1229 3057 Jesu
1257 3001 1442 3057 Christi
1472 3004 1522 3057 in
1546 3006 1728 3057 rentisv

154 3091 313 3146 tionem
349 3105 699 3162 peccatorum.
747 3094 910 3163 Atqui
952 3094 1112 3151 aliter
1140 3094 1227 3148 hic
1257 3108 1316 3148 se
1345 3093 1545 3150 habent
1579 3094 1725 3163 judi-

156 3186 325 3240 cinrnm
372 3189 521 3259 leges
557 3209 571 3244 :
607 3203 728 3243 nam
780 3188 832 3242 in
881 3188 1263 3258 prtcdicatione
1307 3202 1428 3241 cum
1473 3197 1729 3258 peccator

156 3277 438 3345 confitetur,
485 3291 619 3335 tunc
659 3290 925 3334 servatur.
965 3278 1114 3345 Vide,
1155 3279 1426 3353 quomodo
1455 3279 1644 3336 Petrus
1674 3278 1728 3332 id

158 3371 269 3436 quod
307 3373 478 3442 majus
515 3383 603 3430 est
638 3388 742 3428 non
775 3374 1130 3443 prmterierit;
1170 3373 1263 3427 sed
1306 3387 1426 3426 cum
1458 3371 1525 3438 de
1555 3372 1724 3442 gratia

160 3463 381 3529 dixisset,
413 3465 542 3520 illud
587 3464 945 3532 subjunxerit,
975 3465 1160 3519 dicens
1191 3484 1204 3520 :
1235 3464 1504 3534 Accipietis
1535 3464 1728 3517 donum

162 3550 349 3616 Spiritus
374 3559 558 3612 sancti.
596 3553 728 3613 Fide
767 3557 959 3627 dignus
1007 3571 1188 3610 sermo
1227 3567 1341 3611 erat
1379 3572 1446 3610 ex
1479 3557 1576 3620 iis,
1608 3571 1726 3625 quae

156 3641 240 3710 jam
267 3657 600 3717 acceperant.
627 3649 845 3703 Interim
867 3649 1009 3702 enim
1043 3649 1091 3703 id
1125 3648 1266 3720 quod
1290 3648 1446 3704 facile
1471 3658 1554 3702 est
1574 3649 1724 3714 dicit,

161 3744 202 3788 et
222 3737 343 3804 quod
370 3755 626 3809 magnum
657 3739 818 3794 habet
854 3739 1076 3805 donum,
1100 3749 1153 3793 ct
1182 3747 1308 3793 tunc
1339 3739 1403 3792 ad
1435 3740 1594 3792 vitam
1626 3739 1727 3792 du-

162 3823 242 3886 ίῑις
275 3842 480 3896 gnarus,
531 3831 874 3884 occasionem
920 3830 1047 3900 ipsis
1088 3830 1308 3898 majoris
1354 3829 1516 3883 studii
1566 3829 1723 3895 fore,

163 3916 274 3991 quod
301 3927 437 3973 tanta
463 3921 580 3991 jam
617 3921 758 3976 bona
788 3921 1182 3992 degustassent.
1217 3921 1348 3985 Quia
1382 3936 1509 3974 vero
1535 3921 1725 3990 cupie-

159 4003 235 4058 bat
255 4009 452 4065 auditor
478 4013 694 4067 discere
723 4011 773 4066 id
796 4054 809 4076 ,
842 4012 982 4082 quod
1012 4012 1244 4082 plurium
1277 4012 1488 4068 illorum
1520 4027 1729 4066 sermo.

165 4112 262 4152 tuan
312 4114 465 4174 caput
522 4113 692 4169 esset,
757 4105 883 4158 illud
943 4119 1155 4176 quoque
1213 4103 1380 4170 addit,
1437 4104 1726 4170 ostendens

166 4188 328 4246 donum
375 4211 495 4252 esse
552 4195 785 4266 Spiritus
834 4197 1026 4252 sancti.
1074 4197 1152 4250 llli
1195 4196 1373 4266 itaque
1417 4212 1726 4254 sermonem

166 4283 470 4352 accipientes,
501 4286 648 4351 dicta
675 4287 1066 4353 laudaveram,
1108 4289 1208 4342 etsi
1237 4298 1437 4342 metum
1473 4305 1723 4360 magnum

169 4369 453 4443 incuterent,
487 4391 544 4435 ct
574 4382 639 4436 iis
665 4381 870 4435 asScnsi
893 4422 906 4446 ,
939 4389 1066 4436 tunc
1096 4381 1161 4434 ad
1193 4381 1454 4450 baptisma
1485 4383 1724 4439 veniunt.

168 4465 247 4517 Sed
272 4484 376 4536 qua:
403 4473 544 4526 dicta
574 4481 720 4538 sunt,
752 4482 1078 4542 repetamus.
1106 4471 1292 4538 Erant,
1323 4473 1512 4542 inquit,
1547 4491 1722 4545 perse-

168 4571 353 4616 verantes
374 4566 424 4617 iu
451 4565 706 4619 doctrina.
745 4563 880 4622 Hinc
912 4566 1085 4639 palam
1114 4577 1196 4621 est
1227 4582 1323 4621 eos
1349 4583 1452 4621 non
1487 4584 1613 4634 uno,
1639 4570 1726 4624 vel

169 4647 336 4706 duobus
367 4657 445 4711 vel
481 4654 654 4711 tribus
684 4657 904 4722 diebus,
938 4658 1034 4712 sed
1061 4657 1242 4712 multis
1268 4658 1484 4712 cdoctos
1519 4659 1685 4714 fuisse
1709 4701 1724 4726 ,

172 4746 316 4805 utpote
340 4747 421 4813 qui
455 4747 619 4800 vitam
651 4749 996 4803 mutaverint.
1032 4747 1212 4803 Fiebat
1244 4763 1412 4803 autent
1440 4752 1579 4804 omni
1610 4753 1727 4804 ani-

171 4844 243 4882 ma
267 4836 416 4889 timor.
464 4837 522 4892 Si
568 4837 753 4906 Omni,
780 4840 941 4894 etiam
975 4841 1038 4894 iis
1059 4884 1073 4905 ,
1105 4842 1194 4912 qui
1228 4857 1332 4895 tton
1364 4843 1724 4900 crediderant.

171 4916 429 4985 Verisimile
473 4939 652 4985 autem
683 4940 767 4987 est
797 4932 919 4986 illos
965 4932 1043 4988 sic
1087 4932 1310 4989 allectos
1341 4935 1537 5001 fuisse,
1583 4937 1727 5007 quod

173 5021 332 5072 tanaim
371 5023 619 5078 viderent
657 5026 1005 5081 mutationem
1039 5044 1053 5081 :
1083 5024 1223 5081 forte
1248 5029 1410 5082 etiam
1441 5044 1508 5084 ex
1537 5031 1726 5101 signis.

171 5102 253 5161 Nec
274 5110 424 5180 dixit,
453 5115 654 5182 Simul;
685 5117 800 5184 sed,
839 5117 1159 5174 Unanimiter
1187 5135 1207 5174 .'
1232 5120 1351 5190 quia
1387 5119 1497 5178 liet'i
1530 5134 1726 5192 potest,

173 5207 214 5249 υι
249 5205 446 5271 quidam
487 5209 646 5263 simul
685 5210 826 5275 sint,
871 5226 971 5267 nec
1013 5222 1188 5268 tamen
1236 5216 1590 5282 unanimiter,
1634 5218 1728 5273 sed

174 5299 386 5352 sententia
409 5298 754 5357 dissidentes.
778 5301 1130 5359 Sermonibus
1154 5319 1364 5375 quoque
1392 5307 1727 5363 hortabatur.

174 5376 316 5453 Neque
339 5388 428 5444 hic
455 5389 752 5447 doctrinam
783 5393 911 5448 dicit
931 5435 944 5455 ,
979 5395 1301 5464 compendio
1323 5397 1567 5467 loquens.
1595 5399 1730 5454 llittc

173 5467 269 5527 licet
308 5479 534 5547 discere,
584 5486 860 5554 apostolos
904 5485 1031 5556 ipsis
1084 5487 1234 5556 quasi
1288 5490 1519 5558 puerulis
1552 5491 1729 5546 cibum

175 5566 459 5631 “Piritusletn
483 5575 727 5644 dedisse,
766 5580 856 5650 qui
896 5590 950 5635 ut
975 5583 1146 5652 angeli
1183 5585 1361 5638 statim
1387 5584 1512 5642 facti
1539 5597 1659 5640 sunt
1691 5587 1728 5639 ί.

180 5652 524 5722 Ειάήνὶάειναηι
549 5673 788 5743 singulis,
833 5683 980 5742 prout
1020 5675 1200 5744 cuique
1239 5691 1366 5746 opus
1407 5688 1536 5733 erat.
1574 5678 1738 5734 Vide-

185 5819 338 5936 κλιέιέίὶ
372 5824 798 5888 sddunt,oratioui
826 5833 873 5880 et
912 5829 1185 5892 auditioni(
1212 5832 1459 5891 vet'leci
1486 5834 1504 5897 )
1530 5832 1721 5888 incum-

1783 553 1791 560 -
1836 525 1982 589 bant,
2016 524 2309 594 spiritualia
2339 539 2462 579 esse
2483 526 2822 590 Communia;
2863 519 3150 593 nullusque
3177 523 3282 577 alio
3315 520 3436 592 plus

1831 616 2082 681 habebat,
2109 626 2162 670 et
2182 616 2247 671 ad
2273 616 2374 672 hoc
2391 617 2570 672 statim
2596 625 2976 687 pervenerunt,
2999 625 3053 670 ttt
3075 631 3169 670 sua
3188 615 3438 669 omnibus

1831 706 2234 762 distribtterent.
2263 705 2450 762 Omnes
2471 718 2660 773 autem,
2683 711 2771 778 qui
2785 708 3070 769 credebant,
3099 708 3252 761 simul
3271 717 3436 760 erant.

1833 796 1989 863 Quod
2015 807 2194 852 autem
2224 812 2330 851 non
2363 797 2482 852 loco
2508 799 2667 851 sintut
2691 808 2892 862 essent,
2921 797 3096 867 palam
3126 809 3207 852 est
3233 815 3298 850 ex
3333 797 3397 850 iis
3419 840 3432 862 ,

1831 902 1952 952 qua}
1978 887 2253 957 subjuttxit
2284 908 2296 941 :
2328 887 2396 946 Et
2424 889 2594 941 omnia
2630 889 2879 942 habebant
2908 891 3214 942 communia.
3248 887 3438 943 Omnes

1831 980 2000 1033 dicit:
2030 995 2133 1033 non
2173 980 2260 1034 ille
2291 979 2556 1046 habebat,
2591 980 2680 1034 ille
2706 995 2882 1034 secus.
2915 980 3038 1036 lltec
3057 981 3295 1050 angelica
3325 995 3438 1034 res-

1833 1071 2041 1141 publica
2088 1083 2224 1135 erat,
2273 1073 2417 1143 quod
2469 1073 2599 1126 nihil
2647 1072 2889 1127 dicerent
2958 1073 3059 1126 sibi
3135 1073 3435 1143 proprium.

1833 1163 1970 1218 llinc
2012 1164 2160 1218 radix
2203 1165 2464 1218 malorum
2498 1165 2682 1220 excisa
2723 1175 2825 1230 ρει,
2856 1175 2909 1218 et
2949 1181 3013 1218 cx
3047 1167 3211 1233 gestis
3241 1165 3351 1218 suis
3379 1179 3442 1220 sc

1831 1256 2102 1311 audivisse
2129 1257 2586 1312 demonstrarunt.
2609 1258 2722 1312 lloc
2743 1273 2870 1328 ergo
2893 1268 3007 1310 crat
3029 1257 3167 1326 quod
3191 1257 3400 1311 dicebat
3423 1275 3436 1310 :

1833 1349 2503 1421 Salvaminiageneratione
2548 1351 2645 1404 ista
2673 1367 2848 1420 prava.
2885 1348 2952 1402 Et
2979 1351 3227 1419 apposita'
3243 1359 3358 1402 sunt
3387 1351 3440 1402 in

1832 1439 1914 1495 die
1942 1441 2034 1494 illa
2061 1441 2244 1497 aninta:
2269 1443 2466 1495 circiter
2494 1443 2589 1494 tria
2622 1444 2803 1495 millia.
2825 1442 2959 1507 Quia
2991 1452 3072 1496 ter
3095 1442 3436 1506 millectant,

1832 1531 2132 1588 educebant
2161 1532 2281 1586 illos
2307 1532 2480 1599 foras;
2509 1535 2598 1604 qui
2627 1550 2748 1590 cum
2789 1534 2983 1588 fiducia
3014 1534 3176 1587 tnulta
3202 1534 3441 1603 quotidie

1832 1617 2197 1672 ascendebant
2237 1618 2288 1672 in
2323 1620 2602 1688 templum,
2647 1631 2701 1674 et
2747 1620 2816 1674 ibi
2849 1620 3048 1674 assidui
3084 1629 3240 1673 erant
3271 1637 3283 1672 :
3315 1635 3438 1673 nam

1834 1707 2023 1765 Petrus
2077 1718 2133 1764 et
2173 1709 2408 1764 Joannes
2455 1711 2612 1778 paulo
2653 1720 2775 1780 post
2818 1710 2946 1764 illud
2992 1710 3235 1764 fecerunt
3265 1727 3276 1761 :
3309 1709 3441 1762 nihil

1831 1801 1977 1856 enim
2005 1814 2070 1854 ex
2092 1783 2327 1856 Judaicis
2353 1800 2528 1856 adhuc
2555 1801 2864 1857 movebant.
2896 1802 2961 1856 Et
2991 1801 3164 1856 honor
3186 1801 3276 1856 ille
3300 1810 3440 1854 tvm-

1833 1889 1925 1960 plo
1945 1889 2238 1956 cxhibitus,
2266 1893 2530 1947 transibat
2551 1892 2615 1946 ad
2641 1893 2823 1962 templi
2855 1893 3163 1947 Dominum.
3195 1891 3440 1946 Vidistin’

1833 1984 2047 2053 pietatis
2086 1985 2471 2056 augmentum?
2515 1985 2779 2040 Pecunias
2820 1987 3164 2055 abjiciebant,
3209 1995 3262 2040 et
3308 2001 3443 2054 gau-
3529 2021 3537 2029 ο

1832 2075 2032 2133 debant
2051 2118 2065 2141 ,
2095 2093 2396 2147 magnaque
2423 2089 2540 2135 erat
2570 2079 2753 2132 lzctitia
2780 2096 2794 2131 :
2825 2079 3028 2146 majora
3061 2078 3258 2148 quippe
3286 2088 3443 2130 erant

1832 2167 1971 2222 bona
1994 2184 2112 2238 quae
2139 2169 2499 2238 accipiebant.
2534 2169 2706 2224 Nemo
2743 2169 3135 2239 exprobrabat,
3170 2185 3329 2223 nemo
3361 2169 3443 2222 in-

1833 2258 2066 2323 videbat,
2087 2259 2264 2313 nullus
2290 2271 2408 2315 erat
2429 2251 2632 2329 fastus,
2659 2262 2838 2316 nullus
2868 2270 3211 2332 contemptus
3243 2284 3255 2318 :
3288 2263 3442 2331 quasi

1831 2351 1983 2420 pueri
2015 2366 2074 2405 se
2117 2352 2374 2420 putabant
2413 2352 2759 2417 erudiendos,
2801 2362 2858 2408 ut
2898 2369 3089 2408 recens
3116 2355 3223 2408 nati
3262 2354 3442 2409 allecti

1832 2452 2004 2499 erant.
2051 2443 2116 2496 Et
2162 2459 2258 2497 cur
2299 2445 2452 2514 quasi
2496 2446 2548 2499 in
2591 2445 2820 2517 obscura
2854 2446 3046 2516 loquor
3090 2447 3443 2517 imagine?Si

1831 2533 2153 2591 meministis
2193 2534 2464 2604 quomodo
2488 2576 2502 2600 ,
2537 2551 2657 2588 cum
2693 2536 2836 2590 Deus
2861 2539 3134 2592 concussit
3171 2538 3443 2593 civitatem

1834 2636 2070 2680 nostram
2102 2627 2205 2696 (η),
2237 2642 2425 2682 omnes
2455 2629 2666 2682 attoniti
2700 2639 2876 2695 erant,
2906 2631 2983 2685 sic
3011 2641 3135 2686 tunc
3163 2632 3232 2685 illi
3262 2632 3443 2688 allecti

1831 2726 2025 2771 erant:
2053 2717 2231 2772 nullus
2252 2717 2510 2774 subdolus
2539 2729 2676 2786 erat,
2707 2721 2887 2774 nullus
2913 2720 3200 2792 malignus.
3228 2723 3440 2777 Etenim

1835 2811 1955 2865 talis
1981 2811 2141 2865 timor
2166 2820 2266 2875 est,
2295 2812 2414 2865 talis
2441 2813 2709 2882 angustia.
2739 2813 2855 2868 Non
2883 2825 3000 2870 erat
3029 2815 3281 2885 frigidum
3310 2818 3440 2872 illud

1833 2903 2078 2969 verbum,
2131 2921 2296 2958 meum
2337 2913 2392 2959 et
2436 2916 2599 2959 tuum.
2649 2905 2776 2962 Ideo
2821 2909 3111 2964 exsultatio
3155 2911 3205 2964 in
3256 2927 3442 2966 mensa

1833 3005 1947 3048 crat
1973 3012 1987 3050 :
2013 3011 2172 3049 nemo
2200 2997 2270 3050 ita
2299 2995 2525 3052 allectus
2554 3013 2692 3065 erat,
2726 3012 2784 3054 ac
2805 3000 2848 3054 si
2875 3015 2942 3056 ex
2969 3000 3102 3067 suis,
3129 3017 3287 3056 nemo
3315 3018 3376 3055 ac.
3399 3005 3444 3059 si

1832 3101 1896 3140 ex
1922 3087 2112 3142 alienis
2140 3087 2326 3143 ederet
2354 3107 2367 3144 :
2395 3091 2496 3145 etsi
2525 3089 2628 3144 hoc
2653 3091 2880 3160 arnigma
2913 3091 3154 3147 videatur
3175 3108 3314 3148 esse.
3341 3094 3443 3148 Ne-

1831 3193 1936 3247 qne
1965 3179 2139 3234 aliena
2167 3180 2424 3246 putabant
2453 3196 2574 3236 esse
2615 3181 2750 3236 bona
2797 3182 3055 3249 fratrum;
3101 3195 3255 3238 crant
3298 3187 3442 3240 enim

1835 3280 1892 3324 ut
1920 3271 2306 3337 dominorum;
2340 3288 2513 3341 neque
2561 3273 2775 3344 pmprizt
2797 3317 2810 3337 ,
2845 3274 2940 3329 sed
2985 3275 3229 3330 fratrum.
3261 3277 3445 3348 Neque

1834 3379 2035 3434 pauper
2079 3365 2284 3434 pudore
2330 3366 2574 3430 all'cctus,
2624 3382 2799 3436 neque
2846 3367 2997 3422 dives
3047 3368 3262 3426 inﬂatus
3305 3382 3423 3425 erat

1834 3458 1946 3513 lloc
1973 3460 2265 3513 exsultatio
2293 3469 2394 3513 est.
2428 3458 2519 3514 llle
2546 3459 2698 3530 quasi
2728 3461 2988 3514 beneficio
3017 3462 3243 3518 allectus
3263 3507 3277 3528 ,
3312 3477 3363 3518 ct
3388 3465 3443 3521 lii

1831 3551 1982 3619 quasi
2023 3551 2145 3604 hinc
2171 3551 2336 3621 gloria
2368 3551 2545 3615 aucti;
2580 3561 2635 3605 et
2672 3551 2825 3605 valde
2854 3552 2993 3606 inter
3023 3569 3080 3608 se
3105 3564 3262 3608 erant
3292 3557 3445 3610 colli-

1830 3641 1960 3711 gati.
1995 3641 2128 3708 Quia
2160 3643 2303 3696 enim
2349 3645 2398 3694 in
2432 3645 2780 3710 pecuniarum
2813 3643 3279 3699 distributionibus
3307 3662 3442 3701 eou-

1832 3734 2068 3788 tumeliat
2097 3733 2368 3799 accidunt,
2399 3735 2727 3804 arrogantia,
2765 3735 3050 3800 molesti-.13,
3083 3736 3204 3791 ideo
3226 3737 3442 3794 dicabat

1825 3823 2144 3894 Apostolus,
2172 3824 2293 3880 Non
2320 3843 2382 3880 ex
2411 3827 2615 3880 tristitia
2635 3867 2649 3891 ,
2693 3837 2778 3879 aut
2805 3844 2866 3880 ca:
2896 3830 3184 3882 necessitate
3212 3831 3288 3897 (Et.
3319 3830 3440 3885 Cor.

1831 3915 1883 3970 9.
1911 3918 1988 3987 Ἰ).
2017 3917 2172 3984 Vide,
2201 3928 2401 3986 quanta
2434 3917 2540 3972 illis
2563 3918 2924 3974 testificetur?
2949 3919 3227 3975 Sinceram
3253 3922 3437 3988 fidem,

1832 4007 1993 4062 vitam
2019 4016 2244 4073 rectam,
2279 4010 2732 4077 perseverantiam
2762 4010 2812 4063 in
2838 4013 3098 4066 concione
3129 4014 3394 4068 audienda
3422 4058 3436 4082 ,

1833 4099 1884 4153 in
1914 4101 2188 4170 precibus,
2223 4100 2276 4154 in
2309 4100 2633 4170 frugalitate,
2667 4102 2720 4155 itt
2747 4101 2950 4156 laetitia.

1904 4195 1956 4247 3.
1996 4193 2108 4246 Duo
2139 4201 2387 4262 poterant
2428 4195 2547 4247 illos
2576 4192 2628 4247 in
2658 4209 2947 4249 matrorem
2978 4195 3269 4265 conjicere,
3294 4197 3438 4268 jeju-

1832 4287 2003 4348 nium,
2032 4294 2086 4339 ct
2118 4287 2465 4355 pecuniarum
2510 4287 2771 4356 erogatio.
2826 4286 2901 4340 llli
2937 4302 3065 4342 vero
3093 4304 3160 4344 ex
3211 4300 3442 4360 utroque

1830 4379 2154 4449 gaudebant.
2181 4379 2312 4446 Quis
2339 4380 2417 4432 sic
2438 4380 2660 4434 allectos
2686 4396 2790 4434 non
2821 4390 2876 4434 ut
2905 4397 3220 4440 communes
3261 4394 3445 4454 patres

1834 4471 2149 4525 dilexisset?
2195 4471 2334 4524 Nihil
2368 4473 2491 4525 mali
2524 4473 2805 4540 pariebant
2845 4473 2932 4527 alii
2974 4474 3233 4530 adversus
3270 4478 3440 4532 alios-

1835 4571 2001 4615 totum
2037 4564 2418 4630 permittebant
2461 4566 2645 4633 gratia:
2680 4564 2796 4620 Dei.
2853 4565 3040 4620 Nullus
3069 4569 3254 4623 aderat
3284 4572 3443 4626 timor

1835 4655 1885 4708 in
1914 4649 2087 4709 media
2126 4657 2360 4720 pericula
2393 4656 2676 4726 eonjectis.
2710 4657 2810 4711 Per
2859 4660 3260 4729 simplicitatem
3312 4678 3444 4734 ergo

1833 4761 2049 4801 Omnem
2100 4747 2314 4801 illorttm
2366 4748 2659 4802 declaravit
2703 4751 2975 4816 virtutem,
3027 4761 3082 4808 et
3134 4753 3441 4810 divitiarum

1834 4848 2167 4908 contemptu,
2203 4849 2256 4894 et
2293 4840 2524 4908 jejunio,
2556 4852 2610 4895 et
2658 4844 3062 4910 perseverantia
3114 4845 3164 4900 in
3194 4848 3442 4903 oratione

1836 4931 1995 5002 longe
2036 4931 2316 5000 majorem.
2350 4932 2424 4985 lta
2474 4947 2607 5000 pure
2640 4933 2806 4987 Deum
2862 4933 3170 5000 laudabant,
3203 4937 3308 4990 imo
3341 4936 3440 4993 hoc

1835 5034 1938 5090 est,
1969 5026 2142 5093 ipsum
2173 5039 2302 5092 pure
2335 5023 2576 5078 laudare.
2608 5024 2743 5079 Vide
2783 5035 2962 5081 autem
2993 5027 3079 5080 hic
3116 5028 3232 5081 illos
3260 5030 3443 5093 statim

1836 5117 2081 5185 accipere
2099 5115 2424 5170 mercedem.
2442 5116 2574 5169 Nam
2595 5117 2735 5186 qttod
2759 5117 3020 5171 haberent
3047 5120 3276 5188 gratiam
3300 5122 3438 5188 apud

1839 5209 2116 5278 populum,
2144 5207 2245 5262 ltoc
2274 5208 2465 5278 probat
2495 5208 2614 5262 illos
2643 5219 2696 5263 et
2738 5209 2997 5263 amabiles
3033 5221 3085 5262 ct
3122 5211 3276 5265 valde
3305 5211 3446 5266 dile—

1837 5309 1953 5353 ctos
1981 5299 2168 5354 fuisse.
2192 5299 2323 5365 Quis
2349 5299 2492 5353 enim
2527 5317 2629 5352 non
2659 5300 3028 5368 obstupescat,
3055 5301 3175 5370 quis
3205 5319 3307 5354 non
3343 5319 3446 5356 tnt-

1843 5403 1992 5447 retur
2012 5391 2200 5447 videns
2231 5390 2504 5444 hominem
2550 5392 2793 5444 moribus
2819 5392 3163 5459 simplicem?
3209 5405 3296 5446 aut
3327 5396 3448 5461 quis

1843 5502 1946 5542 non
1992 5485 2325 5540 devinciatur
2354 5483 2558 5537 ltomini
2590 5485 2721 5537 nihil
2754 5485 3036 5538 subdolum
3073 5469 3331 5539 habenti?
3362 5485 3444 5538 Ad

1904 5645 1978 5710 (α)
2005 5653 2170 5710 Teme
2205 5654 2388 5710 motum
2413 5654 2674 5710 memorat,
2712 5648 2796 5708 qui
2832 5646 3249 5710 Constantinopoli
3271 5649 3441 5697 accido

1839 5707 1967 5758 anno
1989 5708 2098 5764 400,
2121 5707 2387 5756 secundum
2411 5708 2533 5757 alios
2554 5716 2718 5756 autem
2734 5707 2873 5757 anno
2898 5711 3007 5759 .tOl.
3028 5707 3306 5765 DilﬁCnltas
3329 5723 3453 5759 vero

1841 5775 1950 5819 anni
1977 5770 2223 5819 statuendi
2257 5771 2372 5818 hinc
2394 5773 2567 5830 oritur,
2589 5771 2719 5832 quod
2743 5772 2846 5832 ipse
2871 5773 2998 5821 intra
3021 5773 3153 5821 uit-at
3170 5780 3317 5821 terra!
3342 5786 3451 5832 mo-

1843 5838 1946 5901 tttin
1973 5835 2150 5901 factum
2177 5844 2291 5881 eme
2314 5845 2441 5901 anno
2467 5830 2953 5895 sititeriorc.\’crttttt
2981 5848 3039 5883 ca
3065 5836 3128 5884 de
3150 5848 3205 5885 rc
3227 5830 3460 5901 pluribus

1844 5910 1892 5945 tn
1912 5895 2016 5946 Vita
2036 5893 2363 5958 Chrysostomi
2388 5893 2545 5944 actum
2569 5904 2661 5944 est.
