4092 6476
548 426 617 482 ϐ¹7
1252 426 1309 483 S.
1350 422 1627 481 JtMNNiS
1665 414 2139 475 CHRYSOSTOMI
2182 412 2498 477 ARCIIIEP.
2541 411 3072 470 CONS'I'.\.\'TINOP.
3759 409 3827 465 63

550 566 685 635 quos
712 548 813 607 nisi
849 546 915 601 ad
944 546 1041 599 hos
1069 542 1234 606 salus,
1263 539 1326 596 ad
1355 553 1488 609 quos
1530 550 1716 605 magna
1746 533 1914 588 bona'
1961 531 2125 635 perti:

526 623 746 712 peant?
769 637 956 693 Nonne
981 647 1220 706 pastores
1248 632 1397 702 primi
1419 630 1750 699 evangelium
1776 623 2132 695 acceperunt?

553 749 729 787 nonne
775 729 973 799 Ioseph
1029 729 1187 780 homo
1234 725 1455 801 simplex
1502 732 1649 787 erat;
1686 723 1755 774 ita
1797 730 1851 773 ιιι
1901 733 2000 772 nec
2038 733 2134 787 per

552 826 797 892 gnlnltcrii
851 822 1207 891 suspicionem
1251 820 1330 873 sic
1378 824 1784 886 perterreretur,
1830 822 1886 866 ut
1935 810 2132 880 aliquid

554 918 677 987 ptali
726 914 997 985 patraret?
1047 927 1221 965 nonne
1249 919 1486 986 agrestes
1517 908 1759 963 homines
1782 916 1837 960 et
1865 904 2135 972 sitttlilices

556 1012 694 1063 licus
722 1008 914 1077 elegit?
946 1006 1126 1057 Anima
1144 1004 1307 1065 enim,
1338 1002 1527 1071 inquit.
1562 1000 1722 1053 omnis
1743 999 1960 1067 simplex
1983 998 2133 1049 bene-

553 1102 723 1164 dicta;
754 1114 815 1152 ac
838 1111 1042 1159 rursus,
1063 1095 1162 1162 Qui
1183 1094 1408 1146 ambulat
1429 1092 1745 1159 simpliciter,
1769 1090 1992 1143 ambula!
2014 1105 2137 1141 con-

554 1192 764 1260 ﬁdenter
793 1188 972 1255 (Prov.
1008 1189 1089 1241 li.
1111 1186 1206 1243 25.
1242 1194 1287 1239 et
1318 1186 1403 1243 10.
1430 1184 1507 1253 9).
1543 1183 1737 1244 Etiam,
1770 1181 2007 1250 inquies;
2041 1178 2133 1233 sed

555 1280 833 1351 prudentia
862 1288 943 1332 est
971 1293 1125 1348 opus.
1156 1275 1261 1331 Sed
1308 1275 1433 1341 quid
1484 1274 1625 1328 aliud
1667 1281 1748 1327 est
1798 1270 2133 1339 simplicitas,

551 1388 710 1442 quam
761 1371 1081 1441 prudentia?
1124 1370 1258 1425 Cum
1300 1367 1440 1422 enim
1483 1366 1611 1419 nihil
1655 1364 1777 1418 mali
1824 1362 2131 1432 SliSpiCﬂl‘iS,

554 1462 684 1519 nihil
709 1462 831 1516 mali
863 1475 1051 1529 parere
1083 1471 1233 1528 potes
1259 1477 1273 1513 :
1302 1474 1418 1511 cum
1453 1456 1584 1510 nihil
1617 1454 1724 1511 fers
1757 1455 1999 1516 inoleste,
2029 1469 2133 1506 non

554 1553 755 1621 poteris
801 1552 1111 1625 iniuriarum
1151 1548 1440 1603 recordari.
1468 1546 1801 1603 Contumelia
1837 1554 1886 1599 te
1913 1545 2030 1614 quis
2058 1544 2137 1611 af-

553 1626 718 1697 fecit?
744 1640 857 1694 Non
884 1640 1099 1694 doluisti
1119 1656 1133 1699 ε
1154 1640 1478 1708 obloquutus
1507 1639 1628 1693 est?
1656 1636 1796 1691 Nihil
1828 1652 2014 1706 passus
2046 1651 2133 1691 es:

554 1733 743 1789 ittvidit
791 1732 923 1790 tibi?
972 1732 1085 1786 Non
1129 1748 1269 1800 a-gre
1320 1731 1504 1784 tulisti.
1535 1729 1631 1784 Via
1677 1727 1919 1799 qumdam
1950 1737 2027 1783 est
2072 1727 2136 1781 ad

554 1822 943 1899 philosophiam
986 1820 1316 1890 simplicitas.
1340 1819 1509 1873 Nemo
1549 1831 1652 1873 tam
1702 1817 1921 1888 pulcher
1959 1818 2139 1871 animo

554 1922 637 1969 est
664 1929 819 1981 quam
849 1911 927 1965 vir
953 1911 1201 1979 simplex.
1221 1910 1367 1965 Sicut
1388 1911 1530 1964 enim
1564 1911 1613 1963 in
1642 1923 1866 1977 corpore
1894 1908 1981 1976 qui
2006 1923 2140 1962 "HB-

556 2015 671 2059 stus
698 2014 799 2071 est,
840 2004 1104 2058 demissus
1133 2016 1187 2057 et
1210 2004 1619 2073 Cogitabundus,
1646 2002 1872 2056 multum
1902 2017 1965 2056 ex
2022 2002 2138 2071 pul-

557 2097 862 2153 chritudine
892 2096 1159 2159 detrahit;
1186 2098 1273 2157 qui
1306 2110 1432 2156 vero
1465 2096 1614 2148 laetus
1662 2103 1744 2149 est
1783 2104 1836 2149 et
1883 2094 2139 2155 subridet.

557 2189 945 2244 formositatem
988 2197 1146 2256 anget
1175 2205 1187 2240 :
1219 2188 1293 2245 sic
1327 2187 1377 2239 in
1423 2187 1598 2239 anima
1639 2186 1819 2240 evenit
1851 2202 1863 2237 :
1896 2185 1986 2254 qui
2015 2183 2141 2236 sub-

553 2281 711 2336 dnltts
750 2290 850 2339 est.
874 2281 971 2335 etsi
1003 2280 1279 2333 innumera
1314 2294 1476 2348 pcnt's
1498 2293 1555 2332 se
1580 2277 1771 2333 habent
1796 2278 1930 2331 bona
1954 2291 2137 2346 Opera,

554 2372 816 2432 (L‘snerdit
845 2372 969 2435 illa;
1010 2382 1193 2429 contra
1226 2386 1351 2424 vero
1380 2371 1467 2438 qui
1513 2370 1646 2424 liber
1674 2380 1756 2424 est
1796 2379 1850 2423 et
1887 2369 2135 2440 simplex.

556 2464 740 2518 'i‘alem
769 2457 1037 2518 hominem
1068 2465 1185 2533 quis
1207 2463 1305 2517 sibi
1340 2465 1567 2516 anticum
1597 2462 1822 2518 fidenter
1854 2472 2037 2531 paret;
2087 2470 2141 2525 et

560 2556 603 2608 si
654 2555 897 2608 inimicus
938 2554 1026 2615 sit,
1060 2568 1180 2606 cum
1215 2554 1305 2605 illo
1336 2553 1787 2606 reconciliabitur.
1818 2552 1971 2606 Nulla
2001 2554 2142 2607 enim

558 2644 625 2700 ad
660 2644 759 2699 hnc
785 2660 919 2713 epus
947 2653 1029 2698 e-t
1057 2645 1320 2708 custodia,
1346 2642 1505 2698 nullis
1538 2644 1794 2708 vinculis;
1842 2644 1935 2698 sed
1980 2644 2145 2698 multa

559 2745 613 2789 et
643 2734 716 2787 illi
756 2742 811 2788 et
836 2733 1306 2789 contubernalibus
1353 2738 1457 2786 erit
1499 2734 1779 2789 securitas.
1826 2733 1963 2800 Quid
1994 2748 2143 2802 ergo,

560 2826 789 2895 inquies,
815 2825 856 2877 si
882 2825 968 2894 qui
994 2825 1112 2878 talis
1134 2834 1234 2886 est,
1257 2828 1307 2878 in
1333 2824 1502 2878 malos
1530 2823 1777 2879 inciderit
1800 2824 1977 2879 viros?
2006 2825 2147 2885 Deus

560 2907 937 2985 qui-simplices
959 2930 1077 2969 esse
1095 2915 1265 2982 jubet.
1285 2932 1495 2971 manuni
1522 2916 1771 2984 porriget.
1788 2914 1921 2983 Quid
1947 2915 2146 2969 Davide

562 3006 891 3075 simplicius?
941 3006 1065 3075 quid
1098 3006 1257 3059 Saule
1288 3006 1558 3075 iniquius?
1610 3006 1736 3061 Uter
1768 3021 1896 3075 ergo
1920 3021 2145 3074 supcra-

563 3098 676 3152 vit?
706 3097 840 3164 Quid
868 3097 918 3149 in
941 3096 1175 3165 Josepho
1191 3112 1366 3150 aetum
1387 3098 1509 3151 est?
1536 3112 1713 3153 nonne
1733 3098 1817 3152 ille
1837 3098 2149 3167 simpliciter

560 3190 626 3246 ad
676 3191 941 3244 dominatu
984 3189 1248 3253 accessit;
1284 3190 1369 3243 illa
1422 3206 1548 3243 vero
1598 3190 1861 3248 subdole?
1918 3190 1970 3244 In
2018 3205 2145 3259 quo,

561 3297 765 3346 "uulso,
786 3280 947 3335 lzesns
971 3280 1095 3335 est?
1139 3280 1275 3347 Quid
1306 3281 1470 3335 Abele
1501 3281 1796 3350 simplicius
1835 3281 1989 3335 erat?
2020 3282 2145 3351 quid

562 3372 729 3439 Caino
773 3372 1121 3426 sceleratius?
1151 3371 1461 3440 Rursusque
1486 3372 1707 3441 Joseph,
1738 3388 1913 3426 nonne
1940 3373 2149 3442 simpli-

563 3464 698 3518 citer
718 3478 838 3518 cum
869 3463 1117 3516 fratribus
1140 3462 1286 3533 egit?
1315 3478 1492 3517 nonne
1518 3463 1636 3518 ideo
1657 3464 1868 3526 claruit,
1890 3464 2007 3533 quia
2033 3466 2149 3519 sine

563 3555 866 3626 suspicione
889 3556 1063 3608 omnia
1089 3555 1336 3622 teqnntus
1358 3564 1459 3619 est,
1487 3554 1536 3607 hi
1568 3571 1693 3609 vero
1719 3556 1945 3625 maligne
1977 3557 2147 3625 ipsum

561 3647 926 3717 exceperunt?
965 3647 1140 3701 Semel
1173 3648 1411 3709 somnia,
1461 3648 1652 3702 iterum
1680 3649 1884 3701 sonmia
1912 3649 2064 3713 dixit,
2096 3659 2150 3703 et

562 3742 681 3794 sine
713 3739 959 3793 cautione
1008 3738 1126 3791 illos
1176 3736 1304 3791 adiit
1348 3739 1497 3791 cibos
1541 3738 1788 3802 achreus,
1822 3740 2001 3793 omnia
2037 3740 2149 3795 Deo

564 3834 937 3896 coinmittens;
965 3833 1061 3887 sed
1082 3842 1278 3900 quanto
1299 3833 1465 3904 magis
1494 3832 1566 3885 illi
1595 3842 1649 3885 ut
1677 3834 1949 3887 inimicum
1974 3835 2145 3903 ipsum

567 3926 851 3989 ha'bebant,
885 3934 1029 3978 tanto
1063 3924 1229 3995 magis
1260 3923 1347 3977 ille
1374 3922 1653 3977 ut’fralres
1682 3925 1956 3980 tractabat.
1994 3926 2145 3979 l’ote-

564 4026 753 4085 ratque
786 4015 923 4069 Deus
979 4031 1082 4067 non
1142 4015 1466 4089 permittere,
1500 4024 1556 4066 ut
1607 4013 1865 4069 incideret
1894 4016 1944 4068 in
1994 4016 2144 4082 illos;

564 4107 655 4161 sed
687 4106 945 4175 permisit,
976 4113 1032 4159 ut
1059 4105 1377 4159 miraculum
1406 4114 1710 4174 appareret,
1743 4114 1797 4161 et
1838 4107 2148 4163 ostendere.

568 4211 672 4263 tur,
704 4198 1041 4268 quantumvis
1070 4198 1142 4252 illi
1185 4208 1369 4252 eontra
1406 4199 1700 4264 tenderent,
1733 4201 1880 4254 illum
1912 4201 2026 4257 fore
2055 4217 2146 4255 sn-

567 4293 852 4365 perierem.
882 4292 945 4345 Et
971 4292 1047 4344 sie
1088 4291 1329 4365 quamvis
1359 4295 1567 4370 plagam
1598 4294 1845 4364 accipiat,
1876 4312 1979 4354 non
2008 4311 2038 4349 a
2066 4310 2145 4363 se,

566 4382 660 4437 sed
688 4384 754 4444 ab
784 4384 887 4435 alio
914 4382 1128 4451 accipit.

636 4474 909 4544 Improbus
927 4477 1008 4528 sui
1042 4477 1198 4548 ipsius
1226 4476 1458 4531 inimicus
1498 4488 1587 4531 est.
1622 4510 1691 4518 —
1736 4480 1991 4550 Maligntts
2020 4496 2147 4541 vero

566 4569 797 4639 seipsnm
828 4570 997 4637 primo
1030 4570 1274 4637 percutit,
1303 4572 1611 4641 nullumque
1637 4573 1835 4635 alium;
1864 4575 2045 4643 sicque
2067 4584 2149 4629 est

565 4660 647 4728 sui
678 4660 839 4727 ipsius
886 4658 1151 4713 inimicus.
1205 4659 1371 4728 Hujus
1427 4664 1601 4716 anima
1659 4679 1891 4722 maerore
1938 4680 2149 4736 semper

568 4750 721 4820 plena
764 4758 863 4811 est,
902 4748 1028 4803 dum
1075 4752 1427 4820 cogitationes
1475 4766 1733 4823 perpetuo
1776 4757 2037 4825 colligata:
2094 4767 2147 4813 et

565 4838 835 4918 perplexzn
878 4850 999 4893 sitnt
1030 4860 1041 4894 :
1075 4842 1119 4895 si
1151 4842 1355 4906 audire,
1384 4844 1427 4897 si
1462 4846 1639 4900 dicere
1685 4848 1953 4918 quidpiam
1987 4863 2145 4916 opor-

567 4942 694 4991 teat.
722 4933 900 4985 omnia
932 4933 1182 5002 trahit‘ad
1218 4936 1442 5000 crimen,
1476 4940 1654 4991 omnia
1693 4951 1923 4996 acetisat.
1956 4941 2146 5000 Procul

566 5025 634 5079 ab
667 5024 768 5078 illis
795 5025 1026 5079 amicitia
1057 5035 1110 5080 et
1139 5026 1457 5089 concordia;
1491 5030 1629 5095 apud
1664 5031 1778 5083 illos
1809 5047 2016 5100 pugnw,
2050 5034 2148 5085 itii-

566 5116 800 5177 tnieitlaa,
837 5117 1131 5181 molestiae;
1180 5117 1387 5187 sibique
1432 5120 1561 5188 ipsis
1601 5131 1723 5174 sunt
1754 5125 2006 5191 su~pecti.
2056 5125 2147 5187 liis

568 5222 738 5275 neque
765 5222 1005 5269 somnus,
1037 5218 1207 5277 neque
1250 5208 1393 5263 aEiud
1442 5211 1710 5280 quidpiam
1756 5230 1916 5270 suave
1946 5226 2047 5270 est.
2091 5217 2145 5272 Si

568 5313 763 5352 uxores
789 5299 1038 5362 habeant,
1080 5302 1262 5369 papae!
1310 5302 1556 5357 omnibus
1586 5314 1709 5359 sunt
1740 5306 1919 5362 hostes
1962 5320 2017 5364 ct
2044 5311 2144 5364 ini-

566 5392 726 5462 mici;
774 5393 1051 5465 zelotypia:
1102 5395 1348 5457 infinitae,
1398 5407 1571 5449 metus
1624 5412 1943 5467 perpetuus:
1979 5405 2147 5460 malus

566 5486 710 5539 enim
736 5500 764 5537 a
790 5485 928 5537 malo
952 5486 1134 5540 labore
1163 5487 1242 5541 sic
1284 5498 1520 5542 vocatur.
1553 5490 1640 5544 Sic
1672 5492 1851 5562 utique
1873 5494 2145 5565 Scriptura

566 5576 801 5633 laborem
834 5591 1044 5643 semper
1070 5586 1223 5632 vocat
1250 5580 1503 5633 malitiam
1529 5598 1541 5645 ;
1594 5594 1649 5634 ut
1676 5598 1797 5637 cmn
1826 5586 1955 5641 dicit
1988 5606 2000 5640 ε
2036 5588 2146 5643 Sub

563 5669 738 5739 lingua
765 5683 939 5722 eorum
965 5667 1106 5720 labor
1136 5680 1178 5721 et
1210 5670 1439 5741 fatigatio
1486 5687 1505 5742 ς
1557 5682 1611 5728 et
1654 5674 1775 5731 alibi
1809 5693 2043 5746 rursum,
2082 5681 2146 5736 Et

630 5847 645 5878 ⁸
681 5844 817 5896 Alius
849 5846 995 5909 legit,
1024 5848 1278 5913 miracula,
1305 5866 1409 5914 pro,
1427 5853 1560 5903 item.

2243 529 2462 596 amplius
2493 544 2662 583 eorum
2699 528 2841 581 labor
2866 539 2910 581 et
2943 528 3089 581 dolor
3122 525 3287 596 (Paul.
3320 526 3373 583 9.
3408 528 3462 581 7.
3507 538 3549 579 ct
3590 526 3679 588 89.
3721 527 3826 595 10).

2239 619 2291 671 Si
2320 634 2449 671 vero
2496 620 2721 672 miretur
2747 620 2885 687 quis,
2924 620 3062 673 unde
3091 619 3156 671 ab
3185 618 3339 672 initio
3371 619 3503 672 L'IICS
3547 618 3670 671 facti
3702 621 3828 677 sint.

2238 720 2290 765 et
2321 727 2461 765 nunc
2490 711 2621 765 tales
2665 728 2769 765 non
2820 713 2964 775 sint;
2996 712 3204 766 diseant
3233 726 3447 765 causam
3482 725 3604 766 esse
3630 727 3817 764 a-rnm-

2240 819 2383 868 nam,
2402 805 2710 873 magistram
2731 803 3103 873 ρΙιίΙυεοιιΙιὶιιε,
3120 814 3341 857 matrem
3358 804 3587 873 pictatis.
3605 802 3834 869 Quando

2243 896 2481 963 pecunia:
2499 896 2565 950 de
2591 896 2767 951 medio
2795 898 3280 964 tollebantur,tunc
3303 896 3535 967 nequitia
3564 912 3669 949 non
3696 906 3831 949 erat.

2241 986 2437 1053 Etiam,
2468 989 2659 1060 inquit,
2694 990 2787 1045 sed
2822 991 2948 1044 illttd
2992 992 3163 1060 ipsum
3193 991 3486 1060 interrogo,
3520 988 3660 1044 unde
3694 1003 3834 1042 nunc

2243 1087 2387 1132 tanta
2438 1081 2678 1134 malitia?
2731 1082 3000 1151 quomodo
3044 1083 3116 1135 illi
3168 1094 3246 1136 ter
3297 1083 3442 1136 mille
3468 1090 3522 1136 et
3550 1080 3833 1151 quinquies

2241 1176 2387 1233 mille
2434 1175 2612 1228 statim
2661 1174 2912 1229 virtutem
2960 1175 3306 1245 delegerunt,
3352 1184 3407 1230 et
3454 1191 3575 1228 mox
3636 1176 3836 1243 pariter

2241 1266 2543 1339 philosophi
2569 1266 2688 1321 facti
2717 1276 2861 1332 sunt,
2883 1276 2935 1320 et
2959 1282 3098 1320 nunc
3127 1267 3211 1320 vix
3241 1282 3377 1320 unus
3406 1265 3714 1334 reperitur?
3740 1280 3835 1319 cur

2243 1372 2367 1415 tunc
2392 1360 2459 1413 ita
2492 1357 2787 1413 concordes
2814 1358 3006 1413 erant?
3035 1357 3161 1427 quid
3196 1358 3313 1411 illos
3343 1367 3447 1411 tam
3473 1359 3641 1426 agiles
3662 1366 3718 1411 et
3746 1371 3837 1417 ex-

2242 1454 2433 1508 citatus
2465 1448 2765 1504 reddebat?
2816 1448 2941 1518 quid
2972 1449 3090 1501 illus
3120 1449 3187 1507 ita
3219 1448 3499 1502 incendit?
3540 1450 3674 1514 Quia
3715 1460 3834 1508 eum

2245 1559 2433 1613 magna
2476 1542 2675 1613 pietate
2701 1541 3057 1605 accedebant;
3092 1541 3210 1609 quia
3246 1541 3478 1594 honores
3522 1555 3629 1597 non
3661 1549 3831 1605 erant,

2243 1635 2383 1688 sicut
2411 1633 2606 1697 hodie;
2638 1633 2758 1701 quia
2786 1633 2851 1686 ad
2882 1632 3054 1685 futura
3098 1640 3330 1685 mentem
3358 1646 3505 1685 suam
3551 1630 3839 1684 transtule-

2245 1734 2387 1787 runt,
2404 1734 2457 1778 et
2481 1722 2612 1777 nihil
2639 1723 2983 1793 praesentium
3003 1723 3404 1791 exspectabant.
3427 1722 3538 1777 Hoc
3559 1734 3643 1776 est
3668 1724 3838 1792 ignea:

2243 1817 2459 1880 anima),
2492 1816 2541 1868 in
2583 1816 2839 1869 (erumnis
2883 1815 3083 1869 versari
3112 1831 3126 1869 :
3153 1815 3252 1869 hoc
3287 1815 3545 1884 putabant
3574 1816 3649 1868 illi
3681 1816 3840 1868 (ibri-

2244 1906 2579 1959 Stianisumm
2607 1920 2756 1969 esse;
2802 1905 2896 1959 sed
2926 1920 3029 1960 non
3064 1922 3160 1959 nos
3205 1924 3218 1960 :
3267 1921 3409 1960 nunc
3437 1908 3579 1960 enim
3609 1906 3839 1959 solut.-.m

2252 1996 2407 2049 vitam
2441 1997 2753 2065 quatrimns.
2786 1994 2908 2049 ideo
2956 2010 3055 2049 nec
3088 1996 3203 2057 illa,
3230 2010 3350 2049 eum
3397 2011 3493 2066 par
3541 1998 3663 2059 erit,
3695 2011 3843 2050 asse-

2247 2102 2492 2156 quemur.
2545 2086 2680 2151 Quid
2727 2086 3020 2157 faciemus?
3067 2088 3467 2158 interrgabant
3512 2089 3587 2142 illi
3634 2090 3842 2157 seipse:

2248 2180 2586 2233 damnantes.
2618 2178 2725 2232 Nos
2758 2194 2885 2232 vero
2910 2190 3093 2235 contra
3130 2195 3143 2231 :
3176 2179 3311 2247 Quid
3358 2180 3659 2237 iaciemus?
3709 2180 3843 2235 diei-

2250 2287 2390 2337 mus,
2424 2286 2521 2324 nos
2551 2272 2904 2346 pru‘scntibtts
2936 2271 3293 2338 venditantes,
3319 2282 3370 2327 et
3397 2274 3561 2336 altum
3593 2272 3661 2327 de
3685 2274 3845 2330 nobis

2251 2362 2540 2429 sapientes.
2576 2361 2651 2415 llli
2696 2360 2962 2415 faciebant
2993 2378 3112 2431 qua:
3166 2363 3340 2417 facere
3389 2363 3701 2433 oportebat;
3748 2378 3846 2423 nos

2251 2468 2380 2508 vero
2419 2468 2596 2507 secus.
2629 2452 2961 2506 Damnabant
3008 2454 3079 2507 illi
3117 2454 3346 2524 seipsns,
3377 2454 3740 2523 deSpeiabant
3779 2455 3847 2518 de

2251 2546 2425 2601 salute
2457 2560 2549 2598 sua
2588 2563 2600 2598 :
2633 2545 2754 2599 ideo
2785 2547 2914 2600 tales
2943 2545 3067 2601 facti
3118 2558 3265 2603 sunt.
3317 2548 3658 2617 Agnoverunt
3687 2550 3847 2618 quale

2252 2648 2567 2710 receperant
2600 2637 2825 2690 donum.

2326 2732 2378 2785 4.
2420 2730 2699 2795 Quomodo
2726 2744 2820 2784 vos
2860 2730 2967 2784 illis
2993 2730 3195 2785 similes
3237 2732 3407 2797 eritis,
3441 2733 3533 2801 qui
3576 2734 3847 2791 Contraria

2248 2822 2425 2877 omnia
2456 2821 2663 2875 facitis?
2691 2820 2767 2874 Illi
2810 2823 2987 2875 statim
3016 2834 3175 2891 atque
3198 2823 3488 2878 audierunt
3513 2864 3528 2887 ,
3584 2825 3846 2894 baptizati

2250 2923 2368 2968 eunt
2397 2931 2409 2965 :
2451 2928 2555 2967 non
2582 2912 2833 2966 dixerunt
2867 2913 2955 2967 illa
2984 2912 3170 2983 frigida
3199 2914 3381 2981 verbi,
3413 2932 3532 2986 qua;
3574 2934 3715 2972 nunc
3748 2935 3849 2975 nos

2251 3002 2477 3057 dicimus
2502 3043 2514 3066 ,
2560 3020 2729 3072 neque
2766 3019 2942 3057 moras
2984 3015 3280 3060 nexuernnt
3307 3048 3320 3073 ,
3365 3010 3465 3062 etsi
3513 3025 3617 3066 non
3655 3025 3849 3067 omnes

2252 3095 2527 3150 audissent
2550 3096 2991 3164 justilicatinnes:
3020 3098 3113 3152 sed
3146 3099 3247 3154 hoc
3298 3110 3523 3166 tantum,
3558 3103 3851 3160 Suluamini

2251 3203 2284 3239 a
2324 3188 2645 3257 generatione
2676 3188 2792 3240 ista.
2821 3187 2935 3241 Non
2972 3204 3164 3257 segnes
3196 3189 3441 3256 fuerunt,
3473 3192 3563 3247 sed
3597 3194 3693 3247 hos
3725 3210 3847 3249 ser-

2253 3294 2440 3333 mones
2478 3289 2803 3349 exceperunt
2836 3297 2850 3345 ;
2894 3291 2943 3333 et
2994 3283 3133 3352 quod
3172 3286 3538 3353 accepissent,
3594 3289 3851 3356 operibus

2255 3383 2619 3427 monstrarunt
2650 3384 2739 3433 ;et
2784 3375 2871 3444 qui
2903 3387 3082 3430 essent
3104 3417 3117 3439 ,
3150 3376 3526 3434 exhibucrunt.
3573 3380 3763 3436 Statim
3794 3384 3847 3438 itt

2253 3480 2521 3518 ceramen
2572 3467 3123 3535 ingressi,exuerunt
3171 3470 3527 3526 vestimenta:
3576 3488 3674 3528 nos
3718 3492 3851 3531 vero

2254 3555 2475 3626 ingressi
2496 3598 2511 3622 ,
2541 3573 2660 3610 rum
2691 3559 3023 3613 vestimentis
3060 3570 3267 3615 certare
3300 3563 3560 3619 volumus.
3611 3565 3853 3637 Ideoque

2252 3652 2584 3719 antagonista
2616 3660 2801 3705 noster
2840 3652 3025 3708 labore
3053 3669 3188 3723 opus
3219 3672 3321 3708 non
3364 3656 3524 3710 habet
3548 3701 3559 3721 ,
3590 3674 3711 3712 cum
3747 3677 3851 3715 uo-

2256 3740 2335 3794 bis
2364 3743 2489 3809 ipsis
2516 3742 2756 3811 implieiti
2788 3758 2932 3811 saepe
2960 3742 3295 3811 dejiciamur.
3320 3745 3550 3815 ldipsmn
3592 3750 3734 3804 enim
3768 3754 3852 3805 fa-

2253 3835 2456 3896 cimus,
2489 3848 2552 3887 ac
2576 3835 2618 3887 si
2654 3849 2773 3903 quis
2795 3834 3047 3888 athletam
3080 3836 3301 3904 pulvere
3323 3852 3670 3907 conspersum
3699 3882 3713 3906 ,
3766 3844 3853 3896 ni-

2251 3942 2434 3996 grum,
2468 3926 2701 3991 nudmn,
2751 3927 2972 3993 videns,
3004 3928 3070 3981 ab
3099 3942 3260 3982 arena
3291 3938 3346 3984 et
3389 3947 3423 3987 ο.
3467 3932 3580 3987 sole
3624 3935 3850 3988 multum

2256 4020 2540 4083 habentem
2576 4019 2667 4072 ltiti
2692 4061 2705 4083 ,
2740 4018 2881 4083 oleo,
2910 4019 3109 4075 sudore
3132 4031 3183 4075 et
3212 4036 3367 4076 coano
3389 4023 3704 4089 delibutum,
3734 4027 3855 4095 ipse

2254 4124 2522 4181 unguento
2563 4110 2837 4180 fragrans.
2880 4113 3065 4167 sericis
3114 4114 3381 4181 veSIibus,
3422 4118 3600 4173 aureis
3629 4122 3850 4186 calceis,

2252 4204 2387 4257 stula
2418 4217 2585 4271 usque
2616 4200 2680 4256 ad
2726 4202 3005 4257 malleolos
3030 4202 3329 4272 deﬂuente,
3381 4210 3626 4263 aureolos
3673 4214 3853 4280 capite

2252 4307 2488 4365 gestans.
2518 4312 2639 4349 cum
2665 4296 2755 4349 illo
2785 4298 3185 4367 congredietur.
3236 4299 3335 4365 Qui
3374 4303 3514 4355 enim
3563 4305 3684 4358 talis
3723 4318 3805 4360 est
3833 4348 3852 4373 ,

2244 4404 2355 4441 non
2402 4387 2719 4455 impedietnr
2743 4388 2946 4453 sohnu,
2978 4391 3070 4443 sed
3099 4406 3282 4445 curam
3312 4392 3514 4449 habens
3559 4411 3627 4450 ne
3667 4408 3857 4454 vestes

2254 4481 2522 4536 fmdentnr
2553 4482 2639 4536 vel
2674 4482 3004 4547 scindantur,
3038 4484 3089 4537 in
3122 4486 3293 4554 primo
3332 4503 3619 4558 congressu
3649 4491 3807 4547 cadet
3838 4534 3854 4557 ,

2253 4572 2408 4641 idque
2440 4572 2669 4641 patietur
2692 4573 2833 4641 quod
2867 4575 3043 4628 statim
3078 4577 3281 4642 timuit,
3318 4580 3368 4636 in
3399 4582 3680 4651 prmcipuis
3722 4599 3855 4652 par-

2256 4662 2395 4715 tibus
2427 4663 2604 4717 lsesus.
2640 4663 2875 4731 Tempus
2901 4664 3051 4717 adest
3091 4668 3434 4736 certaminis,
3485 4681 3536 4725 et
3566 4682 3619 4726 tu
3659 4676 3853 4730 sericis

2255 4754 2526 4812 indneris!
2554 4764 2763 4823 tempus
2790 4757 3210 4821 exercitationis,
3239 4768 3446 4829 tempus
3482 4762 3639 4817 stadii
3665 4780 3679 4828 ;
3710 4774 3763 4818 et
3799 4777 3855 4819 tu

2253 4846 2400 4915 quasi
2435 4848 2484 4898 in
2516 4861 2706 4915 pompa
2748 4848 2972 4916 teipsmn
2997 4850 3193 4904 ornas?
3228 4851 3291 4906 Et
3327 4856 3597 4924 quomodo
3622 4871 3856 4926 supera-

2253 4938 2373 4994 bis?
2414 4937 2490 4992 Ne
2532 4938 2594 4992 ad
2623 4948 2843 4993 externa
2870 4981 2883 5003 ,
2937 4940 3027 4994 sed
3056 4941 3121 4995 ad
3168 4942 3375 4999 interna
3424 4947 3703 5016 reSpicias.
3755 4950 3860 5007 ilis

2252 5029 2395 5083 enim
2446 5029 2590 5081 curis
2644 5044 2743 5095 ceu
2790 5032 3041 5100 gravibus
3105 5034 3329 5090 vinculis
3383 5036 3617 5108 undique
3665 5041 3855 5098 anima

2253 5121 2655 5191 constringitur,
2691 5138 2906 5176 manum
2939 5139 3043 5183 non
3073 5125 3257 5180 sinens
3287 5127 3557 5193 attollere,
3584 5145 3682 5186 nec
3712 5146 3857 5187 con-

2255 5225 2332 5268 tra
2368 5215 2573 5269 hostem
2609 5216 2849 5285 proferre
2872 5259 2885 5283 ,
2919 5233 3015 5277 nos
3047 5221 3235 5275 molles
3260 5236 3325 5277 ac
3352 5222 3609 5279 delicatos
3647 5227 3855 5283 reddit.

2254 5304 2465 5360 Utinam
2496 5306 2701 5362 liberati
2737 5308 2948 5365 vincere
2979 5313 3242 5380 possimus
3271 5313 3530 5383 impuram
3562 5315 3708 5370 illam
3753 5334 3858 5383 po-

2256 5406 2519 5452 testatem.
2546 5398 2667 5454 ldeo
2684 5398 2951 5467 Christus,
2978 5419 3040 5460 ac
3057 5404 3101 5458 si
3122 5420 3225 5457 non
3250 5405 3379 5459 satis
3397 5406 3465 5459 sit
3482 5406 3695 5462 divitias
3712 5409 3855 5478 abji-

2251 5503 2396 5553 cerc,
2417 5490 2535 5543 vide
2549 5490 2672 5559 quid
2690 5491 2831 5545 dicat
2856 5513 2866 5545 :
2899 5493 3067 5547 Vende
3081 5497 3252 5549 omnia
3268 5513 3378 5564 qum
3394 5497 3564 5560 habes,
3581 5508 3629 5553 et
3645 5500 3713 5552 da
3725 5518 3857 5570 pau-

2254 5580 2453 5648 peribus
2473 5596 2492 5635 .'
2517 5590 2563 5634 et
2586 5582 2726 5645 veni,
2746 5594 2793 5636 et
2814 5600 3018 5655 sequere
3047 5604 3127 5651 me
3152 5586 3338 5657 (Marc.
3367 5591 3450 5645 10.
3476 5590 3586 5662 2|).
3603 5590 3759 5657 Quod
3777 5595 3852 5661 si,

2253 5675 2509 5744 dchsitis
2539 5676 2767 5745 opibus,
2820 5679 3056 5735 nondum
3090 5683 3139 5736 in
3189 5692 3301 5739 tuto
3344 5703 3562 5753 sumus,
3608 5689 3701 5743 sed
3744 5691 3853 5747 alia

2254 5778 2367 5823 arte
2396 5778 2448 5823 et
2478 5771 2823 5825 accnratione
2850 5773 3001 5827 nobis
3028 5784 3109 5829 est
3152 5791 3320 5845 opus;
3370 5779 3538 5832 multo
3569 5781 3739 5850 magis
3760 5822 3773 5844 ,
3805 5784 3856 5852 si

2258 5863 2615 5928 retineamus,
2658 5862 2784 5917 nihil
2828 5881 3080 5939 maguum
3109 5871 3471 5940 operabimur,
3498 5872 3590 5927 sed
3634 5873 3855 5930 ridiculi
