2007 3242
99 242 125 272 ω
490 262 491 265 η
581 233 614 262 ιιι
633 228 724 261 mra
744 229 1011 260 Apos'i'owiuni.
1032 230 1150 261 nontL.
1171 230 1240 261 vni.
1321 210 1323 213 ’
1709 227 1744 256 ro

97 316 119 339 et
136 305 330 345 spectatoribus
350 309 382 333 et
406 303 459 340 ipsi
484 301 599 336 maligno
629 300 700 328 hosti
723 298 885 327 videbimur.

96 346 231 386 lieetenim
239 352 369 381 diabolus
377 358 433 379 non
440 352 521 382 esset,
530 348 593 376 licet
602 347 692 375 nullus
706 346 885 382 impugnaret,

96 406 227 432 innumera:
242 400 369 435 undique
381 398 433 426 via:
445 404 525 433 opum
540 399 675 424 amantem
689 394 721 422 ad
735 393 886 429 gehennam

94 449 189 477 ducunt.
198 447 249 476 libi
261 453 339 474 nunc
353 448 420 472 sunt
431 443 475 479 qui
494 442 588 470 dicunt
601 450 608 468 :
623 441 679 469 Cur
692 439 816 468 diabolus
829 437 886 466 fac-

94 500 129 523 tus
140 494 193 523 est?
208 494 279 521 Ecce
292 492 341 519 hic
355 490 480 519 diabolus
492 488 577 522 nihil,
592 486 640 515 sed
655 493 704 514 nos
720 490 804 514 totum
819 492 886 520 ope-

92 548 177 567 rantur.
190 538 272 574 Atqui
285 538 345 565 hoc
365 536 455 564 dicere
470 533 612 570 oportebat
625 540 673 561 eos
686 532 731 567 qui
746 532 773 559 in
788 530 887 559 monti-

93 585 133 612 bus
140 585 244 623 degunt,
253 584 302 619 qui
311 581 509 617 cpnlinentiam
520 583 655 607 sectantes
669 582 697 605 et
712 577 885 617 pecuniarum

91 631 240 666 aliarumque
248 637 346 657 rerum
353 631 547 662 contemptum,
557 630 671 661 patrem.
682 624 787 657 domos,
795 630 884 658 agros,

91 685 175 705 uxores
187 681 214 704 et
230 677 302 703 filios
313 696 322 707 ,
341 672 522 702 libentissime
537 671 716 707 reliquerunt.
731 670 766 697 At
776 669 813 696 illi
828 668 886 696 haec

91 731 134 750 non
146 724 250 754 dicunt;
262 721 291 748 hi
305 727 375 749 vero
388 719 432 747 illa
445 717 592 754 proferunt,
608 724 671 752 qua:
681 722 828 750 numquam
841 714 884 742 di-

90 777 142 797 cere
150 769 326 805 oportuisset.
343 767 389 794 Illa
402 773 467 794 vere
481 769 545 792 sunt
559 763 660 792 diaboli
674 762 840 790 certamina:
857 761 883 788 in

89 816 137 843 lucc
149 824 210 844 vero
221 821 317 850 neque
328 811 498 841 descendet!
507 810 618 846 dignum
633 814 685 837 est.
706 809 751 841 At,
766 807 882 843 inquies,

88 863 226 891 divitiarum
249 860 432 896 cupiditatem
452 857 571 885 immittit
585 854 718 883 diabolus.
737 853 833 889 Fuge,
857 858 884 881 et

89 917 117 937 ne
129 909 261 940 admittas,
277 916 296 935 ο
310 907 406 935 homo.
423 905 498 932 Nune
519 908 608 931 autem
622 903 644 930 si
659 909 740 937 quem
755 900 854 928 videris
867 906 883 927 a

89 955 194 982 tabulato
202 955 290 982 lutum
304 953 432 989 rejicere,
444 950 542 979 deinde
552 949 636 977 alium
643 947 779 975 videntem
789 949 883 974 contra

89 1001 181 1036 δείξει,
198 1006 271 1029 stare
284 1020 293 1034 ,
322 1004 352 1027 et
367 1003 453 1027 totum
467 997 555 1032 capite
570 995 694 1030 excipere
704 1014 712 1027 ,
728 1001 782 1021 non
802 991 884 1021 modo

88 1056 133 1075 non
146 1048 300 1081 misereris,
316 1046 366 1074 sed
381 1045 464 1072 etiam
485 1042 650 1078 indignaris,
667 1040 789 1075 dicisque
804 1038 880 1066 illum

88 1094 147 1128 iuste
157 1100 264 1129 passum
275 1099 340 1121 esse
355 1101 362 1119 z
374 1096 522 1125 omnesque
534 1088 572 1115 illi
582 1087 716 1135 dicereut,
730 1085 769 1113 Ne
781 1084 883 1135 stultus

89 1144 151 1172 esto;
175 1147 225 1166 nec
254 1144 313 1166 tam
341 1137 505 1173 iacientem,
526 1140 608 1170 quam
631 1131 809 1166 excipientem
825 1131 882 1157 cri-

89 1186 251 1214 minarentur.
268 1185 351 1213 Nunc
363 1190 446 1219 porro
459 1183 512 1210 scis
528 1180 683 1209 divitiarum
706 1176 881 1212 cupiditatem

89 1239 100 1258 ιι
118 1232 219 1260 diabolo
236 1230 376 1267 proﬁcisci
395 1238 404 1258 :
426 1228 480 1256 scis
505 1227 580 1255 illum
598 1226 800 1253 innumerorum
822 1229 883 1273 esse

90 1277 204 1304 malorum
219 1284 349 1309 causam;
360 1275 440 1303 vides
453 1274 527 1302 illum
541 1271 628 1299 foedas
643 1275 789 1304 turpesque
803 1271 880 1302 cogi-

90 1321 191 1349 tationes
208 1322 289 1356 quasi
304 1321 390 1348 lutum
406 1325 547 1355 apparare,
561 1324 613 1359 nec
626 1314 790 1350 iiitclligiste
805 1312 879 1341 nudo

90 1366 165 1401 capite
185 1367 384 1395 immunditiam
409 1365 480 1393 illam
500 1360 645 1398 excipere,
660 1368 721 1388 cum
743 1362 883 1395 oporteret

91 1414 206 1449 tantisper
214 1407 380 1442 declinando
395 1412 420 1439 id
432 1411 535 1439 vitare?
547 1406 782 1444 Quemadmodum
794 1406 849 1438 ille,
859 1404 882 1432 si

91 1465 103 1485 ι
113 1458 166 1487 loco
176 1459 343 1492 declinaret,
360 1458 531 1491 liberaretur,
544 1456 584 1484 sic
598 1458 626 1483 et
649 1458 677 1482 tu
697 1453 766 1480 tales
781 1451 883 1487 cogita-

92 1506 166 1533 tiones
178 1515 211 1534 ne
224 1507 359 1542 excipias,
370 1510 398 1533 et
410 1512 425 1531 a
442 1508 552 1539 peccato
566 1501 652 1537 fugies
667 1510 674 1528 :
688 1499 791 1534 repelle
803 1497 882 1532 cupi-

90 1551 198 1580 ditatem.
218 1552 253 1580 Et
267 1551 407 1588 quomodo
421 1549 572 1585 repellam?
590 1546 707 1582 inquies.
727 1545 756 1573 Si
774 1543 882 1580 gentilis

941 306 1027 333 esses,
1040 303 1068 327 et
1077 299 1220 334 praesentia
1236 303 1340 328 tantum
1355 300 1539 334 admirareris,
1555 300 1627 330 forte
1639 310 1685 331 res
1699 311 1746 331 es.

941 350 984 373 set
996 345 1130 378 difﬁcilis,
1147 346 1252 374 etiamsi
1267 346 1383 382 gentiles
1395 346 1446 375 ltoc
1461 347 1576 376 fecerint
1591 353 1639 376 :at
1657 354 1685 376 tu
1699 357 1745 385 qui

940 391 1036 419 ctelum
1046 396 1075 420 et
1080 392 1197 420 e'elestia
1205 397 1359 428 exspectas,
1368 393 1446 426 dicis.
1454 394 1746 431 Quomodorcpeilain?

940 436 968 465 Si
978 438 1143 465 contrarium
1152 437 1282 466 dixissem
1288 459 1296 472 ,
1307 443 1371 467 tunc
1378 439 1502 468 dubitare
1510 443 1659 476 oporteret;
1670 442 1693 469 si
1702 442 1729 469 di
1735 457 1745 463 —

939 490 1029 511 cerem
1040 505 1049 518 ,
1071 484 1185 511 Divitias
1200 485 1376 519 concupisce,
1391 486 1593 524 responderes,
1603 486 1747 520 Quomodo

940 529 1129 565 concupiscam
1140 530 1151 557 i
1162 530 1295 558 cum-talia
1311 531 1429 559 videres.
1442 531 1490 559 Dic
1504 532 1569 560 mihi
1578 549 1587 566 ,
1600 533 1622 560 si
1636 541 1703 560 auro
1719 539 1747 561 et

939 575 1073 611 lapidibus
1087 576 1214 611 pretiosis
1237 578 1382 612 propositis
1398 578 1518 607 dicerem
1546 588 1553 606 :
1577 579 1746 616 Concupisce

939 620 1096 657 plumbum,
1115 621 1332 651 au'hresitaresl
1353 624 1462 652 Diceres
1477 629 1551 653 certe
1572 634 1579 653 :
1602 625 1746 659 Quomodo

940 668 1071 703 possunt?
1086 668 1133 696 Sin
1144 668 1262 697 dicerem
1273 690 1281 703 ,
1296 669 1335 698 Ne
1348 671 1545 706 concupiscas:
1561 672 1613 700 hoc
1638 673 1744 701 facilius

938 718 1021 741 esset.
1036 713 1095 741 Non
1109 713 1230 742 admiror
1241 712 1424 756 despicientes
1433 712 1441 749 ζ
1451 716 1508 745 sed
1524 725 1577 747 non
1590 717 1745 753 despicien-

939 764 979 787 tes
995 768 1001 785 :
1017 759 1069 788 hoc
1080 761 1230 788 estaniina:
1241 761 1346 797 ignavia
1364 761 1460 797 plenat,
1477 770 1539 798 qua:
1556 763 1621 791 nihil
1635 763 1745 792 ditferat

937 812 952 840 τι
965 806 1065 832 muscis
1078 810 1106 833 ct
1119 805 1260 839 culicibus,
1275 806 1349 834 humi
1365 808 1484 842 repentis
1503 827 1512 842 ,
1536 807 1563 835 in
1583 807 1643 835 luto
1661 809 1724 837 volu
1736 824 1745 830 -

939 854 1019 884 uita},
1038 851 1104 878 nihil
1126 859 1253 887 magnum
1277 853 1431 887 cogitantis.
1458 852 1528 887 Quid
1549 853 1638 881 dicis?
1656 854 1742 881 Vitam

936 901 1065 924 aeternam
1082 896 1240 935 lia-reditate
1254 903 1417 933 accepturus
1426 907 1474 932 es,
1489 904 1517 927 ct
1529 899 1579 933 ais,
1602 899 1744 934 Quomodo

937 948 1098 978 pra'seiitciu
1112 945 1193 971 vitam
1207 951 1263 979 pra:
1279 944 1324 972 illa
1336 945 1532 973 contemnam?
1546 954 1609 973 nutri
1626 953 1671 974 res
1680 951 1744 974 sunt

935 994 1030 1017 mutuo
1044 989 1264 1025 comparabilch
1278 990 1389 1026 Regiam
1405 996 1509 1019 vestem
1523 999 1553 1020 es
1565 998 1725 1028 accepturus
1734 1013 1742 1026 ,

935 1039 964 1063 et
984 1034 1064 1068 dicis,
1080 1034 1225 1068 Quomodo
1243 1044 1347 1071 pannos
1374 1038 1569 1065 contemnam?
1589 1038 1616 1065 in
1640 1039 1742 1075 regiam

936 1082 1105 1117 ingressurus
1117 1081 1186 1109 dicis
1197 1102 1205 1115 ,
1223 1082 1366 1117 Quomodo
1387 1090 1533 1119 pauperem
1546 1084 1631 1116 ,hanc
1651 1092 1743 1113 casam

936 1127 1104 1163 despiciam?
1119 1128 1188 1157 Vcre
1202 1137 1252 1156 nos
1273 1137 1384 1165 semper
1409 1130 1488 1158 nobis
1502 1138 1583 1159 causa
1609 1131 1743 1160 malorum

934 1181 1040 1208 sumus,
1054 1174 1102 1210 qui
1113 1174 1239 1203 nolumus
1256 1176 1393 1211 paululmn
1407 1176 1531 1205 excitari.
1545 1178 1612 1206 Nam
1629 1179 1675 1213 qui
1694 1187 1744 1206 vo-

935 1221 1060 1255 luerunt,
1081 1226 1155 1249 recte
1167 1229 1197 1249 se
1220 1227 1381 1257 gesserunt;
1404 1222 1486 1259 idque
1498 1231 1559 1251 cum
1575 1232 1673 1259 magno
1689 1224 1744 1253 fcr-

935 1273 1001 1294 vore
1013 1271 1041 1294 et
1061 1266 1199 1295 facilitate.
1214 1267 1322 1296 Utinam
1337 1273 1366 1296 et
1379 1276 1426 1297 vos
1448 1274 1541 1297 nostra
1556 1270 1743 1299 admonitione

935 1313 1069 1348 persuasi,
1085 1317 1159 1341 recte
1171 1313 1274 1349 agatis,
1290 1313 1495 1350 imitatoresque
1507 1315 1568 1343 sitis
1586 1324 1680 1344 eorum
1695 1318 1742 1353 qni

936 1360 1065 1395 praeclare
1076 1367 1106 1388 se
1118 1366 1271 1396 gesserunt,
1287 1362 1373 1397 gratia
1385 1366 1412 1389 et
1425 1362 1592 1398 benignitate
1612 1363 1742 1399 unigeniti

936 1406 996 1434 Filii
1008 1426 1016 1438 ,
1029 1408 1137 1442 quicum
1152 1407 1225 1435 Patri
1235 1428 1243 1440 ,
1260 1415 1367 1444 unaque
1387 1414 1482 1437 sancto
1500 1409 1632 1445 Spiritui,
1645 1411 1742 1446 gloria,

936 1452 1088 1487 imperium,
1105 1452 1204 1487 honor,
1219 1461 1290 1481 nunc
1301 1458 1329 1481 et
1346 1462 1466 1490 semper,
1481 1460 1510 1483 et
1524 1456 1551 1483 in
1567 1457 1667 1484 stt-cuia
1690 1464 1744 1485 stc-

935 1498 1072 1526 culorum.
1087 1498 1187 1527 Anien.

753 1645 929 1678 HOMILIA
950 1646 1035 1677 VIII.

92 1729 146 1757 Car.
207 1738 234 1757 ν.
249 1730 276 1757 1.
291 1728 376 1756 Simul
391 1726 482 1753 Petrus
496 1729 519 1752 et
538 1723 653 1751 Joannes
664 1719 834 1752 incendebant
856 1717 882 1744 in

215 1773 339 1810 tmtplum
355 1773 389 1799 ait
402 1772 492 1798 horam
509 1768 632 1797 orationis
642 1773 747 1793 nonam.

121 1821 145 1848 1.
157 1820 185 1847 lli
197 1821 298 1855 ubique
310 1825 434 1854 magnam
459 1817 529 1843 inter
541 1823 571 1843 se
581 1812 756 1841 concordiam
780 1810 882 1837 habere
892 1817 901 1820 “

94 1867 290 1901 ιοιιιιιίεἱιιιιιυτ.
309 1864 376 1892 Huic
397 1863 481 1891 innuit
506 1861 599 1888 Petrus
615 1868 625 1887 .'
641 1859 719 1895 simul
734 1858 767 1884 ad
790 1857 881 1892 sepul-

93 1918 157 1938 main
169 1912 245 1939 ambo
267 1910 380 1938 veniunt
395 1917 402 1935 :
417 1908 451 1936 de
465 1907 568 1935 Joanne
579 1905 644 1932 dicit
656 1904 751 1932 Petrus
763 1902 881 1933 Christo,

97 1955 137 1985 Hic
150 1963 231 1985 autem
250 1957 317 1994 quid
331 1955 427 1994 (loco.
445 1954 488 1982 15.
504 1953 550 1981 24.
569 1952 649 1979 e120.
666 1952 693 1978 5.
713 1955 736 1976 et
753 1950 798 1976 ‘ZI.
812 1948 844 1975 21
858 1948 883 1983 )‘I

97 2006 144 2032 Mi:
157 2006 259 2041 quidem
274 2006 350 2040 signa
368 2001 543 2039 prmtermisit
556 1999 638 2033 hujus
661 1997 720 2024 libri
744 1996 880 2031 scriptor;

96 2052 153 2085 quod
166 2060 227 2080 sero
241 2052 269 2079 in
283 2056 421 2085 stuperent
441 2053 467 2075 et
484 2045 690 2074 admirationem
706 2050 801 2070 omnes
815 2049 882 2069 cuu-

94 2097 196 2131 j'triebat,
210 2097 276 2126 illud
288 2096 417 2125 narravit.
432 2095 464 2121 Et
474 2092 669 2121 :iiiiitiadvertc,
682 2090 742 2117 illos
754 2096 807 2116 non
817 2096 882 2138 conf

97 2143 145 2170 tilio
165 2144 213 2171 huc
237 2143 361 2174 venisse;
387 2141 423 2168 ita
438 2140 472 2167 ab
496 2137 570 2165 omni
599 2135 780 2163 Ostentatione
806 2135 881 2160 vacui

98 2195 176 2222 erant,
196 2190 391 2222 doctorciiique
412 2192 488 2212 suum
514 2182 697 2211 imitabantur.
720 2179 774 2207 Cur
793 2184 881 2205 anteiit

98 2235 259 2262 lst'enderunt
275 2235 300 2261 in
327 2232 475 2267 tetripluiit?
497 2229 564 2257 Num
591 2227 679 2255 adhuc
705 2225 818 2253 Judaice
841 2224 882 2250 vi—

99 2281 342 2311 velaiiiiiliniuie;
358 2277 407 2305 sed
421 2276 525 2304 utiliter
541 2274 593 2301 lioc
608 2273 719 2300 faciunt.
736 2271 801 2298 Nam
823 2277 883 2297 rur-

98 2333 135 2353 sus
144 2329 240 2362 signum
253 2325 356 2356 editur,
368 2322 439 2359 quod
450 2322 511 2349 illos
523 2320 678 2350 confirmet,
690 2318 810 2352 aliosque
822 2323 883 2350 per-

100 2373 173 2401 lrahat
185 2383 192 2401 :
205 2375 325 2409 signum,
338 2371 457 2405 inquam,
467 2367 547 2402 quale
560 2365 680 2393 nonduin
692 2363 821 2392 fect-rant.
832 2362 882 2389 Na-

100 2421 177 2448 turalis
187 2427 244 2448 erat
262 2419 384 2450 morbus,
398 2416 449 2443 arti
461 2414 573 2442 medica:
588 2422 640 2440 non
660 2412 760 2439 cedetis
775 2419 781 2437 :
799 2411 853 2438 lino
868 2418 881 2436 a

100 2466 256 2502 qmdraginta
268 2465 347 2492 anuis
354 2462 532 2494 claudicabat,
544 2464 572 2486 ιιι
581 2458 679 2486 deinde
687 2458 793 2489 dicitur,
804 2464 883 2484 nemo

102 2511 162 2539 illum
176 2513 200 2539 iit
223 2518 281 2539 tam
299 2512 378 2545 longo
399 2514 521 2536 tempore
536 2509 687 2532 curavi-rat.
703 2504 784 2531 Scitis
799 2509 863 2529 vero
873 2522 880 2534 ,

102 2556 167 2586 lutea
183 2559 317 2586 natalibus
332 2556 402 2584 mala
415 2558 509 2582 cnratu
524 2560 586 2580 esse
602 2551 765 2578 difficiliora.
781 2549 883 2576 Tantus

101 2610 146 2631 erat
157 2606 263 2632 morbus
273 2608 343 2630 utne
353 2601 462 2636 quidem
477 2598 659 2627 necessarium
674 2597 723 2624 sibi
736 2596 824 2623 cibum
837 2602 883 2630 pa-

101 2657 149 2677 nic
161 2655 247 2685 posset
269 2647 453 2683 litsignisvero
466 2649 533 2676 emit,
545 2649 600 2670 tttiti
610 2651 624 2669 ιι
634 2643 705 2674 loco,
718 2646 773 2669 tum
783 2648 797 2668 a
811 2645 883 2667 titur-

101 2694 142 2727 bu;
151 2694 326 2730 etqiumtod-t,
334 2692 406 2719 audi.
414 2691 441 2718 2.
453 2690 486 2717 Et
498 2690 602 2726 quidam
611 2689 659 2721 vir,
670 2688 765 2722 inquit,
777 2686 883 2713 timidus

101 2748 125 2768 ex
132 2747 191 2768 ultro
202 2741 289 2768 matris
303 2746 359 2767 sua:
367 2736 530 2773 bajulubatur
541 2743 630 2769 ξφα-ιιι
639 2734 762 2768 ponebant
773 2732 885 2767 quotidie

102 2788 128 2814 ad
137 2794 224 2821 portant
236 2786 323 2822 templi
332 2807 340 2819 ,
353 2792 411 2821 quae
426 2784 519 2810 dicitur
533 2782 665 2816 Speciostt,
681 2785 707 2806 ut
718 2784 809 2815 peteret
821 2780 884 2805 rlcc—

104 2841 214 2868 umquam
227 2832 259 2860 ab
275 2829 463 2859 introeuntibus
477 2829 502 2856 in
523 2827 655 2861 templum.
676 2825 883 2860 Eli-ciiiosyiiziiii

103 2885 154 2912 ergo
165 2879 279 2914 petebat,
294 2883 322 2905 et
336 2875 476 2904 nesciebat
491 2873 598 2908 qiiiiinui
614 2872 661 2898 \‘iri
673 2876 774 2900 essent.
786 2871 811 2897 Ξ.
833 2869 883 2903 Qui

104 2917 147 2952 tam
162 2927 255 2953 ridisset
271 2925 376 2952 Petrum
391 2927 413 2949 et
435 2921 561 2948 Joannem
574 2919 719 2953 incipientia
738 2917 840 2944 introire
858 2917 884 2943 in

105 2978 211 3012 inpium,
225 2978 330 3014 rugnbrtt
342 2981 369 3003 ut
382 2974 568 3006 clernmsynain
584 2969 719 3002 arriperet.
736 2968 761 2994 i.
778 2966 884 2993 ltititcns

935 1721 1021 1744 utilem
1038 1719 1064 1745 in
1084 1726 1140 1744 eum
1156 1718 1249 1746 Petrus
1265 1728 1323 1746 cum
1337 1720 1457 1754 Joanne,
1479 1722 1545 1749 dixit
1560 1732 1569 1750 :
1587 1723 1693 1758 Respice
1712 1725 1742 1752 iit

935 1771 990 1790 nos.
1011 1763 1066 1791 Iluc
1081 1765 1153 1791 audit
1167 1773 1174 1798 ;
1192 1765 1236 1793 ille
1254 1773 1318 1793 ιρι-ο
1334 1774 1422 1802 neque
1436 1768 1476 1795 sic
1489 1769 1611 1805 erigitur,
1627 1771 1676 1799 sed
1691 1772 1740 1798 ad—

936 1808 1094 1844 liiic-inanct
1114 1810 1228 1838 instans.
1251 1811 1324 1838 Talis
1338 1813 1410 1840 enim
1426 1818 1468 1840 est
1482 1820 1627 1849 paupertas
1639 1836 1647 1849 ,
1674 1817 1741 1845 dare

936 1856 1095 1890 negantibus
1111 1856 1193 1884 instat
1214 1861 1242 1885 et
1261 1858 1334 1894 cogit
1356 1859 1426 1887 illos.
1453 1860 1652 1890 Ertttht-azniis
1669 1870 1718 1889 nos
1731 1883 1739 1896 ,

935 1901 1007 1935 quia
1025 1902 1149 1936 precibus
1166 1903 1310 1931 resiliinus.
1330 1904 1396 1932 Vide
1410 1910 1609 1941 alllclliLtlllalli
1622 1909 1677 1935 cito
1693 1908 1741 1935 l’c’

936 1950 994 1973 trus
1016 1940 1249 1976 mansuetudinem
1273 1949 1420 1983 exhilii-at,
1445 1940 1563 1979 dicens:
1583 1953 1689 1987 "rspice
1712 1955 1739 1981 iit

935 2001 992 2020 nos.
1016 1992 1061 2021 Sic
1077 1994 1182 2021 illoratti
1203 1995 1310 2023 habitus
1331 2004 1380 2032 per
1396 2005 1426 2024 se
1442 2006 1532 2025 mores
1547 1999 1692 2026 iudicabat.

936 2040 968 2066 At
979 2039 1023 2066 ille
1036 2040 1182 2068 intendebat
1195 2041 1221 2068 in
1235 2050 1288 2073 eos,
1304 2051 1411 2077 sperans
1424 2052 1452 2070 ac
1464 2044 1564 2079 aliquid
1575 2051 1739 2080 accepturum

934 2084 967 2111 ab
981 2085 1026 2111 eis.
1042 2084 1069 2113 6.
1085 2085 1178 2113 Petrus
1191 2092 1276 2114 autem
1289 2087 1354 2115 dixit
1368 2095 1378 2115 .'
1391 2084 1533 2124 Argentum
1544 2095 1568 2117 et
1584 2099 1676 2118 aurum
1691 2100 1741 2119 nan

935 2135 971 2157 est
986 2131 1049 2157 milu'
1060 2151 1067 2161 .
1089 2132 1157 2166 quod
1179 2138 1265 2159 autem
1280 2132 1371 2167 litibeo,
1385 2134 1434 2161 Iioc
1447 2136 1492 2162 tibi
1506 2136 1550 2163 do.
1576 2136 1636 2164 Non
1651 2138 1716 2165 dixit
1730 2157 1739 2172 ,

936 2176 1002 2204 Rcui
1022 2177 1106 2205 multo
1122 2179 1309 2212 pretiosiorem
1321 2186 1434 2215 argento
1454 2182 1489 2209 do
1506 2183 1553 2210 tibi
1561 2190 1574 2215 ';
1591 2184 1638 2211 Sed
1652 2184 1739 2220 quid?

936 2223 968 2250 lii
984 2225 1086 2254 nomine
1097 2225 1159 2252 Jeau
1168 2225 1263 2253 Christi
1275 2225 1409 2254 Nasarcnt'
1418 2236 1495 2264 surge
1502 2234 1525 2256 et
1540 2230 1654 2258 ambulo.
1668 2231 1693 2258 7.
1706 2231 1740 2258 Et

936 2271 1097 2304 apprehensa
1107 2280 1184 2298 manu
1194 2273 1249 2308 ejus
1258 2272 1360 2306 dextra,
1370 2274 1488 2302 alienavit
1498 2266 1565 2302 cum.
1586 2278 1622 2303 ita
1639 2277 1701 2304 fecit
1712 2283 1739 2305 ct

935 2316 1070 2349 Christus,
1081 2325 1153 2352 saepe
1168 2318 1277 2346 manuni
1293 2320 1422 2354 porrexit,
1433 2322 1539 2355 qmiiido
1555 2329 1630 2349 erant
1645 2323 1671 2350 iii
1687 2324 1739 2352 fide

937 2362 1110 2395 infirmiores,
1122 2364 1336 2392 utnoridcretiir
1346 2374 1390 2393 res
1406 2373 1440 2393 ex
1455 2373 1552 2401 sponte
1567 2375 1613 2395 sua
1625 2369 1693 2396 fieri.
1706 2370 1740 2397 li't

936 2410 1098 2445 apprehensa
1117 2418 1195 2438 munit
1208 2412 1263 2447 ejus
1275 2413 1374 2445 dextra,
1390 2413 1509 2441 alteravit
1523 2423 1591 2442 etuti.
1609 2416 1666 2444 llnc
1682 2425 1740 2444 ilia—

937 2455 1062 2483 tiifcstaiii
1088 2455 1151 2483 fecit
1171 2459 1396 2485 rcsnrrcctiom-in
1410 2468 1417 2486 ;
1431 2459 1488 2487 lucc
1500 2461 1600 2495 qu‘ppc
1615 2469 1740 2490 resurre-

937 2503 1033 2529 ctionis
1049 2503 1136 2537 imago
1149 2507 1217 2530 erat.
1234 2503 1266 2531 Et
1283 2505 1401 2539 protinus
1416 2506 1581 2533 contolitlata:
1594 2514 1653 2534 sunt
1668 2508 1740 2536 bases

936 2548 993 2583 ejus
1005 2553 1026 2575 cl
1042 2548 1146 2583 pluntw,
1159 2550 1185 2577 8.
1201 2554 1223 2576 et
1237 2550 1356 2578 exsiliet"
1369 2551 1436 2578 stetit
1445 2573 1451 2580 .
1464 2557 1487 2578 et
1496 2554 1739 2582 «mbttlubot..'l‘cn-

939 2599 997 2621 laus
1011 2593 1079 2621 forte
1093 2596 1210 2629 seipsuui
1222 2616 1229 2628 ,
1254 2600 1281 2623 et
1295 2596 1425 2630 tiiajoreiit
1439 2595 1636 2632 cxi-ericiitiait
1654 2600 1738 2628 facie—

938 2639 980 2666 bat
995 2661 1002 2672 ,
1020 2647 1082 2666 nunt
1097 2640 1195 2667 frustra
1211 2641 1235 2667 id
1249 2640 1348 2668 factum
1365 2647 1446 2669 esset.
1465 2642 1565 2670 liifirini
1582 2645 1640 2679 cjus
1656 2646 1739 2680 pi-des

937 2691 1032 2718 erant,
1050 2694 1102 2713 iiott
1128 2687 1252 2714 aliscissi.
1271 2688 1383 2721 Quidam
1400 2697 1464 2715 vero
1479 2688 1571 2717 dicunt
1596 2690 1682 2724 ipsum
1698 2693 1741 2718 iiio

938 2733 1036 2760 cedere
1051 2734 1204 2760 nescivisse.
1221 2733 1252 2760 Et
1265 2734 1368 2761 intrat-it
1382 2743 1439 2761 cum
1451 2735 1502 2761 illis
1516 2744 1541 2762 in
1553 2736 1675 2770 lctttrlnm
1688 2746 1743 2764 (ιη’-

939 2779 1039 2806 buluns.
1058 2778 1127 2805 Vcre
1145 2779 1324 2807 admiratione
1349 2780 1428 2814 tligiizi
1458 2789 1501 2808 res
1527 2787 1596 2808 crat.
1623 2782 1681 2809 Non
1705 2784 1741 2810 illi

940 2825 1026 2859 ipsum
1039 2825 1152 2856 ducunt,
1167 2826 1213 2852 scd
1228 2827 1359 2861 sequitur.
1371 2832 1397 2854 et
1409 2827 1548 2862 sequendo
1560 2828 1744 2856 benefacta-cs

938 2871 1074 2902 mtcnilit;
1089 2875 1170 2905 atque
1184 2871 1264 2898 ctiam
1281 2872 1351 2907 quod
1366 2873 1494 2900 cxsilicus
1509 2873 1630 2900 laudaret
1646 2874 1741 2909 Deum,

938 2925 993 2946 non
1008 2917 1068 2947 illos
1086 2917 1242 2945 admirando
1258 2918 1335 2945 lauda
1357 2926 1380 2950 ε,
1396 2919 1443 2946 sed
1458 2919 1551 2951 Deum,
1567 2921 1610 2955 qui
1627 2929 1673 2955 per
1686 2922 1747 2950 ili-as

939 2971 1067 3001 operatus
1081 2969 1149 2993 (ειμι.
1177 2964 1211 2991 ita
1229 2970 1304 3000 grato
1320 2965 1359 2992 \"ir
1374 2965 1465 2992 animo
1484 2970 1553 2993 crat.
1579 2967 1632 2994 Sed
1650 2968 1742 3003 priora
