4092 6468
567 441 629 497 ἠ
1317 429 1375 490 S.
1414 423 1689 486 JOANNIS
1722 418 2195 478 CllﬂYSOSTOMl
2234 416 2550 473 AltCIllEl‘.
2590 410 3119 474 CONSTANTINOP.
3783 416 3855 471 τι

570 563 891 624 repetamus.
922 544 1267 602 Aseendebant
1289 583 1306 611 ,
1353 543 1544 612 inquit,
1586 540 1653 593 ad
1688 540 1864 624 lteram
1901 535 2142 624 orationis

567 621 783 697 nonam.
836 632 1101 695 Fortassis
1128 634 1221 690 illo
1256 637 1492 702 tempore
1520 622 1857 696 deporlatum
1898 621 2145 679 claudum

572 734 928 803 deponebant,
959 729 1172 801 quando
1201 736 1429 782 maxime
1460 721 1756 779 intrabatur
1781 722 1832 773 in
1868 716 2145 785 templum.

570 827 647 883 Ne
666 826 782 895 quis
803 839 932 879 vero
959 822 1185 892 putaret,
1208 820 1277 874 ob
1292 818 1447 872 aliain
1471 830 1582 870 rem
1606 813 1941 881 deportatum
1963 808 2145 873 fuisse,

569 926 624 972 et
651 932 757 970 non
802 926 857 967 ut
893 914 1196 982 aeciperet;
1242 909 1363 962 vide
1413 904 1679 975 quomodo
1716 900 1767 957 id
1795 901 1940 955 clar'e
1981 897 2147 968 signi-

571 1009 726 1074 ticet,
769 1005 995 1061 dicendo
1027 1020 1042 1057 :
1074 995 1336 1055 Poneﬁant
1365 996 1509 1050 illunt
1540 1006 1593 1047 ut
1622 993 1987 1061 eleemosynant
2010 987 2149 1077 acci-

571 1110 709 1169 peret
733 1097 795 1151 αὗ
819 1094 1185 1150 introeuntibus
1211 1092 1265 1143 in
1301 1088 1561 1158 templum.
1606 1083 1730 1137 Ideo
1757 1086 1812 1136 et
1842 1080 1971 1169 loca,
1997 1092 2149 1132 com-

583 1189 844 1255 memorat
883 1187 934 1239 in
955 1184 1320 1253 argumentum
1343 1182 1527 1233 eorum
1564 1180 1681 1245 qua:
1715 1170 1921 1228 scribit.
1945 1168 2009 1222 Et
2030 1182 2145 1232 cur,

571 1278 798 1350 inquies,
816 1276 965 1331 illum
984 1288 1087 1327 non
1103 1269 1316 1328 Christo
1338 1263 1697 1323 adduxerunt?
1719 1262 1875 1317 Forte
1893 1257 2151 1317 increduli

569 1374 726 1424 erant
762 1366 836 1433 ii,
884 1366 971 1433 qui
1012 1362 1210 1431 templo
1241 1358 1547 1414 assidebam
1573 1399 1588 1423 ,
1620 1351 2050 1427 quandoquidem
2081 1358 2149 1405 ne

568 1458 825 1525 apostolis
843 1455 1056 1526 quidem
1076 1453 1246 1522 ipsum
1266 1451 1604 1513 obtulerunt,
1626 1461 1745 1500 cum
1772 1443 2012 1498 viderent
2031 1440 2149 1495 illos

568 1548 812 1619 ingredi,
850 1555 970 1617 post
998 1554 1075 1599 tot
1099 1544 1239 1599 edita
1270 1540 1546 1596 miracula.
1577 1535 1827 1609 Rogubat,
1861 1533 2052 1605 inquit,
2092 1540 2149 1585 ut

569 1641 937 1709 ele'eniosynam
965 1636 1231 1703 acciperet.
1274 1631 1433 1686 Forte
1458 1647 1520 1684 ex
1552 1628 1734 1683 liabitu
1762 1626 1881 1681 illos
1906 1633 1964 1679 ut
1987 1629 2149 1694 quos-

572 1730 693 1783 dam
728 1731 841 1797 pios
868 1728 1010 1780 viros
1034 1724 1392 1786 existimavit;
1421 1721 1647 1789 ideoqbe
1678 1718 1902 1772 detinuit
1926 1729 2039 1771 eos.

642 1818 824 1871 Petrus
862 1824 1013 1886 quam
1054 1816 1248 1868 alienus
1284 1830 1316 1865 a
1358 1809 1746 1881 [estw—Vide
1789 1818 1986 1871 autent,
2017 1812 2149 1877 ιιιιοο

568 1909 727 1963 modo
753 1907 985 1962 Joannes
1025 1905 1218 1973 ubique
1243 1905 1431 1967 sileat;
1476 1902 1665 1957 Petrus
1692 1904 1817 1955 vero
1847 1900 2006 1955 etiam
2051 1914 2149 1969 pro

570 2002 662 2053 illo
687 1999 943 2052 rationem
970 1995 1158 2050 reddat
1181 2013 1193 2048 :
1220 1995 1494 2064 Argentum
1520 2003 1567 2047 et
1587 1996 1769 2046 aurum
1792 2008 1889 2045 non
1911 1992 1981 2045 est
2001 1990 2144 2055 mihi;

568 2086 750 2155 inquit.
806 2084 922 2139 Nan
952 2084 1115 2148 dixit;
1147 2079 1244 2138 Hic
1275 2097 1383 2136 non
1414 2081 1615 2148 habeo,
1668 2092 1721 2135 ut
1754 2096 1851 2134 nos
1878 2081 2104 2135 dicimus
2127 2119 2143 2145 ,

566 2178 659 2232 sed
692 2186 936 2245 prorsus.
978 2173 1095 2230 Non
1128 2173 1317 2227 habeo.
1367 2172 1504 2238 Quid
1534 2186 1661 2242 ergo
1690 2170 1950 2225 claudus?
1992 2169 2144 2224 Mene

566 2269 857 2338 supplicem
887 2266 1160 2337 despicis?
1187 2264 1300 2318 Non
1323 2305 1337 2330 ,
1372 2266 1561 2334 inquit;
1595 2264 1687 2318 sed
1725 2263 1792 2317 de
1822 2264 1886 2316 iis
1911 2278 2030 2332 qua:
2052 2261 2148 2315 lta-

568 2358 669 2411 beo
696 2359 896 2426 accipe.
956 2355 1159 2417 Viden‘,
1189 2356 1460 2421 quomodo
1487 2368 1517 2407 a
1544 2354 1679 2406 fastu
1706 2352 1909 2407 alienus
1946 2353 2015 2406 sit
2044 2351 2146 2406 Pco

569 2459 681 2503 trus
705 2490 719 2513 ,
754 2460 851 2502 nec
880 2458 939 2502 se
967 2456 1199 2501 os'eutet
1228 2447 1385 2499 etiam
1419 2447 1465 2500 ei
1492 2486 1507 2510 ,
1557 2445 1647 2514 qui
1678 2459 1708 2497 a
1742 2458 1801 2498 se
1830 2443 2145 2498 beneficium

566 2550 877 2608 accepturus
903 2538 1027 2591 est?
1068 2534 1141 2609 0s
1169 2537 1341 2604 itaque
1369 2545 1424 2588 et
1453 2549 1643 2587 manus
1675 2542 1840 2587 totum
1873 2532 2141 2587 fecerunt.

567 2629 726 2685 Tales
750 2636 903 2683 erant
939 2626 1104 2681 Judmi
1152 2626 1515 2679 claudicantes
1552 2640 1568 2690 ;
1601 2632 1653 2678 et
1682 2638 1803 2678 cum
1836 2638 1972 2693 opus
2000 2632 2146 2678 esset

566 2726 845 2780 sanitatem
874 2734 1053 2794 petere
1074 2763 1087 2784 ,
1119 2721 1195 2775 illi
1223 2719 1402 2790 potius
1433 2719 1687 2789 pecunias
1716 2718 1967 2787 petebant
1995 2718 2144 2773 humi

565 2815 800 2887 iacentes
828 2831 841 2865 :
873 2814 961 2883 qui
992 2820 1045 2865 et
1077 2811 1195 2865 ideo
1224 2810 1422 2879 templo
1448 2803 1755 2863 assidehan‘t
1779 2850 1794 2875 ,
1824 2818 1881 2862 ut
1907 2808 2146 2863 ditaren-

568 2917 671 2960 tur.
730 2904 863 2973 Quid
907 2904 1063 2973 igitur
1101 2902 1337 2957 Petrus?
1395 2899 1509 2955 Non
1554 2899 1799 2970 despexit
1836 2915 1995 2962 eum,
2040 2908 2146 2955 non

564 2997 781 3051 divitem
810 2994 1081 3063 quaesivit,
1114 3006 1213 3046 nec
1239 2991 1408 3057 dixit,
1451 2989 1558 3045 Nisi
1593 2990 1645 3044 in
1673 2991 1763 3044 illo
1792 2989 1881 3044 flat
1912 2990 2145 3044 miracu-

566 3088 672 3142 tum
699 3127 714 3151 ,
760 3084 890 3139 nihil
921 3090 1168 3154 magnum
1199 3082 1302 3136 erit
1334 3097 1348 3134 :
1380 3097 1483 3134 non
1520 3081 1777 3135 honorem
1808 3080 2144 3151 exspectavit

567 3177 635 3232 ab
661 3177 772 3240 illo,
802 3190 973 3244 neque
1005 3172 1356 3242 praesentibus
1385 3171 1703 3239 quibusdam
1727 3172 1931 3224 curavit
1958 3172 2140 3225 illum:

566 3277 683 3323 erat
706 3266 846 3322 enim
877 3265 956 3319 vir
985 3267 1036 3318 in
1067 3265 1307 3333 ingressu
1334 3304 1348 3327 ,
1383 3277 1487 3316 non
1522 3261 1663 3315 intus
1684 3302 1698 3325 ,
1744 3262 1830 3315 ubi
1865 3272 1980 3317 erat
2011 3262 2146 3316 Inul-

567 3358 759 3413 titudo.
781 3358 845 3411 At
875 3356 1002 3411 nihil
1026 3356 1216 3410 horqu
1244 3354 1488 3424 qumsivit
1510 3344 1717 3420 Petrus,
1739 3350 1920 3425 'ncque
1942 3357 2150 3427 ingrcs-

566 3460 659 3505 s'tis
688 3448 1021 3518 praedicavit,
1065 3446 1157 3501 Sed
1197 3459 1265 3500 ex
1293 3445 1407 3499 solo
1436 3444 1617 3500 habitu
1644 3446 1890 3501 claudum
1918 3446 2137 3502 attraxit

568 3542 634 3597 ad
680 3540 985 3611 petendum.
1015 3527 1274 3607 Quodque
1306 3538 1497 3591 mirum
1525 3547 1605 3591 est
1629 3578 1645 3601 ,
1697 3537 1785 3591 ille
1815 3540 1991 3592 statim
2022 3553 2142 3594 cre-

569 3634 722 3688 didit.
768 3631 898 3686 Natn
925 3630 1013 3699 qui
1045 3644 1074 3683 a
1112 3629 1331 3683 diutinis
1372 3628 1571 3684 morbis
1600 3629 1805 3682 liberati
1847 3638 2009 3695 Sunt,
2053 3629 2141 3687 vix

566 3726 788 3782 ereduut
810 3725 971 3779 etiam
997 3736 1059 3776 ea
1084 3735 1203 3792 quae
1234 3720 1431 3776 vident.
1464 3720 1530 3773 Et
1558 3729 1773 3774 sanatus
1801 3720 1993 3776 deinde
2021 3737 2143 3777 cum

569 3816 825 3887 apostolis
850 3824 985 3879 erat,
1012 3813 1213 3883 gratias
1242 3820 1405 3882 agens
1436 3811 1563 3865 Deo.
1595 3809 1660 3863 Et
1688 3811 1914 3879 intrabit,
1950 3812 2141 3882 inquit,

572 3920 685 3961 tum
710 3908 811 3961 illis
837 3907 892 3959 in
927 3904 1203 3974 temptant,
1234 3902 1530 3968 ambulans,
1576 3902 1811 3963 exsiliens
1836 3913 1885 3956 et
1924 3902 2144 3957 laudans

569 3998 753 4053 Deum.

638 4089 694 4144 2.
738 4087 903 4151 Vide,
932 4084 1201 4155 quomodo
1226 4100 1330 4139 non
1360 4086 1602 4155 quiescat
1627 4122 1641 4149 ,
1672 4096 1781 4139 tum
1811 4100 1879 4141 ex
1908 4078 2137 4156 gaudio,

572 4188 681 4236 ttim
712 4189 769 4234 ut
805 4177 1004 4234 Iudaeis
1028 4192 1120 4232 ora
1150 4177 1411 4231 obstruat.
1445 4175 1514 4233 Ut
1541 4186 1719 4230 autem
1750 4178 1957 4232 videtur
1987 4178 2139 4244 mihi,

572 4289 637 4329 ne
670 4272 941 4327 videretur
976 4269 1227 4325 ementita
1266 4272 1385 4333 res,
1433 4267 1552 4322 ideo
1594 4269 1706 4337 ipse
1744 4268 1955 4322 saltavit
1988 4286 2001 4324 :
2044 4268 2144 4327 lioc

569 4364 710 4418 e‘nim
742 4362 885 4415 nullo
912 4358 1069 4413 modo
1096 4359 1330 4413 siniulari
1363 4358 1588 4428 patera't.
1622 4358 1721 4425 Qui
1751 4361 1895 4413 enim
1922 4360 2145 4414 omnino

572 4458 677 4506 neu
707 4457 914 4521 poterat
956 4448 1243 4513 incedere,
1294 4448 1429 4501 fame
1472 4447 1630 4501 etiam
1663 4438 1924 4518 cogente;
1972 4459 2145 4520 neque

571 4544 715 4597 cnim
759 4539 1015 4594 voluisset
1051 4554 1172 4593 cum
1206 4538 1395 4608 bajulis
1432 4539 1804 4610 eleemosynas
1832 4542 2055 4610 partiri,
2098 4545 2143 4598 si

570 4634 717 4690 scius
746 4633 824 4687 ire
852 4632 1143 4701 potuisset;
1174 4630 1338 4684 multo
1366 4633 1534 4702 magis
1561 4643 1705 4687 tunc.
1746 4636 2024 4701 Quomodo
2050 4652 2147 4691 au-

571 4732 678 4780 tem
717 4723 1018 4778 simulasset
1046 4723 1096 4775 in
1125 4721 1346 4789 gratiam
1377 4738 1559 4777 eorum
1583 4765 1599 4790 ,
1630 4724 1717 4793 qui
1749 4722 2144 4799 eleemosynam

574 4828 679 4868 non
709 4812 1009 4867 dederant?
1037 4811 1141 4865 Sed
1172 4812 1305 4881 grati
1331 4811 1496 4866 animi
1522 4813 1602 4866 vir
1626 4824 1759 4879 erat,
1795 4817 1955 4871 etiam
1984 4820 2145 4889 adepo

575 4915 657 4957 tus
686 4905 985 4956 sanitatem.
1021 4901 1275 4972 Utriuque
1296 4917 1425 4973 ergo
1453 4903 1624 4959 lidelis
1650 4906 1972 4976 ostenditur,
1998 4920 2053 4964 ct
2078 4927 2143 4966 ex

578 4994 858 5063 gratiarum
888 4992 1096 5047 actione
1116 5033 1131 5059 ,
1173 4998 1228 5049 e't
1254 5008 1319 5048 ex
1346 5008 1411 5050 eo
1440 4994 1581 5065 quod
1611 4997 1823 5051 accidit.
1871 4999 1985 5053 Non
2017 5016 2145 5057 sane

580 5083 820 5139 nnnibus
846 5087 1004 5139 notus
1027 5092 1180 5148 erat;
1232 5084 1371 5140 trude
1397 5095 1451 5141 et
1478 5089 1841 5157 agnoscebant
1870 5089 2039 5145 illum.
2086 5091 2140 5147 9.

582 5176 639 5234 Et
681 5175 805 5231 cidit
834 5191 948 5228 eum
973 5213 988 5240 ,
1032 5174 1236 5245 inquit,
1282 5178 1445 5229 omnis
1485 5178 1701 5247 papulas
1730 5179 2067 5249 ambulantem
2096 5193 2144 5237 et

586 5265 859 5327 huduntem
890 5268 1071 5320 Deum.
1104 5266 1188 5323 10.
1220 5266 1694 5338 Cognoscebantque
1720 5271 1886 5340 ipsum
1912 5288 2036 5333 esse.
2058 5276 2145 5346 qui

586 5361 640 5413 tul
674 5358 1040 5426 elcemosunam
1072 5358 1271 5411 sedebat
1298 5358 1365 5411 ad
1392 5358 1687 5428 Speciosam
1717 5374 1913 5431 portum
1952 5365 2147 5434 templi.

574 5449 716 5503 Bene
741 5449 917 5512 dixit,
957 5448 1328 5520 Cognoscebant
1357 5465 1375 5503 :
1402 5460 1526 5504 nam
1558 5462 1739 5521 postea
1769 5469 1872 5507 non
1900 5457 2151 5525 cognosci

573 5544 776 5607 (repit:
811 5542 909 5593 hac
934 5539 1130 5608 quippe
1172 5546 1299 5593 voce
1342 5541 1539 5594 utimur
1577 5543 1718 5597 circa
1758 5560 1886 5611 eos,
1931 5546 2019 5616 qui
2065 5549 2148 5602 vix

567 5638 943 5698 agnOSCuntur.
961 5631 1117 5685 Credi
1139 5644 1267 5701 ergo
1286 5634 1583 5700 oportebat,
1607 5651 1796 5689 nomen
1810 5637 2006 5692 Christi
2030 5656 2128 5709 pec

572 5729 688 5773 cata
717 5719 989 5774 dimittere
1012 5761 1029 5787 ,
1056 5722 1196 5790 quod
1226 5730 1369 5776 tanta
1397 5736 1727 5793 operaretur.
1758 5728 1844 5780 11.
1870 5727 1995 5783 Cum
2020 5742 2153 5784 tene-

568 5821 641 5866 ret
669 5821 836 5865 autem
863 5811 907 5867 is
930 5851 947 5879 ,
976 5813 1062 5883 qui
1086 5826 1296 5869 sanatus
1322 5819 1508 5885 fuerat,
1539 5816 1751 5872 Petrum
1783 5831 1829 5876 et
1859 5819 2111 5879 Joannem
2134 5869 2147 5894 ,

2255 532 2485 586 eonwnit
2530 536 2695 586 omnis
2738 536 2961 605 populus
2998 534 3066 587 ad
3116 531 3365 601 porticum
3401 546 3516 602 qua
3557 533 3860 602 appellatur

2253 620 2566 688 Salomonis,
2595 634 2870 693 stupentes.
2902 625 2978 677 Ex
3007 620 3376 679 benevolentia
3402 636 3457 677 et
3478 622 3715 677 amicitia
3739 639 3855 678 non

2250 713 2596 780 separabatur
2632 714 2702 767 ali
2732 714 2862 782 ipsis
2890 714 3111 770 claudus
3132 755 3145 777 ,
3195 712 3421 769 fortasse
3454 714 3655 785 gratias
3683 719 3859 786 agians

2250 812 2305 857 et
2330 803 2549 858 laudans
2573 805 2711 858 illos.
2742 804 2809 857 Et
2832 805 3145 869 occurrebat,
3180 805 3381 875 inquit,
3416 806 3579 859 omnis
3606 807 3857 875 papulas.

2256 892 2342 948 12.
2384 893 2569 947 Videris
2598 905 2763 948 autent
2793 896 2908 948 illos
2942 896 3153 961 Petrus,
3184 896 3464 967 respondit.
3502 897 3709 950 Rursus
3738 898 3861 965 ipso

2252 993 2309 1039 et
2332 996 2584 1054 operatur
2608 996 2661 1039 et
2690 987 3060 1041 concinnatur.
3092 986 3228 1041 Tum
3258 987 3472 1056 quidem
3516 988 3638 1042 illos
3662 988 3729 1041 id
3757 1005 3863 1042 au-

2252 1076 2504 1131 diendum
2532 1079 2782 1133 excitavit
2810 1079 3106 1148 linguaruin
3136 1078 3473 1143 miraculdm,
3506 1086 3647 1135 nunc
3670 1088 3862 1135 autem

2253 1165 2356 1221 hoc
2382 1168 2588 1238 signum
2615 1187 2629 1223 :
2654 1176 2708 1224 et
2733 1180 2859 1223 tunc
2885 1169 3164 1224 exordium
3194 1168 3345 1223 duxit
3369 1184 3397 1222 a
3438 1169 3685 1237 crimine,
3708 1173 3865 1227 nunc

2252 1257 2320 1311 ab
2348 1258 2621 1327 opinione.
2673 1259 2958 1314 Videamus
3001 1270 3180 1314 autem
3203 1300 3219 1327 ,
3260 1260 3387 1329 quid
3413 1259 3481 1315 ab
3510 1260 3600 1315 illa
3638 1260 3865 1317 ὤσει-ιιι

2254 1348 2368 1404 Ιιωο
2392 1352 2614 1417 concio,
2646 1354 2701 1406 et
2730 1352 2856 1421 quid
2890 1367 3177 1407 commune
3206 1367 3325 1407 cum
3370 1353 3460 1414 illa
3503 1354 3716 1409 habeat.
3748 1354 3862 1410 Illa

2252 1438 2396 1495 domi
2428 1441 2587 1497 ﬁebat
2608 1484 2621 1510 ,
2653 1458 2773 1501 cum
2803 1458 2963 1498 nemo
2992 1444 3169 1498 adhuc
3195 1444 3527 1511 accessisset,
3558 1461 3660 1501 nec
3689 1447 3863 1517 quidd

2252 1533 2392 1601 piam
2421 1533 2492 1586 illi
2519 1536 2721 1603 operati
2755 1533 3017 1600 fuissent;
3054 1534 3168 1590 haec
3197 1550 3325 1590 vero
3351 1536 3601 1591 omnibus
3643 1537 3861 1593 miran-

2254 1624 2395 1678 tibus
2418 1666 2432 1688 ,
2486 1624 2577 1679 illo
2602 1627 2692 1695 qui
2722 1634 2940 1681 sanatus
2972 1625 3161 1681 fuerat
3179 1642 3345 1696 prope
3374 1628 3621 1684 adstante
3643 1667 3658 1693 ,
3692 1629 3855 1684 nullo

2251 1712 2560 1779 dubitante,
2607 1725 2667 1769 ut
2710 1722 2863 1781 tunc,
2913 1731 3033 1771 cum
3077 1715 3290 1786 quidam
3332 1716 3584 1772 dicebant
3627 1719 3860 1775 :Musto

2252 1804 2389 1872 pteni
2411 1814 2525 1857 sunt
2576 1804 2728 1875 (Act.
2765 1805 2820 1859 Ξ.
2855 1808 2918 1861 l3
2945 1807 2983 1875 ).
3028 1806 3093 1861 Et
3136 1815 3261 1861 tunc
3302 1806 3393 1863 ille
3432 1821 3553 1863 cum
3594 1808 3861 1879 apostolis

2253 1895 2500 1950 omnium
2539 1895 2894 1965 loquebatur,
2944 1904 3086 1952 nunc
3121 1907 3241 1951 cum
3291 1899 3407 1952 solo
3448 1898 3657 1955 Joanne
3690 1918 3705 1954 :
3737 1903 3856 1972 jam

2252 1985 2394 2038 enim
2425 1986 2514 2040 ille
2540 1995 2594 2040 et
2622 1986 2976 2042 confidentius
3006 1988 3241 2058 loquitur
3264 1995 3318 2044 et
3363 1989 3757 2046 vehementius.

2334 2068 2500 2132 Virtus
2517 2094 2711 2147 semper
2728 2083 2927 2150 pro/itit
2948 2125 2963 2148 ,
2997 2100 3269 2154 numquam
3305 2086 3521 2156 gradum
3542 2087 3693 2141 sistit.
3725 2086 3858 2142 Pec-

2252 2182 2364 2225 cata
2393 2184 2507 2226 sunt
2546 2174 2971 2241 spina—Talis
3004 2177 3199 2246 quippe
3231 2193 3316 2234 res
3342 2189 3423 2233 cst
3454 2180 3622 2235 virtus
3651 2197 3665 2234 :
3696 2181 3856 2235 initio

2252 2271 2467 2331 sumpto
2498 2264 2855 2333 progreditur,
2885 2274 2939 2320 et
2966 2282 3252 2337 numquam
3279 2268 3500 2338 gradum
3526 2271 3688 2326 sistit.
3716 2271 3859 2328 Vide

2251 2362 2427 2406 autem
2485 2355 2754 2423 quomodo
2794 2357 3065 2425 provisum
3111 2358 3202 2425 sit,
3236 2368 3292 2415 ut
3324 2361 3377 2415 in
3409 2364 3606 2432 templo
3635 2364 3853 2436 signum

2254 2443 2424 2511 ﬁeret,
2455 2447 2685 2500 utetalii
2715 2449 3065 2505 conﬁderent.
3092 2449 3275 2520 Neque
3297 2454 3437 2508 enim
3459 2453 3510 2509 1ιι
3537 2456 3732 2527 angulo
3762 2458 3853 2514 vel

2251 2535 2387 2589 clam
2412 2536 2538 2590 illud
2570 2546 2897 2607 operantur;
2938 2552 2993 2595 at
3044 2556 3220 2612 neque
3262 2545 3400 2599 intra
3431 2548 3687 2618 templum
3708 2590 3725 2615 ,
3756 2550 3851 2607 tibi

2251 2634 2441 2695 magna
2478 2636 2593 2681 erat
2622 2629 2927 2685 multitudo.
2967 2631 3246 2699 Quomodo
3285 2646 3487 2703 autem,
3522 2636 3756 2709 inquies,
3787 2640 3849 2696 id

2250 2718 2509 2773 creditum
2531 2720 2664 2774 fuit?
2692 2722 2822 2789 Quia
2856 2724 2900 2777 is
2922 2724 3054 2792 ipse,
3082 2726 3170 2794 qui
3194 2733 3417 2783 sanatus
3450 2727 3643 2795 fuerat,
3678 2731 3853 2788 bene-‘-

2253 2808 2427 2861 licium
2462 2809 2800 2877 praedicabat.
2832 2812 3013 2883 Neque
3043 2815 3182 2870 enim
3222 2819 3479 2872 mentitus
3506 2818 3712 2887 fuisset,
3743 2837 3848 2878 ne-

2257 2898 2363 2967 que
2389 2900 2456 2954 ad
2483 2902 2616 2956 alios
2664 2902 2919 2972 quosdam
2948 2905 3197 2961 venisset.
3231 2906 3393 2978 Igitur
3418 2910 3503 2965 ubi
3531 2911 3696 2966 latum
3725 2916 3854 2981 spa;

2251 2986 2381 3042 tium
2404 3000 2541 3055 erat,
2572 2990 2641 3045 ibi
2659 2992 2864 3061 signum
2892 2996 3095 3062 operati
3121 3006 3282 3062 sunt;
3308 2999 3459 3067 quasi
3491 3003 3639 3056 locus
3667 3019 3855 3059 semo-

2251 3090 2335 3137 tus
2377 3092 2538 3136 esset.
2585 3081 2654 3137 Et
2697 3081 2817 3138 vide
2857 3084 2982 3153 quid
3014 3086 3208 3141 factttm
3269 3090 3355 3142 sit.
3403 3089 3483 3145 Ad
3524 3092 3681 3145 aliam
3729 3108 3852 3151 rem

2252 3173 2569 3237 ascendunt,
2610 3185 2667 3229 et
2711 3174 2854 3230 aliud
2899 3189 3205 3246 operantur.
3235 3179 3326 3235 Sic
3356 3182 3717 3248 etCornelins
3742 3187 3851 3242 alia

2245 3263 2494 3332 jejunans
2523 3265 2861 3334 precabatur,
2911 3275 2965 3321 et
3006 3267 3109 3322 alia
3161 3269 3319 3325 videt.
3353 3271 3623 3329 Hactenus
3649 3277 3852 3345 ubique

2248 3351 2519 3408 Christum
2547 3354 2878 3411 Natareunm
2906 3359 3192 3427 appellant.
3216 3359 3282 3414 In
3305 3364 3506 3417 nomine
3533 3362 3676 3418 lem
3698 3367 3854 3421 Clari-

2246 3439 2312 3498 sli
2352 3442 2637 3512 Nazareni,
2670 3446 2857 3516 inquit,
2889 3453 3039 3520 surge
3077 3460 3121 3503 et
3177 3452 3398 3507 ambula.
3442 3451 3655 3510 Interim
3701 3460 3850 3515 enim

2247 3532 2377 3588 illud
2404 3533 2762 3606 qtucrehatur,
2795 3548 2850 3592 ut
2876 3540 2972 3608 ipsi
3002 3542 3333 3597 crederetur.
3367 3544 3470 3600 Sed
3501 3555 3589 3611 n‘e,‘
3619 3565 3805 3617 quazso
3827 3591 3848 3617 ,

2248 3630 2397 3682 initio
2418 3631 2676 3685 orationis
2700 3631 3003 3688 fatiseatnus
3023 3651 3037 3699 ;
3057 3635 3148 3689 sed
3168 3638 3374 3691 etiamsi
3399 3640 3519 3709 quis
3541 3653 3657 3709 post
3684 3637 3853 3699 enat“;

2249 3733 2420 3776 ratum
2464 3722 2669 3778 facinus
2714 3722 2945 3791 desinat,
2998 3728 3203 3785 initium
3254 3734 3578 3800 repetamus.
3612 3732 3667 3790 Si
3710 3734 3853 3792 bene

2248 3812 2421 3867 affecti
2450 3813 2638 3879 simus,
2667 3816 2773 3869 cito
2794 3816 2859 3869 ad
2893 3816 3049 3870 finem
3075 3820 3465 3887 perveniemus,
3499 3824 3606 3878 cito
3629 3825 3854 3883 culmen

2250 3905 2587 3973 attingemus.
2616 3905 2857 3960 Studium
2891 3909 3053 3969 enim,
3090 3910 3277 3979 inquit,
3311 3915 3543 3968 studium
3588 3928 3843 3986 generat;

2250 3995 2455 4065 ignavia
2480 3997 2765 4067 ignaviam.
2785 4000 2881 4066 Qui
2910 4002 3175 4055 modicum
3199 4005 3467 4074 quidpiam
3492 4021 3638 4065 recte
3664 4004 3849 4079 patra-

2250 4084 2344 4143 vit.
2385 4087 2556 4156 majus
2589 4088 2858 4157 quidpiam
2905 4090 3129 4147 lidentcr
3165 4096 3493 4165 aggreditur,
3526 4109 3579 4155 et
3620 4103 3855 4159 ulterius

2251 4177 2436 4232 tendit.
2488 4179 2563 4232 Ac
2601 4180 3046 4247 quemadmodum
3088 4184 3224 4254 ignis
3266 4196 3466 4256 qua‘nto
3508 4190 3657 4259 plura
3702 4193 3849 4264 ligna

2251 4271 2493 4340 cerripit,
2545 4279 2693 4324 tanto
2733 4273 3099 4329 vehementior
3147 4277 3376 4333 eﬂieiIUr
3410 4284 3529 4335 :sie
3575 4292 3630 4335 ct
3669 4280 3846 4339 animi

2252 4357 2431 4413 fervor
2459 4365 2658 4430 qt‘iantn
2692 4356 2866 4430 plures
2894 4360 3091 4419 excitat
3133 4368 3245 4435 pias
3288 4372 3658 4441 Cogitationes,
3694 4384 3853 4431 tanto‘

2255 4450 2442 4506 fortius
2468 4462 2702 4505 armatur
2730 4453 2985 4508 adversus
3014 4458 3140 4510 alia.
3186 4458 3427 4530 Exempli
3458 4478 3618 4518 causa
3653 4483 3668 4521 :
3696 4476 3851 4524 stari:

2254 4545 2305 4598 in
2330 4545 2482 4599 nobis
2502 4559 2599 4598 ceu
2622 4545 2785 4613 spina:
2805 4547 3120 4616 periurium,
3146 4552 3480 4606 mendacium
3503 4598 3517 4619 ,
3546 4556 3845 4623 simulatio.

2252 4635 2423 4702 dolus,
2471 4637 2725 4705 nequitia,
2753 4640 3071 4704 convicium,
3125 4644 3443 4708 scommata,
3476 4646 3636 4711 risus,
3668 4652 3851 4719 turpia

2252 4728 2453 4796 lnquia,
2480 4728 2832 4783 scurrilitates
2866 4748 2877 4780 :
2910 4740 3091 4785 rursus
3112 4748 3177 4785 ex
3202 4734 3368 4788 altera
3388 4748 3555 4804 parte,
3588 4742 3848 4810 avaritia,

2254 4819 2458 4888 rapina,
2507 4818 2783 4889 injustitia,
2830 4821 3197 4891 sycophantia,
3242 4824 3485 4892 insidiae;
3537 4830 3853 4895 iterumun

2253 4914 2681 4984 concupiscentia
2706 4916 2862 4979 mala,
2893 4916 3245 4980 iinmumlitia,
3270 4918 3506 4989 lascivia,
3538 4923 3848 4990 fernicatin,

2254 5005 2599 5070 adulterium;
2624 5022 2687 5061 ac
2714 5022 2946 5073 rursum,
2974 5006 3190 5074 invidia,
3217 5012 3498 5082 zelotypia,
3531 5015 3631 5079 ira,
3663 5017 3843 5084 furor,

2254 5096 2565 5164 injuriarutn
2600 5098 2923 5161 recordatio,
2954 5098 3207 5171 vindicta,
3232 5103 3580 5172 blasphemia,
3610 5117 3663 5161 et
3688 5110 3852 5162 imm-

2256 5202 2401 5241 mera
2433 5188 2553 5241 talia
2587 5206 2599 5242 :
2625 5188 2667 5241 si
2696 5188 2869 5256 priora
2903 5198 3045 5243 recte
3075 5193 3363 5262 egerimus,
3395 5208 3501 5249 non
3530 5195 3616 5249 illa
3645 5198 3851 5262 solum.

2255 5276 2349 5330 sed
2376 5276 2533 5330 etiam
2558 5281 2851 5345 posteriora
2878 5291 3249 5348 exsequemur.
3298 5283 3510 5337 Fortior
3533 5286 3677 5340 enim
3718 5282 3854 5343 eva-

2254 5366 2331 5421 dit
2357 5368 2567 5420 animus
2584 5368 2646 5421 ad
2670 5377 2861 5421 cetera
2891 5372 3195 5428 evertenda.
3221 5372 3378 5427 Verhi
3406 5377 3573 5444 gratia
3596 5380 3684 5447 qtri
3710 5386 3858 5433 tun!—

2259 5467 2367 5511 tmn
2394 5459 2613 5528 juravit,
2646 5460 2688 5511 si
2716 5460 2856 5513 hunc
2884 5464 3176 5515 satanicum
3211 5481 3413 5520 morem
3441 5468 3509 5522 de
3542 5473 3719 5525 medio
3743 5477 3853 5527 ιυι-

2259 5550 2346 5613 lat,
2382 5566 2485 5603 non
2520 5550 2619 5603 hoc
2647 5550 2816 5602 solum
2865 5564 3008 5606 recte
3036 5556 3261 5623 peregit,
3305 5559 3402 5610 sed
3425 5568 3478 5611 et
3517 5563 3617 5613 alia
3675 5568 3853 5633 plt'lits

2258 5640 2465 5697 inductu
2499 5641 2622 5696 erit.
2656 5640 2841 5695 Nullus
2882 5645 3020 5698 enim
3062 5661 3164 5699 DOiI
3192 5646 3483 5715 juranlium
3517 5651 3674 5708 facile
3705 5657 3853 5711 volet

2256 5733 2397 5784 afiud
2428 5736 2623 5786 malum
2673 5735 2915 5803 operari;
2951 5736 3043 5790 sed
3079 5754 3236 5805 quam
3267 5754 3587 5809 assequutus
3619 5759 3701 5800 est
3730 5748 3849 5801 vir-

2261 5835 2424 5879 tutem
2452 5825 2799 5880 reverebitur.
2824 5827 3281 5892 Quemadmodum
3322 5834 3465 5888 enim
3496 5836 3583 5906 qui
3623 5836 3848 5907 [mle
