4092 6468
629 477 691 528 73
1314 471 1368 524 S.
1411 467 1700 523 JOANNIS
1738 462 2238 520 CIIRYSOSTOBII
2278 462 2608 519 ARCHZEP.
2649 462 3202 519 CONSTA’ATI‘KUP.
3830 456 3901 510 ’74

627 594 765 645 λῖσιι
806 589 1026 642 ἐαυτόν’
1069 588 1212 640 οὓτω
1250 586 1311 657 δὴ
1352 587 1443 640 καὶ
1490 582 1661 646 οὗτος.
1721 586 1851 637 ’Λπὺ
1905 586 1960 637 δὲ
2005 584 2196 635 τούτου

626 678 743 746 ἥξει
773 677 851 738 εἰς
882 674 943 726 τὸ
964 673 1039 744 μὴ
1064 673 1397 743 ὀργίζεσθαι,
1431 671 1567 743 μηδέ
1602 670 1847 734 τύπτειν,
1878 668 2011 739 μηδὲ
2042 668 2198 738 ὑϐρί-

627 764 759 824 ζειν.
794 761 890 811 Ἀν
936 758 1043 827 γὰρ
1088 756 1233 822 ἅπαξ
1270 754 1337 808 τά
1369 754 1540 824 μικρά
1580 753 1921 825 κατορθώσῃ,
1973 753 2035 806 τὸ
2090 754 2198 805 πᾶν

624 847 875 915 ῆνυσται.
942 841 1234 910 Συμϐαίνει
1288 840 1345 893 δὲ
1396 838 1658 902 πολλάκις
1697 838 1791 891 καὶ
1843 839 1905 889 τὸ
1937 838 2202 899 ἐναντίον,

629 930 774 994 ἅπαξ
805 924 1252 997 κατορθώσαντάς
1284 933 1313 961 ι
1356 941 1409 976 τι
1438 922 1598 975 πάλιν
1638 922 1746 976 ἀπὸ
1788 921 2060 994 ῥᾳθυμίας
2091 923 2205 983 τοῖς

628 1013 809 1074 αὑτοῖς
850 1010 1183 1079 περιπεσεῖν,
1231 1007 1306 1070 ὡς
1351 1009 1414 1060 ἐκ
1448 1006 1639 1060 τούτου
1672 1006 1764 1060 καὶ
1810 1007 1888 1069 είς
1942 1004 2203 1059 ἀδύνατον

630 1094 949 1163 περιστῆναι
984 1092 1167 1145 λοιπὸν
1208 1092 1268 1143 τὸ
1312 1093 1562 1162 πρᾶγμα.
1596 1084 1741 1155 Οίον,
1770 1089 2045 1159 ἐθήκαμεν
2078 1090 2205 1142 ἐαυ-

628 1181 739 1242 τοῖς
779 1180 938 1249 νόμον
987 1178 1060 1247 μὴ
1082 1175 1329 1245 ὀμνύναι,
1358 1174 1796 1243 κατωρθώσαμεν
1821 1173 2033 1243 ἡμέρας
2057 1172 2205 1243 τρεῖς

628 1265 660 1333 ἢ
709 1263 802 1316 καὶ
844 1262 1116 1331 τέσσαρας
1141 1276 1152 1290 ο
1191 1261 1307 1330 μετ’
1347 1258 1560 1323 ἐκείνας
1588 1260 1667 1323 είς
1698 1258 1945 1327 ἀνάγκην
1976 1274 2204 1327 περιπε-

630 1346 831 1409 σόντες,
866 1344 925 1397 τὸ
949 1342 1237 1413 ωλλεχθέν
1265 1343 1454 1413 κέρδος
1491 1342 1636 1395 ἅπαν
1657 1341 2061 1412 ἐσκορπίσαμεν
2087 1356 2099 1370 ·
2126 1342 2205 1401 εἰς

630 1430 903 1500 ρᾳθυμίαν
960 1429 1145 1482 λοιπὸν
1184 1428 1531 1497 ἐμπίπτομεν
1590 1426 1683 1480 καὶ
1714 1426 2070 1493 ¹ἀπόγνωσιν,
2130 1424 2206 1485 ὡς

632 1514 763 1586 μηδέ
806 1514 915 1567 τῶν
967 1513 1145 1566 αὑτῶν
1195 1512 1437 1581 ἅψασθαι
1484 1509 1808 1581 βουληθῆναι
1866 1508 2059 1562 πάλιν⁸
2112 1507 2205 1561 καὶ

628 1600 870 1662 εἰκότως.
916 1599 972 1651 ὐ
1020 1597 1129 1667 γάρ
1174 1614 1224 1648 τι
1278 1595 1634 1663 οἰκοδομήσας
1683 1592 1881 1663 ἐαυτῷ,
1931 1588 2050 1646 εἶτα
2085 1591 2206 1645 ίδὼν

628 1682 1008 1755 καθῃρημένον
1032 1681 1091 1733 τὸ
1115 1680 1469 1749 οἰκοδόμημα,
1501 1679 1870 1750 ῥᾳθυμότερος
1905 1678 2054 1731 ἔσται
2079 1678 2207 1749 περὶ

626 1766 689 1819 τὸ
711 1766 872 1818 πάλιν
900 1764 1218 1832 οἰκοδομεῖν.
1247 1762 1387 1815 Ἀλλ’
1407 1763 1467 1815 οὑ
1492 1763 1571 1815 δεῖ
1586 1762 1849 1833 ῥᾳθυμεῖν
1866 1762 1987 1815 οὐδὲ
2002 1761 2173 1826 οὕτως
2188 1778 2202 1793 ⁸

629 1850 762 1904 ἀλλὰ
794 1850 948 1901 πάλιν
973 1848 1189 1917 ἔχεσθαι
1218 1849 1316 1918 τῆς
1351 1848 1603 1917 σπουδῆς.

702 1932 764 1999 γ’.
786 1931 977 2002 Θῶμεν
994 1931 1170 1984 τοίνυν
1193 1932 1404 1994 ἑαυτοῖς
1421 1931 1615 1999 νόμους
1634 1931 2205 2003 καθημερινούς’τέως

629 2018 737 2070 ἀπὸ
777 2016 885 2068 τῶν
938 2016 1176 2069 εὑκόλων
1218 2014 1543 2086 ἀρξώμεθα·
1616 2017 2000 2089 περικόψωμεν
2049 2016 2205 2087 ἡμῶν

626 2100 727 2168 τὴν
752 2099 1076 2171 πολυορκίαν
1103 2098 1195 2152 τοῦ
1228 2100 1513 2169 στόματος,
1554 2099 1769 2169 χαλινὸν
1819 2100 2094 2171 ἐπιθῶμεν
2139 2104 2205 2173 τῇ

630 2183 864 2255 γλώττῃ,
894 2184 1081 2253 μηδεὶς
1114 2182 1330 2251 ὀμνύτω
1359 2181 1449 2235 τὸν
1480 2184 1631 2236 Θεόν.
1662 2184 1775 2236 Οὐκ
1798 2184 1943 2237 ἐστιν
1977 2184 2210 2238 ἐνταῦθα

610 2268 864 2337 ⁴ίδαιπάνη,
884 2268 1142 2321 οὐκέστιν
1156 2264 1387 2319 ἐνταῦθα
1410 2266 1671 2337 κάματος,
1690 2267 1789 2321 οὑκ
1811 2268 1956 2320 ἔστιν
1978 2268 2210 2322 ἐνταῦθα

632 2354 823 2423 χρόνον
864 2353 1061 2421 μελέτη
1093 2369 1106 2381 ·
1140 2352 1300 2421 ἀρκεῖ
1338 2350 1577 2422 θελῆσαι,
1617 2352 1706 2405 καὶ
1738 2351 1797 2404 τὸ
1828 2354 1935 2404 πᾶν
1980 2353 2168 2421 γέγονε
2194 2371 2206 2384 ·

634 2437 917 2505 συνηθείας
946 2437 1052 2506 γὰρ
1079 2435 1140 2486 τὸ
1178 2435 1409 2504 πρᾶγμά
1436 2438 1569 2489 ἐστι.
1595 2436 1703 2488 Ναὶ
1731 2436 2033 2505 παρακαλῶ
2062 2437 2088 2476 1³
2117 2440 2210 2491 καὶ

628 2520 838 2589 δέομαι,
895 2518 1132 2589 σπουδὴν
1188 2518 1445 2587 τοιαύτην
1487 2519 1903 2589 εἰσενέγκωμεν.
1969 2521 2102 2573 Εἰπὲ
2145 2522 2208 2593 δή

636 2621 747 2672 μοι,
782 2605 829 2655 εί
864 2606 1118 2673 χρήματα
1156 2602 1413 2655 ἐκέλευσα
1446 2606 1795 2670 εἰσενεγκεῖν,
1830 2605 1928 2657 οὑκ
1969 2605 2035 2658 ἂν
2076 2624 2209 2676 προ-

635 2687 821 2755 θύμως
860 2684 973 2756 [67]
1010 2685 1238 2747 ἕκαστος
1276 2685 1350 2738 ,τὰ
1377 2686 1516 2739 κατὰ
1558 2686 1785 2756 δύναμιν
1816 2688 2209 2753 συνεϐάλεσθε;
2250 2696 2255 2701 “

635 2771 687 2821 εἰ
715 2787 781 2839 με
815 2771 873 2823 ἐν
904 2768 1163 2831 κινδύνοις
1183 2770 1389 2838 ἑωρᾶτε
1423 2756 1533 2831 τοῖς
1565 2770 1831 2838 ἐςχάτοις,
1877 2771 1975 2824 οὑκ
2022 2773 2087 2825 ἂν
2120 2772 2214 2825 καὶ

634 2854 740 2904 ἀπὸ
768 2853 864 2921 τῆς
901 2850 1118 2921 σαρκὸς,
1146 2850 1198 2903 εί
1228 2868 1290 2919 γε
1318 2845 1428 2904 οἷόν
1452 2869 1509 2903 τε
1548 2848 1638 2922 ἦν,
1671 2854 2043 2923 ἀποτεμόντες
2067 2855 2212 2907 ἔδοτε

632 2940 697 2990 άν
723 2954 737 3001 ;
785 2936 873 2988 Ἐν
896 2934 1127 3006 κινδύνῳ
1156 2935 1249 2987 καὶ
1280 2934 1373 2987 νῦν
1399 2938 1515 3005 εἰμι
1542 2936 1635 2989 καὶ
1668 2936 1869 3007 πολλῷ,
1908 2939 2000 2990 καὶ
2038 2937 2111 3001 ῶς
2148 2936 2213 2990 ἂν

635 3023 683 3073 εἰ
713 3022 805 3072 καὶ
840 3018 979 3090 μετά
1004 3019 1191 3072 τούτου
1217 3021 1308 3072 καὶ
1333 3020 1702 3091 δεσμωτήριον
1732 3021 1927 3091 ᾤκουν,
1955 3022 1986 3093 ἦ
2014 3023 2213 3092 μυρίας

637 3104 827 3158 ἔλαϐον
875 3103 1109 3174 πληγὰς,
1150 3103 1184 3173 ἢ
1236 3105 1315 3166 εἰς
1356 3102 1595 3173 μέταλλα
1641 3105 1956 3174 ἐτύγχανον,
2004 3106 2103 3159 οὑκ
2147 3106 2214 3160 ἂν

638 3187 825 3241 τούτου
860 3187 1019 3241 πλέον
1048 3186 1278 3257 ἤλγησα.
1312 3188 1482 3257 Χεῖρα
1519 3188 1697 3241 τοίνυν
1716 3189 1961 3258 ὀρέξατε.
2004 3191 2216 3260 Ἐννοή-

632 3289 764 3325 -σατε
798 3271 926 3341 γὰρ,
958 3272 1079 3333 ὅσος
1112 3271 1370 3335 κίνδυνος,
1410 3271 1543 3340 μηδὲ
1590 3271 1649 3324 τὸ
1696 3274 2018 3343 μικρότατον
2060 3274 2217 3327 τοῦτο

638 3360 653 3423 (
674 3356 995 3426 μικρότατον
1024 3354 1079 3407 δὲ
1106 3354 1269 3423 λέγω,
1294 3356 1418 3408 ὅσον
1444 3357 1523 3418 είς
1550 3357 1710 3409 πόνον
1735 3358 1896 3427 ἥκει)
1925 3358 2215 3429 δυνηθῆναι

640 3439 999 3512 κατορθῶσαι.
1030 3440 1093 3492 Τί
1138 3440 1246 3510 ἐρῶ
1292 3441 1411 3493 τότε
1462 3441 1896 3512 ἐγκαλούμενος;
1947 3444 2088 3498 διατί
2141 3445 2215 3515 μὴ

631 3522 989 3592 διηλέγχθης;
1020 3522 1161 3575 διατί
1188 3522 1262 3593 μὴ
1296 3523 1597 3588 ἐπέταξαςς
1636 3524 1776 3578 διατί
1810 3526 1882 3596 μὴ
1906 3526 2067 3595 νόμον
2095 3527 2217 3598 έθη-

638 3624 775 3671 κας;
828 3607 969 3659 διατί
1025 3606 1151 3668 τοὺς
1189 3606 1263 3675 μὴ
1328 3607 1683 3677 πειθομένους
1755 3609 1854 3661 οὑκ
1904 3610 2214 3674 ἐκώλυσας;

640 3691 750 3744 Ούκ
789 3691 949 3761 ἀρκεῖ
983 3708 1073 3761 μοι
1119 3692 1313 3754 εἰπεῖν,
1355 3691 1435 3744 δτι
1494 3692 1839 3761 ἐνουθέτησα.
1910 3692 2068 3746 Ἀλλά
2125 3694 2218 3746 καὶ

640 3774 1024 3845 σφοδροτέρας,
1056 3774 1250 3845 φησὶν,
1268 3776 1639 3844 ἐπιτιμήσεως
1684 3775 1790 3828 ἔδει
1816 3792 1828 3804 ·
1884 3776 2006 3829 ἐπεὶ
2051 3777 2144 3829 καὶ
2190 3779 2217 3829 6

655 3858 799 3911 Ἠλεὶ
851 3858 1137 3911 ἐνουθέτει.
1214 3858 1371 3910 Ἀλλὰ
1425 3857 1499 3928 μὴ
1549 3859 1756 3926 γένοιτο
1796 3859 1941 3929 ὑμᾶς
1991 3860 2217 3923 ἐκείνοις

642 3941 977 4014 παραϐαλεῖν
1032 3943 1142 4004 τοῖς
1211 3940 1385 3993 παισί.
1453 3943 1713 4005 Κάκεῖνος
1771 3944 2057 4007 ἐνουθέτει,
2125 3945 2218 3997 καὶ

634 4028 832 4096 ἔλεγε·
872 4027 968 4094 Μὴ
1015 4026 1218 4082 τέκνα.
1263 4026 1351 4095 μὴ
1404 4026 1624 4079 ποιεῖτε
1663 4026 1845 4079 οὔτω”
1892 4027 2124 4095 πονηρὰ
2179 4029 2217 4096 ἡ

640 4111 815 4177 ἀκοὴ,
851 4108 931 4177 ἣν
947 4107 1062 4178 ἐγὼ
1088 4109 1285 4162 ἀκούω
1316 4109 1447 4176 περὶ
1484 4107 1672 4177 ὑμῶν.
1715 4109 1871 4163 Ἀλλὰ
1904 4110 2219 4181 προῖοῦσαή

643 4196 828 4265 Γραφή
877 4210 1060 4262 φησιν,
1096 4193 1175 4246 ὅτι
1219 4192 1318 4245 οὑκ
1364 4192 1630 4245 ἐνουθέτει
1669 4194 1795 4256 τοὺς
1840 4194 1989 4257 υἱοὺς
2030 4196 2215 4249 αὑτοῦ.

644 4277 811 4329 Τοῦτο
833 4277 889 4329 δέ
915 4276 1085 4344 λέγει,
1116 4276 1301 4346 ἐπειδὴ
1330 4277 1389 4327 06
1416 4276 1681 4346 σφοδρῶς,
1710 4277 1831 4330 ούδέ
1858 4278 1973 4347 μετ’
1998 4278 2220 4349 ἐπιπλή-

646 4361 779 4425 ξεως
807 4361 963 4414 τοῦτο
996 4360 1185 4414 ἐποίει.
1223 4362 1345 4423 Πῶς
1374 4363 1481 4432 γὰρ
1510 4363 1609 4415 οὐκ
1635 4364 1851 4427 ἄτοπον,
1885 4364 1943 4415 ἐν
1982 4366 2079 4432 μὲν
2104 4368 2222 4429 ταῖς

648 4446 986 4511 συναγωγαῖς
1010 4444 1116 4497 τῶν
1153 4444 1420 4498 Ἰουδαίων
1443 4445 1614 4507 οὑτως
1651 4447 1904 4516 ἰσχυροὺς
1929 4442 2066 4502 εἶναι
2098 4452 2221 4513 τοὺς

647 4528 865 4596 νόμους,
922 4527 1026 4579 κᾶν
1064 4528 1091 4580 ὀ
1128 4527 1393 4581 διδάσκων
1450 4527 1677 4600 ἐπιτάξῃ
1722 4531 1898 4583 πάντα
1939 4530 2216 4598 γίνεσθαιο

643 4610 877 4664 ἐνταῦθα
907 4610 963 4663 δὲ
992 4610 1164 4673 οὕτως
1184 4611 1333 4681 ἡμᾶς
1363 4611 1875 4682 καταπεφρονῆσθαι
1919 4615 2011 4667 καὶ
2051 4618 2221 4687 ἀπερ-

646 4696 867 4766 ρἰθαι;
908 4696 981 4747 υὺ
1012 4696 1111 4764 τῆς
1143 4696 1379 4764 ἐμαυτοῦ
1408 4696 1562 4767 δόξης
1601 4715 1689 4767 μοι
1724 4699 1875 4766 μέλει
1925 4700 2086 4771 (δόξα
2116 4703 2221 4771 γὰρ

647 4780 774 4848 ἐμὴ,
814 4780 846 4849 ἡ
895 4779 1138 4849 ὑμετέρα
1182 4779 1590 4851 εὑδοκίμησις),
1632 4781 1766 4837 ἀλλὰ
1812 4787 1910 4855 τῆς
1954 4786 2224 4856 ὑμετέρας

652 4862 939 4929 σωτηρίας.
974 4862 1108 4914 Καθ’
1137 4863 1375 4931 ἑκάστην
1403 4864 1620 4933 ἡμέραν
1645 4863 1879 4936 βοῶμεν,
1925 4868 2223 4939 ἐνηχοῦμεν

651 4944 803 5014 ὑμῶν
836 4947 953 5007 ταῖς
999 4947 1222 5008 ἀκοαῖς·
1273 4948 1299 4998 6
1346 4947 1399 4999 δὲ
1431 4947 1643 5001 ἁκούων
1669 4950 1875 5013 οὐδείς’
1928 4952 2020 5003 καὶ
2074 4953 2223 5005 οὐδὲν

651 5028 876 5100 σφοδρὸν
910 5029 1349 5100 ἐπιδεικνύμεθα.
1397 5032 1693 5103 Φοϐοῦμαι,
1740 5034 1815 5105 μὴ
1860 5039 1957 5107 τῆς
1996 5038 2223 5109 ἀκαίρου

648 5114 850 5183 ταύτης
903 5113 995 5166 καὶ
1037 5114 1230 5183 πολλῆς
1288 5115 1694 5187 φιλανθρωπίας
1736 5119 1893 5185 λόγον
1946 5120 2087 5172 κατὰ
2130 5121 2225 5191 τὴν

653 5198 949 5268 μέλλουσαν
1010 5199 1221 5267 ἡμέραν
1287 5200 1632 5269 ὑπόσχωμεν.
1711 5201 1802 5253 Διὸ
1865 5202 2070 5274 μεγάλῃ
2134 5206 2226 5257 καὶ

651 5283 879 5353 λαμπρᾷ
906 5285 973 5353 τῇ
1005 5286 1154 5354 φωνῇ
1180 5284 1433 5354 κηρύττω
1461 5286 1617 5348 πᾶσι,
1648 5287 1740 5338 καὶ
1764 5285 2224 5358 διαμαρτύρομαι,

652 5370 791 5421 ὥστε
825 5369 949 5430 τοὺς
985 5368 1082 5435 τὴν
1133 5367 1444 5436 παράϐασιν
1486 5368 1686 5439 ταύτην
1734 5370 2225 5441 ἐπιδεικνυμένους,

654 5453 777 5517 τοὺς
817 5453 883 5507 τά
924 5456 988 5505 ἐκ
1026 5453 1119 5506 τοῦ
1168 5452 1405 5523 πονηροῦ
1440 5452 1844 5522 φθεγγομένους
1888 5454 2085 5525 (τοῦτο
2121 5458 2229 5526 γάρ

655 5539 800 5589 ἐστιν
836 5539 864 5589 6
886 5538 1044 5607 ὅρκος
1067 5536 1085 5604 )
1106 5578 1119 5599 ,
1152 5536 1261 5589 τῶν
1282 5535 1449 5589 οὑδῶν
1474 5537 1546 5606 μὴ
1568 5536 1868 5591 ἐπιϐαίνειν
1900 5538 2009 5591 τῶν
2041 5540 2230 5610 ἐκκλη-

658 5620 969 5675 σιαστικῶν.
1002 5619 1317 5691 Προθεσμία
1341 5619 1397 5672 δὲ
1440 5618 1565 5690 ὑμῖν
1590 5621 1729 5674 ἔστω
1760 5624 1787 5676 6
1819 5623 1925 5693 μὴν
1954 5625 1981 5676 6
2021 5624 2229 5695 παρὼν,

654 5706 795 5759 ὥστε
840 5703 1202 5772 κατορθῶσαι.
1236 5705 1327 5774 Μὴ
1358 5704 1465 5775 γάρ
1493 5722 1581 5774 μοι
1609 5706 1787 5776 εἴπῃς,
1829 5708 1908 5759 ὅτι
1951 5708 2035 5763 Ma
2062 5712 2095 5780 ἡ
2127 5710 2231 5761 τῶν

657 5790 999 5861 πραγμάτων
1055 5790 1265 5859 ἀνάγκη
1316 5790 1655 5858 κατεπείγει,
1728 5791 1809 5843 δτι
1876 5793 2230 5863 ἀπιστοῦμαι.

656 5877 806 5937 Τέως
841 5876 963 5938 τοὺς
1005 5872 1113 5927 ἀπὸ
1156 5874 1255 5941 τῆς
1302 5874 1589 5945 συνηθείας
1619 5874 1938 5945 περίκοπτε.
1972 5874 2121 5943 Οἶδα,
2150 5880 2231 5931 ὅτι

725 6006 749 6033 ⁸
778 6003 1051 6080 Εηυειορά.
1075 6004 1303 6080 πολλάκις
1327 6005 1406 6080 καὶ
1442 6004 1673 6080 τοιοῦτον.
1699 6006 1805 6080 οἷον
1828 6006 1949 6080 ἅπαξ
1990 6009 2233 6080 καταρθώ-

662 6066 941 6177 πατριαὶξι
970 6068 1102 6116 L'nus
1144 6068 1297 6116 codex
1338 6068 1455 6115 ἐστιν
1494 6068 1576 6117 Διὸ
1600 6070 1877 6131 παρακαλῶ.
1918 6069 2067 6119 Smil.
2112 6066 2230 6117 ἐστι.

715 6143 868 6177 omn
890 6148 957 6177 ,ω.

665 6131 957 6192 Παρακαλῶ.

2306 582 2488 634 πολλοὶ
2523 583 2839 650 γελάσονται
2868 584 3034 652 ἡμᾶς,
3064 580 3200 635 ἀλλὰ
3222 579 3428 650 βέλτιον
3455 579 3601 646 ἡμᾶς
3629 574 3903 645 γελᾶσθαι

2304 664 2475 734 νῦν,ῆ
2510 665 2793 718 κλαίεσθαι
2820 676 2842 704 ε
2881 666 3029 717 τότε·
3084 664 3404 732 γελάσονται
3441 660 3499 713 δὲ
3527 662 3642 713 ὅσοι
3673 658 3899 730 μαίνον-

2304 765 2415 802 ται.
2467 749 2562 812 Τίς
2609 748 2739 819 γὰρ,
2796 751 2916 802 εἰπέ
2972 768 3081 819 μοι,
3135 748 3257 801 νοῦν
3291 747 3428 817 ἔχων
3479 744 3905 814 φυλαττομένης

2306 834 2529 903 ἐντολῆς
2551 835 2882 900 γελάσεται;
2928 835 2989 887 Εἰ
3032 834 3087 886 δέ
3130 833 3237 903 ἄρα
3266 833 3607 900 γελάσονται,
3639 828 3757 883 ἀλλ’
3797 831 3902 895 οὐχ

2308 917 2475 987 ἡμᾶς,
2535 916 2671 970 ἀλλά
2718 918 2811 970 τὸν
2863 917 3097 987 Χριστὸν
3149 918 3197 968 οί
3258 915 3489 967 τοιοῦτοι
3546 913 3901 981 γελάσονται.

2318 999 2601 1071 Ἐφρίξατε
2624 999 2687 1052 τὸ
2712 1000 2999 1071 εἰρημένον
3027 1017 3039 1064 ;
3070 996 3198 1053 Οἶδα
3239 998 3411 1065 κάγώ.
3450 999 3509 1049 Εἰ
3536 999 3635 1067 μὲν
3663 992 3758 1049 οὖν
3784 994 3906 1061 ἐγὼ

2305 1084 2398 1137 τὸν
2426 1084 2586 1153 νόμον
2606 1082 2797 1136 τοῦτον
2819 1084 3129 1153 εἰσήγαγον,
3154 1082 3284 1152 ἐμὸς
3306 1082 3369 1135 ἃν
3398 1082 3481 1150 εἰη
3507 1081 3599 1133 καὶ
3625 1080 3653 1131 ὀ
3684 1078 3866 1147 γέλως
3888 1093 3903 1108 ·

2306 1168 2355 1219 εἰ
2403 1166 2460 1219 δέ
2490 1168 2535 1220 τό
2586 1166 2885 1237 νομοθέτης
2929 1168 3114 1237 ἕτερός
3168 1166 3335 1227 ἐστιν,
3388 1168 3507 1218 ἐκεῖ
3538 1163 3808 1216 διαϐαίνει
3865 1163 3900 1229 ἠ

2307 1248 2591 1318 χλευασία.
2624 1250 2732 1302 Καὶ
2764 1249 3066 1319 ἐνεπτύσθη
3101 1249 3230 1302 ποτὲ
3280 1250 3306 1301 6
3351 1249 3605 1318 Χριστὸς,
3660 1246 3755 1300 καὶ
3803 1245 3905 1297 ἐπὶ

2308 1332 2513 1402 κόρρης
2543 1331 2755 1402 ἐπλήγη
2803 1334 2894 1384 καὶ
2933 1332 3259 1403 ἐρῤαπίσθη.
3326 1331 3602 1401 Ἀνέχεται
3654 1329 3747 1382 καὶ
3802 1327 3905 1379 νῦν

2306 1416 2499 1477 ταῦτα,
2533 1416 2625 1467 καὶ
2656 1415 2808 1467 οὐδὲν
2836 1415 3082 1478 ἀπεικός.
3114 1416 3213 1468 Διά
3239 1415 3396 1468 τοῦτο
3420 1415 3615 1483 γέεννα
3664 1412 3906 1484 ἡτοίμα-

2309 1518 2449 1561 σται,
2481 1499 2569 1552 διὰ
2594 1499 2751 1553 τοῦτο
2782 1499 2996 1570 σκώληξ
3024 1500 3397 1569 ἀτελεύτητος.

2393 1583 2523 1637 Ἰδοὺ
2566 1584 2729 1636 πάλιν
2764 1578 2904 1650 λέγω
2937 1584 3031 1636 καὶ
3069 1583 3548 1653 διαμαρτύρομαι·
3603 1584 3661 1635 '0
3710 1580 3903 1651 βουλό-

2312 1686 2471 1739 μενος
2494 1667 2724 1735 γελάτω,
2779 1669 2807 1720 6
2857 1667 3177 1738 βουλόμενος
3217 1667 3552 1737 χλευαζέτω·
3604 1668 3685 1727 είς
3734 1663 3905 1718 τοῦτο

2309 1736 2563 1821 κείμεθα,
2623 1753 2702 1815 εἰς
2762 1751 2823 1803 τὸ
2852 1736 3112 1819 γελᾶσθαι
3153 1752 3246 1803 καὶ
3293 1749 3673 1821 χλευάζεσθαι,
3714 1751 3797 1811 είς
3836 1750 3903 1802 τὸ

2311 1836 2488 1888 πάντα
2517 1835 2730 1889 παθεῖν.
2757 1836 3245 1904 Περικαθάρμιιτα
3273 1834 3379 1888 τοῦ
3421 1836 3651 1902 κόσμου
3680 1832 3900 1902 ἐσμὲν,

2309 1917 2450 1971 κατά
2478 1919 2568 1971 τὸν
2594 1919 2862 1988 μακάριον
2883 1917 3114 1974 Παῦλον.
3138 1919 3206 1971 Et
3231 1935 3313 1981 τις
3337 1917 3413 1988 μὴ
3436 1916 3682 1986 βούλεται
3706 1934 3904 1986 κατορο

2310 2000 2481 2054 θῶσαι
2516 2000 2674 2053 τοῦτο
2700 2001 2763 2053 τὸ
2791 2002 3092 2071 ἐπίταγμα,
3126 2003 3315 2072 ῶσπερ
3357 2001 3618 2069 σάλπιγγί
3794 2018 3903 2051 τινι

2309 2083 2397 2137 διὰ
2428 2084 2522 2136 τοῦ
2551 2083 2710 2151 λόγου
2746 2083 3077 2155 ἀπαγορεύω
3105 2085 3127 2122 ἀ
3160 2085 3266 2136 τῶν
3294 2084 3463 2137 οὑδῶν
3490 2085 3562 2155 μὴ
3596 2082 3905 2136 ἐπιϐαίνειν

2310 2168 2417 2221 τῶν
2458 2168 2930 2239 ἐκκλησιαστικῶν
2959 2169 3037 2240 τῷ
3073 2168 3319 2238 τοιούτῳ,
3357 2168 3460 2221 κᾶν
3492 2169 3673 2239 ἄρχων
3702 2165 3757 2239 ᾖ,
3795 2166 3904 2219 κᾶν

2312 2252 2473 2316 αὑτὸς
2510 2254 2537 2304 6
2567 2253 2628 2305 τὸ
2656 2252 2891 2323 διάδημα
2937 2254 3339 2325 περικείμενος.
3396 2254 3466 2305 ’Ἠ
3522 2250 3781 2305 καθέλετέ
3832 2268 3903 2319 με

2311 2338 2541 2409 ταυτησὶ
2570 2337 2668 2407 τῆς
2699 2338 2895 2408 ἀρχῆς,
2948 2338 2981 2410 ἢ
3032 2340 3260 2407 μένοντα
3293 2337 3367 2408 μὴ
3399 2335 3751 2407 περιϐάλλετε
3786 2353 3891 2388 κιν-

2311 2420 2506 2483 δύνοις.
2537 2421 2647 2473 Οὑκ
2680 2422 2942 2491 ἀνέχομαι
2977 2424 3070 2475 ἐπὶ
3103 2422 3194 2475 τὸν
3221 2422 3410 2492 θρόνον
3447 2419 3637 2473 τοῦτον
3667 2419 3901 2473 ἀναϐαί-

2312 2521 2423 2555 νειν
2446 2503 2519 2573 μὴ
2556 2503 2767 2573 μεγάλα
2794 2504 3095 2574 κατορθῶν.
3129 2506 3191 2557 Εἰ
3228 2505 3336 2574 γὰρ
3362 2503 3437 2574 μὴ
3465 2504 3619 2556 τοῦτο
3650 2501 3905 2557 δυνατὸν.

2315 2586 2520 2656 βέλτιον
2574 2588 2796 2641 ἑστάναι
2847 2587 3017 2641 κάτω.
3057 2589 3351 2659 Ἀρχοντος
3401 2587 3509 2658 γάρ
3555 2584 3724 2655 μηδὲν
3769 2585 3906 2648 τοὺς

2313 2669 2650 2740 ἀρχομένους
2680 2670 3017 2740 ὠφελοῦντος
3037 2671 3188 2724 οὐδὲν
3209 2669 3561 2741 ἀθλιώτερον.
3606 2670 3726 2721 Ἔτι
3772 2686 3905 2720 συνο

2316 2752 2521 2805 τείνατε
2561 2754 2807 2817 ἑαυτοὺς,
2844 2755 2937 2808 καὶ
2970 2754 3293 2825 προσέχετε,
3321 2752 3653 2824 παρακαλῶ⁹
3696 2751 3728 2821 ἢ
3757 2742 3873 2821 μᾶ).
3893 2779 3904 2789 -

2316 2837 2403 2887 λον
2425 2838 2619 2901 εἰπεῖν,
2674 2838 3034 2908 συντείνωμεν
3075 2839 3320 2901 ἑαυτοὺς,
3357 2839 3450 2892 καὶ
3482 2839 3703 2899 πάντως
3744 2837 3909 2889 ἔσται

2316 2937 2364 2971 τι
2398 2919 2578 2972 πλέον.
2611 2920 2985 2989 Νηστεύσατε,
3016 2921 3434 2992 παρακαλέσατε
3478 2921 3569 2974 τὸν
3609 2920 3763 2980 Θεὸν,
3807 2921 3909 2973 καὶ

2314 3005 2475 3073 ἡμεῖς
2506 3003 2623 3072 μεθ’
2665 3004 2837 3073 ὑμῶν,
2870 3004 3010 3057 ὥστε
3037 3006 3135 3075 τὴν
3171 3004 3415 3076 ὀλέθριον
3449 3005 3651 3075 ταύτην
3699 3003 3908 3069 ἐξελεῖν

2319 3087 2624 3156 συνήθειαν.
2662 3088 2827 3141 Οὐδὲν
2862 3090 3007 3158 μέγα
3038 3091 3157 3143 ἐστὶ
3198 3102 3221 3130 ι’
3259 3090 3513 3159 γενέσθαι
3547 3090 3909 3155 διδασκάλους

2318 3172 2416 3239 τῆς
2440 3171 2763 3241 οἰκουμένης
2786 3188 2798 3200 ·
2826 3172 2886 3224 οὑ
2915 3173 3107 3244 μικρὸν
3136 3174 3467 3244 ἀκουσθῆναι
3504 3174 3801 3243 πανταχοῦ,
3822 3174 3911 3227 δτι

2321 3250 2385 3321 δὴ
2420 3254 2476 3305 ἐν
2507 3255 2633 3323 τῇδε
2660 3257 2724 3324 τῇ
2750 3254 2901 3307 πόλει
2926 3256 3101 3320 οὐδείς
3134 3258 3279 3310 ἐστιν
3307 3260 3335 3310 6
3357 3257 3545 3327 ὀμνύς.
3592 3257 3717 3309 Ἐὰν
3742 3255 3913 3309 τοῦτο

2318 3336 2563 3406 γένηται,
2615 3338 2676 3390 οὑ
2730 3337 2839 3391 τῶν
2899 3340 3115 3392 οἰκείων
3174 3339 3614 3411 κατορθωμάτων
3663 3339 3907 3410 λήψεσθε

2322 3421 2482 3491 μόνον
2525 3420 2617 3473 τὸν
2650 3422 2859 3490 μισθὸν,
2891 3423 3025 3476 ἀλλὰ
3062 3424 3155 3477 καὶ
3191 3425 3287 3493 τῆς
3314 3424 3456 3496 ὑπὲρ
3499 3425 3606 3477 τῶν
3657 3423 3911 3492 ἀδελφῶν

2320 3503 2556 3572 σπουδῆς
2578 3521 2591 3533 ’
2620 3505 2757 3575 ὅπερ
2793 3506 2898 3575 γὰρ
2942 3507 3069 3576 ὑμῖν
3109 3509 3223 3576 εἰμι
3259 3506 3392 3576 ἐγὼ,
3443 3506 3601 3561 τοῦτο
3644 3508 3798 3578 ὑμεῖς
3833 3510 3906 3577 τῇ

2318 3586 2609 3657 οἰκουμένῃ
2639 3589 2951 3659 γενήσεσθε.
2988 3590 3210 3652 Πάντως
3241 3591 3333 3643 καὶ
3364 3591 3537 3661 ἕτεροι
3571 3590 3913 3661 ζηλώσουσιν

2321 3670 2467 3738 ὑμᾶς
2490 3686 2501 3699 ·
2538 3671 2753 3736 πάντως
2780 3672 2966 3725 ἔσεσθε
3010 3674 3202 3743 λύχνος
3238 3675 3331 3727 ἐπὶ
3364 3674 3585 3745 λυχνίας
3628 3674 3904 3744 κείμενος.

2321 3754 2427 3805 Καὶ
2459 3753 2617 3807 τοῦτό
2662 3757 2798 3818 ἐστι,
2847 3757 2999 3826 φησὶ,
3042 3756 3102 3809 τὸ
3147 3760 3287 3821 adv;
3346 3759 3422 3811 06
3478 3757 3635 3811 τοῦτό
3688 3761 3805 3811 ἐστι
3846 3760 3911 3813 τὸ

2321 3838 2449 3899 πᾶν,
2482 3837 2619 3889 ἀλλὰ
2653 3837 2810 3891 τοῦτο
2857 3839 3000 3910 ἀρχὴ
3046 3839 3154 3893 τῶν
3197 3839 3392 3894 ἄλλων.
3461 3838 3524 3894 Ὀ
3576 3839 3649 3911 μὴ
3707 3842 3905 3910 ὀμνὺς,

2320 3920 2478 3972 πάντα
2496 3938 2539 3982 ες
2561 3920 2657 3971 ἐπὶ
2686 3920 2973 3975 εὐλάϐειαν
3005 3922 3125 3991 ἥξει
3152 3923 3242 3974 καὶ
3272 3922 3485 3991 ἑτέραν,
3507 3923 3601 3976 καὶ
3638 3923 3778 3978 ἑκὼν
3812 3926 3910 3979 καὶ

2320 4003 2487 4061 ἄκων,
2520 4004 2614 4056 καὶ
2646 4005 3031 4075 αἰσχυνόμενος
3058 4006 3151 4059 καὶ
3180 4005 3530 4077 φοϐούμενος.

2404 4085 2541 4137 Ἀλλ’
2566 4089 2665 4139 οὑκ
2694 4088 2976 4157 ἀνέχονται
3004 4089 3208 4151 πολλοὶ,
3241 4091 3426 4160 φησὶν,
3470 4092 3586 4145 ἀλλ’
3614 4091 3911 4164 ἀποπηδῶ-

2322 4187 2423 4221 σιν.
2470 4170 2644 4223 Ἀλλὰ
2676 4170 2927 4234 ,βέλτιον
2954 4165 3042 4237 εἷς
3068 4170 3256 4225 ποιῶν
3287 4173 3352 4226 τὸ
3390 4176 3621 4243 θέλημα
3661 4178 3909 4244 Κυρίου,

2320 4253 2358 4319 ἢ
2388 4252 2591 4320 μυρίοι
2630 4252 2972 4322 παράνομοι,
3028 4256 3160 4308 ’Δπὸ
3189 4255 3318 4323 γοῦν
3347 4258 3536 4311 τούτου
3572 4261 3749 4314 πάντα
3777 4261 3912 4314 ἀνα-

2321 4336 2643 4406 τέτραπται,
2676 4337 2855 4390 πάντα
2883 4337 2996 4391 ἄνω
3024 4338 3115 4392 καὶ
3156 4341 3306 4393 κάτω
3339 4342 3581 4410 γέγονεν,
3614 4344 3695 4397 δτι
3732 4345 3911 4398 καθά.

2325 4436 2429 4488 περ
2457 4422 2515 4471 ἐν
2547 4423 2658 4483 τοῖς
2690 4420 2938 4492 θεάτροις
2968 4422 3204 4493 πλήθους
3235 4425 3523 4495 ἐφιέμεθα,
3559 4428 3619 4481 οὑ
3668 4428 3913 4495 πλήθους

2321 4501 2565 4571 δοκίμου.
2608 4502 2673 4556 Τί
2703 4504 2810 4573 γὰρ
2833 4504 3010 4573 ὄχλος,
3056 4507 3181 4560 εἰπέ
3216 4525 3328 4577 μοι,
3359 4508 3647 4581 δυνήσεται
3678 4510 3910 4581 ὀνῆσαι;

2324 4584 2511 4637 Βούλει
2539 4584 2751 4654 μαθεῖν,
2792 4587 2872 4639 δτι
2912 4588 3068 4658 ὄχλος
3108 4590 3159 4642 οί
3206 4590 3351 4657 ᾶγιοί
3383 4594 3542 4660 εἰσιν,
3579 4594 3677 4664 οὑχ
3702 4594 3751 4646 οἱ
3782 4596 3913 4647 πολ-

2322 4668 2433 4731 λοί;
2492 4668 2819 4737 Ἐξαγάγετε
2847 4672 2927 4727 είς
2973 4672 3209 4743 πόλεμον
3258 4675 3452 4729 ἑκατὸν
3502 4678 3772 4749 μυριάδας
3816 4682 3914 4733 καὶ

2324 4750 2420 4803 ἐνα
2456 4752 2608 4821 ἅγιον
2632 4770 2647 4783 ·
2677 4753 2874 4819 ἴδωμεν
2904 4761 2987 4819 τις
3010 4755 3229 4809 πλείονα
3272 4758 3544 4829 κατορθοῖ.
3594 4760 3849 4829 Ἐξῆλθεν
3886 4765 3914 4815 ὀ

2338 4836 2540 4904 Ἰησοῦς
2560 4837 2587 4887 6
2607 4836 2699 4888 τοῦ
2725 4836 2881 4907 Ναυὴ
2905 4839 2984 4902 είς
3004 4838 3093 4891 τὸν
3117 4840 3367 4909 πόλεμον,
3396 4842 3488 4896 καὶ
3506 4842 3667 4913 μόνος
3693 4844 3915 4899 ἅπαντα

2327 4918 2703 4987 κατώρθωσεν,
2742 4918 2879 4973 ὥστε
2908 4921 2957 4973 οἱ
2996 4921 3143 4975 ἄλλοι
3175 4923 3325 4976 οὐδὲν
3356 4924 3593 4996 ὤνησαν.
3645 4928 3703 4979 '0
3743 4928 3915 4991 πολὺς

2326 5000 2499 5070 δχλος,
2538 5002 2810 5072 ἀγαπητέ,
2864 5004 2992 5057 ὅταν
3029 5004 3241 5075 θέλημα
3298 5008 3392 5061 τοῦ
3441 5008 3575 5062 θεοῦ
3627 5009 3703 5081 μὴ
3760 5016 3911 5082 ποιῇ,

2326 5085 2477 5136 οὐδὲν
2497 5085 2766 5156 διενήνοχε
2790 5086 2897 5139 τῶν
2923 5088 3022 5141 οὑκ
3050 5090 3235 5144 ὄντων.
3264 5090 3506 5163 Εύχομαι
3541 5092 3639 5163 μὲν
3672 5090 3785 5160 οῦν,
3818 5101 3915 5150 καὶ

2334 5166 2615 5237 βούλομαι,
2636 5170 2728 5220 καὶ
2751 5168 2921 5236 ἡδέως
2950 5168 3014 5222 ἂν
3040 5172 3133 5224 καὶ
3172 5174 3505 5243 κατεκόπην’
3532 5174 3673 5229 ὥστε
3704 5181 3917 5249 κοσμῆο

2329 5269 2416 5303 σαι
2457 5252 2651 5322 πλήθει
2682 5250 2778 5331 τὴν
2824 5252 3169 5323 Ἐκκλησίαν,
3204 5256 3341 5309 άλλά
3366 5258 3559 5327 πλήθει
3586 5260 3793 5331 δοκίμῳ
3815 5280 3829 5293 ’
3866 5265 3916 5316 εἰ

2326 5335 2383 5387 δέ
2407 5334 2564 5387 τοῦτο
2604 5336 2697 5405 οὑχ
2730 5329 2842 5387 οἷόν
2876 5353 2956 5400 τε,
2993 5339 3117 5401 τοὺς
3155 5340 3369 5406 ὀλίγους
3414 5344 3609 5407 αὐτοὺς
3657 5329 3917 5416 δοκίμους

2329 5416 2467 5471 εἶναι
2529 5418 2808 5489 βούλομαι.
2870 5422 2980 5492 Ούχ
3041 5424 3225 5492 ὀρᾶτε,
3270 5425 3352 5478 ὅτι
3393 5426 3597 5494 βέλτιον
3638 5429 3733 5483 ἕνα
3770 5430 3919 5485 λίθον

2328 5503 2508 5571 τίμιον
2532 5502 2695 5572 ἔχειν,
2724 5503 2755 5572 ἢ
2794 5505 3019 5574 μυρίους
3039 5505 3288 5573 ὀϐολούς;
3334 5509 3430 5579 οὑχ
3474 5511 3657 5581 ὁρᾶτε,
3691 5513 3774 5566 ὅτι
3798 5513 3922 5584 βέλ-

2331 5606 2444 5640 τιον
2480 5588 2569 5640 τὸν
2599 5587 2872 5659 ὀφθαλμὸν
2906 5591 3212 5657 ὑγιαίνοντα
3246 5592 3411 5663 ἔχειν,
3454 5594 3485 5666 ἢ
3520 5596 3711 5650 τούτου
3741 5616 3922 5668 πεπη-

2334 5671 2582 5741 ρωμένου
2640 5672 2979 5743 πολυσαρκίᾳ
3033 5674 3395 5744 βαρύνεσθαις
3452 5678 3551 5749 οὑχ
3597 5681 3779 5750 ὁρᾶτε,
3837 5683 3922 5735 ὅτι

2418 5833 2439 5860 ε
2503 5826 2650 5895 Hanc_
2681 5826 2982 5895 lectionem__,
3030 5840 3099 5895 ex_
3151 5828 3309 5877 tribus
3361 5844 3474 5895 (uss.
3527 5839 3797 5895 receptam,
3842 5848 3929 5884 se-

2332 5896 2473 5955 cu_l_u_s
2510 5896 2587 5935 est
2639 5889 3140 5955 interpres;Monu'.2
3192 5898 3331 5955 posti
3360 5892 3511 5942 Savil.
3566 5902 3619 5944 cl
3647 5889 3926 5955 Comma!”

2338 5950 2560 6019 ediderat
2598 5952 2849 6019 μαίεσθαι.
2895 5951 3048 6019 ξίοιικ⁴
3117 5951 3156 6019 «Ι.
3184 5950 3357 6019 ΜοΓρΙ.
3407 5958 3541 6004 solus
3587 5950 3925 6019 ἀπαγορεύσωξ

2341 6026 2362 6051 e
2390 6011 2573 6079 Fnzsqn
2598 6013 2863 6071 legendum
2891 6010 3079 6079 φύκοῦν
3102 6016 3219 6079 μέγα
3244 6017 3505 6077 ἐστααιιού
3530 6010 3931 6069 τρόάἰό’ίι’ἱυιθι·-

2335 6086 2469 6185 (Eos,
2515 6072 2630 6120 dum
2676 6080 2849 6131 locum,
2898 6073 3070 6135 inquit,
3106 6072 3632 6130 \‘ilialum'd'ivinando
3679 6088 3930 6132 verteret.

2370 6149 2476 6182 ‘th.

2370 6149 2476 6182 Lb".
