4092 6494
242 553 304 608 73
1117 548 1184 605 IN
1224 550 1403 606 ACTA
1481 553 2013 612 APOSTOLORUM.
2053 553 2289 613 llOMlL.
2335 557 2467 613 Vlll.
3476 573 3549 632 ‘M

237 676 369 725 veste
389 664 644 732 indultur,
663 662 935 720 erubescit
956 677 1016 719 se
1032 665 1084 719 in
1107 664 1220 721 luto
1237 666 1479 723 volutare
1500 686 1513 722 :
1533 668 1612 724 sic
1632 679 1689 723 et
1706 669 1818 726 illc.

239 758 359 816 llinc
378 764 554 812 autem
580 770 649 811 eo
672 757 853 810 veniet
872 764 933 810 ut
962 769 1069 810 non
1096 755 1378 829 irascatur,
1425 773 1600 829 neque
1624 774 1819 829 percu.

236 851 343 916 tiat,
374 862 543 919 neque
570 847 955 902 contumeliam
1002 846 1219 901 inferat.
1267 848 1323 903 Si
1373 864 1605 921 namque
1654 848 1821 905 semel

235 956 379 1013 parva
409 950 663 1011 operatus
695 939 875 1006 fuerit,
905 948 1075 993 totum
1106 940 1403 1010 perfectum
1428 950 1533 997 est.
1559 940 1716 1011 Saepe
1744 952 1819 996 ta-

231 1048 341 1088 men
357 1031 684 1087 contrarium
703 1030 919 1097 accidit,
939 1038 997 1084 ut
1011 1031 1103 1100 qui
1120 1031 1286 1085 semel
1305 1032 1443 1086 bene
1460 1033 1666 1103 operati
1688 1034 1816 1102 sint,

234 1138 287 1179 ex
323 1124 519 1194 ignavia
550 1124 605 1177 in
627 1122 818 1179 eadem
843 1122 1105 1190 recidant,
1137 1123 1207 1178 ita
1235 1132 1293 1178 ut
1318 1124 1513 1181 deinde
1539 1127 1817 1182 emendari

230 1214 331 1270 fere
346 1223 635 1284 nequeant.
651 1211 1073 1286 Exemplicausa
1100 1231 1114 1269 :
1138 1215 1311 1285 legem
1349 1217 1506 1272 nobis
1541 1219 1819 1288 posuimus

228 1318 324 1359 non
340 1304 548 1374 jurandi
578 1302 683 1375 (α),
706 1304 775 1358 ad
795 1314 903 1360 tres
936 1316 1234 1375 quatuorve
1253 1307 1372 1363 dies
1414 1309 1464 1365 id
1498 1309 1814 1365 observavi-

227 1409 363 1459 mus,
391 1403 511 1463 post
552 1394 668 1450 haec
685 1410 748 1450 re
774 1396 1027 1465 quapiam
1055 1407 1298 1466 urgente,
1323 1405 1493 1460 totum
1524 1400 1813 1457 collectum

226 1486 419 1541 lucrum
460 1486 853 1557 dispersimus;
885 1496 1049 1559 atque
1082 1489 1299 1569 demum
1333 1492 1386 1546 in
1433 1494 1717 1563 segnitiem
1760 1504 1815 1568 et

221 1578 645 1650 desperationem
669 1580 977 1649 incidimus,
999 1582 1071 1637 ita
1089 1592 1148 1639 ut
1164 1582 1353 1640 eadem
1379 1584 1575 1642 deinde
1595 1586 1812 1658 aggredi

223 1670 472 1736 nolimus;
498 1680 555 1727 et
580 1672 703 1741 jure
731 1673 971 1743 quidem.
1004 1673 1139 1728 Nam
1171 1676 1261 1746 qui
1295 1676 1498 1747 aliquid
1525 1677 1814 1740 aediﬁcavit

219 1763 333 1833 sibi,
362 1765 407 1818 si
456 1764 758 1837 collapsum
789 1765 969 1820 videat
996 1766 1306 1836 aedilicium,
1325 1769 1437 1839 jam
1485 1771 1702 1840 segnior
1729 1782 1812 1827 cst

219 1856 279 1909 ad
327 1872 510 1913 rursus
548 1857 952 1913 :edificandum.
990 1860 1061 1916 At
1088 1875 1156 1916 ne
1186 1870 1312 1917 tunc
1348 1863 1570 1933 quidem
1597 1874 1810 1935 oportet

217 1948 440 2020 segniter
466 1964 651 2021 agere,
681 1949 778 2006 sed
801 1950 856 2007 id
881 1966 1069 2007 rursus
1085 1950 1332 2009 studiose
1351 1954 1592 2025 aggredi.

284 2100 332 2155 5.
363 2100 635 2156 Ponaums
665 2101 845 2173 itaque
872 2101 1026 2157 nobis
1052 2104 1391 2174 quotidianas
1416 2106 1564 2179 leges
1588 2116 1643 2161 et
1668 2121 1698 2162 a
1729 2106 1811 2162 fa-

217 2193 394 2247 cilibus
433 2194 754 2265 incipiamus
787 2195 1261 2265 :juramentorum
1310 2198 1669 2269 frequentiam
1715 2202 1813 2258 ab—

217 2284 531 2350 scindautus,
584 2288 793 2341 frenum
835 2287 1172 2357 imponamus
1202 2289 1395 2359 linguae
1439 2306 1452 2343 :
1505 2306 1667 2346 nemo
1714 2307 1813 2363 per

220 2376 370 2431 Deum
390 2378 556 2447 juret.
588 2377 777 2432 Nullus
800 2379 886 2434 hic
909 2392 1155 2451 sumptus
1175 2390 1275 2447 est,
1308 2382 1458 2438 labor
1477 2383 1678 2452 nullus,
1702 2400 1811 2441 non

214 2468 451 2523 diuturna
478 2467 789 2534 meditatio;
812 2471 1012 2526 suﬂieit
1035 2473 1197 2539 velle,
1230 2484 1285 2528 et
1306 2482 1479 2529 totum
1509 2475 1807 2546 perfectum

214 2569 289 2614 est
314 2578 326 2613 :
348 2575 467 2614 nam
490 2563 900 2616 consuetudinis
924 2578 1011 2618 res
1031 2573 1135 2619 est.
1160 2565 1337 2620 Etiam
1361 2581 1461 2622 oro
1484 2578 1538 2622 et
1556 2568 1806 2638 obsecro,

216 2652 363 2707 talem
393 2668 581 2709 curam
606 2655 980 2712 adhibeamus.
1012 2658 1128 2723 Dic,
1158 2672 1361 2728 qureso,
1392 2660 1545 2726 mihi,
1573 2663 1618 2716 si
1649 2678 1809 2732 pecu—

213 2744 528 2801 niasiuferre
554 2747 821 2817 iuberem,
842 2764 1021 2803 annon
1054 2750 1247 2822 singuli
1266 2766 1367 2822 pro
1390 2754 1593 2809 viribus
1605 2755 1807 2812 alacri-

212 2844 285 2891 ter
300 2838 662 2894 conferretis?
688 2837 746 2895 Si
775 2856 862 2896 me
892 2842 944 2896 in
967 2846 1223 2899 extremis
1249 2848 1502 2916 periculis
1528 2848 1803 2919 videretis,

208 2943 373 2983 annon
403 2930 473 2985 de
522 2945 692 2986 carne
718 2944 895 2988 vestra
924 2935 1159 2990 excisam
1200 2947 1432 3007 partem,
1458 2940 1502 2994 si
1532 2940 1648 2996 fieri
1675 2958 1799 3012 pos-

208 3028 300 3086 set,
325 3019 571 3078 daretis?
595 3022 650 3077 ln
674 3039 868 3093 magno
887 3042 1027 3079 nunc
1051 3040 1170 3081 sum
1198 3028 1463 3097 periculo,
1488 3031 1560 3085 ita
1590 3042 1648 3086 ut
1672 3035 1718 3088 si
1748 3034 1803 3090 in

206 3128 410 3171 carcere
439 3130 644 3181 essent,
670 3118 713 3173 si
744 3119 890 3172 mille
910 3119 1093 3189 plagas
1123 3122 1481 3190 excepisswt,
1526 3124 1571 3179 si
1600 3126 1655 3179 in
1686 3144 1802 3182 me-

208 3206 334 3261 tallis
360 3224 604 3279 agerem.
634 3225 739 3264 non
770 3212 939 3280 magis
965 3211 1230 3267 dolerem.
1262 3214 1478 3269 Manum
1508 3232 1639 3287 ergo
1669 3235 1799 3289 por-

208 3300 369 3371 rigite.
394 3303 643 3372 Cogitate
694 3312 951 3374 quantum
981 3304 1049 3359 sit
1098 3306 1419 3374 periculum,
1448 3313 1590 3381 quod
1619 3328 1686 3367 ne
1716 3315 1799 3369 vel

208 3388 297 3447 hoc
323 3392 607 3448 minimum
633 3392 953 3468 (minimum
983 3411 1112 3450 vero
1158 3398 1301 3464 dieo,
1332 3412 1593 3470 quantmn
1620 3404 1688 3459 ad
1721 3405 1797 3459 la-

208 3482 408 3557 borem)
440 3486 664 3554 possitis
700 3485 979 3554 perﬁcere.
1012 3487 1150 3551 Quid
1194 3489 1370 3572 dicam
1421 3503 1545 3548 tunc
1575 3511 1795 3551 accusa-

208 3574 313 3627 tus?
336 3573 445 3629 Cur
466 3590 578 3631 non
608 3575 851 3631 hortatus
878 3578 976 3632 es?
1003 3593 1099 3633 cur
1125 3596 1231 3634 non
1276 3582 1677 3654 red.irguebas?
1701 3603 1798 3644 cur

205 3680 298 3721 non
317 3669 662 3739 pmpisti?
684 3684 781 3726 cur
806 3687 910 3725 non
935 3672 1105 3739 legem
1140 3677 1409 3743 posuisti?
1436 3694 1534 3734 cur
1565 3697 1669 3736 non
1700 3684 1797 3738 ob-

205 3766 562 3829 temperantes
583 3776 690 3815 non
704 3762 992 3817 ‘cobibuisti
1010 3764 1032 3817 ?
1050 3764 1167 3819 Non
1194 3770 1327 3823 satis
1348 3771 1453 3825 erit
1479 3772 1607 3829 mihi
1628 3775 1795 3830 dixis-

201 3864 286 3915 se,
317 3852 612 3907 Admonui.
639 3853 724 3919 At,
780 3855 1002 3925 inquiet,
1057 3858 1463 3919 vehementiore
1491 3881 1625 3936 opus
1677 3879 1793 3925 erat

201 3940 606 4016 increpatione:
652 3961 774 4001 nam
816 3948 897 4002 Eli
937 3965 1152 4021 quoque
1196 3954 1543 4012 admouebat.
1592 3960 1787 4017 Verum

199 4032 325 4089 absit
345 4046 401 4091 ut
421 4050 519 4091 vos
540 4052 666 4091 cum
688 4037 813 4092 filiis
837 4039 955 4109 ejus
984 4055 1316 4112 comparem.
1347 4047 1441 4101 llle
1465 4049 1789 4110 admonebat

198 4133 245 4179 et
266 4127 473 4183 dicebat
500 4146 515 4184 :
567 4127 668 4195 Ne,
699 4130 817 4196 ﬁlii,
841 4150 903 4187 ne
950 4133 1022 4187 sic
1044 4136 1248 4204 facitote
1266 4154 1285 4193 :
1311 4138 1503 4194 malum
1534 4161 1787 4200 rumorem

195 4232 277 4286 ego
295 4219 447 4274 audio
476 4221 541 4274 de
578 4221 717 4285 vobis
738 4226 757 4293 (
775 4224 795 4277 l
812 4262 826 4276 .
853 4223 982 4294 Reg.
1012 4224 1070 4278 2.
1097 4225 1228 4300 24).
1259 4228 1364 4283 Sed
1388 4235 1783 4303 pergcnsScri-

196 4320 337 4377 ptura
363 4315 515 4384 dicit,
558 4316 733 4385 ipsum
763 4332 871 4372 non
914 4318 1263 4376 admonuisse
1301 4323 1442 4379 filios
1483 4343 1631 4383 suos.
1670 4330 1785 4386 line

197 4416 311 4459 vero
346 4405 500 4475 dicit,
556 4408 681 4478 quia
726 4424 831 4463 non
861 4410 1079 4479 acriter,
1112 4428 1220 4468 non
1251 4430 1373 4470 cum
1416 4418 1783 4491 increpatione

194 4498 448 4553 monebat.
474 4500 762 4568 Quomodo
790 4503 933 4557 enim
954 4504 1248 4560 absurdum
1270 4522 1377 4562 non
1401 4508 1580 4579 fuerit,
1607 4514 1660 4568 in
1692 4530 1781 4587 sy-

192 4590 396 4660 nagogis
422 4590 737 4646 Judteorum
762 4594 832 4647 ita
853 4608 1069 4651 severas
1098 4596 1246 4667 leges
1264 4616 1403 4666 esse,
1434 4605 1534 4658 etsi
1567 4606 1655 4675 qui
1678 4608 1778 4663 do-

190 4689 267 4732 cet
292 4680 522 4751 imperet
565 4685 745 4737 omnia
797 4685 942 4751 fieri;
973 4685 1061 4741 ltic
1090 4704 1218 4743 vero
1259 4706 1361 4746 nos
1392 4694 1463 4749 ita
1493 4696 1778 4765 despectos

189 4769 493 4841 etahjeetos
542 4774 707 4828 esse?
752 4773 867 4829 Non
914 4777 1140 4847 gloriam
1195 4797 1369 4837 meam
1407 4801 1540 4842 curo
1570 4793 1775 4861 :gloria

188 4863 367 4934 quippe
394 4881 515 4922 mea
562 4874 646 4921 est
668 4877 840 4922 vestra
878 4870 1097 4938 probata
1129 4873 1235 4927 vita
1260 4891 1274 4940 ;
1305 4876 1398 4932 sed
1428 4881 1655 4937 salutem
1686 4901 1778 4939 ve-

186 4961 336 5010 stram
364 4974 552 5028 quer
599 4957 845 5026 Quotidie
869 4961 1185 5031 clamamus,
1210 4966 1523 5028 insouamus
1540 4975 1592 5029 in
1618 4994 1776 5034 aures

188 5057 409 5115 vestras;
439 5060 498 5105 ct
521 5066 682 5107 nemo
715 5062 793 5107 est
817 5055 906 5124 qui
932 5057 1138 5125 audiat,
1175 5062 1278 5115 etsi
1319 5064 1453 5120 nihil
1478 5067 1774 5125 vehemen-

187 5137 279 5192 tius
307 5142 665 5209 proferamus.
697 5144 903 5211 Timeo,
957 5166 1025 5206 ne
1064 5152 1455 5225 intempestiva:
1497 5171 1551 5216 et
1590 5164 1771 5221 nimia:

187 5230 515 5304 indulgentia:
534 5237 589 5291 in
612 5236 787 5294 futuro
808 5240 999 5298 illodie
1014 5247 1279 5303 rationem
1309 5252 1615 5311 reddamus.
1646 5259 1773 5315 ldco

186 5340 357 5399 magna
374 5341 430 5385 et
452 5332 604 5388 clara
632 5349 763 5389 voce
787 5338 1037 5395 omnibus
1054 5344 1289 5411 praedico
1309 5356 1367 5402 et
1395 5351 1683 5421 testificor;
1716 5366 1773 5411 ut

184 5419 362 5486 quisic
389 5429 835 5493 przevarieantur,
861 5432 1060 5503 quique
1085 5450 1172 5502 ea,
1203 5454 1322 5507 qua:
1359 5442 1583 5515 maligni
1618 5419 1767 5517 sunt,

186 5506 458 5580 loquuntur
507 5515 649 5587 (hoc
687 5529 771 5574 est
803 5523 945 5577 enim
985 5526 1392 5606 juramentum)
1421 5577 1437 5601 ,
1487 5506 1555 5592 ne
1585 5506 1770 5597 limina

183 5602 531 5662 ecclesiastica
556 5612 870 5668 ascendant.
900 5615 1265 5678 Praestitutum
1296 5602 1425 5682 vero
1456 5638 1672 5703 tempus
1698 5636 1768 5691 sit

183 5694 323 5755 vobis
345 5698 432 5760 hic
472 5706 701 5773 mensis,
749 5717 806 5764 ut
852 5713 1217 5785 corrigamini.
1246 5720 1325 5778 Ne
1354 5725 1486 5780 mihi
1517 5694 1720 5788 dixeris
1749 5751 1763 5788 :

238 5883 299 5946 (α)
332 5887 804 6004 Conmldjuramenta
825 5901 1095 5964 sacpissmto
1115 5914 1431 5963 concionetus
1456 5924 1533 5966 est
1558 5919 1760 5983 Chryso-

238 5959 431 6004 m‘n
452 5968 478 6004 ν
535 5969 623 6004 ere
648 5962 788 6004 estin
806 5962 1028 6004 Hnmih'ie
1051 5981 1107 6004 an
1136 5974 1453 6004 Antt.mh.\..-
1488 5988 1601 6004 τη...
1633 5985 1663 6004 ,Α
1717 5993 1760 6004 ,ι

186 5953 364 6011 smus,
376 5960 431 6003 ut
452 5953 623 6007 videre
648 5967 727 6010 est
741 5962 790 6011 iu
806 5953 1028 6017 Hotiiiliis
1050 5981 1107 6019 aa
1120 5953 1663 6041 ‘Aii't‘ib'tlii‘éi'iasiibiﬁ.’

1937 669 2020 724 Me
2052 672 2392 741 negotiorum
2422 684 2575 745 urget
2600 677 2914 747 necessitas,
2938 681 3059 753 quia
3088 682 3223 742 ﬁdes
3249 703 3355 746 non
3382 689 3545 750 hahe-

1934 770 2021 815 tur
2048 761 2200 817 mihi.
2227 764 2446 820 Interim
2468 767 2557 821 illa
2584 784 2648 824 ex
2692 775 3085 832 consuetudine
3113 779 3539 849 juramenta.re-

1932 866 2108 909 move.
2141 852 2267 910 Scio
2290 857 2553 927 quosdam
2576 875 2717 927 esse,
2746 863 2842 934 qui
2861 867 3314 941 nosirridehunt;
3344 888 3401 933 at
3422 894 3537 937 me-

1930 943 2034 1000 lius
2089 956 2175 1003 est
2223 964 2323 1005 nos
2369 966 2513 1007 nunc
2563 953 2796 1021 irrideri,
2833 974 2995 1029 quam
3046 971 3176 1020 tunc
3226 969 3536 1029 uri:ride-

1927 1035 2060 1094 bunt
2090 1052 2270 1097 autem
2299 1042 2495 1099 insani.
2524 1045 2661 1113 Quis
2688 1048 2856 1117 enim,
2885 1067 3093 1124 quiest),
3142 1074 3292 1117 sana:
3337 1067 3536 1123 mentis

1927 1130 1993 1186 de
2039 1142 2253 1188 servato
2281 1145 2554 1207 pnmput
2586 1138 2825 1197 ridebit?
2851 1144 3004 1212 Quod
3033 1148 3078 1203 si
3108 1150 3389 1223 irrideant,
3424 1173 3531 1215 non

1925 1234 2046 1287 nos,
2085 1223 2185 1278 sed
2213 1223 2489 1283 Christum
2537 1229 2858 1290 irridebunt.
2912 1235 3267 1299 lnhorruistis
3313 1248 3381 1302 ad
3430 1250 3537 1307 tale

1925 1310 2149 1370 dictum.
2173 1316 2287 1373 Hoc
2308 1318 2447 1377 bene
2465 1324 2609 1378 novi.
2629 1325 2685 1381 Si
2706 1341 2809 1398 ego
2835 1329 2973 1387 hanc
2989 1331 3161 1405 legem
3179 1335 3533 1413 induxissem,

1922 1420 2013 1463 me
2040 1409 2180 1465 risus
2200 1410 2293 1467 ille
2318 1424 2590 1483 spectaret
2616 1435 2631 1484 ;
2659 1420 2704 1474 si
2732 1430 2915 1478 autem
2941 1424 3082 1483 alius
3115 1429 3394 1503 legislator
3419 1409 3531 1507 est,

1921 1500 1991 1556 ad
2019 1501 2167 1558 illum
2197 1508 2392 1563 transit
2420 1509 2620 1567 irrisio.
2654 1513 2773 1584 ipse
2810 1515 3058 1577 Christus
3082 1500 3378 1597 aliquando
3400 1500 3537 1590 con:

1919 1607 2111 1667 sputus
2129 1610 2240 1702 est,
2277 1612 2441 1675 atque
2471 1608 2523 1663 in
2567 1612 2841 1670 maxillam
2888 1632 3203 1694 percussus,
3257 1636 3316 1683 et
3358 1629 3531 1702 alapis

1917 1702 2094 1785 etesiis
2161 1692 2347 1749 Matth.
2370 1698 2462 1753 27.
2490 1699 2561 1757 30
2578 1702 2622 1773 ).
2648 1703 2775 1761 llzee
2797 1708 2957 1766 etiam
2985 1728 3133 1771 nunc
3158 1690 3286 1785 fcrt,
3310 1730 3367 1776 et
3391 1690 3529 1780 nihil

1916 1778 2201 1840 dissimile.
2226 1785 2355 1843 Ideo
2379 1792 2626 1861 geheuna
2654 1808 2896 1869 paratur,
2924 1801 3051 1863 ideo
3078 1778 3282 1867 vermis
3306 1813 3399 1870 ille

1916 1873 2184 1931 mortalis.

1986 1962 2338 2060 Chrysouomt'
2358 1973 2578 2043 ﬁrmitas
2608 1982 2789 2037 animi.
2817 2014 2890 2028 —
2917 1987 3061 2048 Ecce
3089 2008 3283 2053 rursus
3312 1998 3439 2058 dico
3466 2014 3523 2060 et

1914 2058 2176 2154 testificor
2204 2080 2220 2119 :
2252 2063 2447 2124 Rideat
2471 2078 2530 2126 et
2556 2074 2857 2136 subsannet
2890 2083 2985 2154 qui
3026 2087 3258 2147 voluerit
3287 2110 3304 2148 :
3331 2094 3387 2151 in
3416 2058 3523 2154 hoc

1912 2160 2075 2220 posui
2099 2167 2288 2213 sumus
2308 2200 2323 2225 ,
2370 2170 2428 2216 ut
2460 2163 2737 2223 rideamur
2759 2212 2776 2238 ,
2809 2172 3206 2238 subsannemur
3233 2188 3525 2262 omniaquae

1908 2438 2124 2542 ceptum
2158 2434 2420 2542 perde-ere
2441 2481 2459 2507 ,
2491 2440 2636 2542 hunc
2662 2448 2830 2506 verbo
2856 2456 3010 2523 quasi
3051 2460 3180 2517 tuba
3210 2434 3518 2542 prohibeo,

1908 2533 1977 2622 ne
2007 2520 2190 2579 limina
2217 2528 2587 2591 ecclesiastica
2618 2520 2977 2614 pertranseat,
3001 2551 3118 2608 sive
3137 2520 3393 2633 princeps
3419 2520 3513 2633 sit:

1901 2612 2023 2716 sive
2051 2616 2139 2673 ille
2177 2618 2292 2690 ipse
2321 2627 2411 2695 qui
2442 2628 2748 2691 diademate
2771 2612 3026 2710 cingitur.
3061 2612 3169 2703 Au-t
3199 2612 3287 2708 me

1907 2707 2212 2780 principatu
2266 2715 2504 2789 dejicite,
2551 2736 2643 2780 aut
2696 2707 3006 2791 manentem
3048 2755 3122 2798 ne
3170 2743 3224 2799 in

1904 2803 2175 2871 conjicite.
2208 2807 2265 2863 In
2292 2811 2434 2869 hunc
2462 2815 2712 2876 thronum
2731 2827 3027 2887 ascendere
3049 2850 3155 2890 non
3183 2803 3375 2910 audeo,
3402 2848 3507 2903 uisi

1903 2894 2031 3005 quid
2058 2900 2592 3005 magniprtestitero.
2618 2912 2751 2969 Nam
2787 2918 2831 2971 si
2860 2923 3123 2989 perlicere
3146 2894 3506 3005 ntutpossit-t-t,

1903 2986 2098 3043 melius
2120 3000 2204 3045 est
2242 2994 2381 3052 infra
2417 3011 2584 3058 stare.
2611 3004 2755 3063 Nihil
2786 3014 2929 3068 enim
2966 2986 3325 3083 iiiiscmhilitis
3365 2986 3506 3101 pm:

1903 3075 2015 3101 ..2.1Α
2066 3080 2289 3101 ---ιλεμμ
2359 3087 2392 3101 ο.
2418 3090 2450 3101 η
2544 3094 2593 3101 .-.
2683 3098 2691 3101 Α

1901 3075 2037 3141 side,
2065 3080 2292 3140 subditis
2319 3087 2451 3144 nihil
2480 3094 2725 3153 utilitatis
2752 3101 3033 3163 afferente.
3069 3075 3343 3188 Voscurgwo,
3365 3075 3506 3179 :0:-

1902 3170 2113 3283 t'ertite,
2158 3190 2364 3243 quaeso,
2396 3192 2454 3237 et
2478 3189 2739 3247 attendite
2762 3210 2777 3259 ;
2803 3202 3194 3263 contendamus
3222 3170 3379 3270 simul
3402 3261 3419 3283 ,
3451 3233 3509 3278 et

1897 3263 2142 3328 quaedam
2172 3274 2275 3323 erit
2299 3278 2561 3331 accessio.
2634 3282 2917 3357 Jejuuate,
2963 3295 3131 3353 Deum
3166 3263 3458 3371 precamiiii
3486 3358 3504 3383 ,

1898 3360 1947 3383 ΔΙ
1980 3367 2076 3383 una
2108 3359 2378 3383 ..ΑΙ-Ξ..----ᾼ
2497 3376 2511 3383 -
2564 3369 2576 3383 ι
2891 3381 2898 3383 ξ

1897 3360 1952 3404 et
1980 3367 2078 3409 nos
2108 3359 2383 3417 vobiscum
2409 3406 2424 3429 ,
2458 3376 2517 3422 ut
2563 3369 2702 3429 hanc
2747 3381 3109 3447 perniciosam
3156 3359 3509 3459 consuetudi:

1895 3457 2018 3497 nem
2052 3447 2347 3516 cjiciamus.
2402 3456 2546 3515 Nihil
2585 3465 2761 3535 majus
2786 3481 2877 3525 est
2913 3491 3074 3545 quam
3104 3498 3225 3540 esse
3252 3447 3505 3554 ductui-es

1888 3822 2056 3926 cura),
2084 3830 2244 3885 quam
2272 3820 2340 3876 de
2360 3823 2621 3885 fratribus
2660 3832 2957 3899 habueritis
2988 3820 3013 3899 ε-
3032 3820 3326 3926 nam—quod

3055 3901 3157 3906 κη---
3224 3901 3326 3915 ..νυ
3350 3901 3462 3922 uull
3487 3901 3496 3905 ’

1887 3901 2041 3957 vobis
2066 3921 2167 3976 ego
2196 3922 2351 3978 sum,
2384 3916 2436 3970 id
2465 3933 2560 3976 vos
2605 3924 2722 3980 orbi
2768 3932 2940 3988 eritis.
2988 3938 3094 3996 Vos
3136 3901 3359 4009 omnino
3403 3901 3496 4017 alii

1887 3995 2209 4017 ..ι-....ιηιη-κι
2490 4012 2501 4017 ·

1884 3995 2285 4108 femulabuntur
2310 4022 2326 4057 :
2354 4012 2578 4067 omnino
2616 4018 2770 4075 eritis
2793 4022 3011 4085 lucerna
3050 4050 3213 4108 super
3240 3995 3494 4108 candela:

1882 4084 2037 4212 brium
2075 4093 2250 4212 g‘omsita
2292 4098 2507 4212 (Hqtlh.
2562 4108 2617 4164 5.
2676 4112 2797 4185 15).
2854 4084 3203 4201 Estne

1884 4183 2098 4297 tomm?
2126 4186 2243 4243 Non
2280 4202 2366 4248 est
2396 4194 2499 4253 hoc
2531 4209 2723 4273 totum,
2751 4210 2846 4265 sed
2874 4183 3203 4290 principium
3231 4183 3483 4297 alio‘run:

2710 4272 2717 4273 ί
2874 4272 2891 4281 _
3014 4272 3017 4273 ν
3056 4272 3068 4290 ,
3093 4272 3199 4279 -_--.
3231 4272 3483 4297 ..ι-ι.

1879 4272 1987 4393 Qu'i
2007 4292 2118 4333 non
2151 4281 2319 4351 jurat,
2350 4289 2418 4343 ad
2443 4291 2606 4350 aliam
2640 4300 2854 4367 pietatis
2881 4320 3093 4376 partem
3124 4324 3325 4393 veniet,
3357 4333 3485 4388 velit

1878 4368 2036 4436 nolit,
2067 4386 2162 4427 seu
2193 4377 2419 4447 pudore,
2447 4400 2543 4440 seu
2574 4389 2773 4448 timore
2800 4368 3085 4461 adductus.

1954 4464 2235 4523 Multitudo
2260 4489 2375 4537 quae
2394 4478 2703 4538 voluntatem
2723 4486 2822 4542 Dei
2840 4508 2943 4547 non
2958 4497 3104 4567 facit,
3132 4507 3265 4563 nihil
3283 4526 3376 4570 est.
3404 4549 3477 4561 —

1870 4551 1979 4669 Sed
2003 4560 2177 4626 multi,
2210 4564 2422 4636 inquies
2444 4613 2459 4637 ,
2494 4573 2547 4629 id
2588 4591 2695 4631 non
2724 4551 2971 4644 ferentes.
2989 4551 3252 4657 resilient.
3284 4551 3485 4669 dime-

1874 4646 1973 4751 (ἐφ’
1999 4660 2073 4703 est
2093 4669 2244 4764 unus,
2260 4660 2367 4728 .qui
2390 4661 2516 4730 facit
2550 4669 2863 4731 voluntatem
2884 4679 3095 4741 Domini
3119 4731 3133 4758 ,
3160 4710 3315 4764 quam

1871 4740 2033 4809 iuit/ui
2080 4744 2267 4815 (Ere-li.
2314 4753 2401 4808 ιθ.
2445 4757 2539 4828 5).
2589 4760 2725 4820 llinc
2781 4772 2962 4829 omnia
3009 4740 3269 4843 ευυξγὲτες.

1872 4835 2051 4867 Πηιηῖοι
2084 4852 2174 4867 una
2205 4840 2376 4867 λ-.-.-,
2425 4847 2551 4867 9--.,
2706 4865 2713 4867 Α
2858 4863 2869 4867 -
