4092 6516
599 488 696 547 Ἴδ
1365 484 1421 542 S.
1445 481 1720 541 JOANNIS
1757 481 2218 540 (ZIIRYSUSTOMI
2257 482 2565 541 ARCIIIEP.
2606 488 3134 550 CONSTANTINOP.
3827 495 3898 548 7"-

627 597 848 675 sis,sed
900 595 1239 654 multitudine
1288 597 1509 667 probata
1550 613 1565 651 :
1616 596 1660 652 si
1708 587 1888 651 autem
1943 599 2046 652 hoc
2093 595 2207 653 fieri

629 703 878 764 nequeat,
898 701 957 748 ut
983 693 1174 748 saltem
1197 691 1345 762 pauci
1371 690 1574 760 probati
1602 690 1730 744 sint.
1754 692 1945 744 Annon
1973 689 2195 756 videtis,

629 785 822 842 melius
846 799 966 841 esse
999 799 1160 838 unum
1203 782 1428 853 lapidem
1461 779 1754 852 pretiosum
1781 779 2010 848 habere,
2040 794 2198 850 quam

625 880 942 934 innumeros,
959 877 1144 933 obolos
1162 877 1186 931 ‘i
1204 890 1379 931 annon
1403 874 1597 931 videtis
1633 873 1822 930 melius
1841 887 1962 928 esse
1985 873 2197 927 oculum

623 969 1074 1033 Santnnbahere,
1124 981 1322 1039 quam,
1375 965 1479 1022 hoc
1518 973 1825 1032 esczecato,
1877 961 2198 1034 pinguedine

622 1064 796 1119 carnis
851 1061 1101 1118 onerari?
1149 1074 1326 1115 annon
1376 1058 1589 1124 videtis,
1645 1057 1837 1113 melius
1887 1069 2008 1112 esse
2040 1069 2197 1112 ovem

623 1170 778 1218 unum
817 1167 1001 1211 sariam
1032 1151 1228 1214 habere
1251 1193 1265 1215 ,
1293 1165 1452 1223 quam
1489 1150 1736 1208 millenas
1761 1148 1941 1205 scabie
1976 1147 2198 1219 plenast

619 1259 795 1301 annon
849 1242 1079 1311 videtis,
1128 1244 1319 1300 melius
1370 1257 1494 1300 esse
1539 1257 1746 1314 paucos
1791 1241 1989 1297 habere
2026 1241 2198 1296 bonos

620 1339 775 1406 tilias,
802 1352 961 1408 quam
985 1337 1181 1401 multos
1217 1336 1532 1407 improbos?
1560 1351 1628 1392 an
1653 1334 1891 1401 nescitis,
1915 1347 2114 1403 paucos
2141 1334 2193 1387 ln

619 1444 785 1500 regno
811 1428 1170 1496 form-multos
1217 1429 1269 1484 in
1296 1429 1537 1500 gehenna
1553 1428 1578 1483 τ
1597 1425 1734 1494 Quid
1764 1425 2037 1480 mihicum
2059 1422 2194 1477 mul-

619 1519 876 1576 titudine?
894 1535 1016 1591 qua:
1042 1535 1105 1576 es
1134 1535 1195 1575 ea
1223 1519 1467 1576 utilitas?
1495 1516 1648 1573 Nulla
1683 1535 1697 1572 :
1729 1517 1838 1570 imo
1864 1514 2043 1584 potius
2068 1513 2191 1568 aliis

617 1621 700 1667 est
725 1611 1005 1681 pernicies.
1039 1611 1180 1666 ldem
1212 1611 1385 1680 ipsum
1411 1619 1496 1665 est
1516 1648 1531 1674 ,
1560 1624 1624 1665 ac
1644 1608 1688 1664 si
1714 1608 1798 1663 cui
1832 1604 2192 1662 liceatdecem

617 1717 775 1757 sanos
805 1701 1022 1768 habere,
1047 1702 1131 1757 Vel
1157 1701 1304 1765 mille
1331 1701 1604 1765 infirmos,
1635 1709 1688 1754 et
1723 1699 1811 1753 ille
1848 1698 1963 1752 istis
2005 1695 2191 1751 decem

619 1799 929 1852 innumeros
968 1795 1087 1851 illos
1127 1795 1357 1864 adjiciat.
1405 1794 1484 1849 Illi
1527 1807 1657 1850 sane
1695 1791 1850 1849 multi
1891 1789 2023 1845 nihil
2054 1787 2193 1845 bene

616 1898 932 1962 operantes,
967 1889 1097 1944 nihil
1122 1888 1263 1944 aliud
1297 1888 1452 1944 nobis
1476 1887 1773 1952 conferent,
1802 1899 1960 1956 quam
1988 1881 2187 1950 suppli-

613 1980 775 2048 cium,
831 1984 885 2035 et
925 1978 977 2034 in
1007 1979 1253 2049 praesenti
1300 1987 1562 2048 tempore,
1608 1975 1974 2047 ignominiam.
2020 1970 2189 2026 Nemo

623 2104 2239 2128 _______________________________._.

2269 2101 2475 2112 -———.

2316 601 2459 655 enim
2479 604 2620 672 quod
2643 605 2793 661 multi
2821 608 2990 664 simus
3010 610 3172 672 dicet.
3201 610 3448 682 sedquod
3482 611 3698 669 inutiles
3725 612 3898 667 simus

2307 692 2608 764 redarguet.
2628 696 2740 752 lloc
2761 699 2939 770 itaque
2962 701 3120 756 nobis
3145 716 3358 772 semper
3373 703 3656 773 objiciunt,
3676 703 3897 774 quando

2304 784 2551 852 dicimus.
2583 787 2728 844 Multi
2751 804 2942 846 sumus
2973 790 3118 849 :Sed
3139 794 3285 860 mali,
3315 795 3583 864 inquiunt.
3616 796 3757 851 Ecce
3788 796 3894 850 ite-

2303 893 2422 934 rum
2451 880 2709 936 denuntio
2730 893 2786 938 et
2811 883 2960 939 clara
2992 899 3126 941 voce
3153 885 3351 953 clamo,
3375 903 3535 943 nemo
3557 871 3742 958 j‘oenm
3771 901 3897 942 esse

2303 979 2454 1040 putet
2495 989 2510 1026 :
2543 972 2835 1029 Escludam
2881 986 2937 1032 et
2961 977 3158 1032 arcebo
3185 993 3290 1030 non
3322 978 3766 1049 obtemperantes
3790 1020 3807 1044 ,
3839 987 3898 1033 et

2301 1062 2476 1120 donec
2504 1063 2557 1118 in
2571 1064 2673 1123 hoc
2690 1067 2881 1124 throno
2892 1064 3108 1132 sedebo,
3122 1063 3253 1119 nihil
3269 1064 3899 1135 illiusjustilicationihus

2301 1155 2598 1225 praeferam.
2629 1153 2686 1210 Si
2730 1155 2851 1225 quis
2880 1172 2964 1211 me
3006 1155 3263 1226 dejeeerit
3287 1196 3302 1221 ,
3351 1155 3459 1225 jam
3489 1172 3595 1210 non
3627 1154 3897 1228 obnoxius

2304 1261 2438 1311 cro;
2469 1246 2643 1303 donec
2670 1262 2798 1304 vero
2833 1247 3104 1303 obnoxius
3133 1263 3251 1302 smn
3273 1290 3286 1309 .
3323 1261 3427 1303 non
3461 1263 3680 1318 possum
3729 1246 3897 1316 negli-

2301 1355 2449 1412 gere,
2473 1355 2578 1395 non
2603 1350 2710 1394 tam
2741 1349 2884 1396 metu
2913 1340 3158 1410 supplicii
3189 1382 3201 1405 ,
3229 1355 3388 1410 quam
3419 1348 3638 1410 propter
3658 1348 3896 1394 vestram

2300 1433 2524 1487 salutem
2548 1475 2564 1499 ,
2595 1448 2756 1502 quam
2787 1432 3077 1488 admodum
3108 1434 3267 1504 cupio
3303 1451 3316 1488 :
3345 1449 3442 1503 pro
3472 1433 3561 1488 illa
3599 1432 3818 1487 crucior
3843 1440 3898 1484 ct

2301 1523 2479 1579 doleo.
2515 1522 2622 1580 Sed
2650 1521 3016 1592 obtemperate
3041 1564 3057 1589 ,
3096 1534 3152 1578 ut
3181 1533 3234 1579 et
3263 1523 3350 1578 hic
3376 1532 3431 1578 ct
3459 1523 3511 1576 iu
3545 1523 3725 1576 futuro
3752 1522 3892 1574 mul-

2304 1627 2410 1672 tam
2452 1615 2724 1686 accipiatis
2773 1614 3096 1680 mercedem,
3137 1625 3192 1670 et
3239 1615 3396 1670 simul
3446 1614 3601 1669 bonis
3649 1613 3897 1668 fruamur

2301 1708 2518 1764 uternis
2544 1748 2559 1773 ,
2612 1707 2783 1778 gratia
2822 1717 2876 1763 et
2926 1707 3255 1779 benignitate
3287 1706 3546 1778 unigeniti
3593 1705 3737 1770 Filii,
3770 1706 3895 1774 qui-

2300 1816 2418 1856 cum
2451 1801 2594 1855 Patri
2635 1815 2846 1871 unaque
2863 1798 3086 1870 Spiritui
3113 1800 3553 1871 sancto,gloria,
3585 1798 3893 1870 imperium,

2301 1892 2494 1960 honor,
2546 1907 2689 1949 nunc
2741 1902 2795 1947 et
2843 1907 3080 1964 semper,
3121 1903 3174 1948 et
3210 1893 3263 1948 in
3303 1893 3499 1948 stneula
3542 1890 3894 1948 saeculorum.

2299 1989 2491 2042 Amen.

3487 2097 3866 2110 ἡ*-

1996 2174 2338 2241 HOMILIA
2383 2173 2499 2238 IX.

612 2339 738 2397 Csr.
771 2340 823 2396 3.
870 2354 921 2392 ν.
970 2337 1058 2395 12.
1112 2337 1298 2392 Videns
1339 2345 1505 2392 autem
1550 2335 1770 2399 Petrus,
1819 2326 2078 2400 respondit
2124 2323 2192 2377 ad

683 2430 927 2502 populum
954 2445 973 2484 :
1005 2429 1111 2483 Viri
1137 2427 1408 2495 Israelitaz,
1438 2426 1560 2495 quid
1590 2423 1844 2479 miramini
1873 2422 1927 2474 in
1956 2420 2072 2484 hoc,
2100 2427 2190 2470 aut

679 2525 800 2594 quid
828 2539 917 2577 nos
945 2519 1239 2585 intuemini,
1267 2519 1411 2590 quasi
1439 2527 1611 2573 nostra
1654 2516 1835 2570 virtute
1880 2519 1968 2566 aut
2008 2509 2190 2580 pietate

683 2616 947 2688 fecerimus
978 2614 1111 2667 hunc
1135 2611 1440 2665 ambulare?

682 2709 733 2762 1.
766 2705 994 2760 Oratoris
1020 2703 1263 2757 modestia
1285 2702 1494 2755 multum
1516 2699 1718 2771 prodest
1733 2695 1972 2752 auditori.
1989 2722 2060 2732 —
2079 2690 2189 2746 Ma-

605 2801 725 2870 jore
748 2798 935 2854 tidueia
963 2796 1118 2868 plena
1145 2805 1228 2850 est
1253 2794 1366 2850 hare
1392 2795 1564 2847 oratio
1591 2806 1605 2843 :
1639 2807 1744 2846 non
1772 2788 1914 2861 quod
1937 2788 1988 2841 in
2012 2785 2190 2856 priore

611 2892 854 2954 timeret,
887 2887 980 2942 Sed
1007 2887 1127 2957 quia
1157 2885 1208 2940 id
1236 2885 1483 2946 homines
1499 2884 1582 2937 illi
1607 2882 1854 2936 inrisores
1883 2892 1987 2960 non
2036 2877 2189 2931 tulis-

607 2993 747 3038 sent.
780 2981 956 3049 Quare
997 2977 1050 3035 in
1097 2978 1240 3033 illius
1284 2976 1506 3034 excrdio
1560 2975 1737 3031 statim
1784 2972 1902 3028 illos
1949 2977 2188 3024 attentos

607 3073 817 3138 reddit,
849 3072 1033 3126 dicens
1059 3086 1074 3124 :
1108 3068 1217 3124 Hoc
1243 3070 1383 3125 vobis
1413 3079 1589 3123 notum
1612 3067 1711 3132 sit,
1743 3075 1786 3120 et
1821 3064 2028 3118 auribus
2074 3078 2188 3130 per-

607 3166 759 3229 ripite
785 3165 932 3218 verba
958 3178 1086 3216 mea.
1115 3161 1214 3217 llic
1241 3171 1419 3217 autem
1454 3177 1557 3215 non
1587 3159 1748 3216 habet
1787 3158 1875 3212 tali
1929 3163 2188 3226 apparatu

608 3271 762 3326 opus.
794 3254 909 3310 Non
937 3254 1076 3309 enim
1105 3266 1297 3324 segnes
1339 3263 1492 3308 erant
1521 3269 1534 3306 :
1567 3252 1775 3322 signum
1825 3249 2024 3321 quippe
2067 3247 2190 3303 illos

608 3357 841 3403 attentos
869 3346 1065 3402 iecerat
1087 3362 1101 3411 ;
1135 3343 1273 3399 unde
1293 3351 1348 3399 et
1362 3351 1579 3413 stupore
1600 3351 1654 3397 et
1675 3349 1831 3397 metu.
1845 3339 2185 3411 plenierant.

607 3444 784 3507 Quare
810 3455 920 3495 non
945 3453 1081 3510 Opus
1108 3437 1200 3491 fuit
1233 3445 1290 3491 ut
1317 3435 1441 3492 inde
1477 3433 1755 3490 exordium
1796 3433 2051 3492 duceret;
2092 3429 2186 3486 sed

607 3530 822 3587 aliunde
845 3571 860 3596 ,
889 3546 994 3601 quo
1022 3529 1140 3585 illos
1172 3528 1337 3596 magis
1364 3528 1464 3583 sibi
1493 3526 1800 3582 conciliaret
1823 3568 1838 3592 ,
1871 3525 2094 3595 gloriam
2120 3524 2188 3579 ab

606 3640 665 3679 se
685 3622 1020 3694 depellenda.
1044 3621 1185 3676 Nihil
1212 3622 1355 3677 enim
1380 3630 1484 3675 tam
1513 3619 1728 3690 prodest
1753 3619 2002 3683 auditori,
2029 3632 2186 3688 quam

608 3717 651 3770 si
680 3723 860 3770 orator
889 3713 1018 3768 nihil
1045 3713 1220 3782 magni
1250 3712 1316 3766 de
1343 3725 1401 3766 se
1431 3711 1570 3766 dicat
1595 3751 1609 3775 ,
1645 3712 1738 3766 sed
1766 3725 1977 3766 omnem
2007 3726 2187 3781 super-

608 3807 713 3860 bia:
733 3805 1092 3875 suspicionem
1113 3805 1282 3858 tollat.
1313 3803 1549 3858 Gloriam
1578 3802 2085 3874 verodcspieientes
2109 3803 2188 3858 sic

611 3898 869 3968 majorem
898 3898 999 3952 sibi
1028 3897 1250 3966 gloriam
1285 3896 1574 3965 parabant,
1599 3895 2057 3967 ostendebantque
2082 3910 2187 3951 non

613 3992 900 4044 humanum
925 4031 938 4053 ,
973 3987 1066 4043 sed
1093 3986 1331 4041 divinum
1365 3986 1490 4040 illud
1519 4001 1638 4042 esse
1664 4001 1798 4058 opus
1817 4028 1833 4054 ,
1864 3995 1922 4042 et
1951 4002 2044 4056 par
2070 4000 2190 4041 esse

612 4090 668 4134 ut
697 4080 771 4134 illi
799 4080 959 4134 etiam
987 4093 1105 4134 eum
1133 4076 1254 4130 aliis
1279 4076 1675 4132 admirarentur
1699 4119 1712 4143 ,
1749 4093 1852 4134 non
1879 4077 1931 4132 in
1953 4076 2188 4132 admira-

613 4176 755 4228 tione
784 4172 1133 4229 haberentur.
1172 4169 1331 4225 Vides
1351 4211 1365 4233 ,
1401 4186 1556 4240 quam
1586 4171 1657 4223 ab
1684 4170 1976 4225 ambitione
2007 4187 2187 4241 purus,

611 4266 831 4330 gloriam
857 4265 956 4318 sibi
985 4263 1219 4317 oblatam
1249 4261 1522 4330 depellat?
1549 4261 1635 4316 Sic
1675 4269 1730 4316 et
1778 4270 1988 4316 veteres
2028 4260 2190 4315 iacie-

615 4357 775 4419 bant,
809 4364 865 4408 ut
893 4354 1076 4408 Daniel
1096 4353 1184 4424 qui
1216 4353 1426 4408 dicehat
1461 4370 1472 4404 :
1509 4351 1614 4422 Ego
1662 4361 1829 4405 autent
1873 4369 1974 4406 non
2017 4353 2070 4404 in
2111 4369 2194 4405 sa-

615 4449 837 4517 pientia,
878 4463 986 4515 qua:
1011 4447 1062 4498 in
1106 4462 1184 4498 me
1230 4447 1292 4498 sit
1341 4443 1518 4515 (Dan.
1566 4444 1620 4496 2.
1663 4443 1806 4515 50);
1857 4456 1911 4499 ct
1953 4443 2148 4512 Joseph
2175 4485 2190 4509 ,

623 4540 806 4594 Nonne
832 4555 918 4608 per
942 4537 1100 4592 Deum
1124 4538 1458 4606 manifestatio
1501 4553 1675 4590 coruus
1719 4536 1886 4606 (Gen.
1935 4537 2023 4593 40.
2073 4536 2196 4605 8)?

617 4646 668 4687 et
700 4629 861 4684 David
883 4672 897 4695 ,
941 4628 1224 4682 Veit‘ientem
1253 4629 1443 4682 leonem
1470 4639 1514 4681 et
1546 4646 1719 4682 ursum
1746 4631 1798 4683 in
1840 4631 2042 4684 nomine
2084 4628 2194 4683 Do-

620 4722 742 4775 mini
762 4720 990 4776 manibtts
1013 4719 1352 4788 discerpebam
1382 4720 1455 4790 (1.
1489 4719 1619 4789 Reg.
1653 4721 1739 4773 17.
1767 4721 1880 4788 54).
1901 4720 1962 4775 Hi
1985 4735 2196 4789 quoque

623 4829 761 4866 nunc
794 4829 806 4865 :
842 4810 980 4878 Quid
1008 4827 1097 4865 nos
1119 4811 1416 4875 intuemini,
1449 4811 1594 4879 quasi
1632 4810 1839 4880 propria
1889 4811 2073 4864 uirtute
2111 4821 2196 4864 aut

622 4905 804 4973 pietate
820 4905 1097 4973 fecerimus
1125 4905 1255 4956 hunc
1285 4903 1596 4964 ambulare?
1637 4903 1751 4956 Non
1807 4901 1909 4956 hoc
1955 4913 2195 4957 nostrum

622 5004 743 5061 est,
776 4995 944 5064 inquit
971 5012 985 5059 ;
1018 5011 1188 5064 neque
1215 4995 1354 5048 cnim
1390 4995 1528 5064 quod
1575 4994 1716 5065 digni
1753 5010 1996 5049 essemus
2020 5037 2033 5060 ,
2075 5010 2199 5065 gra-

623 5089 747 5142 tiam
784 5086 872 5141 Dei
901 5088 1240 5140 altraximus.
1273 5086 1356 5140 13.
1382 5085 1518 5140 Deus
1543 5085 1828 5149 Abraham,
1862 5086 1999 5140 Deus
2028 5085 2193 5153 Isaac,

622 5191 665 5232 et
701 5180 835 5233 Deus
860 5177 1038 5244 Jacob,
1066 5179 1198 5233 Deus
1223 5190 1420 5247 patrum
1445 5179 1909 5242 nostror'um.\’ide,
1936 5179 2202 5248 quomodo

621 5289 676 5328 se
699 5273 1004 5343 frequenter
1025 5272 1088 5325 ad
1115 5272 1481 5340 progenitores
1508 5280 1818 5334 convertat;
1846 5287 1910 5325 ne
1932 5272 2200 5326 videretur

621 5384 810 5420 novum
836 5364 1101 5436 quoddam
1125 5365 1312 5433 dogma
1337 5362 1584 5418 i..ducere
1609 5381 1622 5417 :
1648 5373 1700 5417 et
1724 5362 1827 5418 illic
1851 5363 2199 5431 patriarcham

626 5457 872 5511 liavidem
908 5456 1257 5519 memoravit,
1297 5466 1348 5508 et
1372 5454 1457 5508 hic
1488 5455 1844 5511 Abrahamum
1876 5465 1930 5511 et
1969 5471 2199 5525 sequen-

622 5559 720 5600 tes.
753 5547 1061 5614 Gloriﬁcavit
1097 5545 1286 5600 Filium
1312 5563 1458 5599 suum
1486 5546 1680 5601 Jesum.
1713 5548 1915 5603 Rursus
1935 5550 2206 5604 humiliter

623 5640 758 5708 sicut
790 5640 838 5691 in
871 5638 1151 5706 prouunio.
1185 5637 1383 5691 Deinde
1410 5639 1458 5690 iu
1492 5638 1699 5692 illorum
1732 5639 1962 5694 facinore
1987 5642 2201 5708 insistit,

620 5731 856 5800 illudque
885 5730 1131 5791 extollit,
1165 5745 1258 5784 nec
1290 5730 1388 5784 sub
1418 5732 1604 5784 umbra
1649 5733 1878 5801 loquitur
1930 5745 1983 5786 ut
2037 5734 2202 5800 prius.

623 5821 752 5876 Illud
780 5832 953 5876 autem
1002 5821 1163 5885 facit,
1217 5831 1272 5874 ut
1320 5822 1437 5874 illos
1491 5823 1658 5891 magis
1707 5827 1942 5878 ιεοιιιιρειι.
1996 5826 2205 5892 Quanto

625 5915 762 5968 enim
789 5916 954 5984 magis
985 5915 1155 5972 scelus
1187 5915 1486 5969 dcrlarubnt
1519 5957 1530 5980 ,
1565 5925 1710 5968 tuum
1742 5919 2054 5973 attention-cs
2089 5922 2199 5974 red.-

2301 2317 2480 2375 debat.
2508 2317 2822 2388 Gloriﬁcavit
2841 2360 2854 2383 ,
2889 2318 3092 2389 inquit,
3129 2317 3319 2373 Filium
3347 2335 3492 2374 suum
3517 2317 3719 2386 Iesum,
3742 2334 3894 2388 quem

2299 2427 2386 2467 uos
2413 2412 2714 2476 tradidistis,
2746 2421 2792 2466 et
2817 2412 3042 2482 negastis
3066 2422 3184 2466 ante
3202 2412 3384 2482 faciem
3413 2411 3571 2466 Pilati
3590 2454 3605 2480 ,
3619 2413 3894 2484 judicantc

2295 2504 2388 2559 illo
2408 2503 2619 2559 dimitti.
2654 2502 2770 2559 Duo
2801 2513 2928 2559 sunt
2956 2504 3178 2560 erimina
3200 2545 3217 2571 ,
3243 2514 3299 2560 et
3323 2505 3466 2574 quod
3493 2504 3700 2561 Pilatus
3727 2505 3898 2561 vellet

2296 2597 2600 2666 dimittere,
2648 2605 2700 2653 et
2748 2597 2889 2668 quod
2930 2597 3022 2651 illo
3072 2597 3287 2654 volente
3331 2613 3427 2654 vos
3461 2597 3759 2653 nolueritis.
3797 2599 3892 2654 14.

2305 2689 2407 2746 Vos
2427 2700 2592 2745 autem
2618 2701 2850 2745 sanctum
2879 2701 2926 2744 et
2943 2691 3142 2761 justum
3168 2690 3387 2761 negastis
3408 2731 3423 2756 ,
3471 2701 3518 2744 et
3561 2691 3772 2760 petiistis
3819 2692 3890 2744 ri-

2296 2801 2408 2838 rum
2431 2785 2734 2840 homicidam
2755 2784 2937 2840 donari
2957 2784 3134 2839 vobis:
3166 2785 3252 2840 15.
3294 2793 3554 2839 auctorem
3604 2800 3722 2838 vero
3772 2786 3894 2838 vita:

2294 2879 2630 2948 interfecistis,
2658 2895 2806 2946 quem
2829 2876 2970 2932 Deus
2987 2877 3243 2932 suscitarit
3269 2895 3301 2930 a
3327 2879 3536 2932 mortuis
3560 2919 3574 2942 ,
3615 2879 3763 2947 cujus
3793 2895 3894 2932 nos

2296 2981 2440 3026 testes
2468 2987 2661 3025 sumus.
2689 2972 2767 3024 Ac
2793 2969 2838 3025 si
2862 2969 3085 3032 diceret,
3115 2970 3218 3024 Pro
3245 2970 3333 3024 illo
3355 2970 3613 3026 latronem
3637 2971 3894 3041 petiiStis.

2295 3063 2427 3118 Rem
2457 3061 2743 3118 admodum
2767 3077 2984 3132 gravem
3012 3061 3267 3119 declarat.
3291 3061 3424 3138 Quia
3453 3062 3571 3118 illos
3597 3063 3696 3118 sub
3725 3079 3894 3119 manu

2296 3155 2515 3210 tenebat
2539 3197 2553 3222 ,
2583 3154 2929 3210 vehementer
2952 3155 3297 3225 prantringit.
3319 3143 3586 3211 Auctorem
3609 3173 3721 3211 vero
3749 3158 3891 3223 vita;

2298 3247 2488 3317 inquit.
2517 3247 2610 3303 llic
2639 3249 3050 3302 resurrectionis
3083 3247 3240 3303 fidem
3271 3258 3511 3319 apparat.
3546 3250 3708 3317 Quem
3747 3250 3897 3306 Deus

2294 3341 2553 3396 suscitavit
2577 3358 2608 3394 a
2633 3342 2862 3395 mortuis.
2897 3340 2973 3396 Ne
3003 3341 3124 3412 quis
3166 3341 3405 3409 diceret,
3452 3342 3735 3399 Uudenam
3783 3345 3896 3401 hoc

2295 3432 2503 3502 liquet?
2530 3448 2634 3487 non
2663 3434 2771 3501 jam
2798 3433 2865 3487 ad
2902 3435 3188 3503 prophetas
3213 3432 3487 3506 confugit,
3521 3436 3614 3490 sed
3639 3436 3704 3489 ad
3737 3437 3894 3506 Sl‘ip-

2293 3537 2441 3590 sum,
2475 3523 2598 3593 quia
2625 3522 2736 3591 jam
2767 3522 2871 3578 ﬁde
2900 3524 3090 3594 dignus
3140 3524 3453 3581 habebatur.
3498 3525 3650 3582 Tunc
3699 3528 3849 3583 enim
3878 3572 3895 3594 ,

2293 3631 2414 3669 cum
2442 3613 2662 3670 dixisset
2694 3614 2840 3669 illum
2870 3616 3231 3670 rcsurrexisse
3254 3658 3268 3680 ,
3305 3616 3554 3672 Davidem
3586 3626 3786 3673 testem
3807 3619 3899 3674 in-

2293 3705 2480 3770 duxit;
2520 3720 2660 3760 nunc
2690 3720 2821 3762 vero
2851 3705 2952 3761 hoc
2984 3708 3155 3776 ipsum
3181 3706 3386 3772 dicens,
3415 3707 3642 3764 chorum
3665 3721 3892 3781 aposto-

2295 3799 2476 3853 licum.
2519 3799 2678 3868 Cujus
2725 3816 2815 3853 nos
2860 3809 3006 3855 testes
3034 3817 3206 3854 sumus
3226 3841 3244 3869 ,
3275 3801 3463 3871 inquit.
3493 3804 3579 3858 16.
3619 3803 3679 3858 Et
3707 3805 3756 3858 in
3784 3807 3904 3874 ﬁde

2296 3892 2514 3944 nominis
2543 3893 2654 3960 ejus
2674 3934 2686 3953 ,
2721 3891 2855 3944 hunc
2875 3933 2888 3956 ,
2920 3908 3066 3961 quem
3092 3908 3178 3946 vos
3207 3894 3383 3948 ridetis
3405 3904 3450 3948 et
3472 3895 3627 3950 nostis
3646 3937 3660 3960 ,
3697 3899 3904 3966 confir-

2295 3985 2449 4037 mavit
2475 3999 2655 4037 nomen
2684 3984 2835 4054 ejus;
2858 3992 2904 4037 et
2926 3985 3072 4054 ﬁdes,
3101 4001 3214 4056 qua:
3235 4003 3324 4055 per
3346 4003 3463 4041 eum
3508 3997 3579 4044 est
3602 4030 3615 4053 ,
3657 3991 3799 4045 dedit
3853 3996 3903 4048 ei

2294 4077 2538 4146 integram
2566 4075 2830 4129 sanitatem
2858 4076 3004 4128 istaut
3033 4077 3084 4130 in
3107 4088 3375 4148 conspectu
3393 4083 3618 4135 omnium
3640 4094 3900 4140 vestrum.

2293 4167 2552 4233 Qumrens
2580 4181 2793 4221 causam
2826 4167 3033 4230 dicere,
3066 4169 3244 4222 statim
3273 4171 3482 4240 signum
3529 4174 3714 4241 adjicit
3739 4218 3754 4240 ,
3803 4179 3903 4233 rli-

2297 4272 2469 4312 ccns:
2502 4256 2567 4310 In
2598 4271 2867 4327 conspectu
2895 4260 3119 4312 omnium
3141 4272 3383 4315 vestrum.
3413 4264 3546 4331 Quia
3577 4267 3734 4338 valde
3766 4270 3902 4326 illos

2302 4349 2717 4418 perstrinxerat,
2750 4361 2803 4402 et
2832 4351 3142 4405 ostendi-rat
3167 4355 3480 4410 erucilisnm
3505 4362 3900 4431 resurrexissc,

2300 4455 2482 4494 rursus
2507 4454 2810 4494 sermonem
2844 4443 3082 4511 mitigat,
3115 4443 3250 4498 dans
3274 4445 3377 4500 illis
3426 4449 3752 4516 paruilcntiie
3808 4455 3904 4510 fa-

2298 4535 2548 4588 Culiatcm
2577 4576 2589 4597 ,
2621 4534 2826 4588 dicens.
2863 4535 2947 4588 17.
2989 4534 3050 4587 Et
3082 4553 3250 4602 nunc,
3279 4542 3462 4607 fratres
3482 4582 3496 4603 ,
3521 4547 3624 4595 scio
3653 4545 3773 4614 quia
3803 4566 3908 4614 per

2298 4627 2638 4698 ignorantia»:
2665 4629 2852 4698 fecis:is
2874 4670 2887 4691 ,
2930 4630 3057 4681 sicut
3084 4643 3128 4683 et
3153 4633 3405 4702 principes
3428 4637 3596 4689 vestri.
3626 4637 3725 4692 Per
3747 4641 3905 4710 igua-

2300 4721 2520 4772 rantium
2545 4721 2753 4790 fecistis.
2787 4720 2910 4774 llaec
2940 4737 3040 4773 una
3072 4726 3344 4777 eKCllSullU
3375 4740 3455 4778 est
3481 4743 3494 4788 ;
3525 4729 3714 4795 altum,
3747 4735 3907 4789 Sina

2301 4825 2347 4867 et
2382 4815 2630 4883 principes
2676 4815 2844 4868 vestri.
2893 4814 3351 4878 Quemadmodum
3392 4818 3592 4889 Ioseph
3636 4820 3910 4883 fratribus

2301 4905 2510 4957 (ἱίπριιιιι
2539 4922 2550 4958 :
2584 4903 2722 4958 Deus
2755 4910 2831 4957 me
2857 4906 2987 4959 misit
3020 4916 3134 4959 (tute
3160 4925 3242 4960 vos
3278 4907 3444 4978 (Gen.
3487 4913 3575 4967 45.
3629 4916 3735 4981 5);
3787 4919 3913 4974 imo

2302 4997 2440 5062 quml
2471 4997 2692 5065 t'ttt‘plim
2728 4996 2835 5051 illic
2862 4985 3110 5062 dixerat:
3136 4997 3360 5066 Deﬁnito
3396 5005 3650 5070 consilio,
3682 5018 3731 5059 et
3763 5026 3913 5077 pra:-

2301 5089 2508 5139 δείωιιὶιῖ
2534 5087 2628 5141 Dei
2653 5089 2895 5140 traditum
2923 5091 3222 5159 accipientes
3254 5095 3393 5158 (Act.
3427 5095 3476 5146 2.
3509 5094 3624 5166 23),
3658 5097 3911 5168 idipsum

2303 5178 2390 5231 hic
2420 5194 2470 5232 e.‘
2529 5179 2676 5232 indit.
2714 5181 2801 5233 18.
2835 5178 2970 5234 Deus
2993 5189 3160 5233 autent
3184 5199 3295 5251 quw
3322 5187 3679 5253 pramttntiavit
3718 5206 3813 5256 per
3850 5210 3915 5248 os

2303 5273 2527 5324 omnium
2551 5274 2912 5342 prophetarum
2945 5275 3047 5341 pati
3070 5274 3328 5329 Christum
3349 5293 3518 5343 suum,
3551 5279 3622 5332 sic
3643 5281 3912 5350 implerit.

2306 5365 2475 5419 Simul
2506 5365 2740 5419 ostendit
2767 5380 2871 5420 non
2902 5367 3113 5422 illorum
3142 5383 3263 5423 esse
3283 5409 3296 5431 ,
3327 5369 3372 5422 si
3407 5370 3505 5425 hoc
3555 5369 3918 5430 demonstra-

2307 5470 2416 5511 tum
2440 5458 2548 5519 sit;
2593 5458 2685 5512 sed
2716 5473 2810 5528 per
2839 5459 3166 5514 \‘ultmlalcnt
3200 5461 3290 5515 Dei
3337 5460 3530 5522 factum
3562 5478 3704 5519 esse.
3761 5467 3921 5525 (tum

2307 5565 2434 5606 vero
2455 5550 2618 5615 dicit,
2659 5550 2782 5615 Qua:
2826 5555 3204 5620 prwnuntiarit,
3246 5555 3422 5622 t‘cl'lm,
3456 5558 3608 5625 queis
3629 5561 3921 5629 ‘crueilixu

2309 5649 2724 5717 εχντυὺτςιιιδηι,
2759 5649 3058 5702 suhindicat
3092 5668 3102 5700 :
3135 5650 3187 5703 Si
3219 5651 3328 5705 vult
3351 5653 3682 5716 cum,salvet
3724 5655 3922 5726 illum,

2309 5741 2582 5795 dicentes:
2617 5743 2753 5793 t'ixil
2782 5744 2943 5807 enim,
2981 5743 3146 5796 Filius
3177 5743 3267 5798 Dei
3297 5760 3413 5797 sum
3445 5762 3457 5797 :
3487 5746 3703 5800 conlidit
3748 5749 3802 5802 in
3853 5753 3921 5806 ii.

2312 5833 2455 5898 lum;
2489 5834 2580 5886 des
2658 5833 2777 5886 odat
2810 5849 2948 5888 llUIiC
2987 5834 3052 5887 de
3095 5850 3253 5890 crure
3286 5839 3302 5908 (
3332 5837 3517 5892 .llattlt.
3547 5838 3638 5894 ‘27.
3671 5842 3740 5895 40
3787 5860 3922 5914 sqq.

2314 5923 2432 5977 Luc.
2465 5925 2551 5979 ‘25.
2583 5925 2647 5979 55
2676 5931 2710 5994 ).
2751 5927 2828 5978 λιι
2867 5944 3015 5994 ungu-
3043 5937 3164 5980 sum
3200 5929 3345 5990 iure,
3395 5946 3424 5984 ο
3471 5931 3657 5985 stulti?
3713 5937 3771 5984 λι
3797 5938 3925 6003 sit;
