4014 6486
140 396 182 448 77
1027 384 1087 439 lN
1127 382 1304 439 ACTA
1347 377 1874 435 APOSTOLORUM.
1919 377 2150 432 llOMll..
2203 377 2293 431 IX.
3349 371 3418 426 ⁸78

139 508 202 560 scd
237 506 299 558 sic
339 502 622 570 oportebat
678 501 854 558 ﬁeri:
889 507 946 555 et
998 497 1343 560 testificantur
1391 492 1688 564 prophetzr.

137 600 273 666 itaque
296 611 392 650 non
420 595 490 650 ob
533 593 926 648 infirmitatem
978 607 1080 645 non
1125 587 1442 652 descendit,
1490 584 1584 640 sed
1629 585 1698 639 ob

136 689 522 743 sintntirtutcm.
561 687 633 741 Et
665 686 782 740 hoc
807 685 955 755 ponit
983 684 1032 737 in
1063 682 1463 737 excusationem
1486 677 1700 733 inda-.0-

136 798 243 845 rutn,
267 789 317 835 ut
343 781 499 834 etiam
533 779 846 846 accipiant.
878 775 967 830 Sic
991 774 1234 845 implevit,
1270 773 1459 842 inquit.
1488 769 1696 832 Viden‘,

133 872 352 940 quomodo
380 880 553 925 totum
583 870 727 924 illuc
761 867 998 924 referat?
1029 866 1120 922 9i.
1153 863 1478 920 Ptenitemini
1499 863 1656 931 igitur
1680 901 1696 926 ,

134 964 296 1034 inquit,
322 971 364 1016 et
392 961 787 1015 conurtimini.
815 959 925 1015 Nec
950 959 1114 1025 dicit,
1148 957 1192 1012 Α
1222 957 1452 1027 peccatis
1476 953 1698 1020 vestris;

133 1058 231 1119 sxd,
256 1055 314 1111 Ut
333 1055 605 1110 deleantur
636 1064 857 1123 peccata
887 1063 1073 1118 vestra,
1109 1051 1338 1121 idipsum
1367 1049 1696 1119 signiﬁcans.

133 1147 292 1202 Deinde
314 1147 518 1202 lucrum
545 1146 789 1215 apponit
823 1164 834 1197 :
871 1143 938 1200 (7t
963 1161 1078 1198 cum
1109 1144 1330 1197 venerint
1356 1153 1580 1210 tempora
1616 1157 1699 1194 re-

129 1241 284 1309 frigerii
304 1257 332 1291 α
353 1248 632 1308 conspectu
668 1237 907 1292 Domini.
939 1235 1035 1290 Hic
1065 1234 1280 1288 exhibet
1304 1233 1423 1287 illos
1449 1233 1499 1286 in
1533 1231 1698 1286 mise-

129 1335 232 1384 riam
272 1331 554 1400 delapsos.
614 1331 918 1398 multisque
980 1327 1201 1383 allectos
1257 1324 1695 1380 calamitatibus:

128 1425 312 1492 ideoque
336 1422 412 1477 sic
436 1422 693 1491 loquitur
721 1463 738 1488 ,
769 1433 969 1489 gnarus
999 1420 1114 1474 haec
1163 1417 1324 1472 verba
1373 1417 1594 1486 patienti
1647 1425 1701 1470 ct

127 1515 504 1569 consolationem
538 1512 822 1581 qumrenti
853 1525 1171 1582 congruere.

175 1605 218 1658 2.
247 1606 306 1660 Et
335 1604 450 1660 vide
491 1603 787 1676 quomodo
836 1601 1109 1673 procedat.
1147 1601 1201 1656 In
1235 1601 1404 1672 prima
1430 1599 1694 1656 concione

123 1697 282 1750 sensim
310 1696 786 1751 resurrectionem
816 1704 872 1750 et
900 1695 1195 1749 sessionem
1222 1695 1275 1748 in
1300 1694 1434 1747 ca'lo
1459 1693 1700 1747 subindi-

121 1789 254 1853 cavit;
291 1789 371 1844 hic
401 1803 535 1844 vero
566 1787 729 1842 clare
756 1787 1045 1843 adventum
1074 1785 1249 1841 efl‘ert.
1290 1785 1380 1840 20.
1417 1784 1480 1837 Et
1512 1784 1699 1839 miserit

123 1899 221 1945 mut,
241 1883 319 1948 qui
344 1893 460 1934 ante
488 1881 814 1950 praedicatus
835 1888 926 1942 est,
949 1877 1123 1932 Iesum
1140 1878 1420 1941 Christum,
1439 1877 1500 1931 2|
1516 1917 1527 1928 .
1553 1894 1699 1946 quem

122 1985 277 2040 sporta
300 1975 499 2046 quidem
526 1974 729 2027 calum
757 1974 1048 2044 suscipere;
1081 1972 1130 2026 id
1159 1982 1270 2038 est,
1305 1988 1527 2028 necesse
1565 1983 1647 2027 est
1682 1990 1694 2024 :

122 2087 245 2138 rupe
277 2072 342 2123 ad
386 2082 626 2140 tempora
677 2069 1012 2122 restitutionis
1053 2071 1299 2121 omnium.
1345 2066 1524 2133 Quare
1557 2080 1698 2120 nunc

122 2178 200 2216 non
237 2163 426 2230 veniat,
472 2177 647 2217 causa
701 2161 978 2215 manifesta
1025 2167 1125 2213 est.
1181 2159 1308 2226 Qua:
1349 2161 1585 2230 loquutus
1625 2170 1700 2211 est

121 2253 227 2310 Dm
250 2273 332 2325 per
360 2274 417 2310 os
450 2267 761 2311 sanctorum
792 2270 998 2306 suorum
1029 2270 1059 2304 a
1089 2253 1275 2306 strculo
1309 2253 1694 2322 prapltctnrum.

118 2346 183 2400 ³2⁵2.
207 2345 390 2418 Moyses
414 2348 632 2417 quidem
669 2346 900 2415 patribus
931 2344 1058 2398 dixit
1087 2362 1105 2398 .'
1138 2344 1448 2414 PrOp/tetatn
1474 2346 1694 2397 sust‘itu-

119 2440 167 2490 bit
192 2440 311 2492 vobis
344 2438 605 2492 Dominus
637 2436 782 2491 Deus
811 2447 966 2490 uester
993 2441 1054 2489 de
1080 2436 1328 2506 fratribus
1360 2437 1533 2489 vestris
1565 2447 1698 2488 tant-

117 2549 235 2596 quam
257 2551 330 2587 nte
357 2553 374 2587 :
405 2534 580 2604 ipsum
618 2533 840 2586 audietis
871 2531 1027 2601 juxta
1061 2531 1231 2583 omnia
1261 2547 1586 2599 qutccumque
1624 2531 1700 2582 lo-

118 2636 264 2690 quutus
290 2628 441 2696 fuerit
471 2628 621 2680 vobis
652 2624 831 2697 (Deut.
865 2623 950 2677 18.
984 2623 1094 2692 15).
1128 2623 1239 2678 Illic
1286 2623 1540 2677 Dat-idem
1562 2665 1577 2688 ,
1613 2625 1700 2677 hic

120 2716 311 2786 Moysen)
333 2719 686 2772 memoravit.
718 2717 980 2783 Omnium,
1014 2716 1204 2786 inquit,
1229 2732 1342 2787 qua:
1367 2717 1604 2786 loquutus
1626 2725 1699 2769 est

121 2809 244 2864 Dm.
266 2811 371 2868 Non
395 2812 552 2876 dicit,
579 2814 718 2877 Qua:
746 2812 994 2880 loquutus
1015 2820 1098 2864 est
1125 2808 1404 2874 Christus;
1429 2809 1545 2872 sed,
1572 2809 1700 2874 Qua!

119 2903 314 2967 loquutus
355 2917 430 2957 est
475 2903 660 2968 Deus;
693 2903 771 2957 sic
815 2901 915 2955 sub
953 2901 1136 2955 umbra
1177 2901 1434 2969 paulatim
1475 2900 1600 2955 illos
1630 2901 1695 2955 ad

123 2996 244 3049 autem
268 2997 563 3051 adducens.
599 2995 797 3051 Postea
825 2993 892 3048 ad
922 3007 1034 3048 rem
1066 2992 1170 3048 fide
1196 2992 1412 3063 dignam
1435 2993 1694 3063 confugit,

120 3090 265 3143 diu-ns
292 3107 304 3141 ε
337 3090 662 3161 Propltetam
693 3089 954 3145 suscitabit
993 3089 1130 3143 vobis
1176 3088 1429 3142 Dominus
1470 3087 1609 3143 Deus
1635 3106 1700 3144 ea:

123 3185 318 3244 patribus
341 3188 518 3240 vestris
544 3198 810 3256 tamquam
838 3202 915 3238 me
935 3201 954 3238 :
975 3185 1143 3254 ipsum
1170 3185 1387 3238 audietis
1407 3186 1564 3255 juxta
1589 3200 1696 3236 om-

125 3275 202 3325 hia.
237 3275 429 3333 Deinde
471 3277 610 3333 ultio
653 3291 844 3348 magna
887 3277 1151 3347 sequitur.
1197 3275 1288 3331 23.
1333 3275 1446 3329 Erit
1485 3286 1692 3341 autem,

126 3365 275 3432 inquit,
300 3369 461 3422 omnis
484 3369 668 3423 anima
694 3384 807 3437 qua:
827 3385 928 3423 non
949 3367 1170 3423 audierit
1198 3367 1498 3439 prapltctqm
1525 3367 1692 3431 illum,

125 3461 493 3513 exterminabitur
522 3463 590 3514 de
623 3461 902 3530 plebepﬁl.
939 3459 1005 3514 Et
1028 3476 1200 3514 omnes
1233 3461 1494 3530 praplietw
1523 3476 1554 3512 a
1589 3459 1694 3514 Sa-

127 3551 227 3603 ututi
252 3560 292 3604 α
319 3552 564 3622 deinceps
581 3594 596 3619 ,
619 3553 706 3620 qui
736 3552 932 3622 loquuti
955 3559 1072 3605 sunt
1090 3593 1106 3618 ,
1134 3551 1561 3605 annuntiuverunt
1588 3552 1694 3604 dies

127 3652 234 3692 istos.
261 3642 350 3698 Hic
372 3656 520 3699 recte
555 3645 777 3698 exitium
802 3643 996 3715 posuit.
1024 3643 1249 3710 Quando
1270 3643 1412 3697 enim
1441 3659 1692 3713 magnum

127 3734 350 3803 quidpiam
380 3737 553 3804 dicit,
587 3736 652 3790 ad
694 3738 900 3806 priores
926 3733 1204 3806 confugit,
1237 3746 1292 3792 et
1324 3738 1691 3792 testimonium

129 3827 285 3893 reperit
327 3839 563 3900 utraque
602 3829 1012 3900 complectens;
1055 3838 1113 3883 ut
1154 3829 1264 3884 illic
1303 3829 1438 3883 dixit
1471 3847 1486 3883 :
1519 3829 1693 3883 Donec

130 3927 248 3978 ponat
268 3918 491 3974 inimicos
518 3919 617 3974 sub
647 3919 798 3990 pedes
830 3930 943 3972 tuos
975 3919 1148 3985 (Psal.
1181 3919 1303 3975 109.
1328 3919 1403 3987 2).
1432 3919 1692 3989 Quodque

129 4011 282 4066 mirum
307 4025 406 4080 est,
436 4016 562 4071 tunc
586 4014 694 4069 duo
720 4014 904 4082 simul,
935 4014 1216 4084 subjectio,
1250 4015 1617 4084 prazvaricatio
1637 4023 1692 4069 et

130 4116 269 4165 ima.
298 4105 580 4176 Tamquam
606 4122 703 4171 me,
729 4107 922 4176 inquit.
948 4105 1084 4173 Quid
1111 4121 1242 4177 ergo
1271 4107 1575 4160 miramini?
1596 4105 1702 4162 25..

140 4191 213 4246 Vos
245 4197 350 4250 estis
388 4199 486 4265 ﬁlii
537 4198 928 4266 praphetarum.
973 4196 1155 4268 Itaque
1201 4198 1353 4252 vobis
1398 4197 1642 4252 dicebam
1672 4239 1687 4263 ,

132 4299 309 4357 promer
332 4307 424 4347 vos
447 4291 634 4347 omnia
659 4289 796 4344 facta
825 4305 965 4346 esse.
994 4291 1126 4359 Quia
1152 4292 1295 4347 enim
1325 4301 1545 4362 propter
1574 4307 1692 4347 scc-

134 4381 193 4431 Ius
216 4383 445 4450 putabant
477 4398 544 4438 se
569 4383 901 4439 abalienatos
929 4398 1048 4437 esse
1077 4384 1306 4440 :elenim
1334 4385 1523 4439 rationi
1554 4399 1688 4439 con-

132 4483 396 4530 urntaneum
427 4492 542 4531 non
565 4484 650 4530 est
674 4475 924 4530 eumdem
952 4476 1112 4532 modo
1132 4477 1389 4548 cruciligi,
1415 4493 1538 4532 mox
1561 4492 1690 4533 suos

132 4581 316 4631 rorare;
343 4579 392 4622 et
416 4569 524 4624 hoc
553 4577 607 4622 et
637 4567 766 4622 illud
794 4567 990 4622 factum
1022 4583 1117 4637 per
1146 4568 1478 4638 prophetiam
1506 4580 1689 4626 osten-

133 4655 205 4705 dit.
240 4655 327 4713 Vos
350 4660 466 4713 estis
487 4702 503 4725 ,
532 4659 704 4729 inquit
725 4701 739 4723 ,
774 4661 870 4727 ﬁlii
898 4661 1262 4730 prophetarum
1292 4671 1338 4715 et
1369 4664 1687 4730 testamenti,

134 4748 236 4808 quod
258 4750 494 4820 disposuit
527 4749 665 4805 Deus
691 4753 759 4803 ad
795 4761 960 4820 patres
989 4763 1199 4818 vestros,
1234 4754 1402 4808 dicens
1432 4755 1500 4807 ad
1529 4756 1690 4808 Abra-

139 4835 259 4891 lmut:
288 4839 343 4893 Et
369 4841 420 4896 in
441 4843 639 4896 semine
668 4851 753 4896 tuo
775 4843 1132 4897 benedicentur
1159 4862 1329 4899 onmes
1352 4846 1564 4914 familia:
1591 4858 1690 4902 ter-

137 4932 357 4990 HHCeu.
392 4935 482 4990 ιε.
523 4936 615 5006 ὃ).
659 4934 750 4991 26.
807 4934 954 4992 Vobis
999 4939 1252 5008 primum,
1297 4940 1507 5010 inquit,
1552 4942 1692 4998 Deus

136 5035 340 5082 mutnus
364 5028 566 5084 Filium
591 5046 760 5095 suum,
792 5031 945 5084 misit.
980 5030 1171 5102 Utique
1199 5041 1253 5087 et
1279 5033 1401 5087 aliis
1425 5050 1440 5099 ;
1471 5034 1567 5089 sed
1593 5049 1689 5090 vo-

138 5113 199 5168 bis
222 5119 430 5188 primum
453 5163 467 5186 ,
498 5121 589 5192 qui
621 5122 981 5178 crucifixistis.
1027 5123 1410 5180 Benediccntem
1441 5129 1613 5194 vobis;
1639 5138 1693 5181 ut

138 5226 344 5270 concertat
361 5235 416 5273 se
436 5217 777 5287 unusquisque
805 5235 836 5271 a
863 5220 1084 5289 nequitia
1107 5237 1221 5274 sua.
1246 5221 1375 5288 Qua:
1406 5223 1539 5277 lecta
1567 5232 1693 5278 sum

141 5311 391 5367 accuratius
437 5321 765 5382 repetamus.
811 5313 1053 5369 Suadere
1096 5325 1355 5380 conatur,
1399 5332 1505 5371 non
1549 5318 1692 5386 ipsos

143 5399 411 5459 miraculum
454 5404 684 5470 fecisse.
717 5421 840 5461 cum
866 5407 1030 5467 dicit,
1073 5407 1208 5475 Quid
1253 5409 1545 5462 miramini?
1585 5410 1693 5466 Nec

143 5493 353 5555 permittit
383 5505 440 5551 ut
467 5498 615 5552 dicto
643 5496 777 5552 fides
809 5515 912 5552 non
953 5497 1234 5554 habeatur.
1278 5503 1451 5570 Atque
1479 5511 1530 5556 ut
1564 5502 1690 5558 illud

145 5581 221 5638 ωε
251 5585 449 5659 dignius
491 5590 775 5656 redderet,
819 5591 1031 5647 illorum
1075 5593 1336 5663 judicium
1383 5597 1689 5664 prmvertit,

144 5670 287 5730 dicens
313 5696 327 5732 :
359 5679 498 5748 Quid
526 5698 617 5736 nos
647 5683 946 5750 intuemini,
977 5684 1122 5749 quasi
1161 5685 1370 5754 propria
1403 5687 1584 5740 virtute
1617 5690 1694 5742 vel

148 5762 289 5828 pietate
305 5773 602 5840 fecerimus!
623 5773 678 5830 Si
711 5773 816 5828 hoc
843 5789 938 5828 vos
970 5782 1136 5828 terret
1162 5784 1217 5830 et
1243 5776 1445 5840 turbat,
1477 5778 1689 5839 discite.

145 5857 234 5915 ‘l'iis
265 5858 474 5935 fecerit,
503 5877 555 5924 et
595 5883 673 5924 ne.
695 5867 1079 5937 obstupescite.
1111 5865 1176 5922 Et
1206 5868 1306 5924 hoc
1339 5869 1534 5941 ubique
1565 5886 1688 5941 pcr~

1812 490 1988 561 pende
2016 490 2141 545 :ubi
2172 489 2236 544 ad
2267 489 2434 544 Deum
2465 487 2724 558 confugit,
2753 486 2994 557 dixitque
3017 487 3190 555 ipsum
3223 486 3354 542 focis
3388 504 3417 543 e

1811 569 1990 637 omnia
2011 600 2024 647 ;
2049 592 2176 638 tunc
2201 583 2322 637 illos
2347 583 2465 638 sine
2493 590 2637 638 metu
2666 582 2998 652 perstringit.
3025 581 3148 635 Ideo
3170 585 3418 650 superius

1810 677 2041 733 diccbat.
2076 677 2253 731 Virum
2283 679 2619 746 approbatum
2647 695 2679 730 a
2710 677 2817 731 Deo
2847 676 2898 729 in
2936 675 3095 730 vobis.
3129 676 3191 729 Et
3222 675 3420 745 ubique

1811 773 1916 827 illis
1948 773 2048 827 hoc
2079 773 2287 827 facinus
2325 781 2752 836 commemorat,
2784 780 2841 825 ut
2879 769 3197 824 miraculmn
3229 777 3364 820 oste:
3385 790 3414 800 -

1809 862 1986 930 datur,
2021 844 2074 917 et
2102 865 2428 919 resurrectio
2462 865 2722 917 firmetur.
2756 862 2854 917 Hic
2881 871 3060 915 autem
3089 859 3233 913 aliud
3263 858 3422 912 add?-

1810 953 1886 1009 dit
1919 973 1933 1010 :
1963 971 2067 1011 non
2091 957 2235 1012 enim
2263 957 2373 1026 jam
2404 957 2553 1010 illum
2582 955 2916 1010 Nazarenam
2945 954 3094 1020 dicit,
3125 953 3219 1007 sed
3246 951 3417 1022 quid?

1810 1047 1988 1111 Deus,
2037 1050 2242 1118 inqttit,
2291 1060 2492 1118 patrum
2540 1060 2830 1103 nostrorum
2874 1048 3180 1120 glori/ienuit
3223 1047 3418 1102 Filium

1748 1154 1756 1160 '
1809 1156 1957 1192 suum
1985 1140 2020 1194 J
2026 1159 2186 1196 esum.

1884 1232 1997 1299 Quo
2023 1235 2122 1286 ritu
2152 1233 2335 1288 Petrus
2356 1235 2701 1288 concionetur.
2728 1263 2794 1272 -—-
2832 1234 2981 1296 Vide,
3013 1249 3171 1303 quam
3200 1234 3414 1288 ahenus

1809 1328 1878 1383 sit
1906 1345 1935 1383 a
1968 1330 2122 1382 fastu.
2155 1327 2271 1382 Non
2300 1329 2592 1395 accusavit,
2629 1345 2802 1399 neque
2827 1346 2946 1382 mox
2977 1329 3112 1383 dixit
3180 1330 3244 1384 Et
3277 1347 3417 1383 nunc

1808 1420 2012 1474 credite
2049 1441 2059 1475 :
2093 1435 2219 1474 cccc
2263 1421 2464 1487 homo,
2515 1436 2637 1475 cum
2696 1437 2794 1490 per
2839 1421 3190 1492 quadraginta
3244 1437 3418 1474 annos

1807 1512 2029 1568 claudus
2060 1512 2270 1578 fuisset,
2306 1514 2356 1567 in
2386 1512 2604 1567 nomine
2630 1513 2756 1567 Jcsu
2788 1513 2987 1566 Citriin
3011 1515 3268 1567 surrexit.
3299 1512 3415 1566 Non

1807 1605 1877 1659 ita
1908 1604 2081 1669 dixit;
2117 1621 2237 1659 nam
2281 1606 2736 1660 contentiosiores
2775 1605 2897 1660 illos
2934 1604 3287 1670 reddidissvt;
3320 1605 3417 1659 sed

1809 1697 2020 1751 interim
2051 1697 2231 1752 laudat
2257 1698 2414 1764 illos,
2447 1698 2586 1768 quod
2621 1714 2734 1752 rem
2763 1697 3183 1752 admirarentur.
3218 1696 3285 1751 Et
3312 1699 3414 1750 ite-

1810 1806 1926 1843 rum
1955 1806 1982 1843 a
2014 1790 2354 1860 progenitore
2381 1799 2555 1845 vocat.
2600 1790 2708 1846 Nec
2739 1789 2871 1845 dicit
2905 1809 2916 1844 :
2951 1789 3107 1845 Jcsus
3139 1791 3288 1844 illum
3317 1805 3416 1845 cu-

1808 1883 1964 1945 ravit,
1992 1883 2116 1937 licet
2145 1884 2315 1952 ipsum
2345 1898 2469 1939 vere
2495 1893 2768 1949 curasset;
2798 1885 2892 1939 sed
2922 1899 2990 1939 ne
3016 1884 3279 1948 dicerent,
3313 1884 3417 1938 Ec-

1807 1989 1910 2043 qua
1946 1973 2059 2029 hatc
2095 1977 2300 2031 ratione
2341 1977 2601 2042 nituntur,
2636 1977 2680 2031 si
2710 1977 3182 2046 praevaricatorem
3209 1976 3416 2046 glorifi-

1807 2067 1926 2120 cat?
1980 2067 2101 2122 ideo
2145 2068 2196 2122 in
2255 2078 2491 2124 mentem
2541 2069 2649 2124 illis
2699 2079 2918 2125 revocat
2965 2069 3226 2138 j:.diciutu
3278 2070 3417 2139 apud

1809 2161 2039 2216 Pilatum
2076 2180 2088 2214 :
2124 2163 2439 2230 ostendens,
2481 2162 2525 2216 si
2567 2163 2850 2218 attendere
2896 2164 3101 2225 velint,
3145 2180 3248 2218 non
3293 2179 3419 2219 esse

1809 2252 1956 2306 illum
1993 2255 2462 2322 praevaricatorem
2496 2274 2506 2308 :
2545 2269 2720 2324 neque
2749 2256 2892 2311 enim
2925 2255 3128 2310 Pilatus
3158 2255 3421 2311 voluisset

1807 2358 1927 2398 eum
1956 2344 2248 2399 dimittere.
2285 2345 2393 2400 Nec
2417 2347 2567 2411 dicit,
2593 2347 2852 2414 Valente;
2886 2347 3003 2414 sed,
3029 2347 3306 2403 Judicante
3330 2349 3420 2402 illo

1806 2439 2026 2502 dimitti;
2066 2439 2350 2493 declarans
2376 2455 2472 2494 vos
2507 2455 2629 2495 eum
2653 2481 2668 2505 ,
2701 2442 2790 2510 qui
2831 2440 2968 2495 alios
3000 2440 3302 2505 occidebat,
3333 2440 3415 2494 di-

1807 2534 1943 2588 mitti
1972 2534 2222 2604 petiisse;
2253 2549 2375 2588 cum
2400 2547 2530 2588 vero
2555 2575 2570 2598 ,
2600 2534 2690 2602 qui
2719 2533 2931 2587 occisos
2960 2533 3025 2586 ad
3060 2535 3220 2587 vitam
3251 2534 3415 2589 redu-

1806 2626 1981 2691 cebat,
2009 2627 2269 2681 noluisse.
2314 2624 2394 2680 Ne
2430 2641 2559 2681 vero
2589 2626 2785 2680 iterum
2818 2626 3060 2682 dicerent
3091 2645 3103 2681 :
3132 2627 3418 2694 Quomodo

1808 2735 1948 2774 nunc
1982 2719 2266 2791 glorificat,
2300 2721 2391 2790 qui
2427 2731 2554 2774 tunc
2581 2736 2687 2775 non
2717 2721 2958 2790 adjuvit?
2983 2721 3264 2776 adducunt
3296 2737 3418 2792 pro-

1809 2812 1997 2881 phetas
2041 2812 2426 2881 testiﬁcantes,
2457 2813 2534 2868 sic
2561 2813 2870 2883 oportuisse
2905 2813 3041 2869 fieri.
3099 2815 3321 2881 Deinde,
3352 2831 3419 2871 ne

1808 2914 2061 2974 putarent
2085 2905 2176 2960 Dei
2201 2907 2562 2961 oeconomiam
2585 2906 2824 2974 ipsorum
2842 2909 3248 2963 excusationem
3273 2924 3416 2974 esse,

1809 2997 1956 3065 prius
1986 2997 2108 3052 illos
2139 2997 2472 3068 perstringit.
2520 2997 2586 3052 Et
2625 2999 2767 3067 quod
2820 2999 2874 3054 in
2919 3010 3212 3070 conspectu
3262 3002 3416 3056 Pilati

1809 3099 2094 3159 negassent
2126 3089 2242 3144 leve
2274 3105 2380 3143 non
2419 3100 2538 3144 erat
2561 3132 2576 3155 ,
2609 3107 2732 3145 cum
2764 3091 2877 3162 ipse
2906 3092 3067 3148 vellet
3096 3094 3369 3149 dimittere
3401 3114 3414 3148 :

1806 3181 2057 3253 quodque
2102 3182 2153 3236 id
2199 3197 2397 3253 negare
2446 3199 2552 3237 non
2594 3195 2837 3254 possent,
2875 3187 3134 3255 arguebat
3166 3188 3230 3251 is,
3256 3203 3414 3256 quem

1808 3291 1903 3344 pro
1926 3274 2017 3329 illo
2044 3275 2327 3343 petierant.
2362 3275 2436 3328 lta
2456 3274 2560 3330 hoc
2581 3293 2794 3346 quoque
2822 3291 2888 3331 cx
2919 3292 3112 3348 magna
3137 3278 3416 3347 dispensa-

1807 3370 1950 3423 tione
1968 3366 2190 3423 factum.
2212 3367 2707 3440 Hicimpudentiam
2730 3371 3414 3441 petulantiamqucillorum

1805 3460 2077 3527 ostendit;
2105 3474 2172 3515 eo
2202 3460 2347 3530 quod
2376 3461 2592 3531 gentilis
2621 3463 2712 3533 qui
2746 3472 2872 3517 tunc
2903 3463 3136 3532 primum
3163 3463 3310 3519 liltllll
3342 3466 3416 3517 \i-

1802 3553 1898 3618 dit,
1931 3553 2105 3623 ipsum
2133 3553 2365 3609 liberare
2391 3555 2641 3622 voluerit,
2666 3556 2790 3610 licet
2821 3556 2955 3611 nihil
2987 3559 3163 3626 magni
3185 3560 3416 3613 audiris-

1801 3655 1915 3712 set;
1947 3648 2021 3702 illi
2040 3663 2167 3703 vero
2195 3647 2334 3702 inter
2354 3649 2504 3719 signa
2528 3650 2750 3705 enutriti
2773 3658 2962 3705 contra
2986 3650 3232 3706 fecerint.
3262 3653 3414 3720 Quod

1802 3755 1928 3794 vero
1955 3739 2043 3793 ille
2062 3738 2208 3808 justc
2230 3739 2498 3810 judicaret
2522 3739 2899 3796 dimittendum
2926 3757 3068 3807 esse,
3087 3759 3185 3798 nee
3208 3745 3272 3797 ad
3295 3761 3415 3814 gra-

1803 3831 1929 3884 tiam
1952 3831 2002 3885 id
2024 3829 2387 3896 faceret,audi
2413 3833 2585 3900 ipsum
2609 3833 2735 3888 alibi
2768 3832 3090 3904 (Matt/LS7.
3116 3836 3202 3890 15.
3243 3834 3412 3888 illam

1802 3924 1887 3976 15.
1918 3919 1984 3993 6)
2042 3922 2314 3978 dicentem
2367 3940 2380 3974 :
2426 3924 2519 3978 Est
2558 3925 2898 3979 consuetudo
2947 3925 3100 3980 vobis
3135 3925 3414 3981 dimittere

1800 4014 2299 4084 unumqucmdam:
2328 4013 2492 4068 Vultis
2511 4031 2632 4085 ergo
2659 4016 2792 4069 hunc
2819 4017 3070 4070 dimittam
3093 4019 3272 4070 vobis?
3305 4018 3412 4088 l'os

1797 4119 1968 4163 autem
2006 4119 2240 4164 sanctum
2282 4118 2330 4162 et
2348 4111 2547 4179 justum
2593 4110 2843 4179 negastis.
2905 4109 3022 4165 Non
3067 4110 3233 4175 dixit,
3278 4112 3409 4165 'l'ra-

1799 4202 2034 4267 didistis;
2064 4201 2158 4257 sed
2188 4201 2408 4270 ubique,
2437 4201 2697 4271 Negastis.
2725 4201 2801 4270 (α)
2834 4201 3005 4275 pure.
3036 4203 3126 4260 Sic
3155 4205 3298 4258 ettint
3327 4207 3406 4259 di-

1797 4294 1990 4350 cebant
2023 4292 2075 4366 :]
2108 4292 2230 4347 Non
2262 4293 2502 4347 habemus
2530 4310 2695 4365 regem
2711 4295 2809 4348 nisi
2834 4296 3086 4350 Ctesarem
3106 4295 3288 4369 (Joan.
3316 4299 3406 4353 19.

1801 4387 1867 4442 15
1889 4387 1929 4458 ).
1975 4386 2086 4440 Nec
2128 4385 2284 4452 dixit,
2318 4386 2432 4440 Non
2458 4387 2690 4456 petiistis
2720 4388 3086 4458 inculpatum;
3118 4405 3295 4458 neque
3319 4408 3413 4448 ne-

1796 4480 1962 4550 gastis
1989 4479 2163 4535 solum
2185 4521 2199 4546 ,
2233 4479 2327 4533 sed
2359 4481 2520 4533 etiam
2549 4480 2841 4535 occidistis.
2891 4481 3119 4549 Quando
3145 4486 3407 4538 exczecmi

1797 4582 1951 4626 erant
1973 4612 1987 4638 ,
2021 4571 2152 4625 nihil
2181 4572 2288 4626 tale
2312 4563 2447 4626 dixit
2473 4588 2486 4626 :
2517 4587 2638 4626 cum
2669 4586 2848 4627 autem
2881 4588 3070 4629 eorum
3101 4576 3266 4630 animi
3296 4592 3410 4631 ma-

1797 4668 1878 4736 gis
1905 4645 2059 4720 erant
2080 4666 2331 4736 exagitati
2357 4708 2370 4730 ,
2397 4675 2523 4721 tunc
2548 4667 2728 4721 acrius
2759 4667 3108 4739 perstringit,
3135 4685 3255 4724 cmn
3284 4686 3410 4726 seu—

1801 4762 1899 4815 tire
1925 4767 2194 4829 poterant.
2226 4757 2693 4824 Quemadmodum
2723 4770 2777 4813 et
2801 4775 2900 4815 nos
2923 4761 3088 4818 ebriis
3117 4763 3249 4818 nihil
3275 4765 3408 4819 dici-

1800 4870 1949 4918 mus;
1984 4869 2105 4908 cum
2132 4861 2315 4908 autem
2340 4853 2605 4908 ebrietate
2633 4853 2840 4909 sublata
2870 4855 3059 4924 vigiles
3090 4868 3216 4911 sunt
3239 4900 3252 4919 ,
3284 4869 3410 4915 tunc

1799 4948 2207 5017 carpimuszita
2253 4955 2309 5001 et
2358 4945 2581 5012 Petrus,
2624 4961 2747 5000 cum
2791 4947 3091 5017 intelligere
3140 4959 3408 5018 poterant,

1801 5051 1929 5096 tunc
1988 5041 2224 5109 linguam
2276 5039 2454 5106 acuit,
2504 5041 2819 5111 sceleraque
2871 5043 3036 5097 multa
3085 5055 3409 5110 enumerat;

1803 5147 2020 5202 nempe,
2043 5131 2186 5202 quod
2217 5147 2363 5197 eum,
2388 5146 2547 5202 quem
2578 5131 2720 5187 Deus
2746 5133 3089 5203 glorilicavit,
3117 5136 3214 5203 ipsi
3249 5137 3412 5190 tradi-

1802 5225 2012 5290 derint;
2059 5223 2203 5294 quod
2248 5238 2409 5294 quem
2457 5223 2663 5280 Pilatus
2707 5225 2976 5288 absolvit,
3020 5226 3073 5280 in
3117 5238 3410 5297 conspectu

1802 5317 1970 5387 ipsius
1997 5317 2348 5388 negaverint;
2377 5317 2520 5388 quod
2551 5317 2812 5372 latronem
2841 5321 3192 5388 pra-tulerint.

1874 5413 1930 5467 5.
1959 5411 2095 5466 Vide
2116 5426 2353 5477 rursum,
2375 5410 2648 5481 quomodo
2675 5411 2884 5466 occulte
2911 5411 2979 5466 de
3004 5414 3240 5481 potentia
3272 5415 3414 5471 illius

1804 5507 2071 5577 loquatur,
2098 5505 2240 5574 quod
2263 5505 2500 5574 seipsum
2528 5505 2887 5568 suscitaverit,
2914 5515 2973 5560 ut
3003 5508 3054 5560 in
3086 5508 3249 5576 priori
3279 5523 3410 5562 con-

1801 5601 1958 5655 cione
1979 5597 2192 5654 dicebat
2220 5614 2234 5652 :
2258 5597 2420 5651 Juxta
2447 5598 2584 5666 quod
2608 5599 2920 5667 impossibile
2948 5609 3057 5652 erat
3084 5601 3239 5654 teneri
3267 5601 3409 5653 illum

1804 5697 1864 5747 ab
1891 5710 1949 5747 eo
1980 5691 2120 5764 (Act.
2141 5691 2196 5746 2.
2225 5692 2318 5762 24)
2340 5707 2353 5758 ;
2376 5699 2432 5747 et
2458 5692 2563 5758 hic,
2586 5693 2874 5756 Auctorem,
2904 5693 3094 5760 inquit,
3115 5693 3228 5747 rita:
3250 5694 3404 5747 inter-

1872 5877 1946 5939 (a)
1979 5883 2091 5936 Qua
2114 5874 2306 5925 uncinis
2330 5872 2620 5925 clauduntur
2643 5870 2821 5923 desunt
2843 5874 2890 5921 in
2913 5884 3007 5921 uno
3033 5869 3226 5920 Codice.
