4092 6472
582 427 645 481 7’3
1391 414 1429 471 S
1474 409 2255 471 IOANNIS‘CURYSOSTOMI
2298 409 2610 466 ARCHIEP.
2652 406 3185 467 (IONST.\N'I‘iN.iP.
3787 410 3865 466 80

583 541 793 598 ευιίειὶε.
839 536 950 593 Non
993 552 1120 605 ergo
1151 534 1217 589 ab
1245 534 1417 587 altero
1446 532 1607 585 vitam
1641 530 1865 599 accepit.
1894 526 2069 597 _Sicut
2109 534 2179 591 et,

583 637 669 706 qui
714 630 926 686 malitiae
956 637 1143 683 auctor
1166 632 1284 689 est,
1318 623 1432 694 ipse
1462 622 1717 677 ntalitiam
1744 621 1950 692 gignet;
1982 628 2037 674 ct
2062 635 2162 671 au-

582 736 696 778 ctor
732 720 1031 785 homicidii,
1065 718 1155 789 qui
1192 714 1535 771 homicidium
1576 714 1779 783 primus
1817 711 2021 766 induxit
2048 712 2163 766 :sic

580 824 766 871 auctor
787 814 909 868 vita:
929 821 1034 876 est,
1058 809 1147 880 qui
1178 822 1207 862 a
1234 807 1413 876 seipse
1436 805 1596 859 vitam
1628 803 1807 859 habet.
1841 803 2000 869 Quem
2026 802 2164 858 Deus

578 908 856 973 suscitavit,
887 904 1076 974 inquit.
1100 901 1388 970 Postquam
1420 898 1534 952 lucc
1564 896 1806 961 dixerat,
1838 895 2015 949 subdit
2048 914 2060 947 :
2096 895 2162 948 Et

580 1000 629 1051 in
672 998 775 1065 ﬁde
807 996 1024 1051 nominis
1067 994 1177 1065 ejus
1218 991 1380 1054 hunc,
1408 1005 1553 1058 quem
1581 1004 1666 1042 vos
1691 987 1867 1042 videtis
1891 995 1937 1041 et
1964 987 2119 1041 nostis
2142 1028 2156 1050 ,

578 1089 895 1157 conﬁrmavit
919 1101 1097 1142 nomen
1120 1084 1229 1151 ejus
1250 1096 1272 1137 :
1290 1090 1337 1135 et
1360 1082 1505 1151 fides,
1532 1096 1645 1147 qua
1669 1097 1757 1146 per
1776 1096 1889 1133 eum
1909 1091 1999 1143 est,
2027 1079 2162 1133 dedit

582 1178 629 1232 ei
651 1182 895 1249 integram
916 1176 1179 1231 sanitatem
1204 1174 1373 1226 istam.
1405 1172 1560 1241 Atqui
1589 1170 1634 1226 si
1664 1170 1797 1226 fides
1825 1171 1879 1224 in
1907 1186 2052 1233 eum,
2079 1180 2159 1225 to-

583 1281 693 1325 tum
714 1279 927 1341 cperata
949 1276 1048 1333 est,
1069 1266 1190 1337 quia
1218 1264 1270 1319 in
1302 1264 1447 1318 illum
1473 1264 1739 1333 speravit;
1763 1278 1860 1319 cur
1880 1278 1983 1319 non
2006 1262 2158 1330 dixit,

583 1363 683 1416 Per
708 1374 921 1425 nomen,
951 1358 1045 1415 sed
1066 1399 1081 1425 ,
1115 1356 1184 1412 In
1209 1356 1453 1431 nomine?
1477 1354 1610 1421 Quia
1638 1354 1870 1410 nondum
1894 1354 2161 1409 audebant

580 1453 779 1518 dicere,
811 1450 868 1505 In
898 1449 1045 1503 illum
1078 1447 1231 1504 fides.
1262 1448 1339 1504 Ne
1367 1462 1494 1502 vero
1522 1446 1667 1511 illud,
1697 1445 1801 1500 Per
1836 1446 2023 1514 ipsum,
2058 1445 2155 1499 lni-

583 1543 756 1595 milius
784 1550 943 1607 esset,
974 1539 1251 1610 subjunxit
1278 1556 1292 1592 :
1324 1538 1393 1592 Et
1420 1555 1607 1593 nomen
1623 1538 1735 1607 ejus
1759 1537 2076 1607 conﬁrmavit
2097 1539 2160 1592 il-

579 1636 703 1688 lum.
734 1633 800 1687 Et
820 1647 939 1687 cum
968 1632 1068 1687 hoc
1087 1634 1233 1700 prius
1250 1631 1491 1697 dixisset,
1519 1639 1642 1685 tunc
1660 1630 1766 1683 ait:
1788 1629 1854 1683 Et
1880 1630 2025 1699 ﬁdes,
2051 1647 2162 1701 quae

582 1740 667 1791 per
693 1741 805 1778 eum
838 1734 930 1790 est,
955 1723 1091 1777 dedit
1114 1722 1191 1776 illi
1215 1724 1459 1792 integram
1488 1722 1755 1775 sanitatem
1784 1722 1953 1775 istam.
1986 1722 2117 1776 Vide
2144 1764 2157 1788 ,

580 1816 846 1883 quomodo
871 1814 1108 1870 declaret
1132 1829 1189 1870 se
1211 1823 1562 1883 attemperate
1585 1814 1713 1868 illud
1736 1813 1956 1870 dixisse.
1981 1814 2162 1884 Neque

580 1908 721 1960 enim
764 1898 869 1961 alio
903 1922 1036 1976 opus
1066 1907 1247 1961 habuit
1273 1906 1338 1961 ad
1366 1908 1810 1962 resurrectionem
1837 1949 1851 1972 ,
1890 1908 2042 1977 cujus
2069 1924 2161 1963 no.

584 2015 702 2051 men
736 1997 982 2052 c’audum
1008 2038 1020 2061 ,
1052 1998 1139 2067 qui
1171 2014 1199 2050 a
1231 2009 1443 2051 mortuo
1474 1997 1605 2051 nihil
1634 1998 1928 2064 differebat,
1961 1999 2158 2053 erexit.

581 2089 872 2158 Perpende.
907 2090 1172 2159 quomo'lo
1203 2090 1395 2159 ubique
1426 2091 1723 2144 testimonia
1749 2090 1958 2145 illorum
1992 2100 2160 2145 attra-

581 2180 689 2232 hat.
717 2178 970 2248 Superius
1000 2180 1141 2235 enim
1173 2179 1343 2234 dixit:
1376 2179 1522 2235 Sicut
1559 2191 1602 2233 et
1640 2182 1735 2249 ipsi
1772 2181 1945 2245 scitis;
1984 2192 2066 2247 ct,
2098 2181 2163 2235 In

582 2272 743 2323 medio
790 2272 958 2335 “ostri;
990 2287 1051 2325 ac
1097 2286 1348 2336 rursum,
1384 2271 1541 2336 Quem
1582 2272 1757 2325 videtis
1799 2284 1843 2325 et
1888 2274 2045 2326 nostis
2068 2316 2079 2337 ,
2112 2276 2165 2327 in

581 2376 847 2435 conspectu
870 2367 1092 2419 omnium
1114 2376 1327 2418 vestrum
1358 2365 1489 2435 (Act.
1513 2365 1565 2418 2.
1591 2366 1680 2419 9.2.
1718 2378 1761 2419 et
1781 2367 1831 2420 5.
1861 2367 1968 2437 16).
2006 2368 2163 2436 Atqui

586 2458 912 2523 nesciebant,
956 2459 1125 2525 ipsum
1175 2456 1227 2510 in
1271 2457 1485 2511 nomine
1531 2458 1695 2527 ipsius
1735 2473 1921 2511 sanum
1966 2458 2161 2513 factum

583 2562 730 2612 esse;
765 2548 856 2601 sed
894 2547 1163 2613 sciebant,
1206 2548 1377 2616 ipsum
1419 2548 1665 2603 claudum
1719 2546 1903 2604 fuisse.
1951 2551 2017 2605 Et
2065 2551 2163 2620 ipsi

584 2658 791 2710 quoque
818 2642 905 2710 qui
931 2641 1597 2707 fecerantconfitebantur,
1624 2656 1727 2697 non
1751 2658 1867 2709 sua,
1894 2642 1985 2698 sed
2011 2643 2167 2698 Citri-

586 2733 651 2784 sli
682 2732 877 2785 virtute
920 2732 1093 2799 ipsum
1136 2732 1527 2785 consolidatum
1565 2746 1705 2787 esse.
1750 2731 1805 2787 Si
1846 2748 1932 2788 res
1959 2750 2064 2787 non
2096 2736 2168 2789 ita

589 2824 795 2887 luisset,
828 2832 878 2875 et
912 2834 1036 2875 vere
1067 2820 1420 2875 credidissent
1449 2822 1620 2890 ipsum
1652 2824 2008 2878 resurrexisse
2033 2866 2045 2888 ,
2078 2840 2172 2879 no-

588 2914 809 2967 luissent
840 2912 1032 2966 mortui
1060 2912 1282 2981 gloriam
1315 2913 1481 2981 magis
1509 2927 1666 2982 quant
1698 2927 1848 2968 suam
1891 2923 2128 2973 statuere
2150 2959 2167 2985 ,

589 3005 963 3058 cuiu-maxime
995 3002 1067 3057 illi
1090 3003 1157 3058 ad
1180 3018 1239 3059 se
1261 3005 1607 3074 respicerent.
1635 3005 1835 3060 Deinde
1856 3009 2171 3077 perterritos

590 3099 796 3152 animos
840 3097 1061 3152 fratrum
1103 3099 1319 3153 nomine
1360 3099 1538 3153 statim
1579 3101 1918 3166 consolatur,
1950 3101 2169 3169 dicens,

605 3190 708 3242 Viri
734 3194 933 3257 fratres.
980 3188 1091 3243 Illic
1121 3189 1333 3258 quidem
1380 3189 1510 3243 nihil
1550 3190 1616 3245 de
1654 3190 1844 3261 scipsis
1874 3191 2037 3261 dixit,
2079 3195 2172 3248 sed

594 3294 795 3338 tantum
822 3283 889 3338 de
915 3282 1148 3347 Christo,
1178 3284 1323 3338 Certo
1344 3285 1498 3353 igitur
1525 3296 1815 3355 coynoscat,
1840 3285 2044 3354 dicens,
2069 3305 2177 3342 om-

594 3376 671 3429 nis
716 3376 892 3428 domus
932 3373 1099 3428 Israel
1131 3390 1149 3427 :
1174 3374 1257 3429 hic
1302 3386 1477 3429 autem
1516 3375 1934 3432 admOnitionem
1974 3378 2173 3449 adjicit.

596 3467 704 3521 Illic
733 3466 1079 3536 exspeCtavit,
1109 3476 1165 3519 ut
1197 3466 1272 3521 illi
1301 3467 1571 3533 dicerent;
1624 3467 1707 3522 hic
1748 3468 1967 3536 sciebat,
2002 3484 2173 3540 quau-

598 3568 709 3613 tnm
738 3560 941 3628 operati
970 3569 1193 3622 essent,
1237 3569 1291 3614 et
1330 3560 1468 3629 quod
1513 3562 1621 3629 jam
1664 3561 1740 3615 illi
1789 3564 2179 3622 tractabiliores

596 3660 795 3705 essent.
842 3648 981 3705 Sane
1029 3660 1083 3705 et
1122 3666 1240 3720 quae
1284 3665 1441 3719 supra
1486 3652 1626 3706 dicta
1672 3653 1915 3720 fuerant,
1964 3671 2069 3711 non
2114 3673 2177 3712 ex

600 3741 892 3810 ignorantia
925 3752 1317 3810 processerant.
1366 3741 1495 3795 Nam
1536 3743 1675 3812 quod
1716 3744 1975 3801 latronem
2010 3749 2180 3815 petie-

605 3835 741 3899 rint,
779 3832 919 3903 quod
951 3847 1071 3887 cum
1103 3833 1459 3889 absolvendus
1485 3834 1835 3903 judicaretur,
1863 3836 1913 3891 id
1944 3838 2043 3907 ipsi
2076 3855 2180 3893 non

600 3925 909 3980 admiserint
934 3966 947 3991 ,
981 3924 1120 3994 quod
1142 3925 1389 3979 occidere
1419 3926 1715 3992 voluerint,
1746 3928 1898 3998 cujus
1930 3929 2181 3998 ignoran-

602 4017 687 4069 tim
727 4029 845 4070 esse
892 4014 1129 4083 poterat?
1168 4016 1414 4068 Attamen
1459 4015 1548 4069 dat
1592 4017 1696 4071 illis
1738 4002 2054 4087 potestatem
2085 4036 2182 4075 ne-

602 4109 755 4178 gandi
785 4117 837 4162 et
870 4106 1158 4177 pmnitendi
1194 4107 1259 4162 de
1288 4106 1473 4173 factis;
1519 4108 1628 4165 imo
1662 4110 1823 4163 etiam
1853 4112 2182 4181 probabilem

605 4215 698 4270 pro
729 4201 857 4269 ipsis
878 4198 1243 4254 defensionem
1278 4208 1446 4267 parat,
1474 4209 1528 4253 et
1556 4199 1684 4254 dicit
1712 4218 1724 4253 :
1754 4201 1908 4267 Quod
1940 4204 2185 4258 innocen-

607 4306 709 4348 tem
734 4292 1068 4354 occideretis,
1094 4292 1372 4357 scicbatis;
1405 4293 1543 4362 quod
1570 4294 1858 4363 principem
1884 4296 2025 4362 vitae,
2054 4296 2187 4351 forte

608 4385 949 4453 iguorabatis.
983 4383 1048 4437 Et
1077 4383 1201 4437 hinc
1231 4398 1335 4437 non
1362 4384 1481 4439 illos
1502 4384 1646 4438 solos
1669 4400 1697 4438 a
1719 4387 1942 4440 crimine
1973 4388 2183 4456 liberat,

610 4477 703 4531 sed
735 4478 892 4531 etiam
921 4476 1141 4530 sceleris
1169 4486 1433 4529 auctores.
1467 4476 1714 4545 Alioquin
1742 4479 2188 4535 contentiosiores

610 4570 728 4621 illos
757 4566 1108 4631 reddidisset,
1150 4566 1193 4619 si
1228 4580 1529 4620 sermonem
1559 4569 1609 4619 in
1639 4569 2028 4623 accusationem
2060 4585 2189 4625 con-

613 4660 875 4714 vertisset.
927 4657 1057 4710 Nam
1105 4656 1193 4725 qui
1242 4671 1401 4725 grave
1441 4657 1709 4725 quidpiam
1750 4662 2037 4727 commisit,
2070 4678 2195 4718 cum

609 4759 905 4814 accusatur,
930 4764 1047 4804 sese
1065 4762 1292 4819 purgare
1312 4757 1540 4814 tentans,
1566 4748 1929 4805 vehementior
1944 4751 2190 4807 efﬁcitur.

615 4842 793 4911 Neque
817 4840 948 4894 ultra
979 4840 1124 4904 dicit,
1159 4839 1531 4906 Cruciftxistis,
1563 4842 1865 4907 occidistis;
1896 4844 2009 4907 sed,
2045 4843 2195 4899 Feci-

618 4938 731 5000 stis,
758 4933 823 4987 ad
849 4934 1053 4987 veniam
1082 4932 1200 4986 illos
1222 4932 1512 4987 deducens.
1538 4931 1591 4987 Si
1623 4933 1697 4987 illi
1724 4949 1817 5002 per
1844 4934 2195 5004 ignorantiam

620 5025 884 5088 fecerunt,
919 5024 1086 5078 multo
1112 5024 1279 5093 magis
1312 5024 1400 5088 lii;
1450 5026 1493 5078 si
1540 5024 1644 5077 illis
1686 5026 1993 5093 remittitur,
2027 5029 2199 5083 multo

624 5116 789 5187 magis
818 5114 921 5169 his.
950 5113 1101 5182 Quod
1129 5123 1304 5169 autem
1335 5116 1577 5170 mirabile
1605 5125 1685 5170 est
1711 5158 1725 5183 ,
1760 5126 1811 5172 et
1842 5133 2001 5187 supra
2030 5129 2084 5173 et
2114 5119 2199 5174 hic

622 5227 743 5266 cum
780 5209 1021 5274 dixisset,
1065 5208 1171 5261 illic
1212 5208 1446 5277 quidem,
1479 5208 1697 5274 Deﬁnito
1738 5212 1948 5263 consitio
1984 5221 2027 5263 et
2066 5228 2199 5281 pra:-

622 5301 863 5365 scientia;
911 5300 998 5352 hic
1028 5314 1155 5353 vero
1180 5340 1194 5363 ,
1241 5298 1606 5351 Prwnuntiavit
1634 5301 1880 5354 omnibus
1907 5300 2201 5367 Christum,

629 5393 830 5447 nullum
861 5391 1076 5446 adducit
1117 5391 1480 5444 teStimonium
1514 5409 1523 5442 :
1556 5392 1759 5460 singula
1790 5394 1929 5445 enim
1964 5394 2204 5447 testimo-

625 5487 732 5550 nia,
766 5501 884 5539 cum
912 5482 1257 5547 criminibus,
1290 5484 1545 5535 ultionem
1578 5485 1913 5537 annunliant.
1954 5483 2019 5537 Et
2052 5486 2202 5551 dabo,

622 5578 831 5648 inquit,
858 5578 1039 5645 impios
1066 5592 1155 5645 pro
1180 5575 1443 5646 srpultura
1474 5577 1581 5645 ejus
1604 5618 1617 5640 ,
1648 5588 1692 5628 et
1721 5578 1895 5630 divites
1927 5595 2017 5648 pro
2046 5589 2205 5633 morte

626 5671 764 5725 illius
794 5670 940 5739 (Isai.
976 5670 1061 5723 55.
1088 5669 1175 5737 9);
1206 5678 1257 5722 et
1290 5669 1509 5733 iterum,
1538 5667 1661 5732 Qua:
1687 5672 2045 5737 prtenuntiavit
2069 5713 2081 5735 ,
2125 5673 2207 5725 itt-

630 5763 757 5830 quit,
794 5779 881 5830 per
911 5777 964 5813 os
994 5761 1215 5813 omnium
1239 5760 1618 5828 prop/telorum,
1648 5761 1751 5827 pati
1776 5762 1957 5829 ipsum,
1986 5763 2209 5832 implevit

631 5858 701 5909 sic
753 5856 996 5927 Magnum
1027 5854 1355 5907 demonstrat
1382 5854 1689 5907 consilium:
1729 5854 1989 5923 siquidem
2020 5873 2206 5913 omnes

2272 526 2373 583 hoc
2398 526 2666 589 dicebant,
2699 542 2802 580 non
2834 542 2968 579 unus
2997 535 3220 580 tantum.
3249 525 3427 594 Neque
3448 535 3594 581 certe
3614 524 3735 597 quia
3760 541 3860 598 per

2270 620 2619 689 ignorantiam
2650 619 2789 674 facta
2819 631 2941 673 sunt
2967 661 2980 684 ,
3014 628 3205 688 prmtcr
3241 618 3330 673 Dei
3364 620 3687 674 voluntatem
3716 619 3857 674 facta

2346 804 2483 857 Deus
2504 804 2721 857 aliorunt
2748 804 3062 874 malignitate
3086 805 3241 857 utitur
3276 804 3343 857 ad
3358 803 3561 857 bonum.
3591 835 3661 845 —
3682 804 3820 859 Vide
3841 848 3856 871 ,

2268 906 2462 965 quanta
2504 896 2571 949 sit
2620 896 2710 949 Dei
2755 896 3012 962 sapientia
3039 936 3053 957 ,
3093 911 3213 965 qum
3266 896 3489 949 aliorum
3530 895 3860 966 malignitate

2270 986 2435 1041 utitur
2463 987 2529 1041 ad
2560 985 2635 1050 id,
2662 986 2803 1056 quod
2830 985 2942 1039 fieri
2975 998 3110 1055 opus
3139 995 3240 1039 est.
3275 985 3533 1053 Implevit,
3568 987 3754 1055 inquit.
3781 985 3867 1039 Nc

2268 1089 2515 1149 puniri-nt
2544 1078 2742 1147 aliquid
2772 1078 2982 1144 deesse,
3014 1078 3114 1131 hoc
3136 1076 3349 1145 adjecit,
3372 1077 3650 1132 declarans
3677 1080 3861 1131 omnia

2267 1186 2385 1241 qua:
2417 1171 2522 1240 pati
2554 1170 2723 1240 ipsum
2755 1170 3034 1240 oportebat
3059 1169 3275 1239 impleta
3302 1168 3486 1223 fuisse.
3522 1169 3625 1224 Sed
3659 1184 3726 1224 ne
3754 1186 3862 1239 pu-

2270 1264 2424 1328 tetis,
2458 1263 2582 1333 quia
2628 1262 2741 1315 liil'C
2784 1262 3059 1331 propheta:
3103 1262 3391 1328 dixerunt,
3423 1271 3474 1316 et
3504 1263 3626 1332 quia
3663 1261 3714 1316 id
3761 1278 3866 1333 per

2269 1354 2617 1423 ignorantiam
2649 1352 2883 1418 fecistis,
2920 1354 3018 1407 hoc
3043 1354 3107 1408 ad
3132 1352 3499 1408 defensionem
3527 1354 3677 1408 vobis
3705 1356 3861 1409 suffi-

2267 1460 2410 1500 cere.
2436 1446 2502 1498 At
2531 1460 2633 1498 non
2666 1446 2734 1498 ita
2760 1444 2921 1510 dicit,
2952 1443 3046 1499 sed
3075 1444 3254 1498 mitius
3284 1461 3297 1497 :
3329 1442 3651 1499 Paenitemim'
3674 1446 3862 1516 igitur.

2267 1535 2443 1603 Quare
2461 1536 2484 1589 ’ἶ
2508 1536 2573 1593 Ut
2595 1538 2855 1591 deleantur
2876 1546 3077 1605 peccata
3098 1546 3297 1599 vestra;
3318 1551 3423 1590 non
3442 1536 3528 1590 illa
3551 1538 3721 1591 solum
3741 1553 3865 1607 qua:

2269 1632 2318 1684 in
2349 1630 2706 1701 crucifigendo
2735 1630 2968 1686 admissa
2995 1639 3117 1685 sunt
3150 1648 3161 1682 :
3192 1630 3278 1684 illa
3311 1628 3530 1685 forsitan
3587 1692 3595 1700 ,
3622 1646 3679 1684 er
3705 1631 3862 1700 igno-

2271 1722 2493 1775 rantiam
2524 1723 2657 1776 facta
2686 1734 2842 1787 sunt;
2874 1722 2969 1777 sed
2995 1732 3051 1777 ut
3074 1722 3177 1776 alia
3204 1735 3416 1792 quoque
3438 1731 3653 1792 peccata
3679 1732 3861 1776 vestra

2268 1813 2566 1868 deleantur.
2606 1814 2804 1869 Deinde
2831 1814 3006 1883 adjicit
3030 1832 3041 1865 :
3067 1812 3135 1868 Ut
3160 1814 3204 1867 si
3227 1814 3446 1868 venerint
3471 1813 3607 1866 vobis
3635 1822 3866 1884 tempora

2269 1905 2535 1973 refrigerii.
2561 1904 2654 1959 llic
2675 1904 2742 1959 de
2763 1906 3153 1959 resurrectione
3179 1905 3403 1959 OliSClll'C
3429 1904 3663 1974 loquitur
3690 1921 3703 1956 :
3737 1920 3861 1957 nam

2271 1995 2357 2046 illa
2392 2010 2513 2048 vere
2539 2006 2663 2049 sunt
2696 1995 2955 2064 refrigerii
2987 2004 3245 2065 tempora,
3280 2010 3398 2064 qua:
3426 1995 3623 2049 Paulus
3648 2012 3861 2065 qumru-

2269 2086 2376 2149 bat,
2407 2086 2591 2141 dicens
2617 2104 2629 2139 :
2663 2086 2725 2141 Et
2748 2104 2838 2140 nos
2863 2088 2945 2153 qni
2974 2104 3149 2140 sumus
3178 2087 3227 2140 in
3256 2086 3600 2151 tabernaculo,
3627 2088 3865 2157 ingemis-

2269 2178 2426 2231 cimus
2452 2181 2644 2249 gravati
2679 2180 2751 2248 (2.
2786 2178 2903 2234 Cor.
2937 2180 2989 2233 5.
3014 2181 3092 2249 4).
3120 2178 3319 2232 Deinde
3344 2178 3656 2244 ostendens,
3689 2180 3862 2247 ipsum

2271 2285 2389 2324 e5se
2410 2281 2705 2341 temporum
2738 2270 2996 2341 refrigerii
3023 2280 3317 2337 auctorem,
3346 2268 3408 2322 Et
3436 2271 3643 2333 miserit,
3670 2270 3862 2339 inquit,

2272 2380 2383 2417 cum
2407 2406 2419 2429 ,
2451 2366 2535 2433 qui
2566 2366 2699 2418 vobis
2740 2376 2855 2418 ante
2901 2363 3201 2432 pt'ietlicatus
3231 2374 3301 2417 est
3322 2403 3336 2429 ,
3373 2354 3548 2417 Iesum
3584 2363 3861 2417 Christum.

2273 2455 2384 2509 Non
2418 2455 2571 2519 dixit,
2608 2456 2857 2509 Deleatur
2881 2465 3153 2522 peceatum
3186 2464 3444 2519 vestrum;
3475 2455 3587 2519 sed,
3627 2455 3864 2515 Peccata,

2272 2558 2345 2613 et,
2377 2548 2505 2601 illud
2535 2548 2897 2611 subindicaus,
2927 2546 3142 2600 Miserit.
3170 2547 3280 2601 Hoc
3306 2548 3391 2601 tibi
3412 2549 3563 2613 dixit,
3586 2564 3691 2601 non
3720 2548 3869 2601 addit

2274 2639 2551 2704 ttndc;sed
2570 2640 2741 2693 solum
2768 2638 2977 2708 adjicit:
3004 2638 3161 2705 Quem
3184 2648 3377 2709 Oportet
3394 2639 3569 2692 ctelum
3591 2640 3867 2709 suscipere.

2276 2731 2468 2800 Utique
2493 2731 2787 2799 suscipere.
2813 2730 2877 2784 Et
2906 2745 3001 2785 cur
3026 2745 3129 2784 non
3158 2731 3311 2795 dixit,
3338 2732 3505 2797 Quem
3532 2733 3721 2783 ca-lum
3752 2746 3871 2785 sus-

2276 2823 2449 2891 cepit?
2491 2822 2602 2877 Hoc
2644 2823 2795 2892 quasi
2836 2822 2903 2876 de
2946 2822 3137 2892 priscis
3179 2822 3507 2891 temporibus
3547 2821 3675 2876 dicit
3720 2840 3733 2875 :
3780 2822 3874 2877 Sic

2277 2915 2644 2986 dispensatum
2686 2926 2807 2983 est,
2851 2916 2930 2971 sic
2972 2916 3314 2970 constitutum
3365 2933 3377 2968 :
3414 2914 3700 2971 dea‘terna
3741 2932 3873 2972 vero

2276 3009 2392 3077 ejus
2414 3008 2694 3062 existentia
2720 3007 2955 3061 nondum
2983 3006 3133 3072 dixit;
3160 3006 3253 3062 sed
3279 3006 3457 3063 adhuc
3482 3007 3548 3063 de
3568 3011 3873 3065 (nconomia

2278 3098 2777 3155 sivcincarnatioue
2808 3098 2976 3169 pergit
3002 3098 3200 3153 dicere.
3222 3098 3425 3170 Moyses
3454 3101 3658 3171 quidem
3691 3100 3865 3173 loquar

2280 3202 2361 3246 tus
2389 3205 2458 3247 est
2491 3193 2716 3262 patribus
2746 3208 2763 3249 .'
2800 3192 3108 3263 Prop/telam
3147 3192 3284 3247 vobis
3322 3194 3556 3248 excitabit
3595 3193 3871 3249 Dominus.

2284 3282 2488 3339 Deinde
2536 3299 2657 3337 cum
2704 3284 2951 3353 superius
3000 3284 3219 3338 dixisset
3270 3302 3284 3338 :
3334 3282 3503 3351 Usque
3535 3283 3603 3337 ad
3646 3294 3879 3354 tempora

2282 3375 2612 3430 restitutionis
2637 3376 2883 3441 omnium,
2906 3391 3019 3445 qua:
3048 3376 3282 3445 loquutus
3304 3385 3376 3429 est
3407 3374 3544 3429 Deus
3567 3392 3656 3446 per
3681 3393 3737 3430 os
3765 3392 3882 3429 om-

2284 3469 2423 3520 nium
2449 3476 2739 3520 sanctorum
2763 3482 2969 3521 suorum
3001 3467 3360 3537 pmpltetarum
3386 3483 3417 3519 a
3446 3467 3632 3520 sa'culo
3653 3510 3666 3533 ,
3698 3468 3880 3537 ipsum

2287 3560 2500 3615 tandem
2546 3560 2749 3614 inducit
2795 3558 3086 3615 Christum.
3113 3558 3247 3614 Nam
3286 3561 3328 3613 si
3376 3561 3538 3615 multa
3590 3558 3879 3629 praedixit,

2288 3652 2565 3721 ipsumque
2588 3650 2775 3705 audire
2812 3659 3024 3719 Oportet
3072 3671 3085 3705 :
3128 3665 3234 3704 non
3280 3650 3607 3706 aberraverit
3648 3650 3799 3721 quis,
3832 3652 3883 3705 si

2286 3741 2427 3797 dicat
2455 3741 2569 3795 hate
2605 3741 2891 3811 prephetas
2920 3741 3139 3796 dixisse.

2358 3834 2410 3887 4.
2458 3833 2707 3902 Alioquin
2744 3847 2872 3887 vero
2902 3832 3013 3887 vult
3039 3832 3323 3889 ostendere
3347 3876 3361 3899 ,
3394 3834 3581 3889 eadem
3614 3834 3726 3904 ipsa
3758 3851 3889 3904 pro-

2289 3925 2476 3996 phetas
2503 3924 2831 3994 praedixisse.
2867 3925 2931 3978 Et
2965 3925 3007 3977 si
3040 3926 3158 3993 quis
3197 3934 3445 3979 accurate
3473 3925 3837 3994 exploraverit
3868 3969 3886 3994 ,

2290 4019 2379 4073 illa
2409 4016 2662 4083 inveniet,
2698 4017 2822 4071 licet
2870 4016 3098 4071 obscure
3124 4015 3266 4071 dicta
3296 4034 3308 4069 :
3345 4026 3400 4069 ut
3432 4016 3564 4071 nihil
3594 4018 3663 4072 sit
3693 4032 3891 4073 recens

2289 4110 2509 4165 dictum.
2542 4108 2886 4163 Prtedicatum
2911 4149 2925 4171 ,
2963 4106 3153 4177 inquit.
3186 4107 3280 4163 Hic
3325 4108 3440 4162 illos
3483 4110 3644 4163 etiam
3678 4118 3889 4175 terret,

2291 4203 2437 4273 quasi
2487 4202 2649 4256 multa
2696 4200 2869 4255 adhuc
2899 4200 3108 4255 residua
3150 4210 3350 4256 essent.
3384 4200 3664 4269 Quomodo
3706 4211 3891 4256 autem

2294 4293 2503 4347 dict-bat
2530 4311 2543 4345 :
2576 4292 2810 4362 Implevit
2836 4309 2914 4353 ea,
2943 4308 3055 4361 quae
3081 4295 3303 4361 oportuit
3337 4292 3479 4347 illum
3513 4293 3661 4363 pati?
3692 4292 3897 4363 Imple-

2295 4387 2379 4446 vit,
2412 4386 2598 4453 inquit,
2630 4398 2756 4449 non,
2791 4383 3070 4452 impletum
3101 4394 3216 4449 est;
3248 4384 3547 4451 declarans,
3581 4386 3753 4454 ipsum
3786 4401 3850 4441 ea
3874 4429 3891 4451 ,

2295 4492 2413 4546 quae
2460 4477 2565 4544 pati
2623 4476 2939 4545 oportebat,
2995 4476 3332 4544 implevisse;
3378 4492 3496 4546 qua:
3550 4492 3677 4530 vero
3709 4476 3894 4532 futura

2297 4568 2488 4623 deinde
2518 4576 2661 4635 sunt,
2691 4568 2907 4637 impleta
2936 4568 3171 4622 nondum
3202 4582 3345 4622 esse.
3395 4567 3709 4638 Prophetam
3753 4571 3902 4627 vobis

2296 4662 2555 4717 suscitabit
2610 4660 2859 4713 Dominus
2900 4661 3034 4714 Deus
3082 4677 3143 4713 ea:
3199 4660 3439 4730 fratribus
3491 4662 3705 4728 vestris,
3758 4672 3899 4717 tum-

2300 4772 2449 4824 qnam
2476 4770 2573 4806 me.
2596 4752 2748 4819 Quod
2777 4752 2895 4805 illos
2919 4752 3149 4807 maxime
3170 4752 3507 4820 conciliabat,
3530 4754 3677 4807 dicit.
3705 4754 3897 4820 Vides,

2302 4845 2569 4915 quomodo
2600 4844 2819 4899 humilia
2848 4844 3005 4897 simul
3038 4855 3090 4928 et
3117 4845 3363 4899 sublimia
3393 4847 3650 4917 spargat?
3680 4846 3902 4904 Humilc

2304 4940 2445 4991 enim
2477 4947 2529 4992 et
2560 4938 2787 4992 sublime
2812 4944 2895 4991 est
2914 4980 2926 5002 ,
2954 4938 2999 4994 si
3035 4937 3077 4991 is
3098 4978 3111 5003 ,
3144 4938 3231 5007 qui
3260 4938 3312 4992 in
3353 4939 3541 4994 caelum
3570 4955 3905 4996 ascensurus

2305 5040 2407 5094 est,
2434 5010 2623 5082 similis
2644 5028 2712 5082 sit
2734 5027 2898 5097 Moysi
2926 5038 3322 5084 :verumtamen
3345 5041 3466 5084 tunc
3484 5047 3733 5099 magnum
3756 5043 3905 5089 erat.

2305 5120 2420 5174 Non
2448 5128 2625 5173 autem
2656 5120 2947 5175 secundum
2980 5120 3213 5191 Moysem
3244 5131 3325 5175 est
3351 5122 3478 5176 illud
3514 5142 3528 5177 :
3558 5121 3625 5175 Et
3651 5124 3745 5176 erit
3789 5141 3908 5178 om-

2308 5215 2385 5267 nis
2430 5214 2517 5283 qui
2562 5230 2663 5266 non
2706 5212 2957 5278 audierit,
3000 5214 3429 5270 exterminabitur.
3477 5217 3757 5272 lunumera
3798 5220 3908 5273 alia

2309 5306 2479 5369 dixit,
2520 5321 2639 5374 qua:
2670 5304 2898 5374 probant
2926 5304 3071 5358 illum
3114 5320 3218 5359 non
3260 5321 3381 5360 esse
3416 5306 3580 5378 Moysi
3623 5308 3856 5363 similem
3890 5330 3908 5362 :

2313 5399 2489 5467 itaque
2513 5412 2762 5467 magnum
2798 5398 3157 5451 testimonium
3190 5399 3380 5469 attigit.
3406 5399 3537 5453 Deus
3566 5400 3710 5453 illum
3736 5406 3900 5457 susci-

2316 5493 2432 5544 tabit
2458 5534 2471 5558 ,
2504 5493 2671 5562 inquit
2696 5535 2709 5557 ,
2744 5494 2806 5545 de
2835 5493 3072 5562 fratribus
3102 5496 3297 5546 vestris.
3337 5494 3547 5564 Moyses
3589 5495 3747 5564 igitur
3789 5498 3915 5567 ipse

2318 5584 2688 5639 interminatus
2714 5596 2790 5636 est
2826 5600 2930 5638 non
2958 5585 3315 5639 audientibus.
3351 5585 3471 5639 "LPC
3493 5589 3668 5641 omnia
3696 5589 3914 5657 adjecta

2318 5684 2457 5731 sunt.
2510 5676 2573 5728 Iit
2601 5692 2771 5727 omnes
2818 5677 3075 5743 pr0plteta:
3098 5718 3111 5739 ,
3144 5675 3346 5745 inquit,
3379 5694 3409 5729 α
3440 5676 3697 5731 Samnele.
3728 5678 3917 5737 Noluit

2319 5766 2553 5836 singulos
2583 5782 2861 5819 recensere
2888 5809 2899 5829 ,
2936 5782 2999 5820 ne
3030 5766 3234 5837 longior
3263 5781 3440 5823 sermo
3479 5776 3654 5833 esset;
3685 5766 3777 5823 sed
3807 5787 3915 5840 op-

2324 5868 2549 5927 portuno
2581 5873 2703 5911 usus-
2737 5858 2928 5928 Mnysis
2956 5863 3281 5929 tcstimonio,
3314 5864 3452 5918 ultra
3481 5863 3623 5918 misit
3653 5876 3767 5918 eos.
3812 5860 3920 5917 Vos
