4092 6472
590 362 647 413 81
1283 354 1338 408 S.
1382 350 1668 407 JUANNIS
1706 349 2195 404 CIIRYSOSTOMI
2241 351 2563 409 AIHLHIEP.
2605 349 3156 406 CONSTANTINOI‘.
3789 350 3862 404 8'2

580 470 694 527 Οὐκ
725 468 895 534 εἶπεν,
936 469 1116 539 Ὑμῖν,
1153 466 1363 529 ἀπλῶς,
1391 463 1681 519 ἀπέστειλε
1719 462 1811 515 τὸν
1858 463 2028 515 Παῖδα
2066 464 2154 515 αὐι

579 547 692 619 τοῦ,
729 558 863 611 ἀλλά
898 559 1011 619 καὶ,
1040 557 1178 627 μετά
1217 556 1316 624 τὴν
1348 554 1664 614 ἀνάστασιν,
1702 552 1795 604 καὶ
1828 551 1917 603 ὅτε
1962 552 2160 602 ἐσταυ-

581 650 749 721 ρώθη.
785 647 905 700 Ἵνα
936 647 1043 715 γὰρ
1079 644 1153 715 μὴ
1191 643 1502 714 νομίσωσιν,
1539 642 1621 694 ὅτι
1666 640 1829 702 αὐτὸς
1860 640 1957 709 μὲν
1988 638 2160 691 ταῦτα

579 738 884 808 ἐχαρίζετο,
918 741 945 789 6
972 738 1025 789 δὲ
1053 737 1242 806 Πατὴρ
1274 734 1412 804 οὐχὶ,
1441 732 1528 785 διά
1551 730 1711 783 τοῦτο
1742 728 2049 800 προσέθηκε
2079 728 2160 790 τὸ,

579 827 969 895 Εὐλογοῦντα
990 824 1161 893 ὑμᾶς.
1198 822 1261 875 Et
1293 822 1399 891 γάρ
1437 819 1665 889 ἀδελφὸς
1696 818 1849 889 ὑμῶν
1878 817 2039 879 αὐτὸς
2070 818 2163 869 καὶ¹

578 914 790 983 εὐλογεῖ
816 915 977 984 ὑμᾶς,
1014 912 1305 981 ὑπόσχεσις
1331 909 1390 963 τὸ
1424 908 1657 981 πρᾶγμά
1700 910 1850 961 ἐστι·
1892 906 2159 967 τουτέστι,

578 1003 840 1055 Τοσοῦτον
864 1002 1093 1072 ἀπέχετε
1120 999 1213 1052 τοῦ
1256 1000 1331 1069 μὴ
1365 998 1642 1050 κοινωνεῖν
1678 994 1907 1057 τούτοις.
1953 994 2035 1047 ὅτι
2068 994 2161 1046 καὶ

576 1096 689 1154 τοῖς
714 1090 893 1153 ἀλλοις
922 1091 1065 1159 ὑμᾶς
1084 1088 1287 1151 αἰτίους
1309 1088 1401 1139 καὶ
1420 1086 1699 1156 ἀρχηγοὺς
1730 1084 1973 1153 βούλεται
2006 1082 2160 1150 γενέ-

578 1181 722 1233 σθαι.
749 1177 957 1232 Οὐκοῦν
980 1178 1053 1247 μὴ
1076 1176 1149 1240 ('0;
1178 1189 1201 1217 ι
1224 1175 1627 1246 ἀπερριμμένοι
1668 1172 1940 1227 διάκεισθε
1974 1172 2006 1241 ἢ
2029 1173 2162 1223 ἀπο-

577 1266 919 1336 ϐεϐλημένοι.
961 1266 1063 1317 Ἐν
1098 1262 1177 1328 τῷ
1212 1261 1631 1331 ἀποστρέφειν,
1676 1260 1860 1330 φησὶν,
1900 1259 2162 1313 ἕκαστον

576 1358 692 1409 ἀπὸ
728 1354 846 1409 τῶν
898 1354 1217 1422 πονηριῶν.
1255 1352 1442 1417 υῦτως
1476 1354 1619 1422 ὑμᾶς
1653 1351 1883 1418 εὐλογεῖ,
1938 1349 2033 1403 καὶ
2062 1350 2159 1419 οὐχ

577 1446 779 1509 ἁπλῶς.
815 1446 926 1498 Καὶ
954 1444 1082 1497 ποία
1106 1443 1243 1515 αῦτη
1275 1442 1529 1511 εὐλογία;
1573 1440 1819 1510 Μεγάλη.
1852 1440 1926 1492 Οὐ
1957 1441 2065 1510 γάρ
2095 1438 2159 1510 δὴ

576 1534 635 1587 τὸ
661 1532 998 1603 ἀποστρέψαι
1027 1532 1133 1585 ἀπὸ
1164 1530 1459 1601 πονηριῶν,
1491 1528 1647 1580 τοῦτο
1677 1530 1859 1581 ἱκανὸν
1883 1528 1975 1581 καὶ
1999 1525 2159 1579 λῦσαι

577 1623 759 1684 αὐτάς.
792 1622 850 1673 El
878 1621 934 1673 δὲ
963 1621 1052 1673 καὶ
1081 1620 1237 1673 λῦσαι
1282 1620 1379 1687 οὐχ
1414 1617 1594 1670 ἱκανὸν
1624 1612 1713 1686 ἦν,
1766 1616 1884 1678 πῶς
1914 1615 2160 1682 εὐλογίαν

578 1710 915 1780 παρασχεῖν;
946 1708 1019 1760 Οὐ
1053 1708 1161 1778 γὰρ
1190 1707 1253 1777 δὴ
1279 1708 1307 1759 6
1328 1704 1628 1776 ἠδικηκὼς,
1661 1704 1761 1775 ἤδη
1800 1706 1891 1756 καὶ
1921 1704 2160 1772 εὐλογεῖ-

575 1813 685 1862 ται,
721 1796 835 1847 ἀλλ’
872 1795 1285 1865 ἁμαρτημάτων
1310 1793 1546 1861 ἀφίεται.
1596 1792 1671 1845 Τὸ
1709 1788 1785 1854 δέ,
1832 1792 1927 1856 Ὠς
1953 1791 2077 1859 ἐμὲ,
2112 1790 2159 1843 εί

581 1883 655 1953 μὴ
708 1883 848 1935 κατά
881 1883 969 1935 τὸν
1020 1881 1117 1950 τῆς
1150 1878 1470 1949 νομοθεσίας
1512 1897 1592 1943 τις
1632 1880 1831 1950 τρόπον
1862 1878 2156 1941 ὲκδέξαιτο,

576 1969 813 2039 οὐδαμοῦ
850 1968 1005 2035 λόγον
1032 1967 1098 2020 ἂν
1128 1966 1363 2037 ἀλλαχοῦ
1398 1966 1528 2033 ἕξοι.
1565 1966 1763 2019 Αὐτοῦ
1794 1965 2155 2027 ἀκουσεσθε,

576 2056 735 2126 φησί’
792 2057 884 2109 καὶ
913 2058 1011 2125 οὐχ
1061 2052 1265 2118 ἁπλῶς,
1311 2054 1448 2117 ἀλλ’,
1482 2055 1694 2107 Ἔσται
1755 2053 1924 2105 man
1962 2052 2158 2121 ψυχὴ,

576 2143 706 2209 ἣτις
733 2143 809 2195 ἂν
837 2142 921 2210 μὴ
961 2142 1198 2208 ἀκούσῃ
1234 2141 1342 2195 τοῦ
1404 2140 1716 2209 προφήτου
1757 2141 2019 2201 ἐκείνου,
2062 2140 2161 2204 ἐξ·

576 2230 1082 2297 ολοθρευθήσεται
1117 2228 1185 2281 ἐκ
1216 2227 1322 2280 τοῦ
1349 2228 1524 2285 λαοῦ.
1552 2228 1683 2279 Ὅτε
1716 2228 1913 2289 αὐτοὺς
1962 2226 2161 2291 ἔδειξεν

578 2314 990 2387 ἡμαρτηκότας,
1016 2317 1110 2367 καὶ
1144 2314 1477 2384 συγγνώμης
1511 2314 1801 2384 μετέδωκε,
1844 2316 1936 2365 καὶ
1984 2317 2156 2384 gmw.

576 2404 791 2471 γείλατο
836 2404 1049 2472 χρηστά
1074 2420 1087 2432 ·
1120 2403 1240 2454 τότε
1271 2403 1333 2471 δὴ
1363 2402 1653 2463 δείκνυσιν,
1693 2403 1773 2453 ὃτι
1830 2403 1922 2453 καὶ
1956 2403 2159 2471 Μωσῆς

573 2490 633 2543 τὸ
667 2490 798 2543 αὐτὸ
816 2490 982 2559 λέγει.
1012 2490 1120 2542 Καὶ
1145 2488 1273 2542 ποία
1291 2487 1428 2559 αὕτη
1455 2488 1743 2541 ἀκολουθία
1766 2491 1959 2553 εἰπεῖν,
1996 2490 2158 2558 Ἄχρι

576 2578 690 2651 [76]
716 2580 949 2647 χρόνων
979 2576 1550 2641 ἀποκαταστάσεως,
1587 2576 1682 2630 καὶ
1708 2578 2006 2645 ἐπαγαγεῖν
2030 2580 2161 2631 Μω-

577 2667 673 2718 σέα
696 2666 939 2734 λέγοντα,
966 2666 1049 2718 ὅτι
1078 2665 1254 2718 πάντα
1283 2663 1628 2727 ἀκούσουσιν,
1656 2662 1691 2718 ἀ
1711 2664 1824 2735 ἐρεῖ
1851 2666 1879 2717 6
1905 2666 2157 2736 Χριστόςο

576 2759 668 2810 καὶ
686 2756 781 2825 οὐχ
802 2755 1004 2816 ἁπλῶς.
1036 2754 1171 2807 ἀλλά
1203 2753 1341 2823 μετά
1363 2752 1589 2821 ἀπειλῆς
1612 2753 1883 2823 φοϐερᾶςς
1909 2754 2157 2823 Μεγάλη’

572 2846 809 2897 δείκνυσι
842 2844 968 2911 γάρ,
1004 2844 1085 2895 ὅτι
1121 2841 1214 2894 καὶ
1236 2841 1322 2894 διά
1349 2841 1507 2894 τοῦτο
1542 2842 1826 2895 πείθεσθαι
1856 2844 2160 2911 ὀφείλουσιν

572 2933 739 3004 αὐτῷ.
780 2932 1031 2994 Τίέστιν,
1081 2932 1199 2985 Υίοὶ
1226 2930 1347 2983 τῶν
1378 2930 1719 3001 προφητῶν,
1756 2933 1855 2985 καὶ
1885 2932 1994 3002 τῆς
2032 2934 2158 2987 δια-

574 3020 791 3091 θήκηςς
819 3021 1175 3091 κληρονόμοι,
1215 3020 1467 3091 διάδοχοι.
1492 3023 1555 3073 Εἰ
1579 3017 1671 3074 οῦν
1697 3022 1821 3084 υἱοὶ,
1856 3023 1907 3075 τί
1936 3022 2012 3086 ώς
2033 3024 2161 3093 περὶ

574 3109 827 3178 ἀλλότρια
856 3107 1130 3160 διάκεισθε
1164 3107 1297 3177 πρὸς
1322 3108 1391 3161 τὰ
1420 3107 1699 3178 ὑμέτερα;
1744 3109 1887 3179 Ἀρα
1922 3127 2160 3179 κατηγο-

578 3195 697 3266 ρίας
720 3195 817 3265 μὲν
841 3194 1113 3265 ἐπράξατε
1139 3194 1265 3258 ἀξια
1284 3211 1298 3224 ’
1326 3195 1623 3265 δυνήσεσθε
1652 3195 1706 3248 δὲ
1735 3196 1884 3266 ὅμως
1917 3197 2162 3266 συγγνώ-

576 3302 683 3355 μης
709 3285 912 3353 τυχεῖν.
936 3279 1069 3336 Εἶτα
1096 3283 1283 3353 ἐπειδὴ
1321 3280 1442 3335 εἶπε
1473 3283 1663 3348 ταῦτα,
1715 3286 1941 3348 εἰκότως
1976 3287 2161 3339 λοιπὸν

571 3370 719 3441 λέγει
741 3388 754 3401 ·
798 3370 969 3440 Ὑμῖν
988 3372 1348 3424 ἀπέστειλεν
1382 3373 1414 3425 ό
1450 3370 1592 3437 Θεὸς
1624 3372 1730 3425 τὸν
1752 3373 1943 3426 Παῖδα
1970 3376 2160 3430 αὐτοῦ

572 3458 943 3529 εὐλογοῦντα
964 3457 1136 3527 ὑμᾶς.
1174 3458 1287 3510 υύκ
1310 3456 1449 3522 εἷπε,
1477 3456 1748 3525 Σώζοντα,
1784 3460 1899 3513 ἀλλ’
1922 3461 1950 3514 ὃ
1976 3463 2160 3532 μεῖζόν

573 3552 741 3613 ἐστιν,
771 3545 1158 3614 Εὐλογοῦντα
1176 3561 1189 3572 °
1215 3545 1451 3609 δεικνὺς,
1484 3546 1566 3599 ὅτι
1586 3548 1614 3600 6
1649 3548 1984 3619 σταυρωθεὶς
2008 3550 2152 3603 εὐλο-

573 3637 662 3705 γεῖ
683 3634 809 3698 τοὺς
858 3631 1299 3703 σταυρώσαντας.
1335 3632 1724 3703 Μιμησώμεθα
1770 3634 1947 3688 τοίνυν
1974 3636 2160 3691 τοῦτον

574 3724 667 3778 καὶ
689 3724 865 3793 ἡμεῖς.
906 3720 1255 3790 Ἐκϐάλωμεν
1280 3720 1458 3791 ψυχὴν
1488 3721 1712 3793 φονικὴν
1746 3724 1841 3777 καὶ
1871 3725 2157 3796 πολεμίαν.

572 3811 686 3881 υύχ
710 3805 870 3881 ἀρκεῖ
902 3808 961 3861 τὸ
997 3809 1071 3879 μὴ
1102 3807 1411 3878 ἀμύνασθαι
1438 3808 1631 3878 (τοῦτο
1654 3812 1749 3863 καὶ
1768 3827 1825 3863 εν
1854 3815 1917 3882 τῇ
1948 3812 2161 3885 Παλαιᾷ

572 3898 837 3968 γέγονεν),
860 3897 995 3950 ἀλλὰ
1030 3896 1208 3950 πάντα
1233 3898 1561 3967 πράττωμεν
1590 3899 1730 3969 ὑπὲρ
1760 3900 1870 3953 τῶν
1906 3901 2161 3971 ἠδικηκό-

575 4005 702 4052 των,
731 3988 806 4050 ὠς
840 3986 980 4057 ὑπὲρ
1008 3986 1176 4054 φίλων
1204 3985 1463 4057 γνησίων,
1496 3986 1573 4050 ώς
1605 3987 1745 4058 ὑπὲρ
1772 3989 1933 4061 ἡμῶν
1953 3990 2156 4046 αὐτῶν.

587 4074 827 4128 Ἐκείνου
853 4073 1094 4165 μιμηταί
1137 4074 1323 4143 ἐσμεν,
1360 4073 1571 4126 ἐκείνου
1605 4074 1843 4146 μαθηταὶ
1885 4076 1979 4129 τοῦ
2022 4079 2160 4148 μετά

572 4163 633 4216 τὸ
659 4149 1036 4233 σταυρωθῆναι
1069 4161 1247 4215 πάντα
1286 4161 1563 4226 κινοῦντος
1606 4162 1745 4235 ὑπὲρ
1775 4162 1883 4217 τῶν
1916 4182 2161 4237 σταυρω-

576 4250 803 4315 σάντων,
836 4251 927 4303 καὶ
958 4250 1082 4313 τοὺς
1111 4249 1441 4312 ἀποστόλους
1462 4251 1855 4321 ἐκπέμποντος.
1877 4252 2068 4306 Καίτοι
2095 4270 2158 4321 γε

574 4341 735 4409 ἡμεῖς
772 4337 1035 4407 πολλαχοῦ
1062 4337 1155 4391 καὶ
1181 4338 1407 4401 δικαίως
1435 4338 1719 4409 πάσχομεν
1743 4356 1755 4371 ⁸
1781 4341 1989 4404 ἐκεῖνος
2018 4340 2074 4394 δὲ
2096 4342 2157 4394 οὐ

577 4427 737 4495 μόνον
769 4425 984 4487 ἀδίκως,
1017 4424 1153 4477 ἀλλά
1180 4424 1275 4477 καὶ
1310 4426 1522 4489 ἀσεϐῶς
1544 4442 1557 4456 ⁸
1584 4427 1672 4481 τὸν
1702 4427 1998 4499 εὐεργέτην
2026 4428 2155 4500 γὰρ,

572 4512 664 4566 τὸν
694 4512 847 4565 οὐδὲν
894 4510 1209 4581 ἠδικηκότα,
1268 4512 1455 4567 τοῦτον
1495 4512 1866 4581 ἐσταύρωσαν.
1916 4516 2015 4569 Διά
2062 4518 2152 4584 τί;

572 4601 693 4654 είπέ
724 4618 834 4671 μοι,
868 4599 1025 4671 δόξης
1058 4600 1279 4665 ἐνεκεν;
1326 4602 1437 4653 Καὶ
1480 4601 1587 4671 μὴν
1619 4603 1781 4666 αὐτὸς
1808 4605 2007 4668 αὐτοὺς
2039 4606 2159 4658 ἐσέ-

574 4706 761 4759 μνυνε.
794 4688 949 4755 Πῶς;
996 4689 1128 4743 Ἐπὶ
1160 4688 1271 4757 τῆς
1318 4689 1579 4754 Μωσέως
1610 4691 1920 4760 καθέδρας,
1970 4694 2154 4763 φησὶν,

570 4780 857 4831 ἐκάθισαν
884 4778 938 4829 οί
981 4777 1339 4846 γραμματεῖς
1374 4777 1473 4830 καὶ
1497 4780 1550 4830 οί
1596 4780 1924 4846 Φαρισαῖοι.
1956 4783 2160 4837 Πάντα

572 4859 688 4919 οὖν
714 4862 752 4917 ἆ
772 4862 1056 4932 ,λέγουσιν
1099 4864 1240 4933 ὑμῖν
1268 4864 1481 4929 ποιεῖν,
1527 4867 1777 4920 ποιεῖτε’
1809 4870 1958 4923 κατὰ
1989 4870 2057 4923 δὲ
2090 4872 2159 4926 τὰ

572 4954 716 5021 ἔργα
737 4950 935 5005 αὐτῶν
954 4952 1039 5019 μὴ
1062 4952 1299 5006 ποιεῖτε.
1321 4954 1433 5006 Καὶ
1454 4954 1615 5009 πάλιν
1634 4955 1863 5027 ἀλλαχοῦ
1884 4972 1899 4988 ο
1917 4960 2155 5029 Ὕπαγε,

573 5040 775 5105 δεῖξον
795 5039 1151 5106 σεαυτὸντῷ
1178 5042 1335 5109 ἱερεῖ.
1362 5043 1471 5095 Καὶ
1490 5043 1785 5113 δυνάμενος
1834 5048 2027 5111 αὐτοὺς
2050 5051 2158 5104 όιπς⁵

570 5129 776 5192 ολέσαι,
820 5124 1005 5191 σώζει.
1046 5126 1246 5193 Τοῦτον
1276 5125 1369 5183 οῦν
1411 5131 1801 5201 μιμησώμεθα,
1834 5136 1929 5186 καὶ
1966 5136 2157 5205 μηδεὶς

573 5217 766 5287 ἐχθρός
795 5233 942 5280 τινος
975 5212 1135 5281 ἔστω,
1172 5217 1360 5288 μηδεὶς
1393 5218 1668 5291 πολέμιος,
1701 5220 1873 5292 ἀλλ’ἢ
1905 5222 1998 5277 τοῦ
2036 5225 2155 5279 δια-

572 5303 729 5357 δόλου
765 5304 947 5376 μόνον.

653 5390 712 5445 ε’.
729 5394 802 5445 Οὐ
831 5392 1027 5465 μικρόν
1050 5407 1102 5445 τι
1120 5391 1257 5464 πρὸς
1274 5394 1433 5449 τοῦτο
1446 5395 1539 5449 καὶ
1560 5396 1619 5449 τὸ
1637 5396 1713 5469 μὴ
1728 5398 1955 5469 ὀμνύναι
1976 5418 2157 5455 συντεο

572 5482 673 5545 λεῖ,
715 5482 806 5534 καὶ
836 5482 897 5535 τὸ
928 5481 1003 5553 μὴ
1032 5482 1369 5552 ὀργίζεσθαι.
1419 5484 1551 5538 Ἀπὸ
1580 5486 1671 5539 τοῦ
1730 5488 1803 5559 μὴ
1836 5490 2155 5559 ὀργίζεσθαι

569 5569 692 5623 οὐδὲ
721 5569 913 5639 ἐχθρὸν
940 5570 1151 5641 ἕξομεν.
1191 5571 1465 5640 Ἕκκοψον
1513 5572 1797 5644 ἀνθρώπου
1844 5578 1936 5630 τὸν
1964 5578 2150 5651 ὅρκον,

572 5659 665 5711 καὶ
690 5656 759 5710 τὰ
799 5655 975 5726 πτερά
1002 5657 1328 5727 περιέκοψας
1357 5659 1458 5729 τῆς
1484 5660 1675 5731 ὀργῆς,
1692 5663 1785 5715 τόν
1806 5664 1975 5735 θυμὸν
2003 5667 2154 5720 ἐσϐεο

574 5762 669 5809 σας
724 5746 959 5799 ᾶπαντα.
1009 5744 1217 5814 Ὠσπερ
1270 5746 1377 5817 γὰρ
1436 5747 1653 5818 πνεῦμα
1696 5751 1730 5820 ή
1776 5752 1933 5823 ὀργὴ,
1990 5756 2081 5808 καὶ
2127 5759 2156 5809 6

572 5829 729 5897 ὅρκος
748 5828 863 5882 ἐστί
884 5830 933 5882 δ.
960 5827 1207 5879 Χάλασον
1244 5830 1308 5881 τά
1340 5832 1501 5885 ἱστία·
1535 5832 1687 5885 οὐδὲν
1729 5833 1917 5903 ὄφελος
1960 5838 2150 5903 ίστίο-ςι,

636 5958 659 6022 _‘
698 5958 835 6022 μους
862 5958 1109 6022 γενέσθαι.Δ
1143 5959 1221 6015 Μὴ
1250 5959 1337 6022 γὰρ
1360 5962 1440 6014 ὡς.

632 6018 662 6059 δ
685 6018 836 6069 Sevi].
882 6018 1065 6079 πνεῦμα
1095 6020 1233 6083 ὀργῆς
1264 6023 1290 6069 6
1316 6018 1462 6083 ὅρκος
1485 6024 1607 6071 ἐστί.

2270 465 2579 536 πνεύματος
2616 467 2716 519 οὐκ
2743 465 2913 531 δντος.
2939 466 3033 518 Ἂν
3056 465 3235 519 τοίνυν
3261 464 3335 535 μὴ
3371 464 3682 535 κράζωμεν,
3724 465 3862 533 μηδὲ

2266 550 2577 621 ὀμνύωμεν,
2626 552 2694 603 τά
2725 550 2893 621 νεῦρα
2945 551 3281 619 ἐξεκόψαμεν
3328 548 3421 601 τοῦ
3477 548 3674 619 θυμοῦ.
3708 549 3766 601 Εἰ
3805 550 3864 601 δὲ

2266 634 2565 697 ἀπιστεῖτε,
2626 638 2821 704 πεῖραν
2849 634 3039 687 λάϐετε
3096 634 3189 686 τοῦ
3224 633 3564 704 πράγματος.
3630 632 3721 685 καὶ
3778 634 3863 684 ὅτι

2265 716 2438 778 οὓτως
2462 716 2595 787 ἔχει,
2617 718 2736 769 τότε
2752 717 3044 785 γνώσεσθε.
3069 718 3172 780 Θές
3205 717 3284 787 τῷ
3330 715 3657 785 θυμουμένῳ
3695 715 3865 785 νόμον

2268 800 2538 870 μηδέποτε
2568 800 2817 869 ὀμνύναι,
2874 802 2966 853 καὶ
2990 801 3093 853 οὐκ
3123 800 3516 871 ἀναγκασθήσῃ
3538 800 3665 866 περὶ
3683 802 3864 851 ἐπιει-

2264 884 2417 948 κείας
2467 884 2615 955 αὐτῷ
2647 884 3012 954 διαλεχθῆναι.
3074 883 3230 937 Οὕτω
3262 885 3323 937 τὸ
3351 886 3461 937 πᾶν
3483 885 3726 954 ῆνυσταυ
3765 884 3865 933 καὶ

2258 962 2388 1021 ’ἦτε
2413 969 2794 1039 ἐπιορκήσετε,
2822 966 2941 1020 οὐτε
2962 966 3224 1038 ὀμόσεσθε
3242 966 3400 1029 ὅλως.
3432 967 3547 1018 Οὐκ
3588 965 3722 1027 ίστε,
3777 966 3863 1028 είς

2264 1064 2395 1114 οσας
2427 1052 2654 1115 ἀτοπίας
2684 1052 2909 1113 ἐαυτοὺς
2939 1051 3185 1103 ἐντεῦθεν
3220 1050 3553 1119 ἐμϐάλλετε;
3614 1050 3861 1118 Ἀνάγκη

2266 1135 2373 1206 γάρ
2410 1136 2592 1206 δεσμῴ
2620 1138 2846 1199 ἐαυτοὺς
2876 1135 3311 1205 περιϐάλλοντες,
3336 1134 3428 1187 καὶ
3461 1135 3610 1207 πάσῃ
3640 1136 3862 1203 μηχανῇ

2267 1220 2659 1285 σπουδάζοντες
2695 1220 2835 1273 ὥστε
2863 1221 3113 1290 καθάπερ
3150 1220 3206 1285 ἐξ
3241 1218 3484 1287 ἀφύκτου
3512 1219 3655 1281 τινὸς
3686 1217 3864 1270 κακοῦ

2263 1304 2363 1375 τὴν
2381 1304 2558 1375 ψυχὴν
2584 1304 2890 1370 ἐξελκύσαι,
2932 1302 3049 1357 εἶτα
3070 1306 3143 1374 μὴ
3172 1304 3491 1373 δυνηθέντες
3509 1314 3557 1369 ο,
3576 1302 3760 1354 λοιπὸν
3802 1304 3866 1353 ἐν

2263 1388 2423 1459 ὀδύνῃ
2462 1388 2672 1457 διάγειν
2732 1388 2826 1439 καὶ
2858 1389 3079 1458 μάχαις,
3106 1388 3200 1439 καὶ
3244 1384 3478 1457 ἀρᾶσθαι
3529 1386 3605 1455 τῷ
3669 1384 3866 1454 mu;-

2264 1472 2403 1525 ἀλλά
2436 1474 2614 1527 πάντα
2639 1472 2762 1542 είκῆ
2817 1472 2913 1524 καὶ
2964 1473 3144 1542 μάτην
3172 1471 3402 1539 γίνεται.
3449 1468 3659 1522 Οὐκοῦν
3706 1467 3866 1520 ἀπεί-

2265 1556 2448 1625 λησον.
2498 1556 2763 1625 διόρισαι,
2804 1557 2979 1611 πάντα
3024 1556 3252 1625 ποίησον
3288 1554 3453 1625 χωρὶς
3504 1554 3691 1622 ὅρκου.
3732 1551 3860 1615 Ἐξο

2266 1657 2413 1693 εστιν
2446 1638 2708 1693 ἀναλῦσαι
2740 1639 2835 1692 καὶ
2862 1639 2928 1691 τὰ
2953 1637 3230 1707 λεχθέντα,
3261 1640 3353 1690 καὶ
3379 1638 3447 1690 τά
3481 1637 3767 1705 γενόμενα.
3795 1636 3867 1687 ἂν

2266 1723 2445 1796 θέλῃς.
2472 1722 2627 1777 Οὕτω
2664 1726 2902 1794 τήμερον
2947 1723 3156 1791 ἀνάγκη
3193 1722 3494 1790 πραότερον
3534 1722 3661 1788 ὑμῖν
3684 1719 3865 1771 διαλε-

2265 1806 2480 1877 χθῆναι.
2499 1807 2718 1879 Ἐπειδὴ
2744 1806 2851 1877 γὰρ
2866 1806 3155 1874 ἠκούσατε,
3172 1806 3263 1857 καὶ
3293 1805 3351 1857 τὸ
3386 1803 3546 1856 πλέον
3580 1804 3606 1854 ὑ
3616 1806 3707 1873 μῖν
3732 1819 3869 1855 κατ-

2266 1890 2539 1960 ώρθωται.
2578 1891 2714 1961 Φέρε
2751 1891 2813 1962 δὴ
2850 1891 3054 1954 λοιπὸν,
3104 1890 3246 1951 τίνος
3272 1889 3456 1941 ἕνεκεν
3490 1888 3817 1957 ἐπεισῆλθεν
3839 1890 3867 1940 6

2266 1970 2571 2043 [Πῖὸρκος,
2591 1973 2684 2026 καὶ
2701 1973 2787 2026 διὰ
2799 1974 2850 2026 τί
2875 1972 3223 2043 συνεχωρήθη
3244 1968 3401 2035 εἶναι,
3422 1972 3848 2041 εἴπωμεν.”Ανω

2265 2056 2357 2109 θεν
2381 2056 2477 2126 τὴν
2499 2057 2711 2123 γένεσιν
2742 2057 2907 2110 αὐτοῦ
2950 2056 3320 2127 διηγούμενοι,
3351 2057 3445 2107 καὶ
3473 2056 3598 2108 πότε
3640 2054 3863 2123 ἐτέχθη,

2266 2140 2359 2191 καὶ
2377 2138 2512 2201 πῶς.
2528 2141 2621 2192 καὶ
2638 2140 2789 2211 παρά
2807 2139 2987 2203 τίνων,
3005 2138 3350 2209 ἀμειψόμεθα
3370 2139 3513 2207 ὑμᾶς
3531 2140 3595 2207 τῇ
3614 2137 3867 2206 διηγήσει

2267 2221 2404 2290 ὑπὲρ
2431 2225 2531 2292 τῆς
2562 2222 2982 2292 ὑπακοῆςά.’1’ὸν
3012 2225 3109 2293 μὲν
3143 2222 3251 2292 γὰρ
3272 2221 3674 2291 κατωρθωκότα
3693 2223 3865 2285 ἀναγ-

2267 2308 2421 2357 καῖον
2463 2307 2555 2357 καὶ
2597 2306 2940 2375 φιλοσοφεῖνο
2990 2308 3081 2359 τὸν
3130 2307 3185 2359 δέ
3248 2306 3495 2375 μηδέπω,
3547 2304 3668 2355 οὐδέ
3708 2303 3869 2370 λόγον

2265 2388 2496 2441 ἀκοῦσαι
2535 2388 2702 2454 ἀξιον.
2745 2389 3038 2460 Ἐποίησαν
3087 2388 3359 2459 συνθήκας
3414 2388 3612 2451 πολλὰς
3642 2388 3691 2441 οί
3734 2388 3871 2457 περὶ

2263 2472 2355 2523 τὸν
2397 2470 2673 2543 ’Δϐραάμ,
2719 2473 2813 2525 καὶ
2841 2473 3081 2542 ἔσφαξαν
3113 2472 3348 2541 θύματα,
3387 2473 3480 2525 καὶ
3510 2471 3701 2534 θυσίας
3732 2472 3869 2537 ἀνήρ

2264 2571 2487 2623 νεγκαν,
2506 2556 2600 2607 καὶ
2626 2556 2837 2609 οὐδέπω
2858 2556 2924 2627 ἦν
2953 2558 3136 2626 ὅρκος.
3166 2556 3338 2608 Πόθεν
3366 2550 3459 2607 οὖν
3480 2554 3804 2623 ἐπεισῆλθεν
3839 2556 3872 2607 6

2264 2640 2459 2710 ὄρκος;
2507 2639 2637 2693 Ὅτε
2665 2640 2732 2693 τὰ
2766 2641 2913 2694 κακά
2952 2641 3188 2711 ηὐξήθη,
3248 2643 3337 2693 ὅτε
3374 2640 3549 2692 πάντα
3579 2638 3712 2709 ὀμοῦ
3749 2639 3865 2694 ἀνω

2267 2724 2360 2776 καὶ
2390 2725 2539 2777 κάτω
2558 2725 2799 2792 γέγονεν,
2814 2726 2902 2778 ὅτε
2932 2725 3065 2795 πρὸς
3080 2723 3521 2793 είδωλολατρείαν
3542 2723 3864 2776 ἀπέκλιναν·

2265 2808 2385 2861 τότε
2406 2807 2492 2877 δὴ,
2519 2808 2661 2873 τότε,
2690 2809 2777 2860 ὅτε
2825 2810 3041 2862 ἄπιστοι
3064 2808 3248 2860 λοιπὸν
3276 2808 3575 2875 ἐφαίνοντο,
3608 2806 3701 2859 τὸν
3733 2806 3871 2859 Θεὸν

2264 2891 2496 2944 ἐκάλουν
2522 2891 2795 2961 μάρτυρα,
2838 2890 3027 2961 ὥσπερ
3075 2891 3350 2963 ἐγγυητὴν
3382 2891 3614 2953 διδόντες
3643 2890 3748 2943 τῶν
3772 2890 3867 2941 λε-

2264 2974 2511 3045 γομένων
2543 2974 2863 3045 ἀξιόχρεων.
2926 2975 3098 3027 Τοῦτο
3129 2977 3237 3045 γὰρ
3264 2978 3424 3046 ὅρκος
3454 2976 3591 3037 ἐστὶ,
3646 2975 3871 3045 τρόπων

2265 3059 2681 3128 ἀπιστουμένων
2698 3058 3063 3129 ἐγγύη.’Ὢστε
3082 3059 3272 3130 πρώτη
3289 3061 3592 3130 κατηγορία
3616 3060 3752 3131 αὐτη
3771 3060 3871 3112 τοῦ

2265 3141 2573 3212 ὀμνύοντος,
2598 3144 2643 3194 εί
2674 3144 2749 3214 μὴ
2780 3144 3085 3195 πιστεύοιτο
3113 3144 3282 3213 χωρὶς
3303 3144 3635 3213 ἐγγύου,καὶ
3661 3146 3871 3213 ἐγγύου

2269 3224 2529 3293 μεγάλου·
2554 3224 2642 3277 διὰ
2670 3226 2776 3297 γὰρ
2794 3226 2893 3295 τὴν
2930 3225 3132 3295 πολλὴν
3169 3228 3427 3279 ἀπιστίαν
3456 3228 3553 3279 οὐκ
3579 3227 3872 3294 ἄνθρωπον

2266 3306 2521 3376 ζητοῦσιν
2580 3308 2797 3376 ἔγγυον,
2835 3308 2970 3361 ἀλλὰ
3004 3310 3092 3361 τὸν
3122 3309 3271 3362 Θεόν.
3315 3310 3597 3379 Δεύτερον,
3632 3312 3725 3364 καὶ
3767 3312 3869 3365 τοῦ

2263 3391 2633 3460 λαμϐάνοντος
2657 3391 2748 3444 τὸν
2777 3393 2937 3462 ὅρκον
2963 3393 3022 3445 τὸ
3042 3392 3173 3445 αὐτὸ
3204 3393 3476 3464 ἔγκλημα.
3494 3395 3543 3447 εί
3583 3396 3722 3466 ὑπὲρ
3748 3413 3871 3448 συν-

2264 3476 2630 3547 αλλαγμάτων
2668 3476 3079 3547 διαφερόμενος,
3108 3476 3199 3529 τὸν
3244 3477 3377 3531 Θεὸν
3402 3478 3549 3531 ἕλκοι
3585 3480 3722 3551 πρὸς
3766 3481 3874 3551 τήν

2265 3558 2488 3627 ἐγγύην,
2512 3559 2605 3611 καὶ
2622 3559 2769 3627 λέγοι
2794 3560 2867 3631 μὴ
2896 3560 3248 3627 ἀφίστασθαι,
3278 3562 3326 3614 εἰ
3352 3562 3427 3632 μὴ
3461 3563 3669 3615 ἐκεῖνον
3686 3562 3868 3619 λάϐοι.

2269 3647 2332 3699 Ὢ
2360 3647 2458 3716 τῆς
2494 3646 2944 3718 ὑπερϐαλλούσης
2978 3648 3354 3719 ἀναισθησίας,
3395 3648 3441 3702 ὣ
3468 3651 3566 3720 τῆς
3609 3649 3867 3722 ὕϐρεωςι

2266 3727 2480 3799 σκώληξ
2502 3730 2594 3782 καὶ
2616 3730 2685 3800 γῆ
2717 3729 2809 3782 καὶ
2838 3729 3030 3793 σποδὸς
3069 3731 3354 3801 τυγχάνων
3381 3734 3476 3786 καὶ
3514 3735 3740 3799 καπνὸς,
3771 3736 3873 3792 ’τὸν

2263 3814 2541 3891 Δεσπόεην
2573 3832 2665 3866 σου
2688 3814 2867 3878 ἕλκεις
2892 3817 2971 3877 εἰς
3002 3815 3228 3885 ἐγγύην,
3246 3818 3497 3870 κάκεῖνον
3530 3818 3869 3889 ἀναγκάζεις

2262 3896 2467 3951 λαϐεῖν.
2504 3897 2637 3949 Εἰπέ
2667 3914 2757 3967 μοι
2784 3908 2829 3961 ε,
2865 3899 2913 3950 εί
2936 3897 3044 3950 τῶν
3084 3898 3290 3953 παίδων
3315 3900 3469 3970 ὑμῶν
3501 3901 3869 3971 φιλονεικούν-

2262 3998 2371 4035 των
2439 3980 2577 4051 πρὸς
2635 3980 2939 4051 ἀλλήλους,
3003 3984 3097 4035 καὶ
3155 3985 3569 4055 ἀπιστουμένων
3622 3987 3867 4053 ἐαυτοῖς,

2262 4062 2463 4135 ἔφησεν
2501 4067 2529 4117 6
2574 4065 2863 4135 όμόδουλος
2909 4066 2984 4138 μὴ
3027 4066 3465 4138 ἀποστήσεσθαι,
3515 4070 3620 4133 ἕως
3665 4070 3733 4123 ἂν
3772 4074 3867 4126 τὸν

2262 4150 2439 4203 κοινὸν
2467 4150 2731 4219 δεσπότην
2778 4151 3053 4221 ἐγγυητὴν
3090 4151 3265 4206 λάϐοι·
3295 4149 3403 4225 ἄρα
3444 4154 3543 4206 οὐκ
3574 4154 3640 4207 ἀν
3698 4156 3867 4212 ἔλαϐε

2264 4232 2477 4302 πληγὰς
2515 4232 2733 4303 μυρίας,
2759 4234 2855 4286 καὶ
2877 4234 3100 4304 ἔμαθεν.
3133 4236 3315 4306 ὃτιτῷ
3352 4236 3588 4311 δεσπότῃ
3619 4239 3701 4303 είς
3723 4240 3869 4295 ἀλλα

2265 4315 2568 4387 κεχρῆσθαι
2600 4316 2699 4381 δεῖ,
2746 4317 2848 4369 οὐκ
2879 4319 2958 4381 είς
2986 4318 3190 4381 ταῦτα;
3256 4321 3320 4373 Τί
3344 4320 3488 4389 λέγω
3524 4322 3819 4393 ὁμόδουλον
3848 4342 3867 4393 ;

2265 4400 2327 4451 Εί
2364 4398 2473 4470 γὰρ
2522 4398 2945 4471 αίδεσιμώτερον
2998 4401 3169 4455 είλετο
3208 4402 3396 4473 ἄνδρα,
3432 4406 3531 4475 οὐχ
3579 4405 3736 4477 ὓϐριν
3802 4410 3869 4462 τὸ

2262 4485 2497 4554 πρᾶγμα
2528 4485 2773 4553 ἡγήσατο
2804 4486 2904 4552 ἀν;
2948 4486 3086 4538 Ἀλλ’
3117 4486 3227 4555 ἐγώ
3260 4488 3320 4540 οὐ
3380 4488 3662 4560 βούλομαι,
3700 4494 3862 4561 φησί.

2262 4565 2478 4630 Καλῶς·
2507 4566 2703 4621 οὐκοῦν
2756 4568 2891 4639 μηδέ
2927 4571 3135 4624 ἐκεῖνον
3165 4571 3466 4639 ἀνάγκαζε,
3492 4573 3619 4627 ἐπεὶ
3644 4574 3736 4627 καὶ
3771 4577 3868 4628 ἐπ’

2259 4649 2563 4721 ἀνθρώπων
2590 4650 2751 4703 τοῦτο
2783 4651 3010 4719 γίνεται,
3042 4653 3108 4706 ἀν
3146 4651 3297 4727 εἴπῃ,
3341 4656 3444 4708 Τὸν
3474 4657 3620 4711 δεῖνα
3662 4657 3863 4729 δίδωμι

2262 4732 2553 4803 ἐγγυητὴν,
2588 4735 2652 4788 σὺ
2680 4734 2782 4787 οὐκ
2812 4736 2999 4807 ἀνέχῃ.
3033 4737 3097 4789 Τί
3126 4732 3252 4803 οῦνς
3283 4738 3377 4791 καὶ
3405 4740 3676 4808 ἀπολέσω,
3698 4744 3859 4812 φησι,

2261 4816 2321 4869 τὸ
2362 4818 2667 4887 διδόμενον;
2709 4820 2783 4874 Οὐ
2824 4820 2969 4889 λέγω
3017 4820 3208 4887 τοῦτο,
3260 4821 3397 4875 ἀλλά
3458 4824 3541 4877 ὅτι
3578 4824 3671 4878 τὸν
3723 4824 3865 4880 Θεὸν

2262 4904 2483 4976 ὑϐρίσαι
2510 4905 2700 4978 ἀνέχῃ.
2750 4908 2838 4960 Διὸ
2867 4910 2962 4962 καὶ
3015 4908 3215 4979 μᾶλλον
3248 4913 3275 4962 6
3312 4911 3753 4980 καταναγκάζων
3826 4916 3861 4985 ἢ

2260 4990 2286 5041 6
2315 4987 2483 5058 ὀμνὺς
2508 4989 2880 5061 ἀπαραίτητον
2911 4992 3023 5061 ἐχει
3050 4993 3147 5063 τὴν
3179 4994 3419 5047 κόλασιν·
3468 4994 3734 5062 ὡσαύτως
3760 5002 3863 5055 καὶ

2259 5073 2287 5124 6
2311 5072 2535 5143 μηδενὸς
2566 5074 3041 5146 αίτοῦντοςόμνύς.
3069 5077 3176 5129 Καὶ
3200 5077 3259 5130 τὸ
3279 5078 3342 5149 δὴ
3360 5078 3759 5152 χαλεπώτερον,
3773 5082 3860 5139 ὃτι

2259 5156 2447 5226 ὀμνύει
2498 5158 2725 5222 ἕκαστος
2777 5159 2917 5231 ὑπὲρ
2954 5159 3139 5213 ὀϐολοῦ
3190 5162 3327 5225 ἐνὸς,
3361 5163 3501 5234 ὑπὲρ
3535 5165 3858 5240 προσθήκης

2264 5242 2483 5310 μικρᾶς,
2504 5242 2645 5312 ὑπὲρ
2676 5241 2909 5305 ἀδικίας.
2944 5243 3148 5305 Ταῦτα,
3169 5246 3296 5299 ὅταν
3319 5245 3393 5316 μὴ
3409 5240 3854 5321 ὧσινέπιορκίαι.

2259 5322 2325 5376 ἀν
2386 5324 2442 5377 δὲ
2497 5326 2749 5396 ἐπιορκία
2803 5327 3287 5401 παρακολουθήσῃ,
3352 5331 3529 5385 πάντα
3588 5332 3703 5387 ἀνω
3760 5338 3861 5391 καὶ

2260 5406 2426 5468 κάτω.
2458 5408 2555 5463 καὶ
2582 5410 2611 5461 ό
2633 5408 2835 5471 λαϐὼν,
2859 5410 2952 5464 καὶ
2970 5413 2997 5464 6
3028 5412 3152 5475 δοὺς
3180 5414 3494 5485 πεποίηκεν.
3533 5416 3675 5469 Ἀλλ’
3705 5418 3859 5474 ἐστιν

2257 5489 2598 5562 ἀγνοούμενά
2625 5511 2766 5557 τινα,
2805 5494 2986 5562 φησίν.
3037 5495 3198 5548 Ἀλλά
3234 5497 3407 5550 ταῦτα
3441 5499 3857 5570 προορώμενος,

2261 5574 2428 5644 μηδὲν
2458 5576 2603 5629 ποίει
2658 5575 2936 5647 ῥᾳθύμως·
2965 5579 3015 5631 εί
3046 5578 3100 5631 δὲ
3137 5579 3396 5651 ῥᾳθύμως
3430 5585 3636 5645 ποιεῖς,
3690 5585 3859 5639 ἀπαί-

2257 5674 2337 5710 τει
2392 5660 2589 5712 σαυτὸν
2624 5660 2780 5729 δίκην
2832 5663 3058 5732 ζημίας.
3113 5663 3331 5719 Βέλτιον
3385 5666 3527 5719 οὕτω
3571 5668 3861 5739 ζημιωθῆ-

2258 5759 2365 5806 ναι,
2394 5743 2427 5811 ἢ
2459 5744 2681 5812 ἑτέρως.
2736 5745 2871 5799 Είπέ
2926 5747 3037 5818 γάρ
3088 5766 3199 5818 μοι,
3234 5751 3414 5814 ἕλκεις
3456 5754 3536 5815 είς
3568 5753 3734 5823 ὂρκον
3764 5754 3862 5808 τὸν

2258 5824 2445 5897 ἄνδρα,
2476 5827 2528 5878 τί
2564 5829 2904 5898 προσδοκῶν;
2954 5832 3036 5885 ὅτι
3090 5834 3444 5905 ἐπιορκήσει;
3497 5836 3657 5889 Ἀλλά
3696 5834 3865 5892 τοῦτο

2326 5967 2542 6036 ςᾼίῖοόιπχ-
2570 5983 2718 6036 unus_
2739 5971 2987 6024 ἐξελκύσαι
3030 5975 3390 6032 σπουδάζοντες,
3414 5979 3442 6029 ἢ
3474 5980 3536 6035 μή
3564 5979 3855 6036 δυνηθέντες.

2263 6027 2288 6068 ά
2313 6030 2446 6079 Idem
2466 6032 2576 6093 ὐπὲῖ
2596 6038 2675 6090 τῆς
2700 6034 2865 6092 ἀκοῆς.
2947 6036 3079 6086 (Αιιι
3100 6027 3271 6099 ἀνσγκο
3285 6027 3602 6100 ζειςέλκύοαι,
3640 6027 3739 6093 είπέ
3761 6027 3862 6107 ac";
