4092 6496
160 376 216 431 81
1155 367 1216 422 IN
1261 367 1436 421 ACTA
1478 365 2007 422 APOSTOI.ORUSL
2052 365 2282 422 IIO.\III..
2329 364 2416 421 IX.
3398 373 3470 430 82

153 485 296 550 estis,
328 483 536 556 inquit,
570 484 670 553 ﬁlii
695 483 1078 554 praplteturum,
1111 491 1155 534 et
1179 481 1460 534 testamenti
1485 479 1621 551 quod
1639 478 1749 532 dis-

154 575 317 641 posuit
342 572 504 631 Deus.
528 567 862 638 Testamenti,
895 572 1086 642 inquit,
1116 571 1243 639 ﬁlii,
1272 569 1321 624 id
1344 578 1449 638 est,
1483 567 1747 624 hmredcs.

153 664 230 718 Ne
257 665 571 719 viderentur
596 663 741 718 enim
771 664 886 716 haec
916 678 981 717 ex
1014 661 1275 717 beneﬁcio
1300 661 1443 715 Petri
1467 660 1714 729 accipere
1732 698 1749 724 ,

149 755 387 809 ostendit
409 755 520 824 jam
553 755 681 808 olim
710 753 812 808 illis
843 753 946 807 hoc
987 752 1228 808 debitum
1268 751 1467 818 fuisse,
1499 759 1558 805 ut
1583 749 1753 819 magis

147 848 439 903 crederent
463 847 516 901 id
553 847 665 914 Deo
693 847 945 917 placitum
970 860 1113 900 esse.
1153 844 1301 898 Vobis
1331 844 1551 913 primunt
1575 841 1711 897 Deus
1732 880 1749 905 ,

148 939 362 1008 inquit,
391 953 508 992 eum
538 940 826 993 suscitassct
846 980 862 1003 ,
893 939 1058 1006 ﬁlium
1087 952 1238 991 suam
1284 937 1437 990 misit.
1476 934 1754 989 Nonsim—

149 1030 366 1098 pliciter
392 1030 568 1095 dixit,
597 1030 763 1086 Vobis
789 1031 934 1085 misit
976 1029 1170 1083 Filium
1198 1044 1356 1084 suum
1386 1045 1399 1094 ;
1428 1026 1523 1082 scd
1552 1027 1711 1080 etiam
1734 1067 1750 1093 ,

149 1134 275 1192 post
314 1125 804 1191 resurrectionem,
835 1132 892 1179 et
928 1122 1145 1194 quando
1188 1122 1482 1178 crucifixus
1521 1121 1642 1176 fuit.
1674 1119 1754 1175 Ne

146 1226 404 1286 putarent
431 1218 576 1273 enim
604 1217 778 1287 ipsum
807 1215 1022 1286 quidem
1053 1214 1168 1272 hme
1191 1215 1442 1286 Iargitum
1470 1230 1610 1278 esse,
1644 1228 1750 1267 non

145 1326 282 1366 vero
312 1311 523 1366 Patrem
545 1351 562 1378 ,
594 1311 714 1366 ideo
747 1309 951 1365 addidit
980 1309 1107 1364 illud
1133 1352 1148 1377 ,
1177 1307 1562 1362 Beuediceulem
1592 1305 1750 1361 vobis.

144 1405 204 1458 Si
232 1406 378 1461 enim
409 1404 606 1460 fmtrer
633 1413 813 1460 vester
838 1413 923 1459 est
942 1414 996 1460 et
1027 1402 1296 1460 benedicit
1317 1401 1488 1466 vobis,
1523 1400 1752 1471 promis'

141 1498 230 1551 sio
251 1513 342 1553 res
370 1506 479 1563 est;
512 1496 562 1553 id
591 1508 694 1563 est,
722 1497 953 1552 Tantum
982 1496 1156 1562 abest,
1180 1506 1237 1549 ut
1263 1510 1368 1550 non
1389 1493 1754 1550 communice-

143 1590 216 1645 tis
242 1604 368 1645 cum
399 1589 503 1651 his.
531 1600 590 1643 ut
618 1590 778 1644 etiam
804 1603 900 1642 vos
925 1587 1049 1642 aliis
1083 1595 1333 1641 auctores
1359 1594 1414 1640 et
1437 1585 1603 1640 duces
1631 1598 1753 1640 esse

141 1682 302 1737 \elil.
329 1680 408 1736 Ne
433 1681 613 1751 itaque
635 1695 731 1735 vos
770 1690 826 1734 nt
866 1680 1061 1748 abjecti
1089 1689 1145 1735 et
1180 1678 1447 1749 repudiati
1487 1677 1749 1733 habeatis.

144 1772 220 1828 Ut
244 1783 502 1827 convertat
523 1791 595 1837 se,
617 1773 806 1844 inquit,
830 1773 1174 1843 unusquisque
1190 1772 1254 1826 ab
1274 1771 1640 1840 iniquitatibus.
1664 1770 1754 1827 Sic

139 1881 247 1920 vos
277 1866 595 1932 benedicet,
623 1875 677 1920 et
703 1881 811 1920 non
843 1866 1182 1934 simpliciter.
1209 1864 1394 1935 Ecqua
1428 1866 1544 1919 lucc
1583 1864 1749 1919 bene-

137 1959 350 2014 dictio?
373 1959 580 2030 Magna.
613 1959 797 2030 Neque
822 1959 966 2015 enim
993 1959 1236 2014 converti
1260 1958 1331 2014 ab
1359 1958 1748 2029 iniquitatibus,

135 2051 277 2107 satis
306 2060 388 2108 est
423 2051 489 2106 ad
534 2053 653 2108 illas
681 2052 966 2110 solvendas
995 2071 1008 2106 :
1036 2053 1079 2108 si
1107 2062 1288 2107 autem
1325 2052 1394 2107 ad
1435 2050 1751 2108 solvendum

137 2158 254 2197 non
302 2142 542 2211 sufficit,
586 2143 856 2214 quomodo
900 2142 1334 2199 benedictionem
1370 2143 1499 2198 dare
1545 2142 1753 2212 possit?

135 2235 331 2306 Neque
355 2236 502 2292 enim
528 2237 619 2306 qui
668 2236 867 2306 injuste
911 2236 1052 2306 egit,
1093 2238 1204 2305 jam
1245 2235 1625 2300 benedicitur,
1655 2234 1752 2289 sed

136 2336 491 2396 peccatorum
533 2328 908 2383 remissionem
936 2329 1152 2398 accipit.
1184 2327 1314 2382 Illud
1343 2338 1524 2383 autem
1550 2368 1564 2392 ,
1600 2326 1749 2380 Tam-

130 2436 300 2489 quam
326 2436 426 2485 me,
455 2420 557 2477 nisi
579 2421 876 2475 secundum
899 2418 1253 2490 legislationis
1280 2419 1498 2474 modum
1529 2419 1754 2488 accipia-

135 2522 232 2567 tur
253 2554 270 2579 ,
303 2512 506 2568 nullam
536 2521 716 2584 potest
737 2512 1002 2568 rationem
1031 2513 1251 2568 habere.
1283 2510 1464 2583 Ipsum
1494 2505 1751 2578 audietis,

131 2606 348 2675 inquit:
378 2621 552 2676 neque
581 2606 914 2676 simpliciter,
943 2605 1182 2669 sed,Erit
1207 2584 1372 2662 omnis
1401 2610 1573 2663 anima
1595 2651 1611 2675 ,
1640 2624 1756 2679 qua!

131 2713 245 2751 non
290 2697 515 2752 audierit
549 2700 848 2769 prophetam
864 2699 1031 2765 illum,
1054 2701 1471 2756 exterminabitur
1507 2702 1570 2756 de
1589 2702 1750 2771 plebe.

131 2787 375 2855 Quando
415 2789 536 2843 illos
585 2799 894 2858 peccatores
927 2790 1208 2856 ostendit,
1261 2791 1498 2862 ipsisque
1540 2794 1751 2849 veniam

130 2880 333 2946 dedit,
363 2880 613 2952 bonaque
645 2883 925 2952 promisit;
955 2892 1084 2939 tunc
1121 2885 1362 2940 ostendit
1386 2885 1622 2957 Moysem
1652 2887 1754 2941 hoc

134 2973 322 3042 ipsum
361 2971 583 3027 dixisse.
630 2973 694 3028 Et
738 2989 982 3044 quaenam
1028 2975 1145 3030 bzec
1196 2980 1578 3048 consequentia
1629 2990 1752 3046 est,

138 3063 323 3134 Usque
348 3064 418 3116 ad
454 3074 686 3135 tempora
723 3066 1086 3132 restitutionis;
1114 3079 1170 3123 et
1211 3068 1468 3124 inducere
1512 3070 1750 3140 Moysem

133 3157 444 3224 dicentem,
470 3172 565 3212 eos
590 3158 772 3214 omnia
796 3201 812 3225 ,
845 3175 966 3228 qua:
989 3159 1132 3214 dicet
1159 3159 1407 3217 Christus
1429 3205 1444 3228 ,
1473 3162 1754 3219 audituros

133 3265 306 3316 esse;
339 3267 514 3323 neque
541 3253 860 3324 simpliciter
883 3294 898 3318 ,
927 3254 1022 3308 sed
1048 3269 1170 3309 cum
1201 3255 1425 3311 terribili
1453 3256 1751 3312 commina-

138 3345 342 3400 tione?
369 3344 556 3416 Magna
587 3364 600 3400 :
628 3347 867 3402 ostendit
893 3348 1038 3402 enim
1083 3359 1138 3404 et
1169 3359 1390 3419 propter
1428 3349 1531 3420 hoc
1561 3352 1635 3406 illi
1664 3352 1753 3407 ου.

140 3437 440 3506 temperari
478 3445 752 3506 oportere.
785 3436 926 3505 Quid
963 3446 1046 3494 est
1071 3479 1086 3504 ,
1131 3437 1259 3493 Filii
1300 3442 1662 3511 prophetarum
1708 3453 1755 3498 et

139 3529 479 3582 testamenti?
510 3527 764 3586 [laedes
787 3572 804 3604 ,
844 3545 1209 3588 successores.
1238 3531 1293 3588 Si
1334 3549 1465 3604 ergo
1495 3535 1590 3590 lilii
1612 3577 1626 3602 ,
1656 3551 1755 3592 cur

137 3636 273 3690 erga
301 3635 390 3676 res
415 3631 652 3688 vestras,
680 3631 740 3677 ut
761 3638 888 3694 erga
916 3625 1152 3692 alienas,
1181 3625 1357 3683 aﬂecti
1387 3628 1557 3684 estis?
1589 3629 1755 3699 Igitur

137 3713 496 3769 accusatione
541 3714 757 3783 quidem
799 3715 956 3786 digna
1000 3717 1246 3785 fecistis;
1294 3720 1536 3789 poteritis
1572 3730 1751 3777 tamen

139 3803 363 3858 veniam
393 3805 671 3875 consequi.
701 3805 903 3863 Deinde
930 3817 1212 3878 postquam
1237 3809 1351 3867 haec
1374 3811 1604 3883 dixerat,
1629 3813 1753 3883 jure

139 3896 380 3967 adjicit:
425 3896 575 3952 Vobis
611 3898 746 3953 misit
784 3898 921 3954 Deus
963 3900 1156 3956 Filium
1195 3919 1343 3958 suum
1383 3904 1753 3960 benediceutem

139 4004 256 4042 vos.
291 3987 408 4043 Non
453 3989 604 4056 dicit,
632 3988 969 4060 Servantem,
1000 3993 1117 4062 sed,
1145 3994 1290 4065 quod
1317 3997 1490 4065 majus
1517 4007 1619 4062 est,
1650 3997 1750 4052 Bo-

142 4084 504 4151 udicentem;
530 4084 824 4140 ostendens
861 4085 1176 4142 cruciﬁxum
1217 4087 1622 4146 benedielurum
1657 4107 1753 4148 eos

140 4189 314 4241 esse,
361 4175 452 4245 qui
495 4191 555 4230 se
593 4175 999 4234 cruciﬁxerunt.
1048 4178 1202 4235 Hunc
1252 4196 1381 4252 ergo
1412 4197 1512 4239 nos
1539 4198 1754 4254 quoque

143 4271 430 4325 imitemur
461 4286 476 4324 :
502 4270 778 4339 cjiciamus
801 4273 1035 4328 animam
1063 4277 1462 4347 sanguinariam
1487 4289 1541 4336 et
1569 4281 1752 4335 inimi-

141 4379 294 4418 cam.
325 4362 444 4418 Non
489 4363 687 4420 sufficit
721 4381 830 4421 non
869 4367 1077 4424 ulcisci.
1111 4367 1221 4425 Hoc
1247 4381 1302 4427 et
1342 4372 1396 4426 in
1441 4376 1608 4430 veteri
1636 4375 1753 4447 lege

143 4455 352 4511 factum
382 4465 495 4523 est;
526 4456 622 4512 sed
645 4459 826 4513 omnia
850 4458 1108 4516 faciamus
1140 4477 1237 4533 pro
1265 4463 1352 4529 iis,
1384 4465 1474 4536 qui
1510 4482 1609 4522 nos
1654 4468 1750 4522 Izc-

141 4557 380 4614 serunt,
408 4548 561 4618 quasi
590 4563 690 4619 pro
726 4550 913 4606 amicis
940 4555 1214 4624 germanis
1237 4596 1252 4620 ,
1285 4557 1437 4626 quasi
1469 4573 1567 4628 pro
1596 4561 1752 4616 nobis

143 4639 309 4708 ipsis.
345 4637 499 4695 Illius
541 4639 839 4700 imitatores
879 4658 1103 4712 sumus,
1150 4645 1295 4705 illius
1337 4651 1620 4721 discipuli,
1660 4655 1751 4725 qui

143 4741 439 4803 postquam
475 4735 762 4792 cruciﬁxus
786 4737 906 4804 fuit,
937 4739 1116 4795 omnia
1138 4743 1308 4798 movit
1335 4760 1433 4815 pro
1458 4746 1544 4813 iis,
1571 4748 1661 4819 qui
1691 4764 1750 4805 se

137 4821 549 4890 cruciﬁxerant,
581 4828 925 4897 etapostolos
948 4831 1117 4888 misit.
1143 4833 1303 4904 Atqui
1329 4849 1429 4891 nos
1449 4850 1592 4908 sarpe
1607 4838 1750 4908 juste

140 4916 421 4986 patimur;
451 4915 544 4973 ille
572 4933 699 4974 vero
734 4936 843 4976 non
879 4923 1040 4979 modo
1068 4925 1263 4996 injuste
1285 4969 1301 4994 ,
1334 4929 1429 4986 sed
1453 4940 1511 4987 et
1537 4932 1699 5004 impie
1731 4953 1746 4990 :

137 5007 553 5066 benefactorem
591 5013 735 5068 enim
758 5055 774 5080 ,
806 5016 897 5087 qui
938 5017 1070 5074 nihil
1099 5034 1158 5075 se
1185 5021 1437 5093 lmserat,
1461 5028 1747 5085 crttciiixeo

139 5109 297 5155 runt.
340 5098 492 5189 Cur?
513 5101 600 5158 dic
634 5103 767 5160 mihi
792 5125 816 5165 ι
839 5108 1028 5182 gloria:
1064 5113 1265 5166 causa?
1309 5115 1470 5186 Atqui
1511 5119 1625 5189 ipse
1653 5135 1750 5176 eos

141 5192 360 5246 honore
375 5188 663 5249 alliciebat.
682 5196 963 5263 Quomodo
981 5200 1003 5254 i
1030 5200 1204 5272 Super
1227 5188 1542 5262 cathedram?
1553 5209 1744 5281 Moysi,

139 5284 356 5357 inquit,
395 5285 630 5342 sedant
663 5291 843 5346 scriba:
876 5303 924 5346 et
963 5293 1236 5351 Plurimi.
1267 5298 1452 5354 Omnia
1492 5319 1612 5373 ergo
1634 5321 1750 5375 qua

139 5377 324 5432 dicunt
350 5378 489 5434 vobis
517 5392 570 5435 ut
597 5383 836 5454 faciatis,
867 5387 1022 5455 facite
1039 5405 1059 5443 :
1096 5393 1371 5446 secundum
1400 5412 1555 5464 opera
1582 5409 1747 5454 autem

137 5469 355 5526 Illorum
381 5473 534 5529 nolite
553 5477 728 5544 facere
749 5478 962 5550 (Matth.
989 5481 1081 5538 25.
1109 5483 1166 5541 2.
1190 5485 1266 5553 5);
1290 5495 1344 5541 et
1364 5503 1552 5543 rursus
1578 5491 1704 5548 alibi
1729 5510 1743 5547 :

152 5560 299 5619 Vade
320 5580 340 5619 :
359 5566 565 5623 ostende
601 5577 651 5626 te
674 5572 925 5627 sacerdoti
959 5573 1080 5643 (Id.
1106 5575 1160 5632 8.
1181 5577 1214 5631 ι
1243 5576 1283 5648 ).
1319 5579 1385 5633 Et
1419 5595 1538 5635 cum
1565 5593 1748 5651 posset

139 5656 270 5713 illos
313 5659 576 5730 perdere,
617 5664 890 5722 servabat.
936 5666 1092 5724 IIunc
1136 5669 1297 5741 igitur
1345 5673 1653 5746 imitemur,
1694 5686 1749 5734 et

139 5765 307 5810 uerno
325 5756 624 5829 cujuspiam
650 5759 722 5816 sit
735 5759 1006 5832 inimicus,
1022 5778 1197 5835 neque
1212 5765 1401 5838 hostis,
1418 5767 1520 5825 nisi
1544 5780 1746 5828 tantum

140 5842 356 5906 diaboli.

1937 479 1988 534 5.
2020 479 2274 538 Adversus
2285 481 2500 551 juraudi
2526 465 3170 540 consuetudinem—Non
3200 500 3388 557 parum
3403 489 3468 542 ad

1865 570 1967 627 boe
2006 571 2218 628 confert
2259 573 2424 629 etiam
2457 588 2564 629 non
2586 574 2792 645 jurarc,
2832 585 2886 630 et
2926 591 3032 630 non
3062 576 3242 632 irasci.
3270 576 3328 633 Si
3361 593 3470 631 non

1864 664 2189 732 irascamur,
2221 681 2397 736 neque
2423 666 2702 723 inimicum
2727 668 3066 725 habebimus.
3089 670 3364 727 Absciude
3403 672 3472 726 ab

1864 754 2084 811 homine
2101 757 2493 825 jurameutum,
2523 766 2578 813 et
2608 759 2702 813 ira:
2752 760 2866 813 alas
2911 761 3185 827 excidisti,
3215 763 3472 833 illamque

1865 856 2030 902 totam
2060 847 2389 903 exstinxisti.
2419 849 2516 904 Est
2540 851 2684 904 enim
2729 851 2868 905 sicut
2899 863 3092 907 ventus
3142 853 3222 908 ira
3250 863 3305 907 et
3319 853 3470 923 jura-

1862 951 2106 996 mentum
2141 941 2158 973 ¹
2192 958 2206 995 :
2239 941 2466 998 demitte
2493 943 2633 1005 vela.
2664 943 2811 998 nulla
2835 944 2938 999 veli
2970 945 3175 1000 utilitas
3196 988 3211 1013 ,
3241 946 3286 1000 si
3328 946 3473 1001 desit

1861 1045 2074 1090 ventus.
2104 1034 2160 1090 Si
2189 1050 2320 1106 ergo
2346 1051 2446 1091 nec
2470 1036 2718 1106 juremus
2741 1053 2842 1092 nec
2865 1039 3190 1103 clamemus,
3221 1040 3315 1094 ira:
3338 1056 3467 1096 ner-

1860 1142 1958 1181 vos
1988 1127 2341 1183 ‘succidimus.
2387 1128 2443 1184 Si
2467 1145 2596 1184 vero
2629 1147 2733 1184 non
2763 1131 3006 1195 creditis,
3043 1133 3342 1202 periculum
3388 1134 3470 1189 rei

1859 1219 2037 1285 facite,
2060 1228 2114 1274 et
2148 1234 2263 1275 rem
2294 1221 2373 1276 sic
2401 1234 2461 1275 se
2488 1220 2692 1277 habere
2731 1224 3097 1293 cognoscetis.
3130 1223 3330 1295 Legem
3358 1225 3470 1280 ira-

1862 1310 2039 1366 ClllldO
2067 1326 2229 1380 pone,
2254 1319 2314 1366 ut
2339 1327 2409 1368 ne
2432 1328 2689 1383 umquam
2717 1314 2884 1384 juret,
2911 1324 2965 1371 et
2991 1329 3097 1371 non
3141 1332 3278 1388 opus
3302 1317 3471 1374 habeo

1862 1401 1944 1455 bis
1970 1403 2202 1458 cum’illo
2221 1403 2289 1459 de
2312 1405 2722 1462 mansuetudine
2769 1423 3078 1463 sermonem
3118 1408 3342 1465 habere.
3373 1410 3466 1466 Sic

1862 1501 2030 1547 totum
2063 1495 2356 1562 perfectum
2382 1496 2514 1563 erit;
2557 1507 2611 1552 et
2642 1513 2739 1552 nec
2770 1499 3102 1568 pejcrabitis,
3135 1515 3236 1555 nec
3257 1499 3471 1571 jurabi-

1860 1580 1928 1639 tis
1971 1576 2218 1642 omnino.
2267 1587 2517 1653 Nescitis,
2566 1592 2617 1643 in
2651 1600 2849 1660 quanta
2903 1591 3140 1649 absurda
3193 1609 3290 1650 vos
3340 1594 3466 1650 inde

1859 1677 2209 1747 conjiciatis?
2265 1679 2500 1736 Necesse
2529 1682 2672 1736 enim
2691 1691 2795 1747 est,
2845 1691 2903 1737 ιιι
2949 1684 3165 1740 vinculo
3191 1701 3288 1740 vos
3327 1701 3468 1741 con-

1859 1770 2159 1838 stringatis,
2185 1780 2240 1825 et
2265 1786 2482 1828 omnem
2512 1773 2816 1828 machinam
2860 1774 3162 1831 adhibentis
3185 1817 3201 1843 ,
3236 1785 3292 1830 ut
3314 1777 3466 1846 quasi

1859 1876 1922 1916 ex
1955 1863 2248 1918 inevitabili
2275 1865 2527 1935 quoniam
2554 1865 2697 1930 malo
2715 1866 2952 1921 animam
2976 1868 3052 1924 eri
3064 1866 3240 1937 piatis;
3267 1867 3468 1924 deinde

1859 1969 2008 2021 vero,
2036 1955 2082 2010 si
2108 1971 2214 2011 non
2238 1956 2477 2026 possitis,
2506 1957 2558 2010 in
2586 1957 2794 2024 dolore,
2827 1959 2976 2024 rixis,
3000 1958 3469 2014 exsecrationibus

1859 2046 2100 2116 degetis;
2132 2047 2227 2103 scd
2258 2049 2438 2105 omnia
2494 2048 2690 2104 frustra
2738 2049 2953 2106 cedent.
3013 2050 3181 2120 Igitur
3231 2052 3466 2118 minare,

1861 2139 2181 2207 prmscribe.
2237 2141 2416 2194 omnia
2470 2140 2589 2196 sine
2631 2141 2944 2208 juramento
2994 2141 3178 2197 facito.
3233 2141 3467 2198 Liectct

1859 2231 1998 2285 dicta
2020 2239 2074 2286 et
2104 2229 2242 2286 facta
2260 2232 2556 2297 resolvere,
2587 2235 2632 2288 si
2661 2233 2920 2288 volucris.
2941 2233 3032 2290 Sic
3054 2233 3219 2291 hodie
3236 2251 3464 2292 necesse

1858 2332 1962 2388 est,
1993 2334 2050 2379 ut
2078 2324 2230 2380 vobis
2257 2327 2588 2381 mansuetius
2620 2325 2923 2396 loquamur.
2951 2325 3090 2393 Quia
3107 2329 3253 2383 enim
3279 2329 3466 2384 audis-

1861 2416 1948 2479 tis,
1978 2431 2169 2486 magua
2202 2431 2326 2486 pars
2354 2417 2433 2473 rei
2461 2433 2491 2470 a
2515 2417 2669 2472 vobis
2693 2417 2931 2488 perfecta
2960 2430 3064 2475 est.
3092 2421 3206 2493 Age
3235 2421 3306 2478 de
3332 2423 3464 2477 reli-

1859 2523 1986 2577 quo,
2015 2507 2482 2578 curjuramentum
2508 2509 2776 2564 invectum
2805 2522 2911 2579 est,
2941 2521 2996 2568 et
3020 2528 3120 2568 cur
3137 2512 3434 2570 admissum
3452 2557 3466 2578 ,

1858 2599 2120 2656 dicamus.
2155 2601 2486 2658 Euarrautes
2541 2603 2816 2673 quomodo
2857 2604 3033 2674 primo
3058 2612 3239 2662 ortum
3269 2607 3376 2673 sit,
3408 2617 3466 2663 ct

1859 2693 2077 2764 quando
2123 2702 2179 2749 ct
2207 2709 2236 2748 a
2263 2694 2609 2765 quibusnam,
2660 2695 3030 2766 obsequentia:
3083 2707 3280 2753 vestra:
3321 2697 3469 2754 vices

1865 2786 2244 2856 rependamus.
2274 2787 2427 2842 Illum
2450 2788 2617 2854 enim,
2646 2789 2736 2858 qui
2767 2797 2915 2846 recte
2939 2790 3071 2860 agit,
3105 2805 3329 2846 necesse
3373 2801 3461 2847 est

1864 2878 2236 2949 philosophari
2270 2897 2284 2933 :
2322 2879 2413 2949 qui
2445 2880 2685 2935 nondum
2714 2881 2840 2937 talis
2856 2889 2960 2946 est,
2994 2897 3094 2937 nec
3121 2879 3320 2953 dignus
3358 2883 3466 2940 erit

1859 2971 1949 3041 qui
1978 2971 2179 3026 audiat.
2221 2971 2373 3027 Fecit
2398 2972 2528 3026 olim
2559 2982 2714 3042 pacta
2736 2972 2907 3028 multa
2936 2973 3235 3040 Abraham,
3266 2983 3321 3030 et
3343 2975 3458 3030 vic-

1861 3061 2019 3115 timas
2052 3061 2373 3128 immolavit,
2406 3061 2720 3134 bestiasque
2744 3063 2960 3129 obtulit,
2983 3079 3049 3119 ac
3073 3064 3315 3120 nondum
3345 3075 3471 3122 erat

1855 3151 2250 3219 jurameutum.
2283 3151 2438 3208 Unde
2465 3169 2596 3224 ergo
2617 3155 2984 3224 jurameutum
3023 3165 3201 3212 ortum
3226 3155 3414 3212 habuit
3441 3158 3469 3213 ?

1861 3243 2089 3310 Quando
2127 3255 2284 3300 aucta
2315 3255 2440 3301 sunt
2465 3246 2628 3314 mala,
2652 3247 2869 3318 quando
2912 3250 3095 3305 omnia
3146 3264 3241 3306 sus
3285 3251 3469 3321 deque

1863 3337 2002 3391 facta
2025 3346 2172 3405 sunt,
2204 3338 2421 3408 quando
2445 3339 2512 3394 ad
2543 3339 2900 3396 idololatriam
2924 3341 3286 3400 declinarunt.
3309 3343 3465 3400 Tunc

1860 3443 2011 3499 ergo,
2041 3440 2190 3497 tunc,
2214 3446 2335 3486 cum
2360 3431 2624 3487 increduli
2671 3447 2893 3503 prorsus
2927 3444 3134 3502 essent,
3170 3436 3338 3491 Deum
3371 3437 3467 3492 ad-

1860 3522 2121 3577 vocabant
2144 3531 2358 3589 testcm,
2390 3524 2542 3594 quasi
2561 3524 2782 3595 dignum
2808 3526 3074 3581 dictorum
3099 3527 3473 3598 Iidcjussorem

1858 3612 2070 3668 dantes.
2106 3614 2219 3670 IIoc
2247 3615 2390 3670 enim
2421 3625 2506 3670 est
2530 3616 2919 3686 jurameutum,
2955 3617 3254 3688 iidejussio,
3281 3620 3369 3674 ubi
3399 3620 3474 3675 ob

1859 3720 2072 3760 morum
2117 3707 2522 3777 corruptionem
2545 3708 2678 3764 ﬁdes
2696 3725 2802 3766 non
2826 3710 3074 3766 habetur.
3125 3711 3311 3784 Itaque
3367 3713 3472 3768 hoc

1862 3798 2094 3867 primum
2119 3799 2325 3856 crimen
2371 3800 2604 3870 jurantis
2626 3813 2729 3869 est,
2755 3803 2800 3859 si
2830 3820 2939 3859 non
2968 3806 3220 3861 credatur
3251 3809 3370 3864 sine
3399 3809 3468 3863 tio

1860 3892 2165 3961 dejussore,
2199 3901 2255 3948 et
2281 3909 2477 3965 magno
2499 3896 2852 3967 fidejussore:
2885 3901 3009 3968 quia
3041 3901 3187 3956 enim
3227 3901 3370 3956 nulla
3403 3901 3470 3958 Il-

1859 3983 1957 4039 des
2003 3983 2251 4052 habetur,
2285 4002 2394 4041 non
2427 3986 2702 4045 hominem
2737 3991 3020 4061 requirunt
3051 3992 3422 4064 lidcjussorem
3450 4037 3467 4062 ,

1858 4076 1955 4132 sed
2012 4077 2202 4132 Deum.
2233 4077 2508 4148 Secundo,
2541 4081 2735 4136 eadem
2758 4097 2976 4154 quoque
3002 4085 3161 4157 culpa
3187 4096 3272 4142 est
3300 4087 3420 4159 ejus
3449 4131 3467 4159 ,

1857 4169 1948 4238 qui
1973 4169 2338 4238 jurameutum
2369 4161 2581 4242 reci'pit,
2609 4173 2654 4229 si
2678 4174 2731 4228 iu
2761 4176 2929 4244 pactis
2957 4176 3128 4232 Deum
3151 4177 3218 4233 ad
3244 4178 3468 4250 fideius-

1859 4262 2067 4317 sionem
2096 4263 2294 4330 trahat,
2313 4273 2369 4319 et
2397 4264 2541 4320 dicat
2566 4281 2672 4320 non
2704 4266 3071 4324 discessurum
3100 4284 3161 4325 se
3185 4271 3288 4325 nisi
3313 4271 3467 4328 illum

1857 4354 2104 4424 accipiat.
2135 4355 2181 4410 0
2211 4356 2481 4428 ingentem
2527 4358 2934 4428 stupiditatem!
2963 4376 2998 4417 o
3023 4365 3407 4420 contumeliam
3443 4366 3460 4422 l

1861 4445 2089 4512 Vermis,
2121 4455 2264 4503 terra
2294 4457 2348 4502 et
2375 4448 2514 4504 cinis
2559 4464 2683 4504 cum
2711 4451 2785 4506 sis
2815 4460 2976 4523 atque
3016 4452 3219 4518 fumus,
3277 4455 3461 4512 Domi-

1859 4553 1986 4592 num
2021 4547 2171 4592 tuum
2206 4539 2376 4595 trahis
2405 4540 2472 4594 a'd
2502 4539 2906 4610 ﬁdejussioncm
2939 4553 2995 4599 et
3022 4545 3174 4600 illum
3206 4549 3466 4618 cogisac-

1856 4631 2076 4700 cipere?
2106 4630 2202 4685 Dic
2224 4631 2376 4697 mihi,
2408 4632 2453 4686 si
2484 4635 2657 4688 servis
2678 4635 2876 4690 vestris
2901 4637 3043 4694 inter
3059 4653 3119 4694 se
3138 4639 3465 4710 rixantibus,

1858 4737 1958 4777 nec
1981 4722 2083 4778 sibi
2117 4731 2306 4779 mutuo
2333 4724 2705 4795 credentibus,
2750 4728 2957 4786 diceret
3002 4745 3304 4788 conservus
3356 4750 3465 4791 non

1855 4813 2240 4870 discedendum
2264 4831 2387 4872 esse
2416 4816 2589 4873 donec
2619 4821 2925 4876 communis
2954 4821 3211 4880 dominus
3237 4824 3469 4895 fidejus-

1856 4922 1948 4964 sor
1966 4906 2280 4974 accederet;
2309 4924 2487 4965 annon
2511 4910 2661 4967 mille
2681 4913 2865 4984 plagas
2883 4915 3175 4986 acciperet,
3205 4928 3263 4972 ιιι
3292 4919 3467 4976 disce-

1855 5007 1938 5054 ret
1989 4998 2211 5055 domino
2239 4999 2306 5054 ad
2329 5001 2456 5068 alia,
2491 5018 2598 5057 non
2631 5004 2699 5057 ad
2729 5004 2845 5060 haec
2871 5006 2947 5060 uti
2974 5011 3272 5078 oportere?
3325 5012 3478 5079 Quid

1854 5090 1978 5145 dico
2003 5105 2325 5146 conservum
2349 5091 2373 5144 i
2402 5109 2526 5147 nam
2549 5095 2594 5149 si
2627 5095 2799 5150 virum
2859 5098 3316 5157 venerabiliorem
3359 5105 3464 5158 eli-

1854 5192 2042 5255 geret,
2071 5198 2253 5239 annon
2282 5183 2335 5239 id
2362 5184 2456 5241 ille
2481 5202 2579 5257 pro
2604 5189 2934 5246 contumelia
2963 5189 3186 5248 haberet
3213 5195 3237 5246 ?
3269 5196 3336 5248 At
3363 5211 3478 5265 ego

1857 5277 2006 5344 nolo,
2038 5277 2272 5348 inquies.
2303 5278 2472 5335 Recte
2500 5298 2514 5334 :
2558 5296 2689 5352 ergo
2718 5298 2896 5354 neque
2925 5284 3077 5341 illum
3099 5301 3261 5358 cogas
3294 5306 3307 5342 :
3337 5304 3466 5344 nam

1855 5371 1958 5427 hoc
1988 5371 2048 5427 lit
2072 5371 2236 5428 etiam
2255 5372 2397 5444 apud
2417 5375 2665 5432 homines
2682 5418 2699 5445 ,
2722 5377 2768 5431 si
2789 5376 2912 5448 quis
2937 5377 3174 5448 dixerit,
3201 5380 3352 5435 Illum
3383 5390 3464 5436 ta-

1921 5507 1938 5538 ¹
1965 5506 2118 5576 iuxta
2145 5507 2304 5580 Savil.
2329 5509 2601 5580 legendum
2627 5519 2782 5567 esset.
2812 5517 2895 5564 Bst
2930 5512 3061 5580 enim
3089 5514 3232 5580 quasi
3254 5515 3480 5580 spiritus

1856 5567 1948 5638 ira!
1965 5567 2321 5638 jurameutum.
2362 5567 2491 5638 Haec
2521 5588 2672 5635 porro
2713 5589 2808 5638 non
2837 5590 3006 5638 parum
3038 5567 3462 5631 iniricata’suutv:

1850 5631 2132 5701 juramenta
2159 5631 2281 5680 dicit
2307 5645 2421 5682 esse
2450 5631 2554 5701 alas
2581 5643 2634 5701 et
2662 5637 2770 5701 vela
2805 5631 2910 5698 ir'ae,
2940 5638 3124 5701 quibus
3152 5640 3363 5690 sublatis
3390 5641 3478 5695 ira

1856 5693 2079 5765 tollitur;
2103 5693 2699 5765 jura-mentaenimhir‘ati
2740 5693 2907 5765 erant,
2939 5693 2992 5750 et
3027 5701 3146 5765 iram
3186 5693 3458 5765 angebant.

1857 5754 2042 5801 Verum
2065 5761 2122 5819 ut
2141 5754 2189 5802 in
2211 5754 2507 5819 I‘rmfalioue
2535 5756 2771 5819 diximus,
2797 5756 2843 5808 in
2869 5754 3006 5811 hisce
3028 5754 3459 5816 IIumiliisvmultte

1854 5822 1970 5885 sunt
2002 5814 2307 5885 reticentia;_:
2331 5819 2413 5885 ubi
2458 5833 2540 5869 res
2565 5814 3003 5885 itaenu'ntiautur,
3031 5833 3084 5876 ut
3119 5825 3317 5876 nonnisi
3341 5814 3474 5878 eum"

1856 5877 2027 5928 labore
2061 5885 2118 5929 et
2148 5879 2474 5932 meditatione
2509 5883 2750 5950 eXprcari
2778 5883 2986 5944 possint.
