4092 6468
624 437 697 497 03
1400 418 1453 473 S.
1493 410 1765 470 JUAMVIS
1801 390 2279 461 CllllYSUSTOMl
2317 394 2635 452 AllCllIEP.
2677 391 3209 450 CONSTANTINOP.
3825 385 3888 436 ιιι

627 554 731 606 lem
760 548 831 603 do
879 541 1268 612 fideiussorem,
1296 544 1350 589 tu
1377 547 1482 586 non
1519 522 1801 598 permittis.
1831 512 2151 612 Quidigitur

894 599 1184 707 per-damne
1201 625 1344 698 quod
1386 619 1554 678 dedi?
1590 613 1867 710 Non—hoe-
1890 607 2026 710 _dieo
2057 619 2072 666 ;
2109 599 2203 655 sed

633 700 828 803 queror
847 700 999 798 quod
1032 724 1196 779 Deum
1217 718 1420 774 afﬁcias
1460 706 1802 803 contumelia.
1822 700 2080 803 Ildeoque.
2112 709 2157 797 is
2187 733 2203 758 ,

625 793 716 894 ciui
746 793 923 892 cogn,
959 811 1317 872 inevitabilius
1345 801 1662 875 supplicium
1683 793 1920 859 habebit,
1945 793 2202 894 quamis,

625 879 715 984 qui
742 879 886 982 quu
947 906 1300 971 similiterque
1328 897 1395 960 is,
1421 893 1509 964 qui
1549 890 1763 984 nemine
1788 879 2093 984 postulante
2113 879 2203 984 ju-

629 966 1007 1071 i:a1.Quodque
1043 966 1258 1066 gravius
1281 996 1385 1053 est,
1437 980 1629 1051 singuli
1661 976 1764 1071 vel
1785 989 1878 1044 pro
1907 985 2012 1025 uno
2042 966 2204 1021 obolo

629 1068 828 1162 iurant,
859 1103 956 1160 pro
977 1100 1135 1158 parva
1164 1097 1242 1147 re,
1273 1092 1370 1149 pro
1395 1072 1679 1145 iniustitia.
1722 1068 1848 1162 Haec
1876 1077 2027 1127 vero,
2082 1070 2202 1114 eum

631 1157 747 1237 sine
769 1157 1000 1250 periurio
1039 1175 1252 1245 agitur:
1303 1181 1425 1223 nam
1481 1165 1527 1220 si
1581 1157 1870 1232 periurium
1910 1161 2204 1253 sequatur,

631 1273 806 1328 omnia
832 1283 923 1326 sus
950 1267 1124 1337 deque
1167 1269 1470 1322 vertuntur,
1494 1265 1550 1311 et
1580 1254 1632 1308 iu
1660 1263 1822 1307 causa
1847 1253 1972 1302 sunt
2004 1255 2109 1297 tam
2163 1256 2207 1294 ts

632 1367 722 1437 qui
742 1363 969 1434 accepit,
994 1374 1152 1432 quam
1182 1357 1227 1412 is
1255 1355 1345 1427 qui
1373 1350 1540 1408 dedit.
1569 1349 1657 1414 At,
1707 1344 1934 1437 inquies,
1963 1336 2206 1437 quaedam

615 1425 755 1512 sunt
777 1425 895 1525 qua;
923 1425 1255 1523 ignorantur.
1274 1425 1479 1501 ﬁVerum
1506 1441 1620 1496 haec
1650 1438 1694 1492 si
1720 1433 2041 1506 prmvideas,
2076 1425 2206 1525 nihil

631 1520 830 1602 temere
853 1520 1015 1600 facies
1042 1560 1055 1596 :
1085 1541 1128 1596 si
1152 1538 1278 1610 quid
1306 1551 1436 1592 vero
1464 1531 1791 1602 negligenter
1821 1539 1946 1596 agas
1969 1564 1983 1590 ,
2015 1537 2045 1576 a
2070 1520 2207 1590 teip-

631 1655 690 1691 so
722 1649 907 1706 pennas
955 1633 1126 1701 exige.
1176 1628 1364 1690 Melius
1388 1632 1473 1680 est
1510 1622 1588 1677 sic
1607 1621 1807 1676 damno
1834 1615 2208 1706 afftei,rquam

632 1705 737 1782 alio
767 1724 946 1782 modo.
978 1723 1074 1779 Die
1095 1721 1236 1778 enim
1259 1718 1410 1783 mihi,
1447 1715 1614 1770 trahis
1634 1711 1940 1784 quempiam
1967 1705 2034 1761 ad
2054 1706 2209 1776 iura-

633 1827 868 1873 mentum
888 1857 902 1882 ,
939 1813 1065 1886 quid
1091 1808 1452 1880 exspectans?
1491 1820 1617 1860 num
1639 1801 1783 1874 quod
1821 1797 2065 1872 peieret?
2105 1793 2211 1852 Sed

635 1911 737 1965 hoc
764 1910 1018 1965 extrema:
1042 1913 1125 1961 est
1155 1901 1508 1973 insipientia;
1568 1899 1621 1952 in
1671 1903 1831 1966 caput
1883 1903 2031 1947 tuum
2080 1887 2212 1941 ultio

637 2009 919 2056 vertetur:
959 1997 1148 2052 melius
1174 2002 1291 2050 erat
1321 1989 1576 2063 pecunias
1619 1995 1743 2042 tuas
1785 1983 2001 2053 perire,
2050 1992 2210 2050 quam

635 2092 803 2148 illum.
836 2087 943 2144 Cur
983 2089 1084 2142 hoc
1110 2085 1178 2140 ad
1204 2083 1460 2139 damnum
1507 2087 1655 2135 tuum
1683 2085 1737 2133 et
1785 2075 1880 2130 Dei
1927 2081 2210 2128 contume-

639 2185 764 2238 liam
796 2181 972 2236 facis?
1000 2179 1125 2234 Hinc
1172 2178 1348 2231 anima
1398 2175 1525 2228 fera:
1555 2181 1636 2228 est
1662 2178 1716 2225 et
1750 2166 1899 2237 impii
1938 2163 2059 2218 viri.
2107 2161 2214 2218 Sed

634 2290 814 2346 spero,
847 2273 995 2328 illum
1028 2286 1132 2326 non
1161 2269 1524 2340 peieraturum
1550 2276 1693 2319 esse.
1721 2261 1862 2330 Ergo
1882 2258 2044 2313 etiam
2086 2254 2206 2309 siue

633 2372 936 2443 iuramento
959 2363 1143 2421 crede.
1176 2361 1282 2417 Sed
1328 2358 1479 2414 multi
1515 2364 1660 2419 sunt,
1694 2351 1923 2422 inquies,
1975 2348 2067 2418 qui
2101 2361 2207 2400 non

633 2440 790 2534 iurati
824 2458 1070 2514 fraudare
1097 2455 1293 2510 audent
1322 2494 1337 2520 ,
1364 2451 1528 2522 iurati
1573 2461 1751 2504 secus.
1784 2444 2037 2514 Teipsum
2070 2440 2215 2495 deci-
2264 2490 2268 2495 .

635 2533 737 2624 pis,
769 2569 802 2607 ο
831 2553 1011 2606 Ιιοιιιο.
1042 2549 1142 2616 Qui
1171 2546 1332 2601 furari
1357 2553 1410 2601 et
1437 2542 1738 2613 proximum
1766 2536 1963 2592 laedere
1990 2533 2211 2597 didicit,

635 2661 777 2716 sa-pe
793 2645 1151 2715 iuramentutn
1179 2639 1339 2694 etiam
1371 2632 1733 2696 conculcabit;
1763 2629 1806 2685 si
1835 2636 2009 2682 autem
2037 2625 2217 2695 iurare

639 2713 912 2799 vereatur,
959 2733 1131 2786 multo
1169 2729 1336 2797 magis
1369 2725 1568 2795 injuste
1603 2736 1761 2792 agere
1787 2717 2074 2775 verebitur.
2112 2713 2218 2769 Sed

642 2829 838 2882 invitus
867 2825 968 2878 hoc
996 2823 1191 2893 patitur
1212 2821 1239 2873 ἲ
1267 2819 1404 2888 Ergo
1435 2817 1587 2870 venia
1633 2814 1843 2883 dignus.
1884 2810 1988 2865 Sed
2018 2808 2219 2863 relictis

639 2918 745 2972 illis
771 2915 1074 2970 forensibus
1093 2909 1432 2982 iuramentis,
1455 2904 1582 2976 quid
1606 2903 1834 2958 dehisce
1861 2899 2077 2953 dicant?
2109 2898 2218 2950 lllie

639 3011 769 3066 nihil
792 3008 898 3064 tale
916 3007 1097 3063 dicere
1123 3012 1277 3074 potes
1308 3019 1320 3054 :
1353 3014 1474 3054 nam
1513 3013 1608 3069 pro
1643 2996 1828 3051 decem
1866 2993 2036 3048 obolis
2068 2990 2216 3060 iura-

641 3111 816 3157 mcnta
841 3100 970 3154 ﬁunt
989 3108 1042 3153 et
1064 3094 1314 3168 periuria.
1329 3091 1460 3159 Quia
1483 3088 1627 3142 enim
1649 3086 1844 3141 fulmen
1867 3097 2097 3154 superne
2115 3095 2218 3134 non

641 3194 887 3258 tuittitur,
911 3190 1031 3261 quia
1055 3204 1160 3242 non
1191 3186 1367 3240 omnia
1391 3182 1915 3245 subvertentur,stas
1943 3176 2104 3230 Deum
2128 3174 2223 3227 ob-

641 3285 924 3353 stringens.
942 3280 1051 3348 Qua
1079 3279 1147 3332 de
1172 3274 1354 3332 causa?
1380 3272 1450 3328 Ut
1469 3272 1633 3334 olera,
1657 3278 1715 3323 ut
1732 3267 1942 3323 calceos
1969 3264 2217 3333 acciplas,

644 3393 740 3449 pro
769 3375 975 3430 modica
997 3371 1218 3443 pecunia
1247 3370 1298 3423 iu
1321 3376 1510 3423 testem
1540 3364 1687 3418 illum
1714 3361 1961 3417 advocas.
1984 3358 2218 3428 Ne,qoia

644 3488 747 3525 non
782 3469 1060 3539 plectimur
1085 3507 1100 3530 ,
1131 3473 1376 3534 putemus
1399 3474 1498 3514 nos
1527 3473 1633 3512 non
1663 3471 1885 3528 peccare
1910 3474 1922 3508 :
1951 3456 2050 3508 hoc
2081 3455 2216 3508 divi-

646 3579 728 3616 na:
773 3557 1153 3614 misericordia:
1181 3563 1263 3610 est
1286 3595 1304 3622 ,
1331 3567 1435 3607 non
1479 3558 1674 3605 nostra:
1709 3547 1939 3602 virtutis.
1972 3546 2097 3600 Jura
2128 3561 2221 3614 per

647 3668 863 3724 puermn
897 3658 1043 3704 tuum
1075 3666 1088 3711 ;
1138 3647 1252 3716 iura
1283 3660 1377 3715 per
1410 3646 1636 3712 teipsum
1664 3659 1678 3706 ;
1709 3641 1793 3695 die
1827 3657 1838 3692 :
1869 3639 1957 3695 Sic
1977 3655 2042 3692 ne
2069 3639 2221 3692 lictor

649 3747 818 3799 adstet
853 3741 1110 3795 lateribus
1134 3740 1285 3793 meis.
1323 3735 1431 3791 Sed
1463 3735 1636 3788 limes.
1663 3730 1940 3787 Lateribus
1962 3745 2088 3798 ergo
2119 3729 2222 3782 luis

647 3837 803 3889 vilior
831 3845 911 3890 est
942 3834 1100 3897 Deus,
1129 3841 1183 3885 et
1208 3830 1380 3903 capite
1429 3837 1519 3881 ttto
1543 3826 1800 3894 abiectior
1821 3822 2044 3876 ?°Dieito
2074 3839 2084 3874 :
2134 3822 2224 3875 Sic

648 3943 713 3980 ne
741 3939 997 3980 excaecer.
1039 3926 1107 3976 At
1157 3919 1407 3975 Christus
1441 3918 1513 3970 ita
1543 3916 1699 3970 nobis
1755 3917 1958 3982 parcit,
1995 3922 2050 3966 ut
2081 3919 2225 3966 vetet

649 4018 807 4070 etiam
856 4030 950 4082 per
981 4012 1255 4081 proiirium
1292 4018 1448 4077 caput
1479 4007 1662 4075 iurare
1694 4023 1706 4058 :
1740 4019 1836 4057 nos
1863 4017 1989 4056 vero
2020 4003 2087 4056 ita
2115 4016 2222 4056 non

650 4109 917 4177 parcimus
946 4105 1127 4176 gloria:
1151 4104 1273 4167 Dei,
1303 4111 1357 4154 ut
1385 4097 1768 4170 ubiqueipsum
1790 4095 2077 4149 trabaums.
2106 4094 2226 4149 Nes-

648 4199 788 4262 citis,
815 4196 938 4266 quid
960 4197 1026 4249 sit
1053 4196 1209 4257 Deus,
1239 4201 1293 4247 et
1322 4206 1426 4262 quo
1445 4205 1538 4245 ore
1561 4185 1903 4241 advocandus
1929 4184 2017 4239 sit.
2051 4183 2156 4238 Sed
2183 4184 2224 4238 si

653 4291 722 4344 de
740 4290 855 4342 viro
891 4289 1086 4341 virtute
1133 4285 1276 4338 claro
1323 4283 1635 4352 loquamur,
1679 4277 1904 4332 dicimus
1931 4317 1945 4342 ,
1987 4274 2127 4328 Lava
2167 4288 2229 4328 os

656 4392 835 4446 tuum,
868 4389 920 4433 et
945 4378 1022 4432 sie
1043 4383 1438 4435 commemora;
1475 4387 1613 4426 nunc
1642 4385 1768 4424 vero
1814 4369 2104 4438 pretiosum
2137 4380 2230 4419 ῖιο-

656 4490 777 4528 meo
803 4515 817 4536 ,
852 4471 990 4542 quod
1020 4480 1103 4526 est
1128 4484 1288 4537 super
1315 4481 1472 4521 omne
1499 4480 1690 4520 nomen
1716 4507 1731 4531 ,
1766 4462 2010 4517 mirabile
2035 4464 2089 4515 in
2116 4461 2231 4514 uni-

656 4580 803 4618 versa
833 4575 994 4629 terra,
1019 4560 1161 4631 quod
1189 4559 1467 4613 audientes
1496 4556 1768 4612 dwmones
1817 4554 2228 4616 exborrescuut,

658 4667 860 4709 temere
890 4653 1380 4708 cireumtrabimus.

729 4746 779 4800 6.
821 4747 862 4800 0
889 4745 1325 4801 consuetudinem
1354 4746 1365 4798 !
1397 4743 1464 4797 ab
1486 4741 1572 4796 illa
1602 4741 1744 4796 enim
1773 4739 2099 4808 contemptui
2132 4747 2233 4792 est.

663 4844 800 4894 Sane
825 4841 867 4892 si
911 4840 961 4892 in
991 4839 1155 4892 sacris
1191 4837 1395 4891 :edibus
1421 4835 1581 4890 alicui
1623 4835 1996 4889 necessitatem
2025 4833 2236 4903 iurandi

665 4932 986 4999 imposueris
1007 4970 1019 4992 ,
1055 4931 1123 4982 ita
1156 4929 1375 4982 allectus
1405 4943 1462 4982 es
1501 4943 1562 4981 ac
1598 4927 1639 4981 si
1672 4925 1994 4982 horrettdum
2049 4926 2239 4980 feceris

660 5026 1039 5093 iui-amentum.
1071 5021 1224 5090 Atqui
1249 5037 1343 5075 cur
1372 5031 1474 5074 tam
1509 5020 1830 5074 horrendum
1857 5019 2065 5075 videtur
2087 5033 2236 5084 esse,

667 5118 767 5172 nisi
789 5117 910 5187 quia
943 5118 1031 5170 illo
1047 5115 1256 5186 quidem
1284 5114 1674 5178 facile-utimur,
1708 5112 1810 5168 hoc
1831 5127 1957 5167 vero
1983 5112 2202 5165 minime
2223 5114 2243 5164 ἰ)

667 5226 840 5264 annon
887 5209 1108 5263 horrere
1142 5216 1410 5276 oporteret
1449 5221 1568 5260 cum
1608 5206 1912 5260 nominatur
1953 5204 2135 5260 Deus?
2180 5205 2245 5257 At

671 5304 808 5372 apud
838 5302 1051 5357 Judaeos
1083 5302 1154 5354 ita
1189 5301 1549 5356 venerandum
1571 5311 1685 5356 erat
1715 5315 1908 5354 nomen
1937 5299 2074 5368 ejus,
2102 5310 2156 5351 ttt
2194 5297 2243 5352 in

670 5396 878 5448 laminis
915 5394 1308 5448 describeretur
1342 5392 1527 5462 (Exod.
1563 5393 1650 5446 '59.
1689 5391 1816 5461 29),
1846 5401 1900 5446 et
1947 5389 2142 5444 nemini
2187 5389 2250 5441 li-

669 5497 818 5542 (‘Ct't'l
847 5487 1025 5540 literas
1051 5486 1179 5539 istas
1215 5486 1352 5537 ferre
1375 5525 1388 5550 ,
1423 5485 1520 5536 nisi
1561 5483 1661 5537 soli
1693 5497 1902 5537 summo
1941 5481 2202 5536 sacerdoti
2231 5497 2244 5544 ;

675 5595 813 5633 nunc
851 5589 1027 5631 autem
1062 5587 1165 5631 tam
1210 5577 1362 5630 facile
1401 5563 1592 5629 nomen
1624 5566 1753 5645 eius
1800 5573 2244 5630 circumfer-imus.

673 5674 728 5727 Si
757 5672 1070 5742 simpliciter
1092 5672 1367 5725 nominare
1402 5671 1562 5724 Deum
1586 5684 1692 5724 non
1724 5669 1970 5723 omnibus
1997 5669 2070 5722 fas
2101 5678 2246 5735 erat;

679 5768 848 5834 ipsum
889 5766 940 5818 iu
984 5773 1174 5819 testem
1201 5779 1390 5817 vocare
1416 5805 1432 5831 ,
1464 5770 1677 5832 quanta:
1707 5763 1944 5818 audaci-.c
1973 5804 1986 5828 ,
2022 5776 2205 5831 quaeso
2235 5805 2248 5826 ,

677 5863 859 5931 quanti
903 5860 1098 5918 furoris
1130 5860 1246 5916 est!
1296 5861 1348 5916 Si
1396 5862 1535 5915 enim
1580 5860 1756 5930 potius
1797 5858 1970 5914 omnia
2021 5857 2251 5927 abjiccrc

2308 517 2603 579 Oporteret,
2627 523 2807 564 annon
2830 507 3060 563 libenter
3088 505 3391 575 relinquere
3421 516 3515 572 par
3535 499 3725 556 esset?
3754 498 3895 553 Ecce

2306 598 2449 667 dico,
2472 609 2526 654 et
2552 598 2812 655 testificor
2835 617 2848 653 :
2874 596 3170 656 Emendale
3184 595 3483 666 iuramenta
3514 592 3601 646 illa
3623 588 3858 645 forensia
3878 605 3892 648 ς

2309 705 2418 746 non
2461 689 2898 761 obtemperantes
2940 697 3117 744 autem
3156 702 3346 742 omnes
3389 684 3456 741 ad
3493 699 3578 738 me
3615 682 3892 737 adducite.

2310 780 2451 837 Ecce
2475 781 2625 836 vobis
2652 781 3011 850 pmsentibus
3045 779 3254 849 impero
3293 778 3393 844 iis,
3425 775 3516 846 qui
3544 774 3611 830 ad
3647 771 3896 828 ministe-

2310 871 2448 932 rium
2475 881 2599 928 sunt
2622 871 2879 927 domuum
2902 870 3182 937 orationis,
3222 869 3410 923 hortor
3434 875 3489 923 et
3515 866 3668 922 edico
3687 907 3704 931 ,
3734 867 3891 921 “Cliti-

2312 963 2368 1019 ni
2390 964 2553 1021 licere
2573 974 2774 1020 temere
2792 964 3011 1035 iurare;
3041 963 3148 1018 imo
3173 976 3347 1034 neque
3373 960 3481 1016 alio
3501 960 3691 1030 quovis
3712 958 3895 1014 modo.

2310 1055 2391 1110 Ad
2422 1071 2507 1112 me
2532 1071 2660 1126 ergo
2687 1056 2918 1110 ducatur
2944 1095 2956 1118 ,
2989 1053 3230 1127 quisquis
3255 1053 3362 1118 sit,
3392 1052 3514 1122 quia
3558 1051 3674 1106 hazc
3716 1050 3901 1105 omnia

2310 1138 2377 1193 ad
2418 1152 2516 1193 nos
2544 1153 2714 1209 usque
2736 1137 2936 1194 deferri
2962 1145 3212 1210 oportet,
3259 1151 3324 1193 ac
3351 1137 3397 1192 si
3429 1135 3634 1207 pueruli
3678 1135 3900 1193 essetis.

2311 1229 2465 1285 Absit
2494 1237 2552 1285 ut
2595 1229 2670 1284 ita
2708 1244 2798 1285 res
2822 1229 2911 1284 sit.
2942 1228 3124 1285 Pudor
3144 1229 3287 1284 enim
3310 1236 3393 1282 est
3416 1266 3431 1292 ,
3462 1227 3510 1282 si
3533 1225 3709 1282 adhuc
3733 1225 3905 1280 disci-

2311 1320 2457 1389 plina
2483 1321 2706 1392 egeatis.
2758 1320 2894 1376 Num
2942 1335 3148 1375 sacram
3196 1333 3438 1376 mensam
3468 1327 3687 1390 tangere
3732 1317 3906 1372 audes

2311 1429 2420 1470 non
2445 1414 2712 1471 initiatus?
2736 1413 2840 1471 Sed
2867 1413 3008 1485 quod
3031 1413 3180 1484 peius
3203 1421 3307 1480 est,
3339 1420 3394 1467 tu
3425 1410 3660 1466 initiatus
3689 1423 3903 1464 sacram

2311 1523 2552 1564 mensam
2579 1517 2796 1579 tangere
2831 1506 3025 1573 audes,
3052 1522 3210 1577 quam
3242 1520 3343 1561 nec
3368 1504 3616 1561 omnibus
3643 1503 3902 1558 sacerdo-

2316 1601 2458 1656 tibus
2486 1610 2703 1671 tangere
2727 1599 2851 1655 licet
2875 1640 2890 1664 ,
2920 1609 2974 1655 et
3004 1599 3081 1654 sic
3102 1599 3304 1668 iurare.
3335 1596 3404 1651 Et
3430 1605 3485 1650 tu
3510 1594 3724 1666 quidem
3750 1594 3904 1665 pueri

2314 1701 2476 1764 eaput
2503 1707 2608 1748 non
2639 1701 2888 1762 tangeres
2911 1703 3183 1762 egressus,
3213 1698 3267 1744 et
3293 1703 3535 1743 mensam
3560 1689 3730 1757 tangis
3751 1726 3767 1750 ,
3804 1701 3905 1740 nc-

2314 1799 2421 1856 que
2446 1782 2782 1840 exhorrescis
2811 1797 2911 1839 nec
2933 1780 3221 1838 formidas?
3243 1780 3321 1836 Ad
3343 1796 3432 1838 me
3453 1780 3587 1836 tales
3607 1780 3864 1836 adducito
3891 1798 3904 1834 :

2315 1889 2416 1947 ego
2438 1874 2698 1945 iudicium
2728 1875 2894 1930 feram
2920 1915 2935 1942 ,
2964 1882 3019 1929 et
3044 1871 3561 1944 ambos-gaudentes
3604 1873 3904 1928 remittam.

2314 1966 2468 2036 Quod
2496 1967 2773 2023 volueritis
2795 2006 2812 2034 ,
2840 1965 3038 2032 facite;
3079 1966 3252 2037 legem
3285 1981 3448 2036 pono,
3481 1979 3550 2021 ne
3578 1964 3798 2021 omnino
3822 1964 3909 2034 iu-

2317 2070 2483 2116 retur.
2506 2059 2635 2128 Qua:
2664 2058 2852 2113 salutis
2876 2072 3002 2128 spes
3019 2057 3096 2114 sic
3123 2057 3281 2115 nobis
3300 2058 3478 2113 omnia
3505 2057 3907 2130 pessumdanti-

2318 2149 2458 2205 bus?
2484 2149 2603 2205 ideo
2629 2148 2969 2221 syngraphae,
3001 2148 3123 2204 ideo
3143 2149 3400 2221 symbolae
3419 2189 3436 2216 ,
3464 2158 3520 2204 ut
3547 2158 3690 2204 tuam
3721 2149 3912 2203 immo-

2319 2243 2399 2297 les
2418 2243 2650 2296 animam
2677 2241 2700 2296 ?
2726 2241 2852 2312 quid
2886 2251 3088 2296 tantum
3111 2242 3359 2310 lucraris,
3391 2252 3653 2313 quantum
3677 2243 3864 2312 perdis
3888 2243 3913 2297 ἲ

2319 2334 2627 2404 Pejeravit?
2671 2333 2955 2390 Perdidisti
2993 2345 3048 2389 et
3099 2335 3248 2390 illum
3278 2343 3333 2391 et
3362 2335 3610 2406 teipsum.
3653 2333 3757 2391 Sed
3800 2351 3912 2390 non

2320 2426 2622 2498 peieravit?
2644 2425 2819 2480 Etiam
2857 2425 2933 2480 sic
2967 2426 3267 2496 perdidisti,
3297 2427 3384 2496 qui
3408 2427 3648 2497 coegeris
3670 2439 3912 2496 praecep-

2320 2525 2431 2574 tum
2455 2517 2771 2589 transgredi.
2804 2517 2954 2573 lluuc
2982 2517 3230 2572 morbum
3253 2518 3319 2574 ab
3336 2519 3513 2574 anima
3537 2534 3600 2575 ex
3611 2519 3913 2589 pellamus;

2322 2609 2535 2664 interim
2571 2624 2601 2661 a
2643 2609 2758 2663 foro
2787 2609 2935 2662 illum
2964 2608 3242 2678 eiiciamus
3265 2650 3281 2676 ,
3313 2624 3342 2664 a
3376 2610 3612 2665 tabernis
3637 2620 3913 2666 mercato—

2323 2716 2463 2768 rum,
2490 2709 2544 2757 et
2565 2715 2595 2754 a
2617 2698 2840 2770 reliquis
2861 2698 3091 2755 oflicinis
3117 2717 3128 2752 :
3159 2700 3332 2770 maior
3353 2701 3507 2756 nobis
3539 2701 3660 2756 hinc
3686 2717 3919 2772 proven-

2326 2804 2409 2847 tus
2433 2794 2556 2847 erit.
2586 2791 2664 2847 Ne
2694 2791 2894 2862 putetis
2935 2805 3030 2862 per
3080 2793 3562 2862 transgressionem
3604 2792 3916 2849 divinarum

2326 2887 2499 2956 legum
2543 2901 2630 2940 res
2674 2885 2834 2957 liuius
2875 2886 2996 2943 vita:
3037 2896 3183 2941 recte
3218 2885 3394 2956 dirigi.
3429 2887 3499 2941 At
3548 2902 3652 2940 non
3693 2887 3875 2942 credit
3899 2931 3914 2955 ,

2323 2979 2550 3050 inquies.
2584 2978 2715 3033 Nam
2741 2979 2843 3035 hoc
2870 2994 2970 3052 ego
2992 2979 3058 3034 ab
3081 2978 3348 3049 aliquibus
3369 2978 3549 3033 audivi
3583 2996 3595 3031 :
3627 2977 3737 3034 Nisi
3763 2978 3919 3033 mille

2321 3072 2620 3142 iuramenta
2650 3069 2940 3141 proferam,
2973 3087 3078 3125 non
3107 3071 3311 3127 credet.
3337 3070 3415 3126 Tu
3447 3072 3503 3126 in
3527 3085 3686 3126 causa
3704 3085 3786 3137 es,
3819 3072 3919 3140 qui

2328 3174 2434 3218 tam
2466 3162 2619 3218 facile
2641 3161 2790 3232 iuras
2815 3180 2828 3216 :
2865 3177 2988 3217 nam
3013 3163 3059 3217 si
3086 3161 3188 3218 hoc
3216 3176 3323 3218 non
3345 3171 3509 3231 esset,
3540 3162 3636 3218 sed
3658 3161 3920 3220 omnibus

2326 3266 2507 3312 notum
2532 3266 2675 3313 esset
2704 3267 2754 3313 te
2785 3273 3071 3329 numquam
3103 3259 3304 3328 iurare,
3329 3258 3492 3313 crede
3517 3257 3646 3312 mihi
3668 3256 3918 3325 dicenti,

2324 3351 2407 3405 vel
2439 3351 2675 3407 innuenti
2707 3351 2798 3405 tibi
2830 3351 2996 3422 magis
3019 3352 3345 3415 crederetur,
3379 3367 3534 3423 quam
3560 3352 3625 3406 iis
3649 3353 3738 3422 qui
3761 3353 3920 3406 mille

2318 3445 2619 3514 iuramenta
2649 3445 2926 3500 devorant.
2949 3445 3080 3500 Nam
3104 3448 3211 3512 cui,
3236 3460 3437 3515 qumso,
3470 3445 3636 3514 magis
3664 3444 3916 3511 creditis,

2326 3537 2453 3590 mihi
2483 3553 2588 3590 non
2614 3537 2852 3605 iuranti,
2882 3553 2947 3590 an
2971 3538 3321 3607 iurantibus?
3348 3537 3451 3592 Sed
3486 3548 3560 3600 tu,
3597 3536 3828 3607 inquies,
3855 3553 3922 3592 es

2327 3626 2574 3696 princeps
2603 3636 2657 3681 et
2685 3627 3015 3697 episcopus?
3044 3627 3178 3694 Quid
3208 3627 3366 3696 igitur
3390 3669 3403 3689 ,
3435 3628 3478 3681 si
3508 3627 3797 3684 ostendero
3823 3643 3922 3682 me

2327 3735 2433 3773 non
2461 3721 2561 3775 hoe
2589 3721 2760 3776 solum
2789 3736 2906 3776 esse
2931 3722 2953 3774 ἲ
2979 3720 3109 3775 Cum
3141 3721 3368 3775 veritate
3393 3762 3407 3786 ,
3437 3736 3616 3791 quaeso
3647 3761 3661 3785 ,
3697 3735 3923 3789 respon-

2327 3815 2448 3870 dete
2467 3815 2597 3870 mihi
2625 3834 2636 3869 :
2667 3816 2713 3870 si
2743 3817 3049 3886 frequenter
3075 3824 3129 3871 et
3152 3830 3365 3883 semper
3386 3815 3621 3884 iurarem
3647 3856 3660 3880 ,
3687 3830 3753 3868 an
3787 3831 3921 3884 pro-

2327 3910 2506 3967 desset
2553 3909 2681 3964 mihi
2723 3908 3356 3980 principatus?Minime.
3389 3906 3575 3962 Videu'
3619 3923 3724 3962 non
3766 3908 3921 3962 illam

2329 4019 2448 4060 esse
2477 4003 2734 4057 causam?
2760 4001 2893 4069 Quid
2924 4001 3081 4071 igitur
3108 4042 3120 4065 ,
3151 4015 3331 4070 qua-so
3353 4039 3369 4065 ,
3415 3999 3684 4054 lucraris?
3717 3999 3926 4056 Paulus

2328 4098 2597 4153 esuriebat
2627 4115 2638 4148 ε
2671 4107 2725 4150 ct
2768 4106 2821 4149 tu
2861 4095 3068 4149 esurire
3115 4096 3290 4164 potius
3323 4095 3489 4164 eligas
3510 4137 3524 4159 ,
3555 4110 3716 4165 quam
3743 4103 3926 4151 trans-

2330 4189 2480 4257 gredi
2510 4188 2754 4256 quzedam
2783 4202 2850 4241 ex
2879 4186 3072 4240 divinis
3113 4186 3393 4240 mandatis.
3425 4187 3531 4240 Cor
3569 4202 3700 4256 ergo
3741 4189 3928 4244 inero.

2334 4281 2487 4334 dulus
2517 4279 2615 4333 es?
2647 4278 2722 4331 Tu
2752 4292 2880 4347 ergo
2912 4277 3040 4330 nihil
3073 4292 3176 4329 non
3210 4293 3355 4346 ages,
3391 4286 3444 4332 et
3476 4279 3695 4348 patieris
3721 4322 3733 4344 ,
3770 4291 3826 4334 ut
3856 4300 3929 4336 ne

2337 4389 2587 4442 umquam
2611 4373 2794 4441 iures;
2826 4379 2881 4424 at
2916 4370 3003 4424 ille
3027 4379 3078 4424 te
3109 4385 3211 4424 non
3243 4372 3645 4424 remunerabit?
3674 4374 3831 4440 Atqui
3874 4387 3931 4428 et

2339 4467 2580 4537 periuros
2603 4475 2655 4520 et
2677 4464 2994 4534 iuramentis
3021 4475 3263 4517 assuetos
3288 4463 3525 4530 quotidie
3551 4464 3647 4516 alit
3672 4480 3684 4528 ;
3720 4474 3770 4518 te
3793 4482 3933 4520 vero

2338 4558 2461 4614 fami
2493 4557 2703 4621 tradet,
2734 4557 2856 4626 quia
2900 4555 3045 4608 illum
3075 4553 3312 4607 audisti?
3357 4553 3560 4608 Omnes
3591 4553 3816 4609 videant
3855 4573 3927 4610 ea

2341 4653 2404 4707 iis
2424 4693 2440 4714 ,
2467 4652 2556 4724 qui
2590 4651 2644 4704 in
2673 4648 2771 4702 hac
2797 4646 3019 4702 ecclesia
3050 4654 3471 4714 congregantur,
3502 4645 3771 4699 neminem
3808 4663 3932 4701 es~e

2342 4746 2430 4816 qui
2456 4745 2598 4814 iuret
2627 4760 2640 4808 ;
2667 4751 2720 4797 et
2766 4741 2889 4795 hinc
2919 4741 3027 4792 noti
3073 4739 3242 4792 simus
3270 4778 3283 4801 ,
3313 4752 3415 4790 non
3445 4752 3508 4791 ex
3539 4735 3641 4791 fide
3672 4746 3881 4792 tantum
3919 4760 3931 4800 ς

2341 4838 2468 4892 hinc
2494 4853 2522 4890 a
2551 4833 2752 4892 Graecis
2773 4831 2913 4886 etab
2939 4831 3056 4886 aliis
3087 4829 3334 4883 omnibus
3365 4828 3690 4884 differamus.
3736 4829 3937 4900 Signa-

2345 4931 2520 4985 culum
2548 4926 2871 4996 accipiamus
2897 4924 2962 4976 de
2992 4905 3157 4989 cadis;
3190 4930 3246 4975 ut
3272 4921 3420 4990 quasi
3454 4921 3630 4991 regius
3655 4935 3785 4990 grex
3817 4924 3938 4978 ubi-

2347 5039 2448 5092 que
2471 5031 2823 5091 apparcamus
2851 5034 2862 5070 :
2889 5017 2955 5070 ab
2977 5029 3074 5069 ore
3102 5024 3156 5068 et
3185 5028 3212 5065 a
3245 5014 3416 5083 lingua
3448 5026 3757 5078 noscantur,
3794 5013 3940 5067 sicut

2349 5113 2556 5167 barbari
2583 5127 2597 5174 ;
2624 5110 2761 5163 sicut
2804 5108 2836 5161 ii
2865 5107 2950 5176 qui
2989 5106 3172 5161 Graece
3200 5105 3372 5159 sciunt
3401 5148 3414 5170 ,
3447 5103 3570 5157 hinc
3612 5118 3642 5156 a
3687 5101 3942 5160 barbaris

2349 5205 2735 5258 discernantur.
2766 5200 2858 5254 Dic
2879 5200 3018 5253 enim
3045 5198 3195 5262 mihi,
3223 5197 3362 5250 unde
3387 5197 3493 5248 noti
3523 5205 3645 5249 sunt
3678 5197 3893 5265 psittaci
3920 5199 3943 5248 ?

2352 5309 2530 5350 nonne
2559 5309 2623 5348 ex
2652 5307 2736 5352 eo.
2771 5289 2908 5357 quod
2941 5284 3205 5357 tamquam
3239 5288 3483 5342 homines
3508 5288 3793 5356 loquantur
3820 5289 3844 5342 ἲ
3873 5289 3948 5344 Et

2354 5402 2450 5442 nos
2478 5399 2709 5456 quoque,
2737 5385 2874 5436 sicut
2903 5380 3150 5448 apostoli,
3181 5396 3243 5434 ex
3276 5379 3481 5448 loquela
3512 5380 3617 5432 noti
3651 5379 3844 5444 simus,
3875 5397 3946 5434 ex

2355 5497 2418 5534 eo
2450 5477 2586 5548 qttod
2637 5486 2692 5530 ut
2722 5474 2889 5544 angeli
2939 5473 3235 5541 loquamur.
3285 5472 3338 5525 Si
3369 5471 3487 5538 quis
3510 5470 3741 5536 dixerit,
3771 5470 3906 5524 Jut‘a
3933 5490 3945 5528 ;

2357 5573 2558 5636 audiat,
2591 5568 2834 5623 Christus
2871 5574 3031 5630 vetat,
3061 5573 3114 5619 et
3147 5579 3249 5616 non
3279 5563 3422 5631 iuro.
3457 5561 3566 5615 Hoc
3594 5563 3726 5616 Satis
3763 5571 3849 5615 est
3880 5565 3947 5615 ad

2359 5679 2571 5719 omnem
2595 5657 2946 5716 inducendam
2975 5657 3244 5711 virtutem.
3271 5654 3434 5708 Janua
3458 5653 3700 5723 quaedam
3727 5663 3811 5707 est
3836 5657 3949 5722 pie-

2363 5759 2503 5818 tatis,
2536 5756 2615 5809 via
2647 5753 2712 5810 ad
2741 5751 3130 5824 philosophiam
3157 5746 3416 5819 (pietatis)
3441 5746 3721 5810 inducens,
3754 5747 3947 5813 palzes-

2367 5864 2444 5908 tra
2473 5852 2732 5922 quxdam.
2766 5847 2888 5903 lla'c
2917 5844 3305 5910 custodiamus,
3343 5853 3394 5898 ut
3428 5841 3709 5914 pra-sentiat
3736 5847 3790 5896 et
3809 5838 3955 5895 futu-
