4092 6468
217 477 290 530 85
1277 470 1341 525 IN
1383 470 1555 526 ACTA
1598 467 1815 525 APOST

1924 471 2121 526 JRUM.
2167 473 2396 530 IIOMIL.
2442 474 2508 530 Χ.
3492 484 3562 538 85

213 612 275 649 ra
301 612 722 668 consequamur
765 598 901 654 bona
928 636 943 660 ,
969 595 1139 666 gratia
1179 603 1233 648 et
1260 592 1587 661 benignitate
1627 593 1839 648 Domini

223 698 391 742 nostri
420 688 556 744 Jesn
589 687 832 752 Christi,
864 686 1078 758 quicum
1117 684 1258 740 Patri
1300 697 1352 738 ct
1383 682 1606 752 Spiritui
1651 693 1842 740 sancto

300 831 554 843 ._————

1951 594 2142 664 gloria,
2176 595 2461 664 imperium
2489 638 2504 662 ,
2537 597 2730 663 honor,
2763 613 2902 652 nunc
2928 610 2982 655 et
3011 615 3230 672 semper
3254 641 3269 666 .
3292 612 3345 657 ct
3369 608 3421 664 in
3447 620 3548 659 sm-

1952 685 2072 740 cula
2099 687 2442 741 smculorum.
2471 692 2660 742 Amen.

1101 821 3556 851 ______________—__________________________

1645 892 1988 955 HOMILIA
2037 897 2123 957 X.

225 1054 364 1108 Cn.
397 1053 452 1107 ι.
486 1067 539 1106 v.
585 1052 638 1106 1.
680 1046 1027 1119 Loquentibus
1066 1055 1234 1100 autem
1277 1045 1382 1100 illis
1425 1044 1495 1098 ad
1545 1043 1831 1113 papulum,

308 1152 705 1214 superuenerunt
729 1148 1018 1196 sacerdotes
1037 1147 1086 1192 et
1117 1138 1446 1209 magistratus
1477 1136 1670 1205 tentpli.

308 1237 359 1294 Ι.
403 1235 650 1290 Nondum
696 1248 725 1287 a
773 1232 1040 1303 prioribus
1083 1229 1484 1300 reSpiravcrant
1525 1226 1822 1282 tentationi-

227 1332 354 1392 bus.
381 1341 435 1384 et
461 1329 641 1384 statim
671 1329 724 1382 in
755 1327 888 1380 alias
921 1323 1246 1380 inciderunt.
1281 1323 1346 1377 Et
1370 1321 1492 1376 vide
1518 1361 1534 1384 ,
1561 1332 1833 1390 quomodo

225 1439 322 1478 res
359 1423 760 1492 dispensentur.
804 1418 986 1472 Primo
1021 1432 1144 1471 cum
1179 1414 1430 1470 irrisione
1457 1411 1670 1480 excepti
1708 1418 1835 1466 sunt

221 1531 460 1581 omnes,
504 1529 601 1569 nec
631 1527 790 1583 parva
829 1520 949 1567 erat
991 1510 1108 1565 [nec
1134 1507 1358 1564 tentatio
1384 1525 1397 1561 :
1422 1503 1661 1560 secundo
1685 1544 1701 1570 ,
1732 1502 1829 1573 ipsi

219 1607 500 1679 coryphzci
530 1606 583 1660 in
617 1604 851 1675 pericula
895 1601 1155 1658 incidunt.
1184 1599 1300 1654 Non
1330 1597 1676 1653 continenter
1703 1609 1831 1650 vero

223 1700 346 1754 hate
369 1698 477 1753 duo
500 1698 634 1754 facta
663 1704 810 1759 sunt,
839 1709 1014 1765 neque
1042 1691 1394 1760 simpliciter;
1423 1688 1517 1744 sed
1547 1698 1825 1758 postquam

222 1793 279 1846 in
331 1789 682 1846 conciouihus
725 1788 1074 1850 claruerant,
1125 1791 1183 1839 et
1231 1781 1544 1836 miraculum
1576 1793 1826 1848 magnum

217 1890 533 1952 patrarant;
566 1881 642 1934 sic
673 1879 889 1934 demum
921 1883 1195 1944 assumpta
1227 1871 1418 1927 fiducia
1438 1913 1454 1936 ,
1488 1871 1604 1926 Deo
1631 1885 1826 1925 conce-

215 1974 384 2028 dente
430 1971 724 2025 certamina
773 1971 978 2022 ineunt.
1025 1966 1106 2019 Tu
1156 1979 1285 2018 vero
1330 1962 1458 2016 mihi
1508 1960 1779 2032 perpende
1808 2001 1824 2026 ,

213 2065 526 2137 quomodo,
559 2066 648 2134 qui
687 2062 1015 2131 qumsierant
1044 2058 1375 2129 proditorem
1421 2056 1510 2126 qui
1552 2054 1822 2110 Christum

215 2157 462 2212 traderet
486 2199 499 2220 ,
535 2156 621 2210 hic
653 2155 752 2224 ipsi
785 2169 978 2207 manus
1003 2150 1251 2220 injiciunt
1297 2148 1592 2203 ferociores
1621 2147 1743 2201 facti
1772 2155 1826 2200 ct

214 2250 644 2320 impudentiores
696 2256 819 2319 post
867 2260 1107 2301 crucem.
1159 2242 1443 2298 Peccatum
1491 2241 1637 2295 enim
1693 2239 1821 2294 dum

213 2344 514 2414 parturitur
541 2384 556 2408 ,
605 2340 895 2410 quemdam
943 2338 1104 2391 habet
1153 2337 1454 2406 pudorem;
1487 2349 1609 2389 cum
1640 2343 1820 2388 autem

214 2435 515 2506 perfectum
566 2443 689 2497 cst,
725 2430 1150 2502 itnpudcntiures
1195 2428 1373 2484 reddit
1415 2439 1684 2482 auctores.
1713 2425 1823 2481 Cur

210 2538 395 2584 autem
441 2526 790 2595 magistratus
835 2522 1192 2588 supervenit?
1230 2520 1360 2574 Nam
1407 2519 1821 2587 Supervenerunt

209 2623 342 2690 ipsis
363 2620 648 2674 sacerdotes
675 2629 721 2672 ct
765 2618 1095 2688 magistratus
1125 2616 1334 2683 templi,
1381 2614 1570 2684 inquit.
1607 2612 1674 2667 Ut
1701 2628 1820 2666 rur-

209 2730 307 2768 sus
328 2714 598 2783 publicum
624 2713 829 2767 crimen
851 2710 1018 2780 gesris
1048 2709 1334 2774 inferrent,
1358 2717 1412 2762 et
1439 2723 1544 2762 non
1573 2715 1632 2761 ut
1656 2722 1820 2777 pecu—

210 2810 347 2863 liare
375 2818 430 2860 et
457 2805 724 2876 privatum
755 2805 1146 2859 ulciscerentur
1176 2819 1190 2854 :
1222 2800 1364 2871 quod
1392 2801 1589 2870 ubique
1638 2799 1816 2854 facere

209 2896 522 2952 studebant.
561 2895 618 2950 2.
652 2895 894 2950 Dolentes
935 2894 1072 2966 quod
1101 2894 1339 2947 docerent
1386 2891 1650 2961 populum.
1699 2891 1814 2946 Μο-

211 2989 352 3044 leste
380 2987 630 3043 ferebant
651 3028 667 3054 ,
701 3004 805 3041 non
835 2985 997 3041 modo
1024 2985 1166 3055 quod
1193 2985 1488 3049 docerent;
1530 2983 1624 3038 sed
1654 2983 1813 3037 etiam

209 3081 358 3154 quod
373 3081 621 3136 dicerent
638 3095 745 3134 non
762 3078 937 3134 solum
952 3079 1123 3148 ipsum
1145 3076 1524 3141 resurresisse,
1544 3076 1638 3130 sed
1653 3075 1814 3130 etiam

211 3190 315 3230 nos
330 3189 428 3245 per
445 3174 596 3228 illum
615 3181 1016 3228 resurrecturos
1033 3185 1172 3225 esse.
1185 3168 1334 3236 Quod
1349 3167 1603 3233 docerent,
1624 3167 1812 3238 inquit,

211 3268 483 3339 papulum,
510 3266 939 3325 ctannuntiarent
965 3268 1020 3324 in
1046 3262 1176 3324 Jesu
1217 3263 1634 3324 resurrectionem
1675 3283 1814 3320 mor-

210 3370 442 3421 tuarum.
460 3359 534 3417 Ita
564 3359 754 3420 eﬂlcax
779 3366 875 3419 fuit
900 3363 1044 3418 illius
1066 3363 1410 3430 resurrectio,
1434 3370 1492 3417 ut
1515 3362 1675 3417 etiam
1698 3360 1817 3416 aliis

211 3469 405 3512 auctor
443 3455 511 3510 sit
541 3455 976 3511 resurrectionis.
1017 3455 1070 3509 5.
1107 3453 1171 3508 Et
1209 3453 1493 3524 injecerunt
1518 3453 1572 3506 in
1600 3469 1685 3507 eos
1707 3468 1817 3504 ntu-

209 3568 312 3606 nus
335 3591 350 3617 ,
377 3559 426 3604 et
453 3557 728 3622 posuerunt
754 3564 839 3604 eos
865 3549 920 3603 in
952 3547 1234 3602 custodiam
1261 3549 1315 3601 in
1357 3535 1638 3602 crastinum
1663 3561 1680 3599 :
1708 3555 1817 3598 erat

211 3646 349 3699 enim
381 3645 499 3714 jam
548 3659 780 3712 uespera.
827 3641 874 3698 Ο
923 3641 1350 3712 impudentiam!
1398 3641 1591 3696 Adhuc
1637 3640 1817 3710 priore

212 3735 478 3808 sanguine
530 3735 718 3807 plenas
769 3749 962 3791 manus
1013 3733 1331 3799 habebant,
1391 3748 1492 3788 uec
1537 3733 1820 3803 segniores

217 3841 416 3896 erant,
449 3829 544 3886 sed
576 3829 875 3899 injcccrunt
903 3828 1083 3883 denuo
1109 3826 1230 3882 illas
1254 3867 1270 3892 ,
1313 3836 1371 3881 ut
1412 3826 1518 3879 alio
1556 3824 1816 3895 sanguine

214 3923 506 3993 implerent
530 3939 545 3978 :
574 3921 658 3976 vel
684 3920 910 3975 fortasse
941 3920 1064 3990 quia
1097 3920 1172 3975 illi
1191 3919 1303 3989 jam
1331 3917 1673 3973 multitudine
1692 3933 1814 3973 crc—

215 4023 427 4078 verant,
457 4015 768 4079 timuerunt,
795 4012 1026 4083 ideoque
1044 4010 1391 4082 magistratus
1422 4010 1604 4080 templi
1635 4025 1816 4080 super-

215 4107 380 4162 venit.
414 4105 542 4160 Erat
580 4107 714 4159 enim
732 4143 754 4170 »,
787 4105 998 4176 inquit,
1037 4107 1152 4171 jam
1184 4118 1412 4172 vespera.
1439 4100 1519 4156 Illi
1564 4115 1692 4157 vero
1722 4115 1814 4157 vo-

213 4201 390 4254 lentes
425 4213 522 4253 eos
564 4197 808 4267 mitigare
836 4238 852 4263 ,
893 4196 972 4250 sic
1016 4194 1282 4252 faciebant
1308 4204 1366 4251 et
1400 4194 1808 4250 custodiebant:

211 4291 491 4361 apostolos
515 4300 696 4345 autem
722 4289 1040 4345 audaciores
1065 4287 1323 4344 reddebat
1354 4303 1502 4343 mora
1531 4288 1808 4359 temporis.

213 4386 278 4440 Et
326 4383 448 4439 vide
483 4425 500 4450 ,
549 4383 766 4453 quinam
813 4380 1341 4452 comprehendantur
1378 4398 1394 4436 :
1441 4379 1809 4450 apostolorum

209 4475 487 4548 corypbzci
513 4517 527 4540 ,
556 4475 677 4530 abis
705 4483 891 4545 postea
940 4472 1246 4542 exemplum
1291 4471 1415 4528 tacti
1437 4512 1453 4536 ,
1485 4486 1554 4527 ne
1585 4471 1720 4526 ultra
1752 4485 1811 4526 se

211 4579 403 4623 mutuo
432 4568 732 4638 inquirant,
762 4581 936 4638 neque
964 4566 1322 4621 communiter
1358 4573 1537 4636 agant.
1569 4564 1623 4620 4.
1656 4563 1810 4618 Multi

211 4670 383 4713 autem
409 4675 582 4713 eorum
605 4700 619 4723 ,
664 4658 750 4726 qui
790 4657 1059 4712 audierant
1095 4657 1300 4710 verbum
1324 4697 1340 4722 ,
1367 4656 1692 4711 crediderunt
1713 4698 1730 4723 ,
1762 4666 1809 4710 et

207 4757 378 4822 factus
405 4760 479 4805 est
506 4766 746 4804 numerus
775 4751 998 4804 virorum
1025 4749 1222 4802 circiter
1245 4748 1465 4820 quinque
1493 4748 1676 4802 millia.

287 4841 432 4898 Petri
474 4843 525 4896 in
552 4842 901 4897 concionanda
942 4842 1034 4894 uis.
1065 4840 1292 4908 —Quid
1339 4840 1477 4895 hoc?
1507 4856 1638 4896 num
1688 4841 1808 4896 illos

206 4935 530 5005 conspicuos
563 4934 854 4990 videbant?
887 4949 1062 4989 annon
1111 4933 1336 5003 ligatos?
1365 4934 1636 5003 quomodo
1664 4948 1798 5004 ergo

207 5025 599 5084 crediderunt?
631 5026 815 5081 Viden’
865 5025 1204 5081 manifestam
1253 5026 1596 5080 efficaciam?
1641 5026 1804 5096 Atqui

205 5134 345 5187 eos,
375 5120 465 5188 qui
512 5116 893 5182 crediderant,
942 5117 1225 5187 oportebat
1275 5114 1599 5173 inﬁrmiores
1645 5117 1799 5183 fieri;

206 5209 306 5267 sed
330 5227 434 5266 non
457 5210 526 5265 ita
556 5208 656 5264 fuit
679 5227 692 5264 :
722 5209 861 5265 Petri
898 5225 1128 5280 namque
1150 5209 1339 5264 concio
1359 5208 1643 5263 setuiua'in
1669 5226 1796 5279 pro-

207 5303 430 5361 fundum
473 5303 715 5375 iecerat,
765 5314 1108 5372 mentemque
1159 5303 1370 5358 illorum
1420 5303 1692 5360 affecerat.
1724 5302 1802 5357 llli

205 5411 340 5452 vero
361 5395 483 5451 ideo
503 5395 924 5459 succensebant,
953 5394 1095 5466 quod
1123 5409 1229 5449 non
1261 5394 1330 5449 ab
1357 5395 1465 5449 illis
1491 5404 1799 5449 metueren-

207 5503 317 5556 tur,
335 5492 585 5560 quodque
602 5489 676 5544 illi
697 5489 976 5559 prazsentia
997 5489 1134 5544 mala
1161 5504 1256 5559 pro
1274 5489 1442 5543 nihilo
1465 5497 1798 5558 reputarent.

204 5584 264 5640 Si
291 5584 436 5638 enim
459 5583 749 5638 crucilisus
770 5623 785 5649 ,
813 5579 1066 5646 aiebant,
1101 5581 1222 5634 talia
1250 5589 1506 5651 operatur
1526 5622 1540 5646 ,
1571 5591 1624 5636 et
1653 5581 1800 5635 clau-

199 5680 332 5737 dum
361 5677 538 5748 erigit,
568 5691 637 5730 ne
668 5675 949 5731 timeamus
993 5674 1132 5729 illos.
1171 5674 1283 5730 Hoc
1311 5689 1440 5746 ergo
1470 5690 1534 5729 ex
1562 5673 1657 5731 Dei
1687 5675 1802 5731 disc

201 5771 520 5846 petisationc
564 5767 765 5823 factum
810 5777 912 5824 est.
972 5766 1106 5822 Hinc
1146 5783 1277 5823 vero
1306 5768 1404 5833 fit,
1437 5777 1495 5822 ut
1521 5770 1610 5836 qui
1657 5785 1798 5825 nunc

200 5864 431 5923 credunt
459 5863 639 5934 plures
657 5846 787 5926 Sint,
809 5876 968 5932 quam
995 5860 1222 5931 priores.
1261 5860 1492 5931 Ideoque
1513 5863 1761 5918 timentes
1777 5904 1792 5928 ,

202 5961 308 6018 illis
336 5955 640 6015 videntibus
669 5955 942 6026 apostolos
975 5954 1221 6027 ligarant,
1263 5963 1320 6012 ut
1350 5954 1468 6010 illos
1497 5955 1793 6012 timidiores

1945 1039 2251 1097 redderent.
2284 1045 2455 1101 Secus
2485 1055 2664 1102 autem
2691 1048 2925 1116 accidit,
2968 1065 3127 1121 quam
3160 1053 3235 1109 illl
3269 1051 3551 1109 volebant.

1943 1130 2177 1205 Ideoque
2209 1152 2315 1192 non
2347 1153 2527 1194 coram
2559 1141 2665 1196 illis
2697 1141 2844 1212 ipsos
2874 1145 3241 1217 interrogant,
3275 1149 3375 1204 sed
3403 1163 3555 1204 seor-

1940 1225 2076 1291 sim,
2111 1242 2177 1281 nc
2204 1242 2270 1282 es
2319 1245 2507 1284 eorum
2555 1230 2806 1302 loquendi
2855 1235 3102 1293 libertate
3147 1239 3434 1294 auditores
3467 1241 3552 1294 lu-

1940 1331 2090 1372 crum
2133 1321 2415 1411 referrent.
2444 1324 2498 1379 5.
2557 1323 2775 1381 Factum
2806 1339 2879 1382 est
2923 1339 3094 1385 autem
3123 1331 3177 1386 in
3221 1333 3512 1388 crastinum
3535 1376 3550 1400 ,

1939 1419 1992 1461 ut
2012 1426 2442 1483 congregarentur
2483 1417 2739 1488 principes
2767 1437 2941 1474 eorum
2970 1432 3018 1476 et
3042 1425 3269 1479 seniores
3297 1434 3344 1478 et
3373 1442 3447 1480 scr
3459 1425 3553 1480 ibat

1937 1499 1990 1552 in
2019 1501 2303 1559 Jerusalem
2327 1522 2346 1560 :
2391 1508 2443 1562 6.
2501 1520 2548 1563 et
2594 1510 2770 1567 Annus
2823 1515 3061 1584 princeps
3114 1518 3478 1584 sacerdotum,
3507 1527 3554 1572 et

1937 1590 2159 1663 Caiphas
2185 1606 2228 1649 et
2248 1595 2475 1654 Joannes
2498 1611 2542 1654 et
2567 1603 2875 1669 Alexander,
2891 1616 2938 1659 et
2959 1619 3202 1677 quotquot
3218 1619 3369 1662 erarat
3387 1610 3451 1663 de
3469 1627 3555 1679 ge-

1936 1700 2054 1739 nere
2097 1690 2424 1745 sacerdotali.
2477 1692 2682 1749 Rursus
2728 1697 3059 1752 conveniunt
3099 1699 3153 1754 in
3184 1716 3382 1754 unum.
3411 1700 3551 1755 Cum

1935 1779 2056 1835 aliis
2084 1781 2244 1836 etiam
2278 1785 2433 1840 malis
2475 1785 2578 1842 hoc
2607 1787 2830 1854 aderat,
2859 1791 3004 1860 quod
3034 1791 3119 1847 lex
3151 1809 3258 1848 non
3290 1809 3543 1849 servare-

1935 1879 2043 1926 tur.
2078 1873 2155 1929 Ac
2185 1891 2373 1930 rursus
2400 1877 2585 1946 iudicii
2634 1878 2863 1936 formam
2894 1883 3024 1940 huic
3051 1888 3269 1955 negotio
3301 1886 3502 1942 indunt
3533 1929 3548 1950 .

1935 1972 1991 2016 ut
2019 1963 2216 2033 injusto
2241 1967 2444 2036 judicio
2475 1973 2663 2027 noxios
2694 1974 2813 2029 illos
2843 1975 3090 2031 reddant.
3121 1979 3173 2031 7.
3210 1977 3273 2032 Et
3304 1989 3548 2033 statuen-

1933 2062 2005 2106 tes
2030 2070 2114 2108 eos
2142 2057 2194 2109 in
2223 2059 2385 2113 medio
2408 2103 2422 2124 ,
2454 2061 2830 2134 interrogabant
2856 2081 2872 2120 .'
2905 2064 2970 2120 In
3000 2083 3101 2139 qna
3129 2068 3339 2133 virtute,
3372 2079 3466 2122 aut
3496 2088 3548 2124 in

1930 2159 2030 2212 quo
2060 2148 2263 2200 nomine
2291 2152 2483 2218 fecistis
2528 2153 2623 2207 hoc
2662 2157 2791 2210 vos?
2821 2158 2978 2227 Atqui
3013 2157 3065 2212 id
3090 2159 3336 2214 sciebant
3365 2180 3378 2215 :
3415 2177 3546 2214 nam

1930 2236 2206 2306 dolebant,
2240 2242 2412 2312 inquit
2435 2285 2449 2307 ,
2501 2247 2638 2314 quod
2665 2251 3027 2303 annnntiarent
3052 2251 3106 2304 in
3145 2250 3273 2306 Jesu
3317 2270 3548 2308 resurre—

1928 2333 2165 2388 ctionem.
2197 2333 2320 2390 Ideo
2345 2338 2876 2408 comprehenderant
2905 2342 3048 2398 illos.
3080 2343 3188 2400 Cur
3205 2361 3337 2417 ergo
3360 2347 3536 2402 inter-

1928 2426 2159 2496 rogant?
2215 2429 2616 2498 Exspcctabant
2676 2433 2798 2488 illos
2855 2446 3079 2505 propter
3134 2438 3536 2495 multitudinem

1929 2526 2220 2586 negaturos
2247 2534 2401 2586 esse,
2436 2529 2492 2575 et
2521 2522 2598 2577 sic
2630 2525 2891 2592 putabant
2918 2542 2977 2581 se
3007 2537 3177 2584 totum
3209 2532 3536 2587 emendatu-

1929 2627 2019 2665 ros
2045 2626 2187 2667 esse.
2220 2612 2356 2670 Vide
2385 2631 2516 2687 ergo
2541 2618 2668 2687 quid
2710 2618 2894 2673 dicant
2922 2638 2934 2673 :
2969 2619 3036 2674 In
3077 2639 3179 2692 quo
3213 2625 3415 2678 nomine
3442 2625 3538 2680 hoc

1927 2704 2124 2774 fecistis
2146 2722 2231 2758 vos
2249 2706 2274 2758 ?
2296 2709 2348 2762 8.
2370 2707 2516 2762 Tunc
2537 2709 2718 2764 I’rtrus
2744 2711 2966 2781 repletus
2988 2712 3192 2782 Spiritu
3203 2726 3380 2769 sancto
3403 2719 3534 2771 dixit

1923 2795 1993 2848 ad
2021 2813 2122 2850 eos.
2150 2796 2300 2852 Nunc
2321 2799 2606 2867 recordare
2640 2802 2927 2856 verborum
2952 2802 3152 2859 Christi
3171 2805 3272 2876 (a),
3300 2805 3376 2878 [et
3402 2821 3537 2878 quo-

1925 2887 2086 2942 modo
2116 2890 2360 2945 evenerit
2383 2891 2432 2944 id
2463 2891 2605 2962 quod
2636 2892 2849 2948 diccbat
2880 2911 2894 2947 :
2920 2892 2940 2966 ]
2975 2894 3104 2948 Cum
3135 2908 3305 2950 autem
3335 2900 3538 2953 tradent

1923 2998 2010 3034 vos
2053 2983 2104 3034 in
2133 2986 2407 3054 synagogis
2430 3027 2442 3048 ,
2480 3002 2542 3039 ne
2582 2985 2792 3039 solliciti
2839 2988 2952 3042 sitis
2982 2989 3235 3059 quomodo
3276 3000 3364 3044 aut
3409 2969 3533 3061 quid

1924 3074 2201 3145 loquamini
2229 3093 2247 3129 :
2279 3078 2506 3148 Spiritus
2533 3080 2664 3132 enim
2693 3078 2866 3133 Patris
2898 3083 3048 3134 uestri
3079 3093 3172 3146 est,
3199 3083 3286 3152 qui
3311 3083 3534 3154 loquitur

1921 3169 1974 3222 in
2005 3169 2142 3222 vobis
2174 3170 2191 3238 (
2219 3169 2345 3224 Luc.
2380 3171 2466 3225 12.
2503 3173 2587 3226 ll.
2628 3172 2694 3226 1?.
2717 3172 2758 3241 ).
2813 3173 2955 3242 Ergo
3003 3189 3250 3244 magnam
3303 3190 3534 3245 accepe-

1924 3269 2046 3315 rant
2090 3261 2405 3316 efﬁcaciam.
2458 3263 2596 3330 Quid
2644 3279 2772 3318 vero
2818 3265 2999 3332 dicat,
3043 3267 3206 3320 andi:
3261 3265 3533 3338 Principes

1924 3357 2135 3427 populi,
2185 3366 2231 3412 et
2275 3358 2497 3412 seniores
2553 3357 2740 3414 Israel.
2783 3359 2913 3415 Vide
2962 3360 3355 3431 philosophiam
3401 3365 3532 3430 viri,

1922 3460 1978 3506 ct
2027 3449 2298 3520 quomodo
2344 3451 2533 3506 fiducia
2578 3452 2770 3522 plenus
2811 3452 2940 3506 nihil
2995 3455 3389 3510 contumeliose
3445 3456 3531 3510 di-

1920 3550 2037 3606 cat,
2084 3542 2178 3597 sed
2210 3557 2332 3598 cum
2366 3543 2472 3596 bon
2495 3558 2572 3596 ire
2604 3562 2616 3596 :
2655 3542 2922 3612 Principes
2968 3546 3180 3613 populi,
3233 3545 3441 3617 inquit,
3475 3561 3524 3602 et

1921 3634 2144 3688 seniores
2171 3634 2338 3690 Israel
2351 3652 2369 3689 :
2392 3635 2444 3691 9.
2472 3636 2518 3690 si
2541 3652 2632 3691 nos
2654 3637 2805 3690 hodie
2824 3637 3174 3703 diiudicamur
3195 3639 3248 3690 in
3269 3639 3534 3708 benefacta

1921 3726 2141 3780 hominis
2171 3728 2362 3794 inﬁrmi
2380 3768 2396 3793 ,
2429 3728 2480 3780 in
2511 3745 2611 3798 quo
2638 3729 2732 3781 iste
2747 3729 2915 3782 salvus
2947 3732 3116 3799 [actas
3149 3740 3222 3784 est
3249 3772 3264 3796 ,
3302 3731 3390 3787 £0.
3425 3750 3526 3786 no-

1922 3826 2028 3870 tum
2058 3819 2122 3871 sit
2165 3818 2337 3882 vobis,
2371 3828 2418 3872 et
2464 3820 2604 3873 onmi
2648 3819 2784 3890 plebi
2823 3817 3011 3874 Israel.
3064 3820 3296 3878 Strenue
3337 3824 3458 3879 illos
3500 3843 3530 3882 a

1922 3909 2187 3979 principio
2213 3910 2527 3980 perstringit
2553 3920 2609 3965 et
2633 3911 2847 3979 carpit;
2881 3911 2990 3966 imo
3013 3912 3119 3966 illis
3145 3914 3323 3982 priora
3344 3917 3395 3970 in
3419 3934 3531 3971 mc.

1921 4003 2146 4056 moriam
2179 4011 2393 4057 revocat
2415 4044 2430 4069 ,
2473 4003 2614 4073 quod
2669 4004 2787 4058 illos
2816 4003 2885 4060 de
2927 4005 3191 4062 beneficio
3228 4008 3282 4062 in
3308 4008 3400 4079 jus
3428 4027 3528 4064 vo-

1919 4103 2044 4148 ccut
2065 4136 2081 4160 ,
2110 4109 2172 4148 ac
2203 4095 2246 4148 si
2289 4095 2496 4150 diceret
2527 4114 2540 4148 :
2573 4095 2770 4165 Utique
2805 4098 3098 4168 oportebat
3127 4115 3227 4154 nos
3255 4101 3355 4156 hac
3377 4102 3445 4157 de
3471 4120 3529 4159 rc

1919 4188 2206 4255 coronari,
2240 4199 2402 4259 atque
2433 4197 2493 4244 ut
2529 4188 2800 4245 beneficos
2845 4191 3219 4262 promulgari;
3254 4210 3399 4250 nunc
3426 4212 3525 4248 au-

1920 4287 2028 4335 tem
2060 4281 2112 4335 in
2140 4280 2228 4350 jus
2251 4297 2526 4348 vocamur,
2568 4283 2690 4352 quia
2725 4283 2864 4339 bene
2891 4282 3120 4339 fecimus
3143 4285 3345 4341 homini
3369 4287 3524 4343 infrr-

1921 4389 2030 4438 mo,
2051 4389 2157 4429 non
2183 4375 2410 4444 potenti,
2433 4391 2539 4430 non
2558 4375 2746 4443 nobili;
2770 4392 3100 4449 quamquam
3120 4389 3175 4435 et
3195 4380 3249 4435 in
3281 4379 3386 4438 hoc
3405 4399 3455 4453 q'
3481 4385 3524 4438 is

1919 4466 2237 4522 invidisset?
2380 4463 2395 4476 ’

1987 4559 2041 4612 2.
2062 4559 2247 4629 Magna
2263 4560 2524 4629 gravitate
2549 4559 2830 4615 exordium
2876 4561 3094 4631 plenum
3116 4573 3221 4620 est.
3243 4564 3378 4621 llinc
3392 4581 3520 4621 vero

1916 4654 2217 4708 ostenditur
2252 4653 2398 4722 ipsos
2420 4667 2541 4708 sese
2566 4652 2724 4707 malis
2751 4652 3048 4724 implicare.
3074 4655 3206 4721 Quia
3229 4657 3280 4709 in
3312 4658 3521 4711 nomine

1915 4744 2042 4799 Jesu
2069 4744 2256 4799 Christi
2281 4744 2564 4799 Nazareni.
2589 4745 2744 4811 Quod
2785 4745 2908 4801 illos
2947 4747 3183 4801 maxime
3220 4747 3518 4802 contrista-

1915 4837 2027 4904 bat,
2061 4838 2262 4908 adjicit.
2305 4839 2417 4895 lloc
2462 4847 2599 4905 erat,
2639 4839 2780 4910 quod
2822 4839 3036 4895 dicebat
3076 4839 3181 4895 illis
3225 4841 3513 4896 Christus:

1920 4924 2078 4992 Quod
2094 4929 2151 4984 in
2167 4943 2296 4983 aure
2320 4932 2536 4985 audistis
2561 4973 2575 4997 ,
2629 4931 2905 5000 prwdicate
2934 4946 3089 4999 super
3114 4941 3244 4985 tecta
3286 4932 3513 5002 (Matth.

1915 5025 2002 5081 10.
2029 5025 2155 5094 ‘27).
2189 5026 2250 5078 In
2282 5026 2484 5078 nomine
2525 5023 2650 5078 Jesu
2697 5023 2890 5078 Christi
2921 5023 3220 5092 Nazareni,
3257 5042 3408 5098 quem
3428 5041 3514 5080 nos

1910 5120 2255 5190 cruci/irrisus,
2274 5135 2422 5187 quem
2439 5116 2577 5172 Deus
2598 5118 2859 5172 suscitavit
2877 5135 2940 5172 ea:
2963 5119 3198 5184 mortuis,
3218 5119 3270 5172 in
3295 5120 3390 5174 hoc
3401 5121 3509 5198 visa.

1910 5212 2077 5264 adstat
2108 5227 2279 5266 coram
2317 5211 2452 5265 vobis
2476 5228 2653 5265 sanus.
2681 5210 2760 5265 Ne
2790 5211 3008 5281 putetis,
3039 5211 3250 5282 inquit,
3281 5227 3380 5267 nos
3409 5229 3505 5269 oc-

1909 5303 2118 5359 cultare
2141 5303 2362 5372 patriam
2382 5303 2467 5358 vel
2495 5302 2822 5372 passionem.
2846 5302 3006 5370 Quem
3025 5320 3109 5356 vos
3127 5304 3266 5357 cruci
3272 5303 3459 5372 ﬁxistis
3480 5347 3495 5369 ,

1908 5413 2053 5466 quem
2079 5395 2216 5451 Dens
2241 5398 2575 5451 suscitavitex
2590 5396 2823 5459 mortuis,
2841 5396 2893 5448 in
2911 5396 3004 5449 hoc
3023 5396 3110 5449 ille
3137 5396 3306 5448 adstat
3332 5412 3506 5457 coram

1909 5490 2046 5545 vobis
2071 5508 2247 5545 sanus.
2295 5491 2490 5546 ltcruut
2543 5491 2721 5561 passio
2749 5532 2763 5556 ,
2805 5492 3002 5545 iterum
3031 5491 3379 5545 resurrectio.
3415 5492 3505 5546 ll.

1913 5583 2010 5638 Hic
2039 5595 2110 5642 est
2145 5585 2308 5653 lapis,
2340 5585 2431 5654 qui
2459 5586 2756 5654 reprobatus
2786 5595 2860 5638 est
2885 5601 2918 5636 a
2948 5585 3086 5637 vobis
3111 5583 3506 5651 a‘diﬁcantibus,

1906 5678 1994 5747 qni
2018 5679 2182 5748 factas
2222 5687 2294 5731 est
2327 5679 2378 5730 in
2417 5687 2570 5747 caput
2611 5676 2790 5748 anguli
2813 5675 2984 5744 (l’sal.
3016 5677 3137 5730 H7.
3171 5675 3285 5746 22).
3314 5675 3369 5729 ln
3393 5691 3508 5730 me-

1909 5768 2133 5821 moriam
2181 5767 2310 5837 ipsis
2359 5777 2578 5823 revocat
2631 5768 2893 5830 verbum,
2941 5761 3084 5834 quod
3134 5774 3338 5821 terrere
3383 5764 3509 5827 illo;

1971 5945 1990 5980 ί
2023 5954 2134 6000 Quae
2162 5946 2349 5996 uncinis
2368 5946 2676 6004 clauduntur,
2704 5960 2832 5997 unus
2856 5957 2949 5994 non
2972 5943 3141 5994 habet.
