4092 6476
609 453 676 508 87

610 568 812 636 posset.
838 555 971 612 Nam
1000 548 1111 604 ait:
1148 545 1248 614 Qui
1283 536 1515 595 ceciderit
1550 546 1701 603 super
1743 524 1963 593 lapidem
2013 518 2145 572 hunc
2168 555 2181 576 .

609 619 986 723 confringetur;
1012 656 1163 711 super
1184 650 1332 709 quem
1370 644 1485 686 vero
1510 620 1774 686 ceciderit,
1813 619 2034 670 conteret
2065 623 2181 663 eum

1609 716 1622 723 .
1724 710 1752 723 ..
1853 707 1883 723 ..
2030 700 2164 723 ,ΛΜ

1148 700 1237 787 lé.
1269 726 1332 781 Et
1373 738 1478 817 non
1499 727 1578 817 est
1604 716 1657 770 in
1682 710 1784 817 alio
1812 707 1985 777 aliquo
2025 700 2184 817 saltis:l

1146 821 1232 877 his
1277 814 1454 872 verbis
1499 810 1619 866 illos
1650 804 1831 877 plagas
1874 788 2191 909 accepisse?

929 917 1072 974 aliud
1098 928 1278 969 nomen
1302 916 1377 963 est
1401 903 1491 959 sub
1518 900 1643 957 ctelo
1669 897 1843 950 datum
1867 887 2152 945 hominibus
2169 926 2186 952 ,

613 978 664 1074 in
681 978 789 1091 quo
811 1020 1044 1084 oporteat
1068 1023 1159 1062 nos
1182 1003 1346 1059 salvos
1377 996 1510 1068 ﬁeri.
1541 993 1639 1049 llic
1659 998 1714 1046 et
1739 982 1985 1043 sublimia
2010 978 2189 1091 loqui-

616 1070 723 1165 tur:
748 1070 976 1176 Quando
999 1100 1140 1156 enim
1170 1110 1275 1150 non
1296 1098 1381 1148 est
1398 1083 1595 1156 aliquid
1620 1078 1874 1154 praeclare
1896 1070 2187 1144 agendum,

616 1201 708 1257 scd
744 1162 943 1254 tzntum
990 1204 1111 1247 cum
1158 1186 1405 1241 libertate
1448 1173 1771 1248 loquendum
1795 1213 1809 1235 ,
1840 1180 1945 1222 non
1977 1162 2147 1233 parcit
2176 1175 2189 1211 :

617 1308 722 1346 non
752 1288 893 1344 enim
927 1281 1179 1344 timebat,
1209 1290 1276 1331 ne
1316 1270 1726 1344 perstringeret.
1766 1259 1875 1315 Nec
1899 1254 2035 1311 dixit
2059 1251 2190 1305 sim-

617 1344 845 1453 pliciter,
875 1377 977 1432 Per
1004 1366 1329 1435 alium;sed,
1364 1362 1485 1418 Non
1514 1369 1585 1414 est
1611 1358 1664 1411 in
1690 1354 1792 1409 alio
1822 1350 1990 1419 aliqua
2022 1344 2161 1453 salus
2175 1355 2195 1395 :

618 1475 900 1527 declarans
934 1464 1074 1536 quod
1107 1462 1193 1515 hic
1226 1473 1322 1513 nos
1351 1464 1531 1527 potest
1572 1460 1818 1510 servare,
1874 1452 2035 1510 atque
2090 1435 2194 1489 illis

616 1563 774 1619 simul
806 1571 1065 1614 terrorem
1100 1555 1438 1607 incussurus.«
1467 1544 1555 1598 15.
1596 1536 1833 1593 Videntes
1861 1542 2029 1586 autem
2062 1524 2197 1580 Petri

618 1653 953 1709 constantiam
976 1655 1021 1701 et
1047 1642 1266 1699 Joannis
1284 1680 1297 1705 ,
1339 1646 1593 1705 comperto
1622 1627 1757 1701 quod
1786 1625 2012 1678 homines
2039 1624 2199 1673 essent

618 1752 725 1803 sine
753 1744 912 1800 literis
933 1752 979 1796 et
1006 1739 1199 1803 idiotar,
1222 1730 1627 1791 admirabantur,
1647 1731 1693 1776 et
1709 1714 2071 1791 cognoscebant
2095 1726 2194 1773 cos,

610 1842 736 1913 quia
753 1855 863 1893 cum
874 1834 999 1890 Iesu
1020 1833 1239 1903 fuerant.
1261 1827 1327 1881 Et
1340 1818 1627 1895 quomodo,
1648 1814 1838 1885 inquit,
1871 1804 2104 1864 illiterati
2124 1803 2195 1857 illi

624 1894 677 1989 et
706 1934 847 2002 ipsos
862 1939 913 1984 et
930 1940 1166 1981 summos
1190 1917 1495 1975 sacerdotes
1517 1908 1782 1967 rhetorica
1810 1918 1904 1958 sua
1928 1894 2202 1954 vicerunt?

625 1987 739 2080 limi
763 2022 860 2092 ipsi
887 2016 1258 2088 loquebantur,
1273 2008 1364 2065 sed
1394 2020 1486 2076 per
1514 2017 1607 2059 eos
1634 1998 1804 2070 gratia
1827 1992 2080 2092 Spiritus.
2111 1987 2197 2042 ll.

627 2116 1011 2183 Hominemque,
1040 2108 1121 2179 qui
1138 2111 1346 2160 sanatus
1367 2100 1553 2169 fuerat,
1577 2108 1691 2148 cum
1713 2089 1781 2143 eis
1803 2097 1937 2142 stare
1960 2083 2199 2143 videntes,

626 2209 753 2264 nihil
776 2212 1001 2277 poterant
1026 2196 1386 2254 contradicere.
1413 2189 1598 2258 Magna
1620 2180 1855 2238 hominis
1878 2173 2201 2233 constantia.

626 2316 683 2359 ut
710 2272 882 2374 palam
909 2304 1077 2354 estex
1105 2308 1171 2348 eo
1194 2332 1209 2358 ,
1241 2285 1382 2359 quod
1413 2284 1464 2338 iu
1489 2282 1606 2351 ipso
1627 2274 1812 2347 iudicii
1842 2272 1960 2326 loco
1988 2282 2091 2321 non
2120 2280 2206 2319 re-

626 2364 891 2466 linqueret
917 2404 1011 2445 eos
1040 2404 1054 2441 :
1104 2387 1174 2440 ita
1204 2391 1262 2437 ut
1286 2381 1328 2436 si
1360 2377 1434 2435 illi
1464 2371 1759 2435 dixissent,
1794 2380 1900 2421 non
1931 2364 2001 2417 ita
2033 2374 2091 2415 se
2118 2371 2205 2413 res

634 2486 790 2541 habet
814 2524 830 2549 ,
862 2481 949 2536 ille
977 2473 1352 2545 redarguisset.

701 2544 1052 2645 Apostolorum
1078 2568 1254 2622 virtus.
1283 2593 1353 2604 —
1370 2560 1456 2616 15.
1478 2558 1749 2611 Iusserunt
1769 2559 1935 2603 autem
1960 2562 2041 2601 eos
2067 2544 2207 2615 foras

627 2678 771 2723 extra
789 2661 1059 2719 concilium
1078 2655 1340 2711 secedere:
1365 2662 1409 2705 et
1430 2647 1746 2717 conferebant
1764 2642 1831 2695 ad
1858 2640 2085 2701 inuicem,
2114 2634 2202 2690 16.

630 2761 849 2814 dicentes
874 2770 892 2809 :
922 2750 1056 2818 Quid
1082 2748 1325 2819 faciemus
1351 2740 1634 2801 hominibus
1652 2735 1800 2790 istis?
1826 2730 1989 2788 Vides
2009 2772 2022 2795 ,
2050 2742 2209 2797 quam

631 2851 817 2909 incerti
847 2848 986 2904 sint?
1013 2844 1162 2899 vides
1187 2840 1477 2894 humanum
1509 2832 1754 2886 timorem
1780 2825 1956 2880 omnia
1986 2835 2215 2891 operan-

631 2943 776 3000 tem?
803 2928 875 2997 Ut
897 2953 1014 3007 qua:
1045 2933 1287 2989 Christus
1317 2924 1637 2997 operabatur
1665 2920 1975 2974 subvertere
1999 2912 2077 2966 τοι
2110 2910 2208 2963 ob-

630 3047 849 3091 scurare
879 3000 981 3085 non
1016 3029 1280 3097 poterant,
1306 3018 1400 3073 sed
1422 3016 1527 3069 illis
1555 3020 1738 3067 contra
1766 3004 2053 3062 nitentibus
2080 3000 2210 3055 ﬁdes

634 3128 799 3197 magis
828 3120 1158 3193 augebatur:
1190 3114 1267 3169 sic
1296 3118 1350 3165 et
1372 3120 1514 3162 nunc
1543 3102 1740 3159 evenit.
1771 3095 1908 3166 Quid
1932 3092 2214 3168 faciemus?

632 3218 677 3273 Ο
702 3184 1087 3285 iiisipieuitiam,
1125 3202 1264 3276 quod
1304 3201 1425 3255 illos
1466 3204 1585 3267 post
1619 3192 1893 3262 degustata
1924 3184 2213 3241 certamina

634 3308 821 3366 terreri
855 3302 1137 3376 putabant;
1169 3299 1276 3352 imo
1303 3295 1345 3348 si
1378 3305 1496 3347 cmn
1529 3285 1676 3343 initio
1712 3282 1840 3337 nihil
1886 3279 2213 3350 potuissent,

639 3410 755 3471 post
784 3366 984 3454 tantam
1030 3388 1238 3449 dicendi
1270 3384 1569 3441 facultatem
1600 3374 1975 3433 existimabant
2011 3384 2070 3424 se
2111 3366 2213 3422 ali-

636 3492 760 3563 quid
789 3502 905 3544 esse
932 3486 1183 3540 facturos.
1218 3479 1426 3546 Quanto
1450 3473 1606 3543 igitur
1632 3468 1801 3535 magis
1839 3461 2096 3532 impedire
2119 3474 2216 3513 vo-

637 3552 814 3638 lebant
834 3621 849 3644 ,
893 3585 1038 3631 tanto
1063 3573 1231 3641 magis
1252 3582 1339 3625 res
1357 3564 1702 3633 augebantur.
1740 3557 1994 3625 Quoniam
2016 3552 2218 3624 quidem

638 3683 811 3728 notum
837 3670 1035 3738 signum
1064 3668 1255 3736 factum
1278 3668 1349 3715 est
1378 3673 1466 3728 per
1494 3671 1597 3716 eos,
1626 3651 1855 3706 onmibus
1879 3645 2218 3701 habitantibus

637 3736 920 3820 Ierusalem
940 3760 1287 3830 manifestum,
1306 3760 1354 3807 et
1373 3767 1471 3804 non
1495 3761 1759 3817 possumus
1776 3750 1976 3811 negare.
2001 3739 2088 3792 17.
2115 3736 2219 3791 Sed

641 3874 702 3911 ne
725 3854 946 3924 amplius
973 3847 1259 3917 divulgetur
1278 3844 1329 3897 in
1359 3838 1621 3910 populum,
1652 3833 2013 3909 comminemur
2042 3828 2131 3892 eis,
2159 3842 2221 3879 ne

642 3950 777 4004 ultra
806 3920 1078 4017 loquantur
1102 3943 1152 3995 in
1175 3937 1373 3993 nomine
1402 3934 1494 3987 hoc
1515 3932 1603 3984 ulli
1626 3929 1903 3982 hominum.
1929 3922 2016 3979 18.
2043 3920 2109 3975 Et
2136 3935 2222 3974 1‘0-

643 4050 811 4096 cantcs
841 4056 923 4093 eos
951 4034 1363 4089 denuntiauerunt
1393 4042 1454 4081 ne
1488 4023 1691 4078 omnino
1723 4021 2041 4088 loquerentur
2065 4029 2223 4082 neque

644 4134 877 4186 docerent
904 4128 954 4180 in
984 4125 1183 4179 nomine
1207 4121 1349 4175 Iesu.
1396 4116 1525 4173 Vide
1556 4115 1768 4169 illorum
1804 4107 2184 4179 impudentiam
2205 4148 2220 4171 ,

644 4235 700 4280 et
726 4221 1086 4293 apostolorum
1112 4212 1517 4287 philosophiam.
1544 4209 1628 4265 19.
1663 4206 1845 4261 Petrus
1866 4218 1983 4257 vero
2003 4211 2047 4254 et
2072 4199 2227 4253 Ioan-

650 4334 735 4370 nes
758 4312 1130 4381 respondentes,
1155 4308 1385 4361 dixerunt
1411 4303 1476 4355 ad
1498 4317 1579 4355 eos
1608 4315 1626 4354 :
1654 4299 1711 4353 Si
1738 4299 1925 4363 iustum
1949 4302 2018 4348 est
2040 4292 2091 4346 in
2117 4308 2231 4345 con-

650 4416 823 4477 spectu
848 4402 955 4465 Dei,
988 4417 1072 4454 vos
1094 4400 1260 4470 potius
1289 4395 1465 4447 audire
1488 4406 1639 4462 quam
1665 4387 1849 4449 Deum,
1869 4386 2117 4456 judicate.
2135 4381 2224 4436 ΞΟ.

658 4496 767 4550 Nos
794 4510 893 4548 non
924 4506 1205 4563 possumus,
1238 4502 1351 4555 qua:
1380 4485 1592 4539 vidimus
1619 4492 1663 4535 et
1690 4479 1992 4541 audivimus,
2028 4490 2126 4529 non
2150 4474 2227 4526 lo-

652 4589 754 4658 qui.
784 4586 875 4640 2|.
903 4585 965 4637 At
990 4582 1064 4636 illi
1102 4579 1456 4633 comminantes
1503 4575 1795 4627 dimiserunt
1822 4585 1935 4635 eos,
1965 4584 2064 4621 non
2089 4566 2229 4619 inve-

656 4680 843 4733 nientes
864 4719 878 4744 ,
905 4672 1157 4741 quomodo
1198 4669 1429 4740 punirent
1468 4682 1550 4717 eos
1572 4706 1585 4727 ,
1616 4658 2116 4731 propter‘populum.
2146 4654 2231 4710 Si-

657 4769 877 4824 lentium
925 4765 1028 4819 illis
1082 4760 1413 4831 imperabant
1468 4755 1750 4817 miracula,
1805 4766 1866 4804 ac
1908 4756 2089 4817 postea
2130 4761 2235 4799 non

663 4859 991 4931 patiebantur
1012 4857 1131 4910 illos
1152 4853 1371 4923 implere
1392 4862 1693 4904 sermonem
1717 4862 1730 4908 ;
1758 4842 1851 4897 sed
1876 4840 2087 4894 interim
2111 4852 2239 4892 con-

665 4951 939 5007 tumeliose
961 4946 1245 5003 admodum
1267 4946 1404 5007 illos,
1426 4960 1491 4996 ne
1514 4942 1877 5011 loquerentur,
1898 4932 2238 4988 cohibebant.

670 5046 801 5110 Quia
822 5057 991 5097 omnes
1016 5037 1361 5107 cluriﬁcabant
1394 5034 1556 5087 Deum
1580 5034 1629 5085 in
1659 5048 1735 5096 eo,
1765 5029 1899 5097 quod
1923 5032 2108 5097 factum
2132 5027 2243 5095 fue-

666 5148 763 5191 rat.
793 5134 888 5188 ἓῖ.
915 5134 1176 5185 Annorum
1200 5129 1329 5180 enim
1356 5136 1457 5178 erat
1482 5123 1699 5190 amplius
1721 5116 2054 5187 quadraginta
2072 5116 2241 5180 homo,

670 5233 718 5282 in
746 5244 840 5297 quo
862 5228 1048 5295 factum
1081 5228 1243 5295 fuerat
1274 5222 1473 5289 signum
1507 5217 1598 5268 hoc
1619 5214 1864 5267 sanitatis.
1889 5209 1990 5265 Sed
2020 5224 2103 5271 ea,
2128 5221 2245 5276 qure

672 5338 824 5392 supra
856 5321 991 5373 dicta
1024 5323 1166 5378 sunt,
1200 5323 1520 5382 repetamus.
1552 5308 1628 5378 (a)
1661 5305 1793 5373 Quid
1816 5306 2057 5373 faciemus
2088 5298 2247 5351 hami--

676 5417 822 5468 nibus
866 5411 1010 5464 istis?
1058 5409 1238 5463 Primo
1283 5406 1439 5474 igitur
1468 5410 1685 5470 propter
1709 5398 1931 5468 gloriam
1964 5394 2250 5449 humanam

678 5507 851 5560 onuzia
887 5503 1179 5564 faciebant;
1213 5506 1351 5552 nunc.
1377 5505 1550 5548 autem
1580 5492 1718 5547 aliud
1743 5504 1954 5561 quoque
1980 5489 2029 5541 in
2062 5499 2251 5556 propo-

675 5600 774 5651 sito
807 5603 952 5657 erat,
995 5602 1053 5646 ut
1090 5606 1155 5645 ne
1199 5590 1505 5644 viderentur
1555 5581 1875 5653 sanguinarii
1915 5593 2067 5637 esse;
2113 5575 2254 5646 quod

681 5701 859 5761 postea
888 5685 1135 5741 dicebant
1164 5702 1177 5737 :
1217 5682 1381 5735 Vultis
1409 5680 1644 5732 inducere
1668 5692 1818 5744 super
1846 5690 1936 5727 nos
1962 5671 2254 5741 sanguinem

741 5824 812 5893 ta)
848 5821 940 5893 llic
966 5827 1016 5869 et
1040 5817 1178 5879 infra,
1220 5812 1367 5865 multa
1401 5814 1604 5863 deerant
1648 5811 1695 5861 in
1728 5807 1888 5860 Morel.
1926 5819 2032 5871 qum
2057 5819 2117 5857 ex
2144 5811 2249 5854 Mss.

683 5891 797 5935 testi
807 5893 853 5933 tu
860 5891 1017 5934 utitur.

1276 403 1285 411 ’
1347 426 1405 483 s.
1442 415 1717 479 IOANNIS
1755 401 2223 470 CHRYSOSTOMI
2264 397 2581 457 necuter.
2625 395 3155 453 coxsrsarmor.

2293 511 2508 566 hominis
2534 510 2717 566 istius.’
2745 508 3116 565 Connninemur
3145 511 3243 572 eis.
3280 523 3342 563 ne
3367 508 3502 563 ultra
3529 509 3803 577 loquantur
3830 514 3879 563 in

2292 605 2492 661 nomine
2529 604 2625 658 hoc
2660 604 2756 657 ulli
2796 603 3075 657 hominum.
3107 603 3153 659 Ο
3192 603 3583 671 insipientiam!
3633 604 3880 660 Fers-nasi

2292 697 2432 768 quod
2455 695 2985 760 resurrexisset,cum
3004 695 3135 752 'hinc
3155 706 3523 767 argumentum
3547 696 3884 763 accepissent

2295 790 2465 861 ipsum
2494 802 2616 844 esse
2650 788 2837 851 Deum,
2870 801 2991 842 eum
3022 787 3110 854 qui
3141 803 3168 839 a
3200 796 3372 843 morte
3396 788 3624 844 detineri
3653 804 3760 843 non
3789 804 3884 859 po-

2294 892 2487 947 tuerat,
2516 883 2624 937 suis
2658 884 2919 938 machinis
2938 880 3176 941 cohiberi
3201 898 3357 952 posse
3377 883 3725 953 spcrabant'.
3742 882 3883 951 Quid

2296 976 2419 1032 huic
2440 978 2661 1031 insanim
2684 978 2814 1046 par?
2838 978 2901 1033 Et
2926 993 2991 1033 ne
3014 976 3223 1031 mireris
3250 977 3390 1047 quod
3418 990 3525 1039 res,
3551 992 3670 1046 qum
3695 976 3884 1046 perlici

2296 1086 2401 1124 non
2434 1078 2699 1140 poterant,
2727 1070 2915 1125 iterum
2935 1078 3218 1125 attentent.
3244 1068 3560 1138 Hujusmodi
3584 1078 3667 1124 est
3690 1069 3885 1140 iniqui-

2298 1170 2416 1216 tas:
2447 1161 2576 1214 nihil
2621 1162 2866 1231 respicit,
2910 1162 3003 1217 sed
3032 1162 3225 1231 ubique
3263 1162 3635 1216 tumultuatur.
3664 1162 3889 1218 Moleste

2297 1256 2440 1307 enim
2476 1253 2737 1319 ferentes,
2780 1255 2849 1308 ita
2884 1253 3062 1310 affecti
3096 1262 3284 1319 erant,
3326 1262 3381 1307 ut
3421 1253 3465 1308 si
3500 1251 3707 1324 decepti
3752 1255 3888 1309 fuis—

2296 1351 2418 1397 sent
2448 1346 2502 1409 ²;
2541 1343 2683 1413 quod
2726 1344 2918 1399 accidit
2957 1344 3057 1407 iis,
3096 1345 3186 1413 qui
3226 1344 3578 1413 prmoccnpati
3612 1354 3667 1398 et
3709 1345 3889 1399 ludifi-

2299 1434 2403 1488 cati
2443 1445 2571 1490 sunt
2611 1435 2664 1489 in
2704 1435 2878 1505 aliqua
2921 1450 3001 1497 re.
3052 1434 3132 1489 Illi
3173 1434 3315 1489 enim
3357 1434 3555 1505 ubique
3600 1435 3889 1500 dicebant,

2300 1528 2441 1598 quod
2485 1528 2625 1583 Deus
2667 1527 2838 1598 ipsum
2867 1527 3208 1599 suscitasset,
3240 1526 3383 1596 quod
3417 1526 3467 1579 in
3510 1528 3726 1580 nomine
3760 1527 3893 1581 Iesu

2303 1620 2389 1676 hic
2416 1619 2651 1674 adstaret
2688 1633 2879 1686 sanus,
2920 1618 3264 1673 ostendentes
3295 1632 3423 1673 rere
3462 1620 3761 1674 surrexisse
3802 1619 3893 1673 Je-

2303 1726 2442 1767 sum.
2474 1710 2723 1782 Alioquin
2763 1726 2891 1765 vero
2922 1710 3019 1781 ipsi
3058 1710 3268 1780 quoque
3296 1711 3741 1764 resurrectione".
3770 1725 3897 1765 esse

2305 1804 2596 1874 putabant,
2644 1801 2831 1872 frigide
2846 1802 3071 1872 quidem
3102 1812 3157 1856 et
3186 1801 3492 1871 pueriliter;
3526 1803 3781 1871 putabant
3809 1814 3896 1856 ta-

2306 1911 2466 1951 men;
2499 1909 2640 1949 nunc
2667 1909 2795 1949 vero
2825 1909 2930 1948 non
2957 1892 3213 1958 credunt,
3242 1904 3296 1949 et
3324 1893 3623 1960 turbantur,
3652 1894 3777 1964 quid
3820 1893 3903 1949 fa-

2304 1987 2551 2044 ciendum
2592 1988 2661 2041 sit
2697 1987 3086 2042 consultantes.
3136 1986 3249 2041 Hoc
3292 1986 3533 2056 profecto
3574 1988 3747 2042 solum
3789 2004 3900 2042 non

2307 2080 2436 2134 satis
2463 2090 2579 2134 erat
2614 2078 2679 2133 ad
2716 2077 3175 2150 persuadendum,
3221 2092 3289 2132 ne
3318 2078 3443 2149 quid
3477 2079 3579 2133 illis
3623 2079 3901 2145 facerent,

2307 2169 2450 2241 quod
2496 2184 2688 2238 nempe
2716 2183 2835 2223 cum
2880 2176 3023 2223 tanta
3065 2168 3308 2223 libertate
3355 2168 3735 2238 loquerentur?
3764 2168 3902 2235 Cur,

2309 2275 2521 2333 qmeso,
2568 2277 2673 2315 non
2704 2260 2911 2325 credis,
2954 2276 2987 2313 o
3026 2259 3247 2315 δυόωθῖ
3280 2258 3413 2313 Nam
3439 2260 3593 2330 signo
3621 2260 3907 2314 attendere

2309 2354 2591 2425 oportebat
2622 2360 2676 2409 et
2712 2352 3083 2417 sermonibus,
3115 2366 3223 2407 non
3253 2362 3433 2407 autem
3477 2352 3765 2413 multorum
3793 2351 3907 2403 ini-

2310 2447 2519 2518 quitati.
2556 2439 3732 2512 thuarenontraduntillosllomanis?lam
3762 2439 3909 2494 male

2308 2537 2597 2594 audiebant
2640 2535 2779 2607 apud
2831 2535 2953 2591 illos
3004 2534 3074 2590 ob
3111 2549 3195 2599 ea,
3254 2548 3374 2604 quze
3419 2533 3471 2588 in
3516 2532 3788 2587 Chrismm
3820 2531 3909 2587 fe-

2309 2639 2528 2696 cerant,
2560 2639 2720 2700 atque
2750 2628 2821 2683 ita
2860 2628 2960 2683 sibi
3004 2628 3133 2697 ipsis
3163 2626 3362 2681 malum
3399 2624 3734 2684 inferebant.
3772 2621 3907 2677 dum

2312 2722 2591 2788 curabant,
2615 2730 2674 2775 ut
2700 2735 2886 2775 eorum
2920 2718 3209 2789 publicatio
3237 2716 3568 2772 dilferretur.
3600 2714 3655 2769 In
3685 2713 3911 2785 Christo

2312 2825 2489 2871 autem
2523 2831 2628 2870 non
2652 2816 2815 2878 item;
2844 2812 2935 2867 sed
2967 2811 3141 2867 media
3169 2820 3324 2866 nocte
3349 2820 3565 2879 raptum
3589 2808 3770 2863 statim
3800 2808 3905 2861 ab-

2311 2908 2600 2970 duxerunt,
2630 2920 2801 2975 neque
2822 2904 3165 2967 distulerunt,
3197 2900 3587 2956 multitudinem
3613 2898 3909 2955 admodum

2314 3000 2584 3053 timentes.
2606 2996 2758 3051 Circa
2783 2995 2879 3051 bos
2896 3004 3071 3050 autem
3101 2993 3299 3047 nullam
3327 2990 3571 3046 fiduciam
3596 2990 3871 3046 habebant
3898 3010 3911 3045 :

2317 3106 2489 3161 neque
2520 3088 2791 3144 adducunt
2824 3103 2917 3144 eos
2954 3087 3019 3141 ad
3061 3086 3321 3153 Pilatum,
3349 3084 3492 3157 quod
3524 3086 3761 3155 priorum
3808 3101 3917 3154 pu-

2318 3186 2490 3248 deret,
2524 3198 2585 3238 ac
2617 3197 2684 3239 ne
2711 3182 2779 3237 de
2807 3181 2872 3236 iis
2894 3180 3362 3251 redarguerentur.
3400 3177 3614 3233 Factum
3640 3188 3714 3233 est
3736 3189 3921 3233 autem

2318 3279 2371 3332 in
2397 3278 2693 3341 crastinum,
2721 3283 2777 3329 ut
2822 3282 3246 3345 congregarentur
3286 3271 3540 3342 principes
3560 3287 3733 3325 eorum
3756 3281 3799 3324 et
3824 3288 3917 3325 se-

2319 3373 2488 3426 niores
2510 3382 2555 3425 et
2579 3369 2758 3423 scriba:
2786 3369 2837 3422 in
2860 3366 3167 3421 Jerusalem.

2390 3468 2442 3521 5.
2486 3462 2629 3517 Petri
2647 3460 2951 3515 constantia.
2968 3489 3040 3499 —
3058 3458 3262 3513 Rticsus
3284 3456 3505 3512 concilia
3534 3454 3917 3525 Jcrosolymis,

2320 3567 2374 3615 et
2398 3558 2466 3613 ibi
2500 3555 2714 3627 sanguis
2731 3552 3052 3616 ell'unditur;
3080 3566 3250 3619 neque
3276 3551 3463 3604 urbem
3490 3547 3707 3603 rever-ili
3752 3558 3912 3600 sunt.

2323 3651 2524 3715 Aonas,
2558 3648 2746 3717 inquit,
2781 3652 2835 3699 et
2865 3643 3118 3712 Caiphas.
3156 3641 3320 3710 llujus
3369 3655 3496 3693 vero
3541 3654 3609 3693 ne
3662 3638 3925 3693 ancillam

2322 3743 2535 3815 quidem
2581 3742 2998 3809 interrogantem
3031 3734 3285 3792 sustinuit
3334 3733 3523 3787 Petrus
3568 3731 3783 3801 (Matth.
3820 3731 3922 3785 26.

2323 3838 2413 3905 70)
2445 3854 2457 3890 :
2482 3834 2580 3888 sub
2606 3833 2707 3887 hoc
2730 3838 3036 3901 negaverat,
3069 3829 3197 3882 dum
3215 3826 3353 3879 alius
3378 3825 3735 3880 detineretur.
3764 3823 3927 3878 Nunc

2325 3946 2455 3987 vero
2481 3930 2531 3984 in
2561 3926 2767 3983 medios
2806 3924 2925 3978 illos
2955 3934 3264 3991 erumpens,
3290 3918 3411 3974 vide
3436 3918 3707 3988 quomodo
3735 3918 3929 3985 loqua-

2328 4035 2414 4081 tur
2448 4042 2460 4077 :
2496 4022 2558 4077 Si
2588 4036 2680 4075 nos
2726 4018 2877 4072 hodie
2903 4015 3245 4087 dijudicamur
3287 4013 3339 4064 in
3389 4011 3647 4081 benefacta
3699 4010 3931 4063 hominis

2326 4116 2538 4186 infirmi,
2567 4116 2621 4167 in
2650 4128 2747 4183 quo
2766 4111 2861 4164 iste
2885 4109 3052 4162 salvus
3083 4108 3247 4178 factus
3277 4115 3369 4171 est,
3400 4114 3573 4156 notum
3599 4104 3659 4155 sit
3691 4104 3933 4157 omnibus

2330 4209 2489 4264 vobis.
2518 4194 2602 4261 llli
2635 4219 2785 4265 vero,
2820 4202 2885 4255 In
2916 4218 3014 4270 quo
3051 4202 3272 4262 nomine,
3302 4197 3574 4266 inquiunt,
3611 4197 3803 4266 fecistis
3835 4197 3935 4249 hoc

2331 4301 2456 4356 vos?
2480 4297 2587 4352 Cur
2619 4312 2723 4350 non
2748 4295 2847 4347 hoc
2875 4293 3030 4354 dicis,
3051 4289 3144 4346 sed
3180 4288 3453 4343 occultas?
3487 4285 3549 4339 In
3576 4303 3674 4356 quo
3724 4289 3937 4341 nomine

2334 4392 2519 4464 fecistis
2549 4390 2643 4442 hoc
2663 4386 2966 4455 vos?Atqui
2994 4383 3222 4446 dicebat,
3252 4380 3368 4435 Non
3391 4394 3488 4434 nos
3519 4378 3762 4434 fecimus.
3799 4380 3939 4434 Vide

2332 4478 2669 4556 prudentiam
2706 4497 2719 4533 :
2755 4494 2860 4531 non
2883 4476 3017 4531 dixit
3044 4474 3245 4537 statim,
3278 4472 3333 4526 ln
3364 4472 3581 4525 nomine
3610 4470 3738 4525 Iesu
3796 4470 3935 4526 feci-

2336 4592 2487 4643 mus;
2518 4576 2609 4630 sed
2632 4572 2757 4644 quid
2781 4573 2802 4625 ?
2831 4570 2897 4628 In
2929 4570 3129 4625 nomine
3155 4569 3263 4638 ejus
3294 4566 3373 4619 hic
3395 4566 3561 4619 adstat
3589 4580 3761 4618 coram
3793 4565 3941 4618 vobis

2337 4686 2508 4725 sanus.
2543 4666 2728 4735 Neque
2750 4663 2897 4724 dicit,
2923 4661 3115 4715 Factus
3146 4666 3229 4711 est
3257 4672 3283 4709 a
3316 4656 3469 4710 nobis
3498 4670 3681 4710 sanus.
3716 4654 3781 4709 Et
3809 4671 3938 4711 rur-

2340 4777 2452 4826 sus,
2486 4759 2545 4815 Si
2575 4775 2665 4811 nos
2694 4756 3037 4825 dijudicamur
3064 4752 3115 4804 in
3168 4750 3429 4819 benefacta
3468 4747 3685 4802 hominis
3715 4747 3939 4816 inﬁrmi.

2344 4850 2665 4920 Perstringit
2702 4848 2825 4902 illos
2864 4844 3037 4914 utqui
3086 4856 3298 4912 semper
3326 4839 3539 4895 easdem
3566 4840 3947 4895 accusationes

2346 4945 2653 5017 proferant,
2684 4951 2738 4994 et
2771 4937 3030 4993 bern-licia
3078 4936 3351 4989 hominum
3400 4930 3804 5003 reprehendant
3833 4948 3848 4983 ε
3882 4945 3947 4983 ac

2349 5037 2614 5110 prmteiila
2642 5037 2691 5088 in
2717 5031 3031 5086 memoriam
3059 5038 3293 5090 revocat,
3324 5024 3464 5096 quod
3488 5037 3700 5091 semper
3724 5021 3794 5074 ad
3834 5037 3945 5076 ca:-

2350 5133 2444 5187 des
2473 5137 2726 5189 currant;
2750 5139 2924 5193 neque
2953 5122 3056 5175 hoc
3080 5128 3303 5180 tantum,
3350 5117 3448 5172 sed
3478 5117 3638 5171 etiam
3669 5112 3739 5168 de
3770 5113 3952 5169 bene-

2355 5225 2488 5279 liciis
2542 5224 2804 5274 incusem.
2840 5215 3018 5277 Vides,
3049 5210 3187 5281 quod
3230 5210 3437 5280 pondus
3467 5208 3627 5262 verba
3661 5206 3949 5262 habeant?

2356 5316 2408 5369 ιιι
2444 5315 2527 5368 bis
2554 5314 2697 5367 enim
2726 5306 3174 5369 exercitabantur,
3208 5317 3269 5356 ac
3296 5302 3551 5369 deinceps
3594 5298 3952 5369 imperterriti

2357 5418 2524 5462 erant.
2560 5405 2693 5459 llinc
2722 5400 2951 5455 ostendit
2996 5399 3115 5452 illos
3152 5396 3232 5450 rel
3279 5394 3474 5447 invitos
3502 5390 3774 5446 Christum
3811 5365 3955 5460 prae-

2425 5546 2441 5574 ι
2511 5536 2647 5584 L'nus
2698 5533 2853 5588 codex
2906 5528 3053 5578 habet
3082 5566 3095 5587 ,
3181 5536 3341 5593 Ipsum
3364 5522 3737 5593 _ess_cuneu_m,_in
3758 5521 3957 5573 nomine

2359 5606 2489 5658 illius
2515 5614 2655 5660 quem
2678 5585 3149 5660 morsllrtincre‘non
3175 5585 3342 5652 potuit,
3358 5590 3409 5639 in
3431 5585 3561 5638 illius
3584 5585 3737 5647 ipsius
3759 5598 3957 5635 nomon:

2362 5656 2682 5735 prirdicmttes
2703 5658 2919 5735 cohibere
2934 5656 3218 5735 .ntt‘tlint‘tlur.

2428 5708 2737 5775 iih’éiaism
2764 5720 2877 5767 Coll.
2906 5722 2973 5767 sic
2994 5718 3174 5777 legitur
3196 5714 3325 5782 ,_sed
3348 5712 3544 5782 ubique
3563 5708 3889 5782 tumultuatur
3920 5716 3961 5779 et

2365 5797 2416 5907 fit
2436 5772 2667 5898 scalisaut:
2682 5784 2913 5845 impingit.
2949 5787 3001 5829 L‘t
3046 5772 3162 5839 Ergo
3185 5776 3225 5825 si
3260 5772 3451 5840 decepti
3472 5772 3693 5838 fuissent,
3713 5772 3783 5824 ita
3804 5773 3961 5825 comi.

2388 5869 2488 5907 tum
2510 5863 2646 5903 nteun
2674 5885 2687 5897 .

2388 5863 2488 5907 tum
2510 5863 2687 5903 meum.
