4014 6520
165 538 210 590 ες
417 555 422 560 -
1103 516 1172 570 IN
1211 511 1391 570 ACTA
1430 501 1956 564 APOSTOLORUM.
2001 504 2226 560 lll).\ll|..
2267 507 2335 560 Χ.
3351 503 3421 558 90

166 654 315 714 diram,
347 656 392 701 et
421 644 544 698 dum
571 639 883 710 dijudieant
920 643 968 688 et
984 631 1315 692 examinant,
1363 627 1465 680 hoc
1508 623 1700 714 dogma

168 709 386 799 extollere.
409 739 569 802 Quen
594 709 686 787 ros
712 727 1060 797 cruciﬁxistis.
1087 723 1247 791 Papa:
1267 727 1463 789 quanta
1488 709 1702 767 dicemli

170 834 364 890 libertaS!
392 832 546 897 Quem
574 826 724 879 Deus
744 821 1003 883 suscitavit
1039 835 1070 870 a
1097 813 1330 868 mortuis.
1365 810 1477 864 lloc
1507 809 1704 897 iterum

168 929 370 997 sujorctn
532 934 593 974 se
619 916 737 973 fert
755 916 1077 971 libertatem.
1109 908 1219 961 lloc
1245 919 1374 974 ergo
1403 901 1512 955 vult

168 988 291 1075 deire
318 1034 329 1068 :
356 988 428 1069 Ne
456 1012 658 1082 putetis
691 1023 794 1062 nos
821 1003 1172 1077 ignominiosa
1199 998 1503 1070 occultare;
1533 990 1620 1044 illa
1646 988 1709 1042 lio

167 1113 262 1166 bere
283 1106 641 1177 prmdieamus,
673 1099 875 1154 nedum
901 1095 1158 1152 colemus.
1209 1091 1336 1144 llzre
1367 1094 1570 1139 tantum
1600 1093 1705 1177 non

167 1170 477 1270 improperaus
503 1194 658 1254 dicit,
679 1205 856 1260 neque
885 1183 1219 1254 simpliciter,
1240 1179 1332 1234 sed
1353 1174 1594 1270 etiarn-tiu
1625 1170 1708 1270 his

166 1262 370 1345 moratur.
404 1286 498 1340 llic
519 1294 594 1336 est
625 1284 785 1351 lapis.
811 1279 898 1350 qui
924 1275 1222 1347 reprobatus
1250 1281 1324 1324 est
1359 1287 1392 1322 τι
1417 1267 1554 1320 vobis
1582 1262 1709 1317 tedi-

166 1382 396 1450 ﬂantibus.
421 1377 626 1433 Deinde
655 1373 954 1430 ostendens
995 1371 1143 1438 ipsos
1169 1363 1460 1420 admodum
1487 1355 1708 1450 cthpi-

163 1446 284 1527 cuum
296 1471 427 1526 illuni
444 1467 660 1532 fecisse,
677 1465 825 1519 addit
845 1483 860 1517 ;
881 1462 979 1528 Qui
996 1462 1162 1531 [actus
1180 1466 1254 1510 est
1269 1456 1320 1508 in
1329 1461 1482 1522 caput
1497 1446 1676 1518 anguli
1690 1462 1710 1510 ,-

164 1567 201 1620 id
220 1577 302 1629 est,
329 1564 409 1634 qui
451 1571 641 1615 natura
687 1557 954 1627 pretiosus
983 1567 1047 1606 ac
1077 1549 1335 1620 probatus
1357 1553 1493 1605 erat,
1513 1540 1601 1594 bie
1630 1555 1711 1634 re:

162 1632 368 1726 probatus
386 1663 486 1709 est-
509 1652 745 1706 Tantam
768 1665 797 1702 a
818 1648 972 1716 signo
997 1645 1140 1698 facto
1167 1639 1438 1695 habebant
1457 1632 1711 1726 loquendi

163 1725 382 1802 fiduciam.
409 1746 489 1800 Tu
511 1760 646 1800 vero
675 1740 803 1794 mihi
829 1736 1120 1808 perpende,
1141 1731 1435 1804 quomodo,
1461 1742 1583 1783 cum
1610 1725 1710 1779 do-

161 1856 255 1896 cere
277 1847 491 1910 oportet,
551 1835 871 1906 prophetias
895 1831 1123 1885 afferant
1165 1827 1397 1890 multas;
1429 1837 1550 1879 cum
1583 1833 1714 1874 vero

163 1933 292 1986 libere
319 1929 643 2000 loquendum
677 1936 782 1990 est,
829 1921 1155 1979 sententiam
1209 1917 1382 1972 solmn
1414 1912 1710 1984 proferant.

165 2024 302 2094 Neque
326 2024 470 2087 enim,
502 2021 718 2092 inquit,
763 2018 906 2071 aliud
929 2031 1112 2069 nomen
1141 2022 1214 2067 est
1256 2009 1348 2065 sub
1381 2010 1506 2062 casto
1537 2006 1715 2059 datum

164 2119 416 2180 fioruinibus,
444 2118 496 2169 in
525 2132 629 2185 quo
657 2122 887 2183 Oporteat
913 2127 1006 2163 nos
1034 2107 1203 2162 salvos
1227 2105 1358 2174 ﬁeri.
1379 2103 1514 2171 Quia
1538 2100 1717 2155 omni-

161 2211 235 2263 bus
258 2208 566 2272 hominibus,
599 2219 778 2274 neque
800 2203 906 2256 illis
947 2201 1149 2262 solum,
1166 2198 1350 2250 datum
1371 2204 1453 2249 est
1479 2207 1711 2248 nomen:

160 2317 235 2369 qua
263 2303 310 2355 in
329 2317 384 2354 re
411 2300 532 2353 illos
554 2298 725 2353 etiam
757 2305 921 2349 testes
941 2291 1182 2346 adducit.
1221 2287 1358 2354 Quia
1389 2286 1534 2342 enim
1562 2285 1716 2338 dieeo

161 2392 285 2445 inm:
332 2389 394 2443 In
438 2406 540 2458 quo
593 2388 804 2443 nomine
835 2384 1073 2454 fecistis?
1109 2381 1177 2434 In
1238 2379 1443 2433 nomine
1504 2375 1715 2441 Christi,

160 2481 199 2532 in
216 2481 380 2548 guiunt,
412 2497 511 2534 non
541 2488 619 2533 at
645 2477 791 2530 aliud
821 2491 1025 2529 nomen.
1059 2469 1346 2538 Quomodo
1383 2483 1515 2538 ergo
1553 2469 1721 2521 inter-

160 2573 352 2642 rogalis?
400 2571 489 2626 Sic
520 2570 724 2640 ubique
778 2571 880 2622 hoc
907 2567 1252 2620 manifestum
1291 2572 1393 2617 est.
1429 2560 1540 2614 Nec
1585 2559 1720 2613 enim

158 2665 269 2716 aliud
293 2681 461 2716 nomen
482 2672 558 2717 est
601 2663 696 2716 sub
721 2661 867 2722 casio,
901 2658 1092 2727 inquit,
1141 2657 1196 2708 in
1232 2671 1332 2724 quo
1359 2661 1588 2723 aporteat
1626 2667 1721 2704 uos

159 2758 288 2809 salvos
328 2757 453 2821 fieri.
501 2756 636 2810 [hcc
682 2762 809 2808 sunt
836 2751 1031 2805 anima:
1061 2750 1224 2802 vitam
1272 2756 1595 2817 prtesentem
1625 2743 1721 2798 de-

157 2849 416 2916 spicientis;
459 2858 519 2902 ut
532 2848 713 2917 arguit
731 2847 820 2899 illa
848 2855 990 2898 tanta
1005 2845 1247 2897 libertas.
1262 2841 1398 2895 lline
1420 2839 1595 2910 palam
1613 2846 1718 2903 est,

157 2941 331 3007 quando
351 2940 569 2993 humilia
593 2939 666 2992 de
694 2938 910 2992 Christo
929 2935 1080 3001 dicit,
1111 2926 1227 2988 non'
1250 2949 1362 3003 pra:
1385 2933 1600 2997 timore,
1625 2929 1721 2984 sed

157 3046 200 3084 se
228 3031 618 3103 attemperando
670 3029 722 3083 id
767 3044 929 3098 agere
961 3045 975 3080 :
1006 3027 1130 3097 quia
1178 3041 1308 3080 vero
1353 3025 1464 3095 jam
1509 3033 1723 3092 tempus

159 3134 263 3185 erat,
299 3126 372 3178 sic
392 3125 647 3178 sublimia
681 3123 951 3191 loquitur;
983 3120 1053 3173 ita
1082 3131 1142 3173 ut
1164 3120 1292 3173 hinc
1319 3120 1483 3173 etiam
1510 3116 1721 3171 audito-

160 3230 225 3266 res
258 3231 432 3270 omnes
468 3215 926 3285 obstupefaceret.
948 3214 1084 3267 Ecce
1109 3221 1161 3266 et
1183 3211 1327 3264 aliud
1355 3211 1564 3280 signum
1588 3224 1724 3278 pra:-

159 3307 343 3362 redeuze
364 3322 465 3360 non
495 3309 697 3360 minus.
727 3304 1232 3375 Cognosccbauteos,
1250 3303 1444 3373 inquit,
1471 3303 1589 3372 quia
1607 3319 1723 3355 cum

159 3395 256 3450 Ictu
276 3404 487 3468 (suam.
521 3399 638 3452 Non
668 3399 784 3451 sine
814 3413 972 3451 eausa
1002 3397 1103 3450 hoc
1136 3396 1316 3466 posuit
1360 3394 1721 3464 Evangelista,

160 3491 230 3541 sel
266 3505 315 3543 ut
355 3493 590 3546 decltret
639 3491 824 3556 e:i;nu,
857 3490 944 3544 ubi
973 3489 1194 3544 fuerint.
1238 3489 1294 3542 In
1327 3489 1602 3559 passione,
1635 3487 1721 3540 iu-

160 3582 265 3644 quit.
291 3581 348 3635 Hi
376 3584 520 3637 enim
550 3582 654 3638 soli
701 3592 828 3636 ttmc
855 3598 957 3634 una
1001 3593 1178 3643 erant,
1230 3580 1455 3650 quando'
1477 3580 1726 3634 viderunt

163 3671 258 3727 illos
279 3673 521 3740 humiles,
552 3675 793 3743 deiectos
820 3693 835 3728 :
865 3673 1008 3744 quod
1041 3674 1161 3729 illos
1203 3675 1438 3728 maxime
1468 3674 1519 3727 in
1556 3672 1727 3727 admi-

165 3766 382 3820 rationem
408 3767 677 3835 rapiebat,
726 3768 1009 3834 repentina
1053 3781 1251 3834 nempe
1300 3765 1544 3819 mutatio.
1591 3764 1726 3817 Nam

165 3855 248 3910 illic
274 3869 419 3912 erant
462 3863 651 3912 Annas
698 3867 754 3911 et
795 3857 1050 3924 Caiphas,
1083 3867 1139 3911 ct
1163 3858 1216 3910 hi
1247 3857 1411 3911 etiam
1443 3856 1729 3910 adstabant

165 3947 269 4014 illis;
296 3967 430 4006 nunc
455 3962 639 4006 autem
668 3949 1129 4019 obstupefaciebat
1154 3965 1254 4005 eos
1285 3951 1372 4003 illa
1405 3959 1549 4002 tanta
1572 3949 1729 4001 liber-

166 4049 243 4094 tas.
263 4043 431 4113 Neque
457 4044 609 4097 enim
638 4043 816 4097 verbis
848 4051 1055 4096 tantum
1078 4041 1460 4106 ostendebant,
1492 4057 1552 4094 se
1595 4040 1727 4094 nihil

163 4147 317 4189 furare
339 4137 405 4190 de
434 4137 600 4192 rebus
645 4134 953 4202 huiusmodi
1000 4134 1050 4185 in
1073 4134 1163 4201 jus
1198 4133 1480 4198 adductos,
1511 4148 1633 4186 cum
1659 4132 1729 4186 de

164 4230 380 4282 extremis
403 4229 875 4298 periclitarentur;
900 4227 992 4281 sed
1017 4226 1288 4290 ethabitu,
1313 4242 1463 4291 voce,
1485 4234 1726 4294 aspectu,

166 4327 209 4369 et
225 4322 452 4375 omnibus
475 4321 781 4374 libertatem
805 4319 1054 4388 loquendi
1078 4334 1259 4372 coram
1294 4319 1492 4387 populo
1511 4313 1732 4370 exhibe-

167 4410 283 4464 lnnt.
309 4414 630 4468 Hirabantur
660 4427 788 4466 vero
817 4411 1044 4465 fortasse
1068 4452 1084 4476 ,
1114 4412 1256 4478 quod
1287 4411 1533 4464 homines
1577 4409 1732 4462 illite-

167 4503 310 4557 miet
338 4505 514 4558 idiota:
544 4513 744 4558 essent.
773 4503 952 4556 Potest
972 4503 1115 4555 enim
1138 4503 1258 4572 quis
1287 4503 1567 4556 illiteratus
1588 4516 1727 4565 esse,

167 4608 248 4648 nec
272 4594 454 4660 idiota;
478 4595 566 4649 vel
590 4595 774 4658 idi0ta,
797 4610 897 4649 nec
924 4594 1230 4647 illiteratus.
1254 4594 1350 4647 llic
1371 4609 1531 4662 porro
1546 4604 1734 4646 osten-

169 4683 230 4734 dit
255 4684 358 4738 hac
382 4687 489 4739 duo
527 4687 886 4740 concurrisse.
919 4685 1305 4755 Comperloque,
1328 4686 1514 4754 inquit.
1538 4685 1735 4740 Unde?

171 4771 234 4826 Et
261 4775 335 4842 iis,
365 4794 485 4846 qua:
528 4777 800 4833 dicebant.
833 4777 948 4832 Non
981 4778 1172 4848 Ioagos
1200 4779 1405 4846 profert
1430 4794 1729 4844 sermones,

169 4867 244 4920 sed
276 4885 333 4924 es
377 4872 490 4940 ipsa
542 4872 907 4926 enuntiatione
945 4882 998 4925 et
1035 4873 1438 4928 constructione
1487 4873 1734 4927 fiduciam

169 4962 411 5027 ostendit;
446 4965 630 5032 itaque
676 4965 728 5017 in
775 4963 899 5018 illos
927 4965 1106 5018 acrius
1135 4966 1394 5033 egissent,
1446 4966 1545 5019 nisi
1574 4965 1736 5020 homo

172 5051 244 5106 ille
269 5055 446 5111 fuisset
473 5071 596 5110 cum
625 5057 724 5110 eis.
758 5057 1159 5128 Cognoscebant,
1202 5059 1394 5126 inquit,
1425 5059 1562 5125 illos,
1606 5076 1736 5128 quo-

171 5145 283 5199 uiuat
304 5165 415 5201 cunt
455 5148 584 5202 Iesu
617 5152 840 5220 fuerant.
866 5148 1025 5205 Unde
1064 5149 1360 5204 credebant
1401 5150 1517 5204 hare
1560 5150 1677 5206 illos
1707 5166 1738 5204 a

171 5231 275 5289 leta
313 5238 586 5305 didicisse,
630 5251 686 5294 et
717 5253 772 5305 ut
817 5242 935 5309 ejus
964 5242 1261 5312 discipulos
1307 5243 1489 5296 omnia
1537 5241 1738 5297 facere.

171 5322 262 5381 Nec
285 5331 542 5387 minorem
573 5333 783 5387 illorum
813 5333 973 5388 dictis
1018 5350 1205 5389 vocem
1234 5335 1515 5389 emittebat
1565 5337 1739 5406 ipsum

171 5419 495 5490 miraculum;
526 5425 667 5493 quod
692 5433 749 5478 et
777 5427 1011 5480 maxime
1035 5426 1248 5479 illorqu
1279 5442 1375 5480 ora
1406 5427 1739 5482 obstruebat.

173 5509 221 5565 Si
231 5513 416 5582 justum
439 5525 533 5578 est,
564 5518 756 5586 inquit,
803 5519 856 5570 in
884 5529 1158 5589 conspectu
1189 5517 1287 5570 Dei
1327 5535 1412 5572 vos
1450 5522 1618 5588 potius
1645 5538 1742 5572 auo

172 5604 277 5668 dire,
297 5624 444 5675 qum
464 5609 646 5672 Deum,
663 5611 911 5679 judicate.
936 5611 1160 5678 Quando
1178 5620 1354 5666 metus
1376 5615 1552 5667 minor
1572 5613 1743 5668 factus

172 5707 269 5749 erat
290 5701 434 5763 (nam
466 5701 802 5756 iuterminari
829 5703 960 5756 nihil
998 5705 1142 5757 aliud
1171 5714 1308 5768 erat,
1334 5721 1494 5775 quant
1522 5707 1643 5760 illos
1663 5707 1743 5760 di-

174 5787 334 5856 mitti),
363 5801 487 5846 tunc
510 5794 690 5847 mitius
727 5794 1047 5865 loquuntur;
1067 5796 1138 5849 ita
1168 5799 1350 5866 procul
1378 5810 1532 5853 erant
1550 5799 1618 5852 ab
1643 5815 1743 5852 au-

174 5872 321 5962 dacia.
352 5883 486 5950 Quia
509 5894 695 5940 notum
717 5887 928 5956 signum
955 5897 1060 5956 est,
1087 5888 1207 5942 Non
1240 5907 1508 5958 possumus
1537 5909 1741 5962 negare.

179 5961 334 6038 itaque
387 5986 696 6050 negassent,
742 5979 846 6034 nisi
871 5993 961 6035 res
991 5980 1062 6035 ita
1094 5993 1154 6034 se
1179 5979 1473 6053 habuisset,
1496 5961 1741 6043 nisiom-

1811 619 1958 673 nium
2014 621 2322 674 testimonio
2367 623 2576 676 firmata
2636 621 2865 676 fuisset:
2905 620 3160 676 omnibus
3217 623 3418 692 quippe

1811 720 1936 765 nota
1967 724 2104 767 erat.
2144 712 2251 768 Sed
2300 713 2420 768 talis
2447 723 2532 769 est
2557 714 2816 784 nequitia,
2866 713 3040 767 audax
3084 713 3339 767 nimirum
3365 725 3420 765 ot

1812 805 2079 872 petulans.
2115 804 2514 860 CaiunIiuemur.
2547 805 2686 873 Quid
2710 805 2926 860 dicitis?
2952 821 3019 859 an
3051 806 3213 859 minis
3239 819 3420 874 spera.

1812 899 1881 950 tis
1910 913 2006 951 vos
2052 898 2488 968 pr.udieationcm
2517 915 2642 955 esse
2687 900 3066 955 cohibiturosl
3098 900 3188 956 Sic
3217 900 3423 969 ubique

1815 989 2072 1058 principia
2098 999 2220 1044 sunt
2243 993 2411 1045 ardua
2443 1002 2494 1045 et
2527 991 2783 1046 difficilia.
2803 991 3115 1063 Magistrum
3144 992 3427 1047 interemi-

1812 1083 1930 1144 sti;,
1959 1097 2060 1137 nec
2097 1084 2536 1153 praadicationcm
2587 1084 2946 1148 cohibuistis;
3003 1094 3060 1139 et
3086 1098 3232 1138 nunc
3260 1083 3425 1138 minis

1813 1188 1910 1226 vos
1938 1175 2132 1244 putatis
2160 1176 2448 1230 absterreri
2473 1191 2571 1230 nos
2591 1176 2796 1245 posse?
2827 1174 3052 1230 Vincula
3083 1191 3192 1229 non
3232 1189 3424 1228 suase-

1814 1278 1942 1321 runt
1970 1278 2025 1322 ut
2077 1270 2359 1324 remissius
2410 1271 2758 1340 loqueremur
2784 1311 2798 1335 ,
2841 1280 2898 1325 et
2936 1286 3037 1325 vos
3081 1271 3426 1325 suadebitis?

1814 1359 2002 1428 Nobis,
2036 1362 2274 1431 inquam,
2303 1363 2392 1432 qui
2421 1379 2517 1417 vos
2536 1363 2618 1417 vel
2649 1365 2960 1418 minitantes
2994 1363 3147 1417 nihili
3177 1363 3424 1417 facimus.

1817 1455 1881 1508 Si
1895 1458 2098 1524 justum
2124 1466 2220 1519 est,
2252 1456 2446 1526 inquit,
2475 1457 2529 1510 in
2549 1467 2824 1528 conspectu
2857 1456 2972 1523 Dei,
3004 1472 3091 1510 vos
3116 1455 3281 1525 magis
3321 1473 3423 1508 auo

1817 1550 1927 1602 dire
1954 1566 2103 1619 quam
2129 1549 2313 1604 Deum.
2338 1550 2437 1604 llic
2487 1552 2654 1604 Deum
2701 1568 2800 1620 pro
2821 1549 3040 1604 Christo
3087 1550 3298 1604 dicunt.
3330 1548 3428 1602 Vi-

1817 1642 1940 1696 dcn‘
1959 1644 2232 1712 quomodo
2263 1659 2403 1700 nunc
2435 1646 2680 1700 evenerit
2721 1644 2865 1714 quod
2890 1645 3107 1698 dicebat
3136 1644 3265 1708 illis,
3297 1642 3430 1696 Ecce

1818 1750 1909 1804 ego
1928 1735 2071 1789 mitto
2097 1751 2184 1790 vos
2208 1737 2340 1790 sicut
2375 1751 2492 1790 ores
2531 1738 2584 1790 in
2612 1736 2781 1790 medio
2812 1736 3053 1805 luporum
3070 1753 3090 1788 :
3115 1750 3179 1788 ne
3202 1736 3431 1788 timueri-

1819 1829 1882 1880 tis
1907 1845 1991 1882 eos
2019 1829 2233 1897 (Matth.
2268 1830 2355 1884 10.
2384 1829 2472 1885 16.
2496 1830 2611 1900 26).

1891 1921 1948 1976 4.
1975 1921 2177 1976 Deinde
2208 1924 2660 1977 resurrectionem
2686 1921 3012 1977 confirmant
3043 1937 3141 1993 per
3160 1934 3222 1975 ea
3246 1963 3260 1984 ,
3310 1935 3432 1988 qua:

1820 2013 2080 2083 adjiciunt
2110 2033 2124 2067 :
2143 2013 2258 2069 Nos
2278 2031 2381 2069 non
2404 2032 2673 2085 possumus
2693 2032 2807 2084 qua:
2828 2016 3049 2070 vidimus
3068 2024 3116 2069 et
3139 2013 3431 2068 audivimus

1821 2121 1923 2159 non
1968 2107 2128 2175 loqui.
2178 2106 2362 2177 Itaque
2401 2122 2503 2161 nos
2545 2105 2651 2162 fide
2695 2108 2840 2176 digni
2871 2115 3040 2162 testes
3079 2120 3302 2171 sumus,
3335 2120 3434 2159 vos

1822 2207 2002 2250 autem
2031 2195 2228 2252 frustra
2273 2199 2718 2253 interminamini.
2763 2198 2897 2252 Cum
2939 2214 3072 2269 ergo
3097 2199 3432 2268 oportuisset

1822 2288 2018 2341 mutari
2048 2302 2142 2342 eos
2170 2304 2269 2359 pro
2304 2304 2366 2343 ea
2397 2304 2458 2344 re
2478 2331 2495 2355 ,
2527 2289 2594 2344 de
2623 2304 2729 2360 qua
2759 2291 2992 2360 pepulus
3032 2291 3203 2346 Deum
3231 2291 3436 2360 glorifi-

1822 2378 2020 2446 cabat,
2050 2380 2124 2434 illi
2150 2390 2339 2435 contra
2381 2395 2570 2436 necem
2616 2382 3053 2448 comminantur;
3100 2383 3172 2436 ita
3204 2383 3302 2437 Dei
3338 2382 3438 2438 ho-

1823 2481 1934 2524 stes
1961 2480 2135 2526 erant.
2169 2471 2238 2525 Et
2270 2471 2468 2526 additis
2508 2473 2694 2539 minis,
2738 2472 3061 2529 dimiserunt
3101 2474 3244 2528 illos.
3296 2475 3434 2530 lliuc

1825 2564 1903 2618 illi
1940 2564 2198 2619 clariores
2247 2565 2676 2635 illustrioresque
2725 2567 2849 2621 factt
2894 2576 3044 2620 sunt.
3088 2565 3222 2620 Nam
3263 2565 3440 2622 l’irtus

1825 2674 1974 2724 nica,
2006 2657 2212 2727 inquit,
2233 2659 2288 2710 in
2323 2658 2622 2727 inﬁrmitate
2657 2661 2938 2729 perﬁcitur.
2972 2660 3093 2715 Jam
3122 2659 3198 2713 illi
3241 2660 3439 2713 testifi-

1826 2749 1930 2802 cati
1973 2758 2100 2802 sunt
2138 2748 2404 2804 adversus
2455 2751 2636 2804 omnia
2680 2751 2950 2805 instructi.
2997 2751 3136 2820 Quid
3179 2752 3280 2805 sibi
3320 2752 3439 2804 vult

1826 2837 1957 2894 illud
1977 2882 1992 2906 ,
2023 2839 2137 2894 Nos
2161 2857 2264 2894 non
2306 2857 2576 2909 possumus
2624 2859 2705 2908 ea,
2749 2856 2865 2912 quin
2899 2842 3120 2896 ridimus
3154 2852 3201 2896 et
3234 2843 3438 2895 audiri-

1827 2948 1979 2998 mus,
2005 2948 2108 2986 non
2148 2933 2327 3001 loqui?
2353 2932 2409 2988 Si
2451 2932 2583 2988 falsa
2629 2943 2792 3000 sunt,
2838 2935 3018 3000 aiunt,
3061 2951 3124 2988 ea
3155 2951 3276 3004 qum
3302 2935 3441 2990 dici-

1828 3038 1950 3077 mus
1968 3065 1983 3089 ,
2007 3023 2387 3094 reprehende;
2415 3024 2501 3078 sin
2530 3038 2660 3079 vera
2682 3066 2696 3089 ,
2725 3038 2822 3078 cur
2847 3025 3150 3095 prohibes?
3177 3025 3324 3080 Talis
3352 3040 3443 3080 res

1829 3124 1914 3172 est
1943 3116 2306 3186 philosophia.
2356 3117 2437 3171 llli
2479 3118 2531 3171 in
2568 3118 2814 3186 angustia
2838 3159 2852 3183 ,
2888 3116 2941 3170 hi
2991 3118 3042 3171 in
3088 3118 3271 3172 lzetitia
3306 3137 3320 3173 :
3362 3119 3440 3172 illi

1830 3211 2003 3264 multo
2040 3209 2245 3279 pudore
2279 3210 2418 3279 pleni
2446 3251 2460 3274 ,
2495 3209 2548 3262 hi
2587 3210 2814 3264 fidenter
2855 3211 3037 3264 omnia
3066 3209 3311 3264 faciunt:
3360 3213 3440 3265 illi

1832 3303 2054 3368 timent,
2084 3302 2138 3356 hi
2166 3302 2359 3357 fiducia
2385 3303 2524 3371 pleni
2551 3312 2698 3357 sunt.
2731 3302 2992 3371 Quinam,
3027 3318 3247 3374 quzeso,
3281 3305 3440 3360 time-

1831 3396 2008 3451 bant?
2051 3397 2160 3451 iine
2205 3398 2294 3466 qui
2331 3397 2622 3451 dicebant:
2651 3395 2739 3450 Ne
2785 3397 3009 3465 amplius
3054 3397 3346 3469 divulgctur
3389 3399 3446 3451 in

1831 3489 2047 3558 vulgus;
2074 3503 2142 3540 an
2163 3489 2252 3556 qui
2277 3487 2564 3552 dicebant,
2598 3486 2716 3541 Non
2747 3505 3020 3557 possumus
3044 3505 3104 3540 ea
3123 3528 3139 3553 ,
3167 3504 3284 3560 qua
3313 3489 3443 3542 nidi-

1831 3595 1946 3632 ntus
1984 3587 2031 3632 et
2059 3579 2348 3631 audivimus
2370 3618 2384 3642 ,
2413 3595 2514 3631 non
2546 3578 2732 3648 loqui?
2762 3578 2825 3631 lli
2849 3589 2998 3634 certe
3030 3579 3081 3633 iu
3109 3581 3315 3649 majore
3351 3596 3448 3635 vo-

1833 3671 2073 3742 luptate,
2127 3671 2655 3725 libet-tate'etla-litia
2688 3673 3080 3735 versabantur;
3127 3673 3205 3726 illi
3230 3673 3282 3726 in
3306 3689 3446 3728 ma:-

1831 3778 1956 3818 rore
1977 3805 1991 3828 ,
2034 3762 2239 3832 pudore
2266 3771 2322 3817 et
2350 3773 2497 3816 metu
2532 3780 2548 3814 :
2594 3763 2852 3832 populant
2883 3764 3028 3817 enim
3060 3765 3346 3819 timebant.
3378 3766 3443 3818 lli

1833 3872 1953 3926 qute
1984 3856 2270 3917 volebant,
2313 3856 2705 3926 loquebantur;
2754 3856 2831 3909 illi
2861 3873 2982 3926 qua:
3015 3859 3302 3920 volebant,
3335 3875 3441 3913 noa

1837 3947 2125 4002 faciebant.
2177 3948 2409 4014 Quinam
2453 3962 2587 4002 vero
2618 3948 2670 4002 in
2703 3949 2936 4003 vinculis
2978 3958 3034 4004 et.
3085 3951 3138 4004 in
3183 3950 3448 4020 periculis

1835 4042 2030 4095 erant?
2079 4055 2261 4094 nonne
2291 4040 2378 4095 isti
2411 4041 2688 4096 maxime?

1911 4132 2245 4185 Theatrorum
2264 4133 2476 4186 partitas.
2495 4163 2568 4173 —-
2593 4133 2787 4189 Virtuti
2827 4149 2958 4205 ergo
2986 4135 3293 4191 hmreamus
3320 4155 3332 4188 :
3377 4153 3450 4189 ne

1835 4225 1902 4276 ad
1922 4225 2250 4293 voluptatem
2272 4235 2324 4279 et
2340 4225 2770 4281 consolationem
2798 4237 3003 4282 tantum
3025 4228 3187 4282 dictis
3209 4239 3443 4282 utamur.

1837 4315 1954 4370 Non
1997 4326 2081 4368 est
2125 4315 2229 4368 hoc
2275 4317 2580 4381 theatrum,
2626 4317 2858 4382 dilecte,
2905 4318 3329 4373 citharmdorum
3364 4320 3448 4372 vel

1839 4408 2205 4478 tragmdorum
2231 4450 2246 4473 ,
2280 4407 2436 4477 cujus
2467 4408 2675 4463 fructus
2709 4421 2792 4464 est
2829 4410 3081 4480 voluptas
3109 4421 3313 4464 tantum
3335 4452 3350 4474 ,
3396 4425 3450 4465 et

1838 4501 2070 4556 decurso
2096 4501 2185 4555 die
2211 4504 2426 4556 transiit
2449 4502 2718 4573 voluptas.
2754 4506 2931 4574 Atque
2963 4506 3165 4557 utinam
3200 4505 3450 4574 voluptas

1843 4604 2051 4650 tantum
2091 4605 2270 4660 esset,
2317 4605 2372 4649 et
2416 4612 2524 4650 non
2555 4596 2812 4651 damnum
2850 4612 2971 4654 cum
3013 4599 3289 4668 voluptate
3316 4615 3451 4652 cou-

1835 4689 2081 4758 junetum
2105 4706 2120 4754 ;
2147 4699 2384 4744 attamen
2425 4689 2548 4743 inde
2569 4689 2790 4743 domum
2833 4691 3028 4761 singuli
3055 4706 3117 4746 se
3145 4692 3415 4761 recipiunt
3434 4735 3448 4756 ,

1849 4783 1984 4837 hinc
2038 4783 2205 4836 multa
2237 4784 2389 4852 quasi
2414 4798 2482 4837 ex
2518 4783 2746 4853 quadam
2771 4785 2856 4838 lue
2891 4793 3074 4839 coacta
3106 4787 3405 4840 referentes
3437 4804 3450 4837 :

1843 4883 1899 4928 et
1927 4875 2244 4928 adolescens
2275 4875 2492 4944 quidem
2534 4890 2599 4927 ex
2641 4877 2900 4931 satanicis
2942 4866 3232 4931 cantilenis
3277 4878 3453 4944 aliqua

1845 4975 2119 5020 mutuatus
2139 5009 2153 5032 ,
2187 4983 2306 5035 qua:
2336 4969 2510 5036 patuit
2546 4969 2805 5022 memoria
2846 4971 3116 5034 retinere,
3146 4971 3458 5040 frequenter

1845 5057 1989 5112 domi
2037 5067 2253 5124 cantat;
2304 5060 2488 5114 senior
2532 5071 2753 5130 autem,
2806 5072 2992 5131 utpote
3047 5065 3299 5132 gravior,
3352 5063 3458 5116 huc

1845 5152 2062 5222 quidem
2087 5167 2194 5206 non
2223 5154 2383 5220 facit,
2406 5153 2502 5208 sed
2533 5156 2714 5207 omnia
2737 5173 2856 5225 qua:
2881 5156 2950 5211 ibi
2979 5157 3122 5210 dicta
3142 5167 3265 5210 sunt
3291 5159 3457 5211 verba

1849 5258 2133 5301 memorat.
2168 5248 2298 5302 lude
2333 5249 2466 5302 nihil
2494 5249 2758 5303 habentes
2789 5251 3097 5306 abscedilis.
3132 5251 3201 5304 Et
3230 5239 3461 5321 quomo-

1849 5339 1919 5392 do
1950 5357 2056 5394 non
2098 5342 2168 5394 sit
2217 5341 2347 5395 illud
2377 5342 2601 5411 dignum
2634 5344 2878 5410 pudore?
2903 5344 3102 5414 Legem
3137 5347 3458 5412 posuimus;

1850 5433 1960 5486 imo
1989 5447 2094 5486 non
2128 5448 2228 5487 nos
2255 5435 2537 5502 posuimus
2563 5453 2575 5488 :
2604 5436 2780 5500 absit;
2813 5435 2992 5490 Nolite
3017 5454 3230 5503 vocare,
3264 5439 3458 5507 inquit,

1853 5527 2148 5596 magistrum
2186 5544 2340 5597 super
2368 5538 2555 5581 terram
2587 5529 2800 5599 (Matth.
2827 5529 2919 5584 25.
2949 5532 3040 5599 8);
3074 5532 3247 5599 legem
3282 5533 3460 5601 posuit

1851 5619 2131 5685 Christus,
2167 5636 2234 5675 ne
2277 5623 2400 5690 quis
2442 5623 2608 5690 iuret.
2658 5623 2796 5688 Quid
2827 5665 2840 5686 ,
2874 5639 3102 5694 qumso,
3134 5625 3274 5678 circa
3322 5625 3462 5680 hanc

1853 5713 2024 5782 legem
2071 5712 2267 5767 factum
2300 5724 2377 5768 est
2402 5716 2427 5768 ?
2458 5731 2634 5784 neque
2660 5718 2804 5770 enim
2839 5717 2999 5772 finem
3030 5717 3220 5771 faciam
3265 5718 3366 5772 hac
3391 5721 3462 5774 de

1851 5821 1912 5860 re
1963 5805 2214 5872 loquendi
2242 5847 2256 5870 ,
2290 5804 2372 5859 Ne
2394 5807 2526 5874 forte
2549 5809 2736 5860 iterum
2765 5811 3000 5876 veniens,
3031 5820 3089 5863 ut
3120 5812 3194 5863 ait
3226 5813 3458 5877 Aposto-

1851 5899 1936 5952 lus
1960 5941 1976 5964 ,
2009 5916 2107 5952 non
2139 5916 2346 5966 parcam
2378 5899 2456 5970 (2.
2497 5900 2615 5955 Cor.
2664 5903 2750 5956 13.
2797 5903 2880 5967 2).
2913 5903 3049 5956 Num
3083 5904 3136 5957 id
3181 5905 3460 5958 curustis?

1855 6007 1985 6048 num
2025 5993 2238 6048 solliciti
2291 5991 2467 6048 fuistis
2496 6005 2588 6048 aut
2636 5993 2904 6049 studiosi?
2949 6012 3015 6048 an
3061 5995 3251 6051 eadem
3301 5996 3460 6051 nobis
