4092 6514
674 468 733 525 9t
1375 467 1428 522 s.
1471 461 1744 522 tonsis
1781 456 2251 515 cnttvsosront
2294 456 2610 514 suamne.
2653 457 3188 516 CONSTANTINOP.
3571 527 3579 536 ι
3864 461 3925 516 92

667 601 851 642 rursus
872 585 1095 641 dicenda
1123 586 1282 640 sunt?
1307 585 1416 640 imo
1445 587 1557 640 sive
1584 581 1779 653 aliquid
1803 580 1996 634 factum
2019 578 2108 641 sit,
2133 578 2245 630 sive

669 693 772 730 non
796 715 809 741 ,
842 676 1031 731 eadem
1074 677 1183 745 ipsa
1229 676 1600 745 aggrediemur
1620 717 1634 738 ,
1665 683 1720 728 ut
1748 686 1931 726 curam
1961 668 2201 722 haheat's
2225 709 2240 733 ,

668 776 724 820 ut
763 767 890 820 illud
932 767 1137 822 firmius
1167 767 1461 822 observetis
1509 776 1562 820 et
1591 766 1724 819 alios
1754 759 2062 818 hortemini.
2095 757 2244 815 Unde

665 872 794 928 ergo
818 859 1134 929 incipiemus
1154 860 1177 913 ?
1201 858 1370 915 Vultis
1399 875 1428 912 ιι
1458 859 1623 914 veteri
1655 855 1808 926 lege?
1838 855 1996 924 Atqui
2024 852 2125 908 hoc
2148 865 2244 904 no-

669 949 749 1000 liis
780 947 967 1016 pudori
1011 959 1115 1016 cst,
1149 949 1291 1019 quod
1337 965 1398 1005 ea
1423 991 1439 1015 ,
1469 964 1587 1018 quae
1629 949 1680 1002 in
1713 947 1880 1002 veteri
1914 944 2029 1014 lege
2075 950 2239 1007 sunt,

662 1053 779 1106 qua:
806 1053 1134 1108 exsuperare
1155 1047 1448 1109 oporteret,
1473 1053 1543 1093 ne
1571 1050 1848 1093 servemus
1869 1033 2107 1105 quidem.
2133 1029 2242 1085 Nos

661 1139 809 1183 certe
839 1145 943 1183 non
975 1130 1041 1185 de
1072 1129 1154 1184 his
1183 1128 1371 1184 audire
1417 1127 1770 1184 conveniebat
1799 1125 2055 1195 (Iudaica:
2099 1121 2240 1177 enim

669 1219 886 1274 vilitatis
935 1218 1051 1274 haec
1116 1231 1380 1290 prmccpta
1429 1219 1628 1284 sunt),
1677 1217 1773 1272 sed
1825 1217 1915 1271 illa
1965 1215 2266 1286 perfecta;

662 1307 832 1378 abjice
866 1311 1153 1379 pecunias,
1197 1319 1276 1365 sta
1304 1310 1513 1366 fortiter
1539 1351 1553 1374 ,
1597 1310 1832 1363 animam
1855 1321 1953 1377 pro
1981 1304 2238 1377 praedica-

663 1400 807 1454 tione
845 1401 970 1455 dato
991 1442 1006 1469 ,
1038 1409 1246 1456 terrena
1289 1401 1465 1455 omnia
1495 1400 1610 1456 ride
1635 1440 1650 1465 ,
1681 1398 1812 1453 nihil
1860 1397 1948 1452 tibi
1988 1397 2058 1451 sit
2085 1409 2238 1450 cum-

662 1505 822 1546 mune
853 1506 971 1545 eum
1018 1493 1266 1562 praesenti
1297 1493 1438 1558 vita;
1469 1493 1512 1546 si
1542 1491 1661 1561 quis
1692 1500 1744 1546 te
1791 1487 1949 1544 lmdat
1970 1527 1986 1552 ,
2017 1483 2238 1541 benefa-

659 1583 797 1648 cito;
827 1584 870 1637 si
903 1592 953 1639 te
978 1584 1286 1650 defraudet,
1320 1584 1658 1648 benedicito;
1707 1583 1751 1638 si
1783 1591 1969 1637 contra
2013 1588 2063 1634 te
2091 1578 2237 1633 blas-

660 1674 905 1742 phemet,
937 1678 1228 1744 honorato;
1268 1677 1516 1732 omnibus
1545 1677 1792 1747 superior
1833 1683 1971 1730 esto.
2022 1673 2146 1728 Haec
2184 1680 2239 1728 et

659 1767 852 1821 similia
882 1769 1066 1825 audire
1091 1769 1389 1840 oportebat.

729 1857 918 1912 Contra
931 1861 1242 1929 juramenta.
1271 1891 1340 1900 —
1359 1860 1511 1916 Nunc
1532 1868 1708 1916 autem
1737 1859 1805 1915 de
1827 1859 2130 1930 iuramento
2161 1857 2238 1914 lo-

655 1948 903 2017 quimur;
936 1959 1094 2019 atque
1127 1949 1354 2019 idipsum
1402 1950 1692 2020 contingit,
1737 1965 1797 2004 ac
1838 1950 1882 2003 si
1927 1949 2044 2018 quis
2071 1963 2193 2003 eum
2217 1988 2232 2013 ,

654 2045 743 2112 qui
770 2043 878 2112 jam
909 2044 1102 2100 debeat
1129 2044 1492 2114 philosophari
1520 2086 1534 2110 ,
1567 2059 1596 2097 a
1624 2042 1937 2100 doctoribus
1964 2041 2094 2097 «suis
2140 2039 2236 2096 ab-

654 2135 898 2200 strahat,
948 2145 1108 2205 atque
1157 2136 1390 2206 syllabas
1418 2145 1471 2192 et
1518 2137 1783 2192 elementa
1836 2134 2016 2204 legere
2059 2141 2232 2204 cogat.

654 2225 838 2294 Cogita
872 2227 999 2279 mihi
1046 2237 1275 2296 quantus
1302 2227 1474 2296 pudor
1502 2227 1573 2282 sit
1614 2226 1882 2280 hominem
1917 2224 2233 2295 profundam

656 2315 936 2370 habentem
971 2316 1211 2383 barbam,
1246 2318 1493 2371 baculum
1526 2315 1788 2371 ferentem
1811 2325 1860 2370 et
1892 2315 2105 2384 pallium
2136 2314 2232 2384 (a),

652 2407 717 2458 ad
747 2407 1029 2476 magistros
1076 2423 1195 2464 cum
1226 2409 1405 2478 pueris
1435 2408 1583 2463 abire
1605 2449 1620 2475 ,
1665 2416 1723 2462 ut
1753 2406 1940 2462 eadem
1971 2422 2092 2461 cum
2131 2406 2234 2461 illis

649 2497 820 2554 discat
844 2515 855 2549 :
887 2513 1063 2552 nonne
1091 2498 1214 2553 hinc
1243 2514 1465 2572 magnus
1496 2498 1678 2554 risus?
1706 2497 1811 2553 Sed
1843 2497 1945 2567 iam
1973 2497 2142 2566 major
2167 2511 2230 2551 ex

649 2589 820 2643 nobis.
844 2587 956 2643 Non
981 2590 1122 2644 enim
1159 2599 1361 2644 tantum
1396 2589 1722 2644 discriminis
1740 2597 1820 2643 est
1843 2587 2228 2657 philosotihiam

649 2681 786 2734 inter
816 2689 868 2734 ct
897 2681 1162 2735 elementa
1186 2719 1201 2745 ,
1235 2689 1489 2749 quantum
1521 2681 1658 2734 inter
1685 2678 1904 2734 Iudaica
1931 2687 1985 2733 et
2012 2687 2226 2742 nostra;

647 2769 739 2824 sed
771 2779 1026 2838 quantum
1057 2769 1195 2823 inter
1220 2770 1436 2839 angelos
1461 2779 1515 2824 et
1543 2769 1807 2823 homines.
1841 2767 1896 2824 Si
1921 2769 2061 2836 quis,
2085 2784 2231 2838 qna:-

645 2873 706 2912 so
738 2867 788 2911 te
813 2900 826 2923 ,
858 2859 1107 2927 angelum
1145 2858 1212 2913 de
1237 2859 1368 2912 caelo
1394 2858 1682 2913 deductum
1708 2857 1925 2927 juberct
1956 2859 2043 2912 hic
2088 2867 2231 2913 stare

645 2956 698 2999 ct
746 2947 903 3001 verba
938 2957 1119 3000 nostra
1159 2946 1374 3011 audire,
1422 2955 1480 3001 ut
1509 2947 1801 3001 secundum
1829 2961 1892 3001 ea
1921 2962 1980 3002 se
2010 2962 2229 3016 compo-

642 3045 836 3102 neret,
869 3050 1046 3088 annon
1093 3035 1262 3104 pudor
1312 3036 1435 3091 inde
1487 3045 1540 3089 et
1587 3035 1726 3090 risus
1770 3035 2130 3105 sequeretur?
2172 3036 2226 3092 Si

644 3142 772 3180 vero
799 3127 864 3181 de
893 3127 955 3180 iis
980 3125 1089 3196 jam
1115 3126 1313 3181 erudiri
1347 3125 1628 3180 ridiculum
1660 3135 1742 3180 est
1768 3166 1782 3192 ,
1814 3126 1897 3180 his
1923 3141 1990 3179 ne
2012 3126 2226 3196 quidem

639 3216 946 3283 attendere,
998 3227 1191 3287 quanta
1259 3217 1571 3271 damnatio?
1623 3225 1853 3286 quantus
1901 3218 2115 3286 pudor?
2163 3218 2229 3271 Et

640 3307 911 3376 quomodo
941 3323 1046 3360 non
1090 3306 1260 3377 pudor
1286 3307 1389 3372 sit,
1429 3306 1570 3375 quod
1600 3306 1775 3360 adhuc
1801 3304 2091 3362 Christiani
2133 3307 2227 3362 ad-

637 3399 844 3452 discant
873 3413 980 3452 non
1007 3413 1127 3453 esse
1170 3396 1500 3467 iurandum?
1529 3399 1778 3452 Attamen
1825 3412 1924 3452 nos
1970 3399 2226 3467 reprima-

637 3506 756 3543 mus
776 3530 789 3553 ,
819 3505 885 3544 ne
914 3490 1084 3557 magis
1134 3488 1423 3543 rideamur.
1458 3490 1573 3558 Age
1604 3489 1764 3559 igitur
1793 3504 1863 3543 ex
1896 3491 2059 3543 veteri
2106 3489 2224 3561 lege

644 3580 795 3633 vobis
821 3579 1146 3633 disseramus
1177 3578 1358 3634 hodie.
1387 3578 1524 3644 Quid
1551 3587 1728 3633 autem
1757 3578 1885 3633 dicit
1913 3579 2044 3633 illa?
2073 3579 2224 3634 .Iura-

637 3681 803 3724 mento
851 3687 914 3724 ne
957 3671 1266 3741 assuefacias
1309 3677 1377 3725 os‘
1426 3681 1564 3724 tuum
1591 3710 1606 3735 ,
1657 3687 1816 3739 neque
1868 3687 1984 3725 cum
2026 3673 2225 3728 nomine

636 3762 816 3816 Sancti
865 3777 1187 3816 consuescas.
1228 3761 1444 3829 Quare?
1487 3759 1634 3815 Sicut
1695 3762 1829 3814 enim
1877 3777 2090 3825 servus,
2137 3763 2223 3832 qui

637 3865 893 3925 torquetur
934 3855 1164 3919 assidue,
1209 3871 1240 3908 a
1281 3855 1436 3910 livore
1471 3870 1572 3908 non
1609 3853 1943 3924 purgabitur;
1969 3854 2041 3907 sic
2066 3870 2223 3923 neque

630 3953 808 4018 jurans
838 3947 1025 4017 (Eccli.
1052 3948 1142 4004 25.
1173 3949 1261 4003 9ο1
1282 3949 1356 4018 1).

703 4044 755 4098 5.
798 4043 930 4099 Vide
976 4042 1308 4114 prudentiam
1363 4039 1519 4109 hujus
1565 4039 1841 4108 sapientis.
1889 4036 2006 4092 Non
2051 4037 2215 4103 dixit,

631 4135 936 4189 Juramento
984 4151 1050 4190 ne
1093 4132 1417 4188 assuefacias
1468 4139 1705 4184 mentem
1751 4137 1932 4190 tuam;
1981 4127 2097 4191 sed,
2146 4125 2218 4181 0s

632 4240 806 4290 tuum;
856 4228 976 4297 quia
1013 4236 1177 4280 totum
1207 4242 1273 4280 ex
1302 4238 1394 4278 ore
1425 4236 1544 4276 esse
1577 4220 1798 4284 sciebat,
1831 4229 1885 4273 et
1916 4219 2038 4288 quia
2067 4218 2218 4272 facile

631 4321 930 4389 corrigitur.
981 4320 1111 4373 Nam
1146 4315 1479 4373 consuetudo
1506 4325 1589 4368 est
1621 4314 1837 4367 demum
1873 4312 1989 4364 sine
2017 4323 2214 4379 prepo-

631 4414 734 4465 sito
779 4412 910 4464 facta
947 4428 959 4464 :
995 4421 1054 4464 ut
1085 4421 1209 4464 sunt
1240 4409 1392 4463 multi
1419 4407 1508 4477 qui
1538 4407 1590 4460 in
1622 4405 1808 4458 balnea
1842 4402 2095 4471 ingressi,
2130 4400 2216 4455 ubi

633 4502 772 4556 iores
812 4503 1157 4567 transierunt,
1197 4516 1257 4556 se
1305 4500 1537 4570 signant.
1591 4496 1703 4550 lloc
1736 4496 1875 4549 solet
1902 4507 2089 4547 manus
2118 4508 2213 4547 ne—

632 4595 773 4647 mine
792 4592 1013 4661 jubente
1044 4608 1107 4647 ex
1136 4589 1520 4646 consuetudine
1548 4589 1742 4643 facere.
1768 4587 1972 4641 Rursus
1989 4599 2213 4640 accensa

635 4688 872 4749 lucerna,
913 4695 1091 4740 mente
1130 4683 1271 4739 aliud
1300 4683 1569 4753 quidpiam
1603 4680 1995 4742 eonsiderante,
2024 4692 2213 4732 manus

632 4777 837 4846 signum
863 4776 1003 4830 facit.
1031 4776 1105 4831 lta
1135 4784 1189 4831 et
1217 4790 1297 4839 os,
1325 4788 1426 4828 non
1451 4789 1516 4828 ex
1545 4772 1723 4825 animo
1756 4770 2006 4839 loquitur,
2032 4765 2123 4822 sed
2147 4784 2212 4822 ex

632 4869 1041 4934 consuetudine,
1069 4877 1342 4938 totumque
1366 4877 1445 4920 est
1474 4867 1525 4919 in
1554 4865 1751 4934 lingua.
1787 4862 1965 4931 Neque
1990 4878 2103 4914 cum
2133 4877 2216 4914 no-

633 4963 766 5014 mine
796 4961 972 5014 Sancti
997 4976 1308 5013 consuescas.
1343 4958 1488 5013 Sicut
1518 4957 1651 5011 enim
1677 4972 1866 5015 servus.
1899 4955 1984 5023 qui
2005 4963 2208 5022 torque-

633 5062 714 5104 tur
730 5051 948 5114 assidue,
975 5065 1005 5101 α
1027 5050 1181 5103 livore
1205 5066 1304 5102 non
1326 5049 1618 5119 purgabitur
1642 5065 1659 5100 :
1686 5049 1754 5101 sic
1777 5062 1932 5114 neque
1949 5045 2031 5114 qui
2049 5045 2210 5115 jurat.

631 5142 745 5198 Non
775 5141 1066 5212 periurium
1098 5139 1202 5206 hic,
1236 5138 1328 5195 sed
1359 5140 1717 5208 juramentum
1755 5135 2015 5191 exscindit
2056 5151 2211 5205 pmna

696 5276 784 5341 (a)_
805 5273 860 5341 In
877 5274 1006 5341 hunc
1029 5275 1184 5341 locum
1198 5275 1314 5341 tunc
1339 5279 1474 5341 notat
1508 5272 1756 5322 Dounzeus
1791 5269 1920 5341 apud
1947 5267 2209 5341 Savilium‘:

637 5332 975 5397 Ita-c'insiqnia
999 5343 1105 5384 sunt
1127 5336 1526 5397 philosophorum,
1554 5349 1678 5396 πώγων
1703 5345 1810 5397 suis;
1828 5332 2002 5394 (spissa
2022 5332 2212 5397 barba),

638 5412 810 5466 βαξτιρὶα
833 5393 1097 5466 (baculus),
1122 5393 1259 5456 ἐξωμίς,
1285 5411 1428 5466 quam
1468 5393 1710 5464 captitium
1752 5393 2059 5466 interpretor,
2086 5393 2213 5466 quod

637 5461 700 5506 ad
740 5453 1014 5523 magisteria
1050 5453 1220 5523 nostra
1251 5453 1447 5523 'tjidctnr
1480 5453 1691 5523 a_}tt'isco
1731 5453 2211 5523 more'translatmn,

637 5517 923 5580 quaquiam
948 5521 1178 5570 Lucianus
1194 5519 1242 5568 in
1265 5519 1427 5568 habitu
1440 5517 1822 5580 philosophorum
1833 5528 2065 5580 nusquam
2079 5517 2214 5580 quod

636 5577 846 5640 memini,
873 5589 1118 5640 memorat,
1139 5595 1202 5637 τὴν
1227 5591 1398 5640 ἰῖωμίδα,
1422 5577 1506 5630 sed
1525 5577 1720 5629 barbam
1746 5577 2215 5640 promissam,l_mcu-

637 5637 1045 5708 ιηγηηεττιισέηιρτ,
1073 5637 1267 5708 noceat.
1292 5637 1471 5691 trinum
1495 5643 1703 5708 pallium.
1730 5637 1782 5690 λι
1805 5639 1958 5690 Julius
1987 5637 2157 5708 Pollux
2195 5653 2212 5689 :

637 5703 846 5768 Cantica,
874 5701 1040 5768 inquit,
1065 5705 1203 5756 vestis
1235 5717 1344 5768 qua
1370 5701 1557 5768 exomis
1601 5711 1791 5768 vocatur
1820 5716 1837 5768 ς
1865 5714 1957 5751 non
1979 5701 2116 5749 aliud
2139 5709 2208 5751 est

638 5765 770 5825 enim
788 5765 880 5814 nisi
913 5763 1072 5816 tumea
1112 5768 1220 5816 alba
1246 5763 1303 5816 'et
1340 5764 1542 5825 servilis,
1570 5778 1598 5813 a
1624 5765 1768 5814 latere
1805 5763 1977 5814 dextro
1997 5771 2213 5811 saturant

638 5837 729 5875 non
752 5824 942 5877 habens.
965 5828 1023 5878 Et
1047 5830 1146 5879 vult
1172 5843 1282 5878 esse
1306 5828 1496 5878 servilis
1519 5828 1794 5876 vestimenti
1818 5838 1992 5885 genus,
2011 5827 2080 5874 sic
2098 5825 2211 5875 dicti

639 5888 765 5948 quod
791 5889 944 5938 latere
970 5901 1137 5952 aperto
1159 5893 1384 5941 dextrum
1409 5891 1665 5940 humerum
1686 5889 2006 5938 cxserebant.

2357 572 2428 627 illi
2452 577 2710 644 apposita.
2735 576 2872 647 Ergo
2896 577 3252 646 juramentnm
3280 586 3551 647 peccatum
3576 586 3675 631 est.
3698 577 3836 635 Talis
3857 590 3925 633 est

2353 667 2548 730 anima,
2583 667 2777 721 talibus
2794 678 2964 724 scatet
2984 669 3309 735 vulneribus,
3339 669 3640 739 talibusque
3665 670 3922 726 livoribus.

2351 756 2432 810 An
2463 766 2514 810 tu
2540 772 2644 812 non
2673 758 2860 814 vides?
2886 759 2999 815 lIoc
3027 762 3169 815 enim
3201 776 3360 832 grave
3384 769 3469 816 est
3498 779 3511 814 :
3541 764 3787 832 quamvis
3811 778 3924 834 pos-

2349 847 2424 903 sis
2470 848 2648 903 vidcrc
2697 851 2741 904 si
2789 852 2962 916 velis;
3017 852 3166 906 dedit
3202 854 3397 923 quippe
3427 854 3520 909 tibi
3549 853 3690 907 Deus
3733 854 3923 909 oculos.

2352 939 2569 996 Talibus
2598 943 2770 997 oculis
2796 942 3011 998 videbat
3043 943 3327 1014 prapheta,
3360 944 3545 998 dicens
3577 961 3590 998 :
3626 943 3926 1000 Putruenmt

2350 1041 2395 1086 et
2425 1043 2677 1102 corrupta:
2701 1045 2818 1088 sunt
2848 1035 3106 1088 cicatrices
3130 1050 3256 1089 mea:
3275 1050 3306 1086 a
3334 1035 3464 1103 [acie
3489 1034 3796 1106 insipientia:
3814 1052 3927 1092 utea

2350 1121 2540 1194 (Psal.
2585 1123 2674 1177 57.
2712 1122 2809 1192 6).
2859 1124 3025 1179 Deum
3076 1123 3453 1194 despeximus,
3495 1138 3691 1179 nomen
3739 1124 3924 1179 bonum

2346 1215 2472 1270 odio
2512 1215 2817 1284 habuimus,
2860 1217 3132 1272 Christum
3171 1217 3637 1282 conculcavimus,
3680 1217 3925 1271 solvi-mus

2347 1307 2625 1377 pudorem,
2678 1324 2836 1365 nemo
2884 1325 3003 1364 cum
3049 1309 3255 1364 honore
3295 1324 3489 1364 nomen
3527 1309 3620 1364 Dei
3651 1317 3920 1364 memorat.

2347 1396 2415 1451 Et
2444 1406 2495 1451 tu
2524 1397 2761 1467 quidem,
2791 1399 2834 1452 si
2865 1400 3172 1468 quempiam
3199 1399 3472 1466 dilexeris,
3498 1399 3568 1454 ad
3594 1414 3787 1455 nomen
3819 1398 3926 1467 ejus

2345 1488 2567 1558 erigeris
2594 1505 2607 1553 ;
2651 1489 2818 1544 Deum
2851 1505 2978 1545 vero
3009 1491 3088 1545 sic
3118 1499 3378 1563 perpetuo
3413 1506 3575 1548 vocas
3600 1492 3750 1562 quasi
3779 1491 3921 1546 nihil.

2345 1576 2488 1633 Voca
2517 1595 2638 1634 cum
2666 1579 3006 1636 benefaciens
3029 1581 3268 1650 inimico,
3298 1598 3430 1639 voca
3455 1583 3522 1638 ad
3562 1583 3785 1638 salutem
3813 1582 3920 1648 ani-

2348 1687 2451 1727 ma:
2479 1681 2585 1728 tua;
2620 1692 2633 1728 :
2665 1683 2792 1729 tunc
2818 1675 2992 1741 adest,
3024 1685 3150 1731 tunc
3175 1676 3416 1732 ltetiﬁcas
3449 1677 3597 1733 illum
3628 1692 3808 1744 ;nunc
3832 1692 3922 1730 au-

2345 1773 2452 1818 tun
2495 1767 2806 1821 exacerbas.
2858 1767 3004 1822 Voca
3052 1769 3200 1823 illum
3250 1778 3305 1823 ut
3345 1769 3557 1824 vocavit
3600 1769 3918 1840 Stephanus.

2342 1856 2480 1924 Quid
2523 1858 2744 1914 dicens?
2779 1859 3013 1925 Domine,
3065 1877 3126 1914 ne
3168 1870 3362 1915 statuas
3403 1862 3506 1916 illis
3545 1861 3639 1915 Itoc
3670 1869 3923 1930 peccatum

2342 1949 2478 2018 (Act.
2500 1950 2552 2003 7.
2584 1950 2700 2018 59).
2739 1949 2879 2004 Voca
2912 1951 3061 2005 illum
3087 1960 3142 2005 ut
3166 1951 3371 2005 vocavit
3395 1965 3533 2006 uxor
3560 1951 3922 2015 Eleanm,cum

2341 2039 2609 2110 laerymis,
2656 2055 2777 2094 cum
2821 2041 2970 2108 fletu,
3016 2056 3136 2096 cum
3179 2042 3423 2097 oratione
3464 2042 3540 2112 (1.
3572 2041 3701 2112 Reg.
3737 2040 3921 2109 1.10).

2337 2129 2452 2184 Non
2496 2129 2777 2200 prohibeo,
2822 2131 2917 2185 sed
2958 2131 3112 2186 valde
3160 2131 3366 2186 hortor.
3401 2131 3538 2188 Voca
3573 2131 3724 2186 illum
3754 2141 3810 2185 ut
3839 2145 3926 2184 vo-

2340 2223 2480 2276 cavit
2519 2222 2750 2292 Moyses,
2787 2233 2840 2276 et
2870 2223 3138 2279 clamabat
3164 2237 3326 2278 orans
3365 2238 3462 2292 pro
3500 2223 3583 2287 iis,
3630 2224 3718 2293 qui
3755 2223 3923 2292 ipsum

2341 2314 2392 2367 in
2426 2311 2602 2383 fugam
2629 2321 2851 2382 egerant
2883 2312 3067 2384 (Nunt.
3098 2313 3185 2367 12.
3216 2312 3328 2384 15).
3363 2312 3430 2367 Ει
3453 2323 3508 2366 ιιι
3535 2312 3750 2382 quidem
3779 2312 3821 2366 si
3854 2312 3926 2364 vi-

2340 2421 2456 2460 rum
2483 2404 2784 2474 quempiam
2815 2403 3169 2459 reverendam
3204 2413 3406 2459 temere
3436 2419 3726 2468 memores,
3757 2404 3808 2457 id
3837 2417 3926 2472 pro

2339 2495 2656 2550 contumelia
2711 2493 2973 2559 habetur;
3011 2495 3056 2550 si
3101 2509 3231 2548 vero
3271 2495 3439 2550 Deum
3484 2495 3659 2550 verbis
3697 2496 3925 2549 circum-

2337 2585 2493 2650 feras,
2542 2599 2645 2640 non
2671 2584 2829 2639 modo
2857 2594 3079 2649 temere,
3105 2585 3198 2639 sed
3226 2587 3384 2640 etiam
3414 2587 3811 2655 intempestive,
3837 2600 3924 2654 pro

2337 2678 2504 2732 nihilo
2532 2694 2642 2733 rem
2669 2678 2878 2732 habes?
2931 2679 2996 2732 Et
3032 2689 3233 2748 quanto
3277 2678 3542 2747 supplicio
3582 2677 3777 2747 dignus
3821 2693 3920 2732 non

2339 2769 2538 2825 fueris?
2569 2769 2681 2823 Non
2703 2769 2962 2839 prohibeo
2990 2770 3158 2824 Deum
3184 2783 3396 2839 semper
3427 2769 3480 2823 in
3508 2779 3685 2825 mente
3709 2769 3924 2833 habere,

2337 2864 2437 2918 hoc
2468 2865 2610 2918 enim
2667 2872 2721 2918 et
2765 2863 2995 2932 optarim
3027 2871 3079 2917 et
3105 2863 3301 2927 velim;
3351 2871 3404 2916 at
3441 2878 3545 2916 non
3591 2872 3788 2931 pra2ter
3821 2864 3926 2931 pla-

2332 2958 2496 3012 eitum
2541 2955 2678 3025 ejus,
2725 2971 2912 3009 verum
2943 2971 3063 3010 cum
3093 2955 3249 3010 laude
3277 2966 3330 3010 et
3373 2955 3596 3010 honore.
3657 2956 3847 3026 Magna
3879 2955 3927 3009 id

2332 3049 2483 3102 nobis
2506 3055 2716 3116 pareret
2738 3047 2897 3111 bona,
2921 3046 2966 3100 si
2993 3062 3112 3100 cum
3136 3057 3365 3116 Oportet,
3392 3057 3445 3102 et
3468 3048 3521 3102 in
3551 3047 3746 3118 quibus
3773 3062 3928 3117 Opor-

2332 3147 2429 3202 tet,
2462 3147 2669 3191 tantum
2710 3152 3026 3191 vocaremus
3063 3152 3204 3192 eum.
3239 3137 3368 3204 Cur,
3398 3153 3602 3208 quaeso,
3634 3138 3927 3208 apostolo—-

2333 3245 2451 3283 rum
2494 3244 2610 3283 :cvo
2650 3236 2728 3282 tot
2768 3236 3035 3297 tantaeque
3075 3228 3300 3282 virtutes
3340 3228 3558 3294 ﬁebant,
3593 3240 3776 3283 nostra
3807 3244 3929 3283 vero

2332 3328 2487 3374 :etate
2513 3318 2753 3382 minime,
2806 3318 2930 3373 licet
2961 3318 3100 3372 idem
3131 3317 3244 3388 ipse
3273 3319 3341 3372 sit
3371 3318 3536 3384 Deus,
3566 3319 3802 3388 idipsum
3833 3335 3925 3373 no-

2330 3412 2492 3463 men?
2514 3411 2618 3466 Sed
2649 3427 2754 3464 non
2782 3426 2880 3481 par
2907 3425 2994 3466 res
3015 3419 3116 3467 est.
3145 3410 3461 3478 Quomodo?
3489 3411 3621 3479 Quia
3653 3411 3727 3465 illi
3761 3413 3813 3466 in
3845 3413 3926 3477 iis,

2327 3517 2447 3572 qua:
2482 3501 2613 3565 dixi,
2647 3502 2820 3572 ipsum
2855 3502 3117 3557 vocabant
3144 3501 3350 3566 solum;
3389 3516 3489 3556 nos
3532 3516 3661 3556 vero
3706 3518 3822 3556 non
3879 3504 3927 3556 in

2330 3594 2434 3657 his,
2478 3594 2573 3648 sed
2605 3594 2656 3648 in
2690 3595 2832 3649 aliis.
2864 3594 2919 3649 Si
2952 3602 3129 3648 autem
3159 3593 3278 3648 ideo
3301 3593 3470 3661 juras,
3515 3594 3638 3663 quia
3687 3594 3783 3650 ille
3825 3610 3928 3649 non

2334 3679 2508 3738 credit
2538 3702 2550 3737 :
2581 3684 2666 3740 die
2698 3684 2936 3754 quidem,
2971 3683 3172 3747 Crede;
3206 3694 3460 3737 czeterum
3486 3683 3532 3736 si
3560 3683 3660 3746 vis,
3687 3683 3811 3752 jura
3837 3699 3931 3755 per

2328 3782 2381 3829 te
2413 3778 2605 3844 ipsum.
2634 3775 2758 3829 llaec
2779 3775 2985 3838 dicens,
3014 3788 3120 3828 non
3143 3775 3410 3828 contraria
3437 3772 3640 3829 Christi
3669 3775 3776 3843 legi
3811 3792 3929 3845 pro-

2328 3861 2462 3929 fero,
2490 3863 2630 3917 absit
2659 3882 2672 3917 :
2707 3879 2831 3918 nam
2855 3863 2948 3928 ait,
2974 3862 3055 3918 Sit
3083 3872 3254 3916 autem
3280 3879 3442 3915 sermo
3469 3872 3649 3929 vester,
3685 3862 3803 3931 Est,
3833 3876 3928 3929 est;

2330 3953 2470 4019 Non,
2505 3972 2605 4008 non
2632 3954 2841 4022 (Matth.
2877 3956 2928 4010 5.
2959 3955 3049 4022 57)
3079 3970 3092 4019 ;
3118 3955 3209 4009 sed
3244 3969 3329 4009 me
3352 3955 3503 4010 vobis
3532 3965 3926 4025 attemperaus,

2330 4057 2386 4101 ut
2419 4049 2586 4117 magis
2614 4047 2678 4100 ad
2710 4048 2812 4102 hoc
2835 4063 2929 4102 vos
2958 4046 3206 4101 inducam
3239 4057 3291 4101 et
3317 4062 3346 4101 a
3372 4049 3651 4117 tyrannica
3691 4064 3928 4105 consuc-

2328 4137 2509 4191 tudine
2545 4137 2792 4192 liherem.
2824 4137 2966 4205 Quot
3004 4138 3055 4191 in
3088 4138 3205 4193 aliis
3234 4139 3394 4193 rebus
3428 4140 3658 4207 probati,
3709 4139 3816 4193 hac
3863 4140 3929 4196 de

2323 4243 2477 4283 causa
2510 4229 2784 4297 perierunt
2821 4229 2833 4281 !
2875 4227 3052 4284 Vultis
3077 4229 3310 4296 discere,
3349 4244 3447 4283 cur
3479 4228 3670 4297 priscis
3696 4229 3810 4284 illis
3845 4231 3929 4300 ju-

2325 4337 2443 4375 rare
2477 4321 2924 4390 permitteretur?
2957 4321 3221 4392 (pejcrare
3265 4323 3405 4377 enim
3439 4336 3612 4390 neque
3651 4322 3759 4374 illis
3793 4339 3928 4379 con-

2323 4426 2532 4467 cessum
2563 4411 2720 4481 erat).
2742 4412 2874 4480 Quia
2909 4428 3004 4483 per
3034 4413 3460 4482 idolajurabant.
3495 4411 3609 4466 Non
3637 4427 3731 4465 vos
3757 4415 3926 4482 pudet

2325 4503 2378 4558 in
2411 4504 2474 4558 iis
2506 4518 2724 4557 manere
2754 4503 2981 4573 legibus,
3029 4504 3079 4557 in
3123 4504 3315 4573 quibus
3351 4503 3426 4557 illi
3453 4503 3812 4558 versabantur
3847 4507 3924 4559 in-

2325 4596 2483 4650 firmi.
2518 4594 2648 4649 Nam
2679 4596 2719 4648 si
2750 4610 2892 4649 nunc
2919 4594 3172 4662 gentilem
3205 4594 3438 4660 adoriar,
3488 4609 3592 4649 non
3624 4596 3813 4648 statim
3851 4597 3924 4649 illi

2325 4687 2426 4740 hoc
2453 4680 2676 4756 impero,
2704 4685 2796 4740 sed
2828 4686 3040 4739 interim
3065 4694 3118 4738 ut
3144 4686 3278 4739 sciat
3303 4685 3576 4738 Christum
3606 4683 3882 4740 admoneo
3906 4705 3920 4740 :

2325 4778 2492 4831 fidelis
2517 4792 2664 4841 vero,
2695 4778 2782 4846 qui
2811 4777 3080 4831 Christum
3105 4775 3287 4829 didicit
3317 4784 3369 4828 et
3393 4775 3615 4837 audivit,
3641 4778 3686 4829 si
3720 4777 3918 4832 eadem

2324 4884 2422 4938 qua
2452 4868 2674 4924 Graecus
2702 4865 3029 4936 indulgentia
3083 4879 3217 4934 opus
3259 4863 3473 4925 habeat,
3524 4880 3644 4931 quae
3675 4866 3923 4922 utilitas?

2322 4962 2460 5032 quod
2487 4960 2735 5015 lucrum?
2769 4959 2873 5013 Sed
2895 4959 3072 5028 gravis
3099 4973 3185 5031 res
3208 4968 3291 5010 est
3316 4957 3667 5020 consuetudo.
3696 4967 3752 5012 et
3778 4959 3926 5014 αἱαὶ-

2321 5052 2422 5106 cile
2468 5051 2832 5106 abstraheris?
2866 5049 3026 5119 Ergo,
3078 5047 3199 5116 quia
3232 5056 3376 5103 tanta
3401 5059 3484 5103 est
3504 5050 3925 5106 consuetudinis

2322 5142 2582 5214 tyrannis,
2623 5156 2743 5196 eam
2775 5141 2826 5193 in
2852 5140 3009 5192 aliam
3061 5138 3288 5194 transfer
3326 5137 3796 5194 consuetudinem.
3856 5141 3924 5196 Et

2320 5233 2609 5305 quomodo,
2635 5232 2867 5301 inquies,
2894 5230 3005 5286 ﬁeri
3033 5232 3248 5300 potest?
3292 5230 3446 5298 Quod
3477 5243 3619 5300 sape
3644 5230 3779 5298 dixi,
3819 5231 3925 5289 hoc

2319 5337 2373 5382 et
2399 5342 2537 5380 nunc
2560 5325 2680 5378 dico
2715 5341 2725 5377 :
2756 5322 2876 5379 Sitit
2904 5321 3280 5377 emendatores
3303 5323 3566 5376 dictorum
3597 5322 3774 5387 multi,
3812 5325 3925 5379 sint

2321 5417 2667 5485 inquisitores
2711 5422 2764 5468 et
2811 5423 3166 5468 correctores.
3220 5412 3337 5466 Non
3381 5412 3552 5482 pudor
3579 5422 3662 5467 est
3690 5412 3759 5467 ab
3797 5415 3923 5469 aliis

2319 5508 2550 5578 corrigi;
2587 5508 2694 5560 imo
2719 5503 2893 5574 pudor
2932 5513 3017 5559 est
3049 5504 3313 5573 repellere
3349 5503 3704 5573 corrigentes,
3748 5512 3807 5556 et
3868 5505 3920 5558 in

2323 5600 2552 5670 preprite
2590 5594 2778 5652 salutis
2825 5595 3078 5649 damnum
3114 5594 3212 5648 hoc
3241 5593 3434 5650 facere.
3485 5593 3550 5647 Et
3595 5603 3650 5646 tu
3693 5592 3920 5661 quidem

2321 5691 2362 5745 si
2391 5698 2590 5744 vestem
2621 5685 2810 5741 induas
2836 5685 3126 5752 inversam,
3177 5686 3434 5756 permittis
3462 5693 3513 5740 te
3542 5700 3570 5738 a
3604 5699 3773 5754 puero
3813 5687 3920 5740 ad-

2322 5781 2549 5848 moneri,
2575 5795 2671 5834 nec
2700 5789 2751 5834 te
2782 5777 2943 5849 pudet
2975 5779 3040 5833 ab
3073 5779 3165 5834 illo
3189 5780 3428 5845 discere;
3470 5777 3712 5848 quamvis
3739 5778 3918 5834 hacin

2325 5889 2382 5929 re
2411 5888 2632 5943 magnus
2663 5873 2728 5926 sit
2759 5871 2932 5943 pudor
2962 5887 2973 5925 :
3009 5870 3096 5927 hic
3131 5881 3306 5930 autem
3347 5871 3397 5927 in
3438 5869 3611 5926 anima
3640 5868 3828 5935 laesus,
3854 5881 3908 5926 te
