4044 6486
151 425 200 481 Ἦ
1187 437 1254 492 IN
1297 438 1479 495 ACTA
1519 436 2068 495 APOSTOLORUM.
2113 439 2350 497 llOMIL.
2395 441 2461 495 x.
3361 445 3432 500 92

148 539 268 596 οὕτω
298 543 673 616 φυλάττομεν.
693 548 872 619 Ἦμᾶς
900 549 1008 620 γάρ
1035 553 1095 604 οὐ
1126 554 1253 624 περί
1280 555 1485 608 τούτων
1505 551 1725 607 ἀκούειν

149 628 236 682 ἔδει
269 627 386 698 (τῆς
411 630 522 703 γὰρ
559 634 864 705 Ἰουδαϊκῆς
897 638 1171 704 εὐτελείας
1187 641 1361 695 ταῦτα
1412 641 1481 694 τά
1513 656 1727 711 παραγ-

149 715 414 784 γέλματα),
449 718 573 772 ἀλλ’
595 721 782 776 ἐκεῖνα
807 723 874 776 τά
890 725 1090 779 τέλεια·
1135 727 1317 797 Ῥῖψον
1346 728 1414 782 τὰ
1439 730 1718 800 χρήματα,

151 803 283 874 στῆθι
299 809 592 873 γενναίως,
621 810 720 882 τὴν
745 811 922 885 ψυχὴν
947 815 1128 880 ἐπίδος
1155 817 1295 888 ὐπέρ
1321 816 1416 871 τοῦ
1433 835 1503 887 κη
1514 817 1727 888 ρύγμα-

149 909 241 957 τος,
269 897 650 963 καταγέλασον
677 900 786 953 τῶν
816 903 908 955 ἐπὶ
945 902 1043 971 τῆς
1096 903 1200 975 γῆς
1236 905 1514 968 ἁπάντων,
1557 905 1724 974 μηδὲν

149 978 268 1032 ἔστω
306 999 387 1034 σοι
423 985 614 1039 κοινὸν
645 987 784 1059 πρὸς
810 989 900 1042 τὸν
925 991 1169 1062 παρόντα
1215 992 1349 1063 βίον·
1383 993 1450 1047 ἂν
1487 994 1722 1064 ἀδικήσῃ

147 1083 234 1132 τις,
288 1070 679 1143 εὐεργέτησον·
725 1075 794 1129 ἂν
847 1077 1238 1152 πλεονεκτήσῃ,
1291 1081 1606 1153 εὐλόγησαν·
1655 1082 1722 1136 ἂν

149 1153 515 1230 βλασφημήσῃ,
542 1161 800 1233 τίμησον·
831 1165 1046 1219 πάντων
1083 1166 1355 1239 άνώτερος
1387 1169 1492 1225 ἔσο.
1536 1169 1718 1226 Ταῦτα

149 1242 229 1295 καὶ
250 1243 315 1297 τά
337 1246 572 1301 τοιαῦτα
595 1250 818 1306 ἀκούειν
843 1252 970 1308 ἔδει.

204 1330 406 1386 Νυνίδέ
439 1334 595 1407 ὑπὲρ
617 1337 779 1408 δρκου
801 1340 1184 1413 διαλεγόμεθα·
1223 1344 1317 1398 καὶ
1345 1345 1539 1399 ταύτὸν
1570 1345 1720 1413 γίνε-

146 1434 238 1481 ται,
258 1418 443 1493 ὥσπερ
461 1421 534 1476 ἂν
559 1425 620 1476 ετ
645 1441 731 1488 τις
756 1426 849 1480 τὸν
876 1428 1160 1498 ὀφείλοντα
1185 1432 1517 1502 φιλοσοφεῖν,
1550 1433 1718 1502 ἀφελ-

145 1507 294 1570 κύσας
317 1509 424 1564 τῶν
453 1511 799 1570 διδασκάλων
829 1517 1204 1592 ἐκείνων.[87]
1223 1520 1494 1584 συλλαϐὰς
1521 1521 1602 1576 ἐτι
1622 1521 1719 1576 καὶ

144 1594 193 1647 τὸ
236 1596 370 1650 κατά
428 1602 704 1670 στοιχεῖον
754 1603 1151 1672 ἀναγινώσκειν
1202 1612 1366 1664 ποιοῖ.
1433 1607 1718 1682 Ἐννόησόν

145 1699 222 1770 μοι
269 1685 365 1754 ὅση
393 1687 548 1742 ἐστὶν
587 1690 839 1762 αἰσχύνη,
871 1691 1158 1764 ἄνθρωπόν
1201 1713 1326 1750 τινα
1378 1698 1590 1770 ὑπήνην
1619 1697 1718 1770 βα-

142 1769 272 1824 θεῖαν
307 1773 523 1843 ἔχοντα,
568 1780 666 1832 καί
705 1780 938 1851 ῥόπαλον
990 1785 1410 1856 ἐπιφερόμενον,
1459 1769 1554 1840 καὶ
1579 1769 1716 1852 ἐξω-

142 1857 251 1925 μίδα
279 1859 493 1930 ἔχοντα.
518 1865 606 1928 εἰς
635 1865 989 1934 διδασκάλους
1039 1872 1180 1940 μετά
1208 1873 1318 1926 τῶν
1351 1874 1556 1928 παίδων
1609 1877 1717 1930 άπ-

141 1945 374 2035 ιέναι,καὶ
399 1952 471 2006 τὰ
502 1953 649 2007 αὐτὰ
667 1955 898 2022 ἐκείνοις
925 1959 1241 2028 μανθάνειν,
1276 1959 1385 2035 ἆρα
1410 1963 1471 2017 οὗ
1493 1963 1660 2028 πολὺς
1686 1966 1714 2019 ό

136 2033 315 2124 γέλως;
353 2039 523 2094 Ἀλλά
546 2041 748 2097 πλείων
780 2040 936 2110 οὗτος
960 2047 988 2099 ό
1014 2047 1301 2122 ἡμέτερος.
1321 2033 1403 2104 ⁷οὐ
1443 2051 1552 2124 γὰρ
1589 2052 1714 2106 ὅσον

137 2121 433 2193 φιλοσοφίας
463 2129 530 2181 τὸ
568 2130 736 2199 μέσον
779 2133 875 2186 καὶ
897 2136 1264 2206 γραμμάτων,
1323 2121 1580 2192 τοσοῦτον
1610 2139 1710 2210 τῆς

145 2211 422 2304 Ϊίοῷαῖκῇς
452 2218 737 2283 πολιτείας
765 2221 858 2275 καὶ
894 2222 992 2292 τῆς
1022 2225 1300 2296 ἡμετέρας
1331 2226 1391 2279 τὸ
1428 2226 1706 2298 διάφορον,

133 2297 230 2351 ἀλλ’
249 2297 382 2354 ὅσον
401 2305 656 2371 ἀγγέλων
674 2309 768 2361 καὶ
783 2307 1106 2382 ἀνθρώπων.
1129 2312 1197 2364 Et
1215 2329 1320 2376 τις.
1341 2313 1462 2366 εἰπέ
1483 2297 1712 2384 μοι,άγ-

131 2388 267 2455 γελον
291 2392 354 2446 ἐκ
369 2393 465 2446 τοῦ
480 2395 718 2466 οὐρανοῦ
753 2399 1106 2468 καταγαγὼν,
1134 2401 1444 2456 κελεύσειεν
1475 2401 1706 2458 ἐνταῦθα

130 2478 441 2537 ἑστάναικαὶ
462 2486 772 2556 ἀκροᾶσθαι
801 2488 908 2544 τῶν
940 2491 1228 2564 ἡμετέρων
1257 2493 1452 2562 λόγων,
1471 2494 1544 2559 ώς
1563 2494 1709 2564 όφεί-

129 2564 267 2623 λοντα
281 2573 389 2626 άπὸ
404 2575 614 2629 τούτων
632 2577 1014 2647 ρυθμίζεσθαι,
1030 2577 1138 2652 ἆρα
1159 2581 1259 2636 οὐκ
1273 2583 1503 2654 αἰσχύνη
1522 2583 1710 2653 καὶγέ-

130 2655 414 2752 λωςᾼῆνςῖεί
445 2663 584 2717 δὲτὸ
605 2667 732 2738 περὶ
745 2667 946 2722 τούτων
958 2669 1038 2724 ἔτι
1065 2671 1414 2726 παιδεύεσθαι
1430 2673 1624 2742 γέλως·
1648 2675 1710 2752 τὸ

131 2745 248 2815 μηδὲ
279 2749 494 2814 τούτοις
525 2753 834 2824 προσέχειν,
862 2755 986 2809 εἰπέ
1016 2775 1126 2828 μοι,
1157 2759 1295 2829 πόση
1320 2760 1662 2830 κατάγνωσις

129 2835 251 2903 πόση
276 2839 548 2910 αἰσχύνη;
580 2841 689 2894 Καὶ
722 2842 839 2906 πῶς
887 2844 994 2916 γάρ
1033 2847 1134 2900 οὐκ
1167 2848 1450 2919 αἰσχύνης,
1487 2849 1568 2903 ὃτι
1622 2850 1704 2904 ἔτι

129 2921 421 2992 Χριστιανοὶ
466 2930 717 2999 περὶτοῦ
754 2931 830 3003 μὴ
857 2931 966 2987 δεῖν
1021 2935 1253 3004 ὀμνύναι
1311 2938 1700 3003 παιδεύονται;

129 3010 254 3082 Πλὴν
292 3014 408 3068 ἀλλ’
461 3017 851 3088 άνασχώμεθα,
902 3021 987 3074 ἵνα
1021 3023 1095 3093 μὴ
1136 3024 1336 3094 μᾶλλον
1391 3025 1699 3097 γελώμεθα.

127 3098 242 3186 θέρε
263 3099 354 3156 οῦν
375 3105 489 3158 άπὸ
515 3105 617 3175 τῆς
639 3107 884 3171 Παλαιίς
902 3109 1030 3180 ὑμῖν
1049 3111 1420 3183 διαλεχθῶμεν
1435 3115 1699 3186 τήμερον.

129 3183 182 3241 Τί
200 3187 249 3242 δέ
275 3190 414 3262 αῦτη
439 3193 646 3262 φησίν;
679 3195 875 3263 Ὀρκῳ
891 3197 977 3265 μὴ
1001 3199 1212 3268 ἐθίσῃς
1242 3200 1311 3254 τὸ
1334 3183 1529 3273 στόμα
1558 3183 1699 3268 σου,

125 3276 255 3342 μηδὲ
277 3279 354 3345 τῷ
391 3282 643 3352 ὀνόματι
695 3284 800 3339 τοῦ
831 3286 1001 3356 ἁγίου
1059 3291 1452 3359 συνεθισοῇς.
1488 3291 1588 3346 Διὰ
1609 3292 1663 3345 τί
1683 3308 1698 3353 ς

129 3360 331 3435 Ὠσπερ
355 3368 469 3438 γὰρ
498 3371 738 3437 οἰκέτης
766 3372 1184 3444 ἐξεταζόμενος
1208 3378 1558 3449 ἐνδελεχῶς,
1582 3381 1702 3437 ἀπὸ

124 3450 388 3522 μώλωπος
431 3459 507 3512 οὺ
553 3461 1081 3531 καθαρισθήσεται,
1135 3465 1325 3533 οὕτως
1354 3466 1498 3521 οὐδὲ
1534 3471 1568 3524 ό
1598 3469 1699 3540 ὀμ-

127 3540 283 3597 νύων.

185 3638 238 3686 ε’.
284 3634 427 3705 Ὀρα
453 3635 556 3706 τὴν
575 3637 792 3692 σύνεσιν
814 3638 907 3693 τοῦ
938 3641 1103 3711 σοφοῦ
1135 3643 1347 3698 τούτου.
1372 3645 1489 3700 υύκ
1519 3639 1696 3712 εἶπεν,

129 3715 295 3790 Ὀρκῳ
329 3723 404 3795 μὴ
453 3722 643 3796 ἐθίσῃς
670 3725 770 3796 τὴν
795 3726 1037 3783 διάνοιάν
1068 3747 1184 3794 σου,
1210 3731 1366 3795 ἀλλά,
1395 3733 1465 3787 Τὸ
1501 3737 1699 3805 στόμα

129 3821 246 3860 σου·
271 3809 348 3863 ὅτι
372 3811 474 3863 τοῦ
497 3811 764 3882 στόματος
783 3813 842 3866 ὂν
871 3816 932 3868 τὸ
952 3818 1060 3870 πᾶν
1081 3813 1211 3883 οἶδε,
1235 3821 1330 3873 καὶ
1354 3821 1434 3874 ὅτι
1461 3821 1699 3888 εὐκόλως

129 3896 486 3968 κατορθοῦται.
513 3900 778 3972 Συνήθεια
811 3903 918 3974 γάρ
946 3905 1062 3958 ἐστι
1101 3905 1288 3960 λοιπὸν
1317 3910 1699 3981 ἀπροαιρέτως

129 3987 381 4059 γινομένη·
426 3982 541 4043 οἷόν
556 3991 662 4044 εἰσι
693 3991 896 4053 πολλοὶ,
925 3993 976 4047 οἳ
1006 3997 1064 4050 ἐν
1095 3995 1398 4066 βαλανείοις
1415 4000 1712 4069 εἰσιόντες,

130 4072 228 4138 ἅμα
261 4075 334 4146 τῷ
365 4076 471 4140 τὰς
505 4077 674 4150 θύρας
710 4079 1012 4152 ὑπερϐῆναι
1072 4085 1482 4154 σφραγίζονται.
1527 4087 1697 4142 Τοῦτο

128 4154 245 4247 οἶδεν
273 4166 303 4234 ἡ
344 4167 470 4235 χεὶρ
523 4167 616 4219 καί
646 4168 873 4236 μηδενὸς
911 4169 1226 4237 κελεύοντος
1257 4174 1368 4228 άπὸ
1398 4179 1499 4247 τῆς
1534 4193 1696 4246 συνη-

128 4246 254 4314 θείας
275 4257 467 4307 ποιεῖν.
497 4254 665 4308 Πάλιν
690 4255 881 4328 λύχνου
944 4259 1228 4328 ἁφθέντος,
1276 4246 1538 4328 πολλάκις
1594 4265 1695 4334 τῆς

125 4336 332 4405 διανοίας
349 4343 539 4414 ἐτερόν
567 4361 619 4398 τι
651 4347 1104 4422 σκεπτομένης,ή
1135 4351 1255 4422 χεὶρ
1288 4352 1386 4424 τὴν
1422 4355 1696 4426 σφραγῖδα

127 4430 264 4514 ποιεῖ.
297 4429 457 4483 υύτω
487 4431 551 4501 δὴ
581 4433 675 4486 καὶ
705 4433 768 4486 τὸ
803 4435 977 4506 στόμα
1003 4475 1016 4500 ,
1078 4439 1140 4490 οὐ
1191 4439 1332 4509 μετά
1362 4440 1465 4510 τῆς
1514 4442 1694 4514 ψυχῆς

126 4511 414 4602 φθέγγεται,
435 4517 573 4573 ἀλλά
601 4520 710 4574 άπὸ
744 4521 845 4592 τῆς
866 4523 1174 4596 συνηθείας,
1193 4528 1287 4580 καὶ
1311 4528 1369 4581 ἐν
1390 4532 1454 4600 τῇ
1478 4511 1694 4602 γλώττῃ

124 4601 175 4652 τὸ
197 4605 295 4657 πᾶν
321 4607 458 4660 ἐστι.
496 4608 607 4662 Καὶ
632 4608 714 4674 τῷ
742 4611 1009 4681 ὀνόματι,
1036 4615 1200 4682 φησί,
1235 4615 1343 4672 τοῦ
1383 4619 1584 4688 Ἀγίου
1604 4601 1690 4690 μῆ

125 4693 470 4777 συνεθισθῇς
492 4705 532 4750 ⁸.
567 4697 798 4766 Ὠσπερ
839 4699 949 4768 τὰρ
993 4702 1229 4770 οἰκέτης
1270 4703 1694 4777 ἐξεταζόμενος

124 4774 448 4849 ἐνδελεχῶς,
477 4783 594 4838 ἀπὸ
611 4784 905 4854 μώλωπος
934 4791 1007 4842 οὺ
1038 4774 1563 4862 καθαρισοήσετάι,
1591 4774 1692 4851 oi?-

258 4870 394 4924 οὐδὲ
421 4875 454 4925 ὀ
486 4874 744 4938 ὀμνύων.
778 4877 913 4945 υύχί
941 4878 1041 4948 τὴν
1085 4881 1374 4952 ἐπιορκίαν
1434 4885 1688 4952 ἐνταῦθα,

125 4951 239 5006 ἀλλά
264 4954 352 5009 τὸν
382 4959 546 5028 ὅρκον
577 4961 853 5026 ἐκκόπτει,
883 4965 976 5017 καὶ
1007 4967 1156 5038 αὐτῴ
1187 4951 1368 5041 τίθησι
1386 4971 1486 5043 τὴν
1514 4992 1690 5044 τιμω-

128 5040 245 5130 ρίαν.
277 5046 415 5117 ’Δρα
448 5047 511 5098 τὸ
541 5049 764 5118 ὀμνύειν
779 5053 1046 5124 ἁμαρτία.
1078 5040 1318 5130 Τοιαύτη
1345 5040 1514 5126 ὄντως
1543 5040 1690 5117 ἐστὶν

127 5126 330 5222 ᾑιψυχὴ,
359 5134 632 5189 τοσούτων
672 5139 831 5208 γέμει
865 5145 1214 5213 τραυμάτων,
1276 5126 1547 5204 τοσούτων
1576 5170 1690 5222 μω-

127 5213 313 5276 λώπιον.
365 5225 507 5278 Ἀλλ’
541 5225 643 5295 οὐχ
674 5229 1019 5299 όρᾷςςτοῦτο
1047 5233 1156 5305 γάρ
1189 5234 1250 5288 τὸ
1279 5236 1472 5292 δεινόν·
1510 5213 1688 5294 καίτοι

126 5305 436 5396 γεδύνασαι,
488 5313 583 5366 ἐὰν
610 5313 789 5386 θέλῃς,
823 5316 978 5389 δρᾷν·
1030 5320 1197 5374 ἔδωκε
1227 5325 1336 5395 γάρ
1377 5344 1457 5380 σοι
1483 5328 1686 5396 ὀφθαλ-

130 5393 449 5489 μρὺςόθεός.
503 5402 776 5489 Τοιούτοις
806 5405 1105 5478 ὀφθαλμοῖς
1131 5410 1277 5482 ἐώρα
1377 5393 1685 5489 προφητης,

126 5477 292 5573 λέγων·
349 5487 742 5555 Προσώζεσαν
775 5494 874 5548 καὶ
926 5477 1255 5564 ἐσάπησάν
1307 5504 1361 5555 οἱ

124 5583 222 5664 μου
245 5571 356 5626 ἀπὸ
385 5577 709 5664 προσώπου
732 5578 841 5648 τῆς
867 5581 1209 5654 ἀφροσύνης
1237 5607 1374 5657 μου.
1401 5571 1688 5664 Κατεςρροζ

128 5654 340 5728 νήσαμεν
369 5662 463 5716 τοῦ
513 5664 1038 5741 Θεοῦ,ὲμισήσαμεν
1065 5673 1127 5726 τὸ
1169 5654 1341 5746 ὄνομα
1399 5677 1460 5732 τὸ
1500 5654 1684 5749 καλὸν,

129 5753 556 5838 κατεπατήσαμεν
582 5755 673 5808 τὸν
694 5757 948 5828 Χριστὸν,
971 5761 1243 5834 ἐλύσαμεν
1276 5766 1376 5838 τὴν
1411 5770 1562 5834 αἰδῶ,
1605 5773 1688 5826 οὐ·

128 5826 218 5894 δεὶς
249 5838 380 5904 μετά
427 5842 589 5911 τιμῆς
623 5826 898 5916 μέμνηται
956 5849 1048 5902 τοῦ
1077 5826 1343 5923 ὀνόματος
1396 5857 1490 5911 τοῦ
1526 5826 1682 5915 όεοῦ.

140 6013 512 6143 ΰέπξὶῗιὲοιύω
554 6035 838 6092 corruptum
861 6034 1167 6086 restinximus
1201 6049 1262 6086 ex
1303 6037 1451 6091 Savil.
1501 6051 1551 6095 et
1585 6057 1685 6096 ma-

1827 552 1938 606 Καί
1964 555 2028 608 σὺ
2061 554 2164 626 μὲν
2191 555 2257 608 ἂν
2293 556 2455 627 φιλῇς
2472 573 2614 621 τινα,
2669 556 2764 609 καὶ
2789 555 2926 629 πρὸς
2957 558 3016 608 τὸ
3058 558 3229 627 ὄνομα
3263 558 3432 612 διανί-

1829 660 2046 699 στασαι·
2071 647 2164 699 τὸν
2191 646 2249 700 δί
2271 647 2405 700 Θεὸν
2429 646 2571 700 οὕτω
2629 648 2871 718 συνεχῶς
2898 649 3086 711 καλεῖς
3126 649 3201 712 ὡς
3251 651 3425 704 οὐδέν.

1829 741 2073 795 Κάλεσον
2105 743 2268 796 αὐτὸν
2302 742 2394 796 ἐπὶ
2423 744 2717 815 εὐεργεσίᾳ
2755 743 2976 815 ἐχθροῦ·
3018 743 3249 797 κάλεσον
3266 745 3430 798 αὐτὸν

1824 833 1917 886 ἐπὶ
1948 832 2193 905 σωτηρίᾳ
2233 833 2335 902 τῆς
2379 834 2478 904 σῆς
2507 833 2705 904 ψυχῆς·
2763 835 2886 887 τότε
2944 834 3252 904 παρέσται,
3306 835 3428 888 τότε

1822 923 2136 994 εὐφραίνεις
2153 924 2334 978 αὐτόν·
2369 924 2464 978 νῦν
2504 924 2562 977 δὲ
2594 924 2940 996 παροξύνεις.
2976 924 3224 978 Κάλεσον
3241 925 3426 987 αὐτὸν,

1822 1014 1899 1078 ὠς
1946 1016 2174 1069 ἐκάλεσε
2210 1017 2504 1084 Στέφανος,
2548 1015 2614 1068 Τί
2670 1015 2881 1084 λέγων;
2914 1016 3114 1085 Κύριε,
3157 1015 3245 1085 μὴ
3281 1016 3430 1081 στή-

1821 1119 1943 1174 σῃς
1969 1105 2173 1171 αὐτοῖς
2201 1104 2316 1173 τὴν
2346 1106 2640 1176 ἁμαρτίαν
2668 1106 2912 1172 ταύτην.
2946 1106 3194 1160 Κάλεσον
3240 1106 3426 1174 αὐτὸν,

1821 1195 1896 1261 ώς
1925 1199 2185 1252 ἐκάλεσεν
2214 1201 2248 1270 ἡ
2276 1198 2372 1251 τοῦ
2414 1199 2650 1252 Ἐλκανᾶ
2700 1197 2838 1267 γυνὴ
2867 1238 2882 1260 ,
2944 1197 3084 1267 μετὰ
3141 1197 3426 1270 δακρύων,

1825 1287 1966 1358 μετὰ
1996 1287 2230 1358 θρήνων,
2258 1287 2399 1359 μετὰ
2431 1288 2618 1358 εὐχῆς.
2647 1288 2721 1340 Οὐ
2750 1287 2966 1354 κωλύω,
3005 1286 3124 1360 [88]
3159 1287 3297 1341 ἀλλὰ
3329 1289 3426 1342 καὶ

1822 1383 2030 1454 σφόδρα
2051 1382 2303 1454 παραινῶ
2327 1383 2376 1438 ι’.
2405 1383 2651 1437 Κάλεσον
2677 1381 2842 1436 αὐτὸν
2873 1383 2948 1446 ώς
2986 1383 3216 1438 ἐκάλεσε
3255 1385 3424 1438 Μωῦ-

1819 1474 1939 1545 σῆς,
1961 1475 2056 1527 καὶ
2095 1474 2228 1529 ἐϐόα
2259 1474 2597 1546 παρακαλῶν
2629 1476 2770 1549 ὑπὲρ
2815 1476 2926 1529 τῶν
2961 1475 3425 1544 φυγαδευσάντων

1817 1567 2000 1622 αὐτόν.
2034 1568 2145 1620 Καὶ
2177 1569 2240 1621 σὺ
2291 1568 2388 1638 μὲν
2418 1568 2483 1622 ἄν
2517 1585 2662 1632 τινος
2709 1567 2956 1640 μνησθῇς
3016 1568 3200 1632 ἁπλῶς
3229 1569 3422 1641 ἀνδρὸς

1815 1659 2119 1732 αἰδεσίμου,
2158 1660 2318 1731 ὕϐρις
2343 1661 2402 1714 τὸ
2441 1663 2692 1732 πρᾶγμα·
2720 1661 2813 1714 τὸν
2841 1661 2898 1715 δὲ
2923 1661 3056 1715 Θεὸν
3081 1661 3419 1732 περιφέρων,

1814 1752 1875 1806 οὐ
1909 1753 2070 1824 μόνον
2099 1753 2307 1821 ἁπλῶς,
2344 1753 2482 1806 ἀλλὰ
2506 1754 2600 1808 καὶ
2656 1754 2904 1824 ἀκαίρως
2951 1756 3010 1808 ἐν
3032 1756 3147 1818 τοῖς
3188 1757 3300 1818 σοῖς
3328 1754 3420 1808 λό-

1812 1859 1952 1912 γοις,
1979 1843 2132 1897 οὐδὲν
2156 1843 2217 1896 τὸ
2240 1845 2474 1915 πρᾶγμα
2497 1840 2738 1912 νομίζεις
2760 1861 2772 1908 ;
2816 1845 2928 1898 Καὶ
2969 1844 3145 1915 πόσης
3169 1844 3292 1914 οὐχὶ
3323 1859 3417 1896 κο-

1812 1935 2022 1999 λάσεως
2041 1933 2189 2000 ἄξιος
2205 1935 2270 1990 ἂν
2285 1935 2425 2006 είης;
2449 1936 2523 1988 Οὐ
2542 1935 2735 1988 κωλύω
2750 1935 2843 1989 τὸν
2865 1935 2997 1989 Θεὸν
3017 1935 3106 2006 ἔχε
3116 1953 3162 1988 ιν
3189 1935 3420 1990 διαπαν-

1810 2027 1901 2092 τὸς
1921 2030 1977 2081 ἐν
1994 2029 2204 2100 διανοίᾳ
2251 2029 2428 2098 (τοῦτο
2454 2030 2561 2101 γάρ
2586 2030 2683 2082 καὶ
2724 2028 2954 2099 εὐχομαι
2981 2031 3076 2083 καὶ
3105 2028 3412 2099 βούλομαι),

1812 2120 1946 2174 ἀλλὰ
1973 2121 2048 2192 μὴ
2091 2122 2242 2192 παρὰ
2265 2123 2328 2174 τὸ
2376 2122 2570 2176 δοκοῦν
2602 2123 2774 2194 αὐτῷ,
2801 2123 2919 2177 ἁλλ’
2941 2122 3217 2189 αἰνοῦντα,
3279 2123 3418 2178 ἀλλὰ

1809 2208 2074 2278 τιμῶντα.
2095 2211 2323 2278 Μεγάλα
2345 2211 2410 2265 ἂν
2434 2210 2592 2264 τοῦτο
2627 2214 2923 2284 εἰργάσατο
2959 2214 3092 2283 ἡμῖν
3116 2212 3319 2282 ἀγαθά,
3364 2215 3415 2267 εἰ

1809 2301 1897 2355 ὅτε
1921 2301 2049 2366 ἔδει,
2068 2304 2161 2356 καὶ
2184 2305 2268 2370 ἐφ’
2299 2296 2379 2366 οἷς
2407 2303 2514 2355 ἔδει
2557 2304 2718 2373 μόνον
2753 2304 3059 2376 ἐκαλοῦμεν
3082 2305 3265 2359 αὐτόν.
3316 2305 3414 2359 Διὰ

1810 2393 1881 2457 τί,
1905 2393 2028 2446 εἰπέ
2059 2411 2171 2464 μοι,
2200 2395 2293 2447 ἐπὶ
2323 2395 2421 2465 μὲν
2445 2393 2557 2447 τῶν
2604 2395 2917 2449 ἀποστόλων
2964 2397 3226 2450 τοσαῦται
3254 2396 3414 2451 δυνά-

1810 2503 1930 2557 μεις
1951 2487 2216 2555 ἐγίνοντο,
2243 2488 2336 2541 ἐπὶ
2359 2487 2415 2542 δὲ
2435 2487 2595 2558 ἡμῶν
2620 2488 2742 2559 οὐχί
2763 2505 2778 2554 ;
2811 2489 2990 2544 καίτοι
3017 2490 3046 2542 ό
3070 2489 3236 2553 αὐτός
3295 2493 3412 2545 ἐστι

1804 2577 1959 2644 Θεὸς,
1991 2578 2050 2632 τὸ
2081 2579 2212 2632 αὐτὸ
2243 2578 2432 2650 ὄνομα.
2467 2577 2612 2632 Ἀλλ’
2630 2579 2730 2634 οὐκ
2756 2579 2905 2635 ἐστιν
2927 2581 3062 2635 τσον.
3095 2581 3254 2646 Πῶς;
3287 2582 3410 2637 Ὀτι

1805 2671 2002 2724 ἐκεῖνοι
2022 2671 2123 2740 μὲν
2147 2671 2238 2724 ἐπὶ
2249 2670 2462 2735 τούτοις
2490 2681 2535 2737 ε,
2555 2665 2637 2736 οἷς
2665 2666 2840 2737 εἷπον,
2872 2672 3035 2726 αὐτὸν
3061 2672 3291 2726 ἐκάλουν
3311 2673 3410 2744 μό-

1804 2783 1914 2818 νον·
1963 2765 2127 2835 ἡμεῖς
2147 2765 2204 2818 δέ
2229 2765 2329 2818 οὐκ
2363 2765 2458 2818 ἐπὶ
2493 2764 2727 2830 τούτοις,
2758 2765 2875 2818 ἀλλ’
2909 2767 2996 2818 ἐπ’
3027 2766 3233 2830 ἄλλοις.
3264 2767 3326 2819 Εἰ
3353 2766 3410 2819 δὲ

1803 2859 2042 2924 ἀπιστεῖ,
2078 2857 2174 2911 καὶ
2203 2857 2292 2912 διὰ
2319 2857 2478 2912 τοῦτο
2503 2857 2746 2929 όμνύεις,
2777 2858 2904 2928 λέγε
2939 2858 3056 2930 μὲν,
3086 2859 3406 2915 Πίστευσον·

1805 2948 1946 3019 πλὴν
1975 2949 2024 3001 εἰ
2077 2947 2279 3019 βούλει,
2302 2949 2502 3020 ὄμοσον
2538 2950 2681 3003 κατὰ
2730 2949 2952 3004 σαυτοῦ.
2977 2949 3093 3003 Οὐκ
3119 2951 3409 3021 ἀντινομο-

1803 3036 1973 3091 θετῶν
1994 3038 2070 3108 τῷ
2092 3037 2314 3109 Χριστῷ
2334 3037 2498 3106 λέγω,
2508 3039 2584 3112 μὴ
2597 3039 2826 3106 γένοιτο·
2851 3039 3051 3093 Ἔστω
3071 3039 3200 3109 γὰρ,
3218 3040 3405 3110 φησὶν,

1801 3128 1970 3197 ὑμῶν
1992 3131 2059 3182 τὸ
2086 3129 2222 3195 Ναί,
2252 3129 2373 3193 ναὶ,
2405 3130 2503 3184 καί
2525 3131 2593 3184 τύ
2628 3129 2733 3196 Oi),
2765 3129 2857 3184 οὔ·
2883 3128 3018 3182 ἀλλά
3037 3128 3409 3197 συγκαταϐαί-

1801 3221 2072 3290 νωνύμῖν,
2100 3221 2188 3273 ἵνα
2226 3221 2430 3291 μᾶλλον
2449 3223 2528 3285 εἰς
2551 3221 2713 3275 τοῦτο
2765 3222 2912 3291 ὑμᾶς
2978 3220 3257 3289 ἐναγάγω,
3315 3221 3408 3273 καὶ

1799 3307 1899 3376 τῆς
1921 3305 2208 3376 συνηθείας
2222 3305 2498 3374 ἁπαγάγω
2523 3304 2625 3374 τῆς
2649 3305 3001 3377 τυραννικῆς.
3021 3305 3188 3360 Πόσοι
3212 3306 3269 3359 ἐν
3293 3306 3409 3368 τοῖς

1800 3396 1980 3460 ἄλλοις
1995 3394 2416 3466 εὐδοκιμοῦντες
2449 3395 2732 3450 ἀπώλοντο
2761 3396 2870 3450 άπὸ
2893 3395 3099 3451 τούτων
3122 3397 3232 3449 τῶν
3265 3413 3407 3466 πρα-

1799 3488 2062 3560 γμάτων;
2089 3488 2352 3542 Βούλεσθε
2390 3489 2603 3559 μαθεῖν,
2625 3486 2713 3542 διὰ
2733 3489 2785 3541 τί
2805 3487 3146 3559 συνεχώρουν
3168 3489 3282 3551 τοῖς
3308 3489 3406 3557 ἀρ-

1799 3583 1975 3654 χαίοις
2002 3580 2256 3653 όμνύειν;
2286 3581 2586 3651 (ἐπιορκεῖν
2613 3579 2723 3649 γάρ
2757 3579 2878 3633 οὐδέ
2932 3580 3168 3642 ἐκείνοις
3208 3595 3408 3646 συγκει

1799 3673 2082 3747 χώρητο·).
2132 3673 2352 3744 Ἐπειδὴ
2399 3675 2458 3725 ἐν
2485 3675 2598 3736 τοῖς
2625 3672 2863 3736 εἰδώλοις
2894 3671 3129 3742 ὤμνυον.
3163 3671 3277 3723 Οὐκ
3322 3673 3408 3723 αἰ-

1800 3761 2062 3834 σχύνεσθε
2084 3763 2293 3825 τούτοις
2316 3762 2650 3832 ἐμμένοντες
2687 3765 2804 3824 τοῖς
2855 3763 3064 3833 νόμοις,
3100 3756 3182 3825 οἷς
3205 3763 3406 3816 ἐκεῖνοι

1797 3857 2056 3925 ἐνήγοντο
2082 3855 2131 3908 οἱ
2164 3853 2445 3917 άσθενεῖς;
2474 3853 2632 3908 Ἐπεὶ
2655 3853 2747 3906 καὶ
2781 3853 2874 3907 νῦν
2904 3852 3147 3924 Ἕλληνα
3179 3854 3276 3907 ἐὰν
3305 3854 3404 3907 λά-

1798 3947 1897 4013 ϐω,
1921 3948 2020 4001 οὐκ
2041 3947 2244 4010 εὐθέως
2272 3945 2421 4018 αὐτῷ
2447 3948 2732 4001 ἐπιτάσσω
2764 3947 2948 4011 τοῦτο,
3001 3946 3140 4000 ἀλλὰ
3163 3947 3302 4010 τέως
3325 3951 3404 4000 εἰ-

1796 4040 1942 4094 δέναι
1961 4041 2052 4093 τὸν
2079 4038 2314 4111 λριστὸν
2340 4037 2611 4110 παραινῶ·
2651 4041 2679 4092 ό
2733 4040 2790 4092 δὲ
2822 4039 3014 4102 πιστὸς
3046 4039 3142 4090 καὶ
3213 4039 3404 4108 μαθὼν

1796 4132 1959 4186 αὐτὸν
1983 4134 2079 4184 καὶ
2111 4130 2373 4196 ἀκούσας,
2406 4132 2457 4183 εἰ
2510 4131 2696 4202 μέλλοι
2724 4131 2824 4200 τῆς
2855 4131 3026 4202 αὐτῆς
3066 4130 3143 4200 τῷ
3176 4130 3402 4200 Ἕλληνι

1797 4224 2261 4291 συγκαταϐάσεως
2291 4223 2522 4286 δεῖσθαι,
2552 4223 2603 4277 τί
2630 4223 2689 4278 τὸ
2710 4224 2937 4293 δφελος;
2995 4228 3145 4277 ποῖον
3173 4223 3234 4276 τὸ
3266 4225 3403 4294 κέρ-

1794 4316 1919 4382 δος;
1964 4314 2448 4387 Ἀλλ’ἡσυνήθεια
2495 4315 2754 4386 χαλεπὸν,
2797 4317 2893 4368 καὶ
2922 4315 3402 4379 δυσαποσπάστως

1795 4411 1936 4482 ἔχεις
1959 4411 2200 4476 ;Ούκοῦν
2221 4411 2344 4463 ἐπεὶ
2370 4409 2608 4476 τοσαύτη
2629 4409 2727 4479 τῆς
2753 4408 3042 4481 συνηθείας
3067 4411 3398 4481 ἡτυραννὶς,

1794 4505 1872 4567 εἰς
1904 4503 2096 4574 ἑτέραν
2123 4502 2292 4572 αὐτὴν
2313 4503 2595 4572 μετάγαγε
2629 4503 2941 4573 συνήθειαν.
2972 4503 3082 4555 Καὶ
3112 4502 3230 4566 πῶς
3248 4503 3409 4584 δυνα;

1792 4599 1918 4666 τόν;
1956 4597 2140 4668 φησίν,
2184 4597 2258 4656 κο,
2281 4596 2542 4658 πολλάκις
2573 4591 2744 4660 εἷπον,
2777 4594 2934 4649 τοῦτο
2959 4595 3054 4649 καὶ
3080 4594 3176 4648 νῦν
3231 4595 3396 4664 λέγω·

1798 4693 2081 4745 Ἔστωσαν
2120 4687 2366 4756 λογισταὶ
2398 4687 2506 4740 τῶν
2547 4686 2861 4758 λεγομένων
2893 4687 3112 4750 πολλοὶ,
3155 4687 3399 4741 ἔστωσαν

1793 4783 2078 4849 ἐξετασταὶ
2119 4783 2212 4836 καί
2253 4779 2562 4852 διορθωταί.
2624 4781 2738 4834 Οὐκ
2764 4779 2913 4833 ἔστιν
2947 4780 3178 4850 αἰσχύνη
3224 4780 3284 4833 τὸ
3307 4781 3397 4848 ὑφ’

1793 4878 1994 4949 ἐτέρων
2015 4874 2382 4948 διορθοῦσθαι·
2414 4874 2616 4944 μᾶλλον
2643 4874 2744 4943 μὲν
2777 4869 2870 4926 οῦν
2904 4873 3137 4943 αἰσχύνη
3156 4873 3217 4926 τὸ
3245 4874 3398 4926 ἀπω-

1794 4969 2003 5023 θεῖσθαι
2036 4971 2160 5031 τοὺς
2183 4964 2552 5037 διορθοῦντας,
2595 4966 2690 5017 καὶ
2714 4965 2804 5017 ἐπὶ
2845 4963 3020 5036 βλάϐῃ
3064 4965 3163 5033 τῆς
3187 4963 3397 5026 οἰκείας

1795 5061 2070 5132 σωτηρίας
2097 5060 2254 5113 τοῦτο
2281 5062 2474 5111 ποιεῖν.
2516 5057 2626 5110 Καὶ
2673 5059 2737 5109 σὺ
2793 5057 2892 5124 μὲν
2947 5055 3046 5125 τὴν
3084 5056 3288 5125 ἐσθῆτα
3328 5055 3396 5109 ἂν

1794 5152 2024 5216 ἐναλλὰξ
2048 5150 2342 5222 περιϐάλῃ,
2391 5151 2485 5203 καὶ
2514 5149 2680 5202 παῖδα
2704 5148 3027 5218 ἐπιτρέπεις
3075 5147 3393 5218 διορθῶσαι,

1793 5247 1886 5299 καὶ
1915 5245 2016 5298 οὐκ
2043 5243 2272 5314 αἰσχύνῃ
2298 5243 2654 5313 παρ’ὲκείνου
2691 5240 3002 5310 μανθάνων,
3050 5240 3229 5293 καίτοι
3252 5257 3311 5308 γε
3337 5243 3394 5292 ἐν

1792 5338 1964 5409 τούτῳ
1997 5336 2164 5390 πολλὴ
2197 5338 2230 5406 ὴ
2259 5335 2510 5405 αἰσχύνη·
2568 5332 2802 5388 ἐνταῦθα
2842 5333 2899 5386 δὲ
2938 5332 3034 5403 τὴν
3055 5332 3233 5403 ψυχὴν
3268 5332 3388 5401 βλαο

1792 5435 2080 5501 πτάμενος,
2113 5429 2379 5501 αἰσχύνῃ,
2424 5427 2547 5481 εἰ.πέ
2604 5446 2717 5498 μοι,
2741 5429 2869 5497 παρ’
2927 5427 3117 5497 ἐτέρου
3166 5427 3391 5479 παιδεύ-

1790 5528 1980 5591 εσθαι;
2010 5527 2106 5579 καί⁵
2123 5524 2435 5595 κοσμοῦντα
2461 5524 2558 5592 μέν
2592 5541 2651 5576 σε
2679 5524 2809 5595 περί
2841 5523 2942 5594 τὴν
2972 5525 3177 5595 ἐσθῆτα
3203 5525 3393 5593 φέρεις

1789 5616 1880 5669 τὸν
1903 5616 2121 5686 οἰκέτην
2152 5617 2244 5668 καὶ
2284 5613 2606 5677 ὑποδοῦντα,
2634 5614 2942 5685 κοσμοῦντα
2992 5614 3050 5668 δέ
3080 5615 3180 5684 τὴν
3210 5614 3392 5685 ψυχὴν

1789 5709 1848 5759 οὐ
1875 5708 2060 5777 φέρεις
2082 5724 2096 5771 ;
2116 5708 2227 5759 Καὶ
2245 5705 2416 5775 πόσης
2443 5706 2505 5757 οὐ
2535 5705 2710 5759 ταῦτα
2740 5704 2962 5769 ἁνοίας;
3003 5705 3188 5757 Ἔστω
3206 5705 3300 5758 καὶ
3320 5707 3393 5758 ol-

1791 5800 1954 5872 κέτης
1983 5800 2187 5853 τούτων
2225 5798 2566 5862 διδάσκαλος,
2622 5798 2761 5850 ἔστω
2793 5799 2886 5851 καὶ
2937 5799 3147 5852 παιδίον
3177 5839 3189 5862 ,
3251 5797 3394 5852 ἔστω

1854 6043 1880 6082 h
1909 6042 2044 6116 L'nus:
2068 6044 2247 6116 σφόδρα
2269 6042 2500 6116 βούλομαι
2527 6044 2604 6090 καὶ
2629 6044 2860 6106 παραινῶ.
2935 6050 2952 6070 "
2970 6043 3069 6092 Alii
3095 6045 3216 6092 ἴσον.
3235 6041 3392 6092 Ἐκεῖ-

1795 6123 1866 6154 νοι
1892 6107 1974 6167 μὲν
1997 6106 2085 6166 γάρ
2109 6105 2183 6153 ἐπὶ
2201 6105 2400 6160 τούτοις.
