4092 6546
135 463 194 515 Si;
1082 432 1148 489 IN
1187 429 1366 486 ACTA
1410 417 1933 480 APOSTOLORUM.
1976 414 2210 471 llOM'tL.
2253 409 2344 467 XI.
3330 398 3403 453 εδ

132 565 263 639 pudet
280 562 334 618 ab
355 560 465 615 alio
490 554 741 613 erudiri?
767 560 823 608 et
850 564 1065 604 servum
1098 544 1206 601 fers
1227 552 1279 597 te
1314 542 1456 595 circa
1480 544 1685 590 vestem

129 627 362 713 amantem
388 659 448 706 et
483 648 825 704 calceantem
851 684 867 708 ,
915 654 1041 695 eum
1089 645 1271 689 autem
1318 630 1409 701 qui
1451 627 1687 682 animam

129 760 250 803 utam
272 753 409 801 ornat
444 758 559 797 non
588 735 870 793 sustines?
913 733 978 787 Et
1015 737 1229 801 quanta:
1274 724 1379 778 bne
1410 734 1518 774 nou
1563 717 1691 771 insi-

124 838 310 911 pientia:
334 834 485 891 fuerit
509 836 527 888 ι
550 831 635 886 Sit
661 838 719 884 et
745 840 937 883 servus
962 822 1174 882 doctor,
1205 818 1275 871 sit
1304 810 1581 884 puerulus,
1619 808 1693 861 sit

123 901 261 999 uxor,
282 931 344 986 sit
358 928 567 983 amicus
590 925 633 991 ί,
656 928 937 991 cognatus,
959 914 1189 969 vicinus.
1211 908 1363 964 Sicut
1381 903 1526 959 enim
1554 901 1690 963 fera,

118 1040 227 1093 qua:
246 988 475 1089 undique
496 988 751 1087 pelli-tur,—
766 1026 874 1065 non
903 1013 1079 1078 potest
1099 1002 1339 1072 ell'ugere
1368 1014 1382 1049 :
1411 994 1489 1093 sic
1511 993 1579 1056 is,
1600 988 1693 1093 qui

115 1082 189 1170 tot
213 1114 362 1170 habet
384 1082 663 1174 custodes,
704 1112 788 1159 tot
814 1108 1173 1158 correctores,
1217 1092 1309 1163 qui
1347 1086 1585 1156 undique
1612 1082 1693 1137 le-

113 1212 259 1273 riant,
287 1222 388 1262 non
425 1209 607 1275 potest
627 1215 735 1255 non
758 1197 860 1252 sibi
901 1206 1113 1248 cavere.
1141 1187 1210 1242 Et
1252 1184 1427 1275 primo
1474 1174 1691 1275 quidem

111 1266 649 1423 ,
689 1266 1695 1341 etsermdoctor,sitamicus,omissis

108 1375 152 1410 In
248 1372 332 1409 αι

105 1489 363 1505 ,_..____

368 1444 2023 1497 _____________________________

1794 532 1882 587 die
1912 546 2054 601 :rgre
2089 531 2227 584 feret
2264 536 2424 595 atque
2457 525 2509 579 in
2545 520 2785 579 secundo
2822 528 2878 575 ct
2917 519 3079 576 tertio
3114 535 3129 571 :
3159 526 3215 572 at
3250 518 3412 575 deiu-

1794 635 1925 691 ceps
1962 635 2053 675 res
2074 620 2174 674 erit
2206 616 2436 681 facilior,
2467 625 2523 669 et
2554 622 2675 683 post
2698 621 2949 684 quartum
2985 626 3093 665 non
3128 610 3271 667 idem
3299 608 3406 664 erit

1796 712 2092 782 negotium.
2115 708 2419 765 Periculum
2449 706 2629 769 facite.
2658 708 2702 760 si
2728 704 2947 776 quidem
2979 718 3091 757 non
3121 703 3362 758 credatis
3389 719 3402 757 :

1796 820 1979 862 curam
2009 804 2228 865 habete,
2259 800 2512 856 obsecro.
2558 797 2675 853 Non
2706 809 2789 852 est
2812 798 2933 851 leve
2964 806 3268 866 peccatum,
3310 810 3409 849 ne~

1796 915 1903 970 que
1929 899 2066 954 levis
2093 894 2397 958 correctio;
2440 891 2537 947 sed
2574 893 2828 962 utrinque
2873 905 3127 961 magnum
3172 904 3269 944 seu
3313 888 3411 941 bo-

1798 1006 1927 1046 num
1953 1005 2048 1044 seu
2081 988 2314 1041 malum.
2333 984 2551 1041 Utinam
2584 984 2786 1038 bonum
2824 981 2938 1045 ﬁat,
2970 981 3143 1052 gratia
3171 988 3228 1035 et
3257 980 3413 1035 beni-

1797 1084 2001 1153 gnitate
2030 1078 2241 1135 Domini
2270 1076 2440 1133 nostri
2465 1075 2593 1131 Iesu
2621 1074 2847 1137 Christi,
2895 1073 3114 1142 quicum
3158 1073 3305 1127 Patci
3357 1081 3415 1126 ει

1798 1172 2022 1243 Spiritui
2044 1179 2236 1225 sancto
2256 1167 2450 1239 gloria,
2474 1166 2787 1236 imperium,
2809 1164 3007 1231 honor,
3032 1176 3183 1218 nunc
3210 1168 3412 1216 ctsem-

1799 1281 1921 1336 per,
1951 1274 2005 1319 et
2037 1263 2089 1316 in
2116 1262 2313 1315 stocula
2350 1258 2697 1315 saeculorum.
2729 1260 2926 1313 Amen.

3233 1438 3414 1454 ’—

1508 1522 1863 1593 HOMILIA
1903 1521 2023 1583 XI.

100 1711 220 1765 Car.
247 1709 307 1763 4.
338 1722 392 1759 v.
422 1704 513 1759 23.
552 1700 763 1754 Dimissi
789 1704 959 1749 autem
983 1697 1224 1746 venerunt
1244 1686 1313 1740 ad
1342 1695 1498 1745 suos;
1528 1686 1576 1730 et
1596 1691 1704 1727 an-

166 1798 529 1853 nnntiauenutt
550 1792 642 1855 eis,
672 1796 864 1858 quanta
887 1782 957 1838 ad
981 1798 1065 1838 eos
1095 1779 1351 1851 principes
1377 1768 1698 1827 sacerdotum

163 1905 210 1949 et
237 1890 467 1946 seniora
487 1883 752 1939 dixissent.

166 2065 218 2118 I.
259 2060 385 2117 Non
423 2069 558 2113 vana
597 2050 770 2124 gloria
816 2046 949 2103 moti
995 2048 1253 2098 narrant:
1298 2035 1388 2107 qui
1413 2026 1699 2124 enimAﬁerl

101 2150 377 2227 potuerit?
427 2146 522 2203 sed
556 2120 878 2214 haacgratiz
904 2135 1105 2192 Christi
1134 2139 1261 2187 sunt
1287 2126 1506 2182 iudicia.
1682 2159 1699 2183 ,

100 2212 459 2319 quacumque
498 2238 575 2293 illi
616 2212 901 2297 dixerant,
946 2232 1239 2284 enarrant:
1285 2235 1382 2277 sua
1404 2232 1534 2271 vero
1557 2212 1701 2266 dicta

103 2311 220 2394 licet
242 2311 602 2408 praetereant,
632 2329 758 2383 hinc
787 2335 965 2380 tamen
992 2318 1253 2389 majorem
1280 2311 1530 2367 ﬁduciam
1551 2320 1703 2359 assu-

103 2402 274 2485 ntunl.
299 2426 376 2481 Et
404 2419 681 2494 perpende
701 2460 717 2484 ,
741 2412 1016 2487 quomodo
1044 2422 1263 2465 rursum
1287 2402 1358 2458 ad
1388 2413 1574 2455 verum
1605 2410 1704 2448 au-

103 2524 287 2577 xilium
317 2514 660 2585 confugiant,
687 2509 756 2563 ad
773 2504 1077 2573 subsidium
1099 2499 1382 2562 invictum,
1410 2508 1474 2547 ac
1492 2502 1705 2545 rursum

102 2612 433 2669 unanimiter
455 2618 512 2664 et
544 2620 665 2661 cum
688 2601 870 2658 studio
895 2618 909 2652 :
935 2611 1111 2667 neque
1135 2593 1281 2649 enim
1303 2599 1389 2645 est
1413 2585 1587 2642 oratio
1608 2592 1697 2637 ut—

103 2722 337 2776 cumque
394 2703 618 2757 emissa.
657 2697 751 2752 24.
800 2694 903 2762 Qui
931 2708 1044 2747 cunt
1072 2688 1367 2751 audissent,
1400 2679 1709 2736 unanimiter

104 2771 396 2853 ιικυξηηι
418 2808 594 2848 uocem
614 2792 682 2843 ad
706 2788 894 2852 Deum,
916 2795 964 2839 et
992 2784 1252 2838 dixerunt.
1278 2776 1412 2833 Vide
1436 2789 1595 2845 quam
1623 2771 1711 2824 di-

104 2891 336 2959 ligenter
408 2886 545 2939 ﬁant
591 2883 807 2937 illorum
867 2891 1076 2948 preces.
1124 2871 1351 2942 Quando
1406 2866 1711 2937 apostolatn

105 2954 327 3051 dignum
369 2975 590 3032 ostendi
624 2973 726 3028 sibi
773 2970 1060 3040 petebant,
1112 2966 1191 3019 sic
1236 2960 1534 3017 dicebant:
1595 2954 1709 3018 ru,

110 3047 357 3137 Domine,
383 3070 477 3142 qui
502 3066 661 3121 corda
687 3065 820 3118 nosti
846 3061 1076 3117 omnium
1100 3100 1114 3123 ,
1142 3055 1348 3112 ostende
1372 3054 1509 3126 (Act.
1539 3051 1589 3104 l.
1616 3047 1711 3115 24)

107 3164 202 3231 (ibi
230 3140 750 3230 enim'pratscientia
780 3168 917 3223 opus
932 3151 1072 3220 erat)
1098 3166 1110 3200 :
1143 3148 1231 3203 hic
1258 3158 1412 3208 vero,
1454 3142 1581 3213 quia
1612 3140 1713 3194 ad-

109 3255 480 3310 versariorum
518 3264 615 3306 ora
649 3246 856 3303 ειηιωί
882 3241 1204 3314 oportebat,
1233 3239 1303 3294 de
1327 3235 1605 3293 dominatu
1633 3232 1714 3286 lo-

110 3357 386 3419 qunntnr;
420 3344 542 3399 ideo
562 3342 643 3398 sic
663 3341 773 3396 orsi
800 3348 926 3393 sunt
954 3356 969 3391 :
1016 3334 1234 3389 Domine
1258 3329 1422 3394 Deut,
1450 3328 1537 3396 qui
1556 3323 1719 3395 fecisti

111 3444 288 3495 calum
313 3483 331 3503 ,
370 3450 418 3494 et
450 3449 639 3493 terram
659 3478 674 3500 ,
704 3445 753 3489 et
783 3448 952 3498 mare,
977 3442 1026 3483 ct
1046 3429 1218 3483 oninia
1241 3441 1355 3497 qua:
1382 3425 1435 3476 iu
1462 3423 1533 3476 eis
1554 3429 1672 3474 sunt
1700 3434 1718 3472 :

111 3536 197 3589 25.
221 3534 313 3605 qui
336 3548 432 3601 per
453 3546 511 3584 os
528 3528 700 3583 Darid
716 3525 863 3595 pueri
884 3523 959 3576 tui
969 3521 1146 3575 dixisti
1170 3534 1189 3572 :
1214 3516 1390 3582 Quare
1405 3518 1721 3585 [notuerunt

114 3604 305 3697 gentes,
340 3634 390 3677 et
414 3622 594 3693 pepuli
620 3616 853 3672 meditati
877 3623 998 3669 sunt
1032 3611 1251 3666 inania?
1274 3608 1368 3663 26.
1398 3604 1714 3659 Adstiterunt

115 3736 250 3788 reges
275 3728 434 3773 terra
462 3725 511 3769 ct
555 3713 815 3783 principes
842 3715 1183 3763 convenerunt
1206 3705 1263 3757 in
1291 3717 1449 3756 unum
1478 3698 1725 3751 adversus

121 3809 402 3862 Dominum
430 3814 481 3859 et
500 3804 747 3857 adversus
773 3798 1030 3855 Christum
1069 3797 1179 3865 ejus
1209 3793 1383 3865 (Psal.
1414 3792 1508 3851 2i.
1535 3788 1619 3859 2).
1648 3788 1726 3842 Ac

117 3900 160 3953 si
188 3910 350 3970 pacta
381 3913 412 3951 a
441 3897 554 3951 Deo
574 3894 878 3964 exigerent,
898 3887 1238 3961 prophetiam
1267 3885 1320 3938 in
1343 3881 1579 3937 medium
1598 3876 1729 3932 al'fe-

119 4002 259 4053 mut,
293 3990 512 4059 scipsas
554 3986 716 4041 simul
740 3981 1118 4044 consolantes,
1144 3976 1286 4047 quod
1323 3977 1505 4030 omnia
1533 3973 1728 4026 frustm

119 4083 457 4136 meditemur
502 4077 729 4133 inimici.
782 4076 895 4128 lloc
932 4084 1112 4124 autem
1154 4067 1461 4138 signiﬁcare
1500 4064 1725 4118 volunt:

120 4173 213 4227 Illa
245 4172 302 4225 in
346 4170 589 4224 medium
638 4167 840 4237 profer,
869 4172 925 4217 ct
952 4159 1180 4218 ostende
1218 4157 1361 4228 quod
1395 4170 1531 4211 vana
1561 4153 1732 4209 medi-

120 4264 213 4317 tati
245 4264 388 4319 sint.
408 4260 501 4314 27.
532 4276 556 4313 ι
579 4258 968 4312 Conrenerunt
985 4251 1131 4309 enim
1152 4266 1276 4305 vere
1304 4250 1357 4303 in
1386 4249 1606 4304 civitate
1628 4247 1728 4301 ista

120 4355 389 4410 adversus
414 4358 661 4407 sanctum
693 4347 923 4401 Puerum
955 4353 1103 4398 tuum
1131 4341 1337 4409 Jesum,
1366 4355 1527 4411 quem
1582 4339 1734 4394 unsio

118 4450 212 4511 sti,
231 4443 486 4501 Herodes
502 4452 560 4496 et
580 4439 802 4496 Pontius
825 4437 1028 4492 Pilatus
1039 4450 1161 4490 cum
1182 4434 1433 4505 gentibus
1453 4443 1507 4488 et
1524 4432 1735 4502 populis

122 4538 327 4603 lsrael,
376 4537 473 4591 23.
520 4542 581 4588 ut
622 4532 866 4588 lacerent
909 4542 1265 4599 quacumque
1310 4542 1501 4581 manus
1546 4534 1635 4580 tua
1680 4534 1738 4580 et

121 4632 420 4687 consilium
445 4637 596 4683 tuum
623 4626 739 4680 ﬁeri
764 4624 1069 4696 pratﬁnivit.
1092 4622 1183 4678 29.
1211 4623 1275 4677 Et
1296 4637 1461 4688 nunc,
1486 4621 1732 4686 Domine,

123 4724 346 4794 respice
386 4722 443 4776 in
484 4721 661 4775 minas
698 4733 941 4773 eorum»
996 4716 1186 4771 Vidcn'
1213 4715 1613 4786 phiIOSOpbiam
1636 4756 1651 4779 ,
1684 4722 1741 4770 et

123 4814 410 4885 quomodo
436 4812 524 4867 his
543 4826 650 4866 non
678 4810 1044 4879 imprecentur
1065 4809 1240 4863 mala?
1265 4808 1436 4864 Minas
1456 4808 1739 4878 speciatim

125 4925 234 4965 non
280 4913 693 4977 exposuerunt,
739 4902 837 4957 sed
876 4902 1063 4957 dicunt
1107 4909 1311 4955 tantum
1356 4900 1478 4954 illos
1505 4901 1741 4954 minutos

122 5018 251 5058 esse
284 5018 301 5055 :
328 5015 457 5054 nam
478 4995 803 5065 compendio
829 4996 1067 5066 loquitur
1086 4994 1336 5063 scriptor.
1371 4993 1439 5046 Et
1464 4993 1606 5058 vide,
1632 5008 1739 5047 non

123 5098 425 5160 dixerunt,
472 5092 729 5159 Dirumpe
773 5089 893 5144 illos
913 5132 929 5154 ,
960 5088 1138 5158 dejice
1160 5086 1323 5151 illos;
1356 5087 1451 5141 sed
1479 5087 1646 5157 quid?
1674 5086 1743 5140 Et

125 5189 195 5241 da
218 5185 386 5242 seruis
413 5183 516 5237 tuis
535 5198 654 5236 cum
675 5182 815 5234 enini
843 5180 1037 5249 fiducia
1066 5178 1202 5249 loqui
1232 5179 1436 5232 uerbum
1457 5188 1622 5232 tuum.
1652 5180 1743 5234 Sic

126 5292 232 5332 nos
260 5291 487 5346 quoque
511 5273 783 5329 discamus
809 5287 988 5327 orare.
1020 5271 1137 5325 Etsi
1166 5287 1275 5341 quo
1299 5287 1407 5326 non
1437 5272 1617 5326 lurore
1640 5273 1744 5326 im-

127 5372 348 5441 pleatur
367 5371 459 5440 qui
482 5370 535 5423 in
565 5368 713 5423 viros
741 5366 930 5422 incidit
956 5365 1414 5441 occidere‘ipsum
1446 5376 1708 5421 conantes
1726 5411 1741 5433 ,

123 5476 179 5517 et
218 5463 355 5516 talia
386 5438 749 5518 minitantes?
770 5460 841 5513 Et
876 5474 985 5529 quo
1017 5473 1124 5513 non
1158 5438 1285 5512 odio
1309 5459 1635 5527 impleatur?
1681 5462 1747 5514 At

124 5570 237 5609 non
273 5554 357 5610 sic
396 5555 449 5610 bi
483 5555 686 5611 sancti.
720 5551 809 5607 30.
839 5550 979 5605 lneo
1007 5551 1146 5621 quod
1172 5568 1378 5603 manant
1404 5562 1546 5605 tuam
1572 5564 1746 5606 exten-

126 5652 223 5703 das
275 5652 347 5703 ad
378 5651 649 5714 sanitates,
696 5658 745 5701 et
789 5648 937 5717 signa
972 5657 1021 5700 et
1047 5645 1284 5716 prodigia
1307 5646 1419 5713 ﬁeri
1445 5664 1535 5715 per
1562 5662 1746 5700 nomen

123 5745 297 5797 sancti
338 5744 499 5801 Pueri
528 5745 609 5799 tui
635 5740 793 5795 Iesu.
822 5738 880 5795 Si
908 5740 962 5793 in
994 5720 1215 5793 nomine
1244 5739 1340 5791 illo
1384 5738 1523 5793 ﬁunt
1554 5756 1748 5808 opera-

124 5837 323 5909 ιξοηρς,
373 5840 547 5913 inqua
575 5880 593 5903 ,
636 5847 839 5903 magna
868 5834 969 5887 erit
1011 5832 1262 5900 loquendi
1310 5831 1523 5885 ﬁducia.
1560 5834 1647 5887 5|.
1684 5834 1749 5887 Et

116 5949 221 5991 cum
249 5948 502 6003 orassent,
536 5941 722 5989 niam:
760 5937 834 5979 cst
872 5926 1035 5990 locus,
1063 5924 1113 5977 in
1146 5941 1241 5995 quo
1265 5935 1405 5978 erant
1431 5930 1744 5996 congregati.

1806 1667 1926 1735 Quo
1956 1665 2080 1720 illos
2102 1664 2390 1720 exauditos
2418 1679 2540 1719 csse
2561 1673 2617 1718 et
2634 1664 2875 1719 divinam
2908 1664 3027 1721 ﬁeri
3049 1666 3415 1722 visitationem

1806 1755 2226 1827 signiﬁcabatur.
2244 1753 2314 1807 Et
2330 1753 2512 1825 repleti
2526 1764 2641 1810 sunt
2652 1772 2827 1809 omnes
2847 1756 3049 1827 Spiritu
3058 1770 3252 1813 sancto.
3278 1759 3418 1827 Quid

1806 1860 1910 1912 est.
1940 1849 2143 1920 Περιειὶ
2170 1850 2333 1903 sunt?
2350 1850 2405 1904 ld
2433 1860 2537 1915 est,
2564 1849 2771 1919 Spiritu
2798 1853 3047 1908 succensi
3073 1863 3223 1919 sunt,
3250 1863 3306 1908 et
3325 1869 3420 1906 ar-

1806 1943 1969 1999 debat
1990 1946 2041 1997 in
2058 1943 2162 1999 illis
2182 1942 2476 1999 charisma.
2502 1944 2571 1997 Et
2587 1943 2927 2013 loquebantur
2951 1946 3157 2001 verbum
3178 1946 3279 2002 Dei
3302 1964 3423 2001 cum

1808 2034 2020 2103 ﬁducia.
2034 2035 2126 2089 32.
2153 2033 2507 2089 Multitudinis
2519 2044 2688 2088 autem
2706 2036 3016 2090 crederuium
3032 2047 3143 2091 erat
3155 2054 3247 2092 cor
3258 2044 3420 2093 unun:

1808 2136 1854 2179 et
1880 2127 2057 2179 anima
2081 2143 2205 2179 una.
2266 2125 2451 2193 Vides,
2480 2125 2626 2195 quod
2652 2141 2774 2181 cum
2803 2127 2976 2197 gratia
3006 2128 3101 2183 Dei
3131 2130 3295 2185 etiam
3322 2145 3421 2185 sua

1809 2216 2130 2272 all‘erebant.
2160 2216 2373 2287 Ubique
2399 2218 2551 2272 enim
2572 2216 2676 2273 hoc
2702 2217 3101 2274 observandum
3134 2231 3215 2277 est
3234 2264 3250 2287 ,
3276 2227 3421 2293 quod

1809 2324 1932 2364 cum
1956 2309 2128 2379 gratia
2156 2308 2275 2373 Dei,
2307 2322 2404 2362 sua
2425 2309 2589 2363 etiam
2614 2308 2929 2376 exhibeant,
2962 2321 3022 2366 ut
3046 2312 3240 2368 Petrus
3269 2314 3423 2369 diec-

1811 2400 1903 2454 bat
1932 2417 1948 2452 :
1975 2399 2257 2470 Argentum
2286 2409 2536 2453 claurum
2558 2416 2661 2453 non
2684 2410 2760 2455 est
2790 2403 2919 2455 mihi
2948 2404 3088 2472 (Act.
3125 2406 3179 2459 3.
3204 2405 3284 2475 6).
3317 2407 3425 2461 Ita-

1810 2506 1919 2561 que
1941 2492 2083 2561 quod
2107 2492 2359 2561 superius
2388 2491 2621 2557 dicebat,
2652 2507 2848 2548 omnes
2872 2493 3043 2551 fuisse
3066 2495 3134 2549 In
3173 2498 3419 2567 idipsum,

1814 2598 2003 2638 rursus
2035 2583 2121 2636 ltic
2146 2582 2388 2637 declarat
2415 2601 2429 2636 :
2462 2584 2818 2640 Multitudinis
2845 2588 3163 2643 credentium
3193 2602 3304 2644 erat
3332 2608 3422 2646 cor

1814 2692 1977 2728 unum
2003 2686 2051 2728 et
2076 2676 2251 2728 animo
2276 2692 2401 2729 una.
2430 2676 2566 2730 Cum
2596 2678 2819 2733 dixisset
2848 2690 3028 2734 autem
3056 2682 3177 2736 illos
3198 2686 3427 2739 exaudi-

1819 2776 1903 2819 tos
1925 2767 2110 2831 luissc,
2136 2782 2324 2821 eorum
2359 2778 2544 2836 postea
2571 2770 2825 2824 virtutem
2850 2782 3053 2827 narrat.
3085 2774 3431 2845 lngressttms

1819 2874 2051 2929 namque
2069 2869 2153 2913 est
2180 2860 2233 2913 in
2253 2862 2619 2916 narrationem
2638 2864 2922 2933 Sappbine
2942 2874 2997 2919 et
3022 2867 3266 2923 Ananim.
3300 2869 3439 2926 Iden

1820 2953 2036 3007 illorum
2079 2953 2260 3008 scelus
2296 2962 2618 3009 ostensurus
2642 2995 2657 3019 ,
2688 2956 2839 3024 prius
2867 2956 2937 3013 de
2966 2958 3198 3014 aliorum
3230 2961 3432 3018 virtute

1822 3044 2080 3115 loquitur.
2119 3045 2235 3113 Dic,
2285 3060 2407 3109 oro,
2484 3044 2761 3101 caritasne
2819 3060 3193 3121 paupertatem
3250 3056 3432 3125 parit,

1820 3151 1889 3190 an
1940 3144 2231 3206 paupertas
2276 3138 2606 3193 caritatem?
2658 3140 2886 3196 Videtur
2954 3144 3087 3199 mihi
3160 3148 3304 3217 quod
3332 3164 3428 3205 ca-

1824 3229 1957 3282 ritas
2016 3237 2394 3300 paupertatem
2424 3270 2440 3295 ,
2489 3245 2612 3299 qua:
2667 3234 2839 3303 magis
2908 3234 3054 3290 illam
3122 3236 3436 3313 adstringit.

1825 3321 1963 3376 Audi
2017 3336 2182 3387 vero,
2229 3321 2355 3391 quid
2420 3322 2613 3377 dicat:
2656 3322 2902 3379 Omnium
2947 3338 3057 3381 erat
3106 3346 3196 3384 cor
3272 3352 3441 3389 unum

1825 3423 1873 3467 et
1897 3414 2071 3466 anima
2094 3431 2218 3467 una.
2245 3414 2388 3469 Ecce
2414 3429 2512 3469 cor
2536 3424 2591 3470 ct
2611 3417 2793 3471 anima
2820 3418 3055 3489 idipsum
3092 3432 3239 3479 sunt.
3281 3443 3300 3477 ι
3329 3427 3441 3483 Nec

1828 3506 2110 3575 quisquam
2166 3521 2356 3561 eorum
2388 3548 2402 3572 ,
2452 3523 2575 3578 qua:
2624 3510 2981 3579 possidebat,
3028 3515 3232 3587 aliquid
3276 3494 3438 3575 suum

1828 3614 1953 3655 esse
1980 3600 2217 3667 dicebat,
2250 3600 2347 3657 sed
2375 3611 2533 3657 erant
2563 3603 2667 3657 illis
2694 3606 2873 3659 omnia
2901 3611 3233 3665 communia.
3258 3613 3350 3668 55.
3380 3615 3447 3669 Et

1830 3693 2031 3747 virtute
2066 3708 2260 3764 magna
2313 3695 2616 3750 reddebant
2662 3698 2895 3766 apostoli
2940 3701 3310 3759 testimonium
3356 3723 3446 3761 re-

1832 3787 2187 3843 surrectionis
2228 3788 2445 3843 Domini
2496 3789 2627 3844 Jcsu
2670 3789 2929 3845 Christi.»
2970 3793 3135 3861 Quasi
3182 3798 3262 3851 eis
3296 3815 3451 3855 com-

1832 3882 2060 3936 missum
2078 3881 2180 3945 sit,
2214 3880 2318 3936 hoc
2344 3881 2607 3946 declarat,
2638 3892 2692 3937 et
2713 3885 2866 3953 quasi
2894 3884 2964 3941 de
2994 3887 3179 3943 olﬁcio
3209 3891 3447 3959 ipsormn

1836 3973 2075 4043 loquitur
2102 3992 2115 4027 :
2144 3973 2198 4027 id
2230 3982 2335 4041 est,
2369 3974 2739 4029 testimonium
2770 3977 2922 4046 regni
2953 3993 3076 4034 cum
3110 3981 3302 4037 ﬁducia
3331 4002 3451 4039 mn-

1836 4065 1998 4120 nibus
2046 4064 2367 4120 reddebant.
2427 4064 2610 4120 Gratia
2652 4083 2854 4138 quoque
2893 4086 3082 4141 magna
3118 4074 3172 4127 in
3214 4079 3453 4134 omnibus

1837 4170 1945 4215 erat
1973 4177 1993 4213 :
2034 4160 2125 4216 δι.
2170 4176 2332 4229 neque
2371 4160 2506 4214 enint
2544 4161 2813 4231 quisquam
2833 4178 2983 4235 egats
3008 4176 3117 4218 erat
3151 4168 3284 4223 inter
3308 4172 3450 4226 illos.

1838 4252 1992 4308 Sicut
2018 4253 2071 4305 in
2100 4261 2323 4321 paterna
2355 4253 2519 4306 domo
2542 4252 2637 4307 ﬁlii
2670 4268 2862 4308 omnes
2884 4257 2997 4324 pari
3027 4267 3153 4311 sunt
3200 4260 3408 4317 honore
3436 4308 3453 4329 ,

1840 4345 1920 4398 sic
1954 4344 2028 4397 illi
2064 4343 2241 4398 allecti
2283 4351 2458 4398 erant.
2506 4342 2625 4398 Non
2673 4344 2869 4399 licebat
2902 4348 3050 4401 enim
3080 4348 3287 4419 dicere,
3310 4356 3455 4423 quod

1842 4438 1977 4491 alios
2007 4426 2348 4502 enutrirent';
2380 4452 2444 4491 ac
2467 4437 2511 4491 si
2540 4452 2605 4491 ex
2638 4439 2752 4493 suis
2782 4438 2909 4495 illos
2938 4443 3235 4513 nutrirent,
3266 4450 3345 4503 sic
3372 4450 3459 4504 af-

1843 4530 1966 4584 fecti
2013 4538 2189 4585 erant.
2236 4529 2342 4585 Sed
2384 4529 2488 4584 hoc
2530 4540 2615 4585 est
2644 4531 2933 4601 mirabile,
2962 4536 3105 4605 quod
3147 4538 3311 4595 rebus
3342 4545 3460 4598 suis

1844 4622 2120 4691 sepositis,
2154 4620 2225 4674 ita
2251 4620 2584 4689 nutriebant,
2616 4637 2684 4676 ne
2712 4637 2775 4677 ex
2804 4624 2920 4678 suis
2939 4668 2956 4692 ,
2988 4627 3085 4682 sed
3117 4645 3187 4684 ex
3214 4646 3461 4687 commu-

1848 4716 2005 4770 nibus
2044 4715 2115 4769 ali
2160 4714 2496 4770 viderentur.
2546 4716 2855 4787 rQuotquot
2885 4729 3066 4775 autem
3116 4738 3462 4792 possessores

1846 4823 2101 4879 agrorum
2136 4808 2224 4862 vel
2260 4807 2544 4863 domorum
2582 4818 2738 4863 erant
2762 4850 2777 4874 ,
2820 4812 3120 4869 vendentes
3160 4817 3462 4875 aﬂ'erebaut

1849 4900 2023 4971 pretia
2046 4916 2236 4956 eorum
2262 4941 2278 4965 ,
2309 4916 2431 4971 quae
2464 4902 2791 4956 vendebant.
2820 4904 2910 4958 55.
2944 4906 3008 4959 Et
3035 4908 3308 4976 ponebant
3334 4922 3462 4967 ante

1849 4994 2016 5065 pedes
2067 4994 2457 5062 apostolorum.
2520 4994 2879 5050 Dividebatur
2946 5008 3128 5053 autem
3195 5002 3461 5077 singulis,

1852 5098 2011 5158 prout
2041 5088 2236 5158 cuique
2261 5104 2398 5158 Opus
2423 5100 2592 5144 erat.»
2627 5090 2852 5159 Magnus
2883 5094 3073 5158 honor,
3100 5098 3242 5164 quod
3273 5114 3379 5153 non
3411 5102 3463 5156 in

1852 5200 2046 5239 manus
2072 5226 2085 5249 ,
2119 5182 2213 5237 sed
2246 5183 2311 5237 ad
2347 5184 2510 5251 pedes
2537 5186 2910 5253 apostolorum
2938 5200 3220 5256 ponerent.
3245 5192 3335 5247 56.
3363 5194 3433 5248 .lo
3451 5227 3465 5236 -

1850 5278 1975 5346 ,περιρ
2005 5288 2173 5329 autem
2200 5319 2213 5342 ,
2238 5277 2327 5346 qui
2346 5280 2735 5347 cognominatus
2762 5290 2834 5332 ost
2866 5279 3133 5337 Barnabas
3162 5284 3223 5338 ab
3252 5300 3463 5355 aposto-

1854 5372 1955 5437 lis,
1998 5370 2137 5438 quod
2179 5380 2249 5423 est
2294 5371 2718 5440 interpretatum,
2758 5373 2900 5440 ﬁlius
2928 5377 3311 5433 consolationis.
3348 5382 3468 5439 Non

1854 5462 2067 5515 videtur
2113 5460 2244 5514 mihi
2299 5461 2385 5516 hic
2420 5462 2511 5517 ille
2554 5478 2713 5526 esse,
2766 5466 2854 5530 qui
2903 5480 3026 5519 cum
3073 5468 3333 5525 Matthia:
3381 5476 3470 5530 ille

1856 5570 2090 5624 namque
2117 5553 2321 5622 Josepb
2361 5557 2652 5609 vocabatur
2678 5556 2965 5623 Barsabas,
3004 5571 3185 5628 postea
3223 5581 3346 5622 vero
3376 5585 3471 5621 cn-

1855 5649 2201 5716 gnominatns
2244 5658 2327 5702 est
2385 5648 2609 5711 Justus;
2658 5649 2745 5705 hic
2788 5668 2917 5705 vero
2964 5654 3280 5725 Barnabas,
3329 5664 3473 5717 titius

1858 5741 2247 5795 consolatimtis
2269 5782 2283 5805 ,
2323 5741 2393 5793 ab
2434 5743 2695 5810 apustolis
2721 5746 3137 5813 cognominatus
3166 5761 3249 5804 est
3275 5770 3286 5803 :
3316 5754 3467 5809 νὶἀρ-

1860 5844 2054 5903 turque
2086 5833 2215 5885 mihi
2244 5849 2272 5885 a
2299 5834 2496 5887 virtute
2540 5848 2734 5889 nomen
2766 5838 3061 5905 accepisse,
3088 5857 3151 5894 nc
3181 5844 3224 5896 si
3253 5845 3319 5897 ad
3348 5862 3467 5901 cazn

1862 5946 1976 5983 rem
2003 5938 2149 5982 esset
2179 5936 2337 5995 aptus
2369 5938 2420 5981 et
2447 5926 2694 5981 idoneus.
2730 5928 2927 5982 Levites
2953 5972 2968 5994 ,
3015 5931 3236 6001 Cyprius
3269 5954 3471 6006 grta-rc,
