4092 6504
635 412 705 503 ss
1309 436 1368 495 s.
1406 433 1683 493 manuus
1710 430 2180 489 cnnvsosrosu
2221 426 2535 484 ARClllEP.
2575 429 3107 487 CONSTANTINOP.
3839 425 3912 482 95

635 561 724 617 37.
754 572 867 613 cum
892 554 1087 609 haberet
1113 568 1310 625 agrum,
1330 549 1548 606 vendidit
1568 544 1699 613 eum,
1723 554 1769 599 et
1790 545 1955 600 attulit
1972 542 2209 615 pretium,

636 662 683 709 et
708 650 873 723 posuit
901 656 1020 704 ante
1050 647 1200 717 pedes
1229 644 1599 715 apostolorum.

703 745 757 799 3.
785 743 885 798 Hic
909 741 1035 796 mihi
1065 740 1317 794 observes
1340 735 1524 797 velim,
1561 729 1831 802 quomodo
1854 726 2101 783 ostendat
2126 740 2214 781 so-

636 837 800 890 lutam
832 834 1025 903 legem,
1065 840 1120 885 et
1151 844 1247 884 cur
1289 828 1419 882 dicit
1451 823 1704 891 :Levites,
1751 819 1967 893 Cyprius
2010 833 2211 887 genere.

632 926 765 993 Quia
797 924 1009 979 demum
1038 929 1241 976 mutata
1274 917 1464 989 patria,
1500 914 1701 970 Levita:
1726 910 2068 965 vocabantur.
2108 904 2215 963 Sed

635 1018 883 1086 superius
902 1015 1042 1069 dicta
1070 1020 1394 1083 repetamus.
1422 1006 1655 1070 Dimissi,
1681 1003 1872 1073 inquit,
1891 1008 2128 1055 uenerunt
2148 998 2217 1051 ad

636 1125 774 1173 suos,
801 1116 846 1162 et
866 1104 1291 1158 atntuntiaverunt
1321 1112 1645 1167 quacumque
1664 1095 1731 1147 ad
1752 1108 1835 1148 eos
1862 1089 2113 1162 principes
2133 1104 2217 1142 sa.

634 1198 891 1253 cerdotuns
920 1204 966 1249 et
989 1197 1207 1250 seniores
1236 1191 1502 1246 dixissent.
1532 1185 1667 1242 Vide
1692 1198 1849 1257 quam
1870 1198 1902 1237 a
1922 1179 2059 1237 fastu
2080 1180 2211 1235 alie-

634 1292 688 1347 ni
706 1292 811 1345 sint
826 1288 1075 1359 apostoli,
1095 1296 1149 1341 et
1167 1299 1322 1355 quam
1341 1279 1667 1355 philosophi.
1686 1277 1802 1333 Non
1819 1276 2215 1332 circumeuntes

634 1402 753 1441 sese
772 1383 1046 1438 venditant
1072 1394 1168 1436 nec
1192 1377 1395 1444 dicunt,
1425 1391 1535 1446 quo
1559 1380 1716 1445 pacto
1742 1366 2055 1425 sacerdotes
2080 1379 2212 1420 eon-

635 1476 891 1541 l‘utarint;
928 1487 1098 1543 neque
1128 1466 1399 1524 narrando
1423 1479 1613 1520 vanam
1641 1460 1864 1533 gloriam
1899 1462 2210 1527 captarunt;

633 1566 728 1622 sed
754 1566 1025 1620 venientes
1044 1577 1129 1627 ea,
1156 1575 1277 1629 qua:
1298 1574 1326 1612 a
1356 1555 1658 1614 senioribus
1682 1550 1981 1617 audierant,
2006 1545 2213 1617 simpli-

635 1660 770 1714 citer
794 1655 1125 1717 denuntiant.
1157 1653 1293 1710 Hinc
1308 1650 1562 1707 discimus
1590 1648 1734 1718 ipsos
1750 1659 1859 1700 non
1881 1641 2069 1699 sesein
2098 1648 2215 1695 ten-

638 1752 864 1803 tationes
892 1744 1172 1813 iniecisse;
1196 1744 1289 1797 sed
1314 1753 1428 1805 eas,
1452 1753 1571 1809 quae
1591 1734 1979 1799 inferebantur,
2010 1730 2216 1785 fortiter

638 1839 843 1893 tulisse.
874 1836 1025 1891 Alius
1044 1850 1193 1901 vero,
1224 1830 1465 1903 quisquis
1490 1829 1698 1893 luisset,
1722 1825 1857 1881 forte
1878 1820 2216 1879 multitudine

636 1930 822 1991 fretus,
864 1926 1213 1981 contmnelias
1250 1924 1409 1980 etiam
1456 1920 1801 1992 protulisset,
1856 1930 1920 1971 ac
1965 1920 2215 1969 sexcenta

634 2021 813 2091 gravia
838 2020 1088 2089 loquutus
1108 2024 1273 2071 esset.
1305 2014 1375 2069 At
1399 2027 1502 2068 non
1529 2011 1580 2065 bi
1605 2006 1947 2080 phiIOSOphi;
1979 2004 2074 2060 sed
2100 2018 2213 2059 om-

636 2114 720 2165 nia
750 2118 1022 2164 mansuete
1046 2115 1101 2161 et
1123 2106 1372 2177 benigne.
1424 2103 1522 2170 Qui
1551 2118 1665 2157 cum
1697 2098 1979 2163 audissent,
2022 2096 2212 2166 inquit,

634 2200 936 2255 unanimiter
972 2214 1137 2253 vocem
1166 2198 1450 2251 levaverunt
1482 2194 1546 2246 ad
1578 2192 1759 2246 Deum.
1801 2189 2019 2244 Clamor
2049 2186 2217 2241 iactus

634 2302 713 2348 est
741 2307 806 2348 ex
836 2290 1109 2359 voluptate
1138 2285 1193 2343 et
1218 2300 1410 2357 magno
1427 2282 1640 2339 aﬁ‘ectu.
1668 2279 1827 2335 Tales
1849 2291 2076 2347 namque
2099 2290 2221 2346 pre-

636 2398 728 2440 ces
755 2390 1002 2454 prosunt,
1035 2395 1156 2451 qua:
1186 2376 1525 2449 philosophia
1552 2374 1722 2444 plena:
1743 2378 1889 2439 sunt,
1914 2368 1981 2424 de
2004 2368 2213 2433 talibus,

636 2491 666 2529 a
704 2476 915 2543 talibus,
966 2472 1059 2527 tali
1090 2481 1328 2540 tempore
1358 2477 1412 2523 et
1454 2464 1612 2521 modo
1641 2463 1886 2526 emissae,
1936 2462 2071 2515 sicut
2099 2458 2217 2512 alia:

635 2565 1026 2624 abominabiles
1083 2571 1210 2618 sunt
1254 2570 1307 2615 et
1340 2555 1668 2614 immundae.
1724 2553 1901 2621 Vide,
1947 2549 2216 2623 quomodo

636 2660 767 2716 nihil
810 2656 1138 2729 superﬂuum
1169 2696 1183 2721 ,
1215 2653 1310 2709 sed
1338 2655 1355 2686 ι
1388 2652 1455 2707 de
1486 2651 1681 2706 virtute
1708 2656 1911 2703 tantum
1955 2645 2119 2715 ipsius
2140 2644 2219 2698 lo-

638 2760 867 2821 quantur
903 2766 917 2802 :
946 2749 1055 2802 imo
1079 2747 1241 2802 etiam
1273 2739 1719 2815 quemadmodum
1740 2738 1985 2794 Christus
2010 2734 2221 2791 dicebat

637 2841 858 2905 ]υιιιυὶε,
890 2839 951 2893 Si
976 2848 1145 2892 autent
1174 2854 1263 2908 ego
1286 2835 1338 2889 in
1366 2834 1565 2905 Spiritu
1592 2831 1683 2886 Dei
1704 2833 1907 2902 loquor;
1938 2834 2007 2884 Ita
2038 2837 2091 2883 et
2122 2827 2218 2897 ipsi

635 2932 836 2995 dicunt,
868 2928 972 2983 Per
1001 2927 1253 2997 Spiritum
1276 2933 1523 2981 sanctum.
1551 2924 1689 2978 Ecce
1702 2924 1862 2977 etiam
1880 2919 2133 2976 Scrvator
2164 2919 2215 2972 iu

637 3024 836 3094 Spiritu
857 3021 1111 3091 loquitur.
1136 3016 1271 3088 Quid
1294 3032 1422 3072 vero
1438 3016 1638 3083 dicant,
1661 3014 1802 3069 audi.
1822 3011 2040 3067 Domine
2054 3011 2213 3079 Deus,

635 3115 719 3184 qui
749 3130 835 3185 per
871 3129 927 3167 os
957 3110 1122 3164 Dauid
1152 3109 1291 3177 pueri
1335 3109 1405 3161 tui
1443 3107 1639 3172 dixisti,
1687 3106 1855 3170 Quare
1908 3104 2218 3173 [reticuerunt

636 3205 972 3278 gentes?Mos
994 3203 1135 3258 enim
1163 3211 1243 3256 est
1264 3200 1551 3269 Scripturae
1571 3198 1640 3254 de
1669 3212 1775 3252 uno
1805 3205 1862 3252 ut
1887 3196 1955 3251 de
1982 3197 2219 3267 pluribus

638 3298 803 3369 loqui.
828 3296 937 3352 lloc
958 3310 1089 3351 vero
1103 3294 1403 3365 signiﬁcare
1420 3293 1635 3347 volunt:
1660 3291 1773 3346 Non
1798 3292 1895 3361 ipsi
1914 3291 2216 3358 valuerunt,

634 3390 728 3447 sed
762 3399 815 3443 tu
842 3399 1010 3444 totum
1039 3386 1327 3459 permisisti
1355 3395 1409 3442 et
1432 3385 1497 3441 ad
1524 3387 1681 3441 linem
1699 3383 1985 3448 deduxisti,
2017 3384 2105 3455 qui
2129 3399 2218 3438 sa-

634 3499 738 3554 gax
767 3497 829 3537 es
845 3490 897 3537 et
929 3481 1163 3551 sapiens,
1200 3488 1357 3549 atque
1385 3479 1512 3547 ipsis
1538 3477 1764 3532 inimicis
1792 3475 1859 3531 ad
1890 3475 2216 3529 voluntatem

638 3575 827 3631 uteris.
874 3571 1004 3627 Nam
1038 3571 1126 3625 hic
1154 3570 1221 3625 de
1253 3569 1391 3623 illius
1420 3570 1708 3640 sagacitate
1751 3577 1807 3622 et
1848 3566 2105 3637 sapientia
2134 3566 2218 3622 lo-

635 3675 895 3737 quuntur,
926 3662 1320 3731 ostenduntquc
1354 3662 1495 3728 illos,
1530 3669 1712 3729 utpote
1745 3659 1991 3713 inimicos
2015 3670 2069 3714 et
2095 3658 2218 3712 bos-

636 3770 735 3822 tes,
788 3772 855 3811 ex
891 3754 1233 3826 sanguinaria
1266 3754 1539 3823 proposito
1578 3752 1893 3807 convenisse
1918 3768 1929 3802 :
1956 3750 2218 3805 iaciebant

632 3860 808 3904 autem
838 3862 922 3910 ea,
952 3862 1073 3915 qua:
1104 3856 1161 3899 tu
1192 3844 1429 3909 volebas,
1465 3843 1885 3915 Quaﬂquenuanus
1916 3854 2003 3895 tua
2026 3851 2073 3895 et
2098 3858 2219 3895 con-

629 3940 799 3994 silium
839 3946 981 3989 tuum
1015 3936 1336 3987 decreverunt
1364 3933 1497 4001 ﬁeri.
1538 3932 1674 4001 Quid
1717 3944 1820 4001 est,
1873 3933 2062 3988 Manus
2090 3933 2218 3987 tua?

635 4032 729 4087 llic
761 4029 889 4084 mihi
934 4026 1143 4082 videtur
1178 4041 1393 4080 manum
1425 4040 1617 4080 vocare
1657 4028 1942 4095 potentiam
1966 4035 2021 4082 et
2039 4028 2219 4082 consi-

630 4124 780 4177 lium.
812 4118 1045 4186 Sufﬁcit,
1088 4117 1279 4189 inquit,
1314 4126 1365 4172 te
1394 4117 1549 4182 velle;
1596 4116 1772 4171 nullus
1800 4119 1941 4172 enim
1982 4120 2213 4188 potentia

633 4212 948 4282 perdelinit.
979 4210 1112 4265 illud
1138 4224 1287 4280 ergo,
1320 4207 1661 4273 Quacumque
1685 4225 1862 4263 manus
1893 4219 2003 4273 tua;
2029 4211 2081 4263 id
2110 4222 2213 4277 est,

632 4308 992 4376 Quacumque
1021 4302 1340 4374 prmcepisti.
1366 4301 1461 4357 Vel
1484 4301 1584 4355 hoc
1605 4300 1763 4371 igitur
1784 4300 1933 4367 dicit,
1970 4301 2051 4355 vel
2076 4302 2217 4371 quod

638 4414 796 4477 manu
812 4408 1060 4468 operatus
1079 4397 1165 4451 sit.
1185 4394 1335 4451 Sicut
1361 4410 1491 4465 ergo
1511 4403 1636 4450 tunc
1652 4408 1784 4449 vana
1805 4395 2043 4450 meditati
2072 4405 2215 4462 sunt,

632 4490 710 4545 sic
735 4491 891 4545 etiam
920 4505 1059 4543 nunc
1090 4499 1147 4543 ut
1173 4503 1304 4543 vana
1334 4488 1406 4542 illi
1434 4486 1759 4543 mediteutur
1799 4487 1977 4543 facito.
2032 4486 2100 4541 Et
2151 4489 2219 4541 da

636 4583 785 4637 servis
807 4584 929 4645 tuis;
953 4582 1007 4635 id
1021 4589 1121 4646 est,
1146 4579 1221 4634 Ne
1248 4579 1406 4634 mina:
1431 4594 1615 4635 eorum
1644 4594 1808 4649 opere
1828 4580 2215 4647 compleantur.

633 4674 757 4728 llznc
781 4687 939 4742 porro
956 4671 1224 4737 dicebant,
1246 4684 1349 4724 non
1364 4669 1721 4724 detrectantes
1741 4670 1929 4725 durum
1944 4670 2215 4743 quidpiam

636 4766 762 4835 pati,
794 4764 885 4818 sed
916 4778 1014 4837 pro
1046 4760 1430 4831 pra'dicatione
1456 4768 1663 4831 petunt.
1697 4760 1813 4815 Non
1842 4763 1982 4816 enim
2011 4763 2214 4831 dicunt,

638 4856 779 4909 Erue
810 4870 907 4909 nos
932 4871 961 4909 a
989 4854 1259 4924 periculis;
1289 4852 1384 4909 scd
1411 4852 1575 4921 quid?
1605 4850 1672 4906 Et
1702 4853 1768 4906 da
1800 4854 1953 4907 servis
1980 4857 2074 4909 tuis
2103 4874 2217 4911 cum

633 4945 771 5000 onmi
787 4945 976 5012 ﬁducia
1003 4945 1138 5013 loqui
1163 4946 1365 4999 uerbum
1386 4954 1546 4998 tuum.
1578 4944 1675 5010 Qui
1707 4959 1836 5013 ergo
1860 4945 1948 4999 illa
1977 4946 2028 4999 in
2059 4946 2215 5003 linem

631 5037 920 5101 deduxisti,
946 5046 999 5091 et
1032 5035 1148 5089 luce
1173 5035 1363 5090 deduc.
1397 5037 1555 5101 Quem
1582 5037 1792 5102 auxisti,
1827 5038 2018 5107 inquit.
2065 5038 2214 5110 Vide,

634 5130 902 5200 quomodo
928 5130 1089 5185 etiam
1108 5128 1162 5183 in
1186 5128 1434 5198 precibus
1453 5129 1753 5198 passionem
1784 5131 2133 5202 distinguunt,
2164 5144 2218 5190 et

635 5220 814 5273 omnia
838 5218 903 5271 ad
934 5220 1107 5287 ipsum
1129 5216 1390 5283 referunt,
1416 5219 1692 5288 ipsumque
1714 5221 1918 5277 ﬁducia:
1945 5232 2216 5282 auctorem

634 5322 757 5363 esse
787 5308 991 5362 dicunt.
1040 5309 1244 5375 Viden‘,
1276 5308 1546 5379 quomodo
1584 5311 1759 5365 omnia
1801 5324 2019 5384 propter
2047 5315 2218 5372 Deum

638 5407 840 5468 petant,
891 5407 946 5452 et
975 5398 1109 5453 nihil
1134 5399 1201 5453 ad
1224 5401 1445 5470 gloriam
1473 5402 1667 5457 suam?
1714 5404 1863 5468 Quod
1898 5422 2025 5476 ergo
2062 5422 2216 5464 suum

642 5500 723 5541 est
746 5491 1085 5559 promittunt,
1114 5492 1256 5563 quod
1285 5510 1471 5565 nempe
1500 5510 1607 5549 non
1638 5494 1939 5554 deterrendi
1965 5501 2102 5567 sint;
2145 5503 2218 5557 εἱ-

640 5592 741 5649 gna
773 5596 895 5638 vero
920 5592 1126 5655 petunt.
1158 5582 1225 5637 In
1244 5600 1300 5638 eo
1325 5588 1480 5655 quod,
1527 5588 1794 5658 inquiunt,
1844 5607 2047 5647 manum
2076 5602 2216 5649 tuam

657 5817 850 5925 “ista
875 5818 1056 5890 legunt,
1080 5825 1525 5897 nihilsuperﬂuum,
1548 5834 1668 5889 nihil
1686 5836 1810 5891 anile
1838 5839 1907 5891 rel
1925 5844 2208 5913 fabulosum,

2325 542 2563 599 extendas
2589 543 2657 596 ad
2685 544 2926 598 sanitates
2954 553 3001 597 et
3027 543 3174 615 signa
3200 550 3248 597 et
3274 540 3507 612 prodigia
3534 540 3663 612 ﬁeri.
3715 540 3864 596 Bene
3892 558 3909 597 :

2322 650 2443 690 nam
2461 636 2662 706 absque
2685 636 2813 705 illis,
2846 637 3053 693 etiamsi
3077 635 3391 691 immensam
3413 634 3769 704 praetulissent
3790 634 3905 689 ala-

2321 729 2587 795 critatem,
2612 728 2811 783 frustra
2834 730 3008 783 omnia
3038 728 3308 783 iecissent.
3339 724 3541 780 Annuit
3559 738 3745 779 eorum
3773 726 3914 794 peti-

2324 820 2475 885 tioni,
2501 827 2557 875 et
2581 820 2753 890 palam
2786 819 2912 876 fecit
2950 820 3123 876 locum
3149 817 3539 885 concutiendo,
3586 830 3647 873 se
3689 816 3911 872 illorum

2322 912 2571 982 precibus
2599 912 2809 969 adesse.
2866 911 2933 967 Et
2962 929 3075 967 cum
3095 921 3344 979 orassent,
3375 911 3586 982 inquit,
3638 918 3800 964 motus
3834 918 3912 964 est

2322 1004 2480 1058 locus.
2513 1003 2665 1073 Quod
2694 1014 2871 1059 autem
2894 1020 2955 1059 ea
2988 1003 3055 1059 de
3081 1017 3242 1059 causa
3273 1002 3467 1057 factum
3496 1002 3585 1067 sit,
3628 1001 3751 1056 audi
3780 1016 3913 1071 pro-

2322 1095 2536 1165 phetam
2563 1096 2832 1153 dicentem
2866 1113 2880 1152 :
2913 1096 3012 1163 Qui
3039 1094 3241 1165 respicit
3279 1102 3488 1159 terram,
3540 1102 3587 1147 et
3629 1093 3752 1162 facit
3793 1108 3914 1146 earn

2322 1194 2556 1251 tremere;
2585 1195 2640 1242 et
2663 1202 2901 1249 rursum,
2952 1187 2995 1239 A
3025 1187 3157 1257 facie
3184 1183 3391 1239 Domini
3417 1191 3554 1238 mota
3589 1191 3659 1237 est
3688 1192 3845 1247 terra,
3878 1198 3916 1235 ο

2320 1276 2452 1347 facie
2495 1275 2592 1331 Dei
2634 1278 2798 1332 Jacob
2840 1276 3011 1350 (Psal.
3044 1276 3167 1333 105.
3188 1275 3277 1332 52.
3307 1284 3357 1330 et
3388 1275 3511 1330 115.
3530 1274 3609 1343 7).
3642 1273 3755 1328 [loc
3778 1287 3913 1328 vero

2319 1368 2453 1425 facit
2482 1370 2643 1436 Deus,
2666 1379 2721 1426 et
2747 1379 2804 1425 ut
2831 1371 3088 1439 majorem
3115 1378 3316 1424 metum
3342 1367 3587 1434 incutiat,
3610 1375 3664 1421 et
3688 1373 3748 1419 ut
3774 1366 3915 1419 ﬁdu-

2319 1461 2456 1517 ciam
2488 1462 2593 1518 illis
2622 1462 2770 1517 indat
2799 1471 2919 1533 post
2955 1463 3075 1518 illas
3117 1462 3311 1528 minas,
3349 1467 3405 1515 et
3446 1467 3505 1514 ut
3548 1458 3615 1513 ad
3646 1457 3911 1527 majorem

2320 1550 2534 1608 dicendi
2561 1551 2862 1609 libertatem
2893 1560 3068 1608 acuat.
3098 1552 3232 1619 Quia
3261 1552 3403 1606 enim
3436 1550 3643 1605 initium
3671 1557 3807 1613 erat,
3857 1557 3916 1603 et

2320 1645 2562 1701 sensibili
2589 1645 2744 1717 signo
2767 1661 2902 1717 opus
2925 1645 3191 1702 habebant
3210 1652 3269 1698 ut
3289 1642 3761 1715 persuaderentur;
3790 1650 3917 1711 pust

2321 1736 2437 1793 haec
2463 1748 2641 1794 autem
2668 1739 2720 1794 id
2757 1754 3045 1810 numquam
3075 1736 3305 1794 accidit:
3329 1736 3402 1791 ita
3442 1734 3661 1791 multam
3687 1748 3755 1790 ex
3782 1748 3915 1788 ora-

2324 1829 2467 1884 tione
2491 1829 2910 1886 consolationem
2941 1840 3065 1886 sunt
3091 1829 3386 1899 assequuti.

2392 1923 2557 1991 Signa
2606 1925 3019 1979 resurrectionem
3073 1922 3369 1993 probabant.
3419 1949 3492 1962 —
3542 1919 3673 1976 Iure
3717 1928 3903 1973 autem

2320 2014 2593 2085 signorum
2663 2017 2888 2086 gratiam
2947 2026 3173 2087 petunt;
3232 2030 3340 2071 non
3395 2014 3501 2069 alio
3554 2012 3698 2067 enim
3748 2008 3915 2064 modo

2321 2105 2604 2162 ostendere
2629 2113 2877 2176 poterant
2904 2107 3074 2176 ipsum
3098 2107 3477 2168 resurrexisse,
3500 2103 3602 2158 nisi
3623 2117 3687 2157 ex
3715 2100 3912 2170 signis.

2324 2197 2505 2267 Itaque
2550 2213 2655 2252 non
2703 2213 2853 2254 suam
2922 2198 3093 2253 solum
3162 2196 3476 2268 quaerebant
3524 2195 3867 2249 securitatem
3898 2235 3913 2256 ,

2324 2303 2507 2343 verum
2537 2290 2696 2344 etiam
2728 2304 2795 2344 ne
2838 2289 3293 2345 conluuderentur
3320 2330 3335 2355 ,
3383 2286 3475 2343 sed
3525 2287 3693 2340 libere
3723 2285 3916 2351 laque-

2325 2391 2527 2437 rentur.
2554 2382 2724 2438 Motus
2750 2392 2833 2438 est
2864 2384 3034 2449 locus,
3066 2392 3118 2437 et
3146 2382 3263 2436 illos
3304 2381 3471 2451 magis
3502 2377 3749 2432 ﬁrmavit.
3801 2375 3919 2430 lluc

2322 2484 2521 2540 autem,
2566 2475 2726 2529 modo
2778 2476 2987 2545 signum
3031 2476 3123 2528 irae
3154 2483 3257 2539 est,
3304 2472 3464 2527 modo
3503 2470 3822 2524 visitatonis
3860 2476 3920 2522 et

2325 2566 2670 2635 providentia:
2694 2608 2707 2632 ,
2755 2582 2898 2622 nunc
2928 2576 3104 2621 autem
3131 2566 3244 2619 irae.
3276 2566 3336 2621 in
3364 2563 3608 2634 passione
3634 2575 3763 2617 vero
3789 2559 3922 2615 Ser-

2325 2658 2524 2711 vatoris
2574 2658 2837 2727 stupendo
2889 2658 3048 2712 modo
3069 2668 3123 2713 et
3172 2666 3364 2726 praeter
3412 2665 3654 2710 naturam
3713 2653 3920 2707 factum

2324 2756 2430 2802 est.
2462 2749 2477 2778 ¹
2513 2746 2743 2819 [Etenim
2768 2750 2944 2802 omnis
2971 2759 3107 2803 terra
3135 2756 3402 2802 commota
3426 2754 3526 2801 est.
3550 2745 3617 2799 Et
3643 2745 3759 2813 ipsc
3786 2762 3923 2813 quu-

2328 2855 2431 2909 que
2464 2840 2714 2895 Servatur
2743 2841 2954 2895 dicebat
2985 2858 2997 2892 :
3035 2839 3173 2893 Tune
3220 2851 3363 2892 erunt
3394 2841 3553 2909 [ames
3594 2846 3641 2890 et
3671 2838 3921 2905 pestilen-

2327 2939 2412 2986 tia:
2439 2941 2483 2985 et
2512 2942 2658 2984 terrm
2691 2941 2855 2985 motus
2884 2948 2971 3000 per
3008 2932 3118 2985 loca
3146 2930 3162 3000 (
3194 2928 3377 2982 Matth.
3409 2929 3494 2983 25.
3522 2925 3620 3000 7
3662 2928 3923 2997 Alioquin

2324 3039 2452 3077 vero
2492 3023 2585 3078 irae
2624 3032 2807 3077 eontra
2840 3024 2957 3078 illus
2982 3024 3191 3092 signum
3223 3030 3341 3076 erat
3368 3040 3379 3074 :
3415 3022 3512 3076 hos
3545 3022 3687 3075 enim
3714 3021 3925 3090 Spiritu

2324 3114 2570 3184 replevit.
2598 3113 2753 3178 Vide,
2784 3124 2837 3167 et
2862 3115 3088 3184 apostoli
3117 3124 3235 3183 post
3264 3113 3559 3169 orationem
3590 3112 3795 3181 Spiritu
3831 3129 3923 3166 re-

2327 3206 2558 3275 plentur.
2604 3205 2670 3259 Et
2714 3207 2879 3276 gratia
2933 3222 3141 3277 magna,
3193 3206 3383 3275 inquit,
3435 3216 3541 3258 erat
3584 3204 3637 3257 in
3679 3202 3928 3259 erunibus

2326 3297 2428 3349 illis
2476 3311 2496 3349 :
2542 3313 2699 3367 neque
2737 3297 2869 3350 enim
2923 3298 3187 3367 quisquam
3225 3312 3372 3367 egens
3414 3305 3519 3349 erat
3574 3297 3705 3348 inter
3738 3294 3928 3366 illos.)

2326 3387 2512 3443 Viden‘
2539 3397 2733 3458 quanta
2761 3390 2830 3444 sit
2853 3390 3081 3460 Spiritus
3108 3389 3296 3454 virtus,
3324 3388 3407 3440 ubi
3428 3388 3633 3441 scilicet
3662 3387 3747 3441 illa
3782 3403 3929 3449 (quis

2324 3480 2477 3534 erat?
2509 3479 2634 3535 ιιωο
2662 3488 2746 3534 est
2772 3481 2914 3536 enim
2948 3480 3211 3535 bonorum
3258 3494 3438 3542 causa,
3490 3494 3647 3549 quam
3679 3480 3927 3535 secundo

2324 3582 2604 3639 memorat,
2638 3572 2930 3628 adhortans
2976 3589 3163 3628 omnes
3189 3573 3254 3627 ad
3300 3572 3643 3641 pecuniarum
3676 3579 3930 3625 content-

2324 3674 2497 3734 ptum;
2520 3666 2764 3734 superius
2785 3665 2967 3720 dicens
2997 3682 3011 3719 :
3043 3665 3150 3719 Nec
3176 3666 3438 3735 quisquam
3464 3680 3635 3717 eorum
3656 3678 3770 3732 qua:
3799 3679 3931 3731 pos-

2325 3756 2535 3821 sidebat,
2595 3757 2788 3828 aliquid
2830 3773 2979 3810 suum
3024 3773 3130 3810 esse
3178 3755 3409 3821 dicebat;
3459 3755 3547 3809 hic
3593 3770 3766 3810 vero:
3806 3753 3929 3809 Nec

2324 3850 2592 3919 quisquam
2620 3866 2770 3920 egens
2802 3860 2913 3904 erat
2944 3851 3075 3903 inter
3100 3851 3235 3903 illos.

2396 3941 2449 3995 5.
2495 3941 2648 4008 Quod
2680 3950 2855 3995 autem
2886 3955 2991 3994 non
3038 3954 3103 3994 ex
3138 3940 3306 4009 signis
3338 3948 3544 3993 tantum
3570 3983 3583 4003 ,
3615 3938 3707 3995 sed
3751 3939 3933 3996 etiam

2324 4046 2389 4087 ex
2421 4032 2631 4085 illorum
2675 4032 2952 4101 proposito
2983 4030 3033 4084 id
3066 4030 3265 4086 factum
3294 4032 3469 4094 fuerit,
3522 4031 3690 4099 palam
3716 4030 3934 4086 ﬁnium

2323 4123 2585 4194 Sapphira
2617 4132 2671 4177 et
2698 4124 2954 4177 Ananias.
3006 4122 3120 4176 Non
3151 4131 3327 4177 autem
3372 4126 3538 4177 verba
3562 4133 3787 4185 tanttuu,
3824 4126 3933 4177 sed

2323 4219 2482 4273 etiam
2509 4218 2703 4271 virtute
2722 4218 3082 4270 testimoaium
3106 4216 3516 4271 resurrectionis
3536 4215 3931 4282 cxhibucrnnt,

2326 4320 2383 4363 ut
2407 4320 2460 4363 et
2491 4310 2687 4362 Paulus
2734 4309 2808 4361 ait
2840 4326 2852 4361 :
2892 4308 2955 4361 Et
2978 4309 3271 4378 praedicatio
3302 4326 3412 4363 mea
3440 4327 3539 4364 non
3568 4311 3619 4364 in
3660 4312 3934 4379 persuasi-

2328 4402 2504 4455 bilibus
2534 4400 2769 4454 humana:
2792 4401 3053 4470 sapientia:
3081 4402 3260 4466 verbis,
3290 4402 3377 4455 sed
3402 4402 3454 4454 in
3482 4404 3763 4456 ostensione
3792 4402 3934 4472 Spi-

2330 4496 2455 4549 ritus
2478 4504 2523 4549 et
2551 4495 2742 4549 virtutis
2769 4494 2847 4567 (1.
2880 4494 2998 4549 Cor.
3022 4493 3077 4548 2.
3110 4492 3187 4567 4).
3222 4494 3329 4549 Nec
3351 4494 3665 4565 simpliciter
3689 4496 3917 4563 virtute,

2325 4589 2442 4655 sed,
2472 4590 2670 4644 virtute
2697 4604 2909 4659 magna.
2944 4588 3012 4643 Et
3043 4588 3180 4643 bene
3206 4588 3355 4654 dicit,
3390 4588 3569 4642 Gratia
3598 4598 3706 4642 erat
3733 4590 3783 4643 iu
3808 4607 3932 4644 om-

2326 4681 2488 4735 nibus.
2520 4680 2645 4735 ldeo
2673 4696 2902 4751 namque
2926 4682 3115 4752 gratia,
3140 4680 3261 4750 quia
3294 4679 3472 4734 nullus
3498 4690 3615 4735 erat
3640 4694 3830 4750 egens;
3864 4683 3929 4739 id

2326 4784 2431 4839 est,
2464 4790 2529 4828 ex
2554 4773 2792 4828 dantium
2815 4775 3093 4827 alacritate
3119 4772 3295 4827 nullus
3324 4786 3527 4840 egenus
3562 4780 3699 4826 erat.
3734 4770 3930 4843 Neque

2325 4869 2468 4924 enim
2533 4877 2736 4937 partem
2792 4866 3195 4938 largiebantur,
3247 4873 3452 4934 partem
3503 4863 3925 4921 recondebam:

2325 4973 2499 5030 neque
2525 4959 2705 5012 omnia
2737 4957 2969 5024 dabant;
2997 4957 3088 5012 sed
3117 4954 3291 5026 quasi,
3312 4955 3545 5025 propria.
3579 4956 3929 5026 Ittwqualila-

2327 5061 2431 5107 tem
2462 5052 2530 5107 de
2560 5052 2735 5106 medio
2765 5050 3023 5105 tollebant
3045 5091 3059 5114 ,
3110 5058 3166 5103 et
3197 5049 3248 5101 in
3278 5046 3600 5101 abundantia
3635 5048 3796 5101 multa
3842 5050 3921 5101 vi-

2324 5146 2521 5203 vebant
2550 5161 2566 5198 :
2599 5146 2873 5214 multoque
2897 5159 3017 5199 cum
3050 5142 3252 5197 honore
3286 5140 3388 5195 hoc
3413 5141 3701 5195 faciebant.
3731 5140 3926 5214 Neque

2327 5240 2380 5295 in
2410 5238 2901 5295 manibusitradere
2944 5236 3235 5301 audebant,
3268 5250 3441 5305 neque
3469 5250 3590 5290 cum
3623 5234 3759 5291 fastu
3808 5238 3922 5293 lar-

2390 5422 2405 5451 ¹
2423 5426 2569 5468 Totus
2590 5419 2673 5481 qui
2699 5418 2827 5481 inter
2850 5416 3052 5481 uncinos
3074 5412 3311 5464 clauditur
3336 5412 3490 5471 locus,
3527 5426 3597 5462 suc
3636 5414 3914 5481 ell'erturia

2321 5494 2425 5531 uno
2462 5496 2505 5532 c.
2548 5493 2562 5529 :
2593 5476 2719 5530 funt:
2742 5478 2868 5529 enim
2889 5476 3039 5528 omnis
3063 5485 3195 5527 terra
3226 5484 3460 5526 commota
3482 5482 3551 5537 est
3575 5514 3589 5537 ,
3630 5476 3696 5525 itu
3732 5483 3782 5524 ut
3807 5479 3918 5528 ubi.

2329 5554 2416 5607 que
2436 5541 2729 5607 intellectum
2750 5542 2896 5602 fuerit
2935 5553 3165 5601 magnum
3201 5551 3304 5588 esse
3336 5535 3841 5607 cruci/inivirtutem,
3873 5550 3921 5593 ιιι

2324 5598 2431 5654 éum
2468 5606 2549 5665 qui
2573 5598 2841 5666 patiebatur
2878 5616 2980 5653 esse
3012 5598 3211 5666 Deum,_
3235 5613 3326 5649 non
3360 5598 3631 5666 eimplicem
3656 5598 3914 5666 hominem.

2324 5661 2519 5727 Quodsi
2546 5661 2684 5729 (hac
2707 5675 2857 5729 terrm
2880 5664 3169 5725 commotio)
3194 5662 3307 5729 ine
3326 5661 3517 5729 signum
3537 5670 3660 5729 erat,
3686 5661 3816 5713 iram
3850 5669 3897 5716 si

2322 5722 2576 5790 gniﬁcabat
2599 5728 2647 5777 in
2669 5727 2883 5788 Judteos,
2897 5728 2979 5777 hos
2998 5722 3160 5775 nictent
3178 5722 3594 5790 Spiritureplerit.
3614 5722 3780 5790 Itaque
3800 5741 3912 5790 ςιροο

2323 5786 2450 5860 itali,
2469 5798 2569 5853 post
2589 5786 2878 5860 arationem,
2894 5790 3069 5860 spiritu
3094 5786 3358 5860 replentur.
3407 5806 3430 5833 cl
3469 5795 3523 5860 tit
3561 5786 3915 5860 testimonium,

2325 5849 2495 5969 ibnqq'ﬁ,
2516 5852 2825 5914 per/tibebunt
2848 5849 2898 5906 in
2919 5849 3094 5912 uirtute
3117 5850 3285 5912 multa,
3308 5857 3354 5903 et
3377 5849 3537 5916 gratia
3563 5860 3666 5903 erat
3694 5854 3743 5904 in
3764 5858 3921 5910 enmi-

2356 5932 2407 5968 αδ
2479 5932 2532 5968 ts.
2550 5931 2575 5964 ν

2356 5932 2407 5968 αδ
2424 5930 2532 5968 ιιιιδ.
2550 5931 2575 5964 ν
