4092 6506
216 387 281 445 97
1246 385 1311 441 ΙΝ
1348 387 1531 442 ACTA
1570 386 1811 443 ΑΡΟΞΤ(

1921 387 2096 444 illusi.
2138 388 2371 446 HOMIL.
2415 390 2505 448 XI.
3474 406 3547 463 οδ

225 500 536 574 giebantur;
569 501 672 556 sed
702 500 771 554 ad
799 500 963 570 pedes
996 498 1294 554 aﬂ'erebant
1314 540 1328 565 ,
1359 510 1414 553 et
1442 500 1564 554 illos
1603 498 1828 568 dispen-

226 605 431 650 satores
477 610 606 649 esse
661 595 939 660 sinebant,
993 593 1348 663 dominosque
1391 592 1716 657 reddebant;
1773 601 1832 645 ut

228 688 382 758 quasi
426 702 499 741 ex
544 685 929 741 communibus
956 684 1215 753 deinceps
1260 686 1689 748 insumerentur,
1719 698 1829 736 non

224 781 381 851 quasi
414 796 478 833 ex
533 778 787 847 propriis.
823 777 957 831 llinc
998 787 1178 831 autem
1226 776 1409 841 ﬁebat,
1457 785 1516 830 ut
1558 791 1661 830 non
1696 790 1829 829 vana

222 872 398 940 gloria
425 869 838 925 extollerentur.
870 866 984 921 lloc
1008 867 1055 921 si
1086 881 1230 921 nunc
1255 882 1474 936 quoque
1506 869 1682 929 ﬁeret,
1704 880 1830 918 cum

224 963 435 1030 majore
460 961 763 1015 viveremus
793 959 1067 1028 voluptate
1096 967 1151 1013 et
1193 958 1385 1013 divites
1419 969 1475 1012 et
1514 970 1782 1027 pauperes
1808 974 1825 1011 ;

224 1071 331 1110 nec
375 1054 631 1123 majorem
684 1052 1011 1122 pauperibus
1034 1094 1051 1116 ,
1084 1066 1243 1121 quam
1269 1051 1523 1105 divitibus
1548 1050 1651 1104 hoc
1678 1050 1829 1103 volu-

224 1155 431 1214 ptatem
465 1145 704 1199 aﬁ‘crret.
741 1144 805 1197 Et
832 1144 877 1197 si
910 1144 1104 1213 placet,
1134 1142 1239 1197 hoc
1264 1158 1518 1199 sermone
1543 1141 1827 1197 describa-

222 1253 373 1299 mus,
403 1245 458 1290 et
480 1234 607 1289 hinc
634 1235 963 1303 voluptatem
988 1234 1374 1304 decerpamus,
1401 1234 1617 1304 quando
1643 1234 1826 1303 operi-

215 1328 326 1382 bus
350 1342 455 1381 non
475 1326 653 1380 vultis.
682 1324 911 1379 laxime
936 1336 1117 1381 autem
1140 1341 1207 1381 ex
1235 1326 1339 1380 illis
1354 1325 1692 1380 manifesmtn
1718 1334 1823 1393 est,

214 1435 347 1489 quae
378 1430 506 1491 tunc
535 1419 670 1474 facta
700 1426 853 1485 sunt;
884 1420 1007 1489 quia
1054 1419 1351 1475 vet-dentes
1383 1434 1492 1475 non
1522 1419 1677 1490 egeni
1724 1421 1825 1475 ﬁe—

214 1512 380 1579 bant,
409 1493 503 1567 sed
532 1521 587 1566 et
615 1526 877 1581 pauperes
905 1511 1102 1567 divites
1124 1509 1441 1567 reddebant.

292 1602 737 1670 Constantinopoli
768 1612 887 1671 quot
925 1619 1064 1671 opes,
1094 1611 1315 1673 quantus
1340 1602 1524 1673 populi
1560 1619 1820 1657 numerus.

210 1726 290 1738 ——
319 1697 584 1750 Caeterum
612 1695 714 1749 hoc
741 1710 882 1750 nunc
908 1710 1160 1751 sermone
1188 1694 1558 1750 describamus
1591 1715 1603 1749 :
1632 1711 1823 1751 omnes
1864 1758 1871 1764 _

208 1802 313 1843 sua
357 1787 535 1841 omnia
566 1785 799 1841 vendant
843 1796 897 1841 et
927 1787 979 1840 in
1012 1786 1246 1841 medium
1276 1786 1505 1841 aﬁ‘erant
1527 1831 1543 1851 ,
1571 1802 1823 1842 sermone

210 1880 387 1935 dico:
419 1894 578 1933 nemo
625 1880 870 1933 turbetur
914 1893 1089 1948 neque
1135 1878 1328 1940 dives,
1372 1894 1546 1949 neque
1593 1895 1817 1949 pauper.

210 1972 487 2035 Quantum
516 1979 675 2040 putas
703 1970 821 2023 auri
855 1969 1141 2024 collectum
1195 1970 1302 2024 iri?
1352 1971 1465 2041 Ego
1503 1987 1637 2025 sane
1684 1986 1821 2027 con~

203 2065 341 2135 jicio
372 2063 393 2136 (
419 2079 593 2134 neque
620 2062 764 2118 enim
796 2062 849 2117 id
877 2071 1026 2117 certo
1052 2062 1157 2117 dici
1183 2063 1401 2134 potest)
1429 2105 1444 2128 ,
1468 2064 1511 2117 si
1544 2064 1739 2133 singuli
1766 2071 1823 2117 et

206 2158 442 2227 singula:
467 2170 591 2210 suas
608 2169 802 2209 omnes
823 2154 910 2209 hic
931 2154 1185 2224 pecunias
1205 2163 1549 2220 evacuarent,
1573 2155 1617 2209 si
1636 2170 1813 2225 agros,

207 2246 606 2316 possessiones,
636 2245 829 2300 domos
860 2244 1134 2301 traderent
1160 2245 1374 2316 (servos
1404 2262 1512 2300 non
1559 2246 1811 2313 dixerim,

204 2353 393 2408 neque
416 2336 560 2391 enim
591 2347 721 2391 tunc
745 2346 919 2404 erant,
948 2336 1043 2391 sed
1088 2338 1319 2391 fortasse
1344 2336 1547 2393 liberos
1574 2338 1817 2393 dimitte-

201 2432 403 2501 bant);
443 2430 626 2485 forsan
668 2429 852 2484 decies
897 2441 1124 2485 centena
1179 2431 1349 2485 millia
1394 2432 1649 2485 librarum
1700 2432 1817 2487 auri

199 2529 707 2592 congregarentur;
754 2521 863 2573 imo
881 2528 937 2575 et
963 2519 1048 2574 bis
1078 2529 1227 2576 terve
1268 2523 1516 2592 amplius.
1552 2524 1645 2577 Die
1670 2524 1815 2578 enim

205 2615 383 2679 mihi,
412 2613 603 2668 civitas
647 2624 832 2667 nostra
865 2622 1123 2682 quantum
1169 2616 1599 2683 promiscuorum
1639 2616 1815 2671 homi-

202 2722 340 2760 num
370 2720 654 2760 numerum
673 2704 954 2759 continet?
980 2714 1112 2774 quot
1132 2706 1292 2760 vultis
1310 2722 1431 2761 esse
1452 2706 1816 2765 Christianos?

202 2798 446 2852 vultisue
466 2811 588 2851 esse
614 2805 835 2851 centum
865 2796 1049 2852 mille?
1078 2807 1310 2866 quantus
1353 2815 1610 2853 numerus
1635 2803 1813 2869 genti-

201 2890 341 2942 lium
363 2897 420 2943 et
445 2886 797 2942 Judaaorum?
822 2896 955 2957 quot
984 2888 1153 2941 millia
1179 2890 1294 2942 auri
1325 2904 1479 2959 cong:
1496 2895 1814 2960 egarentnr?

200 2989 445 3051 quantus
472 2995 600 3035 vero
623 2990 707 3035 est
732 2994 1025 3049 pauperum
1054 2982 1353 3035 numerus?
1382 2982 1497 3036 Non
1532 2995 1665 3053 puto
1692 3000 1813 3041 esse

201 3090 374 3143 supra
425 3073 815 3144 quinquaginta
846 3074 1035 3129 millia.
1072 3073 1181 3129 llos
1208 3090 1337 3128 vero
1377 3077 1618 3142 quotidie
1643 3078 1807 3145 alere,

202 3175 407 3235 quanta
434 3163 589 3233 impia
622 3163 801 3219 foret?
825 3164 984 3220 Certe
1012 3165 1286 3219 communi
1308 3166 1429 3220 cibo
1455 3175 1508 3221 et
1537 3170 1809 3226 communi

205 3272 399 3313 mensa
429 3258 561 3326 ipsis
600 3256 868 3325 apposita,
926 3270 1032 3311 non
1079 3264 1279 3309 tantam
1328 3265 1456 3326 puto
1509 3257 1808 3327 impensam

203 3352 345 3404 fore.
385 3347 526 3415 Quid
552 3363 702 3418 ergo,
754 3348 982 3417 inquies,
1027 3347 1217 3402 facturi
1246 3363 1488 3403 essemus
1523 3350 1809 3422 insumptis

203 3442 397 3510 Opibus
418 3441 443 3493 ἲ
470 3438 624 3494 Tune
654 3447 809 3507 putas
858 3454 1019 3509 posse
1058 3455 1312 3509 umquam
1350 3438 1595 3496 insumi?
1624 3458 1806 3499 anumt

206 3533 404 3588 millies
434 3530 795 3587 abundantior
835 3531 1003 3603 gratia
1042 3530 1138 3588 Dei
1164 3534 1355 3590 esset?
1380 3549 1561 3587 annon
1588 3534 1808 3606 largiter

203 3624 378 3694 gratia
407 3623 504 3678 Dei
536 3623 944 3693 elfynderetur?
991 3624 1131 3692 Quid
1163 3626 1335 3681 vero?
1379 3641 1559 3683 annon
1608 3634 1804 3685 terram

203 3716 553 3770 efﬁceremus
580 3714 810 3768 cadum?
838 3715 894 3770 Si
926 3716 976 3769 id
1009 3717 1061 3769 in
1097 3717 1269 3771 tribus
1294 3718 1535 3774 millibus
1562 3730 1617 3775 et
1644 3721 1804 3791 quin-

205 3824 313 3879 que
341 3806 581 3861 millibus
608 3808 682 3861 ita
710 3806 939 3874 refulsit,
968 3818 1025 3861 et
1052 3808 1230 3862 nullus
1259 3824 1447 3864 eorum
1473 3811 1545 3865 de
1572 3826 1804 3882 pauper-

208 3908 319 3954 tate
361 3907 693 3967 conquestus
736 3906 840 3963 est,
874 3906 1075 3968 quanto
1098 3900 1271 3969 magis
1296 3900 1351 3954 itt
1384 3911 1529 3956 tanta
1558 3904 1804 3959 multitu-

204 3993 373 4047 dine?
402 3993 524 4061 quis
553 3994 718 4046 etiam
742 4001 1089 4046 externorum
1120 4009 1227 4045 non
1270 3995 1473 4063 aliquid
1506 3996 1806 4064 adjiceretl

208 4084 277 4139 l.‘t
296 4092 479 4137 autem
503 4083 807 4148 ostendam,
824 4084 902 4135 sic
916 4083 1200 4137 distractas
1216 4098 1347 4153 opes
1368 4086 1538 4156 magis
1549 4089 1799 4157 expendi,

202 4186 261 4229 et
288 4174 619 4244 paupertatis
658 4189 878 4229 causam
924 4189 1046 4229 esse
1073 4174 1148 4246 (α)
1175 4194 1189 4229 :
1214 4177 1284 4231 sit
1314 4177 1509 4233 domus
1531 4223 1548 4247 ,
1578 4181 1665 4236 ubi
1697 4168 1806 4238 sint

205 4267 360 4337 pueri
402 4266 594 4321 decem
634 4274 691 4320 et
717 4280 853 4321 uxor
879 4275 933 4321 et
962 4266 1074 4331 vir;
1103 4279 1159 4321 et
1184 4268 1276 4323 illa
1305 4270 1524 4339 quidem
1565 4272 1802 4329 laniﬁcio

204 4358 506 4423 incumbat,
521 4357 611 4411 ille
622 4372 751 4411 vero
771 4357 838 4411 de
850 4357 983 4412 foris
997 4369 1293 4428 proventus
1303 4360 1493 4414 afferat
1511 4380 1525 4415 :
1546 4363 1634 4418 dic
1646 4366 1800 4431 mihi,

200 4468 271 4505 an
325 4449 403 4505 illi
453 4451 505 4503 in
550 4448 823 4503 communi
866 4450 1112 4503 viventes
1160 4460 1215 4505 et
1254 4452 1306 4504 in
1360 4468 1461 4505 una
1504 4454 1686 4521 domo,
1732 4472 1800 4512 an

200 4540 435 4611 diSpersi
466 4540 584 4609 plus
626 4539 979 4609 impendant?
1010 4540 1192 4595 Palam
1234 4551 1319 4597 est
1346 4544 1491 4613 quod
1535 4545 1786 4615 dispersi.

203 4634 339 4688 Nam
367 4633 413 4686 si
441 4632 818 4702 dispergantur
844 4631 1036 4686 decem
1063 4632 1178 4698 ﬁlii,
1206 4634 1394 4689 decem
1422 4636 1671 4693 domibus
1696 4640 1801 4695 erit

199 4739 360 4793 opus,
394 4723 583 4778 decem
608 4723 810 4777 mensis
830 4763 847 4787 ,
874 4722 1062 4777 decem
1091 4722 1304 4781 famulis
1325 4766 1341 4791 ,
1388 4736 1695 4799 cmteroque
1722 4732 1798 4783 si-

200 4814 407 4869 militer
433 4822 711 4882 proventu.
739 4813 877 4881 Qttid
908 4829 1056 4878 vero,
1088 4816 1176 4869 ubi
1206 4831 1484 4873 servorum
1510 4829 1593 4874 est
1622 4822 1801 4876 multi-

202 4907 377 4962 tudo?
420 4921 599 4961 nonne
629 4905 751 4960 ideo
778 4920 967 4961 omnes
1011 4909 1256 4963 eamdem
1289 4926 1529 4967 mensam
1563 4913 1795 4981 habent,

199 5016 269 5054 nc
299 5000 476 5068 major
499 4998 591 5052 fiat
618 4998 858 5067 impensa
876 5000 901 5051 Ἰ
930 5000 1061 5054 Nam
1092 5002 1288 5057 divisio
1308 5018 1523 5074 semper
1550 5006 1802 5063 imminu-

199 5091 408 5144 tionem
442 5090 614 5158 parit;
655 5090 942 5145 concordia
982 5102 1037 5145 et
1066 5107 1364 5147 consensus
1384 5136 1399 5161 ,
1428 5108 1795 5166 augmentum.

196 5183 289 5238 Sic
318 5184 372 5235 in
399 5181 742 5236 monasteﬂis
768 5197 911 5236 nunc
939 5184 1135 5238 vivitur
1153 5226 1169 5252 ,
1200 5195 1257 5240 ut
1283 5188 1409 5241 olim
1438 5188 1623 5245 ﬁdeles
1651 5192 1797 5246 vive-

197 5276 351 5328 bant.
380 5273 513 5337 Quis
544 5272 685 5327 fame
712 5283 958 5328 mortuus
983 5275 1103 5328 est?
1131 5276 1253 5345 quis
1280 5293 1386 5331 non
1427 5282 1649 5348 cepioso
1676 5284 1797 5339 cibo

196 5379 389 5436 pastus
414 5374 499 5420 est
518 5366 542 5418 ’ἒ
564 5365 715 5420 Nunc
744 5375 921 5421 tamen
951 5366 1056 5422 hoc
1099 5370 1270 5439 magis
1298 5372 1487 5425 timent
1512 5372 1757 5430 homines
1777 5418 1793 5443 ,

194 5476 364 5529 quam
392 5462 445 5515 in
475 5458 698 5530 pelagus
723 5460 1040 5516 immensum
1065 5462 1325 5517 incidere.
1354 5464 1407 5520 Si
1438 5475 1616 5521 autem
1639 5467 1799 5537 hujus

228 5598 305 5661 (tt)
329 5606 441 5657 Qua
471 5598 541 5649 de
568 5599 880 5663 pauperibus
912 5597 1460 5663 Constantinopolitanis
1492 5603 1684 5652 alendis
1718 5606 1798 5653 hic

192 5662 439 5721 ditaretur,
684 5670 799 5725 sunt
839 5662 901 5711 iis
924 5675 1036 5723 quae
1059 5664 1124 5711 de
1148 5662 1450 5725 pauperibus
1474 5665 1801 5715 Antioeltenis

196 5735 341 5784 supra
369 5720 575 5774 dixerat
609 5720 824 5773 Homilia
854 5720 998 5784 LXV].
1027 5726 1076 5772 in
1121 5720 1422 5783 tiattlitcum,
1446 5735 1591 5775 'romo
1626 5729 1672 5775 7.
1712 5730 1797 5778 tibi

198 5786 418 5837 advertas
446 5786 601 5847 longe
635 5786 871 5850 majorem
900 5783 1058 5850 fuisse
1095 5800 1363 5850 pauperum
1399 5802 1655 5839 numerum
1680 5790 1800 5842 (lon-

192 5850 544 5919 staminopogi;
554 5862 692 5911 mam
717 5848 1010 5897 Antiochiae.

1943 500 2019 553 rei
2039 502 2335 569 periculum
2352 504 2690 576 fecissemus,
2704 523 2819 564 rem
2836 510 3091 570 audacter
3104 516 3542 587 aggredercmur.

1940 596 2205 663 Quantam
2234 611 2389 670 putas
2434 601 2583 657 illam
2622 618 2745 657 esse
2768 608 2997 676 gratiam
3020 609 3046 661 ?
3073 607 3147 662 δε
3194 611 3339 665 enim
3373 623 3503 668 tunc
3527 653 3543 675 .

1938 703 2062 743 cum
2089 692 2267 749 nullus
2297 708 2435 762 pene
2460 704 2605 749 esset
2630 695 2827 761 ﬁdelis,
2850 699 2947 752 scd
2976 700 3150 754 solum
3182 702 3281 755 tria
3309 711 3365 757 et
3389 703 3549 771 quin-

1938 796 2045 850 que
2077 782 2274 849 millia;
2312 800 2437 839 cum
2462 801 2689 853 omnes,
2717 792 2810 857 qui
2842 790 2896 843 iu
2928 791 3132 845 mundo
3153 802 3330 857 erant,
3361 794 3546 849 hostes

1938 883 2161 939 essent;
2195 891 2318 931 cum
2348 893 2611 947 nusquam
2654 880 3082 937 consolationem
3125 894 3541 953 exspectarent,

1940 978 2047 1022 tam
2076 980 2299 1026 strenue
2330 988 2445 1041 rem
2471 974 2711 1043 aggressi
2742 986 2872 1030 sunt
2900 994 2913 1029 :
2943 987 3148 1047 quanto
3169 979 3343 1048 magis
3372 994 3541 1045 nunc,

1936 1075 2059 1114 cum
2089 1076 2186 1130 per
2219 1063 2312 1118 Dei
2354 1066 2584 1134 gratiam
2610 1082 2705 1136 per
2730 1075 2903 1121 totum
2946 1070 3135 1125 orbem
3164 1069 3353 1127 ﬁdeles
3378 1073 3544 1127 sunt?

1935 1167 2056 1223 quts
2097 1155 2209 1223 jam
2255 1168 2567 1224 superesset
2616 1158 2873 1229 gentilis?
2913 1159 3140 1227 Nullus,
3188 1162 3422 1235 oﬁnor;
3471 1166 3542 1219 ita

1935 1258 2127 1300 omnes
2158 1249 2573 1304 attraxissentus
2603 1261 2655 1305 et
2684 1253 2843 1307 nobis
2865 1253 3333 1310 conciliassemus.
3364 1256 3542 1312 (Σπιθ-

1935 1352 2053 1391 rum
2079 1338 2125 1392 si
2155 1338 2257 1393 hac
2287 1340 2369 1394 via
2418 1343 2830 1412 progrediamur
2851 1385 2868 1408 ,
2920 1361 3015 1414 per
3063 1348 3229 1401 Deum
3274 1361 3439 1418 spero
3464 1350 3544 1404 sic

1935 1442 2048 1481 rem
2078 1427 2310 1483 futuram
2336 1445 2478 1485 esse.
2510 1432 2895 1503 Obtcmperate
2932 1436 3063 1490 mihi
3091 1446 3298 1492 tantum
3318 1480 3333 1503 ,
3365 1449 3420 1493 et
3448 1456 3545 1510 per

1931 1518 2177 1574 ordinem
2199 1536 2314 1576 rem
2342 1522 2477 1577 bene
2494 1539 2749 1594 geremus
2771 1541 2785 1579 :
2812 1539 2863 1581 et
2888 1530 2934 1583 si
2960 1527 3102 1583 Deus
3122 1529 3285 1584 vitam
3306 1530 3538 1597 dederit,

1932 1613 2097 1668 credo
2116 1614 2229 1670 fore
2254 1617 2431 1670 utcito
2449 1617 2501 1671 in
2519 1619 2656 1673 hanc
2674 1622 2797 1675 vita:
2814 1624 3078 1677 rationem
3098 1638 3196 1679 nos
3213 1625 3537 1696 ingeramus.

2003 1702 2058 1757 4.
2071 1701 2909 1776 Contrajuramenta.--lnterim
2922 1718 3095 1790 legem
3119 1717 3189 1772 de
3226 1718 3540 1788 juramento

1931 1797 2151 1867 implete
2175 1814 2239 1855 ac
2268 1799 2496 1857 ﬁrmiter
2523 1813 2737 1860 tenete:
2762 1816 2817 1861 et
2840 1808 2930 1877 qui
2958 1818 3160 1877 servat,
3185 1823 3291 1863 non
3317 1825 3540 1866 servano

1931 1898 2036 1946 tem
2067 1891 2409 1948 manifestum
2435 1893 2617 1963 faciat,
2647 1898 2856 1953 incuset
2879 1899 3339 1973 vehementerque
3365 1903 3541 1959 incre—

1930 1991 2041 2052 pet.
2072 1983 2403 2040 Prteﬁnitum
2436 1989 2580 2042 enim
2613 1996 2825 2059 tempus
2851 2007 3020 2062 prope
3047 2002 3131 2048 est
3151 2036 3167 2060 ,
3198 2003 3254 2049 et
3291 1996 3366 2049 rei
3412 2012 3538 2065 per-

1927 2074 2271 2142 quisitionem
2316 2076 2543 2143 faciam,
2590 2079 3100 2153 deprehensumque
3137 2087 3435 2157 segregat»
3483 2096 3541 2145 et

1926 2165 2228 2220 excludam.
2263 2168 2419 2223 Absit
2449 2179 2630 2225 autem
2651 2213 2666 2236 ,
2695 2188 2764 2227 ne
2788 2177 2909 2242 quis
2938 2175 3061 2229 talis
3088 2177 3232 2247 apud
3258 2194 3359 2234 nos
3389 2180 3540 2236 inve-

1926 2256 2138 2324 niatur;
2168 2260 2263 2313 sed
2291 2274 2482 2316 omnes
2506 2274 2761 2321 accurate
2786 2264 2891 2322 hoc
2915 2277 3131 2336 pactum
3169 2280 3385 2327 servent
3426 2274 3541 2343 spi-

1925 2349 2139 2404 rituale.
2169 2351 2241 2407 Ut
2277 2354 2419 2407 enim
2452 2354 2505 2409 in
2546 2354 2689 2411 bello
2726 2373 2793 2412 ex
2832 2368 3037 2415 tessera
3064 2362 3461 2420 commilitones
3484 2374 3542 2422 et

1924 2440 2014 2494 alii
2042 2441 2451 2511 dignoscantur,
2482 2447 2554 2503 ita
2598 2458 2655 2503 et
2697 2466 2842 2506 nunc
2880 2452 2995 2509 ﬁat.
3025 2453 3162 2510 Nam
3204 2466 3261 2512 et
3299 2473 3443 2514 nunc
3485 2460 3538 2515 in

1923 2532 2066 2587 bello
2086 2550 2290 2601 sumus,
2316 2548 2372 2591 ut
2394 2548 2448 2594 et
2466 2538 2658 2597 fratres
2672 2547 3321 2613 agnoscamtts.Quanttnn
3337 2550 3538 2608 bonum

1920 2632 2024 2682 erit
2052 2628 2209 2684 nobis
2235 2629 2339 2685 hoc
2364 2632 2703 2703 signaculum
2733 2646 2789 2692 et
2818 2638 2904 2694 hic
2934 2649 2991 2693 et
3039 2642 3091 2694 in
3120 2642 3299 2698 aliena
3334 2655 3476 2700 terra
3512 2647 3539 2701 ἲ

1921 2720 2098 2790 qualia
2125 2732 2251 2777 sunt
2288 2722 2405 2779 tunc
2442 2740 2591 2781 arma
2630 2728 2892 2785 adversus
2930 2731 3127 2788 diaboli
3177 2737 3539 2793 machinas‘?

1920 2814 1994 2868 Os
2018 2815 2163 2869 enim
2178 2816 2367 2883 jurarc
2394 2820 2662 2886 nesciens,
2686 2823 2796 2876 cito
2822 2824 2988 2879 Deum
3017 2827 3069 2879 in
3098 2829 3349 2897 precibus
3368 2842 3540 2887 attra-

1921 2908 2034 2972 bet,
2056 2918 2110 2964 et
2126 2910 2270 2978 gravi
2294 2910 2448 2981 plaga
2468 2913 2741 2972 diabolum
2766 2914 2953 2971 feriet:
2978 2934 3040 2973 os
3055 2919 3241 2989 jurarc
3261 2925 3532 2991 nesciens,

1920 3015 2019 3055 nec
2041 3003 2492 3057 contumeliosum
2523 3005 2646 3059 erit.
2680 3004 2751 3061 Ut
2781 3023 2847 3061 ex
2890 3008 3083 3077 domo,
3125 3013 3205 3067 sic
3246 3029 3313 3067 ex
3354 3014 3536 3085 lingua

1919 3090 2062 3144 hunc
2090 3092 2265 3162 ignem
2295 3094 2433 3163 ejice
2457 3137 2473 3161 ,
2516 3106 2570 3150 et
2614 3096 2759 3152 foras
2804 3101 2980 3155 trahe.
3013 3102 3089 3156 Da
3121 3104 3221 3173 ipsi
3253 3104 3449 3177 lingua:
3477 3118 3538 3163 ut

1917 3184 2133 3251 paulum
2161 3184 2434 3253 respiret,
2483 3196 2538 3241 et
2566 3188 2721 3243 ulcus
2765 3189 3033 3247 inﬁrmius
3072 3194 3305 3251 reddito.
3354 3198 3533 3255 Etiam

1914 3274 2162 3341 obsecro,
2213 3286 2272 3331 ut
2320 3277 2482 3331 aliam
2524 3278 2678 3334 vobis
2721 3280 3063 3352 disciplinam
3103 3286 3311 3342 tradam
3357 3307 3372 3344 :
3408 3306 3533 3347 cum

1914 3367 2057 3420 enim
2085 3367 2187 3422 hoc
2208 3368 2445 3423 nondum
2467 3370 2813 3427 emendatum
2838 3375 2928 3439 sit,
2956 3392 3063 3431 non
3088 3380 3263 3435 ausim
3291 3381 3358 3436 ad
3382 3383 3534 3440 aliud

1913 3458 2119 3512 venire.
2148 3458 2265 3515 lloc
2292 3476 2417 3515 cum
2445 3460 2721 3533 diligentia
2748 3479 2779 3517 a
2807 3466 2959 3521 vobis
2986 3470 3293 3541 corrigatur
3324 3490 3338 3525 :
3370 3472 3533 3549 hujus

1914 3553 2095 3621 operis
2123 3568 2343 3609 sensum
2372 3554 2601 3625 accipite
2620 3598 2637 3623 ,
2680 3566 2737 3611 et
2777 3568 2905 3613 tunc
2943 3559 3095 3613 vobis
3117 3562 3253 3617 alias
3282 3564 3532 3623 inducam

1918 3644 2099 3714 leges;
2146 3644 2255 3697 imo
2296 3660 2403 3699 non
2442 3662 2579 3716 ego,
2620 3648 2717 3703 sed
2761 3648 3027 3705 Christus.
3076 3652 3189 3708 lloc
3229 3654 3433 3711 bonum
3472 3659 3532 3715 in

1912 3736 2089 3789 anima
2121 3745 2301 3791 vestra
2333 3739 2591 3807 plantate,
2624 3749 2679 3794 et
2711 3742 2965 3810 paulatim
3004 3746 3284 3812 paradisus
3314 3749 3409 3803 Dei
3442 3751 3529 3807 ef-

1915 3830 2207 3895 ﬁciemini,
2256 3831 2430 3885 multo
2468 3832 2662 3886 melior
2708 3834 2802 3887 illo
2846 3834 2977 3888 olim
3026 3838 3297 3905 paradiso.
3342 3840 3543 3913 Neque-

1912 3926 2058 3979 enitn
2088 3926 2228 3994 apud
2256 3939 2359 3979 nos
2382 3941 2607 3995 serpens
2644 3937 2745 3992 est,
2789 3942 2963 3998 neque
3005 3930 3171 3986 arbor
3208 3936 3485 3991 mortifera
3508 3980 3526 4005 ,

1914 4031 2088 4085 neque
2116 4017 2260 4070 aliud
2289 4018 2486 4071 simile.
2530 4017 2705 4088 Figite
2734 4019 2787 4072 in
2834 4020 3100 4089 profundo
3132 4022 3270 4078 hanc
3297 4041 3530 4084 consue-

1913 4106 2172 4161 tudinem.
2206 4106 2319 4160 lluc
2346 4108 2389 4159 si
2421 4107 2512 4160 ﬁat
2536 4148 2550 4171 ,
2598 4124 2703 4162 non
2750 4110 2903 4165 vobis
2932 4121 3137 4168 tantum
3167 4118 3529 4185 przcsentibus

1912 4198 2175 4267 proderit,
2205 4198 2301 4253 sed
2326 4199 2490 4253 etiam
2518 4201 2770 4254 omnibus
2796 4204 2886 4271 qui
2918 4203 2970 4257 in
3000 4206 3135 4260 orbe
3156 4217 3312 4273 sunt;
3340 4218 3527 4268 etnon

1912 4289 1996 4343 liis
2028 4298 2257 4353 tantum,
2291 4289 2386 4344 sed
2414 4299 2466 4343 et
2500 4291 2563 4343 iis
2592 4292 2681 4359 qui
2721 4302 2842 4360 post
2886 4292 3050 4349 futuri
3092 4307 3237 4351 sunt.
3285 4300 3529 4357 Consue-

1913 4380 2039 4436 tudo
2067 4396 2299 4451 namque
2328 4381 2469 4436 bona
2500 4382 2763 4451 ingressa,
2795 4393 2850 4439 et
2876 4386 2945 4439 ab
2974 4388 3228 4444 omnibus
3271 4403 3483 4447 servata
3506 4436 3523 4463 ,

1912 4476 1965 4528 in
1995 4474 2151 4544 longa
2186 4475 2434 4528 transibit
2472 4483 2738 4544 tempora,
2771 4487 2827 4530 et
2871 4479 3075 4537 nullttnt
3109 4481 3279 4551 ipsam
3314 4495 3527 4556 tempus

1909 4567 2225 4621 exscindere
2255 4567 2472 4636 poterit.
2506 4568 2563 4622 Si
2595 4569 2659 4629 is,
2690 4571 2782 4639 qtti
2812 4571 2952 4640 ligna
2982 4574 3271 4643 colligebat
3302 4578 3355 4631 in
3399 4579 3523 4633 sab-

1908 4658 2056 4721 bato,
2087 4658 2351 4726 lapidatus
2379 4660 2479 4712 fuit
2522 4660 2543 4729 (
2566 4660 2730 4716 Num.
2764 4663 2855 4716 13.
2888 4664 2991 4734 35)
3024 4686 3035 4719 :
3082 4670 3172 4736 qui
3202 4669 3524 4728 collectione

1909 4750 1999 4805 illa
2028 4750 2185 4820 longe
2210 4751 2459 4820 graviora
2486 4752 2751 4818 admittit,
2798 4764 2853 4810 et
2883 4770 3223 4825 peccatorum
3252 4766 3521 4823 sarcinam

1908 4843 2115 4914 Colligit
2166 4830 2303 4913 (hoc
2342 4844 2488 4898 enim
2528 4855 2613 4899 est
2654 4847 3084 4915 juramentorum
3133 4852 3522 4932 frequentia),

1908 4938 2035 5009 qttid
2066 4954 2170 4992 non
2202 4939 2439 4992 subibit?
2463 4939 2592 5008 quid
2626 4956 2730 4994 non
2764 4943 3039 5023 patietur;
3062 4946 3313 5018 Magnum
3345 4968 3374 5005 a
3410 4954 3523 5011 Deo

1908 5030 2181 5100 accipietis
2206 5031 2488 5095 auxilium,
2519 5032 2562 5085 si
2592 5031 2695 5087 hoc
2726 5033 3081 5101 perfeceritis.
3110 5039 3165 5093 Si
3198 5040 3399 5109 dicam,
3442 5046 3522 5103 Ne

1907 5124 2230 5179 contumelia
2262 5123 2485 5190 afﬁcias,
2536 5128 2717 5179 statim
2749 5127 2880 5182 mihi
2913 5129 3148 5186 furorem
3182 5133 3235 5187 in
3281 5137 3519 5193 medium

1906 5217 2067 5271 aﬁ‘ers
2095 5235 2108 5271 :
2134 5216 2179 5270 si
2209 5218 2404 5279 dieztm,
2433 5217 2509 5271 Ne
2537 5220 2798 5287 invideas,
2825 5223 2983 5277 aliam
3006 5240 3223 5282 causam
3253 5230 3517 5299 proferes.

1910 5311 2006 5365 llic
2036 5326 2165 5365 vero
2194 5311 2325 5364 nihil
2376 5312 2481 5365 tale
2522 5313 2687 5366 habes
2717 5314 3026 5371 dicendum.
3060 5320 3186 5375 Ideo
3215 5339 3244 5374 a
3277 5326 3521 5381 incilibus

1907 5405 2045 5472 οωνί
2074 5446 2088 5470 ,
2133 5404 2257 5473 quia
2304 5405 2357 5457 in
2406 5405 2615 5458 artibus
2657 5406 2908 5463 omnibus
2955 5412 3034 5466 sic
3074 5412 3191 5467 ﬁeri
3238 5418 3394 5471 solet.
3430 5419 3523 5474 Sic

1907 5498 2030 5567 quis
2056 5496 2123 5551 ad
2154 5497 2355 5566 majora
2386 5499 2647 5565 procedit,
2683 5514 2807 5555 cum
2835 5504 2983 5571 prius
3029 5505 3264 5563 faciliora
3310 5511 3517 5569 didicit.

1907 5588 2101 5644 Scietis
2129 5605 2288 5658 quam
2318 5590 2389 5643 sit
2418 5590 2521 5644 hoc
2563 5590 2748 5657 facile,
2796 5597 3013 5663 quando
3046 5614 3105 5653 re
3144 5617 3241 5668 per
3272 5603 3364 5657 Dei
3389 5621 3518 5674 gra.

1910 5681 2037 5735 tiam
2070 5680 2334 5751 perfecta,
2366 5682 2523 5736 aliam
2553 5687 2872 5753 acceperitis
2900 5688 3092 5759 legent.
3124 5693 3257 5749 Date
3283 5695 3410 5751 inihi
3438 5698 3521 5752 Ιο-

1976 5858 1993 5888 ι
2043 5855 2097 5906 In
2166 5872 2265 5908 uno
2336 5858 2538 5923 legitur,
2565 5862 2798 5916 «diuersus
2836 5866 3015 5921 diaboli
3040 5880 3200 5933 eamut.
