4044 6482
548 416 616 473 9’J
1262 403 1320 459 S.
1360 396 1636 458 JOANNIS
1672 391 2147 453 CllitYSOSTOMI
2187 389 2508 449 ARCHIEP.
2549 386 3081 445 CONSTANTINOP.

542 529 735 606 quendi
768 527 1128 593 ﬁduciam,.et
1150 536 1332 579 coram
1374 516 1662 590 gentilibus
1708 522 1763 570 et
1788 526 1999 606 curati:
2032 508 2131 606 lu—

545 604 689 686 dmis,
724 630 799 688 et,
834 619 973 691 quod
1003 626 1128 673 ante
1153 614 1330 669 omnia
1374 620 1457 665 est
1483 650 1497 673 ,
1544 621 1725 664 coram
1772 605 1907 661 Deo.
1963 604 2134 658 Etiam

542 718 766 769 obsecro
799 729 895 784 per
920 712 1193 767 caritatem
1213 747 1228 773 ,
1269 720 1361 774 per
1386 703 1625 757 dolorem
1657 706 1841 769 partus
1861 738 1875 762 ,
1907 710 2014 765 quo
2042 709 2137 750 vos

544 805 834 875 parturivi,
882 801 1061 857 Filioli
1102 799 1217 853 mei.
1263 794 1417 862 Quod
1448 792 1689 861 sequitur
1743 803 1848 843 non
1900 786 2134 852 addam,

548 895 685 959 Quos
723 896 905 950 iterum
935 890 1199 964 parturio;
1226 900 1402 955 neque
1429 885 1601 939 dicam
1622 924 1636 947 ,
1681 881 1852 934 Donec
1894 882 2140 951 formetur

547 985 776 1042 Christus
801 987 853 1040 in
880 983 1017 1040 vobis
1071 980 1211 1053 (Cal.
1239 981 1293 1035 ι.
1321 978 1442 1047 19).
1472 974 1649 1030 Credo
1672 972 1837 1035 enim,
1864 969 2137 1026 Christum

547 1079 601 1135 in
638 1078 787 1134 vobis
815 1077 1100 1132 formatum
1128 1088 1273 1129 esse.
1302 1068 1408 1126 Sed
1434 1069 1535 1123 alia
1566 1065 1719 1119 vobis
1743 1063 1917 1119 dicam
1952 1079 1965 1114 :
2000 1062 2137 1115 Fra-

548 1178 647 1224 tres
690 1170 787 1223 mei
826 1168 998 1223 dilecti
1036 1177 1084 1221 et
1121 1163 1422 1223 desiderati,
1468 1158 1711 1231 gaudium
1741 1164 1787 1211 et
1814 1171 2001 1210 corona
2030 1169 2139 1207 mea

548 1258 821 1329 (Philipp.
850 1261 902 1315 4.
935 1257 1027 1329 1).
1057 1255 1271 1313 Credite
1302 1252 1464 1316 mihi,
1506 1265 1593 1305 me
1635 1263 1741 1303 non
1777 1248 1932 1301 aliter
1969 1246 2140 1299 dictu-

548 1366 665 1405 rum
697 1366 837 1407 esse.
872 1351 927 1406 Si
954 1350 1073 1419 quis
1102 1346 1246 1401 mille
1273 1357 1503 1399 coronas
1527 1334 1701 1412 regias
1727 1337 1955 1409 gemmis
1983 1351 2141 1391 orna-

550 1452 630 1498 tas
655 1443 813 1513 capiti
842 1422 962 1497 meo
990 1454 1128 1494 nunc
1153 1438 1473 1506 imponeret,
1504 1448 1609 1487 non
1641 1432 1709 1484 ita
1736 1428 2055 1501 gauderem,
2085 1434 2142 1480 ut

548 1534 750 1603 gaudeo
782 1535 833 1588 in
863 1533 1099 1603 profectu
1126 1537 1343 1594 vestro;
1375 1528 1479 1581 imo
1510 1539 1607 1579 nec
1635 1524 1805 1593 ipsum
1852 1520 2142 1588 Imperato-

548 1638 661 1678 rem
691 1625 759 1677 ita
803 1622 1038 1693 gaudere
1082 1629 1232 1690 puto,
1264 1628 1323 1673 ut
1351 1632 1448 1687 ego
1477 1613 1544 1670 de
1569 1612 1721 1667 vobis
1748 1610 1974 1681 gaudeo.
2005 1605 2139 1674 Quid

556 1713 712 1768 dico?
743 1712 799 1769 Si
817 1713 1063 1766 omnibus
1095 1709 1332 1765 adversis
1361 1705 1608 1777 gentibus
1642 1701 1955 1772 expugnatis
1976 1699 2145 1753 victor

558 1804 787 1867 rediret,
838 1818 900 1858 ac
947 1811 1140 1872 praeter
1161 1800 1371 1854 solitam
1415 1810 1671 1852 coronam
1699 1792 1833 1847 alias
1876 1791 2145 1861 acciperet

547 1909 779 1950 coronas
797 1904 851 1950 et
871 1893 1168 1947 diademata
1189 1890 1423 1946 victoriae
1461 1886 1702 1959 symbola
1723 1925 1738 1949 ,
1771 1898 1876 1938 non
1930 1890 2056 1950 puto
2084 1879 2143 1934 il-

554 1988 663 2042 lum
693 1986 757 2040 de
785 1984 998 2055 tropaeis
1016 1984 1086 2037 ita
1103 1983 1407 2054 gavisurum
1432 1994 1576 2042 esse,
1597 1985 1654 2031 ut
1680 1990 1781 2047 ego
1807 1975 1874 2030 de
1902 1972 2143 2045 profectu

553 2090 733 2134 vestro
748 2078 971 2148 gaudeo.
999 2077 1129 2131 Nam
1162 2078 1229 2129 ita
1254 2074 1487 2137 exsulto,
1515 2086 1576 2125 ac
1592 2071 1637 2125 si
1660 2068 2043 2123 millecoronas
2065 2078 2148 2119 ca-

553 2170 661 2241 pite
676 2180 940 2239 gestarem
961 2186 977 2235 ;
1008 2183 1069 2222 ac
1093 2168 1211 2237 jure
1245 2167 1458 2220 merito.
1476 2163 1610 2218 Nam
1629 2164 1672 2217 si
1697 2177 1793 2231 per
1810 2160 1904 2214 Dei
1922 2159 2145 2226 gratiam

554 2260 695 2314 hunc
738 2274 942 2313 morem
972 2257 1329 2327 assequamini
1351 2296 1367 2321 ,
1396 2262 1682 2309 sexcentos
1722 2252 1903 2305 hostes
1930 2262 2149 2318 supera-

3732 384 3841 443 100

2240 508 2357 573 stis,
2387 506 2490 562 illis
2515 504 2672 574 longe
2693 504 2987 573 graviores,
3016 500 3106 571 qui
3135 506 3318 555 contra
3362 498 3533 554 malos
3560 500 3839 555 daemonas

2239 608 2293 656 et
2318 598 2524 653 feroces
2550 592 2934 666 pugnaveritis,
2963 607 3069 646 non
3096 590 3291 661 gladio,
3317 588 3412 643 sed
3437 589 3613 658 lingua
3640 600 3691 644 et
3721 605 3842 658 pro-

2242 691 2435 762 posito.
2468 687 2656 741 Videte
2684 699 2914 753 namque
2939 698 3097 753 quam
3129 682 3265 737 bene
3291 695 3405 736 rem
3434 680 3707 750 gesseritis
3729 721 3746 745 ,
3791 681 3841 734 si

2243 783 2345 837 hoc
2385 780 2692 851 perﬁciatis.
2736 777 2915 833 Primo
2951 791 3167 846 gravem
3207 773 3648 829 consuetudinem
3693 776 3844 828 exei-

2240 873 2424 937 distis;
2452 868 2689 925 secundo
2713 868 2904 921 malam
2932 867 3331 935 cogitationem,
3359 863 3502 919 unde
3526 864 3703 917 omnia
3733 879 3844 917 ma-

2242 965 2326 1029 la,
2356 976 2548 1032 nempe
2574 960 2715 1031 quod
2758 957 2953 1027 putetis
2991 972 3106 1011 rem
3146 969 3267 1010 esse
3309 954 3699 1010 indill'erentem
3740 969 3848 1009 nec

2242 1054 2491 1117 noxiam;
2546 1052 2706 1106 tertio
2756 1049 3029 1112 furorem,
3082 1056 3275 1115 quarto
3323 1045 3603 1100 avaritiam
3656 1062 3672 1099 :
3725 1045 3847 1099 haec

2242 1145 2438 1214 quippe
2464 1142 2641 1197 omnia
2672 1141 2841 1211 gignit
2863 1132 3250 1209 juramentuni.
3282 1136 3393 1192 imo
3421 1152 3486 1191 ex
3516 1138 3618 1191 hoc
3643 1136 3708 1191 ad
3736 1137 3846 1191 alia

2241 1236 2377 1291 bona
2399 1248 2559 1305 opera
2589 1246 2834 1301 magnam
2858 1231 3194 1285 occasionem
3223 1229 3519 1299 accipietis.
3544 1228 3674 1283 Nam
3702 1230 3846 1283 sicut

2243 1330 2351 1395 illi,
2380 1328 2469 1398 qui
2495 1328 2761 1383 elementa
2791 1326 3008 1394 puerilia
3040 1324 3282 1389 discunt,
3328 1338 3433 1377 non
3475 1323 3562 1377 illa
3606 1324 3715 1375 sola
3762 1322 3845 1376 di~

2242 1429 2429 1483 scunt,
2469 1422 2561 1476 sed
2604 1435 2699 1489 per
2737 1419 2825 1473 illa
2869 1418 3119 1488 paulatim
3160 1416 3223 1469 ad
3254 1416 3531 1485 legendum
3564 1417 3847 1471 instituun-

2244 1523 2371 1568 tur:
2417 1514 2495 1568 sic
2534 1522 2587 1567 et
2626 1511 2777 1567 vobis
2820 1510 3027 1565 accidet
3076 1524 3089 1561 :
3140 1524 3246 1562 non
3290 1509 3429 1562 ultra
3470 1524 3566 1561 vos
3611 1508 3847 1575 decipiet

2244 1604 2383 1657 mala
2411 1603 2683 1673 cogitatio,
2714 1617 2886 1672 neque
2912 1600 3104 1657 dicetis
3126 1616 3235 1654 rem
3264 1615 3386 1655 esse
3411 1598 3797 1654 indill‘erentetn
3826 1617 3842 1665 ;

2246 1714 2350 1751 non
2380 1698 2514 1752 ultra
2553 1712 2620 1751 ex
2659 1696 3045 1751 consuetudine
3084 1694 3409 1763 loqueuiini,
3451 1692 3545 1747 sed
3586 1691 3845 1748 adversus

2245 1793 2424 1845 omnia
2467 1791 2673 1845 fortiter
2703 1790 2932 1855 stabitis,
2966 1798 3022 1841 ut
3050 1804 3144 1857 per
3169 1787 3350 1839 omnia
3376 1786 3627 1840 virtutem
3655 1800 3848 1838 senm.

2245 1883 2371 1936 dum
2400 1882 2566 1936 Deum
2596 1882 2764 1944 nacti,
2810 1880 3026 1935 internis
3065 1879 3219 1933 bonis
3258 1877 3540 1941 fruamini,
3581 1877 3747 1946 gratia
3788 1884 3846 1930 et

2245 1975 2571 2044 benignitate
2597 1973 2852 2042 unigeniti
2884 1972 2999 2026 Filii
3028 1971 3174 2038 ejus,
3206 1970 3419 2039 quicum
3462 1969 3602 2023 Patri
3633 1979 3684 2022 et
3729 1968 3847 2037 Spi-

2248 2070 2370 2123 ritui
2393 2078 2579 2122 sancto
2599 2067 2785 2136 gloria.
2808 2064 3114 2134 imperium,
3145 2062 3339 2129 honor,
3368 2076 3508 2117 nunc
3526 2070 3581 2117 et
3605 2076 3842 2129 semper,

2249 2170 2304 2215 et
2333 2162 2385 2214 in
2412 2159 2605 2214 smeula
2630 2157 2974 2213 smculorum.
3003 2155 3197 2209 Amen.

559 2371 3843 2408 ____________________________________..__.___

1868 2456 2215 2519 HOMILIA
2261 2453 2406 2514 ΧΠ.

557 2606 685 2663 Car.
730 2606 781 2659 ι.
847 2621 899 2659 v.
948 2604 1034 2661 56.
1077 2604 1268 2673 Joseph
1297 2614 1496 2670 autem,
1532 2604 1615 2675 qui
1643 2602 2023 2673 cognominatus
2069 2607 2139 2653 est

632 2697 891 2751 Barnabas
919 2699 979 2750 ab
1006 2698 1245 2763 apostolis
1268 2695 1287 2769 (
1302 2696 1439 2766 quod
1468 2706 1538 2748 est
1564 2697 1943 2764 interpretatum
1966 2733 1979 2755 ,
2008 2690 2145 2760 ﬁlius

629 2789 1032 2857 consolationis),
1054 2788 1251 2842 Levites
1268 2829 1281 2851 ,
1314 2786 1532 2857 Cyprius
1558 2803 1735 2857 genere
1753 2826 1767 2850 ,
1795 2786 1885 2840 57.
1915 2801 2027 2838 cum
2058 2786 2150 2837 ha-

629 2879 759 2932 beret
781 2894 979 2947 agrum,
1009 2878 1223 2931 vendidit
1245 2893 1379 2942 eum,
1402 2886 1446 2930 et
1467 2876 1636 2930 attulit
1656 2878 1891 2945 pretium,
1917 2886 1962 2928 et
1982 2876 2149 2946 posuit

634 2982 745 3025 ante
777 2972 925 3040 pedes
947 2971 1311 3039 apostolorum.

637 3065 687 3119 1.
727 3062 1047 3117 Narraturus
1077 3061 1143 3117 de
1172 3062 1376 3115 Anania
1406 3070 1460 3116 et
1496 3060 1755 3131 Sapphira
1777 3099 1790 3125 ,
1821 3070 1878 3115 ut
1906 3059 2152 3115 ostendat

563 3154 710 3210 illum
746 3153 797 3207 in
830 3154 1115 3205 maximum
1148 3160 1418 3221 peccatum
1458 3151 1741 3216 incidisse,
1772 3149 1917 3220 prius
1943 3164 2150 3204 memo-

565 3255 647 3301 rat
672 3260 791 3299 eum
818 3282 834 3305 ,
862 3243 949 3312 qui
981 3252 1125 3296 recte
1155 3257 1213 3297 se
1242 3250 1484 3312 gesserat
1510 3258 1525 3296 ;
1555 3242 1675 3311 quia
1706 3255 1828 3296 cum
1862 3251 2037 3294 tantus
2066 3254 2152 3294 es-

564 3346 647 3391 set
687 3349 939 3388 numerus
978 3346 1163 3387 eorum
1190 3374 1205 3398 ,
1234 3333 1323 3403 qui
1367 3332 1438 3386 ita
1480 3332 1754 3397 fecerant,
1786 3339 1928 3385 tanta
1958 3331 2147 3401 gratia,

565 3436 707 3480 tanta
738 3426 907 3495 signa,
936 3438 966 3477 a
994 3422 1140 3477 nullo
1166 3421 1357 3477 horum
1386 3422 1699 3478 emendatus
1722 3463 1739 3489 ,
1766 3422 1861 3478 sed
1891 3422 2057 3477 semel
2083 3422 2151 3476 ab

562 3516 782 3571 avaritia
811 3520 1133 3577 excaecatus.
1157 3513 1448 3583 perniciem
1464 3512 1626 3575 capiti
1643 3528 1739 3568 suo
1763 3515 1996 3567 attraxit.
2025 3512 2151 3569 Cum

566 3608 764 3661 haberet
792 3623 969 3677 agrum
992 3621 1013 3669 ;
1043 3605 1119 3661 sic
1148 3604 1357 3675 inquit,
1384 3614 1443 3659 ut
1472 3603 1780 3659 ostenderet
1809 3604 1951 3659 hunc
1978 3604 2150 3659 solum

563 3700 662 3770 ipsi
698 3699 895 3760 luisse;
938 3696 1157 3751 vendidit
1186 3706 1231 3748 et
1261 3696 1432 3749 attulit
1471 3696 1684 3763 pretium
1705 3736 1718 3760 ,
1752 3704 1799 3749 et
1832 3697 1997 3766 posuit
2037 3705 2154 3750 ante

565 3789 713 3858 pedes
741 3787 1101 3855 apostolorum.
1133 3787 1182 3840 1.
1226 3784 1316 3838 Vir
1345 3794 1511 3839 autem
1537 3786 1749 3857 quidam
1784 3788 1985 3841 nomine
2012 3787 2151 3839 Ana-

568 3882 701 3943 nias,
733 3895 846 3933 cum
876 3877 1135 3948 Sapphira
1168 3893 1323 3931 uxore
1350 3895 1442 3931 sua
1463 3919 1479 3945 ,
1505 3878 1725 3932 vendidit
1755 3879 2153 3948 possessionem,

567 3970 622 4025 2.
653 3980 697 4025 et
728 3968 979 4039 fraudavit
1006 3968 1067 4019 de
1088 3968 1267 4035 pretio,
1301 3969 1501 4021 conscia
1525 3984 1683 4022 uxore
1707 3985 1836 4023 sua:
1866 3980 1911 4022 et
1939 3968 2157 4033 a/ferens

568 4072 762 4134 partem
791 4060 1060 4129 quamdam
1083 4101 1099 4125 ,
1127 4060 1192 4113 ad
1235 4061 1385 4129 pedes
1429 4062 1775 4131 apostolorum
1806 4062 1989 4131 posuit.
2025 4060 2155 4116 Illud

566 4170 729 4224 grave
754 4161 865 4206 erat
888 4193 902 4215 ,
931 4150 1073 4221 quod
1115 4160 1299 4205 mutuo
1326 4166 1589 4205 consensu
1623 4150 1725 4206 hoc
1758 4150 1995 4207 lacerent
2036 4167 2157 4221 pec-

570 4243 920 4309 catum,nullo
945 4242 1049 4295 alio
1075 4244 1311 4297 conscio.
1346 4240 1501 4298 Unde
1529 4243 1691 4297 subiit
1718 4244 1919 4299 misero
1948 4244 2047 4298 hoc
2076 4244 2157 4298 fa-

571 4335 737 4390 cere?
785 4334 836 4387 3.
880 4332 1019 4387 Dixit
1063 4344 1228 4387 autem
1274 4332 1454 4387 Petrus
1492 4334 1757 4399 :Anania,
1802 4352 1893 4387 cur
1937 4337 2159 4404 implevit

575 4426 796 4481 Satanas
816 4440 903 4476 cor
928 4433 1087 4487 tuum,
1106 4425 1304 4476 mentiri
1330 4433 1374 4477 te
1400 4424 1619 4493 Spiritui
1642 4436 1838 4487 sancto,
1861 4436 1907 4481 et
1920 4428 2160 4497 fraudare

573 4518 637 4572 de
682 4518 840 4585 pretio
879 4515 1030 4586 agri?
1070 4515 1202 4569 Vide
1232 4517 1389 4569 etiam
1431 4532 1571 4569 nunc
1610 4518 1819 4585 signum
1866 4536 2113 4590 magnum
2140 4563 2156 4589 ,

575 4611 849 4671 multoque
893 4606 1063 4675 majus
1096 4607 1289 4676 priore.
1320 4608 1372 4661 ὁ.
1419 4606 1604 4663 Nonne
1633 4627 1838 4664 manens
1868 4613 1956 4665 tibi
1986 4630 2160 4669 mane-

576 4699 680 4751 bat:
707 4706 752 4749 et
778 4698 1131 4749 venumdatum
1157 4697 1209 4749 in
1236 4706 1321 4749 tua
1345 4708 1451 4750 erat
1485 4703 1764 4767 potestate?
1793 4702 1903 4757 Hoc
1930 4714 2011 4759 cst
2034 4746 2051 4773 ,
2080 4710 2159 4761 An

578 4788 867 4841 necessitas
894 4797 949 4841 et
975 4788 1222 4843 violentia
1248 4788 1495 4858 qua-dam
1521 4794 1673 4845 erat?
1698 4808 1826 4847 num
1849 4809 1940 4849 vos
1970 4797 2161 4853 invitos

581 4878 881 4931 trahimus?
910 4877 1079 4941 Quare
1107 4881 1316 4947 posuisti
1341 4882 1391 4933 in
1418 4881 1569 4935 corde
1597 4892 1681 4937 tuo
1711 4884 1842 4937 hanc
1871 4888 2011 4941 rem?
2042 4888 2161 4944 Non

579 4985 631 5021 es
659 4968 888 5021 mentitus
915 4968 1216 5036 hominibus,
1245 4972 1329 5023 sed
1356 4971 1485 5025 Deo.
1510 4974 1562 5027 5.
1587 4975 1805 5028 Audiens
1833 4988 1999 5033 autem
2026 4982 2165 5035 Ana-

580 5061 690 5111 nias
717 5058 823 5113 htec
849 5058 1012 5121 verba,
1037 5061 1212 5112 cecidit
1233 5071 1278 5113 et
1306 5064 1597 5133 exspiravit.
1624 5065 1808 5121 Viden‘
1829 5070 1967 5123 unde
1995 5072 2165 5141 majus

580 5155 789 5224 signum
819 5152 960 5206 hoc?
990 5151 1139 5221 Quod
1170 5154 1415 5217 occidat,
1448 5158 1588 5225 quod
1621 5173 1681 5213 ea
1707 5202 1721 5225 ,
1754 5177 1871 5230 quzc
1904 5164 1953 5216 in
1987 5178 2166 5221 mente

580 5254 634 5299 et
662 5258 779 5313 qua:
810 5242 947 5296 clam
984 5242 1118 5298 iacta
1148 5256 1289 5310 sunt,
1320 5258 1507 5302 noscat
1530 5250 1565 5302 ί.
1607 5250 1671 5304 Et
1710 5257 1876 5323 [actus
1911 5269 1982 5313 est
2017 5262 2167 5317 timor

585 5351 793 5404 magnus
835 5350 986 5402 super
1022 5350 1192 5389 omnes
1229 5341 1319 5406 qui
1354 5339 1643 5397 audierunt.
1678 5343 1729 5398 6.
1766 5346 2041 5419 Surgentes
2070 5373 2166 5409 auo

587 5438 681 5480 tem
711 5425 915 5491 juvenes
936 5466 951 5491 ,
985 5438 1273 5481 antoverunt
1300 5444 1414 5481 eum
1432 5469 1447 5492 ,
1476 5442 1525 5483 et
1554 5433 1815 5500 e/ferentes
1844 5445 2164 5509 sepelierunt,

585 5513 637 5566 7.
674 5512 882 5569 Factum
920 5528 991 5571 est
1020 5530 1185 5573 autem
1212 5522 1355 5586 quasi
1386 5522 1536 5575 trium
1565 5525 1803 5581 horarum
1837 5536 2090 5602 spatium,
2124 5552 2169 5593 et

584 5618 714 5658 uxor
738 5606 893 5675 ipsius
916 5648 931 5674 ,
959 5610 1179 5665 nesciens
1208 5612 1341 5681 quod
1379 5613 1575 5685 factum
1600 5620 1767 5688 fuerat
1788 5662 1804 5691 ,
1837 5624 2078 5683 introivit.
2116 5630 2168 5685 8.

653 5748 669 5781 ¹
694 5747 819 5821 Tres
850 5764 963 5821 mss.
1000 5751 1218 5821 habent“.
1330 5751 1639 5821 respiravit:
1668 5771 1683 5801 ι
1716 5758 1815 5805 Hoc
1843 5755 2028 5821 signum
2061 5771 2164 5821 nta-

598 5816 761 5885 tuaest
786 5810 1032 5885 sanatione
1053 5813 1239 5885 quinti,
1275 5810 1455 5885 scilicet
1484 5814 1717 5885 occidisse
1739 5824 1783 5868 et
1810 5831 1865 5870 ea
1888 5810 2163 5885 Eognovisse

599 5882 705 5930 qua:
726 5874 772 5923 in
790 5880 942 5925 mente
964 5874 1168 5929 latebant
1197 5883 1239 5929 ct
1262 5880 1384 5927 clam
1404 5876 1530 5939 facta
1554 5884 1710 5930 erant.

2250 2594 2391 2648 Dixit
2417 2604 2581 2649 autent
2611 2596 2654 2649 ei
2693 2594 2877 2650 Petrus
2902 2612 2918 2650 :
2942 2595 3037 2649 Dic
3062 2596 3183 2649 mihi
3234 2596 3277 2651 si
3307 2596 3433 2650 tanti
3462 2613 3639 2667 agrunt
3669 2598 3846 2652 vendi-

2252 2684 2438 2739 distis?
2469 2684 2615 2739 llauc
2642 2685 2847 2739 Volebat
2876 2700 3096 2741 servare
3119 2703 3132 2741 :
3159 2686 3249 2741 ille
3279 2702 3507 2757 namque
3536 2689 3637 2741 dux
3670 2686 3849 2743 fuerat

2255 2779 2478 2848 peccati.
2514 2778 2580 2833 Et
2630 2779 2751 2834 ideo
2788 2779 3012 2835 fortasse
3046 2780 3137 2835 dat
3178 2780 3253 2835 illi
3301 2791 3509 2851 tempus
3547 2784 3612 2835 ad
3659 2782 3846 2837 defen-

2252 2872 2493 2937 sionem,
2541 2881 2595 2926 et
2641 2872 2967 2941 pmnitentiae
3014 2873 3338 2929 facultatem.
3381 2873 3507 2930 Ideo
3549 2875 3712 2939 dicit,
3746 2874 3847 2929 Dic

2252 2964 2377 3017 mihi
2419 2965 2463 3017 si
2503 2964 2629 3017 tanti
2670 2981 2849 3036 agrum
2878 2964 3175 3021 vendidistis
3194 2965 3221 3019 γ
3248 2967 3313 3019 At
3352 2967 3442 3020 illa
3473 2967 3598 3021 dixit
3622 2984 3641 3022 :
3672 2965 3847 3021 Etiam

2255 3055 2400 3107 tanti.
2433 3056 2484 3110 9.
2521 3054 2705 3109 Petrus
2749 3066 2918 3111 autem
2952 3056 3020 3109 ad
3060 3073 3169 3111 eam
3196 3074 3215 3111 :
3244 3058 3379 3124 Quid
3418 3060 3590 3129 utique
3615 3061 3848 3114 convenit

2255 3144 2392 3201 vobis
2416 3153 2603 3199 tentare
2630 3145 2882 3215 Spiritum
2908 3150 3179 3203 sanctum?
3207 3147 3337 3203 Ecce
3364 3151 3517 3220 pedes
3540 3168 3735 3216 eorum,
3758 3151 3847 3223 qui

2255 3238 2559 3306 sepelierunt
2592 3239 2754 3293 virum
2783 3251 2923 3293 tuum
2948 3280 2963 3306 ,
2992 3242 3060 3295 ad
3092 3245 3275 3296 ostium
3298 3285 3311 3309 ,
3343 3254 3389 3297 et
3415 3243 3621 3311 elferent
3655 3257 3720 3301 te.
3755 3246 3844 3303 10.

2256 3328 2447 3384 Cecidit
2466 3342 2632 3384 autem
2658 3334 2824 3385 statim
2847 3334 2915 3385 ad
2935 3334 3084 3403 pedes
3112 3335 3239 3404 ejus,
3262 3346 3307 3389 et
3328 3338 3618 3406 exspiravit.
3648 3337 3855 3393 Intran-

2257 3430 2329 3476 tes
2353 3434 2518 3477 autem
2539 3425 2753 3495 juvenes
2782 3425 3074 3480 invenerunt
3099 3428 3242 3480 illam
3272 3439 3555 3494 mortuam,
3587 3441 3633 3483 et
3662 3431 3851 3485 elatam

2256 3514 2556 3581 sepelierunt
2590 3515 2747 3584 juxta
2784 3516 2945 3569 virum
2986 3534 3151 3571 suum.
3198 3518 3285 3573 11.
3314 3519 3380 3571 Et
3406 3520 3569 3588 factus
3598 3532 3670 3574 est
3700 3524 3855 3576 timor

2258 3620 2470 3674 magnus
2496 3606 2547 3657 in
2575 3606 2807 3660 universa
2836 3605 3084 3674 Ecclesia,
3116 3618 3161 3662 et
3189 3626 3341 3678 super
3366 3626 3537 3679 omnes
3561 3614 3648 3681 qui
3674 3615 3856 3667 audie-

2258 3707 2377 3749 runt
2416 3698 2541 3751 Iuec.
2575 3698 2701 3752 Post
2740 3699 2985 3763 timorem
3018 3700 3164 3755 illum
3197 3702 3349 3771 plura
3380 3703 3530 3773 signa
3562 3704 3807 3760 fecerunt
3838 3726 3850 3760 :

2260 3797 2314 3841 et
2334 3788 2471 3856 quod
2505 3788 2746 3855 iecerint,
2777 3792 2922 3845 audi.
2956 3791 3041 3845 12.
3073 3792 3175 3846 Per
3195 3810 3377 3847 manus
3403 3804 3569 3848 autem
3590 3799 3855 3863 apostolo-

2262 3895 2376 3931 rum
2401 3880 2584 3947 ]iebant
2614 3881 2757 3950 signa
2783 3891 2827 3934 et
2856 3884 3089 3952 prodigia
3120 3886 3279 3939 multa
3319 3886 3372 3939 in
3414 3887 3569 3955 plebe.
3607 3887 3673 3941 Et
3710 3900 3857 3943 erant

2262 3974 2564 4025 unanimiter
2591 3990 2760 4027 omnes
2788 3975 2841 4027 in
2867 3978 3060 4046 porticu
3088 3976 3380 4035 Salomonis
3403 3996 3421 4037 :
3445 3982 3529 4036 15.
3557 3992 3855 4035 εωιετονηηο

2261 4072 2429 4114 autem
2458 4078 2603 4116 nemo
2630 4064 2844 4118 audebat
2871 4083 2925 4120 se
2952 4069 3259 4140 coniungere
3283 4072 3417 4137 illis;
3442 4073 3530 4127 sed
3556 4076 3856 4145 magni/ira-

2261 4150 2345 4204 bat
2371 4169 2453 4206 eos
2480 4154 2717 4223 populus.
2742 4155 2867 4212 lure
2894 4179 2905 4213 :
2936 4159 3122 4215 Petrus
3144 4162 3285 4216 enim
3306 4163 3414 4233 jam
3440 4166 3693 4220 terribilis
3714 4179 3854 4233 erat,

2266 4245 2510 4310 puniens,
2538 4254 2593 4299 et
2620 4262 2739 4315 qua:
2766 4248 2817 4301 in
2848 4259 3026 4305 mente
3054 4262 3207 4306 erant
3234 4254 3558 4324 redargucns
3587 4275 3598 4309 :
3625 4258 3708 4311 cui
3742 4274 3859 4312 ma-

2264 4334 2344 4401 gis
2376 4333 2668 4401 litercbant,
2701 4347 2755 4391 et
2784 4349 3001 4409 pr0pter
3028 4342 3235 4412 signum
3254 4387 3267 4412 ,
3296 4355 3349 4400 et
3376 4358 3593 4416 promer
3620 4351 3855 4419 priorem

2263 4424 2597 4488 concionem.
2628 4441 2691 4481 ac
2716 4431 3005 4485 secundam
3035 4434 3369 4504 tertiamque.
3400 4437 3517 4508 Ipse
3546 4455 3775 4510 namque
3801 4452 3860 4499 et

2266 4515 2493 4583 primum
2521 4518 2728 4587 signum
2762 4518 2976 4587 fecerat,
3009 4533 3063 4577 et
3088 4526 3411 4593 secundum,
3442 4538 3491 4582 et
3524 4529 3624 4583 hoc
3654 4532 3815 4586 etiam
3837 4575 3856 4601 ,

2266 4606 2404 4675 quod
2434 4608 2638 4662 videtur
2663 4610 2791 4663 mihi
2821 4628 2923 4668 non
2951 4630 3135 4680 unum,
3163 4618 3255 4672 sed
3283 4617 3477 4687 duplex
3506 4636 3660 4687 esse;
3691 4640 3857 4680 unum

2266 4700 2501 4769 quidem,
2521 4717 2581 4757 ea
2603 4719 2721 4773 qua:
2744 4706 2795 4759 in
2821 4718 2994 4762 mente
3016 4719 3168 4764 erant
3190 4711 3539 4782 redarguere;
3560 4717 3854 4773 secundum

2266 4801 2474 4854 autem,
2522 4796 2671 4862 jussu
2700 4796 2967 4851 occidere.
3000 4802 3082 4853 lt.
3120 4801 3284 4873 Magis
3329 4814 3495 4859 autem
3540 4812 3857 4878 augebatur,

2268 4882 2475 4951 inquit,
2520 4884 2827 4939 credentium
2871 4889 2923 4941 in
2971 4883 3186 4945 D‘omino
3232 4896 3498 4952 multitudo
3539 4902 3761 4956 virorum
3797 4920 3860 4958 ac

2269 4974 2555 5035 mulierum,
2592 4976 2676 5030 15.
2714 4977 2785 5029 ita
2832 4988 2883 5030 ut
2924 4980 2973 5031 in
3017 4982 3207 5047 plateas
3247 4987 3481 5053 ejicerent
3510 4990 3742 5058 inﬁrmos
3766 5034 3781 5055 ,
3811 5003 3860 5048 et

2274 5077 2509 5132 ponerent
2536 5070 2586 5121 in
2618 5068 2815 5122 lectulis
2842 5085 2903 5121 ac
2932 5072 3153 5140 grabatis
3175 5117 3186 5136 ,
3216 5087 3269 5129 ut
3299 5081 3524 5133 veniente
3553 5079 3725 5147 Petro,
3753 5087 3861 5139 sal-

2274 5166 2367 5209 tem
2410 5160 2585 5212 umbra
2628 5161 2767 5213 illius
2805 5161 3120 5219 obumbrare:
3150 5185 3445 5239 quemquam
3486 5173 3712 5231 illorum.
3748 5178 3862 5237 "oc

2274 5248 2326 5303 in
2365 5251 2577 5305 Christo
2623 5268 2727 5307 nou
2772 5252 2965 5311 factum
3010 5268 3093 5312 est
3132 5279 3143 5312 :
3181 5261 3321 5317 unde
3363 5264 3543 5320 videre
3590 5278 3671 5323 est
3720 5247 3863 5327 nunc

2275 5355 2433 5408 Opere
2463 5343 2787 5412 completum
2831 5345 2880 5399 id
2906 5389 2920 5412 ,
2958 5349 3096 5417 quod
3147 5350 3232 5405 ille
3269 5352 3493 5409 dixerat.
3535 5356 3865 5427 Quodnam?

2277 5431 2374 5496 Qui
2402 5434 2555 5487 credit
2586 5435 2637 5487 in
2666 5451 2770 5501 me,
2804 5454 2956 5507 aperti
2984 5458 3094 5510 qua:
3120 5459 3208 5514 ego
3240 5446 3371 5513 facio
3396 5457 3440 5501 et
3465 5450 3573 5518 ipse
3604 5454 3756 5520 faciet
3777 5495 3792 5520 ,
3821 5466 3866 5508 et

2274 5525 2470 5593 majora
2500 5526 2680 5579 horum
2709 5529 2856 5599 faciet
2887 5531 3085 5601 (Joan.
3123 5535 3187 5590 M
3242 5537 3305 5589 12
3328 5539 3367 5608 ).
3403 5542 3489 5594 id.
3523 5541 3863 5599 Concurrebat

2275 5624 2441 5668 autem
2467 5624 2511 5668 et
2543 5617 2810 5673 multitudo
2834 5622 3110 5677 vicinarum
3141 5627 3396 5684 civitatum
3420 5630 3747 5701 Jerusalem,
3778 5638 3860 5705 af-

2277 5707 2486 5776 ferentes
2527 5724 2689 5779 wgros
2731 5723 2777 5766 et
2821 5727 3023 5772 vexatos
3065 5736 3095 5773 a
3137 5723 3393 5791 spiritibus
3437 5725 3748 5797 immundis,
3778 5739 3862 5802 qui

2275 5800 2582 5854 curabuntur
2607 5820 2795 5861 omnes.

2356 5888 2473 5945 Vita
2518 5893 2872 5965 Apostolorum
2918 5918 2978 5959 ex
3022 5908 3285 5965 contrariis
3337 5911 3691 5971 contuebatur
3743 5935 3869 5991 quo-
