4094 6498
238 516 316 565 ιω
1329 503 1393 558 i.\'
1432 500 1610 557 ACTA
1653 496 1802 553 APO!

1911 494 2179 550 ILORUM.
2218 493 2450 550 unum.
2495 495 2607 551 ΧΗ.

230 629 384 681 modo.
408 656 478 666 --
506 625 592 694 '_l‘u
622 638 757 680 vero
783 622 915 678 mihi
944 619 1246 685 considera,
1274 616 1548 689 quomodo
1581 622 1689 668 tota
1718 613 1825 665 vita

229 718 324 773 illis
346 732 408 772 ex
437 716 735 772 Contrariis
764 724 1104 769 contexatur.
1131 710 1331 765 biteror
1362 707 1567 777 primus
1596 704 1697 758 fuit
1723 718 1816 757 as-

226 808 448 878 sumptio
490 807 739 871 Christi;
771 804 967 860 deinde
1003 802 1187 857 laetitia
1220 816 1316 871 per
1340 798 1573 869 Spiritus
1598 796 1827 850 descen-

225 915 333 954 sum
358 916 374 966 ;
405 914 598 953 rursus
642 911 848 954 mceror
871 896 943 951 ob
973 895 1225 949 irrisores
1269 911 1283 946 :
1312 890 1509 947 deinde
1538 889 1719 944 ltetitia
1759 902 1825 941 ex

227 992 461 1047 ﬁdelibus
484 1002 541 1047 et
567 1007 637 1047 ex
659 993 849 1059 signo;
887 988 1082 1044 iterum
1106 1000 1328 1049 mmror,
1352 982 1495 1054 quod
1515 980 1826 1053 apprehen-

116 1066 123 1074 ’
226 1084 511 1148 darentur;
539 1084 670 1139 hinc
694 1084 879 1138 latitia
920 1097 1020 1152 per
1059 1080 1359 1153 apologiam
1387 1093 1563 1133 suam.
1591 1076 1824 1130 Rursum

224 1176 304 1231 hic
342 1176 526 1231 latitia
557 1186 615 1231 et
652 1189 876 1230 meror.
904 1173 1038 1227 Nam
1076 1172 1220 1243 quod
1245 1169 1519 1240 wnspicui
1563 1176 1747 1223 essent
1770 1175 1827 1221 et

225 1268 311 1324 Dei
338 1269 765 1324 revelationibus
788 1267 1121 1332 fruerentur,
1148 1265 1332 1321 laetitia
1350 1274 1467 1320 erat
1491 1280 1505 1329 ;
1534 1262 1675 1333 quod
1694 1276 1824 1316 vero

222 1361 371 1415 etiam
412 1373 543 1414 suos
607 1359 956 1424 occiderent,
1003 1357 1281 1414 maestitia.
1315 1357 1517 1411 lterum
1544 1355 1728 1409 laetitia
1754 1370 1823 1409 ex

220 1450 520 1520 splendore,
555 1450 865 1520 iterumque
889 1464 1095 1504 mceror
1119 1463 1151 1503 a
1181 1448 1426 1519 principe
1450 1444 1815 1500 sacerdotum.

221 1541 285 1596 Et
304 1540 619 1611 bocubique
644 1538 1040 1595 considerando
1057 1539 1241 1594 videre
1260 1551 1544 1608 possumus
1566 1554 1579 1590 :
1600 1536 1651 1591 id
1676 1535 1822 1605 quod

219 1635 370 1688 etiam
391 1634 533 1704 apud
561 1642 777 1689 veteres
805 1633 1046 1689 invenire
1066 1640 1167 1687 est.
1195 1629 1395 1686 Verum
1412 1629 1525 1699 jam
1554 1643 1716 1697 supra
1740 1627 1823 1682 di-

217 1738 295 1782 cta
322 1738 656 1797 repetamus.
698 1724 1017 1792 Vendebant,
1043 1723 1235 1795 inquit,
1265 1733 1311 1778 et
1327 1722 1607 1790 aﬂ’erebant
1632 1722 1817 1794 pretia,

216 1830 259 1874 et
298 1822 556 1889 ponebant
603 1828 724 1874 ante
763 1820 918 1889 pedes
966 1818 1336 1888 apostolorum.
1395 1816 1549 1881 Vide,
1599 1815 1816 1883 dilecte,

216 1911 476 1982 quomodo
519 1924 631 1966 non
678 1912 1056 1981 permitterent
1101 1910 1377 1979 apostolos
1420 1908 1691 1971 vendere;
1722 1907 1817 1963 sed

217 2002 306 2071 ipsi
332 2001 655 2069 venderent,
687 2012 744 2057 et
768 2002 879 2056 illis
899 2000 1069 2071 pretia
1094 1999 1308 2056 darent.
1331 2002 1404 2055 At
1431 2015 1537 2055 non
1564 2000 1642 2054 sic
1666 2001 1817 2054 Ana-

216 2095 353 2155 nias;
395 2094 492 2149 sed
534 2093 811 2150 subtrahit
856 2092 1059 2163 aliquid
1107 2092 1177 2148 de
1224 2092 1396 2162 pretio
1454 2093 1608 2161 agri,
1654 2106 1813 2161 quem

214 2185 551 2253 vendiderat;
610 2186 840 2256 ideoque
886 2185 1127 2255 punitur,
1184 2192 1370 2253 utpote
1412 2183 1505 2253 qui
1546 2198 1659 2237 rem
1706 2198 1813 2237 non

213 2278 338 2334 bene
362 2288 601 2349 gereret,
627 2288 684 2335 et
705 2294 802 2333 sua
828 2277 996 2333 furari
1022 2276 1545 2347 deprehenderetur.
1569 2277 1669 2332 llic
1685 2291 1813 2347 per-

211 2372 546 2444 stringuntur
568 2371 919 2438 sacerdotes,
946 2381 1003 2426 et
1027 2370 1245 2442 quidem
1278 2372 1648 2427 vehementer.
1676 2373 1843 2438 Quia'

214 2478 337 2519 vero
375 2479 513 2519 uxor
541 2464 664 2533 ejus
688 2464 768 2519 rei
811 2462 1029 2519 conscia
1060 2470 1215 2528 erat;
1262 2462 1385 2518 ideo
1421 2463 1565 2517 illam
1596 2479 1813 2535 quoque

210 2558 491 2614 examinat.

271 2648 324 2703 2.
354 2652 423 2704 At
468 2650 683 2704 dixerit
706 2650 941 2707 fortasse
965 2650 1236 2720 quispiam
1259 2691 1275 2716 ,
1308 2649 1656 2705 acerbissime
1683 2665 1806 2705 cum

208 2742 287 2797 illa
306 2753 484 2798 actum
511 2758 661 2798 esse.
684 2742 1242 2814 Quid,quteso,dicis?
1268 2758 1390 2813 qua:
1414 2744 1680 2799 acerbitas
1707 2744 1809 2800 ?Si

205 2834 266 2901 is,
292 2836 378 2905 qui
408 2835 555 2905 ligna
584 2834 806 2905 collegit
827 2833 883 2887 in
911 2832 1159 2899 sabbato,
1192 2833 1461 2905 lapidatur
1491 2834 1684 2904 (Num.
1714 2836 1803 2891 i5.

204 2926 329 2997 35),
366 2929 541 2983 multo
572 2928 745 2999 magis
771 2928 863 2997 qui
888 2942 1041 2983 sacra
1064 2927 1251 2998 diripit
1280 2946 1294 2982 :
1327 2930 1529 2984 etenim
1562 2931 1804 2999 pecunia:

204 3019 299 3075 illa:
323 3021 432 3090 jam
462 3036 641 3076 sacra
682 3030 855 3076 erant.
896 3021 1082 3091 Itaque
1122 3022 1213 3092 qui
1242 3022 1413 3076 voluit
1438 3037 1535 3077 sua
1565 3024 1805 3080 vendere

202 3120 251 3165 et
269 3110 399 3167 dare
422 3153 438 3179 ,
464 3111 778 3184 deindeque
814 3113 1074 3182 subripit,
1109 3113 1403 3184 sacrilegus
1430 3124 1578 3170 certe
1620 3114 1800 3171 fuerit.

201 3199 255 3256 Si
283 3218 411 3258 vero
435 3204 503 3270 is,
542 3204 636 3274 qui
666 3219 731 3259 ex
757 3206 868 3259 suis
892 3204 1145 3273 subripit,
1175 3205 1469 3273 sacrilegus
1496 3213 1602 3273 est,
1632 3206 1803 3263 multo

200 3296 358 3365 magis
383 3297 429 3350 is
453 3338 470 3361 ,
508 3297 603 3366 qui
644 3311 710 3351 ex
741 3296 956 3352 alienis.
995 3297 1073 3351 Ne
1106 3298 1305 3366 putetis
1333 3299 1479 3353 enim
1500 3340 1515 3363 ,
1540 3299 1663 3369 quia
1690 3301 1801 3370 jam

201 3398 297 3439 non
338 3386 409 3439 ita
450 3386 541 3453 fit,
589 3402 689 3442 nec
735 3389 915 3442 statim
960 3389 1205 3459 squitur
1245 3390 1396 3457 ultio,
1428 3390 1546 3446 haec
1585 3393 1801 3462 impune

198 3477 544 3535 fore.\'iden’
575 3479 680 3535 hoc
730 3481 785 3535 in
827 3480 1033 3535 crimen
1082 3482 1299 3550 vocari,
1329 3483 1472 3553 quod
1512 3500 1633 3560 cum
1680 3485 1799 3540 illas

200 3574 442 3639 pecunias
487 3588 678 3629 sacras
706 3574 924 3631 fecisset
947 3618 963 3639 ,
994 3575 1063 3630 de
1094 3576 1199 3631 illis
1223 3577 1531 3648 subripiat?
1561 3581 1755 3635 Annon
1780 3622 1796 3646 ,

198 3660 387 3731 inquit,
420 3673 647 3733 poteras
688 3664 795 3720 illis
840 3665 1103 3731 venditis,
1138 3676 1195 3721 ut
1240 3670 1473 3737 pr0priis
1502 3670 1625 3723 uzi?
1670 3686 1796 3725 num

198 3754 486 3822 prohibitus
533 3758 636 3810 es?
676 3772 777 3811 cur
819 3758 1078 3828 subripis,
1126 3770 1412 3829 postquam
1462 3764 1799 3830 promisisti?

198 3843 338 3913 Vide,
364 3847 649 3918 quomodo
676 3848 860 3903 statim
889 3864 921 3903 a
952 3850 1216 3920 principio
1243 3866 1365 3911 sese
1394 3851 1649 3906 immittat
1678 3854 1795 3907 dia-

196 3936 339 3994 bolus
382 3940 536 3995 inter
578 3940 731 4009 signa
759 3949 815 3995 et
844 3940 1105 3995 miracula
1148 3950 1336 4005 tanta;
1369 3942 1477 3997 imo
1522 3945 1796 4013 quomodo

196 4028 273 4085 hic
293 4031 361 4086 ab
391 4032 493 4086 illo
523 4042 828 4087 excrcatus
866 4034 957 4087 sit.
987 4031 1120 4088 Tale
1144 4033 1421 4105 quidpiam
1460 4044 1517 4089 et
1545 4036 1597 4090 in
1628 4039 1793 4091 veteri

194 4121 298 4191 lege
328 4124 534 4177 factum
564 4133 649 4178 est
672 4164 687 4187 ,
733 4125 951 4194 quando
990 4123 1212 4180 Charini
1252 4126 1537 4181 anathema
1589 4127 1795 4181 furatus

190 4212 560 4284 deprehensus
589 4226 671 4270 est
700 4235 713 4270 :
744 4225 984 4272 attamen
1015 4218 1178 4284 nosti,
1216 4228 1414 4288 quanta
1448 4219 1583 4272 ultio
1612 4220 1681 4274 de
1705 4220 1789 4273 la-

189 4307 362 4361 cinore
406 4318 630 4377 sumpta
660 4308 731 4362 sit
759 4308 913 4379 (los.
944 4309 999 4363 7.
1026 4309 1083 4364 2.
1130 4319 1175 4364 et
1203 4310 1295 4365 20.
1334 4310 1406 4364 22
1426 4313 1465 4381 ).
1500 4310 1790 4367 Sacrorum

188 4397 320 4453 enim
339 4399 610 4470 expilatio
636 4400 929 4455 admodum
957 4401 1135 4470 gravis
1160 4412 1265 4468 est,
1283 4401 1500 4469 dilecte,
1524 4414 1578 4457 et
1594 4419 1791 4474 magno

188 4500 497 4563 contemptu
544 4491 726 4562 plena.
760 4491 946 4562 Neque
980 4494 1217 4548 vendere
1248 4494 1524 4564 coegimus
1545 4537 1559 4559 ,
1592 4496 1787 4566 inquit,

189 4596 353 4653 neque
382 4585 647 4653 pecunias
677 4599 745 4640 ex
776 4585 1009 4639 venditis
1046 4597 1296 4656 acceptas
1335 4587 1465 4643 dare
1496 4607 1507 4641 :
1540 4600 1593 4643 tu
1643 4590 1694 4644 id
1722 4608 1789 4645 ex

188 4676 467 4744 proposito
516 4684 608 4729 tuo
656 4675 829 4731 fecisti
884 4694 899 4729 :
951 4691 1049 4731 cur
1093 4693 1223 4749 ergo
1275 4694 1343 4734 ex
1393 4681 1562 4735 sacris
1621 4697 1786 4751 pecu-

186 4764 285 4819 niis
335 4766 551 4821 furatus
599 4768 699 4822 es?
749 4768 853 4838 cur
893 4769 1166 4837 impleuit,
1215 4772 1404 4841 inquit,
1457 4783 1667 4828 satanas
1701 4792 1789 4828 cor

188 4861 358 4916 tuum?
399 4858 471 4913 Et
512 4858 559 4912 si
606 4871 820 4913 satanas
869 4861 972 4917 hoc
1010 4862 1155 4928 fecit,
1203 4879 1301 4917 cur
1334 4864 1408 4918 illi
1455 4865 1787 4935 imputatur?

188 4951 238 5007 ln
274 4968 443 5009 eausa
488 4961 593 5019 est,
638 4954 761 5023 quia
790 4954 909 5023 ejus
950 4958 1317 5025 Operationem
1360 4960 1588 5029 accepit,
1616 4962 1786 5016 etilla

188 5046 439 5116 impletus
508 5054 611 5101 est.
671 5050 743 5099 At
794 5046 1119 5116 oportebat,
1176 5048 1427 5117 inquies,
1490 5052 1782 5121 corrigere.

188 5134 287 5191 Sed
342 5151 459 5193 non
508 5145 784 5192 correctus
824 5138 1052 5203 fuisset;
1098 5152 1223 5191 nam
1261 5140 1352 5207 qui
1390 5138 1513 5193 talia
1554 5141 1783 5209 viderat,

189 5230 500 5301 nullumque
544 5228 669 5284 inde
712 5230 922 5284 lucrum
976 5230 1198 5298 tulerat,
1228 5232 1399 5286 multo
1429 5234 1607 5287 minus
1636 5244 1785 5303 pote-

188 5333 264 5376 rat
292 5324 402 5376 alio
445 5322 609 5376 modo
654 5322 863 5377 lucrum
904 5322 1173 5392 accipere.
1215 5323 1332 5379 Non
1378 5327 1618 5395 Oportuit
1658 5344 1787 5398 ergo

189 5428 294 5468 rem
346 5413 805 5483 pratermittere;
862 5415 958 5469 sed
1012 5414 1166 5484 quasi
1226 5417 1432 5470 saniem
1497 5418 1785 5486 quamdam

188 5506 539 5573 exscindi,ne
562 5507 828 5576 reliquum
856 5519 1058 5575 corpus
1092 5506 1353 5562 inliceret.
1386 5508 1540 5564 Nunc
1564 5512 1709 5565 enim
1736 5522 1789 5566 et

192 5598 273 5651 hic
298 5597 589 5654 utilitatem
618 5598 855 5665 accipit,
888 5612 959 5652 ne
982 5598 1212 5652 ulterius
1250 5599 1303 5652 in
1340 5600 1540 5655 malitia
1569 5616 1787 5671 progre-

192 5688 394 5755 diatur,
456 5698 511 5745 et
550 5689 639 5742 alii
680 5690 851 5759 magis
896 5688 1124 5743 studiosi
1165 5689 1464 5745 redduntur
1501 5710 1515 5745 :
1547 5694 1785 5763 alioquin

196 5789 362 5835 autem
382 5780 716 5835 contrarium
746 5780 1049 5835 accidisset.
1074 5780 1203 5836 ideo
1230 5782 1461 5851 primum
1491 5784 1784 5855 redarguit,

195 5880 246 5922 et
281 5870 517 5927 ostendit
558 5886 673 5927 rem
720 5887 781 5925 se
850 5887 956 5927 non
1022 5872 1284 5937 latuisse;
1354 5884 1587 5944 tuncque
1653 5892 1787 5931 con-

197 5961 398 6019 demnat
424 5960 597 6017 illum.
620 5960 757 6029 Cur,
788 5962 932 6016 enim
952 6000 968 6027 ,
1000 5962 1193 6032 inquit,
1230 5964 1327 6020 hoc
1348 5964 1553 6033 fecisti?
1583 5967 1787 6025 habere

3444 498 3543 552 ΠΗ

1939 609 2196 663 voluisti?
2225 611 2268 664 Δ
2299 611 2565 680 principio
2616 613 2854 668 retinere
2892 616 3169 684 oportuit,
3199 625 3256 671 et
3281 631 3388 671 nou
3421 634 3539 686 pm-

1935 701 2151 755 mitterc
2184 718 2198 753 :
2231 717 2379 757 nunc
2424 712 2605 757 autem
2656 713 2940 775 postquam
2969 722 3389 763 consecraveras
3415 722 3544 763 sun-

1933 792 2153 860 ripicns,
2186 792 2361 864 majus
2385 796 2729 865 sacrilegium
2760 798 3050 857 admisisti.
3076 799 3211 855 Nam
3236 802 3333 873 qui
3356 802 3539 858 aliena

1940 882 2105 951 rapit,
2148 882 2288 940 forte
2316 900 2383 940 ex
2428 887 2725 942 alienarum
2772 905 2953 944 rerum
2993 892 3292 961 cupiditate
3343 897 3483 965 rapit
3521 913 3538 950 :

1933 973 2029 1029 tibi
2059 990 2189 1030 vero
2219 976 2418 1032 licebat
2446 987 2535 1033 tua
2572 980 2796 1035 habere.
2834 980 2944 1035 Cur
2968 998 3100 1054 ergo
3127 985 3214 1039 illa
3238 999 3392 1041 sacra
3416 989 3543 1044 red-

1930 1066 2144 1133 didisti,
2197 1078 2253 1124 et
2294 1080 2483 1139 postea
2530 1073 2804 1142 rapuisti?
2848 1074 2929 1129 Ex
2982 1092 3179 1149 magno
3225 1090 3539 1154 contemptu

1930 1159 1982 1214 id
2016 1160 2209 1216 fecisti.
2253 1162 2486 1221 Facinus
2529 1167 2745 1221 veniam
2788 1182 2895 1223 non
2932 1168 3135 1239 habet,
3182 1176 3535 1233 excusatione

1929 1261 2101 1309 caret.

2002 1344 2284 1402 Sacrorum
2310 1351 2618 1420 expilatores
2663 1362 2892 1424 tempore
2934 1354 3302 1428 Chrysostomi.
3329 1393 3403 1402 —
3430 1362 3538 1421 Ne-

1928 1436 2057 1491 mini
2089 1448 2269 1495 autom
2300 1442 2627 1499 oﬂ'cndiculo
2677 1446 2781 1513 sit,
2827 1448 2872 1501 si
2902 1449 2994 1519 qui
3038 1450 3152 1520 jam
3201 1454 3312 1508 sint
3351 1470 3535 1514 sacro-

1926 1543 2045 1582 rum
2072 1532 2417 1601 espilatores.
2450 1534 2583 1589 Nam
2615 1537 2662 1590 si
2713 1547 2840 1595 tunc
2886 1538 3127 1607 fuerunt,
3159 1545 3334 1600 multo
3361 1552 3535 1619 magis

1926 1635 2089 1686 nunc,
2136 1638 2261 1678 cum
2314 1627 2482 1681 multa
2530 1637 2658 1682 sunt
2702 1626 2863 1684 mala.
2920 1631 3028 1686 Sed
3070 1636 3536 1703 reprehendamus

1925 1710 2049 1767 illos
2085 1728 2268 1769 coram
2320 1718 2572 1773 omnibus
2596 1761 2611 1784 ,
2648 1730 2705 1773 ut
2729 1731 2785 1776 et
2813 1728 2995 1778 caeteri
3026 1736 3233 1781 metum
3268 1726 3529 1787 habeant.

1922 1804 2088 1861 Judas
2119 1808 2417 1879 sacrilegus
2443 1820 2563 1865 erat
2590 1829 2605 1877 ;
2630 1828 2816 1867 verum
2843 1814 2896 1869 id
2919 1815 3199 1886 discipulis
3222 1834 3330 1874 non
3358 1821 3534 1877 offen-

1922 1900 2105 1957 diculo
2134 1902 2257 1957 fuit.
2291 1904 2479 1960 Viden’
2495 1917 2693 1977 quanta
2723 1909 2863 1962 mala
2883 1911 3236 1977 pecuniarum
3262 1915 3531 1984 cupiditas

1920 1994 2128 2064 pariat?
2147 1994 2212 2049 Et
2229 2001 2400 2067 factus
2424 2009 2519 2065 est,
2536 1999 2728 2069 inquit,
2755 2002 2909 2055 timor
2920 2018 3138 2073 magnus
3157 2021 3314 2076 super
3327 2023 3525 2076 omnes,

1918 2087 2006 2155 qui
2024 2088 2135 2141 Iure
2157 2089 2450 2143 audierunt.
2468 2091 2563 2145 Ille
2576 2093 2795 2161 punitus
2820 2100 2924 2154 est.
2942 2102 2997 2148 et
3025 2095 3116 2150 alii
3138 2096 3327 2153 lucrati
3358 2110 3485 2155 sunt
3509 2119 3526 2155 :

1919 2175 2098 2246 itaque
2111 2192 2217 2233 non
2235 2181 2351 2234 sine
2362 2195 2523 2235 causa
2538 2181 2609 2235 ita
2622 2181 2993 2252 dispensatum
3006 2194 3110 2240 est.
3126 2185 3239 2241 Etsi
3256 2188 3359 2243 alia
3375 2191 3528 2259 signa

1918 2267 2069 2333 prius
2095 2267 2231 2323 facta
2261 2269 2493 2332 fuerant,
2531 2280 2769 2327 attamen
2800 2289 2906 2326 non
2931 2273 3055 2328 talis
3076 2286 3194 2331 erat
3218 2287 3416 2335 metus.
3435 2280 3530 2337 Sic

1919 2372 2103 2413 verum
2130 2369 2213 2414 est
2238 2362 2367 2416 illud
2403 2380 2416 2415 :
2449 2362 2795 2433 Cagnoscetur
2825 2364 3075 2423 Dominus
3091 2370 3300 2439 judicia
3328 2374 3526 2443 faciens

1917 2450 2091 2525 (Psal.
2123 2454 2177 2509 9.
2210 2455 2325 2525 Π).
2352 2455 2443 2512 Sic
2471 2468 2527 2512 et
2556 2459 2607 2512 in
2637 2474 2762 2514 arca
2792 2461 2991 2515 factum
3020 2472 3142 2517 est:
3184 2464 3330 2520 Ozan
3362 2469 3527 2537 puni-

1916 2552 2002 2597 tus
2022 2553 2105 2599 est
2137 2544 2213 2613 (2.
2245 2545 2375 2618 Reg.
2413 2548 2469 2603 b.
2509 2548 2587 2619 7),
2636 2558 2691 2604 et
2722 2550 2848 2605 hinc
2876 2552 3040 2607 timor
3079 2554 3221 2609 aliis.
3270 2556 3377 2612 Sed
3415 2559 3526 2616 illic

1914 2634 2133 2705 quidem
2164 2648 2414 2694 metuens
2444 2655 2567 2705 rex,
2596 2655 2777 2695 anim
2822 2644 3058 2711 amovit;
3093 2645 3180 2701 hic
3209 2656 3389 2705 auten.
3430 2653 3524 2708 alii

1911 2729 2229 2784 attentiores
2252 2730 2374 2785 facti
2398 2740 2542 2787 sunt.
2573 2731 2757 2799 Vides,
2781 2735 3054 2803 quomodo
3084 2752 3192 2792 non
3220 2741 3423 2795 vocavit
3450 2743 3523 2797 il-

1911 2823 2019 2879 lam
2052 2824 2267 2893 Petrus,
2317 2829 2413 2882 sed
2457 2831 2794 2898 exspectavit
2837 2830 3012 2887 donec
3043 2833 3312 2891 intraret:
3344 2853 3522 2907 neque

1909 2916 2051 2971 alius
2080 2918 2348 2988 quispiam
2391 2934 2555 2975 ausus
2581 2929 2667 2976 est
2693 2924 3021 2979 annuntiare
3049 2926 3196 2997 quod
3224 2928 3518 2985 acciderat.

1910 3007 2025 3063 [ioc
2052 3010 2292 3080 magistri
2338 3010 2500 3066 timor
2525 3025 2661 3077 erat,
2694 3013 2872 3069 honor
2894 3015 3283 3087 discipulorum
3309 3029 3365 3076 et
3387 3021 3521 3078 obe-

1908 3100 2132 3157 dientia.
2169 3102 2347 3157 Trium
2376 3106 2620 3159 horarum
2649 3108 2895 3175 spatium.
2919 3108 3105 3179 Neque
3143 3111 3331 3167 didicit
3360 3130 3517 3180 uxor,

1908 3207 2009 3247 nec
2036 3193 2157 3264 quis
2188 3197 2531 3265 prmsentinm
2562 3199 2847 3266 nuntiavit,
2875 3202 3120 3269 quamvis
3150 3204 3216 3257 ad
3238 3204 3519 3275 divulgan-

1905 3284 2035 3339 dum
2057 3294 2141 3339 sat
2166 3287 2428 3357 temporis
2458 3300 2639 3355 esset;
2670 3305 2857 3343 verum
2892 3292 3177 3348 timebant.
3208 3294 3322 3350 Hoc
3351 3298 3516 3352 etiam

1905 3377 2185 3431 admirans
2222 3379 2457 3448 scriptor
2476 3381 2589 3434 ait:
2627 3380 2877 3438 Nesciens
2906 3385 3044 3455 quod
3096 3388 3291 3457 factum
3324 3389 3514 3458 fuerat,

1903 3470 2148 3523 introivit.
2181 3471 2343 3540 Atqui
2376 3472 2500 3526 hinc
2519 3472 2731 3530 discere
2758 3476 2956 3531 licebat
2981 3478 3159 3548 ipsum
3188 3482 3404 3537 novisse
3424 3498 3511 3551 ea,

1903 3576 2023 3628 qua:
2050 3563 2261 3616 occulta
2291 3572 2467 3618 erant.
2497 3564 2607 3619 Cur
2633 3567 2778 3621 enim
2802 3569 2891 3638 qui
2916 3571 3191 3627 neminem
3211 3573 3515 3645 interroga-

1902 3662 2075 3716 verat,
2100 3668 2197 3708 vos
2228 3654 2565 3727 interrogat?
2584 3658 2803 3724 Annon,
2829 3671 2887 3713 ut
2910 3660 3097 3731 liquet,
3129 3665 3254 3733 quia
3281 3666 3516 3723 sciebat?

1901 3744 2007 3800 Sed
2039 3746 2203 3801 nimia
2230 3749 2445 3803 caecitas
2492 3766 2599 3804 non
2644 3753 2887 3821 permisit
2929 3754 3075 3809 illam
3106 3758 3313 3813 crimen
3341 3760 3515 3830 depo-

1902 3852 2065 3901 nere;
2108 3838 2203 3894 sed
2252 3854 2374 3894 cum
2420 3841 2644 3895 audacia
2692 3844 2860 3898 multa
2910 3848 3206 3916 respondet
3238 3890 3252 3902 .
3282 3850 3514 3908 Putabat

1900 3930 2045 3983 enim
2071 3944 2132 3985 se
2152 3944 2275 3984 cum
2308 3931 2525 3987 homine
2546 3934 2711 4005 loqui.
2740 3935 2855 3991 Hoc
2878 3951 3044 4007 grave
3062 3949 3199 4005 erat,
3230 3942 3373 4011 quod
3403 3958 3516 3997 uno

1900 4024 2127 4079 consilio
2178 4032 2233 4078 et
2285 4026 2436 4095 quasi
2492 4041 2560 4082 ex
2604 4036 2765 4097 pacto
2811 4040 3092 4098 peccatum
3136 4034 3508 4092 admisissent.

1904 4116 2042 4183 Quid
2073 4117 2244 4186 utique
2287 4121 2521 4173 convenit
2560 4123 2720 4187 vobis,
2770 4124 2977 4193 inquit,
3022 4135 3219 4181 tentare
3254 4129 3511 4198 Spiritum

1898 4211 2174 4264 sanctum?
2214 4210 2351 4265 Ecce
2394 4213 2549 4282 pedes
2599 4230 2776 4268 eorum
2800 4257 2816 4281 ,
2859 4218 2946 4285 qui
2992 4218 3299 4285 sepelierunt
3344 4222 3510 4277 virum

1898 4310 2064 4366 tuum,
2092 4304 2163 4355 ad
2191 4304 2415 4369 ostium;
2436 4314 2482 4358 et
2509 4303 2719 4367 afferent
2745 4317 2812 4359 te.
2836 4307 2993 4361 Prius
3015 4309 3160 4363 illam
3185 4310 3346 4366 docet
3364 4314 3511 4382 quod

1900 4395 2227 4463 peccaverit,
2256 4404 2313 4451 et
2342 4404 2473 4450 tunc
2501 4397 2739 4452 ostendit
2763 4398 2909 4453 illum
2927 4399 3093 4468 juste,
3124 4417 3246 4472 quae
3276 4404 3360 4456 vir
3380 4420 3508 4473 pas-

1896 4500 1991 4539 sus
2029 4494 2167 4548 erat,
2208 4501 2488 4555 passuram
2529 4503 2673 4553 esse,
2722 4491 2847 4559 quia
2896 4492 3118 4560 perinde
3162 4506 3506 4562 peccaverat.

1897 4578 1964 4632 Et
1981 4579 2272 4649 quomodo,
2298 4580 2532 4649 inquies,
2553 4580 2832 4653 Confestim
2859 4584 3037 4637 cecidit
3058 4596 3177 4639 ante
3202 4589 3355 4656 pedes
3370 4591 3504 4661 ejus,

1896 4680 1941 4724 et
1970 4672 2284 4741 exspiravit?
2314 4672 2451 4739 Quia
2494 4689 2665 4744 prope
2692 4674 2959 4731 adstabat.
2988 4676 3079 4731 Sic
3108 4678 3181 4732 illi
3212 4682 3265 4733 in
3294 4681 3507 4751 seipsos

1896 4762 2159 4816 ultionem
2190 4772 2548 4818 attraxerunt.
2577 4766 2708 4831 Quis
2739 4768 2957 4821 demum
2978 4784 3083 4823 non
3112 4770 3505 4841 obstupuisset?

1893 4855 2014 4923 quis
2043 4858 2343 4925 apostolum
2386 4874 2493 4912 non
2523 4860 2823 4914 timuisset?
2854 4862 2974 4930 quis
3021 4877 3129 4917 non
3157 4864 3386 4919 miratus
3413 4883 3507 4921 cs-

1894 4948 2012 5002 set?
2046 4947 2112 5001 Et
2142 4960 2307 5016 erant,
2338 4952 2531 5021 inquit,
2560 4954 2867 5007 unanimiter
2887 4971 3060 5009 omnes
3088 4957 3141 5010 in
3170 4960 3370 5027 porticu
3396 4962 3502 5017 Sa-

1896 5042 2129 5098 lomonis.
2164 5044 2263 5099 Hic
2302 5045 2478 5115 palam
2509 5056 2613 5110 est,
2660 5046 2782 5101 illos
2809 5062 2915 5101 non
2948 5050 3001 5102 in
3027 5048 3192 5103 domo
3224 5054 3500 5125 quapiam,

1894 5136 1989 5190 sed
2028 5138 2080 5191 in
2134 5139 2337 5207 templo
2385 5150 2632 5193 versatos
2668 5155 2811 5195 esse.
2854 5140 3040 5211 Neque
3073 5143 3212 5197 ultra
3241 5148 3502 5217 cavebant

1894 5228 1997 5282 sibi
2039 5243 2105 5283 ne
2158 5230 2432 5285 immunda
2483 5232 2882 5302 contingerent,
2935 5233 3030 5288 sed
3085 5236 3205 5290 sine
3242 5240 3502 5308 scrupulo

1895 5329 2139 5375 mortuos
2168 5322 2483 5393 tangebant.
2530 5324 2597 5378 Et
2625 5325 2767 5389 vide,
2800 5324 3074 5393 quomodo
3098 5341 3225 5395 erga
3262 5341 3392 5382 suos
3418 5345 3503 5385 se-

1892 5414 2005 5466 veri
2036 5414 2165 5476 sint,
2216 5429 2343 5485 erga
2374 5416 2510 5471 alios
2555 5426 2736 5470 autem
2790 5425 3059 5486 potestate
3102 5434 3207 5473 non
3258 5429 3499 5477 utantur.

1900 5502 2074 5575 Magis
2095 5516 2289 5570 autem,
2326 5509 2518 5579 inquit,
2543 5509 2825 5581 augebatur
2847 5511 3163 5564 credentium
3197 5514 3253 5565 in
3278 5511 3505 5571 Domina

1896 5598 2169 5652 multitudo
2199 5601 2427 5653 virorum
2455 5613 2501 5654 et
2526 5604 2796 5657 mulierum
2822 5619 2840 5665 ;
2868 5602 2940 5655 ita
2967 5612 3022 5655 ut
3052 5603 3104 5655 in
3138 5602 3319 5669 plateis
3338 5624 3504 5675 pone-

1894 5703 2007 5745 rent
2043 5692 2279 5763 infirmos
2317 5696 2371 5747 in
2408 5696 2606 5749 lectulis
2650 5715 2711 5749 ac
2746 5698 3001 5767 grabatis,
3045 5705 3100 5749 ut
3139 5698 3367 5751 veniente
3403 5698 3503 5755 I’eb

1896 5796 1972 5839 tro
2010 5788 2190 5840 saltem
2214 5789 2394 5841 umbra
2420 5789 2557 5842 illius
2585 5790 2911 5843 adumbraret
2930 5806 3237 5858 quemquam
3270 5790 3506 5850 illorum.

1972 5878 2025 5932 ὅ.
2058 5878 2245 5948 Magna
2278 5879 2649 5933 accedentium
2696 5880 2858 5941 ﬁdes,
2905 5889 2961 5933 et
2998 5882 3177 5949 major
3200 5896 3361 5949 quam
3404 5883 3507 5937 sub

1896 5970 2015 6041 ipso
2042 5970 2273 6027 Chrisxo.
2301 5969 2458 6027 Unde
2486 5978 2665 6026 autem
2693 5972 2795 6027 hoc
2818 5968 3016 6025 factum
3040 5970 3162 6025 est?
3188 5969 3323 6039 Quia
3344 5971 3506 6027 Chri-
