4094 6478
594 449 697 508 103

587 576 705 618 stus
732 562 833 615 hoc
860 552 1241 627 przenuntiarat
1275 559 1332 607 et
1365 548 1592 604 dixerat.
1638 543 1736 612 Qui
1764 540 1923 597 credit
1959 540 2013 593 in
2046 553 2159 600 me,

591 667 746 723 opera
767 690 781 713 ,
810 660 923 717 quae
952 660 1042 715 ego
1073 644 1205 714 facio
1224 682 1239 709 ,
1271 640 1451 711 faciet,
1492 645 1541 691 et
1584 636 1782 704 majora
1806 631 1956 700 faciet
1987 627 2166 702 (Ioan.

501 809 503 813 g
594 742 679 796 ﬂ.
713 738 821 810 l2).
853 734 1186 791 Manentibus
1209 741 1384 785 autem
1418 730 1520 783 illis
1540 726 1680 792 istic,
1705 739 1805 778 nec
1835 723 2171 777 circumeun-

593 835 765 897 tibus,
796 843 985 886 omnes
1012 824 1306 883 aﬁ'ercbant
1346 822 1399 877 in
1444 820 1651 876 lectulis
1677 825 1731 873 et
1773 812 2007 887 grabatis
2036 825 2174 883 quos

594 927 863 984 habebant
891 923 1165 987 inﬁrmos,
1196 928 1251 975 et
1277 916 1508 985 undique
1548 914 1654 967 illis
1689 908 1990 967 conﬂuebat
2020 905 2175 959 mira-

593 1020 794 1084 culum,
840 1030 870 1071 a
911 1012 1272 1074 credentibus,
1317 1023 1347 1061 a
1387 1005 1619 1068 sanatis,
1651 1002 1719 1056 ab
1761 1015 1827 1055 eo
1856 999 1946 1069 qui
1988 996 2176 1067 plexus

596 1112 790 1177 fuerat,
821 1124 850 1162 a
886 1104 1073 1161 ﬁducia
1101 1116 1257 1172 quam
1287 1112 1412 1168 erga
1444 1096 1566 1151 illos
1597 1092 1863 1149 habebant
1883 1133 1895 1155 ,
1925 1105 1954 1143 a
1978 1087 2177 1143 virtute

599 1217 817 1265 eorum,
860 1198 949 1268 qui
995 1209 1099 1250 non
1143 1202 1428 1260 utcumque
1465 1187 1792 1243 credebant:
1821 1197 1996 1252 neque
2031 1180 2176 1235 enim

598 1292 738 1363 quod
768 1290 953 1353 ﬁebat,
997 1285 1164 1357 signis
1210 1291 1414 1339 tantum
1455 1278 1757 1335 constabat.
1785 1274 1917 1331 Nam
1956 1273 2055 1327 etsi
2103 1270 2177 1363 illi

600 1360 841 1438 modeste
870 1378 1151 1447 loquentes
1180 1384 1344 1428 totum
1373 1371 1474 1440 ipsi
1505 1370 1768 1438 imputant
1808 1365 2046 1420 dicentes
2068 1402 2081 1428 ,
2124 1360 2179 1414 in

601 1470 817 1526 nomine
861 1466 1058 1523 Christi
1104 1480 1162 1520 se
1195 1464 1308 1518 lucc
1353 1463 1563 1525 facere;
1616 1456 1712 1512 sed
1741 1456 1846 1509 vita
1876 1466 2088 1524 quoque
2128 1457 2185 1503 et

601 1564 770 1615 virtus
796 1561 1030 1613 virorum
1072 1556 1172 1611 hoc
1200 1552 1345 1609 fecit.
1380 1548 1657 1620 Perpende
1685 1555 1885 1610 autem,
1916 1541 2183 1615 quomodo

604 1653 691 1707 hic
716 1665 998 1706 numerum
1028 1647 1360 1703 credentium
1392 1659 1499 1699 non
1529 1641 1737 1709 afferat,
1770 1637 1998 1694 auditori
2026 1636 2187 1691 relin-

604 1759 772 1815 qnens
800 1754 857 1796 ut
885 1742 936 1795 id
958 1755 1023 1796 ex
1045 1754 1105 1795 se
1129 1738 1393 1809 conjectet
1421 1752 1435 1788 :
1466 1736 1543 1789 sic
1569 1732 1637 1788 ad
1669 1733 1983 1787 immensam
2008 1726 2187 1783 multi-

609 1838 843 1893 tudinem
864 1834 993 1890 ﬁdes
1014 1831 1415 1889 cxtendebatur.
1442 1829 1576 1883 llinc
1599 1837 1651 1882 et
1669 1823 1991 1881 resurrectio
2022 1819 2189 1890 magis

606 1926 1014 1998 praedicabatur.
1041 1922 1205 1977 Nemo
1232 1932 1399 1974 autem
1428 1917 1643 1972 audebat
1666 1933 1719 1971 se
1737 1915 2039 1984 conjungere
2060 1909 2183 1973 illis,

606 2020 696 2075 sed
731 2017 1089 2087 magniﬁcabat
1116 2031 1199 2070 eos
1228 2013 1463 2084 papulas.
1492 2010 1582 2067 Sic
1609 2011 1713 2076 ait,
1746 2006 2037 2064 ostendens
2067 2003 2190 2058 illos

604 2113 710 2183 jam
737 2126 842 2167 non
871 2107 1201 2178 contemptui
1232 2105 1428 2171 fuisse,
1458 2112 1516 2158 ut
1557 2103 1704 2172 prius
1730 2107 1883 2155 erant
1907 2116 1920 2151 :
1949 2113 2013 2153 ac
2041 2092 2189 2152 breti

606 2211 849 2272 tempore
880 2213 1094 2268 unoque
1120 2204 1392 2254 momento
1417 2194 1531 2249 haec
1556 2208 1588 2248 a
1616 2194 1883 2263 piscatore
1905 2197 1960 2245 et
1985 2187 2194 2257 privato

610 2293 830 2349 homine
856 2289 993 2345 facta
1016 2288 1200 2344 fuisse.

688 2385 854 2452 Quam
880 2382 1009 2436 mira
1031 2382 1308 2451 primorum
1328 2376 1731 2434 Christianorum
1757 2374 1878 2427 vita.
1898 2400 1971 2411 —
1994 2369 2192 2425 Caium

612 2478 792 2546 itaque
812 2475 921 2545 jam
952 2468 1069 2528 erat
1112 2480 1251 2526 terra
1279 2486 1343 2526 ex
1373 2468 1585 2523 vivendi
1622 2466 1858 2531 ratione,
1902 2461 2113 2519 dicendi
2140 2462 2195 2516 li-

617 2567 844 2629 bertate,
861 2563 1156 2628 miraculis,
1175 2561 1490 2630 caaterisque
1504 2557 1749 2615 omnibus
1772 2574 1785 2611 :
1806 2571 1868 2611 ac
1884 2555 2025 2611 velut
2043 2567 2198 2625 ange-

614 2659 651 2713 li
670 2655 1008 2726 admirationi
1034 2661 1206 2720 erant,
1229 2652 1296 2708 ad
1327 2651 1460 2707 nihil
1488 2665 1547 2706 se
1574 2658 1965 2714 convertentes,
1998 2662 2102 2701 non
2129 2644 2197 2701 ad

614 2754 811 2819 risum,
840 2766 946 2807 non
972 2750 1039 2805 ad
1069 2747 1275 2815 minas,
1322 2763 1428 2803 non
1458 2747 1525 2802 ad
1564 2746 1798 2817 pericula
1823 2761 1835 2799 :
1872 2762 1977 2801 non
2018 2761 2081 2801 ea
2111 2758 2200 2800 so-

616 2844 728 2898 lum
765 2843 832 2899 de
862 2856 1043 2905 causa,
1063 2840 1157 2896 sed
1180 2840 1339 2896 etiam
1374 2839 1514 2909 quod
1553 2838 1837 2893 admodum
1866 2837 2084 2891 humani
2115 2850 2201 2891 es-

615 2944 756 3001 sent,
780 2944 834 2991 et
863 2934 1089 2990 sollicite
1118 2941 1397 2997 curarent;
1428 2932 1561 2986 alios
1606 2930 1747 2985 enim
1780 2930 2003 2999 pecunia
2022 2968 2038 2994 ,
2068 2929 2201 2983 alios

616 3027 880 3097 corporali
907 3024 1180 3081 curatione
1207 3022 1485 3093 juvabant.
1514 3020 1617 3075 Cur
1637 3021 1859 3090 implevit
1878 3016 2087 3075 satanas
2115 3034 2201 3073 cor

619 3120 804 3175 tuum?
830 3119 965 3173 Fere
1005 3131 1126 3171 sese
1158 3123 1347 3186 purgat
1388 3114 1579 3169 Petrus
1611 3112 1755 3166 illum
1803 3111 2086 3182 puniturus
2106 3151 2119 3173 ,
2150 3118 2205 3163 et

620 3212 754 3266 alios
781 3208 977 3264 erudit.
1007 3207 1139 3275 Quia
1179 3206 1321 3260 enim
1366 3204 1600 3258 futurum
1630 3210 1780 3268 erat,
1826 3211 1883 3255 ut
1916 3200 2018 3256 hoc
2051 3199 2206 3256 valde

621 3303 814 3357 durum
837 3306 1139 3369 appareret,
1170 3295 1289 3351 ideo
1318 3295 1369 3349 in
1400 3294 1547 3348 ίΙΙιιιιι
1578 3302 1633 3349 et
1656 3294 1705 3345 in
1733 3307 1958 3347 uxorem
1984 3302 2208 3347 tremen-

622 3393 748 3447 dum
780 3388 1297 3458 exercetjudicium.
1326 3384 1382 3441 Si
1412 3394 1589 3439 autem
1616 3385 1819 3449 ambos,
1850 3383 1939 3452 qui
1968 3383 2205 3437 irremis-

624 3483 852 3537 sibiliter
883 3486 1252 3548 peccaverant,
1280 3490 1387 3531 non
1414 3475 1505 3529 tali
1531 3474 1799 3530 affecisset
1827 3488 2006 3543 pmna,
2040 3487 2209 3543 quan-

625 3581 711 3627 tus
726 3571 851 3625 hinc
869 3571 958 3624 Dei
979 3578 1313 3639 contemptus
1336 3566 1543 3621 futurus
1562 3564 1872 3633 erat?Quod
1893 3573 2068 3619 autem
2090 3563 2210 3619 ideo

626 3664 706 3717 sic
728 3660 922 3715 factum
946 3658 1035 3723 sit,
1065 3657 1230 3727 liquet
1254 3671 1319 3712 ex
1346 3671 1434 3723 eo,
1465 3653 1605 3725 quod
1638 3669 1743 3709 non
1768 3654 1947 3708 statim
1973 3654 2035 3708 ad
2066 3653 2212 3708 ultio

629 3769 749 3810 nem
783 3751 1159 3817 venerit,'sed
1207 3750 1381 3819 primo
1426 3755 1704 3819 peccatum
1750 3746 2017 3802 ostendat.
2062 3746 2211 3802 Unde

631 3859 789 3899 nemo
821 3843 1108 3913 ingemuit,
1142 3855 1302 3897 nemo
1329 3840 1580 3909 ejulavit;
1614 3838 1708 3894 sed
1736 3852 1924 3893 onmes
1970 3838 2212 3893 exterriti

634 3942 776 3989 sunt.
805 3932 931 3988 Jure
959 3940 1157 3998 autem,
1180 3931 1301 4001 quia
1331 3930 1462 3986 ﬁdes
1488 3930 1697 3984 illorum
1721 3916 2035 4000 augebatur,
2064 3930 2213 4000 signa

634 4025 787 4097 plura
825 4022 1141 4086 edebantur,
1179 4029 1234 4076 ct
1279 4022 1466 4091 ingens
1507 4020 1648 4090 apud
1692 4035 1816 4076 suos
1858 4030 2032 4076 metus
2075 4030 2211 4086 erat,

636 4116 759 4187 quia
789 4128 893 4169 non
924 4114 1002 4167 sic
1046 4120 1269 4167 externa
1300 4126 1395 4166 nos
1442 4112 1661 4166 turbant
1686 4120 1745 4165 ut
1792 4110 2102 4166 domestica.
2158 4112 2213 4166 Si

644 4223 773 4279 ergo
801 4208 967 4262 simus
993 4214 1177 4261 mutuo
1203 4203 1474 4273 conjuncti
1498 4244 1513 4271 ,
1544 4219 1703 4259 nemo
1729 4204 1886 4258 nobis
1912 4204 2109 4259 bellum
2139 4205 2216 4259 in-

643 4304 811 4369 feret;
844 4304 925 4357 sin
958 4310 1141 4357 contra
1173 4298 1527 4357 dissideamus
1548 4341 1561 4362 ,
1602 4314 1789 4354 omnes
1815 4313 1915 4355 nos
1945 4298 2215 4353 invadent.

642 4395 779 4451 Hinc
806 4395 877 4448 illi
904 4408 1023 4447 cum
1052 4392 1238 4447 ﬁducia
1263 4400 1316 4446 et
1338 4391 1583 4445 libertate
1622 4390 1673 4444 iu
1704 4390 1874 4444 forum
1897 4432 1911 4455 ,
1952 4399 2007 4445 et
2036 4389 2086 4443 in
2116 4404 2220 4444 me-

640 4487 788 4541 dium
820 4484 1152 4538 inimicorum
1174 4497 1231 4537 se
1259 4481 1604 4537 conferebant
1629 4489 1683 4536 et
1705 4481 2098 4551 praevalebant;
2131 4482 2222 4534 im-

644 4578 992 4648 plebaturque
1020 4574 1217 4629 dictum
1249 4573 1375 4627 illud
1406 4593 1419 4627 :
1456 4573 1726 4628 Dominare
1759 4576 1812 4628 in
1847 4574 2011 4627 ntedio
2045 4574 2220 4627 inimi-

642 4687 821 4725 corum
848 4680 1046 4722 tuorum
1069 4665 1243 4738 (Psal.
1274 4666 1390 4721 109.
1410 4664 1487 4738 2).
1514 4666 1625 4721 Hoc
1646 4666 1861 4737 majoris
1881 4675 1996 4722 erat
2014 4666 2225 4721 virtutis

645 4759 919 4823 indicium,
951 4757 1091 4829 quod
1119 4758 1341 4822 detenti,
1370 4759 1554 4823 vincti,
1588 4758 1708 4813 talia
1742 4758 1991 4813 facerent.
2016 4759 2070 4813 Si
2097 4773 2225 4828 ergo

648 4853 719 4918 ii,
759 4852 849 4922 qui
884 4852 1090 4907 mentiti
1134 4852 1369 4916 fuerant,
1415 4852 1540 4906 talia
1591 4852 1730 4922 passi
1761 4860 1916 4917 sunt,
1949 4852 2075 4921 quid
2120 4867 2224 4907 non

651 4946 919 5016 patientur
962 4945 1030 5007 ii,
1077 4944 1167 5013 qui
1207 4945 1495 5015 pejerant?
1549 4945 1659 5000 lmo
1709 4949 1754 4999 si
1802 4946 2032 5009 mulier,
2084 4943 2225 5015 quod

653 5034 867 5097 dixerit,
898 5032 1068 5087 Etiam
1095 5035 1255 5101 tanti,
1286 5035 1546 5103 ejusmodi
1579 5050 1761 5105 prunas
1788 5036 1951 5100 dedit,
1983 5050 2081 5090 nec
2104 5034 2227 5091 eﬁ‘u—

653 5128 731 5197 git
753 5145 763 5179 :
793 5126 1021 5194 cogitate
1041 5140 1145 5196 quo
1166 5126 1283 5180 sitis
1298 5141 1392 5181 vos
1408 5128 1664 5197 supplicio
1681 5127 1842 5197 digni,
1866 5127 1953 5197 qui
1968 5127 2154 5196 juratis
2175 5138 2229 5183 et

654 5218 902 5287 pejeratis
919 5218 940 5267 τ
956 5216 997 5271 Ε
1017 5232 1073 5272 re
1092 5216 1421 5273 fueritliodie
1442 5233 1507 5272 ex
1524 5217 1688 5273 veteri
1705 5218 1819 5287 lege
1835 5218 2050 5288 perjurii
2063 5220 2231 5287 gravi-

659 5318 814 5363 tatem
834 5307 1136 5362 ostendere.
1154 5306 1681 5378 Falx,inquit,volans
1696 5320 1824 5373 erat,
1844 5312 1947 5364 lata
1963 5311 2126 5363 decem
2146 5327 2235 5363 cu-

656 5397 921 5469 bitis(Zac.
938 5400 992 5453 5.
1008 5398 1314 5470 2).Volatus
1328 5402 1665 5456 celerrimum
1680 5418 1740 5456 su
1750 5402 2231 5472 ppliciijuramenla

658 5490 922 5560 sequentis
950 5490 1233 5544 adventum
1260 5491 1548 5561 signiﬁcat;
1572 5492 1710 5561 quod
1733 5504 1907 5547 autem
1928 5493 2113 5547 decem
2141 5509 2234 5547 cu-

659 5585 885 5636 bitorum
932 5582 999 5635 sit
1029 5582 1308 5637 latitudine
1349 5591 1403 5638 et
1448 5584 1805 5653 longitudine,
1838 5584 2231 5640 vehementiam

654 5686 708 5727 et
739 5673 1153 5741 magnitudinem
1184 5676 1441 5730 malorum
1482 5676 1712 5742 indicat;
1763 5678 1905 5746 quod
1945 5687 2121 5732 autem
2167 5692 2230 5731 ex

655 5763 788 5817 caelo
815 5763 977 5829 volet,
1007 5766 1211 5835 signum
1231 5776 1311 5821 est
1338 5768 1653 5822 sententiam
1682 5784 1744 5823 ex
1767 5770 1964 5824 caelesti
1985 5768 2232 5824 tribunali

656 5853 818 5923 ferri;
848 5855 992 5931 quod
1033 5858 1085 5913 in
1115 5861 1328 5916 modum
1358 5860 1538 5931 falcis,
1573 5862 1879 5920 inevitabile
1908 5864 2222 5935 supplicium

1313 433 1367 492 S.
1408 428 1681 491 JOANNIS
1717 418 2185 484 CIIRYSOSTOMI
2228 415 2544 472 ARCIIIEP.
2583 407 3115 468 CONSTANTINUP.

3770 404 3875 461 103

2280 533 2532 589 ostendit.
2559 531 2709 588 Sicut
2733 530 2877 587 enim
2901 529 3007 584 falx
3037 529 3089 584 in
3126 526 3318 584 collum
3352 524 3612 590 immissa,
3646 538 3756 579 non
3781 539 3879 579 re-

2281 625 2534 693 trahitur,
2565 624 2662 680 sed
2690 632 2871 679 manet
2894 622 3053 678 etiam
3081 621 3312 677 abscissa
3339 620 3587 677 cervice:
3621 617 3701 673 sic
3725 626 3777 673 et
3805 617 3886 671 ul-

2282 718 2359 773 tio
2381 717 2623 787 jurantes
2648 715 2935 780 invadens,
2965 713 3219 769 terribilis
3244 722 3349 779 est,
3379 725 3479 767 nec
3506 709 3707 767 desinit
3729 749 3744 775 ,
3772 708 3885 763 nisi

2282 811 2432 879 prius
2458 806 2603 879 quod
2628 821 2783 862 suum
2806 814 2921 861 erat
2947 804 3250 875 perfecerit.
3284 802 3436 872 Quod
3462 801 3509 858 si
3534 800 3776 871 jurantes
3803 797 3879 853 ef-

2282 899 2571 971 fngerimus
2592 940 2608 965 ,
2642 914 2707 952 ne
2736 896 3103 961 conﬁdamus;
3149 911 3271 950 nam
3300 895 3355 950 in
3399 893 3601 949 malum
3630 898 3886 947 nostrum

2283 991 2385 1047 hoc
2413 992 2661 1047 vertitur.
2690 989 2827 1059 Quid
2853 990 2993 1045 enim
3017 987 3253 1060 putatis?
3276 992 3406 1057 quot
3431 994 3557 1042 sunt
3576 985 3667 1056 qui
3689 982 3890 1041 eadem

2283 1098 2403 1153 quae
2428 1082 2663 1136 Ananias
2685 1090 2740 1137 ct
2760 1079 3023 1152 Sapphira
3051 1087 3175 1134 sunt
3207 1076 3360 1146 ausi,
3388 1090 3490 1133 nec
3517 1075 3706 1131 eadem
3737 1074 3892 1145 passi

2284 1171 2445 1227 sunt?
2466 1172 2533 1226 Et
2553 1172 2844 1243 quomodo,
2866 1170 3096 1241 inquies,
3121 1169 3264 1240 passi
3287 1182 3394 1223 non
3420 1166 3582 1224 sunt?
3604 1164 3720 1221 Non
3737 1162 3889 1235 quod

2285 1261 2388 1317 hoc
2416 1262 2519 1316 illis
2544 1261 2907 1317 condonatum
2933 1262 3037 1328 sit,
3070 1260 3166 1316 sed
3192 1258 3335 1331 quod
3371 1257 3562 1329 majori
3590 1271 3891 1314 reserven-

2288 1362 2371 1411 tur
2398 1354 2682 1425 supplicio.

2360 1447 2413 1502 4.
2450 1448 2550 1513 Qui
2574 1447 2862 1517 frequenter
2886 1454 3115 1521 peccant,
3135 1447 3345 1501 timeant
3372 1454 3669 1516 oportet.—
3694 1443 3889 1515 Itaque

2289 1538 2379 1609 qui
2408 1537 2715 1616 frequenter
2739 1544 2983 1608 peccant,
3013 1537 3185 1609 magis
3210 1536 3435 1593 timeant
3453 1544 3689 1607 oportet,
3713 1536 3757 1589 si
3778 1552 3892 1591 non

2289 1628 2598 1700 puniantur,
2630 1644 2789 1700 quam
2829 1630 2875 1686 si
2921 1629 3207 1700 puniantur
3234 1644 3249 1683 :
3276 1642 3401 1683 nam
3442 1642 3511 1683 ex
3548 1625 3806 1682 dilatione
3832 1635 3894 1682 et

2289 1735 2357 1775 ex
2389 1719 2640 1789 patientia
2670 1719 2761 1775 Dei
2790 1735 2977 1776 eorum
3019 1728 3242 1790 augetur
3290 1718 3629 1789 supplicium.
3673 1717 3751 1773 Ne
3778 1717 3886 1773 lmc

2292 1811 2469 1882 itaque
2512 1819 2813 1881 spectemus
2840 1813 2884 1866 si
2916 1826 3021 1867 non
3066 1811 3370 1882 puniamur,
3413 1808 3509 1865 sed
3538 1809 3583 1864 si
3613 1824 3719 1862 non
3766 1822 3896 1878 pec-

2291 1918 2474 1959 cemus
2497 1920 2511 1956 :
2538 1904 2584 1957 si
2608 1918 2735 1957 vero
2785 1914 3068 1973 peccantes
3095 1920 3201 1959 non
3243 1902 3546 1973 puniamur,
3577 1902 3749 1972 magis
3776 1911 3894 1955 tre-

2291 1993 2545 2049 mendum
2574 1994 2729 2049 nobis
2747 2003 2848 2049 est.
2883 1994 2977 2049 Dic
3006 1994 3134 2049 mihi
3154 2036 3168 2060 ,
3204 1993 3251 2050 si
3277 2009 3491 2049 servum
3526 1994 3773 2057 haberes,
3802 1993 3893 2047 cui

2292 2086 2465 2141 minas
2522 2086 3102 2153 intentaresvtantum,
3162 2100 3264 2141 nec
3329 2085 3645 2139 verberarcs
3695 2084 3887 2148 illum;

2295 2175 2508 2245 quando
2553 2176 2723 2247 magis
2763 2175 3249 2246 timebit?quando
3292 2175 3455 2247 fugiet
3498 2187 3553 2230 et
3595 2174 3899 2231 abscedet?

2298 2280 2477 2321 nonne
2505 2282 2625 2323 cum
2651 2267 2823 2323 minas
2865 2276 3067 2323 tantum
3094 2267 3424 2323 intentabis?
3468 2266 3622 2323 Unde
3654 2281 3753 2323 nos
3776 2283 3897 2322 mu-

2300 2365 2391 2411 tuo
2434 2372 2732 2423 monemus,
2778 2373 2847 2413 ne
2881 2357 3214 2430 frequentius
3263 2358 3676 2427 comminemur,
3725 2369 3782 2413 ut
3825 2374 3899 2415 ne

2299 2450 2376 2503 sic
2424 2450 2614 2504 timore
2663 2450 2899 2504 animum
2941 2449 3347 2517 concutiamus,
3393 2466 3530 2507 neve
3595 2451 3673 2505 sic
3722 2453 3900 2522 magis

2300 2540 2561 2594 lauiemus
2583 2555 2704 2595 eum
2725 2582 2739 2608 ,
2771 2556 2932 2611 quam
2964 2541 3157 2612 plagis.
3181 2542 3432 2613 Alioquin
3462 2556 3591 2597 vero
3620 2543 3731 2599 illic
3758 2554 3901 2598 tem-

2303 2646 2533 2702 poranea
2562 2632 2714 2703 plaga
2743 2641 2845 2698 est,
2872 2633 2959 2687 hic
2988 2642 3263 2704 perpetua.
3294 2632 3371 2689 Ne
3400 2633 3579 2705 itaque
3610 2636 3898 2705 respicias,

2304 2739 2370 2778 an
2405 2739 2547 2779 nunc
2563 2725 2827 2794 quispiam
2852 2725 2995 2780 illam
3022 2725 3212 2781 falcem
3235 2726 3563 2796 experiatur,
3584 2727 3679 2783 sed
3697 2727 3899 2798 cogita,

2304 2830 2431 2869 num
2478 2815 2601 2869 talia
2630 2814 2818 2882 faciat;
2852 2817 3103 2886 quoniam
3137 2818 3302 2871 multa
3341 2832 3481 2871 nunc
3507 2817 3660 2886 ﬁunt,
3690 2833 3813 2889 qua:
3842 2818 3904 2873 in

2306 2907 2505 2962 diluvio
2527 2950 2541 2975 ,
2570 2915 2627 2963 et
2656 2919 2830 2963 tamen
2861 2909 3117 2963 diluvium
3162 2925 3268 2963 non
3299 2909 3492 2966 accidit
3523 2928 3535 2959 τ
3568 2910 3816 2982 gehenna
3845 2923 3906 2969 et

2304 2999 2620 3069 supplicium
2664 3000 3040 3055 comminando
3067 3002 3244 3057 solum
3275 3004 3588 3059 intentatur.
3621 3004 3774 3060 Multi
3803 3020 3903 3061 ea—

2306 3091 2427 3147 dem
2468 3092 2752 3147 admittunt
2781 3102 2998 3162 peccata
3032 3108 3151 3163 qua:
3177 3092 3491 3163 Sodomita,
3517 3105 3571 3151 et
3597 3095 3735 3167 ignis
3778 3098 3907 3167 plu-

2307 3187 2391 3239 via
2436 3200 2542 3240 non
2588 3184 2734 3240 cadit
2769 3202 2784 3240 :
2826 3185 3013 3256 igneus
3056 3185 3254 3257 quippe
3292 3181 3485 3243 fluvius
3532 3197 3749 3258 paratus
3792 3199 3905 3245 est.

2310 3275 2458 3331 Multi
2487 3276 2674 3333 eadem
2700 3293 2819 3349 qua:
2844 3278 3053 3335 Pharao
3094 3288 3218 3335 sunt
3244 3278 3392 3347 ausi;
3425 3282 3518 3335 sed
3552 3296 3657 3336 non
3706 3283 3908 3337 eadem

2308 3369 2451 3440 ρειθεί
2478 3379 2602 3424 sunt
2625 3385 2744 3440 qua:
2764 3370 2995 3436 Pharao,
3037 3386 3210 3443 neque
3248 3372 3515 3428 submersi
3537 3382 3661 3428 sunt
3683 3373 3735 3429 in
3755 3390 3913 3431 mare

2310 3462 2552 3517 Rubrum
2580 3482 2592 3517 :
2612 3472 2889 3535 exspectat
2908 3466 3050 3520 enim
3067 3464 3188 3520 illos
3210 3465 3431 3536 pelagus
3451 3465 3651 3537 abyssi,
3674 3467 3765 3521 ubi
3798 3481 3913 3522 non

2311 3552 2513 3623 absque
2540 3567 2700 3610 sensu
2730 3570 2907 3625 ptena,
2926 3570 3025 3611 nec
3053 3556 3308 3613 suffocari
3341 3558 3497 3622 licet;
3522 3556 3619 3613 sed
3649 3555 3919 3613 diuturno

2312 3647 2575 3713 cruciatu,
2617 3650 2944 3719 sartaginum
2988 3649 3181 3706 ardore
3207 3658 3262 3705 et
3303 3649 3726 3721 strangulatione
3770 3665 3915 3705 con-

2313 3740 2473 3792 sumi.
2503 3738 2655 3793 Multi
2699 3739 2887 3796 eadem
2918 3755 3038 3813 quas
3073 3740 3332 3797 Israelita:
3355 3750 3481 3796 sunt
3500 3740 3647 3807 ausi;
3675 3740 3771 3796 scd
3802 3756 3919 3796 non

2314 3828 2638 3885 devorarunt
2682 3829 2805 3886 illos
2832 3843 3110 3901 serpentes
3142 3847 3157 3885 :
3191 3841 3371 3886 manet
3394 3831 3538 3887 enim
3568 3830 3686 3886 illos
3710 3832 3921 3887 vermis

2315 3920 2408 3976 ille
2450 3921 2791 3975 immortalis.
2841 3921 2992 3976 Multi
3020 3937 3082 3977 ea
3108 3938 3228 3992 qua:
3274 3922 3423 3979 Giezi
3463 3922 3577 3978 ausi
3622 3933 3767 3990 sunt,
3809 3938 3923 3979 nec

2316 4023 2441 4068 sunt
2486 4013 2633 4082 lepra
2678 4013 2917 4085 percussi
2955 4023 3179 4069 :mauet
3220 4015 3364 4070 enim
3410 4015 3533 4073 lllus
3580 4029 3677 4085 pro
3716 4015 3869 4083 lepra
3895 4057 3916 4083 ,

2317 4105 2459 4176 quod
2506 4106 2839 4163 dissecentur
2863 4119 2913 4163 et
2943 4117 3209 4178 ponantur
3250 4124 3372 4164 cum
3406 4109 3719 4180 bypocritis.
3760 4108 3920 4165 Multi

2318 4198 2477 4253 etiam
2517 4198 2769 4268 jurarunt
2793 4215 2856 4256 ac
2884 4200 3227 4270 pejerarunt;
3275 4202 3318 4256 si
3363 4211 3542 4256 autem
3582 4202 3917 4272 effugerunt,

2321 4307 2389 4345 ne
2434 4290 2807 4346 conﬁdamus:
2838 4302 3019 4347 manet
3062 4295 3203 4347 enim
3245 4294 3365 4348 illos
3406 4292 3608 4348 stridor
3647 4294 3918 4349 dentium.

2322 4382 2390 4436 Et
2418 4383 2658 4438 fortassis
2701 4383 2864 4438 etiam
2908 4383 2994 4440 hic
3038 4386 3327 4453 patientur,
3370 4396 3427 4441 et
3469 4402 3576 4443 non
3625 4386 3914 4459 eﬁugient,

2322 4476 2532 4530 etiamsi
2578 4490 2682 4529 non
2710 4490 2741 4530 e
2780 4476 3022 4547 vestigio,
3050 4476 3146 4531 sed
3171 4478 3221 4531 in
3258 4478 3376 4532 aliis
3420 4479 3674 4547 peccatis,
3706 4489 3763 4533 ut
3788 4493 3921 4549 gra-

2324 4567 2443 4621 vior
2468 4567 2537 4620 sit
2575 4581 2731 4635 paena
2762 4585 2775 4621 :
2803 4567 2925 4639 quia
2953 4574 3007 4622 et
3028 4582 3125 4622 nos
3153 4583 3295 4639 smpe
3338 4578 3549 4639 sumpta
3570 4569 3859 4626 occasione
3886 4586 3922 4626 a

2326 4660 2640 4727 minoribus,
2666 4651 2824 4716 etiam
2858 4676 2955 4731 pro
3002 4662 3209 4732 magnis
3241 4653 3409 4716 totum
3438 4678 3778 4718 evacuamus.
3814 4663 3925 4721 Ita-

2326 4769 2429 4824 que
2458 4754 2503 4809 si
2545 4754 2757 4825 quando
2794 4754 2992 4809 videris
3033 4755 3127 4809 tibi
3169 4754 3366 4825 aliquid
3412 4756 3678 4825 accidere,
3708 4773 3925 4815 memor

2328 4855 2443 4901 esto
2466 4847 2607 4901 illius
2637 4846 2840 4915 peccati
2872 4849 2966 4901 tui.
3002 4846 3114 4901 Hoc
3140 4848 3301 4903 etiam
3330 4848 3382 4903 in
3412 4850 3537 4904 ﬁliis
3567 4849 3733 4906 Jacob
3764 4854 3921 4907 acci-

2329 4939 2425 4994 dit.
2446 4939 2763 4994 Mcministis
2784 4939 3003 4993 fratrum
3030 4938 3250 5009 Joseplti
3271 4957 3284 4993 :
3306 4941 3654 4997 vendiderant
3670 4943 3920 5011 fratrem,

2329 5029 2574 5084 occidere
2604 5036 2955 5095 tentaverant,
2979 5030 3085 5083 imo
3114 5039 3365 5099 quantum
3394 5032 3446 5086 in
3476 5032 3602 5100 ipsis
3630 5041 3745 5086 erat
3769 5034 3923 5088 occi-

2331 5121 2557 5189 derant;
2601 5121 2923 5192 dcceperant
2964 5136 3145 5176 senem
3176 5164 3191 5189 ,
3242 5126 3732 5191 contristavcrant;
3784 5125 3925 5183 nihil

2332 5218 2473 5286 passi
2504 5226 2659 5271 erant
2687 5216 2833 5269 mali.
2870 5214 3049 5284 Itaque
3080 5224 3201 5285 post
3225 5216 3419 5271 multos
3442 5232 3614 5273 annos
3643 5217 3711 5273 de
3732 5228 3925 5277 extre-

2335 5309 2435 5364 mis
2471 5308 2756 5379 periclitati
2801 5316 2943 5373 sunt,
2971 5316 3025 5363 et
3054 5309 3253 5377 peccati
3288 5308 3447 5379 hujus
3476 5320 3603 5366 tunc
3634 5313 3927 5369 recordan-

2338 5410 2442 5457 tur.
2493 5399 2645 5468 Quod
2675 5410 2849 5454 autem
2880 5415 2984 5453 non
3014 5400 3321 5469 conjectura
3350 5402 3419 5455 sit
3443 5402 3584 5472 quod
3608 5404 3727 5459 dico
3758 5408 3925 5461 :audi

2337 5493 2460 5548 illos
2499 5493 2776 5547 dicentes:
2807 5490 3068 5557 Etiam;in
3093 5503 3293 5563 peccato
3332 5495 3461 5547 enim
3505 5513 3678 5551 sumus
3718 5498 3771 5551 in
3818 5499 3929 5567 fra-

2340 5594 2463 5639 trem
2507 5594 2733 5637 nostrum
2754 5581 2906 5651 (Gen.
2935 5583 3023 5637 ιε.
3050 5584 3164 5652 21).
3194 5584 3284 5638 Sic
3310 5592 3363 5639 et
3394 5594 3469 5655 tu,
3497 5602 3617 5642 cum
3648 5588 3738 5643 tibi
3769 5592 3929 5661 quid-

2340 5680 2478 5749 piam
2506 5675 2804 5745 contigerit,
2836 5675 2921 5729 die
2950 5693 2964 5731 :
3001 5676 3193 5741 Etiam,
3229 5676 3280 5730 in
3311 5688 3529 5747 peccato
3551 5694 3759 5746 sumus,
3800 5684 3929 5753 quia

2342 5769 2610 5826 Christum
2642 5780 2747 5822 non
2774 5765 3094 5832 audivimus,
3118 5767 3241 5836 quia
3265 5767 3593 5837 juravimus:
3616 5772 3928 5841 juramenta

2344 5860 2639 5933 frequentia
2668 5868 2721 5917 et
2742 5858 2971 5931 pcrjuria
3001 5860 3055 5916 in
3086 5867 3243 5930 caput
3269 5874 3445 5919 meum
3470 5863 3790 5923 inciderunt.
3816 5864 3926 5925 Ita.
