4094 6534
185 528 270 586 105
1116 507 1181 564 IN
1223 504 1402 562 ACTA
1447 491 1984 555 APOSTOLORUM.
2027 487 2262 544 llOMlL.
2304 486 2445 543 Xlll.

181 656 270 713 que
298 636 560 694 confitere
589 653 602 690 :
636 646 760 687 nam
787 639 842 685 et
867 627 941 682 illi
969 620 1204 680 confessi
1235 607 1772 713 salutent-consecuti

178 703 311 788 sunt.
341 729 478 799 Quid
523 727 670 782 enim
700 724 743 778 si
774 735 880 776 non
909 724 1131 787 repente
1159 710 1289 767 ultio
1311 703 1552 762 invadit?
1599 714 1771 772 quan-

176 825 453 898 doquidem
501 820 689 878 Achab
720 824 938 887 propter
978 807 1240 866 Nabuthae
1284 819 1395 898 non
1440 798 1623 898 statim
1652 802 1776 866 post

177 890 444 992 peccatum
476 916 664 988 plexus
682 911 785 966 fuit
805 910 883 978 (5.
902 901 1260 976 Reg.2|.19).
1294 897 1403 950 (iur
1427 907 1558 948 vero
1582 890 1775 992 sieres

180 982 390 1086 agitur?
416 982 516 1066 Dat
541 1007 637 1062 tibi
665 1006 807 1060 Deus
835 997 1203 1071 praiscriptum
1230 1001 1467 1086 tempus,
1503 982 1778 1086 ut-ablua-

176 1075 280 1173 ris;
316 1109 358 1162 si
387 1113 720 1177 perseveres,
764 1108 980 1167 plenam
1009 1091 1228 1146 demum
1261 1081 1489 1139 inducit.
1533 1075 1776 1177 Vidistis,

175 1167 298 1272 quid
327 1167 466 1269 passi
494 1195 606 1251 sint
633 1189 962 1248 mendaces?
986 1183 1253 1273 Cogitate,
1277 1175 1406 1248 quid
1429 1168 1648 1273 passuri.
1665 1167 1778 1273 sint

177 1265 406 1363 periuri;
449 1286 704 1359 cogitate,
733 1291 790 1339 et
823 1278 1089 1337 desistite.
1131 1272 1248 1328 Non
1293 1274 1473 1341 potest
1499 1265 1589 1334 qui
1630 1265 1778 1329 jurat

3393 482 3494 538 “)6

1888 618 1998 658 non
2018 598 2427 672 pejerare,velit
2450 597 2585 652 nolit
2615 614 2626 626 ·
2661 611 2765 653 non
2794 613 2862 667 po
2875 604 2979 653 test
3001 598 3248 669 periurus
3264 597 3493 654 salutem

1883 693 2163 763 consequi.
2211 689 2426 747 Sufficit
2470 705 2637 746 unum
2686 691 3006 761 perjurium,
3040 701 3100 745 ut
3131 702 3297 747 totum
3329 693 3496 762 perti-

1884 786 2012 852 ciat,
2045 794 2101 839 et
2129 792 2299 838 totum
2329 783 2486 838 nobis
2515 782 2836 854 supplicium
2898 782 3136 838 inducat.
3180 784 3308 840 Ideo
3338 786 3495 840 nobis

1886 878 2039 950 ipsis,
2087 891 2290 949 quaso,
2324 876 2704 942 attendamus;
2750 885 2807 932 ut
2834 892 3052 948 pmnam
3083 878 3241 946 hujus
3287 879 3496 950 peccati

1885 970 2201 1042 eﬂ‘ugientes
2240 969 2608 1026 misericordia
2642 971 2736 1026 Dei
2771 970 3079 1042 dignemur,
3109 973 3281 1044 gratia
3305 982 3360 1028 et
3391 975 3495 1028 mi-

1887 1064 2249 1121 serationibus
2278 1064 2536 1136 unigeniti
2563 1064 2681 1135 ejus
2713 1063 2854 1130 Filii,
2878 1066 3093 1136 quicum
3125 1067 3267 1121 Patri
3300 1076 3356 1122 et
3379 1066 3502 1135 Spi-

1888 1157 2017 1213 ritui
2061 1167 2249 1212 sancto
2298 1156 2487 1226 gloria,
2518 1155 2826 1226 imperimn,
2860 1157 3054 1220 honor.
3090 1173 3234 1213 nunc
3259 1168 3313 1212 et
3343 1173 3488 1212 sem-

1897 1265 2010 1320 per,
2044 1258 2099 1304 ct
2124 1250 2176 1303 in
2203 1249 2401 1304 saacula
2426 1248 2773 1305 saculornm.
2813 1253 3007 1306 Amen.

179 1382 3459 1440 Ν

1464 1462 1820 1534 HOMILIA
1861 1461 2038 1523 XIII.

178 1649 305 1706 CAP.
339 1648 394 1705 5.
425 1663 478 1700 v.
514 1645 603 1700 17.
633 1639 930 1711 Exsurgens
959 1643 1130 1690 autem
1148 1631 1384 1703 princeps
1427 1616 1782 1711 sacerdotum,

238 1752 288 1796 et
322 1755 496 1796 omnes
523 1735 610 1806 qui
635 1750 752 1789 cum
772 1708 863 1786 illo
891 1737 1060 1790 erant,
1093 1737 1208 1796 quas
1237 1731 1309 1775 est
1339 1714 1548 1773 heresis
1574 1708 1788 1766 Saddu-

240 1849 469 1889 eteorum
493 1873 508 1896 ,
537 1827 717 1900 repleti
744 1832 861 1881 sunt
886 1821 1020 1886 zelo,
1051 1817 1140 1873 18.
1191 1823 1240 1869 et
1279 1812 1578 1900 injeceruntg
1608 1815 1791 1856 manus

237 1928 295 1981 in
319 1924 604 1995 apostolos,
626 1931 673 1976 et
694 1923 968 1992 posuerunt
987 1927 1073 1967 eos
1100 1911 1154 1964 in
1181 1905 1414 1995 custodia
1435 1899 1663 1995 publica.

240 2019 296 2073 1.
326 1988 473 2072 Nihil
499 1988 862 2085 impudentius
886 2004 1251 2072 audaciusque
1291 1994 1517 2051 malitia.
1568 1988 1788 2044 illorum

177 2109 381 2181 experti
417 2103 789 2163 fortitudinem
816 2099 1010 2161 exiis,
1055 2109 1176 2167 quae
1221 2092 1374 2161 prius
1424 2086 1786 2181 attentarant,

179 2177 418 2256 attamen
459 2198 642 2254 denuo
693 2191 1078 2266 aggrediuntur
1129 2193 1184 2240 et
1233 2184 1431 2238 iterum
1479 2177 1786 2239 insurgunt.

179 2297 315 2364 Quid
342 2295 446 2349 sibi
475 2292 591 2348 vult
612 2288 743 2346 illud
768 2329 785 2355 ,
819 2285 1117 2355 Exsurgens
1148 2279 1389 2350 princeps
1430 2269 1788 2364 sacerdotali-1.,

177 2357 220 2442 ei
244 2404 427 2444 attines
453 2387 542 2451 qui
561 2401 676 2439 cum
698 2382 791 2437 illo
813 2377 998 2436 erant?
1023 2373 1303 2430 Excitatus
1331 2376 1432 2430 est,
1469 2361 1638 2434 inquit
1659 2400 1674 2422 ,
1728 2357 1792 2411 iis

177 2500 294 2554 qure
322 2479 640 2536 acciderant
686 2481 1011 2530 commotus.
1057 2467 1128 2522 Et
1173 2466 1458 2536 injecerunt
1503 2468 1690 2554 manus
1738 2452 1792 2504 in

183 2548 456 2647 apostolos
479 2614 497 2640 ,
525 2581 574 2626 et
599 2577 877 2644 posuerunt
905 2582 991 2620 eos
1015 2564 1072 2618 in
1097 2560 1325 2616 custodia
1374 2548 1794 2647 publica.hNunc

182 2641 563 2727 vehementius
585 2641 707 2720 illos
734 2663 1089 2718 insectantur.
1124 2654 1234 2708 Nec
1260 2651 1441 2706 statim
1471 2647 1540 2701 de
1564 2642 1670 2698 illis
1707 2641 1796 2710 ju-s

176 2763 383 2828 dicant,
414 2765 703 2830 sperantes
716 2755 835 2810 illos
862 2747 1253 2808 mansuetiores
1278 2743 1414 2798 fore.
1439 2739 1506 2794 Et
1526 2736 1792 2830 undenam

180 2858 350 2926 liquet
377 2829 506 2908 illos
525 2847 897 2906 vehementius
924 2845 1217 2900 insectatus
1239 2837 1405 2895 esse?
1427 2835 1506 2891 Ex
1533 2848 1623 2899 eo,
1650 2829 1791 2926 quod

178 2924 463 3017 posuerint
514 2943 638 3000 illos
664 2943 718 2996 in
745 2938 990 2996 custodia
1016 2936 1253 3008 publica.
1299 2931 1508 2987 Rursus
1553 2924 1798 2981 incidunt

180 3042 230 3095 in
259 3038 508 3112 pericula
536 3079 554 3104 ,
583 3046 640 3092 et
667 3050 858 3092 rursus
890 3031 986 3088 Dei
1032 3029 1259 3102 gratiam
1308 3025 1695 3097 experiuntur;
1742 3030 1798 3072 et

175 3109 454 3204 quomodo
479 3172 494 3195 ,
547 3126 674 3184 audi
725 3124 1048 3197 sequentia:
1089 3121 1177 3177 l9.
1221 3118 1444 3190 Angelus
1484 3124 1652 3169 autem
1688 3109 1792 3164 Do.

176 3228 300 3281 mini
332 3243 426 3297 per
455 3233 658 3278 noctem
701 3220 907 3291 aperuit
940 3219 1137 3289 januas
1173 3211 1392 3267 carceris
1417 3251 1431 3271 ,
1481 3213 1527 3262 et
1577 3206 1798 3259 educens

177 3335 281 3384 eos,
472 3333 492 3370 :
523 3314 617 3370 20.
647 3310 750 3380 Ιιε,
783 3323 830 3366 et
851 3319 1044 3365 stantes
1071 3304 1341 3376 loquimini
1361 3303 1414 3355 in
1446 3301 1635 3368 templo
1662 3296 1798 3369 plebi

176 3412 353 3466 omnia
379 3407 534 3464 verba
556 3407 672 3462 vitta
696 3404 869 3476 hujus.
899 3402 1015 3458 Hoc
1044 3409 1099 3458 et
1126 3399 1180 3455 in
1210 3397 1424 3452 illorum
1469 3392 1800 3449 consolatio-

177 3518 326 3568 nem,
355 3509 412 3556 et
441 3501 496 3555 in
527 3500 718 3554 horum
747 3496 1029 3551 utilitatem
1057 3508 1121 3549 ac
1141 3490 1443 3546 doctrinam
1471 3487 1669 3541 factum
1693 3493 1794 3538 est.

178 3596 246 3651 Et
275 3596 404 3652 vide
432 3638 448 3661 ,
477 3592 623 3665 quod
655 3592 706 3646 in
733 3589 950 3646 Christo
972 3631 987 3655 ,
1019 3587 1072 3642 id
1103 3581 1264 3642 etiam
1296 3597 1442 3638 nunc
1470 3579 1670 3636 evenit.
1693 3578 1800 3632 Pa-

173 3698 315 3744 trata
344 3687 495 3743 enim
523 3685 782 3740 miracula
809 3699 916 3737 non
939 3680 1070 3736 sinit
1096 3692 1193 3734 eos
1220 3676 1407 3731 videre
1436 3715 1452 3741 ,
1483 3671 1578 3728 sed
1623 3671 1798 3738 aliqua

177 3788 442 3852 apparat,
470 3793 538 3832 ex
571 3777 768 3847 quibus
795 3777 896 3829 hoc
923 3773 1167 3829 ediscant
1191 3787 1206 3836 ;
1234 3779 1293 3824 ut
1325 3770 1377 3823 in
1405 3765 1800 3823 resurrectione

179 3887 275 3927 sua
307 3887 420 3926 non
450 3869 699 3940 permisit
723 3881 818 3923 eos
843 3865 1030 3921 videre
1087 3861 1361 3935 quomodo
1407 3859 1797 3922 resurrexerit;

176 3965 390 4036 indigni
418 3963 565 4018 enim
592 3969 750 4017 erant
768 3959 857 4030 qui
882 3959 1020 4013 hanc
1047 3955 1328 4019 viderent;
1353 3952 1448 4009 sed
1480 3950 1717 4008 ostendit
1733 3965 1800 4005 ex

178 4058 282 4121 iis,
317 4073 443 4128 qua:
476 4065 606 4111 tunc
632 4052 780 4110 fecit.
814 4050 1078 4108 Similiter
1107 4063 1228 4104 cum
1275 4061 1468 4117 aquam
1515 4045 1579 4128 in.
1613 4044 1800 4099 vinum

179 4150 452 4214 mutavit,
483 4147 577 4218 qui
604 4143 1021 4201 discumbebant
1045 4156 1151 4196 non
1178 4139 1384 4207 vident,
1418 4146 1605 4208 utpote
1631 4137 1797 4200 ebrii;

174 4244 556 4314 jndiciumque
595 4239 716 4294 aliis
767 4236 1050 4308 permittit.
1100 4235 1191 4290 Sic
1224 4243 1280 4288 et
1303 4246 1447 4286 nunc
1472 4231 1667 4286 factum
1695 4237 1797 4285 est.

179 4334 320 4392 Nam
351 4333 516 4394 illos,
560 4330 651 4401 qui
702 4327 1116 4393 edocebantur,
1169 4341 1276 4381 non
1324 4321 1547 4384 vident;
1606 4313 1801 4376 indicia

180 4442 318 4482 vero
342 4467 358 4490 ,
401 4439 471 4480 ex
495 4423 690 4494 quibus
711 4427 962 4492 poterant
989 4433 1080 4474 res
1103 4430 1283 4488 geSIas
1321 4415 1569 4472 ediscere
1589 4455 1606 4480 ,
1657 4412 1802 4468 vide-

176 4528 335 4577 runt.
368 4516 480 4573 Cur
503 4531 602 4588 per
638 4525 850 4570 noctem
881 4514 1060 4569 emisit
1107 4511 1270 4568 illos?
1307 4511 1442 4578 Quia
1492 4509 1586 4564 illo
1632 4509 1803 4579 magis

183 4625 349 4681 quam
397 4609 506 4663 alio
551 4606 714 4662 modo
761 4605 894 4660 fides
939 4605 1045 4658 illis
1094 4603 1338 4658 habenda
1368 4612 1484 4658 erat
1518 4619 1532 4655 :
1566 4601 1800 4672 alioquin

184 4719 300 4757 non
330 4701 411 4756 illi
442 4700 511 4756 ad
541 4698 982 4769 interrogandum
1009 4697 1323 4764 venissent,
1353 4697 1438 4758 vel
1485 4697 1592 4750 alio
1642 4695 1803 4751 tnodo

185 4795 354 4848 etiam
382 4835 398 4856 ,
427 4793 531 4862 ipsi
560 4807 665 4847 non
703 4790 1085 4846 credidissent.
1111 4790 1201 4846 Sic
1226 4800 1282 4844 et
1309 4789 1451 4859 apud
1482 4798 1694 4844 veteres
1714 4806 1805 4844 ac-

184 4887 361 4953 cidit,
418 4894 477 4940 ut
527 4883 1040 4940 Nabuchodonosnri
1069 4894 1092 4938 ’ί
1138 4882 1273 4937 vidit
1310 4881 1591 4936 laudantes
1635 4881 1801 4934 Deum

187 4993 396 5050 pueros
423 4979 476 5032 in
508 4979 724 5031 camino
755 4977 894 5048 ignis
925 4974 1101 5046 (Dan.
1133 4974 1276 5051 3.91
1305 4975 1322 5044 )
1347 5017 1361 5041 ,
1394 4983 1446 5029 et
1479 4985 1607 5029 tunc
1627 4974 1804 5029 obstu-

190 5071 444 5144 pefactus
467 5079 572 5126 est.
601 5069 734 5125 Cum
764 5070 1096 5140 Oportuisset
1128 5083 1256 5139 ergo
1291 5069 1521 5139 primum
1567 5069 1803 5124 interro-

189 5183 323 5238 gare
349 5209 364 5232 ,
395 5163 681 5232 Quomodo
707 5164 908 5234 egressi
938 5163 1111 5219 estis?
1137 5163 1235 5225 illi,
1269 5163 1421 5233 quasi
1449 5162 1582 5216 nihil
1607 5163 1802 5217 factum

191 5268 376 5326 esset,
437 5259 818 5327 interrogant,
871 5256 1169 5311 dicentes:
1215 5253 1406 5308 Nonne
1462 5256 1806 5326 ρναισὶρὶρηαο

193 5349 540 5422 precepimus
559 5349 698 5403 nobis
718 5365 780 5402 ne
799 5349 1078 5417 loquamini
1101 5347 1125 5401 .9
1157 5347 1222 5401 Et
1244 5347 1387 5411 vide,
1417 5348 1690 5417 quomodo
1714 5364 1808 5417 per

194 5444 336 5498 alios
362 5442 544 5495 omnia
573 5441 802 5495 discant.
831 5439 1027 5496 Vident
1057 5441 1200 5495 enim
1237 5439 1480 5494 clausum
1507 5454 1806 5504 carcerem,

194 5546 253 5590 et
279 5535 539 5590 custodes
566 5544 771 5588 Stantcs
800 5541 924 5589 ante
940 5534 1154 5604 januas.
1183 5534 1274 5587 9.1.
1326 5532 1426 5599 Qui
1434 5550 1580 5620 ‘11"!
1627 5533 1808 5586 audis-

194 5639 348 5692 sent,
377 5629 697 5682 intrauerunt
725 5626 953 5681 diluculo
1000 5628 1055 5681 in
1100 5626 1386 5696 templum,
1439 5635 1484 5679 et
1532 5625 1806 5680 docebant.

198 5723 491 5777 Adveniens
511 5730 685 5774 autem
711 5721 947 5791 princeps
975 5719 1294 5775 sacerdotum
1322 5759 1337 5786 ,
1374 5728 1418 5773 et
1463 5719 1550 5790 qui
1590 5735 1705 5772 cum
1752 5736 1808 5773 eo

199 5824 379 5881 eram,
407 5822 808 5868 convocauerunt
829 5813 1126 5879 concilium,
1157 5823 1204 5867 et
1229 5829 1403 5866 omnes
1432 5813 1653 5867 seniores
1676 5812 1811 5881 ﬁlio-
1855 5810 1858 5813 ’

198 5925 316 5964 rum
347 5908 539 5975 Israel,
570 5919 616 5964 et
646 5910 886 5966 miserunt
913 5909 982 5963 ad
1009 5925 1265 5963 carcerem
1309 5917 1363 5961 ut
1411 5907 1806 5964 adducerentur.

200 5999 291 6054 22.
321 6001 450 6057 Cum
477 6011 646 6057 autem
668 6004 917 6059 venissent
947 5999 1189 6070 ministri,
1219 6008 1464 6069 etaperto
1492 6016 1691 6054 carcere
1711 6019 1810 6056 non

1894 1609 2198 1664 invenissent
2239 1612 2394 1680 illos,
2441 1618 2628 1670 reversi
2671 1601 3184 1687 nuntiaverunt,i25.
3235 1623 3456 1679 dicentes
3489 1637 3507 1674 :

1843 1709 1856 1728 ’
1897 1700 2171 1765 Carcerem
2197 1706 2400 1775 quidem
2427 1709 2709 1764 inuenimus
2735 1715 2966 1767 clausum
2991 1732 3108 1769 cum
3133 1720 3272 1771 omni
3292 1719 3508 1792 diligen-

1897 1797 1988 1862 tia,
2018 1808 2065 1850 et
2085 1801 2320 1854 custodes
2347 1811 2539 1858 stantes
2580 1814 2699 1858 ante
2733 1807 2964 1872 ianuas;
3012 1811 3295 1878 aperientes
3339 1825 3505 1868 autent

1898 1889 2149 1944 neminem
2178 1893 2314 1947 intus
2335 1895 2637 1951 invenimus.
2677 1897 2885 1968 Duplex
2918 1903 3182 1958 securitas
3211 1915 3269 1958 ut
3318 1906 3374 1960 in
3422 1923 3507 1962 se-

1897 1987 2084 2054 pulcro
2108 2031 2123 2053 ,
2165 1989 2498 2059 signaculum
2551 2004 2606 2048 et
2652 1994 2919 2053 homines.
2951 2000 3108 2066 Vide,
3133 2020 3293 2074 quam
3325 2017 3506 2065 essent

1900 2077 2012 2133 Deo
2043 2079 2266 2135 inimici.
2301 2082 2551 2140 Hacccinc
2579 2087 2814 2145 humana
2836 2104 2994 2147 erant
3014 2136 3028 2158 ,
3059 2095 3145 2151 dic
3174 2098 3304 2154 mihi
3327 2142 3343 2165 ,
3390 2118 3507 2170 qua:

1897 2175 2040 2229 circa
2072 2174 2194 2230 illos
2222 2175 2361 2231 facta
2389 2186 2515 2233 sunt
2533 2179 2557 2233 ?
2575 2183 2694 2251 quis
2716 2183 2836 2240 illos
2857 2185 3242 2260 cduxitjanuis
3267 2193 3467 2252 clausis
3492 2240 3503 2251 .

1898 2267 2171 2334 quomodo
2182 2271 2430 2324 exierunt
2445 2275 2757 2330 custodibus
2768 2287 2892 2334 ante
2906 2279 3051 2338 fores
3067 2287 3359 2342 stantibus?
3377 2289 3509 2348 Vere

1897 2357 2194 2415 furentium
2210 2371 2265 2416 et
2283 2362 2557 2448 ebriorum
2576 2368 2739 2424 verba
2767 2383 2915 2429 sunt.
2944 2373 3094 2442 Quos
3120 2394 3230 2434 non
3259 2380 3508 2441 detinue-

1899 2463 2026 2547 runt
2051 2469 2239 2509 carcer
2267 2466 2321 2512 et
2345 2458 2559 2515 vincula
2591 2460 2843 2535 foresque
2863 2466 3064 2524 clausa:
3091 2513 3105 2536 ,
3135 2471 3302 2530 hosce
3327 2492 3509 2547 Spera-

1900 2545 2031 2601 bant
2082 2562 2142 2603 se
2195 2564 2353 2618 posse
2409 2568 2690 2624 superare,
2746 2559 3116 2631 insipientium
3161 2545 3510 2636 puerulorum

1900 2653 2054 2696 more
2093 2640 2293 2698 affecti.
2334 2643 2563 2702 Ministri
2605 2663 2770 2718 porro
2806 2668 2995 2710 eorum
3043 2656 3168 2713 ideo
3215 2662 3416 2718 adsunt
3460 2677 3512 2723 et

1900 2731 2107 2789 factum
2130 2737 2479 2801 confitentur.
2497 2749 2554 2794 ut
2578 2758 2795 2800 omnem
2825 2747 2932 2803 illis
2958 2752 3253 2810 excludant
3279 2772 3518 2814 excusa-

1908 2828 2072 2882 tionis
2115 2844 2329 2885 ansam.
2377 2831 2570 2890 Viden‘
2613 2837 2874 2900 miracula
2915 2841 3130 2900 diversa
3156 2889 3172 2913 ,
3237 2851 3342 2904 alia
3389 2853 3511 2908 aliis

1902 2920 2146 2990 adjecta;
2178 2923 2425 2994 quadam
2477 2927 2547 2982 ab
2593 2928 2699 2985 illis
2745 2931 2917 2999 facta,
2948 2938 3196 3006 qumdam
3228 2957 3329 3013 pro
3369 2946 3510 3011 illis,

1903 3028 2024 3081 quae
2045 3015 2207 3070 etiam
2248 3017 2478 3074 clariora
2526 3024 2721 3078 erant?
2751 3024 2900 3081 Bene
2941 3029 3140 3085 factum
3165 3075 3178 3097 ,
3225 3037 3368 3105 quod
3406 3055 3513 3095 non

1904 3107 2084 3160 statim
2133 3109 2263 3179 ipsis
2300 3113 2603 3169 nuntiatum
2632 3117 2736 3185 sit,
2781 3119 2876 3175 sed
2906 3123 3057 3192 prius
3085 3127 3231 3182 anxii
3278 3129 3512 3191 fuerint.

1903 3209 1965 3256 nt
2009 3202 2440 3262 internosceutes
2479 3209 2718 3266 divinam
2751 3229 2872 3270 esse
2894 3217 3149 3275 virtutem
3175 3263 3189 3282 .
3223 3224 3302 3280 sic
3329 3231 3512 3286 omnia

1904 3294 2137 3352 discant.
2166 3297 2258 3352 2i.
2293 3299 2397 3354 «Ut
2425 3312 2609 3359 autem
2633 3307 2922 3364 audierunt
2956 3313 3059 3370 hos
3103 3330 3389 3378 sermones
3405 3340 3522 3378 ma-

1905 3388 2159 3488 gistratus
2177 3394 2437 3488 templiet
2461 3398 2734 3470 principes
2761 3405 3128 3476 sacerdotum,
3164 3414 3513 3488 ambigebant

1904 3480 1974 3536 de
1997 3482 2101 3579 illis
2130 3485 2387 3579 quidnam
2415 3487 2590 3546 fleret.
2621 3491 2713 3549 25.
2747 3495 3058 3555 Adveniens
3084 3515 3268 3562 autem
3298 3480 3515 3579 quidam

1911 3577 2179 3632 nuntiavit
2203 3580 2283 3633 eis
2310 3596 2326 3634 :
2355 3578 2499 3637 Ecce
2530 3584 2652 3651 viri,
2675 3601 2811 3657 quos
2839 3592 3101 3659 posuistis
3122 3596 3177 3653 in
3203 3577 3514 3666 carcerem.

1907 3678 2037 3761 sunt
2091 3671 2146 3725 in
2196 3673 2399 3743 templo
2439 3683 2650 3734 stantes
2688 3689 2744 3736 et
2795 3681 3056 3743 docentes
3095 3693 3375 3761 populum.
3423 3697 3513 3753 26.

1907 3760 2061 3816 Tunc
2089 3761 2222 3818 abiit
2253 3767 2600 3837 magistratus
2629 3786 2754 3827 cum
2783 3775 3071 3845 ministris,
3102 3760 3412 3843 etiadduxit
3449 3791 3515 3844 il-

1907 3851 1989 3907 los
2032 3853 2152 3909 sine
2195 3856 2246 3908 vi
2282 3873 2296 3908 :
2332 3858 2595 3915 timebant
2641 3864 2785 3919 enim
2843 3871 3100 3938 populum
3127 3914 3142 3937 ,
3202 3892 3270 3932 ne
3312 3877 3514 3949 lepida.

1905 3955 2114 4039 rentur.
2153 3967 2173 4000 ι
2226 3948 2272 4003 Ο
2309 3950 2713 4022 insipientiam!
2763 3958 3086 4032 Titnehant,
3135 3948 3510 4039 inquitptur-

1908 4037 2052 4093 bam.
2084 4039 2222 4108 Quid
2252 4052 2509 4111 proderat
2542 4047 2694 4101 turha
2720 4049 2745 4103 ?
2769 4049 2905 4108 Cum
2957 4037 3295 4127 oportuisset
3334 4037 3515 4122 'Dcum

1909 4131 2123 4198 timere,
2155 4135 2246 4204 qui
2272 4150 2491 4206 semper
2521 4139 2642 4194 illos
2673 4150 2942 4214 tamquam
2975 4150 3225 4208 volucres
3250 4169 3314 4210 ex
3352 4161 3528 4216 mani-

1908 4222 2009 4279 bus
2035 4225 2274 4295 ipsorum
2306 4229 2602 4298 eripiebat,
2638 4232 2713 4288 illi
2745 4250 2876 4291 vero
2919 4241 3098 4309 potius
3143 4247 3354 4303 turbam
3401 4267 3520 4307 me-

1907 4317 2150 4417 tuebant.
2178 4319 2270 4374 27.
2310 4340 2329 4374 ι
2359 4322 2616 4397 Princeps
2644 4336 2824 4385 autem
2858 4335 3201 4393 sacerdotum
3226 4340 3528 4417 interroga-

1909 4411 1996 4508 vit
2013 4426 2107 4508 eos
2128 4451 2145 4476 ,
2177 4412 2363 4508 dicens
2393 4433 2405 4468 :
2436 4416 2526 4472 28.
2557 4418 2744 4476 Nonne
2776 4425 3139 4496 praecipiendo
3166 4411 3528 4508 praicepinius

1911 4502 2065 4558 vobis
2099 4520 2167 4560 ne
2193 4505 2465 4562 doceretis
2493 4509 2544 4564 in
2575 4514 2797 4570 nomine
2841 4517 2986 4573 isto?
3026 4521 3096 4576 Et
3138 4502 3266 4582 ecce
3305 4502 3533 4601 repletis

1909 4596 2209 4654 Jerusalem
2242 4599 2487 4657 doctrina
2515 4616 2716 4674 vestra,
2741 4619 2790 4663 et
2837 4611 3001 4668 vultis
3047 4616 3308 4676 inducere
3358 4596 3517 4695 super

1912 4706 2011 4745 nos
2035 4692 2352 4762 sanguinem
2382 4691 2619 4751 hominis
2648 4697 2819 4756 istius.
2849 4719 2870 4756 ι
2902 4703 3039 4772 Quid
3074 4709 3234 4780 igitur
3258 4691 3515 4784 apostoli.

1911 4785 2112 4841 lterum
2135 4801 2256 4840 cum
2278 4792 2686 4846 mansuetudine
2699 4795 3052 4866 alloquuntur
3067 4819 3190 4870 eos;
3218 4810 3430 4864 tametsi
3450 4811 3522 4866 di-

1909 4890 2034 4972 cere
2052 4887 2329 4948 poterant:
2349 4880 2578 4947 Quinam
2594 4887 2726 4941 estis
2743 4893 2953 4961 vos,qui
2973 4899 3242 4953 contraria
3262 4901 3370 4956 Deo
3387 4919 3518 4972 prmo

1911 4969 2125 5039 cipitis?
2175 4972 2282 5028 Sed
2316 4976 2479 5044 quid?
2520 4977 2752 5034 Rursum
2799 4996 3082 5043 monentes
3129 5002 3185 5046 et
3233 4969 3528 5056 consilium

1911 5062 2104 5120 dantes
2144 5082 2267 5121 cum
2298 5071 2714 5128 mansuetudine
2742 5080 3094 5146 respondent.
3143 5084 3233 5141 9.9.
3281 5089 3518 5159 Respon-

1913 5155 2039 5252 dens
2058 5167 2233 5221 autem
2260 5157 2444 5215 Petrus
2469 5173 2517 5216 et
2542 5166 2767 5235 apostoli
2786 5169 3026 5226 dixerunt
3052 5191 3071 5229 :
3091 5174 3310 5234 Ubedire
3327 5155 3532 5252 oportet

1913 5249 2026 5305 Deo
2056 5255 2218 5323 magis
2246 5272 2402 5326 quam
2428 5257 2736 5316 hominibus.
2779 5263 2968 5334 Magna
3002 5268 3311 5338 huiusmodi
3347 5249 3519 5348 philo-

1915 5347 2125 5416 sophia,
2157 5365 2259 5419 qua
2292 5353 2586 5409 ostendunt
2630 5358 2750 5412 illos
2793 5375 2916 5415 cum
2966 5363 3078 5416 Deo
3123 5382 3383 5438 pugnare.
3431 5378 3523 5433 50.

1918 5441 2055 5497 Deus
2082 5455 2287 5512 patrum
2318 5456 2607 5503 nostrorum
2636 5453 2900 5508 suscitavit
2930 5454 3130 5525 Iesum,
3159 5479 3304 5532 quem
3333 5483 3420 5521 vos
3444 5471 3522 5525 in-

1917 5536 2180 5588 teremistis
2203 5539 2565 5608 suspendentes
2592 5543 2644 5596 in
2668 5544 2828 5616 ligno.
2866 5544 2955 5602 51.
2987 5549 3140 5605 Hunc
3167 5556 3450 5627 principem
3483 5579 3532 5621 et

1919 5628 2242 5683 Salvatorem
2270 5634 2513 5686 exultavit
2536 5634 2675 5690 Deus
2701 5638 2910 5694 dextera
2932 5659 3046 5706 sua,
3078 5648 3146 5698 ad
3166 5649 3395 5704 dandam
3421 5671 3524 5723 pm.

1916 5723 2179 5777 nitentium
2207 5723 2396 5780 Israeli
2426 5738 2473 5781 e:
2502 5729 2850 5786 remissionem
2884 5748 3230 5805 peccatorum.
3263 5742 3422 5811 Eum,
3447 5748 3521 5803 in-

1917 5816 2054 5886 quit,
2084 5832 2244 5888 quem
2275 5835 2373 5874 vos
2402 5821 2699 5888 occidistis,
2753 5827 2896 5883 Deus
2935 5834 3234 5889 suscitavit.
3273 5837 3337 5891 Et
3378 5840 3524 5907 vide,

1919 5909 2062 5964 Patri
2092 5926 2282 5965 rursus
2313 5920 2483 5967 totum
2500 5915 2830 5984 adscribunt,
2861 5936 2928 5976 ne
2953 5923 3225 5980 videretur
3251 5944 3370 5984 esse
3393 5933 3529 5986 alic-

1921 6020 2020 6060 nns
2049 6021 2077 6059 a
2109 6005 2290 6063 Patre.
2327 6005 2391 6060 Et
2432 6010 2692 6079 exultavit,
2744 6015 2934 6085 inquit,
2996 6019 3206 6073 dextera
3248 6039 3364 6078 sua.
3415 6025 3536 6081 lloc
