4094 6512
615 452 714 509 107

610 580 739 621 vero
766 580 870 619 non
894 564 1065 619 solum
1099 565 1561 627 resurrectionem,
1594 564 1685 617 sed
1717 565 1878 619 etiam
1909 564 2188 618 exultatio-

612 673 754 723 nem,
786 657 836 711 id
881 666 983 716 est,
1031 660 1471 727 assutnptionem,
1515 658 1795 728 signilicat.
1847 656 1927 709 Ad
1966 659 2190 710 dandam

614 749 958 817 penitentiam
981 749 1005 802 Ι
1013 752 1165 802 srueli
1172 789 1185 801 .

678 842 733 894 9..
763 841 889 894 Vide
916 856 1100 895 rursus
1128 842 1353 904 lucrum,
1381 850 1434 895 et
1457 840 1785 896 defensionis
1810 856 1957 896 more
1987 840 2188 896 doctri-

612 948 733 985 nam
792 932 1098 1002 perfectam.
1146 933 1233 988 5'3.
1270 932 1334 986 Et
1373 950 1463 986 nos
1504 951 1675 987 sumus
1701 936 1812 1003 ejus
1838 943 1981 987 testes
2010 934 2189 986 harant

610 1024 897 1079 verborum.
938 1024 1121 1095 blagna
1152 1025 1360 1079 dicendi
1410 1025 1644 1080 libertas.
1682 1026 1880 1080 Deinde
1909 1024 1974 1079 ad
2018 1024 2189 1079 dicto-

610 1135 727 1172 rum
781 1120 938 1175 fidem
978 1119 1201 1187 adjicit:
1250 1118 1319 1173 Et
1357 1120 1563 1189 spiritus
1587 1130 1825 1186 sanctus,
1865 1135 2009 1186 quem
2051 1117 2189 1171 dedit

608 1211 745 1265 Deus
762 1210 1097 1264 obedientibus
1112 1210 1226 1263 sibi.
1254 1210 1414 1265 Vides
1427 1209 1695 1279 quomodo
1710 1226 1816 1265 non
1843 1225 1940 1264 suo
1964 1219 2186 1272 tantum,

607 1302 698 1356 sed
730 1302 887 1355 etiam
911 1300 1140 1371 Spiritus
1171 1302 1478 1357 testimonio
1506 1308 1761 1356 utantur?
1782 1301 1889 1356 Nec
1919 1302 2186 1365 dixerunt,

610 1398 767 1461 Quem
794 1395 932 1448 dedit
965 1396 1149 1461 nobis;
1197 1394 1314 1461 sed,
1351 1394 1703 1449 Obedientibus
1725 1411 1744 1448 :
1766 1396 1923 1448 simul
1950 1394 2191 1447 modeste

604 1496 841 1555 agentes,
869 1494 924 1540 et
966 1501 1214 1556 magnum
1252 1486 1397 1540 illum
1447 1500 1566 1541 esse
1593 1494 1977 1550 monstrantes,
2009 1483 2188 1537 deela-

609 1590 895 1649 rantesque
925 1579 1063 1647 quod
1102 1588 1156 1633 et
1182 1579 1280 1648 ipsi
1312 1579 1517 1648 possint
1547 1578 1695 1631 illiilli
1734 1578 1995 1645 accipere.
2036 1575 2185 1639 Vide,

608 1670 877 1741 quomodo
903 1678 958 1726 et
983 1670 1236 1740 Operibus
1266 1679 1315 1724 et
1339 1669 1517 1724 verbis
1539 1668 1873 1734 erudiuntur,
1900 1682 1999 1723 nec
2019 1676 2191 1720 atten-

606 1766 775 1829 dant;
810 1762 1031 1833 utjusta
1062 1779 1244 1817 eorum
1275 1763 1546 1817 damnatio
1572 1762 1661 1817 sit.
1716 1761 1837 1815 Ideo
1883 1761 2025 1815 enim
2071 1760 2191 1815 illos

607 1856 746 1911 Deus
775 1854 982 1909 sinebat
1008 1855 1059 1907 in
1095 1854 1352 1923 judicium
1381 1853 1590 1917 adduci,
1636 1861 1693 1907 ιιι
1721 1853 1797 1906 illi
1826 1851 2187 1915 erudirentur,

604 1950 648 2002 si
678 1947 890 2018 quidem
932 1948 1112 2001 uicere
1142 1946 1452 2006 Voluissent.
1499 1956 1553 2000 et
1586 1946 1812 2015 apostoli
1844 1944 1909 1998 ad
1944 1944 2189 1998 fiduciam

607 2045 1021 2096 concitarentur.
1048 2041 1135 2095 55.
1168 2038 1295 2093 ch
1324 2056 1439 2091 cum
1478 2039 1755 2103 audissent,
1787 2036 2188 2101 dissecabantur,

605 2146 649 2187 et
676 2133 956 2204 cogitabant
978 2133 1258 2201 inter/icere
1275 2131 1409 2185 illos.
1437 2131 1569 2186 Vide
1590 2132 1857 2201 ingentem
1878 2128 2188 2199 nequitiam.

605 2227 735 2280 Cum
765 2225 1091 2293 oportuisset
1114 2240 1178 2277 ex
1219 2224 1284 2278 iis
1309 2239 1429 2292 qua:
1454 2222 1736 2277 audierant
1766 2222 2049 2287 deterreri,
2084 2221 2193 2276 dis-

606 2327 856 2371 secantur
884 2316 981 2379 illi,
1030 2325 1084 2370 et
1118 2314 1186 2369 de
1229 2312 1541 2369 occidendis
1590 2314 1721 2367 viris
1752 2312 1947 2367 frustra
1973 2312 2191 2367 consul-

608 2416 738 2461 tant.
768 2406 873 2461 Sed
899 2420 1117 2461 necesse
1146 2413 1229 2459 est
1272 2405 1517 2473 superius
1546 2403 1689 2457 lecta
1710 2413 1980 2474 repetere.
2016 2405 2186 2474 Ange-

607 2502 687 2554 lus
707 2511 874 2554 autem
902 2498 1110 2553 Domini
1138 2515 1227 2567 per
1256 2508 1449 2551 noctem
1471 2500 1700 2568 aperiens
1716 2500 1910 2567 januas
1951 2499 2189 2563 carceris,

605 2606 652 2648 et
686 2597 898 2648 educens
944 2610 1029 2647 eos
1054 2592 1221 2646 dixit:
1250 2588 1350 2656 Ite,
1392 2602 1438 2645 et
1466 2602 1655 2645 stantes
1684 2590 1945 2659 loquimini
1984 2591 2037 2643 in
2064 2600 2192 2644 tem-

608 2688 692 2755 plo
730 2688 861 2759 plebi
899 2687 1068 2739 omnia
1108 2686 1254 2740 verba
1298 2687 1411 2738 vita:
1439 2685 1610 2754 hujus.
1646 2685 1883 2739 Educens
1914 2699 1931 2738 :
1960 2702 2064 2739 non
2106 2686 2193 2741 ille

611 2782 787 2836 educit
814 2795 929 2846 eos,
962 2779 1055 2833 sed
1080 2778 1329 2843 dimittit;
1355 2788 1410 2830 ut
1434 2778 1557 2831 binc
1582 2778 1893 2831 ostendatur
1914 2778 2195 2847 imperter.

607 2876 742 2930 ritus
784 2875 996 2928 illorum
1025 2876 1265 2937 animus,
1316 2887 1474 2941 quem
1508 2872 1607 2941 ipsi
1637 2871 2016 2936 exhibuerunt,
2074 2886 2192 2926 cum

608 2974 765 3019 noctu
810 2965 862 3018 in
915 2962 1169 3032 templum
1204 2963 1426 3031 ingressi
1468 2960 1750 3016 decebant.
1796 2961 1947 3029 Quod
2002 2962 2045 3016 si
2076 2962 2194 3017 illos

607 3058 891 3127 cjecissent
932 3056 1215 3119 custodes,
1245 3065 1302 3109 ut
1326 3054 1403 3108 illi
1437 3056 1731 3123 putabant,
1767 3054 2033 3124 fugissent
2060 3071 2190 3125 apo-

607 3152 751 3215 stoli,
780 3150 825 3205 si
854 3160 1030 3204 tamen
1059 3150 1556 3217 obtemperassent;
1610 3148 1718 3200 imo
1748 3147 1792 3201 si
1836 3148 1956 3201 illos
1985 3148 2197 3202 emisis-

608 3250 743 3304 sent,
797 3255 902 3294 non
934 3241 988 3294 in
1030 3238 1230 3308 templo
1255 3239 1553 3304 stetissent,
1583 3238 1678 3293 sed
1709 3237 1886 3308 fugam
1914 3236 2186 3301 fecissent,

609 3332 749 3402 quod
803 3346 959 3386 nemo
1008 3345 1111 3383 non
1162 3329 1370 3393 videat,
1420 3330 1521 3382 nisi
1558 3330 1818 3399 insipiens
1866 3330 1955 3384 sit.
2009 3329 2198 3384 Nonne

611 3420 945 3493 praecipiendo
997 3420 1321 3490 praecepimus
1366 3420 1546 3473 vobis?
1591 3421 1645 3473 Si
1698 3421 1882 3490 utique
1928 3420 2007 3475 illi
2044 3420 2196 3477 vobis

611 3510 1120 3582 obtemperaverint,
1162 3519 1309 3562 recte
1339 3508 1601 3579 arguitis;
1657 3508 1739 3562 sin
1786 3519 1911 3564 tunc
1959 3511 2197 3566 dixerint

613 3604 762 3657 vobis
799 3617 858 3657 se
886 3616 990 3656 non
1019 3602 1487 3670 obtemperaturos
1518 3615 1661 3665 esse,
1712 3600 1908 3655 frustra
1950 3604 2194 3673 arguitis,

615 3698 805 3750 frustra
843 3675 1152 3763 praecipitis.
1184 3691 1317 3746 Vide
1346 3693 1631 3757 criminum
1679 3695 2194 3765 iuconsequentiam,

613 3798 667 3841 et
693 3789 960 3857 ingentem
992 3786 1290 3840 stultitiam.
1324 3786 1738 3857 Sanguinarium
1770 3788 1987 3842 demum
2015 3791 2200 3845 volunt

616 3881 901 3936 ostendere
948 3880 1255 3934 Judrcorum
1285 3880 1544 3944 animum,
1585 3891 1639 3934 et
1664 3881 1813 3951 quod
1840 3882 1937 3952 ipsi
1972 3900 2078 3938 non
2112 3902 2201 3940 ve-

616 3973 788 4027 ritatis
814 3987 974 4027 causa
1016 3975 1129 4026 base
1171 3980 1348 4041 agant,
1380 3971 1472 4026 sed
1507 3986 1562 4025 ut
1589 3989 1646 4027 se
1678 3974 2022 4030 ulciscantur.
2077 3978 2201 4034 Ideo

619 4083 723 4120 non
774 4066 1031 4120 audacter
1078 4065 1209 4135 ipsis
1252 4066 1583 4135 respondent
1632 4069 1903 4136 apostoli:
1951 4071 2200 4127 doctores

618 4160 759 4213 enim
791 4167 976 4222 erant;
1017 4158 1116 4213 etsi
1160 4157 1278 4227 quis
1320 4173 1441 4213 cum
1472 4159 1741 4214 civitatem
1773 4169 1935 4215 totam
1966 4179 2201 4217 commo-

624 4253 803 4315 visset,
829 4262 883 4305 et
910 4261 1052 4305 tanta
1080 4251 1240 4305 fultus
1266 4264 1407 4307 esset
1428 4254 1619 4322 gratia,
1652 4270 1756 4308 non
1776 4268 2027 4327 magnum
2051 4257 2202 4328 quid-

624 4344 761 4412 piam
800 4345 1047 4413 loquutus
1094 4346 1279 4400 esset?
1329 4348 1397 4400 At
1438 4362 1540 4399 non
1579 4347 1627 4400 id
1660 4347 1900 4403 fecerunt
1937 4352 2043 4414 illi;
2098 4369 2203 4407 non

624 4437 765 4491 enim
790 4437 1173 4504 irascebantur,
1206 4437 1299 4493 sed
1336 4438 1725 4513 miserabantur
1751 4454 1803 4495 et
1830 4444 2202 4514 lacrymaban-

624 4540 710 4585 tor
738 4531 876 4595 illos,
908 4537 963 4583 et
988 4528 1377 4591 deliberabant,
1407 4532 1673 4599 quomodo
1707 4534 1822 4585 illos
1846 4535 1914 4587 ab
1942 4551 2125 4590 errore
2152 4548 2207 4590 et

624 4624 697 4676 ira
732 4630 1062 4676 revocarent.
1097 4620 1211 4674 Non
1250 4622 1386 4676 ultra
1430 4624 1614 4676 dicunt
1647 4626 1768 4685 illis,
1822 4626 1917 4680 Vos
1942 4628 2205 4696 judicatc;

625 4716 718 4771 sed
771 4716 841 4769 ita
890 4715 1212 4769 sententiam
1265 4714 1464 4781 ferunt,
1522 4717 1682 4783 Quem
1728 4719 1862 4773 Deus
1914 4723 2206 4788 suscitavit;

626 4810 749 4863 hinc
778 4808 1131 4875 declarantes,
1188 4808 1303 4864 htBC
1349 4825 1413 4865 ex
1462 4812 1725 4865 sententia
1770 4814 1863 4867 Dei
1906 4814 2038 4869 facta
2066 4832 2204 4871 esse.

625 4900 740 4955 Non
762 4899 1011 4953 dixerunt
1041 4918 1053 4952 :
1080 4900 1271 4955 Annon
1296 4909 1421 4955 tunc
1446 4902 1685 4957 diximus
1720 4904 1867 4957 vobis
1900 4922 1912 4953 :
1942 4904 2059 4958 Non
2090 4926 2208 4975 pos-

624 5008 817 5053 sumus,
847 5006 959 5057 qute
988 4991 1202 5045 uidimus
1226 5002 1270 5046 et
1300 4994 1605 5059 audivimus,
1661 5012 1762 5048 non
1804 4998 1941 5066 loqui
1990 4999 2123 5066 (Act.
2150 5002 2204 5054 4.

625 5086 761 5153 20)?
803 5101 907 5138 non
936 5086 1078 5138 enim
1112 5086 1432 5139 contentiosi
1456 5096 1643 5149 erant;
1677 5088 1771 5141 sed
1801 5106 1985 5143 rursus
2020 5091 2207 5146 eadem

630 5186 833 5241 dicunt,
862 5178 1075 5230 crucem
1108 5190 1319 5244 nempe,
1349 5177 1819 5231 resurrectionem.
1860 5177 2043 5248 Neque
2070 5183 2208 5235 refc-

626 5280 749 5324 runt
775 5284 891 5333 cur,
916 5282 1015 5322 nec
1050 5266 1189 5337 quod
1218 5281 1315 5336 pro
1343 5267 1500 5322 nobis
1522 5268 1808 5323 cruciﬁxus
1832 5272 1933 5335 sit;
1964 5272 2057 5326 sed
2079 5274 2209 5329 sub-

630 5362 865 5416 indicant
894 5360 1131 5431 quidem,
1176 5374 1274 5413 nec
1318 5360 1597 5416 manifeste
1647 5361 1953 5432 loquuntur,
1992 5374 2047 5419 ut
2088 5366 2207 5421 illos

630 5455 838 5508 interim
878 5454 1206 5508 deterreant.
1255 5452 1510 5519 Quaenam
1543 5456 1627 5509 hic
1658 5456 1965 5513 rhetorica?
2008 5459 2160 5514 Nulla
2191 5480 2203 5516 :

631 5550 703 5601 ita
733 5548 851 5602 sine
885 5561 1143 5617 apparatu
1174 5548 1511 5618 evangelium
1542 5551 1663 5603 vitae
1694 5553 2073 5620 prmdicabattt.
2110 5554 2208 5611 Ubi

626 5641 781 5704 dixit,
814 5637 1097 5707 Exaltavit,
1128 5641 1352 5707 addidit,
1387 5656 1489 5710 qua
1533 5642 1601 5697 de
1642 5658 1796 5697 causa
1830 5664 1843 5698 :
1874 5647 1954 5698 Ad
1985 5647 2208 5703 dandam

629 5732 973 5802 ptenitentiam
1022 5731 1203 5786 lsraeli
1230 5775 1243 5793 ,
1322 5744 1367 5787 et
1448 5736 1789 5789 remissionem
1866 5750 2205 5806 peccatorum.

631 5826 699 5877 At
751 5825 966 5889 dicent,
1022 5823 1145 5879 lltec
1198 5834 1322 5880 tunc
1369 5825 1666 5894 probabilia
1710 5842 1815 5879 non
1872 5830 2204 5887 videbantur.

632 5916 766 5983 Quid
814 5916 993 5972 dicis?
1029 5918 1295 5988 quomodo
1339 5934 1442 5973 non
1490 5918 1783 5987 probabilia
1830 5920 1956 5990 illa,
2008 5925 2202 5994 quibus

1308 412 1364 505 is.
1405 448 1679 505 JUANNIS
1715 448 2191 505 CIIRYSOSTOMI
2228 450 2548 509 sucum.
2588 442 3116 507 CONS’l‘AN’l’INOP.

3792 451 3894 507 108

2298 580 2400 621 nec
2448 563 2712 634 principes
2760 581 2860 619 nec
2898 566 3178 620 multitudo
3206 566 3576 622 contradicere
3621 576 3888 636 poterant,

2296 656 2391 711 sed
2438 657 2667 710 aliorum
2711 659 2926 725 quidem
2958 675 3051 712 ora
3098 660 3520 723 obturabautur,
3566 661 3655 713 alii
3714 670 3893 713 autem

2295 750 2656 805 docebantur?
2684 749 2752 804 Et
2774 768 2865 805 nos
2885 769 3079 816 sumus,
3112 752 3303 824 inquit,
3332 764 3478 808 testes
3504 754 3687 806 lterum
3712 754 3893 805 verbo-

2296 858 2427 893 rum.
2457 842 2691 909 Quorum
2716 841 2739 893 7
2790 843 2941 908 Quod
2976 845 3350 900 remissionem
3374 886 3389 907 ,
3436 846 3576 915 quod
3623 847 3893 915 poeniten-

2299 932 2423 985 tiam
2451 932 2757 1003 promiserit
2788 950 2800 986 :
2833 950 2955 989 nam
2982 937 3307 991 resurrectio
3329 940 3381 991 in
3406 936 3656 992 confesso
3676 936 3895 991 demum

2296 1033 2429 1079 erat.
2464 1024 2616 1090 Quod
2660 1041 2788 1085 vero
2816 1024 2907 1080 det
2934 1026 3313 1082 remissionem
3340 1068 3355 1096 ,
3404 1038 3459 1082 et
3487 1044 3587 1082 nos
3610 1038 3773 1084 testes
3801 1044 3896 1083 sn-

2296 1130 2417 1170 mus
2442 1126 2495 1171 et
2514 1116 2743 1186 Spiritus
2765 1126 2999 1182 sanctus,
3026 1119 3115 1188 qui
3134 1134 3241 1173 non
3268 1119 3526 1181 venisset,
3546 1120 3644 1173 nisi
3665 1132 3889 1190 peccata

2295 1216 2421 1261 ante
2446 1207 2617 1261 soluta
2641 1207 2883 1261 fuissent.
2914 1209 3306 1279 Argumentum
3331 1210 3508 1279 itaque
3535 1210 3891 1264 indubitatum

2297 1298 2400 1351 boc
2440 1310 2538 1353 εει.
2595 1298 2943 1353 Peccatorum
2990 1300 3361 1355 remissionem
3394 1302 3570 1365 audis,
3606 1302 3767 1355 nti-er
3791 1345 3805 1363 ,
3840 1313 3896 1354 et

2294 1388 2437 1457 quod
2464 1402 2645 1457 poenas
2668 1402 2772 1441 non
2801 1399 3044 1457 repetat,
3076 1401 3130 1445 et
3160 1391 3237 1445 vis
3266 1391 3552 1445 occidere?
3584 1392 3649 1445 Et
3678 1403 3895 1461 quanta:

2297 1481 2398 1537 hoc
2424 1482 2673 1552 nequitia:
2704 1498 2809 1543 non
2849 1480 3047 1536 fuerit?
3085 1484 3245 1552 Atqui
3286 1484 3590 1553 oportebat,
3624 1486 3705 1538 vel
3739 1501 3895 1536 men-

2295 1574 2489 1628 tientes
2520 1573 2879 1644 redarguere;
2912 1576 2994 1629 vel
3022 1576 3065 1628 si
3097 1576 3302 1630 nollent
3322 1576 3567 1643 credere,
3602 1592 3708 1631 non
3737 1578 3884 1631 ecci-

2295 1667 2443 1722 dere.
2480 1666 2615 1735 Quid
2678 1669 2822 1722 enim
2865 1679 3039 1723 morte
3068 1669 3286 1739 dignum
3333 1671 3488 1725 erat?
3552 1676 3619 1725 At
3666 1672 3738 1726 illi
3776 1688 3890 1741 pra:

2295 1758 2476 1815 furore
2507 1777 2573 1815 ne
2610 1761 2827 1829 quidem
2859 1762 3102 1817 sciebant
3130 1763 3255 1832 quid
3284 1761 3481 1819 factum
3512 1775 3675 1819 esset.
3731 1764 3893 1829 Vide,

2294 1853 2563 1920 quomodo
2596 1852 2681 1907 bie
2712 1853 2918 1907 facinus
2946 1864 3329 1919 memorantes,
3361 1856 3429 1911 de
3455 1858 3775 1912 remissione
3803 1858 3889 1912 lo-

2296 1954 2526 2012 quantur
2560 1963 2573 1998 :
2607 1944 2954 1999 ostendentes
2981 1944 3215 2000 facinora
3242 1947 3459 2007 quidem
3504 1958 3677 2004 morte
3730 1949 3895 2019 digna

2298 2050 2434 2101 esse,
2492 2035 2867 2091 remissionem
2917 2053 3045 2092 vero
3074 2039 3225 2107 quasi
3263 2040 3706 2108 resipiscentibus
3751 2040 3893 2094 dari.

2297 2128 2577 2194 Quomodo
2628 2130 2783 2182 aliter
2817 2129 3122 2197 persuaderi
3156 2140 3424 2199 poterant,
3456 2149 3613 2201 quam
3643 2133 3897 2188 docendo

2299 2221 2422 2275 illus
2452 2222 2531 2275 sic
2573 2221 2707 2275 bene
2749 2232 2965 2275 acturos
3002 2224 3160 2277 esse?
3209 2221 3278 2276 Et
3304 2223 3425 2278 vide
3453 2222 3841 2292 malignitatem
3880 2246 3893 2279 :

2298 2313 2620 2368 Saddneteos
2646 2312 2747 2367 illis
2795 2312 3083 2379 inducunt,
3132 2314 3221 2384 qui
3254 2318 3485 2371 maxime
3528 2315 3595 2371 de
3646 2334 3901 2372 resurrco

2298 2406 2475 2459 ctione
2504 2404 2793 2470 dolebant;
2822 2405 2917 2461 sed
2946 2406 3074 2460 nihil
3102 2406 3205 2462 illis
3226 2408 3425 2462 malitia
3449 2408 3671 2479 profuit.
3697 2410 3897 2465 Verum

2300 2495 2527 2552 fortasse
2558 2496 2697 2551 dicet
2722 2498 2988 2568 quispiam
3020 2514 3032 2549 :
3065 2497 3263 2569 Ecquis
3287 2500 3481 2555 talibus
3510 2499 3715 2563 fruens,
3758 2519 3898 2571 qua-

2299 2586 2439 2641 libus
2481 2587 2748 2658 apostoli,
2782 2588 2965 2651 bonis,
3004 2605 3110 2643 non
3144 2604 3368 2660 magnus
3398 2590 3569 2646 factus
3613 2595 3784 2647 esset?
3829 2597 3900 2648 At

2300 2679 2420 2734 vide
2447 2679 2736 2749 quomodo,
2766 2690 3058 2750 antequam
3085 2682 3253 2751 gratia
3283 2682 3609 2749 fruerentur,
3643 2699 3902 2752 perseve-

2300 2780 2487 2826 rantes
2533 2771 2857 2826 unanimiter
2909 2781 3065 2826 erant
3093 2773 3143 2825 in
3176 2772 3440 2836 oratione,
3474 2784 3529 2827 et
3570 2775 3622 2828 in
3662 2791 3900 2845 superna

2298 2866 2466 2933 gratia
2499 2875 2799 2934 sperantes.
2834 2864 2902 2918 Et
2948 2876 3024 2929 tu,
3072 2864 3308 2930 dileCIe,
3363 2880 3584 2934 regnum
3637 2868 3899 2921 cmlorum

2299 2970 2504 3025 speras,
2524 2966 2578 3008 et
2596 2955 2725 3009 nihil
2756 2955 3023 3011 sustines?
3052 2966 3105 3010 et
3134 2967 3186 3009 tu
3209 2956 3462 3023 Spiritum
3491 2957 3766 3026 accepisti,
3798 2975 3902 3013 nec

2301 3048 2423 3101 talia
2458 3048 2698 3116 pateris,
2744 3063 2921 3118 neque
2951 3048 3319 3118 periclitaris?
3370 3047 3445 3101 Illi
3500 3050 3812 3120 priusquam
3868 3072 3901 3105 ει

2302 3140 2569 3208 prioribus
2594 3142 2943 3209 respirarent,
2966 3157 3151 3196 rursus
3166 3142 3230 3196 ad
3252 3142 3351 3195 alia
3373 3142 3725 3198 ducebantur.
3762 3147 3901 3200 Illud

2301 3240 2478 3286 autem
2510 3233 2679 3301 ipsum
2706 3249 2809 3286 non
2836 3233 3031 3297 inflari,
3066 3250 3164 3289 nec
3191 3251 3322 3289 vana
3350 3237 3523 3305 gloria
3544 3237 3708 3304 allici,
3728 3256 3902 3308 quan-

2305 3334 2412 3393 tum
2458 3334 2536 3379 est
2570 3326 2804 3380 bonum?
2833 3324 2963 3382 Cum
2993 3330 3402 3384 mansuetudine
3432 3330 3598 3399 loqui,
3636 3342 3903 3401 quantum

2301 3428 2385 3473 est
2409 3419 2653 3473 lucrum?
2697 3420 2879 3491 Neque
2924 3423 3067 3476 enim
3122 3423 3302 3477 omnia
3332 3426 3520 3494 gratim
3561 3435 3751 3490 erant;
3804 3428 3906 3480 sed

2304 3511 2515 3565 illorum
2546 3528 2757 3583 quoque
2788 3514 2949 3568 studii
2982 3515 3176 3569 indicia
3211 3518 3379 3571 multa
3408 3529 3551 3571 sunt.
3589 3515 3720 3573 Nam
3754 3523 3905 3590 quod

2303 3603 2486 3672 gratiae
2512 3603 2651 3659 dona
2680 3606 2732 3659 in
2774 3605 2880 3661 illis
2908 3607 3276 3678 splenderent,
3332 3624 3517 3663 eorum
3550 3626 3693 3665 cura:
3719 3622 3773 3667 et.
3817 3614 3909 3667 di-

2305 3696 2535 3767 ligentia:
2565 3707 2700 3752 erat.

2377 3792 2428 3845 5.
2474 3790 2605 3846 Vide
2633 3808 2861 3861 namque
2888 3791 3068 3847 statim
3098 3810 3127 3848 a
3160 3794 3424 3865 principio
3449 3812 3606 3865 quam
3631 3797 3903 3852 sollicitus

2312 3885 2384 3937 sit
2413 3885 2621 3942 Petrus.
2659 3902 2817 3954 quam
2848 3887 2973 3957 vigil
3002 3898 3054 3941 et
3080 3890 3327 3952 sobrius;
3360 3890 3630 3957 quomodo
3674 3892 3911 3947 creden-

2310 3985 2390 4027 tes
2424 3975 2676 4043 pecunias
2708 3974 3058 4044 abjiciebant.
3103 3976 3246 4031 Nihil
3294 3980 3563 4049 proprium
3615 3980 3907 4046 habebant,

2311 4068 2361 4120 in
2395 4070 2637 4121 oratione
2670 4070 3045 4135 versabantur,
3076 4071 3420 4126 concordiam
3450 4074 3803 4138 exhibebant,
3855 4079 3911 4129 in

2304 4158 2522 4227 jejttttiis
2553 4160 2803 4229 agebant.
2852 4161 2975 4215 llaec
3003 4177 3064 4216 ex
3098 4177 3201 4233 qua
3232 4164 3422 4232 gratia,
3456 4180 3638 4234 qtiteso
3659 4165 3680 4218 ἲ
3702 4167 3827 4221 Ideo
3856 4168 3909 4221 id

2310 4250 2509 4315 efficit,
2560 4262 2616 4304 ut
2665 4267 2760 4319 per
2812 4252 3091 4305 ministros
3156 4270 3285 4308 suos
3336 4248 3760 4325 redargtiantur;
3814 4278 3909 4328 ιιι..

2311 4343 2490 4404 etiam,
2544 4354 2597 4395 ut
2646 4344 2784 4412 apud
2832 4343 3106 4399 Christum
3132 4347 3278 4399 missi
3307 4347 3575 4413 dicebant,
3609 4348 3915 4419 Numquam

2314 4435 2463 4487 homo
2494 4435 2566 4487 sic
2589 4434 2826 4503 loquutus
2874 4446 2968 4499 est,
3002 4448 3128 4511 sicut
3176 4438 3256 4489 llic
3300 4439 3448 4491 homo
3482 4440 3659 4509 (Joan.
3690 4442 3739 4495 7.
3774 4444 3872 4510 46)
3894 4487 3909 4505 ,

2313 4529 2764 4582 annuntiaverunt
2790 4530 2991 4582 reversi
3024 4547 3141 4599 tlthL‘
3170 4530 3431 4585 viderant.
3463 4533 3542 4587 Tu
3565 4545 3741 4588 autem
3774 4538 3914 4591 mihi

2314 4621 2401 4676 hic
2431 4620 2707 4674 considera
2736 4622 2947 4676 illormn
2977 4624 3465 4691 mansuetudinem,
3508 4628 3780 4697 quomodo
3811 4645 3913 4685 ce-

2315 4716 2446 4769 dunt
2474 4731 2487 4778 ;
2521 4731 2727 4769 necnon
2760 4716 2939 4769 fictam
2988 4718 3246 4786 principis
3273 4721 3612 4773 sacerdotum
3647 4733 3913 4779 mentem.

2316 4808 2585 4862 Mansuete
2612 4807 2755 4861 enim
2789 4808 2893 4860 illis
2924 4808 3180 4877 loquitur,
3216 4818 3399 4878 utpote
3434 4812 3659 4873 timens;
3700 4823 3754 4867 et
3787 4832 3917 4882 pro-

2314 4898 2498 4953 hibere
2534 4900 2702 4968 magis
2731 4900 2981 4965 volebat,
3030 4916 3186 4978 quam
3226 4900 3489 4965 occidere,
3522 4906 3642 4973 quia
3693 4906 3743 4960 id
3802 4922 3914 4963 non

2320 5003 2543 5061 potera‘.
2588 4996 2762 5063 Atque
2807 5004 2867 5047 ut
2909 5009 3099 5047 omnes
3136 5006 3389 5061 moveat,
3433 5013 3494 5052 ac
3539 4998 3607 5052 de
3652 5004 3915 5054 extrrtnis

2317 5086 2497 5156 pericl.
2566 5087 2607 5139 ri
2637 5087 2883 5152 suadeat,
2921 5085 3111 5147 Vultis.
3148 5088 3334 5157 inquit,
3360 5090 3600 5145 inducere
3634 5110 3787 5158 super
3818 5112 3916 5151 nos

2317 5179 2613 5249 sanguinem
2650 5179 2868 5231 hominis
2910 5177 3090 5233 illius?
3140 5180 3331 5237 Adhuc
3372 5182 3534 5236 homo
3566 5185 3657 5238 tibi
3702 5186 3920 5243 videtur

2317 5270 2477 5325 esse?
2510 5269 2583 5323 lta
2625 5271 2778 5333 dixit,
2814 5272 3105 5326 ostendens
3135 5274 3235 5327 hoc
3264 5285 3591 5344 praeceptum
3619 5286 3673 5330 et
3697 5278 3912 5347 jussum

2319 5364 2418 5416 sibi
2454 5364 2582 5431 ipsis
2628 5364 2990 5417 necessarium
3036 5381 3175 5419 esse.
3218 5366 3322 5420 Sed
3371 5367 3493 5422 vide
3542 5369 3667 5438 quid
3718 5370 3915 5426 Petrus

2317 5456 2457 5509 dicat
2489 5474 2500 5507 ε
2536 5454 2689 5509 Hunc
2742 5456 3020 5526 principem
3050 5460 3095 5511 et
3125 5460 3440 5512 Salvatorem
3483 5459 3619 5514 Deus
3669 5465 3917 5518 exaltabit

2318 5551 2526 5603 dextera
2549 5568 2662 5615 sua,
2699 5551 2765 5603 ad
2795 5550 3018 5605 dandam
3048 5553 3391 5623 paenitentiam
3420 5553 3628 5622 lsraeli,
3659 5567 3707 5610 et
3733 5562 3918 5615 remis-

2318 5646 2509 5698 sionem
2552 5662 2665 5712 pecr
2691 5656 2887 5697 zlorttnt.
2924 5647 3019 5700 llic
3049 5664 3153 5701 non
3182 5648 3706 5719 meminitgentium,
3759 5664 3816 5707 ut
3851 5672 3918 5710 ne

2320 5756 2502 5795 ansam
2531 5739 2651 5792 dari,
2672 5782 2702 5790 ..
2736 5738 2800 5791 Et
2830 5741 3079 5806 volebant,
3109 5742 3296 5809 inquit,
3341 5743 3567 5796 occidere
3591 5744 3730 5799 illos.
3785 5747 3918 5803 Vide

2318 5849 2527 5888 rnrsmn
2560 5833 2655 5885 bos
2684 5834 2732 5885 in
2764 5834 3005 5903 angustia
3034 5844 3087 5887 et
3114 5834 3301 5887 dolore
3327 5851 3340 5897 ;
3377 5836 3492 5887 illos
3516 5851 3643 5889 vero
3672 5838 3724 5891 in
3757 5843 3915 5909 quie-

2322 5941 2404 5994 te,
2439 5930 2615 5984 Lctitia
2652 5940 2694 5975 et
2724 5930 3012 5998 voluptate.
3042 5928 3153 5984 Non
3186 5928 3338 6000 simpl
3549 5930 3597 5952 "’
3649 5930 3912 6000 ‘olebant.
