4094 6550
199 4133 228 4162 \

214 466 314 521 109

211 577 311 635 sed
358 575 788 630 Dissccabantur.
838 573 950 627 lloc
997 577 1082 625 est
1124 566 1279 633 illud,
1311 565 1451 620 male
1488 562 1616 633 pati,
1668 560 1809 615 male

215 673 390 728 facere
420 688 435 724 :
465 679 522 724 ut
553 685 702 725 nunc
727 667 913 722 videre
938 673 1043 720 est.
1075 662 1138 717 lli
1163 663 1214 716 in
1238 674 1456 715 carcere
1477 653 1651 720 erant,
1673 654 1814 723 judi-

213 765 307 819 cio
336 762 700 824 sistebantur;
728 769 785 814 et
810 756 1017 826 iudices
1044 756 1100 808 in
1127 753 1370 824 angustia
1400 759 1573 814 erant,
1605 745 1812 804 consilii

216 868 443 924 prorsus
487 861 761 920 expertes.
818 849 968 903 Sicut
1015 846 1158 901 enim
1209 846 1288 907 is,
1343 843 1433 912 qui
1475 842 1810 895 adamantem

213 946 475 1019 percutit,
526 943 642 1012 ipse
690 941 898 1010 plagam
944 938 1181 1006 excipit:
1212 938 1281 990 ita
1309 947 1362 990 et
1393 933 1475 988 his
1502 931 1714 987 accidit.
1746 933 1817 984 At

216 1037 476 1092 videbant
502 1050 606 1088 non
635 1034 799 1088 modo
830 1034 1065 1102 ipsorum
1095 1029 1344 1084 ﬁduciam
1377 1042 1480 1082 non
1505 1025 1812 1096 praepediri,

221 1126 325 1183 sed
358 1126 794 1197 pradicationem
825 1125 992 1192 magis
1017 1121 1227 1191 augeri,
1271 1120 1501 1188 illosque
1529 1119 1646 1171 sine
1671 1125 1817 1169 metu

224 1219 396 1288 loqui,
430 1217 735 1286 nullamque
773 1215 1011 1285 praebere
1048 1228 1254 1266 ansam.
1310 1211 1418 1265 Hos
1463 1208 1735 1264 imitemur
1764 1215 1820 1260 et

223 1327 346 1376 nos,
370 1311 571 1375 dilecti,
599 1319 656 1364 et
686 1311 736 1363 in
767 1306 1006 1362 adversis
1038 1303 1384 1375 imperterriti
1427 1303 1616 1357 simus.
1672 1300 1814 1355 Nihil

220 1420 388 1475 grave
412 1415 496 1459 est
532 1405 604 1466 ei.
637 1403 727 1473 qui
759 1402 908 1455 timet
947 1401 1151 1465 Deum;
1203 1398 1296 1454 sed
1351 1414 1456 1452 non
1507 1395 1820 1451 timentibus

220 1513 349 1552 eum
378 1497 553 1566 gravia
584 1497 802 1548 instant.
826 1493 957 1548 Nam
986 1493 1074 1561 qui
1104 1507 1199 1561 per
1223 1491 1471 1544 virtutem
1498 1487 1660 1542 animi
1694 1501 1814 1541 mo—

223 1603 315 1644 tus
363 1596 602 1658 superat.
643 1601 768 1641 cum
815 1585 1098 1654 praesentia
1143 1584 1286 1638 velut
1319 1582 1563 1635 umbram
1593 1588 1820 1647 praeter-

222 1691 426 1745 currat,
475 1679 600 1749 quid
643 1677 768 1732 mali
791 1679 860 1733 ab
887 1677 1064 1744 aliquo
1096 1671 1365 1743 patiatur?
1414 1671 1542 1741 quid
1568 1668 1820 1723 timebit?

223 1783 278 1829 et
309 1789 406 1827 cur
432 1773 611 1842 gravia
641 1771 728 1824 illa
756 1785 875 1824 esse
903 1767 1150 1837 putabit?
1193 1766 1334 1836 Ergo
1354 1762 1725 1834 confugiamus
1755 1760 1822 1814 ad

228 1867 369 1920 hanc
395 1866 765 1920 inconcussam
798 1873 1024 1930 petram.
1057 1861 1112 1913 Si
1142 1858 1262 1928 quis
1296 1856 1451 1911 nobis
1482 1856 1668 1909 urbem
1695 1868 1823 1906 cou-

223 1968 482 2023 strueret,
515 1964 570 2011 ct
590 1970 801 2010 murum
839 1953 1291 2020 circumponeret,
1325 1949 1434 2002 imo
1457 1947 1499 2000 si
1528 1961 1625 2000 nos
1655 1954 1826 1998 trans-

225 2049 395 2105 ferret
451 2051 504 2103 in
565 2058 788 2113 terram,
855 2044 946 2100 ubi
1010 2059 1171 2098 nemo
1225 2042 1485 2107 turbaret,
1537 2049 1592 2094 et
1648 2053 1827 2092 rerum

225 2141 440 2211 copiam
493 2138 882 2209 suppeditaret,
931 2146 992 2191 ut
1040 2135 1242 2190 nullum
1291 2145 1438 2188 esset
1479 2148 1600 2187 cum
1649 2131 1828 2200 aliquo

224 2235 523 2304 negotium,
580 2248 688 2287 non
730 2232 782 2286 in
827 2239 969 2284 tanta
1001 2244 1100 2283 nos
1129 2228 1419 2282 securitate
1451 2226 1824 2289 constitueret,

223 2310 281 2382 in
345 2335 540 2397 quanta
593 2339 736 2378 nunc
781 2322 1046 2378 Christus.
1094 2321 1247 2386 Esto,
1303 2321 1346 2374 si
1393 2319 1588 2390 placet,
1642 2316 1829 2370 civitas

223 2434 396 2483 :erea,
451 2417 631 2471 valido
671 2417 875 2470 circum
922 2428 1080 2468 muro
1130 2411 1340 2467 munita
1386 2419 1442 2465 et
1496 2410 1829 2479 inexpugna-

224 2516 321 2570 bili
355 2531 370 2567 :
408 2513 586 2568 nullus
633 2511 707 2567 illi
749 2510 820 2566 sit
867 2509 1060 2573 hostis,
1117 2517 1314 2562 terram
1351 2505 1547 2559 habeat
1577 2504 1830 2573 pinguem

223 2619 280 2662 ct
313 2607 537 2661 uberem
567 2624 580 2658 :
609 2604 750 2659 adsit
779 2618 994 2673 quoque
1023 2601 1248 2656 aliarum
1276 2614 1458 2654 rerum
1492 2598 1646 2666 copia
1677 2613 1690 2648 :
1722 2595 1830 2650 sint

223 2701 378 2752 cives
398 2696 662 2751 mansueti
685 2704 740 2750 et
772 2695 963 2748 mites:
996 2693 1174 2747 nullus
1203 2691 1274 2746 ibi
1304 2691 1386 2746 vir
1418 2689 1685 2758 malignus
1729 2702 1830 2756 ap-

225 2799 440 2859 pareat,
466 2805 572 2842 non
604 2789 706 2854 fur,
739 2803 844 2842 non
873 2787 1160 2856 expilator,
1191 2802 1296 2839 non
1323 2783 1650 2854 sycophanta
1679 2823 1694 2847 ,
1724 2797 1832 2836 non

227 2883 406 2937 forum
440 2881 720 2953 judiciale,
773 2879 866 2934 sed
909 2888 1059 2948 pacta
1093 2877 1410 2946 simpliciter
1443 2893 1455 2928 :
1489 2884 1543 2929 et
1575 2873 1712 2928 hanc
1742 2871 1835 2926 ha—

227 2975 468 3031 bitemus
504 2974 774 3027 civitatem
807 2991 820 3026 :
855 2987 1030 3040 neque
1055 2971 1133 3025 sic
1178 2979 1353 3023 tamen
1397 2984 1586 3022 secure
1627 2968 1834 3020 vivere-

227 3083 374 3122 mus.
401 3066 621 3132 Quare?
665 3065 799 3132 Quia
832 3064 1195 3118 necessarium
1247 3071 1410 3124 esset,
1468 3077 1587 3116 cum
1641 3061 1835 3124 servis,

228 3174 356 3214 cum
390 3173 559 3212 uxore
587 3167 642 3212 et
671 3172 792 3210 cum
823 3155 945 3210 filiis
974 3155 1244 3218 altercari,
1301 3153 1561 3221 multique
1587 3151 1837 3206 mmroris

229 3261 381 3307 esset
410 3251 644 3304 occasio.
677 3248 773 3303 llic
799 3263 926 3302 vero
953 3247 1086 3302 nihil
1113 3245 1420 3317 lmjusmodi
1445 3263 1456 3298 :
1481 3245 1612 3299 nihil
1640 3245 1838 3314 quippe

230 3353 378 3406 erat,
403 3341 547 3409 quod
578 3341 664 3395 vel
693 3355 982 3395 maerorem
1012 3341 1093 3394 vel
1117 3339 1360 3394 dolorem
1383 3338 1620 3393 afferret.

310 3433 574 3487 Gaudium
619 3450 791 3486 eorum
831 3434 918 3502 qui
965 3443 1172 3502 propter
1200 3432 1458 3486 Christum
1481 3433 1842 3500 patiuntur.—

233 3525 342 3581 Sed
369 3525 514 3596 quod
561 3525 754 3578 mirum
800 3533 902 3588 est,
950 3539 1013 3579 ea
1058 3525 1192 3592 ipsa,
1232 3539 1352 3593 quae
1394 3522 1641 3576 videntur
1688 3523 1842 3575 nobis

237 3634 533 3676 mcerorem
578 3618 809 3683 afferre,
866 3632 1025 3672 causa
1077 3616 1256 3670 omnis
1312 3616 1514 3670 ιιῐειὶιὶω
1561 3624 1615 3669 et
1666 3614 1841 3684 gaudii

239 3722 418 3767 erant.
471 3711 563 3764 Dic
612 3711 754 3764 enim
806 3709 975 3772 mihi,
1048 3722 1146 3762 cur
1206 3708 1384 3763 maesti
1452 3706 1677 3760 fuissent
1729 3706 1846 3760 illi?

240 3805 372 3876 quid
397 3819 542 3873 azgre
582 3802 860 3856 tulissent?
908 3800 1000 3855 Vis
1031 3801 1336 3870 quempiam
1370 3800 1422 3852 in
1451 3799 1686 3853 medium
1716 3798 1847 3853 affe-

245 3894 473 3951 ramus?
521 3893 602 3950 Sit
639 3894 760 3962 quis
809 3893 889 3945 vir
931 3891 1255 3956 consularis,
1308 3890 1514 3960 magnis
1554 3891 1847 3943 instructus

243 3990 461 4061 opibus,
510 3989 563 4041 in
610 3987 743 4040 urbe
785 3986 1131 4058 lmperatoria
1157 3987 1321 4039 vitam
1349 4000 1534 4054 agens,
1569 3984 1844 4052 negotium

244 4095 372 4135 cum
401 4080 551 4133 nullo
580 4078 791 4144 habeat,
832 4076 1040 4132 deliciis
1076 4076 1169 4131 det
1197 4090 1442 4145 operam,
1487 4084 1542 4129 et
1592 4075 1716 4127 huic
1759 4075 1847 4128 uni

249 4175 324 4228 rei
357 4172 650 4234 incumbat,
685 4171 736 4224 in
767 4171 1003 4223 culmine
1029 4169 1332 4222 divitiarum
1358 4211 1372 4232 ,
1428 4167 1648 4221 honoris
1670 4178 1724 4221 et
1754 4183 1852 4236 po-

249 4266 435 4320 tentia:
485 4264 732 4332 positus:
767 4276 1105 4332 Opponamus
1156 4270 1337 4314 autem
1385 4260 1460 4313 illi
1511 4259 1751 4322 Petrum,
1804 4260 1851 4313 si

252 4359 450 4427 placet,
481 4356 535 4410 in
562 4355 789 4409 vinculis
829 4363 884 4409 et
915 4355 1212 4408 innumeris
1244 4354 1402 4407 malis
1434 4353 1750 4423 degentem;
1799 4362 1855 4407 et

253 4451 400 4506 hunc
468 4450 646 4520 potius
693 4449 1027 4503 inveniemus
1079 4446 1442 4502 deliciantem.
1525 4445 1660 4501 Cum
1709 4447 1852 4501 enim

255 4554 408 4599 tanta
428 4543 502 4598 sit
527 4541 703 4612 gaudii
735 4541 912 4610 copia,
965 4549 1023 4593 ut
1054 4541 1105 4592 in
1131 4539 1363 4593 vinculis
1408 4541 1572 4594 etiam
1620 4538 1856 4593 delecte-

257 4646 367 4699 tur,
405 4635 581 4702 cogita
611 4644 806 4704 quanta
832 4631 902 4687 sit
930 4631 1108 4703 gaudii
1133 4632 1467 4700 magnitudo.
1522 4631 1673 4687 Sicut
1711 4633 1855 4687 enim

259 4729 319 4793 ii,
347 4725 439 4794 qui
466 4740 717 4794 maguum
749 4724 1024 4794 possident
1056 4724 1447 4794 magistratum.
1492 4725 1535 4778 si
1565 4725 1693 4794 quid
1727 4726 1853 4780 mali

259 4818 494 4884 accidat,
545 4830 648 4870 neu
699 4816 956 4882 sentiunt,
1007 4814 1103 4870 sed
1145 4815 1197 4869 in
1237 4816 1435 4885 gaudio
1468 4826 1856 4885 perseverant:

260 4912 342 4967 sic
383 4921 439 4965 et
487 4910 573 4964 isti
607 4919 819 4979 propter
849 4909 965 4963 haec
996 4910 1226 4965 maxime
1256 4910 1575 4980 gaudebant.
1611 4910 1725 4966 Non
1766 4928 1862 4983 po-

267 5012 374 5058 test
406 5001 573 5066 enim,
603 5016 706 5054 non
736 5000 917 5068 utique
949 5010 1122 5069 potest
1149 5016 1400 5055 sermone
1426 5002 1682 5071 explicari
1707 5003 1862 5057 volu-

269 5105 390 5165 ptas
424 5107 632 5159 eorum,
677 5094 766 5162 qui
801 5101 1018 5162 propter
1057 5092 1334 5147 Christum
1377 5109 1541 5160 grave
1587 5095 1861 5164 quidpiam

268 5187 584 5257 patiuntur:
611 5199 732 5236 nam
763 5184 928 5238 multo
958 5185 1128 5256 magis
1155 5186 1390 5256 gaudent
1420 5187 1471 5239 in
1497 5187 1672 5253 malis,
1704 5204 1862 5256 quam

267 5281 323 5334 in
370 5278 550 5334 bonis.
596 5277 708 5331 Hoc
750 5276 892 5347 quod
932 5277 1095 5345 dico,
1141 5281 1290 5333 novit
1321 5282 1562 5350 quisquis
1593 5281 1864 5336 Christum

269 5371 466 5442 diligit.
497 5369 600 5424 Sed
640 5370 811 5440 quid?
858 5386 924 5425 au
951 5373 1258 5427 securitatis
1288 5388 1448 5428 causa
1476 5372 1591 5428 hmo
1622 5375 1758 5428 mala
1783 5377 1866 5430 fu-

268 5479 402 5536 gere
433 5460 741 5519 debebant?
772 5464 836 5518 Et
863 5465 1003 5534 quis,
1027 5480 1231 5535 qumso,
1257 5465 1552 5520 innumeris
1578 5468 1865 5522 instructus

268 5557 492 5625 opibus,
529 5571 640 5611 :um
671 5565 745 5610 tot
775 5557 1023 5627 gentibus
1051 5573 1306 5623 versans,
1367 5567 1446 5612 tot
1478 5559 1713 5629 pericula
1736 5559 1871 5614 ellu-

269 5666 404 5721 gere
438 5649 687 5718 potuerit,
719 5649 765 5703 si
793 5650 860 5704 dc
880 5651 1188 5719 reipublicre
1216 5652 1516 5706 mutatione
1547 5651 1772 5722 agatur?
1805 5652 1870 5707 Hi

269 5753 457 5798 autem
483 5742 635 5813 quasi
664 5758 729 5797 ex
758 5743 908 5812 jussu
943 5743 1091 5813 regio
1134 5745 1313 5798 omnia
1342 5744 1720 5814 perficiebant;
1764 5747 1871 5802 imo

271 5843 329 5890 et
357 5835 531 5890 multo
559 5833 782 5890 facilius.
818 5833 1000 5906 Neque
1028 5837 1172 5890 enim
1194 5835 1378 5907 jussus
1407 5837 1587 5907 regius
1610 5837 1700 5892 illa
1731 5839 1873 5894 valet

271 5924 522 5997 efﬁcere,
571 5944 687 6001 quae
740 5929 979 5998 ipsorum
1022 5928 1185 5985 verba
1234 5928 1604 6002 operabantur
1637 5949 1651 5987 :
1681 5931 1869 6001 jussus

1197 452 1262 508 lN
1306 448 1486 506 ACTA
1528 441 2052 501 Al’OSTOLORUM.
2095 440 2330 497 liOMlL.
2370 437 2512 496 XIII.

3429 442 3518 497 IIU

1921 557 2118 628 quippe
2148 557 2326 626 regius
2355 573 2423 612 ex
2464 556 2787 611 necessitate
2814 541 2995 628 cogit;
3046 558 3101 610 hi
3138 574 3266 612 vero
3293 567 3518 628 Spouta-

1917 665 2072 715 neos,
2115 650 2364 714 libentes,
2394 659 2448 704 et
2485 649 2634 703 mille
2661 649 2863 718 gratias
2898 648 3197 704 referentes
3225 650 3516 704 ducebant.

1918 741 2049 809 Quis
2069 742 2249 810 jussus
2280 741 2460 811 regius
2479 754 2612 812 Opes
2641 755 2830 794 omnes
2859 740 3140 811 ipsamque
3167 743 3402 796 animam
3429 757 3521 796 re-

1922 833 2162 902 linquere
2204 831 2494 898 suasisset,
2548 831 2767 886 domum
2821 842 3208 896 contemnere,
3252 833 3480 902 patriam
3506 875 3521 898 ,

1920 934 2201 995 cognatos,
2237 926 2515 994 ipsamque
2546 925 2822 979 salutem?
2852 924 2957 979 Sed
2992 923 3042 979 id
3086 934 3310 993 potuere
3339 925 3523 993 pisca-

1924 1029 2098 1074 torum
2122 1029 2176 1073 et
2204 1019 2495 1088 pellionum
2525 1032 2722 1083 voces;
2754 1018 2823 1072 ita
2853 1018 2988 1072 utin
3020 1017 3294 1086 voluptate
3320 1016 3526 1089 degen-

1926 1121 2026 1176 tes,
2053 1111 2385 1181 potentiores
2412 1121 2466 1164 et
2489 1108 2743 1165 fortiores
2774 1110 3029 1164 omnibus
3073 1119 3277 1163 essent.
3326 1108 3524 1174 Etiam,

1925 1205 2152 1276 inquies,
2172 1205 2294 1274 quia
2329 1206 2478 1272 signa
2506 1204 2841 1259 edebant.At
2863 1203 2952 1273 qui
2981 1203 3276 1258 credebant
3302 1219 3422 1274 qua:
3449 1203 3528 1258 si-

1924 1305 2034 1368 gna‘
2051 1297 2332 1360 faciebant,
2359 1297 2445 1352 illa
2472 1311 2667 1364 nempe
2695 1296 2794 1350 tria
2828 1295 2998 1349 millia
3019 1304 3073 1349 et
3094 1295 3332 1365 quinque
3362 1295 3528 1351 millia

1927 1390 2223 1452 hominum,
2252 1389 2341 1459 qui
2370 1397 2549 1443 tamen
2577 1388 2630 1443 in
2657 1387 3021 1442 exsultatione
3043 1387 3210 1442 multa
3239 1387 3530 1456 degebant?

1926 1479 1995 1535 Et
2019 1480 2138 1549 jure
2165 1480 2379 1548 quidem
2411 1496 2426 1533 :
2461 1495 2582 1533 nam
2615 1480 2856 1533 omnium
2885 1493 3044 1532 causa
3081 1494 3398 1541 uimrorum,
3435 1495 3532 1548 pe-

1925 1574 2201 1627 cuuiarum
2231 1588 2426 1640 nempe
2449 1572 2742 1640 possessio,
2772 1571 2983 1625 sublata
3012 1581 3149 1625 erat.
3183 1570 3275 1625 llla
3301 1588 3533 1641 namque

1927 1665 2212 1728 bellorum,
2235 1667 2640 1720 contentionum
2667 1705 2683 1730 ,
2708 1665 2957 1719 maeroris
2983 1664 3335 1732 omniumque
3364 1664 3536 1718 malo-

1928 1773 2045 1811 rum
2077 1771 2237 1812 causa
2270 1766 2407 1822 erat,
2437 1773 2558 1827 quae
2583 1758 2748 1811 vitam
2780 1756 3105 1812 laboriosam
3144 1758 3537 1828 molesmmque

1929 1848 2229 1903 reddebat:
2261 1849 2526 1919 longeque
2567 1849 2747 1917 plures
2781 1861 3006 1904 mmstos
3046 1850 3287 1920 reperias
3316 1850 3539 1919 divites,

1929 1957 2091 2011 quam
2120 1957 2405 2011 pauperes.
2443 1941 2596 2009 Quod
2630 1941 2675 1994 si
2705 1940 3027 2011 quihusdam
3055 1957 3160 1996 non
3189 1942 3437 1999 videatur
3464 1944 3538 1997 ita

1932 2049 2072 2098 esse,
2107 2050 2214 2088 non
2242 2050 2308 2088 ex
2342 2050 2524 2088 rerum
2554 2045 2740 2087 natura
2763 2075 2776 2098 ,
2825 2035 2920 2088 sed
2954 2049 3022 2088 ex
3064 2049 3250 2089 eorum
3283 2036 3540 2105 opinione

1932 2131 2011 2184 sic
2036 2146 2093 2184 se
2119 2144 2209 2184 res
2244 2130 2423 2184 habet.
2470 2129 2626 2197 Quod
2658 2130 2702 2183 si
2740 2129 2868 2198 quid
2901 2129 3134 2184 habeant
3160 2130 3355 2186 divites
3387 2130 3542 2185 volu-

1936 2225 2115 2295 ptatis,
2157 2223 2292 2279 nihil
2320 2223 2539 2278 mirum.
2566 2222 2699 2278 Nam
2725 2232 2780 2277 et
2808 2224 2896 2292 qui
2929 2224 3113 2279 scabie
3141 2224 3283 2294 pleni
3311 2233 3454 2291 sunt,
3487 2225 3540 2279 in

1935 2332 2124 2386 magna
2156 2325 2281 2370 sunt
2310 2316 2611 2386 voluptate.
2644 2315 2797 2384 Quod
2829 2326 3011 2370 autem
3043 2317 3112 2370 ab
3144 2317 3250 2371 illis
3279 2317 3414 2372 nihil
3435 2316 3543 2373 dif-

1937 2412 2107 2467 ferant
2127 2411 2341 2476 divites,
2361 2410 2458 2466 sed
2486 2409 2681 2465 eodem
2711 2409 2822 2464 sint
2849 2409 3054 2472 animo,
3074 2409 3198 2463 hinc
3228 2410 3402 2479 palam
3433 2420 3536 2466 est.

1936 2507 2062 2562 Illos
2088 2522 2234 2563 cura:
2262 2515 2501 2561 atterunt
2526 2525 2538 2560 :
2572 2516 2625 2562 et
2653 2514 2831 2561 tamen
2867 2506 3056 2562 volunt
3084 2505 3186 2560 illis
3213 2505 3442 2559 detineri
3475 2505 3546 2560 ob

1938 2611 2343 2670 temporaneam
2375 2599 2708 2668 voluptatem
2742 2617 2754 2652 :
2784 2599 2880 2667 qui
2928 2607 3106 2652 autem
3156 2607 3285 2653 sunt
3319 2612 3351 2650 a
3402 2597 3548 2652 curis

1939 2693 2117 2757 liberi,
2140 2693 2190 2746 in
2217 2692 2449 2745 sanitate
2475 2707 2711 2746 nurrore
2740 2692 2888 2744 vacui
2920 2689 3148 2760 degunt.

2012 2786 2066 2841 4.
2095 2785 2231 2853 Quid
2264 2784 2494 2848 dulcius,
2527 2798 2712 2854 quaeso
2732 2825 2746 2848 ,
2775 2781 2902 2854 quid
2938 2783 3102 2837 tutius
3125 2825 3139 2849 ,
3175 2783 3243 2838 de
3273 2798 3381 2837 uno
3406 2799 3550 2854 pane

1939 2891 1992 2935 et
2021 2880 2089 2935 de
2119 2891 2266 2934 veste
2295 2879 2587 2934 sollicitum
2631 2893 2751 2933 esse
2774 2920 2789 2943 ,
2824 2893 2890 2932 an
2923 2877 2992 2932 de
3021 2877 3169 2932 mille
3195 2878 3367 2933 servis
3393 2886 3449 2933 et
3488 2876 3552 2932 li-

1942 2973 2106 3040 beris,
2138 2987 2199 3026 ac
2220 2970 2287 3026 de
2312 2972 2492 3040 seipso
2517 2970 2648 3024 nihil
2670 2969 2898 3025 curare?
2919 2969 3382 3036 Quemadmodum
3406 2970 3550 3025 enim

1944 3064 2029 3117 hic
2058 3079 2153 3132 pro
2187 3064 2368 3132 seipso
2398 3063 2585 3116 timet:
2613 3063 2682 3115 ita
2712 3070 2768 3116 et
2798 3072 2852 3115 tu
2894 3076 2993 3132 pro
3026 3060 3124 3126 iis,
3157 3060 3245 3132 qui
3279 3077 3343 3115 ex
3377 3062 3554 3131 capite

1945 3166 2035 3210 tuo
2067 3156 2324 3225 pendent.
2358 3156 2426 3209 Et
2452 3170 2550 3211 cur
2578 3164 2864 3223 paupertas
2901 3153 3155 3224 fugienda
3182 3154 3394 3208 videtur
3417 3195 3431 3220 ,
3464 3155 3553 3208 in-

1944 3248 2131 3317 quies?
2165 3247 2299 3313 Quia
2329 3247 2431 3300 alia
2463 3261 2677 3317 quoque
2706 3247 2842 3300 bona
2879 3246 3028 3299 multi
3063 3256 3416 3312 aversantur,
3447 3261 3555 3301 non

1947 3339 2090 3408 quod
2126 3337 2411 3407 fugienda,
2458 3338 2551 3392 sed
2591 3338 2733 3408 quod
2765 3349 2888 3392 actu
2930 3337 3169 3391 difficilia
3216 3339 3346 3393 sint.
3392 3339 3558 3409 igitur

1947 3441 2236 3502 paupertas
2270 3447 2376 3485 non
2423 3429 2671 3501 fugienda
2701 3473 2714 3495 ,
2761 3431 2856 3485 sed
2908 3413 3168 3489 exercitio
3193 3432 3429 3488 difficilis
3451 3444 3555 3488 est.

1950 3525 2133 3594 Itaque
2161 3526 2204 3578 si
2235 3526 2356 3591 quis
2382 3524 2523 3577 illam
2557 3523 2698 3578 ferre
2725 3533 2927 3592 posset,
2962 3524 3104 3578 haud
3134 3524 3382 3595 fugienda
3409 3525 3560 3581 vide-

1949 3629 2119 3674 retur.
2145 3616 2255 3673 Cur
2281 3617 2424 3672 enim
2452 3617 2596 3671 illam
2621 3632 2727 3671 non
2753 3617 3144 3670 aversabantur
3169 3617 3437 3687 apostoli?
3463 3633 3562 3673 cur

1953 3713 2096 3767 illam
2130 3713 2281 3766 multi
2313 3712 2540 3781 eligunt,
2571 3726 2671 3765 nec
2699 3711 2862 3764 modo
2891 3710 3037 3764 illam
3072 3727 3178 3765 non
3209 3722 3558 3779 aversantur,

1952 3804 2046 3857 sed
2077 3802 2142 3854 ad
2178 3801 2322 3855 illam
2355 3800 2683 3855 accurrunt?
2713 3801 2866 3869 Quod
2897 3803 3041 3856 enim
3076 3818 3207 3858 vere
3249 3804 3560 3874 fugiendum

1954 3905 2058 3958 est,
2092 3895 2306 3950 nonnisi
2334 3875 2541 3949 insanis
2570 3893 2864 3964 optandum
2894 3892 3125 3949 videtur.

2029 3986 2316 4056 Paupertas
2345 3986 2644 4055 prwsidium
2685 3985 3123 4040 munitum—Si
3169 3997 3348 4041 autem
3389 3985 3566 4057 philo-

1956 4081 2109 4150 sophi
2136 4081 2274 4134 inter
2295 4079 2543 4134 homines
2567 4078 2848 4142 sublimes,
2877 4079 2943 4134 ad
2966 4080 3103 4134 hanc
3121 4082 3271 4149 quasi
3297 4081 3364 4136 ad
3385 4081 3561 4137 locum

1959 4184 2128 4229 tutqu
2155 4183 2209 4228 et
2235 4189 2423 4228 sanum
2446 4175 2690 4240 veniunt,
2712 4174 2844 4227 nihil
2877 4175 3069 4228 mirum
3095 4185 3197 4238 est,
3227 4179 3269 4228 si
3294 4177 3381 4230 alii
3408 4191 3566 4232 secus

1958 4269 2308 4324 arbitrentur.
2338 4268 2471 4322 Nam
2499 4268 2649 4322 dives
2681 4267 2817 4321 nihil
2845 4269 2990 4321 aliud
3024 4268 3152 4322 mihi
3183 4269 3396 4322 videtur
3421 4285 3563 4335 esse,

1960 4376 2119 4432 quam
2148 4362 2276 4415 urbs
2304 4361 2420 4414 sine
2449 4376 2602 4414 muro
2625 4359 2677 4414 in
2707 4361 2931 4431 planitie
2960 4361 3151 4430 posita,
3186 4378 3304 4432 qum
3332 4361 3569 4432 undique

1964 4437 2304 4508 insidiatores
2344 4453 2583 4506 attrahat
2611 4471 2623 4506 :
2653 4462 2946 4523 paupertas
2989 4470 3120 4508 vero
3151 4454 3457 4524 praesidium
3487 4465 3570 4510 est

1963 4548 2262 4610 munitum,
2292 4561 2400 4600 tere
2430 4546 2599 4599 multo
2627 4545 3041 4610 circumdatum,
3075 4562 3295 4603 accessu
3326 4548 3565 4603 difficile.

1965 4641 2071 4706 At,
2124 4637 2334 4706 inquies
2359 4679 2372 4702 ,
2410 4647 2597 4691 contra
2635 4655 2723 4693 res
2753 4655 2811 4692 se
2832 4639 3038 4703 .hahet;
3074 4639 3125 4692 hi
3157 4642 3302 4694 enim
3333 4656 3476 4711 saepe
3505 4642 3572 4695 ad

1968 4731 2197 4785 tribunal
2226 4731 2533 4791 trahuntur,
2567 4730 2620 4783 hi
2650 4730 2941 4796 laeduntur,
2972 4742 3026 4786 et
3051 4733 3191 4786 male
3224 4733 3442 4788 habent.
3467 4735 3570 4788 Sed

1969 4840 2075 4877 non
2100 4838 2365 4892 pauperes
2382 4823 2700 4891 simpliciter
2720 4833 2866 4889 sunt,
2893 4824 2988 4879 sed
3017 4840 3282 4894 pauperes
3303 4829 3390 4895 qui
3414 4827 3573 4880 ditari

1968 4913 2211 4984 cupiunt.
2243 4914 2353 4983 Ego
2379 4928 2508 4966 vero
2533 4929 2638 4967 non
2670 4914 2738 4968 de
2768 4914 2876 4967 illis
2905 4914 3115 4985 loquor,
3149 4915 3243 4972 sed
3271 4916 3339 4971 de
3369 4917 3454 4981 iis,
3484 4936 3570 4986 ιμιι

1971 5007 2024 5060 in
2073 5014 2389 5075 paupertate
2434 5006 2638 5059 versari
2687 5005 2924 5060 student.
2963 5005 3058 5060 Dic
3088 5008 3232 5061 enim
3264 5008 3431 5073 mihi,
3480 5025 3580 5062 cur

1971 5114 2132 5152 nemo
2164 5113 2292 5161 eos,
2339 5100 2428 5168 qui
2471 5100 2520 5152 in
2569 5098 2842 5153 montibus
2869 5098 3110 5169 degunt,
3146 5101 3195 5152 in
3243 5101 3330 5167 jus
3378 5101 3579 5154 trahit?

1973 5191 2216 5259 quamvis
2247 5191 2290 5244 si
2320 5202 2606 5260 paupertas
2639 5189 2800 5246 facile
2822 5192 3163 5262 opprimitur,
3197 5193 3318 5246 illos
3346 5196 3581 5250 maxime

1977 5281 2111 5335 trahi
2143 5290 2416 5350 Oporteret
2441 5323 2455 5349 ,
2489 5283 2579 5352 qui
2630 5295 2755 5337 sunt
2804 5284 3043 5336 omnium
3094 5286 3441 5354 pauperrimi.
3471 5285 3572 5340 Cut

1976 5373 2252 5427 mendicos
2287 5389 2447 5427 nemo
2479 5375 2640 5429 trahit
2669 5374 2733 5427 ad
2759 5375 2994 5443 judicent
3015 5376 3037 5426 ἱ)
3069 5391 3164 5427 cur
3191 5391 3353 5433 nemo
3383 5377 3500 5431 illos
3529 5381 3579 5432 vi

1977 5467 2062 5521 vel
2101 5468 2364 5521 ealutunia
2400 5467 2642 5536 impetit?
2671 5483 2850 5521 nonne
2875 5467 2999 5537 quia
3034 5468 3083 5521 in
3116 5467 3312 5524 tutiore
3338 5471 3456 5525 loco
3479 5471 3583 5524 ha—

1977 5557 2190 5613 bitant?
2229 5558 2399 5625 Quam
2433 5558 2617 5611 multis
2658 5558 3023 5614 infelicissima
3055 5561 3266 5615 videtur
3295 5575 3584 5632 paupertas

1979 5661 2034 5705 et
2081 5652 2433 5706 mendicitas?
2479 5652 2615 5718 Quid
2669 5653 2849 5722 igitur,
2907 5668 3132 5722 quaeso,
3185 5653 3454 5709 bonumne
3501 5671 3586 5712 est

1980 5746 2322 5800 mendicare?
2353 5747 2584 5810 Bonum,
2616 5745 2659 5799 si
2691 5747 2760 5799 sit
2789 5745 2878 5815 qui
2907 5747 3215 5802 consoletur
3241 5757 3294 5802 et
3325 5748 3587 5802 miserea-

1983 5849 2090 5906 tur,
2120 5840 2165 5894 si
2197 5841 2266 5893 sit
2291 5841 2380 5909 qui
2416 5840 2699 5910 largiatur:
2724 5839 2862 5894 hanc
2891 5841 3053 5894 vitam
3083 5842 3311 5895 otiosam
3341 5853 3395 5896 et
3424 5856 3585 5897 secu-

1982 5948 2096 5990 ram
2128 5948 2247 5988 esse
2277 5949 2432 5989 nemo
2462 5951 2565 5989 non
2597 5934 2761 5987 novit.
2793 5933 2904 6002 Ego
2929 5942 3105 5990 autem
3135 5948 3239 5988 non
3268 5933 3371 5988 hoc
3400 5933 3580 5999 laude,
