4094 6486
604 418 699 471 ιιι

599 526 758 587 absit,
777 524 869 579 sed
893 523 1058 593 probo
1083 522 1130 577 si
1156 521 1277 592 quis
1307 536 1435 591 opes
1461 534 1564 573 non
1594 518 1890 574 desideret.
1919 517 2013 572 Dic
2037 517 2180 571 enim

603 616 735 671 mihi
756 655 771 680 ,
800 630 938 685 quos
963 614 1135 683 potius
1160 612 1366 677 beatos,
1395 611 1615 675 dixeris,
1645 626 1711 664 an
1742 610 1947 664 virtutis
1971 607 2177 663 studio-

599 723 710 769 sos,
740 722 806 759 an
839 721 933 760 eos
958 707 1046 776 qui
1079 704 1263 775 procul
1292 704 1359 757 ab
1402 703 1486 756 illa
1535 702 1695 755 sunt?
1739 700 2019 756 Studiosos
2063 700 2179 753 sine

598 799 784 853 dubio.
816 797 946 854 Uter
968 814 1096 868 ergo
1123 798 1343 851 idoneus
1372 803 1455 850 est
1483 795 1547 847 ad
1579 795 1725 848 utilia
1750 793 2094 853 addisccnda,
2125 802 2180 846 et

598 890 664 943 ad
711 888 1063 959 philosopliire
1102 887 1459 957 splendorem,
1506 901 1573 939 an
1619 886 1705 939 hic
1747 902 1813 938 an
1856 883 1985 939 illc?
2029 882 2180 937 Hunc

596 985 779 1053 utique
806 998 926 1037 esse
954 982 1123 1051 palam
1144 992 1245 1035 est.
1274 978 1329 1037 Si
1358 996 1462 1033 non
1491 980 1697 1039 credas.
1724 978 1773 1031 id
1799 977 1965 1032 disce.
1998 975 2180 1029 Addu-

596 1086 748 1129 catur
776 1076 895 1145 quis
918 1090 948 1127 e
976 1072 1093 1127 foro
1121 1071 1559 1127 mendicantium.
1585 1071 1672 1139 qui
1701 1070 1770 1122 sit
1798 1082 1993 1132 etenus,
2026 1069 2175 1122 clau—

595 1167 715 1231 dns,
740 1167 988 1231 mutilus;
1014 1165 1151 1219 alius
1169 1177 1379 1233 quoque
1401 1174 1617 1231 aspectu
1645 1164 1924 1223 formosus,
1952 1172 2178 1226 corpore

598 1258 850 1312 robustus
874 1272 938 1311 ac
965 1256 1194 1319 vividus,
1221 1255 1413 1325 opibus
1438 1253 1736 1316 abundans,
1760 1266 1953 1321 genere
1977 1250 2170 1311 clarus,

596 1356 830 1419 potentia
860 1350 1062 1404 valens.
1100 1346 1175 1420 (α)
1210 1348 1313 1401 llos
1341 1348 1517 1417 itaque
1544 1345 1611 1399 ad
1643 1342 1992 1415 phil050plii:e
2017 1342 2175 1396 disci-

598 1443 794 1507 μιίηςιηι
825 1442 1149 1495 adducamus
1170 1483 1182 1502 ,
1221 1448 1273 1493 et
1316 1439 1620 1500 videamus,
1653 1446 1772 1490 nter
1798 1450 1982 1489 eorum
2009 1434 2175 1502 magis

592 1532 889 1586 doctrinam
933 1532 1186 1600 excipiat.
1236 1530 1314 1585 Sit
1364 1545 1492 1600 ergo
1540 1529 1765 1596 primum
1818 1535 2171 1595 prazceptnm,

591 1623 817 1677 lluniilis
837 1633 952 1677 esto
977 1634 1032 1678 et
1064 1622 1362 1683 modestus;
1397 1620 1496 1674 hoc
1518 1620 1661 1673 enini
1691 1618 1937 1671 Christus
1966 1632 2163 1684 prmec-

593 1718 665 1788 pit
694 1734 703 1766 :
728 1726 840 1769 nter
866 1716 1031 1785 magis
1064 1715 1164 1767 hoc
1183 1712 1404 1782 itnplcrc
1426 1712 1656 1781 poterit?
1686 1710 1861 1774 Beati,
1894 1716 1977 1779 qui
2005 1713 2175 1779 lugent

590 1808 798 1876 (.llutt/i.
835 1809 885 1861 5.
918 1808 971 1876 5)
1000 1806 1155 1876 :quis
1184 1806 1326 1860 dicto
1366 1806 1534 1873 magis
1582 1806 1861 1858 attendet?
1893 1806 2037 1859 Beati
2074 1805 2171 1855 lm-

590 1898 743 1951 miICs
769 1915 779 1947 :
806 1908 921 1951 uter
963 1900 1131 1965 magis
1168 1896 1387 1950 audiet?
1417 1894 1564 1948 Beati
1594 1898 1781 1948 mundo
1808 1897 1959 1948 corde
1983 1912 1998 1947 :
2020 1895 2167 1959 beati,

587 1989 673 2056 qui
714 1990 937 2041 esuriant
966 1998 1010 2041 et
1037 1989 1215 2041 sitiunt
1244 1988 1496 2055 justitiam
1520 2004 1538 2039 .'
1560 1987 1724 2051 beati,
1772 1988 1855 2055 qui
1900 2004 2171 2055 persequu-

591 2081 755 2132 tionen
806 2081 1069 2147 patiuntur
1096 2087 1300 2148 prapter
1326 2079 1583 2149 justitiam
1611 2076 1771 2149 (Ibid.
1803 2094 1847 2131 υ.
1880 2078 1931 2131 8.
1962 2079 2014 2132 6.
2044 2076 2168 2148 1Ο);

590 2172 708 2239 quis
738 2171 750 2223 Ι
778 2187 849 2225 ec
876 2172 1028 2225 facile
1058 2188 1087 2226 e
1110 2169 1325 2241 :cipiet?
1354 2170 1420 2224 Et
1448 2173 1491 2225 si
1526 2172 1624 2236 vis,
1663 2172 1777 2225 “113C.
1819 2172 2026 2239 utrique
2073 2172 2172 2224 ad-

584 2272 853 2330 aptemus.
896 2266 1084 2316 Annon
1129 2264 1213 2319 ille
1241 2272 1407 2317 tumet
1432 2264 1665 2334 undique
1704 2274 1757 2317 et
1797 2263 2040 2326 inﬂatur;
2087 2264 2173 2317 hic

589 2373 717 2411 \cro
750 2359 1024 2414 ulllllliilul‘
1064 2376 1280 2427 prorsus
1324 2357 1487 2412 sentit
1533 2373 1597 2412 ac
1644 2358 1909 2412 demissus
1937 2357 2055 2411 est?
2084 2356 2173 2411 Sic

592 2452 771 2519 utique
812 2466 868 2504 se
919 2466 1005 2503 res
1058 2450 1237 2503 habet.
1284 2451 1374 2503 Est
1419 2460 1469 2505 et
1512 2449 1650 2518 apud
1692 2458 1942 2503 externos
1972 2448 2170 2501 dictum

588 2541 1015 2597 similc:Servus
1060 2540 1273 2609 quidem
1306 2542 1593 2609 Epictetus.
1634 2554 1860 2609 corpore
1910 2553 2167 2600 mancus,

591 2642 900 2702 paupertate
936 2635 1047 2685 Irus
1073 2674 1086 2695 ,
1133 2643 1186 2687 et
1228 2634 1431 2685 amicus
1472 2632 1851 2686 immortalium
1883 2631 1977 2702 (ὁ).
2010 2631 2083 2683 Ita
2114 2648 2173 2685 sc

593 2726 753 2778 habet
812 2741 1030 2792 pauper.
1091 2724 1272 2777 Divitis
1328 2732 1506 2780 autem
1563 2724 1737 2776 anima
1793 2732 1965 2777 scatet
2016 2722 2174 2779 malis

588 2816 858 2880 omnibus,
886 2816 1212 2883 arrogantia,
1238 2830 1370 2868 vana
1395 2814 1584 2884 gloria,
1612 2813 1992 2883 cupiditatibus
2017 2814 2174 2867 imm-

588 2909 772 2969 meris,
804 2908 902 2971 ira,
933 2906 1145 2970 furore,
1181 2907 1424 2971 avaritia,
1455 2906 1736 2975 injustitia,
1769 2906 1992 2975 aliisque
2023 2922 2170 2960 mor-

585 3001 687 3054 bis.
712 2999 891 3052 Palam
916 3012 1044 3068 ergo
1061 3008 1142 3052 est
1167 2998 1333 3063 illam,
1352 3013 1509 3066 quam
1536 2999 1673 3051 hanc
1693 2998 1758 3051 ad
1781 2995 2169 3067 pliilUSOphiam

587 3092 851 3159 aptiorem
896 3106 1037 3145 esse.
1085 3090 1315 3142 Omnino
1354 3090 1562 3143 discere
1604 3090 1842 3157 quieritis
1871 3132 1885 3153 ,
1938 3100 2055 3143 utra
2104 3092 2173 3143 sit

587 3186 803 3238 suavior
830 3204 842 3238 :
870 3184 970 3238 hoc
998 3185 1142 3239 enim
1175 3198 1203 3236 a
1234 3184 1412 3237 multis
1439 3183 1606 3252 quazri
1635 3182 1818 3247 video,
1850 3192 1966 3237 utra
1993 3185 2061 3238 sit
2082 3184 2171 3252 ju-

591 3279 836 3331 cundior.
871 3278 1026 3333 Certe
1058 3278 1155 3331 hac
1184 3278 1233 3330 in
1267 3293 1325 3331 re
1356 3277 1487 3331 nihil
1513 3276 1864 3331 dubitandum
1892 3287 1972 3331 cst
2005 3296 2015 3331 :
2049 3294 2169 3332 nam

586 3371 674 3439 qui
704 3370 919 3424 sanitati
950 3370 1167 3439 pr0pior
1192 3380 1309 3435 est,
1342 3370 1388 3422 is
1430 3370 1482 3422 in
1512 3370 1784 3437 voluptate
1812 3372 1976 3423 multa
2005 3370 2167 3438 degit.

586 3462 740 3526 Uter,
774 3478 979 3531 quaeso,
1012 3463 1077 3515 ad
1106 3462 1271 3530 legem
1304 3460 1461 3527 hanc,
1492 3477 1650 3529 quam
1680 3462 2044 3531 redintegrare
2072 3479 2170 3517 vo-

590 3553 798 3616 lumus,
828 3562 910 3606 cst
934 3553 1125 3618 aptior,
1156 3567 1359 3621 pauper
1396 3567 1462 3605 an
1492 3552 1676 3606 dives?
1703 3554 1820 3622 quis
1848 3554 2001 3608 facile
2024 3554 2171 3622 jura-

587 3644 713 3697 bit?
753 3644 841 3712 qui
887 3642 1009 3698 filiis
1058 3644 1338 3709 irascitur,
1386 3643 1472 3712 qui
1520 3660 1639 3697 cum
1681 3644 1974 3699 innumeris
2019 3656 2167 3712 pacta

645 3802 717 3862 (α)
741 3806 1000 3863 Sequentia
1022 3801 1145 3863 apud
1170 3800 1412 3864 Platonem
1438 3800 1660 3853 feruntur
1685 3800 1717 3848 I.
1745 3801 1861 3851 ϐόε
1887 3802 2167 3864 Republica.

589 3862 829 3927 limoque
868 3862 1474 3927 Chrysostomuspt‘latoni
1509 3871 1673 3912 tamen
1696 3876 1792 3912 non
1819 3862 1986 3925 parum
2011 3863 2170 3913 infen-

586 3941 688 3981 sus,
724 3926 826 3974 inec
850 3924 1184 3987 desu'uipsisse
1211 3924 1419 3973 videtur.

582 3989 717 4110 «ab;
760 3987 877 4036 Haac
914 3981 1178 4036 consonant
1210 4000 1319 4035 eum
1355 3988 1510 4049 epigr.
1560 3985 1642 4035 illo
1677 3987 1694 4048 (
1731 3981 1926 4037 Antltol.
1972 3986 2066 4036 Pal.
2109 3991 2168 4047 7,

624 4070 633 4097 Α
741 4063 751 4096 :

617 4051 751 4097 76):

892 4124 1021 4167 Διῧλος
1047 4114 1241 4169 ἐπίκτητος
1266 4123 1415 4172 τινόμην
1437 4124 1496 4161 ul.
1515 4125 1655 4169 σώματι
1676 4123 1783 4173 ξηρὸς
1798 4152 1808 4167 ,

983 4186 1052 4223 Καὶ
1073 4188 1193 4221 πινίαν
1218 4176 1308 4235 ἦρος,
1326 4186 1386 4222 καὶ
1408 4184 1504 4235 90o;
1522 4185 1725 4241 ἀρανάτοις.

1292 4297 1453 4304 .-

1298 407 1338 462 S
1393 404 1669 461 JOANNIS
1704 403 2174 461 CIIBYSOSTOMI
2212 402 2526 459 ARCHIEP.
2568 403 3097 460 CONSTANTINOP.

2003 4299 2335 4306 .—_——~_

2288 517 2435 578 iniit;
2478 532 2544 569 an
2573 517 2663 586 qui
2693 531 2884 586 panem
2915 532 3079 571 unum
3107 531 3171 572 ac
3200 526 3401 572 vestem
3433 516 3694 585 petiturus
3718 531 3893 571 accc-

2285 613 2395 667 (lit?
2424 612 2557 667 Huic
2599 612 2743 667 nulla
2783 613 3211 682 juramentorum
3243 611 3573 673 necessitas,
3616 611 3660 665 si
3702 610 3842 666 velit
3868 650 3890 677 ,

2285 702 2378 759 sed
2406 718 2622 772 semper
2651 704 2878 773 negotiis
2903 717 3104 758 vacuus
3124 713 3236 769 est;
3266 705 3373 757 imo
3397 718 3527 756 vero
3555 703 3617 766 is,
3646 701 3738 771 qui
3769 718 3891 755 non

2279 796 2460 864 jurare
2485 794 2667 848 didicit
2690 836 2704 857 ,
2739 809 2883 863 saepe
2908 794 3123 849 divitias
3153 804 3389 864 spernet,
3422 805 3476 848 et
3501 792 3569 846 ab
3602 792 3704 846 hoc
3733 791 3892 845 bono

2285 902 2435 942 more
2462 888 2672 941 virtutis
2701 887 2811 941 vias
2844 888 3039 956 ubique
3069 896 3280 956 paratas
3309 886 3488 940 videre
3508 885 3631 951 erit,
3657 897 3888 939 omnes-

2283 996 2385 1049 que
2425 979 2489 1033 ad
2530 980 2831 1049 atquitatem
2872 979 3198 1041 tendentes,
3245 976 3309 1031 ad
3341 976 3649 1031 divitiarum
3676 976 3888 1045 despc-

2282 1082 2450 1133 ctum,
2479 1070 2546 1124 ad
2574 1072 2849 1140 pietatem,
2876 1069 2943 1123 ad
2968 1071 3163 1123 animm
3188 1079 3389 1123 rectam
3411 1067 3887 1130 constitutionem.

2280 1162 2344 1214 ad
2369 1164 2859 1230 compnnctionem.

2352 1252 2539 1306 Contra
2563 1256 2876 1322 jurnmcnta.
2903 1283 2970 1292 —-
3000 1253 3076 1308 Ne
3109 1254 3276 1306 simus
3315 1267 3441 1322 ergo
3493 1251 3861 1322 negligentes,

2280 1345 2480 1410 dilecti,
2505 1346 2599 1399 sed
2630 1346 2849 1399 multam
2878 1346 3227 1399 adhibeamus
3244 1344 3573 1413 diligentiam
3596 1363 3605 1395 :
3631 1343 3721 1413 qui
3748 1357 3887 1398 sese

2280 1436 2655 1501 emendarunt,
2686 1448 2741 1490 ut
2778 1436 2829 1491 id
2850 1436 2992 1506 quod
3019 1436 3362 1491 emendatum
3391 1445 3473 1490 est
3513 1443 3881 1496 conservent,

2282 1545 2349 1583 ne
2376 1529 2529 1582 facile
2558 1527 2821 1592 diffluant,
2855 1544 2988 1582 neve
3028 1538 3173 1583 retro
3198 1537 3516 1593 vertantur;
3556 1528 3645 1597 qui
3690 1536 3881 1581 autem

2278 1622 2451 1677 adhuc
2494 1633 2641 1676 retro
2683 1623 2853 1676 relicti
2890 1630 3032 1685 sunt,
3082 1631 3141 1675 ut
3170 1632 3487 1691 resurgant,
3519 1632 3572 1675 et
3600 1632 3794 1676 curent
3824 1624 3883 1677 iil

2278 1714 2417 1783 quod
2464 1714 2643 1769 deficit
2673 1716 2914 1783 implere.
2956 1714 3279 1785 interimque
3326 1715 3380 1779 ii,
3410 1715 3555 1785 quis
3620 1716 3885 1770 emenda-

2278 1814 2419 1865 runt,
2447 1806 2551 1859 illis
2579 1807 2667 1876 qui
2699 1806 2932 1860 nondum
2980 1806 3028 1860 id
3070 1813 3378 1875 potuerunt,
3412 1808 3564 1877 quasi
3598 1808 3648 1860 in
3684 1809 3884 1878 pelago

2278 1898 2546 1962 nantibus,
2586 1914 2775 1951 manus
2810 1898 3168 1967 porrigentes,
3212 1898 3357 1969 ipsos
3384 1899 3435 1952 in
3474 1908 3627 1968 portu
3666 1917 3695 1951 a
3720 1900 3877 1969 jura-

2278 1990 2468 2042 mentis
2499 2004 2667 2043 vacuo
2706 1988 2984 2058 recipiant.
3018 1989 3212 2044 Portus
3240 1990 3439 2059 quippe
3465 2002 3608 2044 tutus
3629 2001 3735 2057 est,
3765 2008 3877 2047 non

2271 2083 2453 2150 jnrare
2484 2100 2496 2130 ς
2528 2091 2733 2151 portus,
2765 2092 2821 2135 ut
2853 2098 2921 2137 ne
2966 2084 3083 2153 quis
3122 2082 3501 2152 submergatur
3526 2082 3594 2137 ab
3622 2083 3882 2137 irruenti-

2277 2172 2374 2224 bus
2406 2174 2593 2226 ventis.
2622 2173 2770 2227 Licet
2797 2174 2936 2228 enim
2960 2174 3057 2239 ira,
3089 2174 3214 2228 licet
3236 2172 3525 2240 damnum,
3557 2174 3680 2228 licet
3723 2172 3883 2228 furor

2278 2263 2489 2317 aliudve
2512 2263 3034 2329 cffervescat,anima
3058 2265 3108 2318 in
3135 2274 3247 2318 tuto
3269 2274 3378 2329 est;
3404 2264 3473 2319 ita
3498 2274 3554 2319 ut
3575 2264 3702 2319 nihil
3725 2266 3883 2319 emito

2281 2366 2357 2409 tat
2385 2358 2529 2425 quod
2569 2358 2749 2412 dicere
2791 2374 2896 2412 non
2930 2358 3089 2413 liceat
3120 2375 3132 2411 :
3166 2373 3341 2427 neque
3366 2358 3508 2411 enim
3540 2358 3638 2411 sibi
3662 2359 3742 2412 vel
3776 2375 3881 2411 ne-

2274 2449 2576 2502 cessitatem
2623 2450 2705 2503 vel
2762 2449 2932 2520 legem
2968 2450 3268 2504 constituit.
3315 2449 3469 2513 Vide,
3500 2449 3624 2520 quid
3650 2458 3882 2521 propter

2271 2538 2632 2606 juramcntum
2655 2540 2841 2594 fecerit
2867 2540 3109 2595 Herodes
3136 2559 3148 2593 :
3173 2551 3332 2609 caput
3355 2540 3709 2594 Prmcnrsoris
3738 2557 3883 2609 prm-

2276 2629 2437 2693 cidit;
2472 2629 2689 2698 Propter
2712 2631 3004 2698 iuramenta
3020 2633 3173 2694 enim,
3204 2631 3394 2699 inquit,
3415 2639 3460 2684 et
3487 2640 3693 2700 propter
3718 2631 3882 2683 simul

2276 2720 2640 2774 discumbentes
2689 2722 2848 2774 noluit
2890 2721 3030 2775 illam
3079 2721 3319 2790 repellere
3371 2720 3573 2791 (Marc.
3636 2722 3689 2774 6.
3732 2720 3877 2790 26).

2276 2812 2411 2878 Quid
2441 2813 3029 2882 propterjnramentum
3071 2829 3239 2882 passa:
3274 2824 3399 2867 sunt
3436 2815 3609 2868 tribus
3658 2813 3877 2884 (Judic.

2274 2902 2363 2954 2|.
2399 2902 2526 2973 10),
2560 2905 2702 2958 circa
2736 2905 2931 2959 tribum
2961 2905 3423 2976 Benjaminiquid
3455 2921 3644 2976 passus
3663 2917 3747 2961 est
3773 2922 3883 2976 pro

2269 2994 2576 3063 juratnento
2605 2996 2770 3051 Satil?
2792 2997 2882 3052 ille
2906 2996 3119 3067 quidem
3158 2998 3451 3067 pejeravit;
3479 2998 3719 3054 Herodes
3740 3015 3882 3055 vero

2280 3086 2513 3154 periurio
2556 3086 2879 3141 deteriorem
2921 3088 3125 3144 aedem
3174 3087 3321 3143 fecit.
3347 3088 3581 3144 Rursum
3611 3090 3767 3146 Jesus
3801 3093 3883 3148 ob

2271 3177 2631 3245 juramentntn
2664 3177 2976 3233 Gabaonitis
3006 3179 3226 3247 factum,
3256 3189 3451 3249 quanta
3473 3196 3660 3249 passus
3685 3183 3755 3235 sit
3783 3196 3885 3237 no-

2275 3270 2363 3323 sti.
2402 3268 2681 3323 Satanicus
2709 3270 2852 3324 enim
2884 3271 3107 3341 laqueus
3132 3282 3215 3327 est
3237 3272 3626 3340 juramcntum.
3655 3273 3882 3329 Dirum—

2278 3376 2463 3429 pamns
2504 3378 2632 3431 ergo
2663 3361 2837 3427 funes,
2883 3372 2938 3417 et
2974 3378 3073 3418 nos
3099 3364 3170 3418 ita
3201 3364 3593 3419 constituemus
3621 3377 3678 3419 ut
3713 3364 3883 3422 facile

2274 3468 2577 3507 caveamus.
2629 3454 2949 3510 Lilicretnur
2999 3471 3029 3509 a
3088 3456 3279 3526 laqueo
3322 3464 3554 3523 satana;
3586 3458 3877 3515 timeamus

2277 3544 2613 3599 Dominicum
2649 3557 3003 3617 prazceptum:
3053 3549 3106 3602 in
3143 3551 3399 3618 Optimam
3426 3552 3877 3608 consuetudinem

2274 3652 2373 3690 nos
2398 3637 2723 3692 deducamus
2755 3656 2769 3693 :
2813 3649 2870 3693 ut
2898 3640 3186 3709 progressi,
3216 3650 3271 3694 et
3304 3641 3406 3695 hoc
3445 3650 3502 3695 et
3527 3643 3631 3696 alia
3661 3658 3878 3713 praece-

2276 3741 2360 3799 pta
2394 3732 2699 3802 itnplentes,
2730 3737 2987 3801 promissa
3007 3733 3346 3803 diligentibus
3370 3738 3539 3804 ipsum
3572 3751 3880 3807 consequa-

2275 3841 2394 3878 mur
2420 3825 2579 3888 bona,
2621 3824 2789 3894 gratia
2835 3837 2890 3880 et
2940 3827 3267 3897 benignitate
3309 3829 3517 3882 Domini
3548 3831 3716 3885 nostri
3746 3830 3878 3888 Jesu

2275 3914 2493 3978 ChriSti,
2528 3918 2742 3985 quicum
2781 3917 2925 3970 Patri
2954 3926 3009 3970 et
3034 3919 3253 3989 Spiritui
3284 3929 3473 3973 sancto
3503 3921 3671 3990 gloria
3692 3962 3708 3988 ,
3766 3924 3877 3981 im-

2277 4008 2501 4077 perium,
2536 4009 2726 4071 honor,
2756 4024 2897 4063 nunc
2923 4019 2978 4063 et
2998 4025 3232 4079 semper,
3258 4021 3312 4065 et
3338 4012 3389 4066 in
3422 4012 3615 4067 saecula
3649 4015 3878 4071 saeculo-

2277 4118 2413 4156 rum.
2446 4104 2637 4156 Amen.

2342 4300 2701 4307 mm
2712 4303 3292 4311 “M-MH.-.
3303 4306 3865 4318 __——_.——~.-—..—

1833 4389 1845 4400 °
1906 4372 2249 4433 HOMILIA
2292 4374 2465 4433 XIV.

580 4524 707 4576 Car.
750 4522 801 4575 5.
836 4537 883 4572 v.
915 4521 1001 4573 54.
1036 4520 1442 4587 Surgcnsuulcm
1472 4517 1677 4592 quidam
1707 4518 1756 4567 in
1784 4518 1995 4571 concilio
2026 4517 2166 4571 Plut-

648 4618 819 4667 risa'us
843 4656 855 4677 ,
917 4612 1114 4663 nomine
1149 4607 1415 4670 (iamaliel,
1471 4609 1594 4678 legis
1635 4610 1826 4674 doctor,
1859 4610 2166 4665 honorabilis

653 4707 892 4757 universw
919 4704 1069 4771 plebi,
1088 4702 1239 4771 jussit
1268 4708 1404 4772 [oras
1434 4702 1499 4752 ad
1536 4706 1675 4753 breve
1712 4702 1933 4754 homines
1962 4704 2091 4769 ﬁeri.

656 4799 708 4849 1.
737 4797 829 4849 llic
858 4796 1113 4850 Gamalicl
1138 4796 1281 4849 Pauli
1310 4794 1495 4847 doctor
1521 4803 1636 4848 erat
1662 4814 1675 4849 :
1705 4794 2165 4864 admirationeque

580 4890 795 4957 dignum
827 4900 927 4951 est,
959 4886 1245 4955 quomodo,
1277 4886 1472 4955 judicio
1516 4886 1697 4939 valcns
1723 4888 1851 4939 etin
1885 4886 1998 4957 lege
2026 4888 2165 4955 peri~

582 4992 685 5042 ins,
730 4978 963 5032 nondum
995 4976 1272 5031 crederet:
1306 4993 1475 5047 neque
1522 4978 1692 5046 potuit
1717 4978 1934 5030 omnino
1985 4978 2162 5031 incre-

582 5072 736 5123 dulus
768 5085 1002 5133 manere,
1060 5078 1116 5121 ut
1166 5070 1336 5138 palam
1391 5079 1471 5120 est
1522 5085 1585 5122 ex
1631 5070 1745 5137 ejus
1797 5070 1991 5133 verbis,
2045 5085 2163 5139 qua:

582 5162 909 5216 consulendo
938 5161 1111 5215 affert.
1144 5161 1306 5213 Jussit
1336 5160 1498 5225 enim,
1544 5160 1730 5228 inquit,
1756 5165 1892 5229 foras
1927 5160 1995 5211 ad
2023 5161 2164 5213 breve

586 5252 806 5305 homines
824 5253 955 5320 ﬁeri.
982 5250 1113 5305 Vide
1143 5251 1477 5319 prudentiain
1510 5251 1898 5315 concionantis,
1953 5260 2006 5303 ct
2032 5266 2163 5319 quo-

585 5346 747 5398 modo
776 5344 951 5397 statim
1004 5344 1122 5397 illos
1180 5344 1234 5397 in
1290 5352 1489 5397 metunt
1540 5343 1806 5410 conjiciat.
1837 5343 1913 5397 Ne
1949 5358 2077 5395 vero
2107 5343 2160 5397 in

581 5436 937 5507 suspicionem
980 5445 1208 5500 veniret,
1242 5435 1384 5503 quod
1414 5435 1598 5489 eadem
1646 5452 1765 5503 qua:
1803 5436 1875 5488 illi
1911 5437 2157 5501 sentiret,

580 5544 672 5583 eos
702 5526 792 5598 qui
824 5528 875 5580 itt
901 5526 1126 5581 concilio
1153 5526 1432 5590 sedebant,
1463 5542 1525 5579 ac
1562 5527 1605 5579 si
1639 5543 1748 5581 sua:
1780 5527 2045 5595 opinionis
2076 5543 2163 5581 es-

579 5628 701 5673 sent
748 5619 1069 5689 alloquitur;
1112 5633 1209 5671 nec
1250 5618 1416 5671 multa
1462 5618 1626 5670 utitur
1676 5618 2030 5680 vehementia,
2066 5619 2160 5673 sed

579 5713 727 5777 quasi
748 5726 869 5763 cum
895 5708 1020 5762 viris
1048 5709 1225 5764 furore
1254 5709 1437 5773 ebriis,
1459 5710 1527 5762 ita
1556 5709 1681 5762 dicit
1710 5728 1721 5762 :
1747 5711 1833 5764 55.
1871 5710 1972 5761 Viri
1986 5708 2160 5763 Israe-

579 5803 700 5865 litw,
743 5802 984 5855 attendite
1015 5802 1149 5854 vobis
1176 5817 1331 5869 super
1376 5801 1661 5854 hominibus
1705 5804 1812 5854 istis
1839 5803 1959 5870 quid
1998 5803 2162 5854 acturi

579 5893 705 5946 sitis.
743 5894 816 5950 Nc
859 5905 1080 5959 temere,
1122 5894 1309 5963 inquit,
1339 5911 1511 5965 neque
1544 5894 1734 5950 leviter
1764 5894 2028 5949 fcramini.
2067 5897 2157 5950 56.

2282 4539 2298 4570 ι
2327 4521 2462 4573 Ante
2485 4518 2625 4573 enim
2658 4520 2753 4575 hos
2771 4520 2884 4574 dies
2908 4520 3142 4575 surrexit
3167 4521 3436 4588 Thendas,
3456 4522 3642 4579 dicens
3671 4540 3727 4579 se
3748 4540 3875 4584 esse

2274 4612 2504 4681 aliquem
2538 4629 2551 4665 :
2575 4613 2657 4665 cui
2676 4614 2940 4667 consentit
2964 4630 3219 4668 numeros
3242 4616 3477 4669 virorum
3502 4617 3714 4672 circiter
3738 4632 3877 4688 qua-

2274 4706 2675 4774 dringentorum
2716 4725 2727 4759 :
2759 4706 2846 4776 qtti
2874 4707 3084 4761 occisus
3125 4719 3240 4773 est;
3274 4718 3328 4761 et
3360 4724 3548 4763 omnes
3573 4710 3661 4779 qui
3684 4712 3876 4768 credes

2273 4799 2401 4852 bant
2428 4798 2498 4860 ei,
2531 4798 2770 4867 dissipati
2799 4809 2995 4854 suntet
3020 4800 3219 4854 redacti
3242 4802 3306 4855 ad
3334 4802 3577 4855 nihilum.
3614 4822 3632 4855 ι
3667 4804 3874 4862 Exem-

2274 4890 2372 4957 plis
2399 4889 2518 4942 illos
2544 4890 2608 4944 ad
2631 4906 2812 4944 sanam
2841 4900 3073 4945 mentem
3098 4893 3243 4946 ducit
3262 4910 3275 4957 ;
3297 4903 3349 4947 et
3368 4893 3536 4957 illum,
3569 4894 3656 4961 qui
3686 4892 3876 4964 piures

2273 4979 2577 5045 scduxerat,
2612 4982 2829 5035 demum
2860 4981 3014 5036 affert
3061 4982 3126 5036 ad
3173 4984 3385 5037 illorum
3416 4986 3869 5045 consolationem.

2271 5072 2569 5139 Antequam
2623 5088 2748 5125 vero
2804 5074 3047 5143 exempla
3100 5073 3355 5143 proferat,
3411 5077 3577 5131 dicit:
3612 5080 3875 5136 Attandite

2272 5162 2406 5215 vobis
2436 5180 2454 5215 :
2492 5164 2552 5215 iis
2597 5179 2725 5216 vero
2780 5163 2975 5228 allatis,
3030 5166 3349 5220 sententiam
3394 5168 3597 5236 profert
3617 5171 3800 5227 dicens
3853 5191 3867 5226 :

2276 5271 2296 5303 ι
2328 5254 2390 5306 Et
2422 5270 2561 5307 nunc
2598 5254 2779 5323 itaque
2806 5254 2924 5308 dico
2968 5258 3138 5321 vobis,
3170 5258 3432 5313 Discedite
3462 5261 3529 5313 ab
3561 5260 3869 5318 hominibus

2271 5345 2405 5397 istis.
2431 5346 2519 5397 57.
2551 5344 2683 5399 Post
2710 5344 2851 5400 hunc
2875 5350 3105 5401 surrexit
3134 5348 3299 5404 Judas
3324 5349 3575 5407 Galilzeus
3598 5354 3648 5407 iii
3676 5354 3869 5409 diebus

2277 5434 2645 5501 professionis,
2675 5447 2728 5490 ct
2752 5440 2941 5493 avertit
2992 5442 3243 5509 populum
3292 5443 3514 5497 multum
3548 5456 3667 5515 post
3701 5462 3787 5512 se;
3813 5460 3868 5503 et

2270 5527 2381 5595 ipse
2403 5542 2611 5596 quoque
2641 5530 2827 5596 periit;
2857 5540 2908 5584 et
2948 5548 3154 5597 omnes,
3185 5542 3444 5605 quotquot
3466 5553 3858 5595 consenserunt

2269 5618 2338 5678 ci,
2358 5617 2583 5685 dispersi
2615 5629 2758 5673 sunt.
2783 5621 2869 5675 58.
2900 5622 2963 5675 ΕΙ
3010 5638 3149 5678 nunc
3178 5624 3354 5694 itaque
3386 5627 3503 5682 dico
3530 5630 3707 5694 vobis,
3744 5631 3866 5686 Dis-

2267 5709 2439 5764 cedite
2466 5712 2531 5764 ab
2561 5711 2861 5767 hominibus
2881 5714 3019 5775 istis,
3060 5725 3114 5769 et
3140 5716 3297 5771 sinite
3331 5718 3451 5771 illos
3487 5737 3499 5771 :
3534 5720 3787 5789 quoniam
3817 5725 3864 5775 si

2267 5815 2433 5857 estex
2466 5802 2768 5858 hominibus
2793 5806 3075 5860 consilium
3102 5807 3199 5861 hoc
3216 5819 3305 5861 aut
3329 5824 3483 5879 opus,
3506 5810 3863 5880 dissolvetur;

2268 5896 2354 5951 '59.
2386 5896 2426 5951 si
2450 5914 2576 5955 vero
2604 5914 2666 5954 ex
2695 5898 2801 5954 Deo
2826 5908 2928 5966 est,
2952 5915 3054 5955 non
3082 5902 3322 5969 poteritis
3339 5901 3806 5963 dissolvercillod.
3836 5923 3862 5961 ι
