4044 6484
612 417 716 472 HS

624 528 770 589 '(lgsl
802 527 1018 594 ἔλεγεν·
1070 526 1411 595 Ἀνάσχεσθε,
1465 526 1558 579 καί⁵
1604 525 1697 578 ἐὰν
1732 526 1790 591 ἐξ
1846 522 2055 577 ἑαυτῶν
2103 521 2196 573 καὶ

606 608 750 668 οὗτοι
784 612 1137 680 συνέστησαν,
1163 608 1311 660 οὐδὲν
1337 606 1565 660 κωλύσει
1609 610 1702 659 καὶ
1734 608 1929 669 αὐτοὺς
1962 603 2194 658 καταλυ-

610 699 786 767 ϐῆναι.
823 694 1065 759 Μήποτε
1116 692 1216 744 καὶ
1257 691 1542 758 Θεομάχοι
1578 690 1875 759 εὑρεθῆτε.
1925 690 2036 741 Καὶ
2096 685 2185 739 διὰ

612 781 706 835 τοῦ
757 781 1036 839 ἀδυνάτου,
1096 778 1189 829 καὶ
1234 776 1317 828 διὰ
1379 774 1471 827 τοῦ
1521 776 1839 846 ἀσυμφόρου
1888 772 2187 843 ἀποτρέπει

609 864 823 926 αὐτούς.
878 864 990 914 Οὐκ
1044 856 1162 912 εἷπε
1222 860 1275 910 δὲ
1316 858 1419 910 ὑπὸ
1454 859 1597 921 τίνος
1652 858 2015 929 ἀνῃρέθησαν,
2076 852 2186 907 ἀλλ’

612 948 813 1010 ἁπλῶς,
841 947 922 999 ὅτι
944 944 1279 1013 διελύθησαν,
1313 944 1452 1011 τάχα
1473 944 1546 1001 ὡς
1588 943 1880 1010 παρέλκον.
1918 941 1995 993 Δι’
2017 933 2091 993 ὧν
2131 938 2187 991 δέ

611 1032 917 1101 ὑποτίθησι.
987 1030 1263 1091 διδάσκει,
1332 1029 1412 1081 ὅτι
1477 1029 1538 1080 El
1600 1028 1698 1095 μέν
1742 1026 2079 1099 ἀνθρώπινον
2130 1023 2189 1076 τὸ

610 1117 787 1188 ἔργον,
839 1116 989 1168 οὐδὲν
1032 1114 1211 1183 δεήσει
1258 1113 1597 1183 πραγμάτων
1636 1111 1796 1181 ὑμῖν·
1839 1112 1887 1164 εί
1941 1111 1996 1164 δέ
2048 1107 2188 1161 θεῖόν

610 1203 777 1259 ἐστιν,
801 1199 917 1251 οὐδὲ
953 1196 1087 1266 μετά
1116 1198 1451 1266 πραγμάτιον
1470 1195 1764 1264 δυνήσεσθε
1786 1192 2185 1266 περιγενέσθαι.

611 1284 770 1337 Οὕτω
804 1282 930 1350 γοῦν
957 1282 1049 1333 καὶ
1088 1284 1114 1333 ὀ
1143 1281 1296 1348 λόγος
1330 1280 1546 1343 συνετὸς
1577 1280 1775 1347 ἔδοξεν,
1810 1283 1891 1333 ὃτι
1922 1280 2014 1332 καὶ
2040 1277 2190 1331 ἐπεί-

613 1368 817 1435 σθησαν
876 1365 1013 1417 ὥστε
1085 1366 1159 1436 μὴ
1217 1363 1425 1416 ἀνελεῖν
1480 1366 1699 1427 αὐτοὺς,
1742 1363 1879 1417 ἀλλά
1936 1361 2190 1433 μαστίξαι

611 1452 789 1520 μόνον.
823 1449 1221 1513 Ἐπείσθησαν
1250 1449 1359 1517 γάρ
1384 1446 1563 1511 αὐτῷ,
1594 1448 1754 1517 φησί·
1798 1446 1895 1499 καί
1921 1459 2188 1513 προσκα-

608 1533 929 1600 λεσάμενοι
988 1532 1128 1594 τοὺς
1165 1532 1569 1594 ἀποστόλους.
1618 1530 1925 1599 δείραντες
1968 1529 2191 1598 παρήγ-

608 1620 817 1685 γειλαν
852 1616 935 1684 μη
984 1614 1200 1667 λαλεῖν
1248 1614 1344 1666 ἐπὶ
1400 1613 1480 1678 τῷ
1514 1616 1755 1683 ὀνόματι
1820 1615 1923 1667 τοῦ
1967 1612 2189 1679 Ἰησοῦ,

613 1700 711 1754 καὶ
764 1700 1087 1753 ἀπέλυσαν
1142 1700 1381 1764 αὐτούς.
1426 1698 1587 1768 Ὅρα,
1644 1698 1782 1769 μετά
1830 1698 1971 1750 πόσα
2003 1695 2193 1766 μαστί-

613 1786 793 1846 ζονται
855 1781 1110 1851 θαύματα
1156 1793 1202 1835 ι.
1261 1782 1371 1833 Kal
1412 1782 1559 1851 ὅμως
1620 1781 1779 1835 πάλιν
1809 1783 1842 1847 ἡ
1878 1779 2193 1833 διδασκαλία

611 1867 943 1918 ὲπετείνετο’
1004 1866 1099 1918 καὶ
1154 1864 1262 1934 γάρ
1300 1865 1392 1917 καὶ
1450 1866 1507 1916 ἐν
1541 1865 1687 1934 οἰκίᾳ.
1736 1866 1829 1919 καὶ
1862 1868 1920 1917 ἐν
1958 1864 2035 1917 τῶ
2065 1862 2193 1934 ῖερῷ

611 1941 908 2003 ἐδίδασκον.
958 1951 1019 2001 Ol
1060 1947 1177 2015 μὲν
1208 1943 1321 2001 οὖν
1352 1948 1709 2014 ἐπορεύοντο
1739 1948 2047 2017 χαίροντες
2074 1946 2192 2000 ἀπὸ

611 2034 932 2099 προσώπου
961 2036 1065 2085 τοῦ
1095 2030 1440 2098 συνεδρίου,
1471 2030 1560 2083 ὅτι
1594 2030 1743 2097 ὑπὲρ
1771 2031 1875 2084 τοῦ
1902 2031 2194 2099 ὀνόματος

610 2118 716 2172 τοῦ
751 2116 1004 2184 Χριστοῦ
1032 2115 1488 2182 κατηξιώθησαν
1513 2112 1935 2183 ἀτιμασθῆναι,
1988 2110 2196 2167 πᾶσάν

612 2218 675 2255 τε
702 2200 927 2269 ἡμέραν
956 2200 1024 2252 ἐν
1048 2197 1127 2263 τῷ
1165 2197 1297 2267 ίερῷ
1336 2198 1432 2250 καὶ
1474 2198 1599 2250 κατ’
1630 2193 1797 2250 οῖιιον
1847 2198 1957 2251 οὐκ
2017 2196 2198 2249 ἐπαύ-

614 2302 753 2339 οντο
781 2282 1171 2347 διδάσκοντες
1230 2281 1331 2335 καὶ
1388 2279 1895 2350 εὐαγγελιζόμενοι
1954 2279 2199 2347 Ἰησοῦν

615 2368 891 2437 Χριστόν.
932 2368 1032 2419 Ἕν
1058 2364 1124 2417 δὲ
1154 2364 1281 2429 ταῖς
1310 2364 1558 2433 ἡμέραις
1588 2364 1828 2429 ταύταις
1858 2362 2199 2429 πληθυνόν-

611 2469 731 2504 των
750 2449 865 2503 τῶν
887 2445 1186 2517 μαθητῶν,
1209 2447 1446 2514 ἐγένετο
1470 2445 1814 2515 γογγυσμὸς
1836 2443 1953 2497 τῶν
1986 2445 2199 2510 Ἐλλη-

611 2530 834 2587 νιστῶν
862 2530 1008 2598 πρὸς
1048 2530 1188 2595 τοὺς
1222 2530 1553 2596 Ἐϐραίους,
1586 2528 1674 2582 ὅτι
1708 2528 2196 2597 παρεθεωροῦντο

609 2614 774 2684 ἐντῇ
815 2614 1084 2678 διακονίᾳ
1126 2610 1197 2679 τῇ
1242 2610 1603 2680 καθημερινῆ
1641 2615 1700 2663 al
1756 2610 1928 2679 χῆραι
1976 2610 2194 2665 αὐτῶν.

614 2701 729 2752 Οὐκ
768 2702 823 2751 ἐν
863 2698 1096 2757 ἐκείναις
1153 2697 1372 2757 πάντως
1406 2694 1553 2761 λέγει
1606 2697 1726 2758 ταῖς
1775 2694 2041 2764 ἡμέραις·
2084 2693 2199 2747 ἀλλ’

614 2784 739 2835 ἐπεὶ
770 2780 1026 2849 συνήθεια
1054 2777 1272 2843 τοιαύτη
1298 2778 1324 2816 ι’
1356 2778 1472 2829 ἐστι
1502 2779 1565 2847 τῇ
1595 2777 1808 2847 Γραφῇ,
1840 2778 1934 2829 καὶ
1975 2776 2043 2829 τά
2070 2776 2201 2848 μέλ-

612 2865 773 2918 λοντα
832 2861 1240 2933 συμϐαίνεινώς
1295 2858 1496 2929 ’ἐφεξῆς
1564 2860 1823 2928 γινόμενα
1881 2858 2049 2927 λέγει,
2114 2858 2200 2913 διά

610 2948 772 3001 τοῦτο
796 2946 968 3009 οὓτως
990 2941 1164 2997 εἶπεν.
1188 2940 1542 3013 Ἑλληνιστάς
1579 2940 1634 2993 δὲ
1663 2937 1816 3009 οἶμαι
1844 2942 2045 3003 καλεῖν,
2074 2943 2199 3004 τοὺς

626 3030 924 3101 Ἑλληνιστὶ
953 3026 1373 3098 φθεγγομένους·
1394 3020 1536 3078 οὗτοι
1560 3025 1666 3095 γὰρ
1706 3024 2010 3094 Ἑλληνιστὶ
2036 3025 2201 3078 διελέ-

611 3133 775 3186 γοντο
817 3112 1057 3183 Ἑϐραῖοι
1106 3112 1275 3173 ὄντες.
1331 3108 1459 3162 Ἰδοὺ
1520 3110 1615 3161 καὶ
1660 3108 1816 3171 ἀλλος
1865 3109 2195 3179 πειρασμὸς·

618 3198 821 3271 μᾶλλον
848 3197 904 3249 δὲ
938 3197 1030 3249 καὶ
1059 3197 1143 3260 σὺ,
1179 3196 1225 3247 εί
1260 3193 1439 3264 βούλει
1468 3194 1710 3259 σκοπεῖν,
1744 3192 1863 3261 ὄψει
1888 3192 1981 3245 καὶ
2000 3191 2201 3245 ἔσωθεν

616 3284 711 3337 καὶ
746 3282 943 3347 ἔξωθεν
972 3279 1099 3341 τοὺς
1123 3277 1392 3346 πολέμους
1424 3276 1583 3337 ὄντας
1619 3274 1677 3339 ἐξ
1706 3276 1900 3347 ἀρχῆς,
1932 3279 2201 3343 Προσχα-

611 3364 939 3433 laniger-0L
988 3361 1075 3423 δὲ,
1130 3361 1281 3429 φησὶ,
1329 3362 1382 3413 οἰ
1428 3358 1655 3413 δώδεκα
1701 3360 1766 3411 τὸ
1817 3356 2051 3427 πλῆθος
2083 3358 2203 3412 τῶν

612 3447 894 3519 μαθητῶν
935 3487 949 3509 ,
978 3441 1151 3499 εἷπον
1171 3460 1183 3473 ’
1233 3445 1353 3496 Οὐκ
1381 3444 1641 3509 ἀρεστόν
1666 3443 1798 3495 ἐστι
1835 3446 2200 3496 καταλιπόν-

620 3548 728 3597 τας
754 3528 909 3599 ημὰς
934 3529 1039 3581 τὸν
1071 3527 1257 3595 λόγον
1284 3525 1389 3577 τοῦ
1443 3525 1613 3586 Θεοῦ.
1656 3524 1957 3578 διακονεῖν
1994 3524 2203 3592 τραπέ-

617 3615 764 3679 (me.
800 3611 1019 3674 Καλῶς·
1078 3608 1186 3661 τῶν
1216 3609 1324 3679 γὰρ
1356 3608 1667 3675 ἀναγκαίων
1694 3608 1763 3659 τά
1804 3609 2205 3679 ἀναγκαιότερα

621 3696 1010 3767 προτιμότερα.
1052 3694 1194 3763 Ὅρα
1227 3692 1304 3754 δὲ,
1338 3691 1449 3755 πῶς
1482 3690 1685 3753 εὐθέως
1709 3692 2028 3745 καὶτούτων
2071 3694 2203 3763 πρό-

622 3798 771 3835 νοιαν
801 3779 1096 3841 ποιοῦνται,
1130 3777 1222 3829 καὶ
1252 3775 1344 3827 τοῦ
1389 3774 1743 3845 κηρύγματος
1764 3775 1861 3827 οὐκ
1888 3775 2201 3846 ἀμελοῦσιν.

634 3865 723 3927 Ὠς
771 3861 1179 3931 αίδεσιμώτεροι
1229 3859 1284 3911 δὲ
1317 3862 1510 3911 ἐκεῖνοι
1534 3855 1703 3929 ἦσαν,
1740 3859 1821 3912 διὸ
1851 3862 1944 3913 καὶ
1979 3861 2206 3931 προκρί-

624 3963 824 4000 νονται.
880 3943 1326 4010 Ἐπισκέψασθε
1377 3936 1509 4002 οὖν.
1556 3940 1826 4010 ἀδελφοί,
1881 3942 2105 4009 ἄνδρας
2134 3942 2205 4006 ἐξ

627 4030 792 4097 ὑμῶν
818 4026 1343 4097 μαρτυρουμένους
1368 4024 1539 4085 ἑπτὰ,
1586 4025 1835 4094 πλήρεις
1864 4028 2207 4096 Πνεύματος

629 4116 725 4168 καὶ
771 4114 1010 4181 σοφίας,
1060 4110 1166 4175 οὓς
1220 4110 1682 4177 καταστήσομεν
1708 4110 1805 4161 ἐπὶ
1838 4107 1949 4176 τῆς
2004 4112 2207 4178 χρείας

626 4202 867 4264 ταύτης.
923 4193 1117 4263 Ἡμεῖς
1140 4193 1207 4245 δὲ
1236 4191 1311 4259 τῇ
1344 4192 1654 4260 προσευχῇ
1692 4193 1787 4245 καί
1836 4192 1909 4260 τῇ
1934 4192 2207 4261 διακονία

630 4280 733 4335 τοῦ
763 4281 947 4346 λόγου
973 4276 1597 4345 προσκαρτερήσομεν.
1640 4275 1747 4330 Kal
1779 4274 2001 4343 ἤρεσεν
2028 4280 2059 4330 δ
2099 4278 2206 4330 λά-

630 4382 734 4434 τος
767 4364 1021 4416 ἐνώπιον
1074 4359 1300 4421 παντὸς
1346 4358 1451 4412 τοῦ
1500 4358 1790 4424 πλήθους.
1849 4361 1957 4412 Kal
2008 4359 2209 4423 ἐξελέ-

632 4449 813 4512 ξαντο
879 4446 1184 4513 Στέφανον
1247 4442 1435 4510 ἄνδρα
1516 4443 1718 4511 πλήρη
1783 4445 2041 4510 πίστεως
2108 4447 2208 4499 καὶ

630 4532 975 4599 Πνεύματος
991 4528 1184 4595 ἁγίου,
1208 4528 1349 4596 ’Λρα
1382 4526 1475 4578 καὶ
1499 4528 1693 4579 ἐκεῖνοι
1725 4527 1949 4597 πλήρεις
1972 4530 2209 4593 πίστεως

631 4612 795 4688 ἦσαν,
828 4614 919 4676 οὒς
974 4613 1065 4664 καὶ⁸
1104 4610 1433 4676 ἐξελέξαντο,
1474 4611 1557 4662 ἶνα
1585 4612 1657 4680 μὴ
1688 4610 1836 4682 [112]
1855 4612 1921 4663 τά
1948 4612 2089 4665 αὑτά
2116 4613 2208 4680 γέ-

632 4716 809 4769 νηται,
839 4693 924 4749 οἶα
970 4696 1062 4747 ἐπὶ
1108 4695 1299 4754 Ἰούδα,
1340 4690 1426 4745 οἷα
1495 4697 1587 4747 ἐπὶ
1638 4695 1881 4747 ’Λνανίου
1928 4696 2021 4748 καὶ
2071 4696 2212 4749 Σαπ-

633 4783 846 4853 φείρας.
879 4780 985 4835 Kal
1014 4780 1334 4842 Φίλιππον,
1371 4778 1469 4831 καί
1516 4779 1817 4846 Πρόχορον
1841 4778 1939 4831 καί
1965 4779 2212 4833 Νικάνο-

630 4883 727 4935 ρα,
785 4865 881 4916 καὶ
940 4864 1183 4931 Τίμωνα,
1237 4861 1335 4914 καὶ
1391 4861 1724 4931 Παρμενᾶν,
1762 4862 1858 4915 καί
1911 4864 2213 4917 Νικόλαον

637 4948 1024 5016 προσήλυτον
1088 4944 1406 5013 Ἀντιοχέα.
1478 4945 1583 5011 οὒς
1630 4947 1901 5015 ἔστησαν
1956 4946 2213 5000 ἐνώπιον

636 5032 754 5085 τῶν
796 5031 1172 5092 ἀποστόλων,
1224 5030 1319 5081 καὶ
1356 5030 1862 5098 προσευξάμενοι,
1910 5029 2213 5097 ἐπέθηκαν

635 5114 841 5180 αὐτοῖς
873 5114 975 5179 τὰς
1006 5112 1227 5182 χεῖρας.
1272 5111 1380 5165 Καὶ
1418 5114 1449 5164 ό
1480 5115 1659 5179 λόγος
1697 5112 1801 5165 τοῦ
1836 5113 2053 5179 Κυρίου
2101 5114 2211 5179 ηῦο

637 5202 803 5267 ξανε,
831 5199 925 5252 καὶ
956 5198 1325 5263 ἐπληθύνετο
1350 5198 1381 5247 ό
1421 5196 1659 5263 ἀριθμός
1690 5195 1808 5249 τῶν
1833 5196 2114 5264 μαθητῶν
2145 5198 2214 5249 ἐν

645 5280 1044 5356 Ἰερουσαλὴμ
1070 5280 1331 5349 σφόδραυ
1366 5278 1557 5344 πολύς
1588 5296 1650 5331 τε
1676 5279 1856 5346 ὄχλος
1875 5279 1994 5332 τῶν
2012 5281 2215 5347 ἱερέων

638 5367 909 5433 ὑπήκουε
946 5364 1021 5432 τῇ
1054 5367 1274 5417 πίστει.
1319 5362 1455 5415 Ἀλλ’
1490 5362 1685 5433 ἴδωμεν
1715 5364 1917 5416 ἀνωθεν
1945 5363 2013 5415 τά
2061 5366 2213 5435 είρηο-

644 5451 796 5520 μένα.
846 5448 1115 5516 Ἀνδρες,
1154 5448 1478 5516 προσέχετε
1513 5446 1767 5513 ἑαυτοῖς.
1826 5450 1968 5519 Ὅρα
2008 5448 2071 5518 δή
2125 5466 2214 5518 μοι

638 5534 729 5586 τὸν
772 5533 808 5585 Γ
812 5533 1110 5603 αμαλιῆλον
1140 5531 1372 5586 ἐνταῦθα
1404 5532 1517 5593 πῶς
1550 5533 1666 5600 μετ’
1702 5534 1999 5595 ἐπιεικείας
2036 5532 2214 5587 διαλέ-

639 5633 795 5685 γεται
829 5619 922 5669 καὶ
956 5617 1159 5687 βραχέα
1188 5617 1409 5682 διέξεισι
1439 5617 1573 5686 πρὸς
1602 5617 1816 5679 αὐτοὺς,
1849 5618 1941 5670 καὶ
1978 5618 2037 5669 οὐ
2067 5618 2215 5686 λέγει

640 5700 845 5755 παλαιά
879 5702 1211 5771 διηγήματα,
1269 5700 1445 5753 καίτοι
1474 5718 1535 5769 γε
1585 5701 1742 5771 ἔχων,
1773 5701 1909 5754 ἀλλά
1951 5705 2214 5773 νεώτερα,

639 5784 677 5838 ἀ
707 5785 939 5855 μάλιστα
983 5784 1117 5856 πρὸς
1153 5785 1333 5837 πίστιν
1366 5778 1502 5855 ἦσαν
1535 5785 1751 5856 ἰσχυρά.
1808 5785 1897 5839 Διὸ
1952 5787 2044 5840 καὶ
2098 5786 2215 5859 μετ’

644 5869 989 5940 ἐπικρύψεως
1052 5869 1341 5924 αἰνίττεται
1404 5868 1601 5937 λέγων’
1658 5869 1779 5938 Πρὸ
1832 5870 1942 5939 γὰρ
1993 5872 2217 5925 τούτων

757 6018 989 6084 θαύματα
1019 6020 1162 6084 deest
1184 6022 1233 6071 in
1260 6036 1371 6072 uno.
1442 6022 1467 6063 ι)
1490 6021 1691 6083 Quidam
1715 6033 1826 6070 mss.
1853 6020 2062 6084 ἡμέραις.
2105 6023 2216 6070 Συν-

647 6081 721 6138 Me
730 6097 777 6129 ια
805 6083 891 6145 γὰρ
914 6083 1121 6140 τοιαύτη.

1324 410 1380 463 S.
1421 407 1700 464 JOANNIS
1739 400 2217 462 CHRYSOSTOMI
2257 401 2576 459 ARCHIEP.
2618 399 3164 456 CONSTANTINOP.

3782 396 3897 451 ιιι

2301 520 2418 574 τῶν
2467 521 2705 591 ἡμερῶν
2726 541 2739 554 ο
2785 521 3066 593 μονονουχὶ
3094 515 3288 587 δηλῶν,
3318 514 3393 577 ὼς
3432 515 3491 566 οὐ
3522 512 3626 581 πρὸ
3651 512 3897 566 πολλῶν·

2301 603 2363 657 El
2397 606 2495 674 μὲν
2527 601 2618 657 οὖν
2648 604 2850 667 εὐθέως
2898 600 3069 668 εἶπεν,
3108 601 3309 669 Ἅφετε
3333 596 3459 659 τοὺς
3491 596 3689 667 ἄνδρας
3712 604 3761 656 ε.
3795 598 3897 648 καὶ

2301 689 2460 751 αὐτὸς
2490 689 2665 754 ἔδοξεν
2691 688 2930 751 ὕποπτος
2962 688 3049 749 ἂν,
3086 686 3178 739 καὶ
3224 686 3252 737 δ
3286 683 3440 751 λόγος
3485 681 3655 743 οὕτως
3685 681 3787 732 οὐκ
3822 675 3895 750 ἦν

2302 770 2549 841 ἰσχυρός
2607 770 2746 841 μετά
2792 772 2849 824 δὲ
2902 770 3007 822 τῶν
3053 767 3509 840 παραδειγμάτων
3551 764 3650 833 τὴν
3679 762 3897 815 οἰκείαν

2301 854 2453 922 ίσχὺν
2478 854 2772 923 ἐλάμϐανε.
2813 852 2911 905 Διά
2944 853 3099 905 τοῦτο
3122 851 3242 903 οὐδὲ
3288 850 3404 911 ἐνὸς
3432 848 3723 917 μέμνηται,
3750 846 3894 898 ἀλλὰ

2299 938 2391 989 καὶ
2426 937 2697 1008 δευτέρου,
2728 938 2905 991 καίτοι
2926 931 3071 1005 εἶχεν
3099 938 3272 987 είπεῖν
3297 934 3391 986 καὶ
3420 934 3622 1003 τρίτον,
3654 932 3717 983 ἐκ
3740 948 3807 983 πε
3820 948 3896 1000 ριο

2298 1020 2485 1084 ουσίας
2535 1024 2628 1075 καὶ
2678 1022 2869 1075 ἑαυτὸν
2924 1019 3104 1081 καλῶς
3155 1017 3383 1085 λέγοντα
3420 1015 3657 1077 δεικνὺς,
3696 1014 3895 1068 κάκεί-

2299 1122 2421 1167 νους
2448 1108 2676 1174 ἀπάγων
2720 1106 2819 1175 τῆς
2861 1104 3083 1174 φονικῆς
3116 1100 3507 1173 προαιρέσεως.
3559 1099 3899 1167 Ἀπόστητε

2300 1189 2419 1242 ἀπὸ
2447 1190 2564 1243 τῶν
2597 1192 2948 1257 ἀνθρώπων.

2372 1271 2435 1341 β’.
2448 1274 2606 1344 Ὅρα.
2625 1273 2741 1335 πῶς
2758 1274 2817 1326 τὸ
2838 1269 2968 1342 ἦθος
2986 1271 3254 1340 ἐπιεικής.
3277 1270 3385 1323 Kal
3405 1266 3528 1321 οὔτε
3562 1268 3771 1339 μακρὸν
3791 1267 3887 1320 τὸν

2299 1355 2475 1423 λόγον,
2527 1358 2662 1411 ἀλλά
2693 1358 2954 1426 σύντομον
3000 1357 3169 1408 ποιεῖ·
3206 1352 3330 1405 οὔτε
3359 1351 3583 1404 ἐκείνων
3626 1351 3767 1421 μετά
3797 1349 3891 1402 θυο

2303 1439 2405 1511 μοῦ
2438 1440 2728 1511 μέμνηται.
2762 1440 2870 1495 Kal
2903 1439 3127 1504 πάντες
3172 1436 3307 1491 ὅσοι
3356 1436 3663 1490 ἐπείθοντο
3701 1430 3887 1497 αὐτῷ,

2299 1523 2874 1593 διεσκορπίσθησαν.
2908 1520 3079 1575 Τοῦτο
3124 1520 3314 1589 λέγων,
3355 1517 3506 1571 οὐδὲν
3541 1520 3619 1580 είς
3650 1517 3891 1588 Χριστὸν

2303 1608 2632 1678 βλασφημεῖ,
2660 1608 2775 1662 ἀλλ’
2804 1608 2833 1660 ὃ
2861 1606 3109 1677 βούλεται
3148 1604 3400 1675 μάλιστα,
3429 1601 3702 1672 κατορθοῖ.
3750 1602 3896 1653 Ἐὰν

2300 1688 2359 1764 ᾗ,
2396 1695 2577 1763 φησὶν,
2612 1693 2680 1758 ἐξ
2708 1692 3052 1760 ἀνθρώπων,
3081 1688 3586 1753 καταλυθήσεται.
3626 1684 3898 1739 Ἐνταῦθα

2302 1778 2396 1833 καὶ
2457 1777 2863 1845 συλλογίζεσθαί
2922 1793 3011 1846 μοι
3071 1774 3271 1835 αὐτοὺς
3326 1771 3489 1835 δοκεῖ,
3535 1770 3627 1823 καὶ
3677 1770 3891 1836 λέγειν·

2302 1862 2511 1915 Οὐκοῦν
2564 1862 2687 1914 ἐπεὶ
2742 1862 2803 1913 οὐ
2848 1858 3139 1929 κατελύθη,
3189 1858 3289 1910 οὐκ
3322 1855 3469 1910 ἔστιν
3526 1854 3894 1923 ἀνθρώπινον.

2302 1946 2527 2015 Μήποτε
2583 1946 2675 1997 καὶ
2724 1944 2993 2014 Θεομάχοι
3048 1941 3329 2012 εὑρεθῆτε.
3385 1940 3556 1993 Τοῦτο
3612 1934 3757 2004 εἷπε,
3823 1937 3899 2006 τῷ

2302 2028 2551 2098 ἀδυνάτῳ
2583 2028 2677 2081 καὶ
2708 2026 3011 2097 ἀσυμφόρῳ
3049 2024 3431 2077 καταστέλλων
3457 2023 3672 2085 αὐτούς.
3727 2023 3800 2074 El
3832 2018 3901 2098 δέ

2302 2116 2371 2169 ἐκ
2397 2096 2545 2166 Θεοῦ
2579 2111 2767 2174 ἐστιν,
2799 2096 2870 2164 οὐ
2916 2096 3285 2176 δυνήσεσθε.
3336 2107 3451 2159 Οὐκ
3495 2100 3667 2170 εἶπεν,
3707 2104 3833 2157 Ἐὰν

2304 2198 2437 2260 Θεὸς
2486 2196 2514 2248 ὁ
2561 2195 2823 2266 Χριστός·
2869 2194 2929 2246 τὸ
2976 2192 3084 2264 γὰρ
3138 2190 3295 2260 ἔργον
3323 2188 3482 2242 τοῦτο
3520 2188 3747 2258 ἐδήλουο
3789 2185 3899 2239 οὐδ’

2306 2280 2640 2349 ἀπεφήνατο,
2674 2280 2754 2331 ὃτι
2775 2278 2875 2330 οὐκ
2902 2275 3243 2347 ἀνθρώπινόν
3265 2276 3431 2337 ἐστιν,
3458 2270 3579 2324 οὗτε
3610 2273 3691 2323 ὃτι
3730 2270 3897 2332 θεῖον,

2305 2364 2441 2418 ἀλλά
2482 2362 2565 2435 ,τῷ
2616 2362 2862 2432 μέλλοντι
2932 2359 3110 2429 καιρῷ
3172 2358 3269 2427 τὴν
3326 2356 3511 2409 πίστιν
3571 2354 3895 2424 ἐπέτρεψεν,

2306 2448 2445 2502 ὥστε
2491 2449 2696 2499 πεῖσαι.
2732 2445 2841 2498 Καὶ
2870 2444 2919 2496 εί
2954 2444 3162 2505 ἔπεισε,
3195 2442 3340 2505 τίνος
3368 2440 3553 2494 ἕνεκεν
3609 2439 3659 2503 ἀ,
3708 2440 3895 2507 φησὶν,

2306 2529 2604 2599 ἐμάστιξαν
2628 2546 2642 2594 ;
2662 2529 2740 2597 Τῇ
2770 2528 2866 2598 μὲν
2883 2526 3355 2595 ἀναμφισϐητήτῳ
3382 2522 3715 2592 δικαιολογία
3742 2522 3894 2574 ἀντι-

2307 2615 2502 2684 ϐλέψαι
2539 2614 2641 2665 οὐκ
2686 2608 2862 2682 εῖχον·
2896 2612 3046 2680 ὅμως
3070 2610 3127 2663 δέ
3158 2611 3251 2663 τὸν
3278 2607 3449 2678 θυμὸν
3492 2607 3765 2677 ἐπλήρουν
3802 2604 3898 2658 τὸν

2307 2702 2537 2753 οίκείον·
2577 2696 2749 2758 άλλως
2782 2695 2840 2748 δὲ
2873 2696 2966 2747 καὶ
3007 2694 3165 2747 πάλιν
3212 2692 3384 2763 ταύτῃ
3438 2690 3694 2760 φοϐήσειν
3737 2705 3899 2760 προσ·

2309 2782 2591 2852 εδόκησαν.
2645 2779 2755 2832 Καὶ
2784 2777 2862 2848 τῷ
2887 2776 2961 2848 μὴ
2995 2776 3276 2846 παρόντων
3302 2774 3358 2827 δὲ
3389 2773 3566 2826 αὐτῶν
3596 2771 3769 2824 ταῦτα⁵
3811 2769 3872 2822 λέ
3898 2802 3910 2811 -

2308 2883 2444 2933 γειν,
2478 2864 2827 2917 ἐπεσπάσατο
2852 2860 3051 2931 μᾶλλον
3079 2858 3307 2921 αὐτούς·
3347 2858 3438 2910 καὶ
3474 2860 3506 2926 ἡ
3537 2854 3815 2924 γλυκύτης
3842 2853 3900 2907 δέ

2307 2948 2415 3001 τῶν
2449 2948 2643 3016 λόγων,
2693 2946 2787 2999 καὶ
2840 2946 2901 2998 τὸ
2945 2945 3153 2997 δίκαιον
3196 2942 3306 2994 τῶν
3333 2941 3644 3011 λεγομένων
3685 2938 3896 2991 ἔπειθε.

2308 3032 2483 3087 Μόνον
2515 3031 2622 3103 γὰρ
2656 3030 2775 3100 οὐχὶ
2805 3030 3071 3101 ἐκήρυττε
3105 3029 3197 3081 καὶ
3230 3022 3384 3090 οὗτος
3408 3026 3469 3079 τὸ
3523 3024 3859 3092 Εὐαγγὲλιον
3880 3042 3893 3054 ·

2313 3116 2511 3185 μᾶλλον
2532 3114 2589 3166 δέ
2625 3114 2907 3183 μονονουχὶ
2954 3112 3179 3164 τοιαῦτα
3228 3108 3732 3178 δικαιολογούμενος
3762 3107 3900 3176 πρὸς

2310 3199 2507 3260 αὐτοὺς
2561 3196 2935 3249 ἀποτείνεται·
2979 3192 3319 3262 Ἐπείσθητε,
3366 3192 3448 3244 ὅτι
3496 3192 3598 3244 οὐκ
3645 3190 3901 3260 ίσχύσατε

2311 3281 2629 3336 καταλῦσαι.
2672 3279 2771 3333 Διά
2818 3279 2871 3332 τί
2907 3280 3006 3332 οὐκ
3040 3276 3433 3342 ἐπιστεύσατες
3472 3274 3629 3328 Οὖτω
3669 3274 3809 3343 μέγα
3837 3278 3900 3332 τὸ

2311 3366 2593 3435 κήρυγμα,
2647 3365 2729 3417 ὅτι
2777 3362 2872 3417 καὶ
2927 3361 3076 3431 παρά
3115 3360 3222 3413 τῶν
3265 3358 3475 3429 ἐχθρῶν
3533 3359 3564 3428 ἡ
3602 3357 3899 3428 μαρτυρία.

2323 3450 2469 3502 Ἐκεῖ
2506 3448 2847 3519 τετρακόσιοι
2885 3446 3209 3516 ἀνέστησαν,
3243 3445 3335 3496 καὶ
3366 3442 3503 3513 μετά
3532 3441 3689 3493 τοῦτο
3718 3440 3905 3503 ἱκανὸς

2312 3532 2495 3601 ϐχλος’
2529 3526 2631 3586 ὧδε
2674 3530 2881 3585 δώδεκα
2919 3525 3061 3600 ἦσαν
3096 3530 3144 3579 οἱ
3200 3526 3427 3596 πρῶτοι.
3488 3525 3579 3593 Μὴ
3616 3521 3709 3576 οὖν
3757 3525 3903 3593 ὑμᾶς

2313 3616 2543 3669 πτοείτω
2566 3616 2626 3668 τὸ
2686 3613 2887 3683 πλῆθος
2943 3612 3002 3665 τὸ
3032 3612 3483 3680 προσγενόμενον.
3537 3606 3679 3663 Ἐὰν
3721 3609 3835 3677 γὰρ
3863 3603 3905 3680 ᾗ

2310 3700 2379 3763 ἐξ
2422 3698 2746 3767 ἀνθρώπων
2784 3697 2849 3751 τὸ
2894 3698 3071 3766 ἔργον
3112 3695 3289 3749 τοῦτο
3314 3735 3327 3754 .
3397 3693 3903 3758 καταλυθήσεται.

2313 3779 2439 3853 Εἶχε
2485 3782 2580 3834 καὶ
2624 3782 2920 3848 Αίγύπτιον
2959 3779 3133 3831 εἰπεῖν
3183 3777 3402 3847 ἕτερον,
3452 3774 3589 3829 άλλά
3652 3776 3905 3844 περιττὸς

2312 3866 2497 3918 λοιπὸν
2516 3862 2583 3935 ἦν
2622 3868 2649 3917 ό
2678 3865 2834 3931 λόγος
2864 3862 3048 3916 αὑτοῦ.
3089 3857 3265 3925 Εἶδες,
3314 3861 3432 3924 πῶς
3463 3860 3541 3931 τῷ
3571 3860 3785 3930 φοϐερῷ
3813 3862 3906 3914 τὸν

2313 3948 2469 4015 λόγον
2494 3945 2641 4018 [115]
2667 3944 3018 4010 κατέκλεισε;
3050 3944 3140 3996 Διὸ
3161 3943 3254 3996 καὶ
3285 3944 3384 3997 ούκ
3414 3944 3773 4010 ἀποφαίνεται
3803 3945 3908 3997 ἀπ-

2315 4031 2443 4096 λῶς,
2466 4032 2552 4082 ἵνα
2581 4029 2657 4099 μὴ
2673 4029 2798 4101 δόξῃ
2822 4030 2963 4097 ὑπὲρ
2976 4026 3155 4081 αὐτῶν
3185 4027 3527 4094 λέγεινάλλ’
3555 4026 3664 4079 ἀπὸ
3690 4029 3787 4097 τῆς
3809 4026 3903 4080 τοῦ

2315 4114 2639 4184 πράγματος
2671 4112 2947 4174 ἐκϐάσεως
2972 4110 3360 4177 συλλογίζεται.
3394 4109 3509 4161 Ούκ
3546 4108 3817 4179 ἐτόλμησε
3848 4110 3905 4164 δέ

2314 4186 2716 4267 ἀποφήνασθαι,
2752 4196 2834 4248 ὅτι
2878 4196 2979 4247 οὐκ
3007 4192 3345 4264 ἀνθρώπινόν
3372 4194 3541 4257 ἐστιν,
3584 4193 3705 4246 ούδέ
3728 4197 3809 4247 ὅτι
3841 4195 3907 4247 ἐκ

2314 4281 2480 4333 Θεοῦ⁶
2539 4278 2725 4349 ἐπειδὴ
2780 4280 2827 4330 εί
2866 4273 3039 4341 εἶπεν,
3084 4278 3165 4329 ὅτι
3196 4279 3260 4330 ἐκ
3294 4276 3451 4340 Θεοῦ,
3492 4276 3778 4343 ἀντέλεγον
3807 4278 3905 4331 ἄν·

2316 4366 2365 4417 εί
2416 4363 2472 4417 δὲ
2520 4362 2578 4427 ἐξ
2638 4359 2959 4431 ἀνθρώπων,
3001 4359 3281 4430 πρόχειροι
3310 4360 3472 4413 πάλιν
3502 4361 3582 4423 εἰς
3614 4360 3674 4412 τὸ
3703 4363 3911 4413 ἐπανα-

2318 4448 2511 4517 στῆναι
2569 4444 2823 4513 ἐγίνοντο.
2884 4442 2983 4495 Διά
3041 4442 3201 4496 τοῦτο
3258 4444 3455 4506 αὐτοὺς
3506 4446 3818 4514 περιμεῖναι
3845 4444 3905 4495 τὸ

2316 4532 2468 4593 τέλος
2499 4527 2729 4589 κελεύει.
2759 4525 2962 4579 εἰπών’
3009 4526 3360 4594 Ἀπόστητε.
3398 4528 3459 4581 Oi
3504 4527 3559 4580 δέ
3620 4527 3905 4579 ἀπειλοῦσι

2320 4615 2503 4675 πάλιν,
2538 4611 2737 4674 ειδότες
2767 4610 2885 4677 μὲν,
2919 4610 3000 4662 ὅτι
3030 4610 3181 4662 οὐδὲν
3208 4610 3451 4674 ἀνύουσι,
3507 4609 3787 4672 ποιοῦντες
3847 4611 3904 4662 δὲ

2319 4699 2378 4751 τὸ
2406 4698 2607 4751 αὐτῶν.
2642 4694 2893 4748 Τοιοῦτον
2926 4694 3034 4762 γὰρ
3077 4695 3110 4763 ἡ
3164 4695 3353 4755 κακία,
3381 4694 3661 4755 ἀδυνάτοις
3709 4694 3908 4747 πολλάς

2321 4799 2408 4844 κις
2442 4781 2725 4850 ἐπιχειρεῖ.
2781 4782 2943 4832 Μετὰ
2996 4776 3064 4829 δὲ
3108 4777 3323 4830 τοῦτον
3376 4777 3601 4843 ἀνέστη
3661 4776 3902 4842 Ἰούδας.

2320 4865 2503 4918 Ταῦτα
2534 4865 2643 4926 τοῖς
2677 4860 2770 4915 τοῦ
2806 4862 3071 4931 Ἰωσήπου
3104 4858 3323 4929 βιϐλίοις
3357 4860 3693 4929 ἐγκύψαντες
3730 4860 3907 4929 μαθή-

2324 4949 2479 5002 σεσθε
2514 4947 2936 5018 ἀκριϐέστερονσ
2994 4946 3197 5008 ἐκεῖνος
3250 4945 3358 5015 γὰρ
3395 4945 3493 5013 τὴν
3526 4944 3729 4997 τούτων
3767 4945 3906 4996 ἱστο-

2324 5033 2444 5102 ρίαν
2478 5030 2781 5085 συντάττων
2814 5026 3055 5097 ἁκριϐῶς
3088 5028 3307 5097 ἱστορεῖ.
3341 5022 3513 5089 Εἶδες,
3546 5025 3732 5095 ἡλίκον
3761 5025 3905 5078 ἐτόλ-

2324 5132 2494 5188 μησεν
2552 5116 2748 5178 εἰπεῖν,
2808 5112 2889 5163 ὅτι
2936 5111 3035 5165 Ἐκ
3091 5111 3259 5177 Θεοῦ,
3310 5113 3397 5165 ὅτε
3440 5110 3621 5162 λοιπὸν
3664 5109 3771 5163 ἀπὸ
3798 5110 3906 5161 τῶν

2322 5199 2660 5270 πραγμάτων
2692 5194 2791 5265 τὴν
2815 5194 2995 5247 πίστιν
3018 5192 3227 5247 ἐλαϐεν.
3266 5195 3472 5255 Ὄντως
3507 5192 3673 5261 πολλὴ
3704 5195 3737 5263 ὴ
3763 5196 3905 5264 παῤ-

2326 5285 2509 5356 ρησία.
2584 5280 2719 5333 πολὺ
2765 5278 2826 5330 τὸ
2878 5290 2899 5317 ε
2935 5278 3457 5349 ἁπροσωπόληπτον.
3504 5277 3907 5343 Ἐπείσθησαν

2321 5369 2387 5421 δὲ
2420 5365 2601 5431 αὐτῷ,
2643 5362 2795 5433 φησί.
2848 5362 2955 5416 Καὶ
2995 5360 3552 5429 προσκαλεσάμενοι
3587 5360 3729 5425 τοὺς
3757 5360 3904 5413 duo—

2321 5454 2609 5516 στόλους,
2659 5448 2961 5515 δείραντες
3007 5445 3327 5499 ἀπέλυσαν
3364 5446 3605 5509 αὐτούς.
3647 5442 3904 5513 ᾘδέσθη-

2324 5556 2422 5591 σαν
2450 5537 2548 5606 τὴν
2601 5532 2757 5597 δόξαν
2791 5530 2883 5583 τοῦ
2923 5529 3145 5600 ἀνδρός·
3204 5528 3285 5581 διὸ
3310 5530 3404 5581 καὶ
3435 5527 3531 5579 τοῦ
3562 5525 3769 5580 ἀνελεῖν
3806 5526 3905 5595 μὲν

2321 5624 2446 5684 τοὺς
2481 5616 2810 5677 ἀποστόλους
2843 5614 3202 5684 ἀφίστανται·
3258 5611 3615 5682 μαστίξαντες
3643 5610 3699 5664 δὲ
3751 5610 3907 5680 μόνον

2323 5708 2517 5768 αὐτοὺς
2548 5701 2891 5757 ἀπολύουσιν.
2934 5702 2996 5751 Ol
3055 5696 3170 5766 μὲν
3219 5691 3334 5751 οὖν
3388 5696 3747 5764 ἐπορεύοντο
3781 5697 3906 5762 χαί⁶

2318 5808 2531 5859 ροντες
2574 5787 2693 5842 ἀπὸ
2738 5782 3063 5853 προσώπου
3108 5779 3214 5835 τοῦ
3244 5780 3587 5848 συνεδρίου,
3642 5780 3731 5833 ὅτι
3757 5780 3906 5848 ὑπὲρ

2391 5899 2412 5926 ι
2441 5896 2555 5944 Post
2578 5893 2697 5949 haec,
2723 5891 2865 5953 ἄφετε
2885 5888 2996 5953 τοῦς
3012 5886 3199 5949 ἄνδρας,
3225 5887 3276 5935 in
3298 5898 3397 5953 unp
3418 5887 3589 5938 multa
3604 5890 3728 5953 .51}!!!
3747 5885 3905 5953 nrje-

2326 5965 2479 6013 tates;
2502 5956 2590 6005 sed
2616 5945 2727 6016 quia
2763 5945 2884 6001 hihi!
2908 5945 3215 6016 ad_sen§pm_
3253 5946 3530 6016 peni!)an
3592 5947 3617 5985 τι
3654 5947 3787 6016 ψιιις
3815 5945 3899 5993 ιπ-

2326 6010 2568 6081 έστρεψεν.
2587 6010 2921 6081 Ἐπείσθησαν·
2946 6012 3067 6067 τίνος
3092 6010 3171 6059 οὖν
3195 6012 3366 6081 ἕνεκεν.
3437 6012 3453 6032 ⁸
3475 6012 3561 6062 Hic
3584 6010 3791 6062 multum
3813 6020 3898 6058 τι·

2328 6073 2453 6135 τίεύι
2478 6073 2613 6144 inss.,
2637 6080 2722 6130 scd
2741 6077 2915 6127 eodem
2937 6086 3086 6124 sensu
3111 6073 3401 6137 procedunt.
