4044 6484
169 432 247 487 “3
1104 416 1165 469 ΙΝ
1206 414 1382 469 ACTA
1429 407 1960 471 APL‘S'I'OLOHUM.
2006 406 2235 460 Ilthll..
2278 407 2413 460 XIV.

168 555 224 600 Ac
263 546 301 597 si
326 542 523 595 diceret
550 561 560 592 :
592 541 943 608 Exspectate,
981 545 1034 588 et
1062 534 1105 585 si
1136 548 1199 584 ex
1233 528 1424 597 seipsis
1455 529 1526 580 illi
1561 528 1729 579 coacti

164 648 278 697 sunt,
306 633 427 686 nihil
459 631 728 701 impediet
754 628 1039 697 quominus
1079 624 1464 676 dissolvantur.
1504 618 1584 671 Ne
1607 622 1737 687 forte

164 739 200 776 rt
224 728 310 779 Deo
334 742 618 791 repugnare
648 719 998 773 ittt'i'ttiumiui.
1029 717 1090 769 Et
1112 732 1174 769 ex
1218 713 1558 781 impossibili,
1588 721 1639 763 et
1669 726 1733 762 ex

164 818 301 872 inutili
326 816 515 870 avertit
542 831 665 866 eos.
701 813 807 865 Nec
839 812 989 871 dicit,
1041 827 1069 863 a
1116 824 1220 877 quo
1250 806 1552 873 interempti
1596 805 1733 865 sint;

162 911 236 963 sed
263 909 590 973 simpliciter,
623 906 772 973 quod
794 905 901 955 sint
931 902 1195 968 dissipati,
1226 900 1362 952 forte
1394 898 1724 964 superﬂuum

165 1004 328 1055 ducens
351 1000 496 1068 plura
521 1000 753 1051 addere.
788 998 864 1050 l-Iv
899 998 961 1048 iis
985 1012 1132 1057 vero,
1161 1010 1279 1061 qum
1319 993 1608 1059 subiungit,
1640 990 1736 1041 do-

162 1103 261 1145 ret:
288 1096 339 1147 Si
362 1095 663 1145 humanum
693 1094 762 1142 sit
810 1105 961 1156 opus.
1002 1105 1105 1140 non
1133 1097 1216 1139 est
1270 1085 1412 1153 quod
1444 1086 1518 1136 rei
1549 1100 1731 1135 curam

159 1190 322 1250 agatis;
359 1187 438 1238 sin
465 1186 741 1242 divinum.
770 1182 1025 1249 quidquid
1056 1179 1311 1242 feceritis,
1345 1194 1449 1230 ttou
1494 1176 1737 1245 poteritis

159 1292 395 1344 superare.
420 1277 511 1331 Sic
538 1291 729 1330 sermo
752 1275 964 1342 sapiens
1008 1274 1155 1325 visus
1199 1280 1283 1325 est
1313 1290 1324 1321 ι
1348 1286 1469 1323 uani
1496 1268 1733 1337 persuasi

158 1378 257 1420 sunt
280 1378 449 1420 utnon
483 1367 806 1422 occiderent
834 1367 975 1425 illus.
1011 1365 1104 1418 sed
1136 1364 1471 1433 ﬂagellarent
1503 1374 1731 1415 tantum.

158 1462 494 1512 timurnsrrnnt
547 1470 729 1510 autem
779 1457 891 1522 illi,
946 1458 1145 1525 inquit;
1197 1456 1289 1509 60.
1332 1464 1735 1508 ctconrocantes

154 1555 397 1619 apostolus,
420 1555 571 1605 ursis
599 1554 1047 1613 denuntiarentnt,
1086 1566 1148 1602 ne
1184 1551 1507 1618 loquerentur
1548 1548 1600 1600 in
1639 1564 1734 1599 no-

158 1650 265 1697 mine
292 1647 411 1699 Ji’stt
435 1664 451 1708 ;
476 1658 520 1697 rt
542 1648 847 1699 dimiserunt
876 1661 980 1697 eos.
1007 1643 1160 1703 Vide,
1190 1653 1311 1712 post
1335 1652 1465 1710 quot
1482 1641 1735 1695 miracula

157 1743 456 1809 tingi-[lantur
478 1744 489 1791 !
522 1741 592 1793 lit
617 1751 795 1793 tamen
821 1739 1014 1791 itertuu
1038 1736 1281 1790 doctrina
1305 1734 1730 1789 extendebatur:

156 1849 253 1882 nam
281 1845 329 1885 et
359 1836 407 1883 in
440 1832 611 1885 domo
639 1841 695 1884 et
726 1832 776 1884 iii
806 1830 1007 1899 templo
1052 1828 1342 1882 docebant.
1376 1828 1469 1882 4|.
1506 1846 1523 1879 ι
1563 1826 1631 1891 Et
1661 1827 1734 1879 illi

153 1924 337 1991 quidem
381 1924 530 1976 ibant
578 1924 880 1993 gaudentes
922 1938 952 1976 a
999 1931 1289 1990 conspectu
1318 1922 1553 1986 concilii,
1602 1936 1736 1989 quo-

153 2018 271 2068 niam
306 2016 446 2085 digni
477 2014 651 2068 habiti
684 2024 811 2069 sunt
847 2030 942 2084 pro
967 2017 1184 2068 nomine
1213 2014 1413 2069 Christi
1446 2024 1731 2068 contume-

154 2106 256 2158 liam
302 2110 447 2175 pati:
482 2109 577 2160 42.
632 2109 776 2159 omni
827 2118 1003 2160 autem
1056 2106 1142 2160 die
1196 2123 1303 2159 non
1352 2107 1634 2161 cessabant
1681 2107 1741 2159 in

155 2199 323 2264 templo
372 2209 427 2251 et
476 2201 624 2253 circa
673 2199 862 2253 domos
894 2198 1158 2252 ducentes
1200 2208 1255 2250 et
1306 2200 1733 2268 evangelimntes

152 2286 308 2340 Jesuui
358 2291 671 2344 Christum.
706 2289 866 2360 (Cap.
895 2286 975 2349 ϐ.)
1006 2291 1059 2344 1.
1089 2289 1149 2343 ιιι
1172 2290 1361 2345 diebus
1383 2302 1562 2344 autem
1594 2292 1730 2354 illis,

154 2393 403 2437 crescente
449 2400 684 2437 nmnero
717 2383 1124 2453 discipulorum,
1157 2384 1352 2438 factum
1386 2396 1469 2439 est
1492 2401 1734 2439 murmur

154 2474 434 2528 tineeorum
466 2477 736 2531 adversus
767 2476 1044 2538 llebrmos,
1073 2492 1139 2531 eo
1162 2477 1304 2546 quod
1330 2478 1734 2546 despicerentur

156 2570 195 2617 in
222 2568 511 2622 ministerio
544 2568 861 2637 quotidiano
891 2568 1064 2623 vidua!
1095 2585 1303 2624 eorum.
1347 2588 1364 2621 ι
1403 2570 1515 2623 Non
1546 2570 1598 2623 in
1628 2572 1733 2624 illis

154 2664 345 2712 minimo
398 2662 532 2713 dieit
577 2662 803 2717 diebus:
834 2662 928 2713 sed
956 2663 1076 2730 quia
1133 2661 1247 2716 lucc
1278 2672 1361 2715 est
1389 2664 1733 2717 consuetudo

155 2754 435 2821 Scripturx,
483 2766 542 2808 ut
595 2772 716 2824 qua:
757 2755 932 2808 futura
972 2765 1145 2816 erant,
1197 2757 1349 2825 quasi
1385 2757 1564 2811 statim
1593 2756 1730 2811 facta

154 2846 273 2897 dicat
302 2866 314 2901 :
351 2850 471 2901 ideo
496 2850 576 2902 sic
624 2850 878 2917 loquitur.
927 2849 1253 2903 llellenistas
1280 2859 1408 2919 puto
1440 2851 1528 2904 hic
1551 2852 1730 2904 Vocari

154 2956 248 3000 eos,
276 2943 360 3009 qui
388 2943 579 2997 Grmce
621 2944 1013 3011 loquebantur;
1050 2944 1101 2995 hi
1150 2946 1294 2996 enim
1326 2943 1511 2999 Gra'ca
1552 2945 1729 3012 lingua

154 3037 428 3099 utebantur,
472 3038 601 3090 licet
650 3035 867 3090 llebrzei
899 3048 1103 3090 essent.
1141 3037 1280 3093 Ecce
1318 3037 1422 3091 alia
1477 3040 1726 3103 tentatie;

156 3128 243 3179 imo
267 3141 317 3183 et
341 3141 418 3193 tu,
447 3134 491 3185 si
515 3133 805 3185 observare
829 3132 977 3191 velis.
1016 3132 1308 3199 perspicies
1329 3133 1397 3185 ab
1420 3131 1569 3185 initio
1590 3132 1728 3185 bella

155 3228 199 3271 ct
221 3220 351 3275 intus
375 3234 426 3277 et
450 3225 582 3278 foris
613 3222 798 3277 fuisse.
830 3223 886 3275 9..
920 3222 1284 3283 Convocavit“,
1316 3224 1508 3292 inquit.
1533 3223 1729 3276 duode-

156 3312 234 3363 cim
267 3315 637 3370 multitudinem
688 3316 1070 3384 discipulorum,
1130 3317 1366 3369 dixerunt
1424 3331 1442 3368 .'
1493 3312 1613 3369 Non
1656 3325 1729 3368 est

156 3416 325 3469 equum
352 3424 441 3460 nos
470 3408 817 3474 derelinquere
841 3409 1041 3460 verbum
1072 3406 1189 3467 Dei,
1213 3418 1257 3459 et
1276 3407 1563 3460 ministrare
1588 3423 1729 3459 men~

155 3498 225 3550 iis.
277 3498 411 3554 Bene
453 3520 467 3554 :
515 3501 839 3554 necessariis
880 3500 1022 3554 enim
1073 3501 1243 3568 magis
1273 3499 1575 3554 necessaria
1603 3508 1730 3552 sunt

159 3593 473 3656 perterenda.
508 3594 639 3647 Vide
665 3606 867 3658 autem,
909 3593 1181 3661 quomodo
1223 3593 1402 3647 statim
1445 3602 1498 3646 et
1534 3592 1724 3645 horum

157 3698 311 3737 cuiam
327 3686 579 3748 habeant,
609 3696 662 3739 et
685 3687 1117 3754 przeilicationeni
1137 3701 1242 3737 non
1258 3686 1547 3754 negligant.
1566 3686 1725 3749 Quasi

158 3786 306 3829 autem
345 3778 767 3833 venerabiliores
821 3778 893 3831 illi
945 3786 1148 3840 essent,
1192 3777 1312 3830 ideo
1351 3776 1723 3844 praeferuntur.

157 3865 199 3918 5.
244 3886 260 3918 ι
291 3868 637 3925 Considerate
675 3884 823 3938 ergo,
870 3870 1082 3931 fratres,
1126 3868 1268 3921 viros
1302 3883 1367 3922 ex
1414 3867 1562 3920 vobis
1603 3866 1725 3919 boni

160 3963 417 4018 testimonii
448 3975 683 4033 septem,
716 3964 904 4031 plenus
944 3962 1146 4031 Spiritu
1189 3973 1241 4015 et
1265 3961 1550 4028 sapientia,
1591 3975 1727 4029 quos

158 4056 520 4111 constituemus
550 4070 710 4123 srqier
742 4056 842 4107 hoe
864 4070 1019 4122 opus.
1044 4058 1095 4107 4.
1130 4053 1237 4106 Nos
1261 4067 1387 4106 vero
1417 4053 1641 4105 orationi
1673 4061 1728 4106 et

159 4146 422 4203 ministerio
438 4148 589 4202 verbi
618 4149 876 4201 instantes
903 4147 1121 4199 erimus.
1150 4147 1203 4200 5.
1235 4146 1299 4199 Et
1324 4146 1520 4215 placuit
1548 4160 1727 4199 sermo

160 4250 310 4292 Coram
331 4240 476 4294 omni
522 4238 879 4293 multitudine.
913 4236 982 4290 Et
1018 4238 1299 4307 elegerunt
1350 4236 1683 4304 Stephanum
1708 4277 1722 4299 ,

159 4332 305 4383 virum
334 4334 549 4401 plenum
588 4332 690 4385 lide
712 4343 767 4384 et
792 4331 994 4400 Spiritu
1035 4342 1243 4384 sancto.
1286 4349 1304 4383 ι
1343 4329 1541 4399 Utique
1564 4342 1615 4384 et
1650 4331 1723 4383 illi

162 4421 275 4486 pleni
303 4426 397 4478 tide
418 4436 596 4485 erant.
621 4441 755 4494 quos
787 4433 842 4476 et
868 4425 1175 4492 elegerunt;
1208 4433 1349 4477 utne
1378 4422 1564 4477 eadem
1591 4438 1726 4477 cono-

159 4514 409 4583 tingerent,
444 4534 567 4587 qua:
599 4519 647 4571 in
676 4517 834 4582 Jnda,
854 4519 976 4572 etin
1002 4518 1205 4570 Anania
1226 4526 1280 4572 et
1305 4516 1589 4587 Sapphira.
1619 4537 1636 4567 ι
1662 4518 1727 4571 Et

162 4606 451 4677 l'iiilippmn,
489 4621 545 4665 et
574 4610 925 4676 Proclioruuu
966 4621 1019 4666 ct
1065 4610 1407 4676 Nicanorem,
1448 4622 1502 4663 et
1540 4611 1724 4665 Timo-

161 4715 279 4766 nent,
305 4714 355 4757 et
383 4705 725 4766 Parmenam,
757 4714 811 4760 et
855 4703 1131 4759 Nicolaum
1165 4706 1493 4776 proselytum
1534 4706 1724 4759 Antio-

162 4792 358 4850 eiienuni
390 4816 401 4850 :
436 4799 493 4851 6.
523 4814 658 4865 quos
683 4805 987 4851 statuerunt
1009 4812 1189 4851 coram
1212 4798 1491 4867 apostolis,
1520 4809 1575 4854 et
1604 4815 1725 4853 cum

160 4899 405 4954 orassent,
442 4890 812 4957 imposuerunt
838 4890 918 4945 eis
945 4905 1152 4944 manus.
1182 4891 1234 4945 7.
1280 4892 1342 4944 Et
1377 4891 1597 4945 verbum
1626 4891 1728 4946 Do—

164 4981 267 5033 niiai
290 4989 567 5037 crescebat
588 5025 600 5044 ,
630 4994 684 5037 et
714 4984 1173 5053 multiplimlmtur
1206 5001 1463 5040 numerus
1487 4986 1726 5055 discipu-

164 5068 306 5126 lorum
332 5076 384 5129 in
434 5075 735 5130 Jerusalem
769 5095 781 5129 ε
813 5077 978 5130 nmlta
1009 5077 1171 5131 etiam
1206 5079 1358 5133 turba
1388 5079 1725 5133 sacerdotum

163 5160 412 5219 otii-dieiiat
432 5166 573 5220 fidei.
603 5186 621 5219 ι
647 5165 753 5222 Sed
781 5168 920 5221 dicta
942 5168 1132 5223 iterum
1157 5180 1487 5237 repetamus.
1505 5169 1629 5233 Viri,
1649 5182 1729 5224 at-

162 5255 313 5307 tradite
338 5258 494 5311 vobis.
528 5258 658 5311 Vide
677 5260 805 5311 mihi
827 5258 912 5313 hic
924 5260 1582 5330 Gamalielein,quomodo
1604 5278 1727 5317 cum

166 5348 539 5403 mansuetudine
570 5360 624 5405 et
666 5350 848 5419 paucis
877 5351 1144 5421 loquatur,
1177 5368 1277 5407 nec
1308 5364 1516 5409 veteres
1544 5365 1729 5409 narret

165 5434 404 5507 historias,
437 5448 540 5497 etsi
574 5454 773 5513 posset,
814 5445 907 5499 sed
947 5461 1135 5512 novas,
1164 5462 1283 5516 qua:
1311 5449 1547 5501 maxime
1568 5449 1632 5502 ad
1667 5448 1731 5501 li-

166 5529 261 5585 tieni
298 5537 612 5592 ﬁrmandam
651 5538 913 5592 valerent.
947 5538 1071 5594 Ideo
1106 5540 1317 5594 occulte
1359 5542 1613 5606 insinuat,
1644 5541 1729 5596 di-

165 5636 270 5679 cens
297 5643 309 5679 :
343 5625 481 5681 Nam
520 5641 637 5681 ante
666 5630 757 5684 hos
794 5630 923 5695 dies,
946 5631 1097 5700 quasi
1127 5631 1430 5699 declarans,
1464 5649 1571 5688 non
1604 5642 1730 5688 ante

167 5720 483 5778 multosdles.
509 5722 567 5778 Si
597 5726 775 5778 statim
798 5725 1042 5793 dixisset,
1079 5726 1338 5783 Dimittite
1380 5730 1547 5793 viros,
1572 5729 1623 5784 in
1650 5745 1732 5784 su-

168 5812 429 5875 ﬁpiciouem
456 5818 712 5883 venisset,
744 5827 801 5873 et
830 5833 1010 5875 sermo
1039 5837 1145 5875 non
1178 5822 1247 5876 ita
1274 5824 1485 5880 validus
1508 5825 1729 5889 fuisset;

168 5911 265 5957 cum
288 5908 546 5980 exemplis
562 5921 741 5966 autem
766 5911 871 5966 vim
902 5916 1126 5987 accepit.
1154 5915 1278 5973 Ideo
1302 5934 1406 5975 non
1425 5936 1589 5974 unum
1612 5934 1729 5974 me-

3349 408 3446 462 ιιι

1846 534 2040 586 morat,
2076 525 2169 576 sed
2203 534 2256 576 et
2300 524 2546 576 alterum.
2601 524 2756 591 Atqui
2786 533 2995 590 poterat
3026 533 3077 575 et
3108 524 3321 575 lerlintu
3347 525 3445 575 ad-

1843 618 1973 669 dere.
2002 634 2067 669 ex
2098 617 2413 679 abundanti,
2447 626 2500 667 et
2541 632 2695 668 suum
2738 617 3061 667 conﬁrmare
3113 633 3447 680 sermonem,

1846 710 2069 777 illosque.
2098 726 2124 760 a
2157 710 2501 778 sanguinario
2549 711 2827 779 proposito
2868 711 3159 764 abducere.
3192 709 3451 763 Discedite

1843 804 1904 853 ab
1929 803 2233 853 hominibus.

1914 894 1967 945 εἰ.
2007 894 2156 951 Vide.
2187 910 2347 961 quam
2379 895 2447 945 sit
2470 895 2708 947 moribus
2735 908 3064 949 mansuetus.
3100 894 3284 964 Neque.
3322 896 3445 948 loti-

1844 1003 1992 1054 guin,
2025 987 2118 1038 sed
2145 988 2359 1039 brevem
2394 988 2531 1040 texit
2555 1002 2864 1042 sermonem
2898 1007 2911 1048 ;
2964 1006 3136 1056 neque
3170 992 3289 1041 illos
3313 1007 3436 1041 eum

1848 1080 2025 1132 furore
2056 1091 2339 1132 memorat.
2403 1080 2465 1131 Et
2493 1097 2666 1133 omnes
2693 1095 2936 1152 quotquot
2965 1096 3327 1135 consenserunt
3360 1086 3440 1145 ei,

1842 1173 2056 1241 dispersi
2082 1186 2217 1225 sunt.
2257 1174 2365 1227 Hoc
2386 1174 2594 1233 dicens.
2633 1190 2738 1228 non
2774 1178 2823 1227 in
2867 1178 3137 1228 (Iliristnm
3194 1179 3439 1243 blasphe-

1843 1275 1995 1327 mat;
2053 1266 2145 1317 sed
2202 1266 2249 1318 id
2279 1308 2293 1329 ,
2344 1268 2484 1333 quod
2520 1270 2751 1320 maxime
2799 1270 3046 1329 volebat,
3104 1272 3329 1335 periit-it.
3381 1272 3441 1322 Si

1840 1360 1922 1417 sit,
1968 1359 2155 1426 inquit,
2190 1375 2252 1412 et:
2310 1360 2638 1425 hominibus,
2700 1363 3019 1415 dissolvetur.
3080 1364 3175 1415 llic
3232 1365 3443 1415 videtur

1842 1449 1958 1502 illos
1981 1451 2292 1519 syllogismo
2325 1452 2604 1518 impetere,
2634 1469 2697 1505 ac
2720 1455 2899 1507 dicere
2932 1474 2943 1507 :
2985 1456 3124 1524 l‘irgo
3153 1457 3275 1522 quia
3341 1457 3441 1507 hoe

1840 1544 2159 1598 dissolutum
2192 1562 2296 1598 nou
2347 1547 2463 1609 fuit,
2521 1565 2623 1600 non
2654 1549 3078 1601 esthnniauum.
3137 1550 3215 1601 ,Μ’
3242 1553 3372 1618 fonte
3403 1560 3448 1601 et

1840 1635 1949 1688 Deo
1978 1654 2263 1707 ri'pttgnnre
2290 1640 2637 1692 inveniantini.
2677 1642 2785 1694 lloc
2820 1641 3055 1701 dicebat,
3088 1658 3153 1694 ex
3181 1642 3437 1709 impossi-

1842 1731 1929 1783 hili
1963 1742 2011 1783 et
2050 1733 2224 1784 inutili
2258 1733 2379 1785 illos
2404 1736 2725 1803 reprimens.
2758 1735 2817 1787 Si
2843 1751 2956 1786 vero
2985 1752 3047 1787 ea:
3081 1734 3185 1787 1)ιό
3208 1747 3299 1797 est,
3332 1753 3436 1786 non

1840 1824 2085 1890 poteritis.
2140 1823 2253 1876 Non
2306 1825 2478 1889 dixit,
2528 1828 2581 1880 Si
2633 1828 2880 1879 Chris‘tus
2936 1829 3008 1880 sit
3069 1828 3245 1889 Deus;
3306 1846 3441 1895 opus

1838 1916 1981 1967 enini
2039 1916 2103 1968 iis
2159 1916 2507 1971 declarabat:
2564 1935 2738 1985 neque
2800 1919 3082 1972 affirmavit
3120 1920 3201 1972 vel
3256 1921 3445 1971 Imma-

1840 2021 1999 2069 num,
2046 2007 2127 2060 vel
2173 2008 2412 2062 divinum
2460 2026 2619 2071 esse;
2669 2011 2762 2064 sed
2790 2011 2968 2063 futuro
3020 2014 3246 2079 tempori
3280 2012 3442 2065 tidem

1841 2100 2121 2166 permisit,
2158 2111 2215 2153 nt
2261 2101 2533 2156 suaderet.
2597 2104 2663 2157 Et
2706 2104 2749 2157 si
2796 2105 3001 2167 suasit,
3056 2104 3266 2174 inquies
3293 2148 3307 2166 ,
3348 2122 3447 2158 cur

1840 2192 2228 2261 ﬂagellarunt?
2266 2194 2584 2250 lnduhitatte
2635 2198 2857 2266 quidem
2909 2198 3176 2252 dictorum
3224 2197 3445 2266 jusutia:

1839 2287 2107 2340 obsistere.
2138 2304 2244 2341 non
2293 2298 2606 2357 potuerunt,
2650 2290 2744 2343 sed
2786 2301 2966 2344 tamen
3024 2290 3258 2343 furorem
3288 2306 3445 2342 suum

1845 2382 2205 2449 impleverunt
2269 2399 2281 2434 :
2340 2382 2575 2452 alioquin
2630 2397 2763 2437 vero
2813 2385 2891 2437 sic
2940 2400 2998 2435 se
3055 2385 3177 2437 illos
3241 2394 3447 2451 perter-

1840 2473 2040 2525 rituros
2071 2472 2385 2541 sperabant.
2415 2474 2569 2541 Quod
2600 2486 2778 2530 autem
2811 2476 2925 2529 lucc
2953 2475 3058 2528 illis
3081 2490 3187 2529 non
3210 2491 3447 2543 pra'seu-

1840 2567 1981 2620 tibus
2008 2565 2235 2632 diceret,
2263 2568 2363 2623 hoc
2397 2568 2518 2621 illos
2544 2571 2715 2637 magis
2741 2570 2965 2623 attraxit
2994 2588 3007 2622 :
3050 2584 3112 2622 ac
3168 2570 3440 2623 sermonis

1836 2659 2108 2722 suavitas,
2161 2660 2540 2731 dictorumque
2591 2662 2797 2730 justitia
2828 2662 2877 2715 id
2908 2663 3016 2715 illis
3058 2662 3247 2715 suasit.
3309 2662 3445 2715 Fere

1838 2768 2067 2822 namque
2099 2761 2152 2806 et
2177 2754 2261 2806 hic
2293 2754 2637 2821 evangelium
2662 2755 2985 2822 prauliCabat
3012 2773 3026 2817 ;
3063 2756 3171 2809 imo
3192 2757 3307 2809 haec
3332 2757 3444 2811 fere

1836 2843 2067 2905 dicebat,
2099 2861 2221 2898 cum
2245 2846 2449 2912 justitia
2482 2848 2626 2915 ipsos
2646 2849 2960 2916 alloquens:
2998 2850 3318 2904 Persuasum
3350 2854 3444 2905 ba-

1838 2938 1977 2993 betis
2000 2956 2098 2995 vos
2122 2955 2227 2992 non
2290 2956 2448 3008 posse
2498 2942 2814 2997 dissolvere.
2864 2943 2972 2996 (Zur
3014 2960 3119 2997 non
3180 2946 3445 2998 credidis-

1838 3030 1942 3084 tis?
1967 3031 2100 3084 Tam
2134 3049 2323 3101 magna
2357 3044 2438 3088 est
2469 3035 2801 3104 priedicatio,
2835 3046 2891 3090 nt
2914 3037 3076 3090 etiam
3109 3039 3176 3091 ab
3208 3040 3440 3092 inimicis

1838 3127 2201 3179 testimonium
2248 3128 2461 3180 habeat.
2500 3128 2607 3183 Illic
2637 3131 3015 3200 quadringenti
3049 3143 3392 3188 surrexerunt
3420 3175 3437 3197 ,

1834 3227 1886 3269 et
1941 3228 2124 3283 postea
2186 3235 2377 3287 magna
2430 3222 2749 3275 multitudo:
2805 3222 2890 3277 hic
2944 3223 3227 3278 duodecim
3283 3227 3439 3294 primi

1833 3318 2006 3362 erant.
2042 3309 2116 3361 Ne
2144 3326 2273 3378 ergo
2299 3328 2391 3364 vos
2434 3312 2841 3381 perterrefaciat
2870 3317 3227 3370 multitudinis
3254 3335 3441 3373 aeees-

1834 3403 1932 3455 sio.
1966 3402 2023 3456 Si
2051 3404 2184 3455 enim
2220 3421 2281 3457 ea:
2307 3406 2595 3459 hominibus
2622 3409 2776 3477 fuerit
2802 3426 2929 3476 opus
2953 3410 3068 3471 hoc,
3100 3410 3427 3465 dissolvetur.

1835 3494 2047 3549 Poterat
2075 3506 2131 3550 et
2156 3498 2297 3551 aliud
2331 3497 2639 3568 xligyptinm
2686 3499 2868 3555 dicere
2888 3517 2919 3576 ;‘
2954 3502 3048 3556 sed
3086 3505 3198 3571 jam
3251 3521 3439 3574 snper—

1835 3587 1995 3642 llumu
2025 3591 2124 3642 hoc
2149 3589 2350 3644 fuisset.
2390 3590 2592 3653 Viden‘,
2614 3592 2883 3660 quomodo
2906 3602 3111 3648 terrore
3131 3610 3439 3650 sermonem

1832 3682 2153 3736 concluserit
2178 3684 2200 3735 ἶ)
2229 3682 2352 3737 Ideo
2382 3699 2487 3736 non
2512 3684 2827 3753 simpliciter
2843 3688 3166 3739 sententiam
3191 3689 3433 3755 profert,

1835 3785 1884 3824 ut
1919 3789 1985 3827 ne
2012 3774 2257 3844 videatur
2275 3789 2373 3843 pro
2397 3776 2503 3828 illis
2524 3776 2739 3838 dicere;
2795 3776 2888 3830 sed
2914 3794 2979 3831 ex
3013 3780 3089 3831 rei
3117 3789 3315 3833 eventu
3345 3798 3435 3833 ra-

1833 3866 2153 3920 tiocinatur.‘
2205 3866 2323 3920 Non
2352 3883 2517 3923 ausus
2545 3878 2628 3923 est
2652 3884 2780 3923 vero
2805 3869 3104 3934 affirmare,
3131 3872 3434 3927 doctrinam

1833 3961 1976 4014 illam
2007 3976 2115 4014 non
2141 3960 2454 4025 humanam,
2480 3962 2573 4015 sed
2602 3978 2667 4017 ex
2698 3963 2807 4016 Deo
2838 3979 2993 4019 esse:
3026 3967 3147 4035 quia
3180 3969 3222 4019 si
3254 3968 3432 4021 dixis-

1833 4063 1910 4106 set
1945 4070 2007 4105 ex
2040 4054 2150 4106 Deo
2178 4070 2299 4108 esse
2328 4097 2345 4121 ,
2388 4057 2841 4110 contradixissent
2866 4058 2941 4111 illi
2976 4075 2989 4121 ;

3047 4060 3093 4113 si
3144 4071 3321 4113 autem
3370 4078 3439 4116 ex

1834 4144 2143 4200 hominibus
2170 4147 2415 4213 dixisset,
2471 4149 2537 4202 ad
2565 4150 2949 4220 insurgentium
2977 4156 3228 4221 proliensi
3260 4166 3437 4209 erant.

1834 4234 1955 4290 Ideo
1988 4237 2106 4292 illos
2139 4239 2298 4294 linem
2338 4252 2654 4310 exSpectare
2676 4244 2829 4311 jubet
2857 4285 2872 4307 ,
2902 4245 3108 4309 dicens,
3155 4246 3430 4305 Discedite.

1835 4330 1909 4383 Illi
1941 4347 2069 4385 vero
2100 4348 2314 4387 rursum
2352 4334 2648 4401 minantur,
2674 4338 2913 4391 scientes
2934 4340 3153 4408 quidem
3201 4354 3259 4395 se.
3303 4344 3436 4397 nihil

1834 4441 1990 4494 posse
2041 4428 2320 4495 perlicere,
2370 4444 2471 4482 suo
2513 4441 2692 4485 autem
2767 4448 2917 4486 ntere
2964 4434 3246 4489 facientes.
3293 4437 3441 4490 Talis

1832 4519 1975 4573 enim
2006 4535 2094 4573 res
2114 4530 2197 4575 est
2219 4522 2446 4587 malitia,
2492 4540 2613 4593 qua:
2656 4526 3008 4593 impossibilia
3061 4541 3205 4595 saepe
3240 4538 3435 4587 tcntat.

1836 4608 1961 4663 Post
1988 4612 2122 4665 hunc
2148 4623 2319 4667 autem
2349 4615 2571 4668 surrexit
2620 4614 2790 4669 ludas
2812 4618 2911 4685 (α).
2972 4617 3120 4684 Hinc,
3150 4621 3193 4673 si
3217 4620 3439 4691 Josephi

1834 4704 2001 4759 libros
2024 4706 2388 4774 inspexeritis,
2418 4711 2725 4764 accuratius
2746 4712 3002 4766 cdiscetis
3031 4732 3045 4768 :
3079 4714 3167 4768 ille
3196 4731 3433 4786 namque

1836 4796 2025 4850 borum
2060 4799 2341 4853 historiam
2392 4800 2683 4871 diligenter
2732 4815 2935 4858 narrat.
2987 4807 3175 4861 Viden‘
3216 4811 3434 4875 qualem

1835 4906 1946 4944 rem
1975 4906 2138 4945 ausus
2181 4903 2265 4947 est
2294 4894 2496 4957 dicere,
2553 4896 2695 4965 quod
2724 4895 2809 4951 Ea:
2838 4898 2945 4953 Deo
2972 4943 2986 4964 ,
3018 4902 3143 4970 quia
3196 4914 3377 4970 postea
3412 4921 3441 4955 a

1837 4985 1997 5039 rebus
2028 4987 2155 5053 ipsis
2181 4986 2339 5041 fidem
2363 4990 2611 5058 accepit?
2666 4990 2803 5045 Vere
2858 5009 3050 5063 magna
3091 4994 3320 5061 lidueia,
3382 5010 3440 5052 et

1834 5080 1979 5132 nulla
2024 5096 2373 5148 personarum
2415 5085 2681 5150 acceptio.
2715 5084 3087 5141 Conseimrunt
3135 5098 3303 5144 autem
3342 5093 3435 5157 illi,

1838 5170 2025 5239 inquit.
2054 5169 2121 5223 Et
2147 5182 2479 5227 convocantcs
2534 5178 2815 5245 apostolos,
2875 5194 3046 5233 ea'sos
3090 5182 3435 5238 dimiserunt.

1835 5264 2075 5319 Reveriti
2104 5274 2232 5320 sunt
2256 5271 2582 5322 Sententiam
2612 5272 2747 5335 viri;
2804 5258 3384 5343 ideoquedestiterunt
3412 5298 3439 5330 ει

1837 5359 2119 5427 proposito
2149 5360 2427 5415 occidendi
2456 5365 2729 5431 aposto!os
2766 5382 2778 5417 :
2830 5364 3134 5436 ﬂagellatos
3162 5380 3343 5423 autem
3376 5373 3440 5425 il-

1840 5450 1920 5503 los
1946 5450 2242 5504 dimittunt.
2286 5450 2353 5504 Et
2385 5453 2463 5505 illi
2509 5455 2714 5523 quidem
2745 5457 2886 5509 ibant
2938 5460 3215 5529 gaudentes
3264 5482 3293 5514 α
3322 5482 3447 5519 ron-

1838 5552 2009 5611 8pectu
2034 5544 2260 5607 concilii,
2292 5545 2533 5614 quoniam
2561 5547 2702 5617 digni
2748 5550 2904 5601 habiti
2955 5563 3071 5603 sunt
3119 5572 3211 5621 pro
3242 5561 3451 5611 nomine

1839 5634 2027 5690 Christi
2055 5639 2414 5690 contumeliam
2444 5640 2571 5704 pati.
2602 5642 2807 5707 Quibus
2838 5645 3004 5711 signis
3029 5646 3129 5700 hoc
3154 5666 3260 5701 non
3286 5654 3415 5703 mira
3433 5682 3445 5690 -

1842 5728 1997 5782 bilius
2025 5740 2107 5783 est
2137 5730 2160 5780 ?
2186 5729 2454 5801 Nusquam
2476 5731 2578 5787 hoc
2605 5735 2746 5802 apud
2778 5748 2989 5791 veteres
3020 5740 3265 5810 contigit.
3314 5742 3442 5797 Nam

1906 5863 2425 5931 (a)_V_'ideAJosephnm
2450 5865 2613 5931 Antiq.
2631 5866 2746 5931 Iud.
2767 5866 2800 5916 l.
2826 5869 2899 5926 18,
2927 5886 2970 5921 c.
3002 5873 3047 5931 1,
3075 5874 3159 5923 ubi
3192 5874 3334 5926 Juda‘
3352 5878 3449 5926 (ιυ-

1844 5924 1960 5977 ιιιωι
1988 5928 2237 5978 iustoriani
2272 5924 2455 5990 iefert;
2481 5938 2534 5980 et
2566 5924 2601 5981 l'.
2626 5930 2708 5995 ἃ),
2728 5946 2774 5983 c.
2794 5931 2843 5986 ‘3.
2869 5924 2953 5983 tibi
2972 5924 3252 5989 de"t‘hetuia
3277 5924 3393 6002 ηέιι.
