4044 6484
602 433 707 491 115

601 542 860 601 Jeremias
886 540 1100 612 quidem
1128 538 1420 609 ﬂagellatns
1450 544 1531 589 est
1558 542 1779 604 propter
1806 530 2027 585 verbum
2053 526 2171 590 Dei,

604 636 729 691 Elite
754 641 809 687 et
836 632 953 686 aliis
984 631 1165 685 minati
1195 636 1349 683 sunt:
1385 626 1480 680 sed
1508 625 1595 680 hic
1622 635 1673 677 et
1715 639 1782 677 ex
1815 621 1915 675 hac
1946 634 2003 674 re
2028 627 2082 672 et
2110 631 2174 669 ex

607 724 773 795 signis
802 726 1048 777 virtutem
1080 722 1170 775 Dei
1206 702 1564 775 declararunt.
1598 715 1711 770 Non
1739 713 1872 767 dixit
1900 710 2042 780 quod
2070 723 2175 761 non

606 814 886 878 dolerent;
932 814 1022 866 sed
1070 810 1208 881 quod
1235 810 1356 865 licet
1377 808 1619 863 dolentes
1648 806 1957 876 gauderent.
1995 797 2176 855 Unde-

604 920 725 959 uam
773 904 827 959 id
870 902 1082 973 liquet?
1126 903 1199 956 Ex
1232 900 1471 970 sequenti
1518 900 1763 952 libertate
1814 892 2065 948 dicendi:
2105 891 2176 943 ita

602 1014 815 1070 semper
834 999 988 1053 etiam
1022 1005 1140 1064 post
1167 995 1346 1064 plagas
1370 989 1702 1061 prmdicaiido
1729 985 2017 1041 instabant.
2053 982 2177 1036 ideo

603 1089 654 1145 id
677 1089 969 1148 declaratis,
995 1092 1067 1139 ait
1099 1105 1111 1139 :
1144 1084 1211 1139 In
1242 1088 1427 1153 templo
1450 1093 1495 1136 et
1522 1083 1655 1135 circa
1678 1080 1855 1131 domos
1876 1093 1977 1131 non
2006 1090 2177 1129 cessa-

602 1180 721 1231 bant
770 1182 1001 1232 docentes
1041 1187 1085 1230 et
1126 1176 1521 1244 euangelizantes
1562 1170 1819 1225 Christum
1860 1167 2058 1221 Jesum.
2109 1163 2177 1217 In

601 1271 774 1323 diebus
810 1281 980 1325 autem
1012 1272 1131 1324 illis.
1164 1270 1364 1337 Quibus
1385 1265 1609 1320 diebus?
1642 1263 1773 1318 Cum
1810 1263 1920 1315 haec
1950 1258 2173 1321 fierent;

601 1377 718 1416 cum
749 1363 973 1435 ﬂagella,
998 1379 1115 1416 cum
1141 1364 1296 1416 minae
1319 1404 1332 1425 ,
1357 1376 1476 1414 cum
1501 1358 1741 1425 discipuli
1761 1353 2176 1422 multiplicaren-

607 1467 723 1507 tur:
759 1465 881 1508 tunc
908 1452 1122 1507 Factum
1148 1464 1218 1507 est
1245 1468 1492 1505 murmur.
1522 1449 1586 1503 Et
1614 1446 1854 1501 fortassis
1882 1444 1952 1499 ob
1992 1440 2175 1496 multi-

600 1546 835 1599 tudinem
880 1545 1099 1613 contigit
1133 1563 1144 1597 :
1178 1561 1282 1597 non
1334 1542 1473 1596 enim
1520 1548 1694 1609 potest
1741 1537 1793 1591 in
1840 1533 2178 1589 multitudine

600 1645 778 1691 tantus
803 1637 935 1690 ordo
962 1638 1183 1690 servari.
1218 1635 1282 1687 Et
1316 1650 1499 1702 magna
1534 1632 1679 1685 turba
1708 1629 2024 1682 sacerdotum
2059 1625 2176 1678 obe—

600 1728 766 1780 diebat
786 1728 923 1794 ﬁdei.
949 1728 1041 1781 His
1061 1726 1445 1784 subindicatur,
1468 1738 1534 1777 ex
1556 1724 1637 1784 iis.
1659 1721 1747 1791 qui
1769 1719 1965 1774 Christi
1992 1731 2177 1772 necem

600 1822 882 1875 machinati
904 1830 1045 1885 sunt,
1074 1820 1271 1874 multos
1299 1817 1608 1871 credidisse.

672 1911 1007 1967 Ministerium
1045 1912 1390 1980 quotidiana»:
1418 1909 1557 1977 quid.
1590 1905 1880 1959 —Factum
1919 1910 1991 1956 est
2040 1917 2180 1953 mur-

596 2021 731 2069 mur,
758 2006 891 2074 quod
915 2006 1288 2075 despicerentur
1310 2004 1361 2055 in
1390 2002 1683 2071 quotidiana
1710 1998 1986 2051 ministerio
2016 1996 2179 2050 viduae

594 2113 790 2149 eorum.
842 2096 983 2165 Ergo
1013 2095 1376 2166 quotidianum
1426 2095 1777 2147 ministerium
1822 2107 1946 2159 erga
1990 2090 2177 2143 viduas

594 2199 732 2242 erat.
764 2189 831 2243 Et
862 2189 1015 2253 vide,
1048 2188 1317 2259 quomodo
1358 2187 1444 2241 hic
1483 2187 1833 2240 ministerium
1882 2195 2075 2249 vocet,
2127 2193 2182 2238 et

600 2292 705 2331 nun
750 2279 927 2333 statim
956 2279 1383 2350 eleemosynain;
1417 2279 1597 2349 sicque
1630 2288 1684 2331 et
1713 2291 1807 2331 eos
1843 2278 1930 2345 qui
1960 2277 2177 2341 darent,

597 2382 651 2424 et
692 2386 786 2425 eos
814 2372 903 2439 qui
932 2372 1266 2443 aceipereut,
1303 2372 1541 2425 extollat.
1572 2370 1685 2424 Hoc
1712 2385 1817 2423 non
1865 2384 1930 2424 ex
1979 2369 2180 2423 malitia

600 2462 883 2526 oriebatur,
944 2463 1035 2519 sed
1067 2462 1306 2517 fortassis
1348 2477 1413 2515 ex
1457 2461 1625 2516 turba:
1674 2462 2015 2532 negligentia.
2057 2459 2180 2515 Ideo

598 2551 701 2606 hoc
746 2554 797 2607 in
832 2554 1062 2607 medium
1092 2554 1310 2622 protulit
1355 2553 1502 2623 (neu
1532 2569 1752 2623 parvum
1798 2556 1939 2607 enim
1980 2554 2179 2608 malum

594 2646 760 2713 erat),
784 2645 925 2714 quod
953 2646 1060 2700 cito
1088 2645 1381 2699 curandum
1407 2646 1661 2714 oportuit.
1692 2645 1873 2700 Viden‘
1911 2647 2181 2714 quomodo

601 2733 659 2789 in
684 2735 945 2805 principio
970 2736 1106 2790 mala
1148 2752 1251 2791 non
1280 2736 1408 2790 foris
1439 2746 1640 2791 tantum
1667 2779 1682 2801 ,
1713 2737 1807 2792 sed
1838 2739 1995 2792 etiam
2039 2738 2182 2792 intus

601 2837 780 2881 essent
802 2828 825 2879 ἲ
850 2829 925 2881 Tu
957 2818 1083 2882 vero
1114 2844 1218 2882 non
1265 2829 1439 2882 solum
1484 2829 1729 2883 attendas
1756 2830 1895 2900 quod
1940 2841 2181 2884 curatum

601 2920 785 2984 fuerit,
821 2920 913 2973 sed
955 2922 1114 2974 etiam
1143 2920 1282 2990 quod
1317 2936 1563 2991 maguum
1612 2930 1755 2975 esset
1800 2922 2015 2975 malum.
2050 2921 2183 2976 Con-

596 3012 815 3065 siderate
840 3029 980 3082 ergo,
1005 3012 1187 3081 fratres
1204 3053 1218 3076 ,
1250 3013 1381 3065 viros
1410 3030 1472 3065 ex
1496 3012 1631 3065 vobis
1654 3022 1859 3081 septem.
1890 3012 2004 3066 Non
2034 3013 2085 3067 id
2114 3028 2180 3067 ex

600 3107 816 3173 proprio
840 3113 965 3158 nutu
988 3104 1203 3170 faciunt,
1220 3104 1314 3159 sed
1335 3105 1477 3173 prius
1500 3120 1557 3159 se
1574 3114 1827 3159 excusant
1848 3109 1985 3173 apud
2007 3105 2185 3158 multi-

604 3197 859 3251 tudinem.
888 3197 963 3251 lta
998 3205 1049 3250 et
1075 3211 1211 3250 nunc
1235 3195 1348 3250 ﬁeri
1379 3206 1670 3266 oporteret.
1700 3196 1820 3249 A'an
1853 3207 1922 3249 est
1949 3212 2178 3262 aequum,

603 3286 783 3349 aiunt,
838 3302 928 3339 nos
973 3285 1316 3354 derelinquere
1372 3286 1572 3339 verbum
1620 3286 1750 3351 Dei,
1802 3297 1847 3339 et
1900 3288 2184 3341 ministrare

604 3380 807 3432 mensis.
837 3378 1014 3432 Primo
1044 3378 1426 3433 absurditatem
1459 3378 1693 3447 profert,
1741 3379 2029 3433 ostendens
2075 3396 2181 3435 non

601 3484 761 3539 posse
797 3479 1075 3540 utrumque
1123 3481 1367 3524 accurate
1413 3472 1652 3539 praestari
1697 3490 1711 3525 :
1752 3473 2181 3543 quandoquidem

598 3577 725 3616 cum
776 3562 1047 3616 Matthiam
1078 3562 1331 3616 ordinare
1362 3565 1633 3632 oportuit,
1681 3565 1850 3633 primo
1888 3566 1963 3619 rei
1993 3577 2177 3621 osten-

600 3654 736 3709 dunt
764 3655 1164 3720 necessitatem,
1190 3656 1313 3726 quia
1336 3671 1471 3709 unus
1502 3656 1788 3724 defecerat,
1821 3668 1873 3711 et
1902 3659 2179 3713 duodecim

602 3761 723 3800 esse
748 3746 1049 3815 oportebat.
1084 3746 1255 3800 Etiam
1297 3746 1383 3801 hic
1428 3749 1794 3801 necessitatem
1836 3750 2123 3803 ostendunt
2167 3769 2178 3804 :

606 3854 705 3892 nec
735 3838 863 3891 illud
886 3848 1009 3892 ante
1036 3838 1302 3901 fecerunt,
1328 3838 1422 3893 sed
1452 3850 1827 3908 exspectarunt
1848 3841 2020 3896 donec
2040 3858 2184 3895 mur-

606 3944 727 3982 mur
747 3930 975 3983 oriretur
998 3946 1013 3993 ;
1044 3944 1213 3999 neque
1236 3938 1411 3984 tamen
1436 3932 1573 3999 passi
1596 3942 1717 3985 sunt
1747 3940 1803 3986 ut
1830 3931 1930 3987 hoc
1958 3934 2181 3988 multum

599 4031 890 4074 cresceret.

694 4112 746 4165 5.
792 4112 857 4165 Et
900 4112 1053 4174 vide;
1101 4112 1358 4182 judicium
1412 4114 1517 4168 illis
1558 4116 1902 4184 permittunt,
1951 4128 2004 4171 et
2061 4119 2182 4173 illos

607 4202 895 4270 praeferunt
924 4204 1015 4273 qui
1046 4205 1293 4257 omnibus
1323 4206 1592 4274 placerent
1613 4250 1625 4271 ,
1660 4218 1711 4261 et
1754 4212 1989 4262 oumimn
2032 4212 2181 4265 testi-

607 4298 787 4349 monio
814 4297 1017 4365 probati
1043 4308 1240 4352 essent.
1276 4300 1406 4353 Cum
1436 4302 1667 4367 oportuit
1688 4302 1960 4355 Matthiain
1992 4319 2182 4373 propo-

608 4402 735 4441 nere
761 4429 774 4451 ,
832 4388 1072 4456 Uportet,
1127 4391 1403 4457 inquiunt,
1438 4408 1499 4445 ex
1524 4394 1585 4445 iis
1608 4434 1623 4459 ,
1664 4394 1749 4461 qui
1775 4396 2031 4447 nobiscum
2071 4406 2183 4448 sunt

608 4480 745 4530 omni
773 4489 991 4548 tempore
1015 4498 1032 4542 ;
1060 4480 1145 4535 hic
1171 4493 1343 4534 autem
1374 4500 1475 4537 non
1506 4487 1583 4537 sic
1614 4505 1626 4539 :
1656 4503 1759 4539 non
1792 4490 1932 4541 enim
1962 4490 2063 4542 tale
2092 4506 2186 4544 ne-

606 4572 803 4639 gotium
836 4580 969 4626 erat.
1007 4572 1127 4624 Ideo
1156 4572 1253 4625 hoc
1293 4589 1394 4627 neu
1430 4577 1556 4627 sorti
1591 4579 1979 4645 permiserunt;
2014 4596 2184 4649 neque

604 4677 725 4717 cum
758 4664 851 4730 ipsi
882 4675 1097 4733 possent
1127 4664 1326 4735 Spiritu
1355 4669 1479 4721 moti
1505 4670 1720 4738 eligere,
1754 4672 1800 4724 id
1832 4673 2059 4737 faciunt;
2090 4676 2183 4727 sed

608 4770 671 4806 ex
704 4758 984 4808 multortnn
1008 4759 1309 4811 testimonio
1329 4761 1467 4827 qttod
1491 4762 1739 4828 placitum
1764 4773 1904 4817 esset
1924 4773 2180 4820 statuunt.

608 4844 849 4909 Alioquin
883 4864 1023 4911 vero,
1061 4865 1334 4902 numerum
1368 4850 1610 4917 delinire,
1641 4854 1910 4917 ordinare,
1935 4858 1998 4908 ad
2024 4858 2181 4911 talem

609 4952 787 5001 usum,
820 4938 882 4990 ad
916 4939 1031 4991 illos
1060 4930 1354 5008 pertinebat
1389 4944 1402 4973 ¹
1431 4962 1444 5008 ;
1474 4945 1671 5013 eligere
1697 4958 1870 5000 autem
1902 4949 2041 5003 viros
2080 4951 2183 5005 illis

612 5030 917 5097 permittunt
941 5072 953 5092 ,
981 5042 1033 5083 ut
1074 5048 1139 5086 ne
1167 5033 1467 5088 viderentur
1498 5036 1562 5089 ad
1585 5038 1932 5106 quorumdam
1960 5042 2181 5109 gratiam

608 5136 770 5189 agere
801 5141 814 5175 :
842 5124 961 5189 quia
991 5135 1043 5176 et
1074 5124 1208 5178 Dens
1240 5126 1402 5195 Moysi
1432 5129 1669 5195 permisit
1696 5131 1890 5199 eligere
1920 5134 2179 5198 seniores,

608 5232 741 5283 quos
770 5226 1007 5269 noverat.
1050 5219 1207 5272 Multa
1238 5222 1376 5273 enim
1407 5222 1661 5289 sapientia
1692 5238 1824 5291 opus
1854 5234 1935 5278 est
1978 5226 2030 5279 in
2062 5227 2183 5279 tali-

610 5309 707 5363 bus
737 5309 1237 5379 dispensationibus.
1280 5314 1355 5367 Ne
1391 5319 1586 5383 putetis
1616 5317 1777 5383 enim,
1808 5320 1929 5387 quia
1961 5319 2182 5374 verbum

610 5418 715 5456 non
746 5402 874 5471 ipsis
902 5404 1264 5457 concreditum
1299 5407 1491 5472 fuerat,
1522 5425 1625 5461 non
1660 5424 1793 5479 opus
1818 5411 2064 5467 habuisse
2094 5427 2182 5466 sa-

615 5497 803 5562 pientia
836 5515 849 5549 :
875 5498 1034 5551 multa
1062 5510 1206 5555 certe
1232 5516 1364 5569 Opus
1394 5502 1642 5558 habuere.
1679 5503 1791 5558 Nos
1823 5521 1933 5559 vero
1969 5508 2183 5559 orationi

596 5604 657 5645 et
698 5593 967 5645 ministerio
1012 5595 1143 5647 verbi
1187 5596 1427 5649 instantes
1457 5599 1656 5651 erimus.
1692 5599 1759 5653 Et
1802 5600 1950 5653 initio
1978 5612 2030 5654 et
2080 5600 2183 5655 fine

606 5699 727 5739 sese
754 5696 1024 5738 excusant.
1065 5684 1318 5741 Instanles
1361 5690 1543 5741 erimus
1568 5731 1579 5753 ,
1619 5692 1883 5759 inquiunt.
1922 5692 2009 5745 Sic
2040 5693 2181 5745 enim

609 5776 919 5847 Oportebat,
950 5791 1055 5829 non
1088 5777 1293 5845 leviter,
1324 5794 1427 5833 non
1459 5790 1771 5851 utcumque,
1798 5783 1891 5836 sed
1914 5798 2032 5835 cum
2062 5798 2183 5852 per-

668 5889 690 5921 ⁶
722 5888 886 5940 lat'el.
911 5890 1055 5956 legit,
1078 5890 1168 5944 stbt
1191 5894 1487 5957 adscribunt,
1515 5908 1618 5959 pro,
1646 5896 1713 5947 ad
1736 5894 1841 5950 illos
1863 5896 2148 5962 pertinebat.
2186 5894 2187 5901 “

1387 422 1444 477 S.
1475 416 1752 477 JOANNIS
1788 408 2261 469 CﬂllYSOSTOSIl
2293 403 2604 463 ARCHIEP.
2646 400 3173 459 CONSTANTINOP.

3770 403 3873 461 lld

2284 522 2607 577 severantia.
2638 518 2707 573 Et
2736 520 2949 591 placuit,
2972 520 3163 589 inquit,
3188 535 3352 573 sermo
3378 537 3548 574 coram
3572 524 3708 577 omni
3731 523 3867 576 mul-

2285 615 2518 668 titudine.
2566 614 2632 667 Et
2663 612 2765 667 hoc
2807 614 3017 668 illorum
3058 614 3369 683 sapientiam
3398 613 3638 669 decebat.
3670 616 3873 673 Omnes

2282 708 2482 763 dictum
2531 706 2848 771 laudarunt;
2882 707 2952 760 ita
2981 706 3259 775 prudentia
3301 708 3515 775 plenum
3545 718 3681 763 erat.
3735 728 3755 762 α
3804 710 3871 766 Et

2284 801 2589 869 elegerunt,
2616 798 2785 867 inquit
2812 798 3051 865 (rursum
3086 798 3184 867 ipsi
3206 798 3462 868 eligunt).
3495 798 3826 868 Stephanum
3853 842 3870 867 ,

2283 891 2455 944 virum
2485 892 2697 958 plenum
2745 889 2847 943 lide
2876 899 2930 944 et
2958 888 3157 957 Spiritu
3198 902 3383 945 saneto
3402 933 3415 955 ,
3448 901 3503 947 et
3533 891 3831 962 Philippum
3854 934 3870 958 ,

2285 990 2340 1037 et
2368 980 2727 1047 Prochorum,
2756 991 2812 1036 et
2839 980 3176 1041 Nicanorem.
3205 990 3261 1034 et
3292 981 3573 1038 Timonem
3593 1026 3606 1047 ,
3637 990 3693 1039 et
3738 984 3871 1039 Par-

2285 1091 2517 1141 menam,
2545 1086 2599 1130 et
2626 1075 2899 1130 Nicolaum
2926 1074 3252 1147 proselytum
3278 1075 3668 1131 Antiochenam
3697 1095 3710 1131 :
3738 1093 3878 1147 quos

2283 1176 2583 1221 statuerunt
2612 1182 2793 1221 coram
2844 1166 3121 1235 apostolis.
3156 1165 3220 1219 Et
3264 1177 3479 1222 orantes
3507 1169 3879 1238 imposuerunt

2284 1256 2389 1311 illis
2416 1272 2623 1310 manus.
2659 1276 2679 1308 ι
2712 1257 2847 1313 Hinc
2877 1258 3049 1327 palam
3080 1266 3195 1323 est,
3224 1259 3363 1327 quod
3394 1262 3792 1336 segregaveriut
3814 1263 3877 1315 il-

2283 1349 2365 1402 los
2402 1364 2432 1402 a
2462 1348 2839 1413 multitudine;
2873 1358 2928 1404 et
2974 1351 3045 1403 illi
3080 1349 3327 1425 trahunt,
3358 1367 3462 1405 non
3507 1355 3731 1421 apostoli
3776 1353 3871 1409 du-

2283 1452 2431 1495 cunt.
2463 1441 2616 1505 Vide,
2647 1458 2806 1511 quam
2848 1457 2955 1496 non
3002 1442 3269 1513 superﬂue
3316 1445 3547 1514 scriptor
3573 1445 3825 1516 loquatur
3860 1465 3876 1501 :

2285 1549 2391 1587 non
2423 1535 2563 1587 enim
2592 1534 2723 1589 dicit
2752 1534 3023 1604 quomodo
3048 1576 3063 1601 ,
3092 1534 3187 1589 sed
3219 1536 3531 1606 simpliciter
3550 1538 3690 1607 quod
3723 1540 3874 1593 ordi-

2286 1625 2393 1678 nati
2443 1626 2549 1679 sint
2606 1641 2697 1694 per
2723 1627 3018 1681 orationem
3070 1644 3083 1681 :
3132 1628 3231 1681 hoc
3275 1630 3417 1683 enim
3462 1640 3546 1685 est
3582 1631 3876 1686 ordinatio.

2291 1716 2478 1772 Manus
2509 1718 2605 1772 viri
2634 1720 3047 1788 superponitur;
3090 1728 3255 1774 totum
3284 1736 3410 1775 vero
3436 1721 3575 1777 Deus
3598 1734 3875 1792 operatur,

2285 1809 2508 1879 ejusque
2530 1826 2718 1865 manus
2734 1820 2819 1865 est
2838 1828 2957 1881 qua?
2980 1812 3145 1881 tangit
3165 1822 3323 1881 caput
3343 1814 3591 1878 ordinati,
3617 1816 3659 1869 si
3685 1831 3877 1885 quem-

2284 1900 2569 1955 admodum
2628 1908 2840 1970 oportcl
2890 1902 3184 1957 ordinetur.
3220 1903 3283 1957 Et
3322 1922 3503 1968 sermo,
3539 1906 3744 1975 inquit,
3781 1906 3880 1961 Dei

2284 1992 2569 2058 crescebat,
2621 2001 2669 2046 et
2722 1992 3149 2062 multiplicabatur
3188 2013 3425 2050 numerus
3478 1998 3875 2068 discipulorum.

2284 2083 2398 2138 Non
2428 2084 2544 2139 sine
2573 2100 2734 2139 causa
2764 2086 2863 2141 hoc
2890 2086 3043 2152 dixit,
3090 2087 3183 2143 sed
3216 2097 3271 2142 ut
3297 2090 3644 2153 ostenderet,
3673 2103 3876 2159 quanta

2286 2176 2356 2229 sit
2386 2177 2743 2247 eleemosynze
2787 2188 2842 2232 et
2872 2179 2995 2233 boni
3028 2180 3234 2235 ordinis
3266 2180 3453 2235 virtus.
3503 2185 3579 2236 Ac
3617 2180 3877 2253 deinceps

2286 2283 2405 2336 qua:
2430 2267 2754 2336 Stephanum
2782 2279 3029 2339 spectant
3047 2281 3356 2326 narraturus
3384 2283 3501 2327 est:
3535 2273 3656 2327 idco
3684 2282 3879 2329 etcau-

2286 2376 2375 2415 sas
2405 2362 2614 2415 illorum
2664 2364 2976 2431 praemittit:
3010 2363 3076 2417 Et
3107 2366 3254 2418 multi
3273 2408 3286 2429 ,
3323 2368 3525 2436 inquit,
3555 2370 3878 2424 sacerdotum

2284 2453 2573 2507 obediebant
2597 2455 2733 2523 fidei.
2759 2455 2890 2523 Quia
2923 2458 3062 2510 enim
3098 2458 3344 2512 videbant
3377 2460 3669 2530 principem
3697 2471 3753 2516 et
3776 2462 3877 2517 do-

2284 2557 2485 2600 ctorem
2516 2549 2629 2602 lucc
2655 2551 3030 2617 prolerentem,
3065 2567 3128 2605 ex
3150 2553 3400 2620 operibus
3418 2554 3527 2622 jam
3574 2553 3873 2623 periculum

2287 2638 2570 2691 faciebant.
2605 2639 2671 2692 Et
2694 2639 3048 2696 admiratione
3070 2642 3288 2711 dignum
3317 2655 3431 2709 est,
3473 2645 3613 2715 quod
3646 2647 3878 2716 populus

2288 2744 2394 2781 non
2428 2731 2628 2783 scissus
2650 2730 2807 2785 fuerit
2831 2732 2882 2785 in
2911 2733 3172 2787 electione
3196 2736 3453 2802 virorum,
3477 2738 3746 2806 quomodo
3766 2755 3876 2793 non

2288 2822 2553 2889 reprobati
2586 2824 2690 2877 sint
2717 2824 2784 2877 ab
2812 2824 2915 2877 illis
2936 2826 3183 2895 apostoli.

2360 2914 2645 2985 Presbyteri
2693 2926 2740 2969 et
2774 2914 2991 2970 Diaconi
3042 2934 3221 2971 nomen
3250 2918 3452 2989 quando
3484 2920 3783 2975 admissum.
3804 2950 3879 2964 —

2285 3005 2452 3072 Quam
2483 3022 2609 3077 ergo
2648 3007 2956 3077 dignitatem
2990 3007 3288 3063 habuerunt
3320 3010 3392 3064 illi
3415 3053 3429 3077 ,
3457 3021 3509 3065 ct
3530 3026 3689 3081 quam
3720 3028 3878 3068 acce-

2289 3109 2480 3169 perunt
2517 3100 2904 3155 ordinationem
2927 3144 2941 3164 ,
2966 3102 3075 3170 jam
3106 3102 3421 3157 discendum
3450 3112 3550 3158 est.
3587 3104 3725 3159 Num
3754 3104 3876 3159 dia-

2287 3195 2591 3248 conorum?
2634 3196 2791 3265 Atqui
2844 3195 2957 3250 haec
3006 3198 3057 3249 in
3107 3196 3359 3251 Ecclesiis
3410 3211 3517 3252 non
3572 3208 3725 3263 erat;
3778 3198 3878 3253 sed

2289 3287 2725 3356 presbyterorum
2776 3296 2890 3339 erat
2922 3288 3244 3341 tecouomia.
3290 3288 3453 3357 Atqui
3496 3289 3672 3342 nullus
3699 3287 3880 3344 adhuc

2286 3379 2569 3447 episcopus
2610 3390 2762 3443 erat,
2814 3391 3166 3449 prmterquam
3197 3382 3427 3449 apostoli
3469 3391 3692 3436 tantum.
3724 3381 3881 3439 Unde

2286 3478 2415 3539 puto
2455 3485 2553 3525 nec
2593 3470 2937 3525 diaconorum
2970 3487 3068 3526 nec
3098 3472 3534 3543 presbyterorum
3568 3484 3691 3530 tunc
3713 3474 3882 3530 fuisse

2288 3576 2481 3615 nomen
2503 3562 2795 3616 admissum
2815 3578 2914 3618 nec
2932 3562 3303 3629 manifestum;
3330 3564 3421 3619 sed
3448 3565 3558 3635 jam
3581 3564 3646 3619 ad
3667 3565 3769 3619 hoc
3785 3582 3881 3620 or—

2286 3653 2450 3707 dinati
2483 3664 2625 3708 sunt.
2660 3653 2767 3709 Nec
2795 3656 3108 3725 simpliciter
3136 3657 3236 3711 hoc
3257 3672 3446 3712 munus
3478 3658 3584 3714 iUis
3599 3658 3883 3715 concredi-

2290 3755 2398 3799 tum
2427 3757 2507 3801 est
2532 3765 2544 3807 ;
2574 3748 2665 3801 sed
2691 3750 2890 3818 precati
2921 3760 3061 3814 sunt,
3090 3760 3146 3803 ut
3173 3758 3407 3819 potestas
3436 3752 3537 3805 illis
3555 3753 3883 3808 concedere-

2289 3846 2392 3889 tnr.
2420 3837 2550 3892 Vide
2594 3847 2795 3902 autem,
2819 3855 3023 3907 quzeso,
3049 3842 3091 3893 si
3140 3851 3343 3909 septem
3389 3842 3517 3896 viris
3553 3852 3665 3897 erat
3708 3860 3880 3914 opus,

2290 3937 2448 3981 tantm
2468 3928 2712 3982 fortassis
2730 3929 3018 3984 allluebant
3036 3936 3295 3999 pecuuizn,
3313 3943 3455 3988 tanta
3470 3945 3585 3988 erat
3602 3935 3883 3991 viduarum

2289 4022 2590 4074 multitudo.
2615 4023 2754 4091 Ergo
2785 4040 2889 4077 non
2921 4026 3235 4094 simpliciter
3259 4042 3447 4094 preces
3474 4029 3881 4096 emittebautur,

2286 4113 2377 4166 sed
2396 4129 2515 4166 eum
2541 4112 2701 4166 multa
2721 4115 3045 4178 attentione;
3072 4116 3296 4184 hocque,
3324 4117 3545 4185 perinde
3567 4129 3727 4189 atque
3748 4136 3886 4190 prte-

2285 4204 2505 4270 dicatio,
2540 4206 2910 4274 perﬁciebatur
2938 4224 2949 4259 :
2975 4207 3202 4274 plurima
3226 4210 3366 4262 enim
3407 4210 3655 4279 precibus
3686 4226 3885 4280 opera-

2288 4296 2498 4350 bantur.
2521 4296 2607 4351 Sic
2626 4298 2914 4366 spiritualia
2939 4298 3380 4368 prteferebantur,
3402 4302 3478 4354 sic
3494 4301 3558 4355 ad
3584 4304 3888 4371 peregrina-

2290 4391 2461 4444 tiones
2492 4391 2856 4455 mittebantur,
2878 4392 2954 4445 sic
2978 4392 3091 4445 istis
3120 4395 3339 4447 verbum
3368 4395 3734 4449 concreditum
3763 4396 3883 4450 fuit.

2288 4482 2470 4550 Neque
2508 4482 2635 4535 dicit
2673 4482 2794 4546 hoc,
2842 4499 3013 4553 neque
3042 4485 3250 4538 extollit
3275 4500 3406 4550 eos;
3440 4486 3533 4540 sed
3561 4486 3725 4552 dicit,
3770 4502 3879 4541 non

2289 4592 2497 4644 aequum
2525 4591 2642 4630 esse
2668 4576 3009 4631 commissmn
3034 4594 3166 4647 opus
3190 4579 3509 4647 relinquere.
3534 4580 3620 4634 Sic
3650 4595 3677 4632 a
3701 4580 3885 4649 Moyse

2292 4669 2512 4722 instituti
2539 4668 2763 4735 fuerant,
2793 4686 2857 4724 ne
2878 4673 3053 4723 omnia
3078 4672 3279 4739 agenda
3302 4674 3653 4741 susciperent.
3674 4673 3884 4729 Idcirco

2293 4763 2483 4817 Paulus
2500 4765 2591 4827 ait,
2626 4762 2693 4817 Ut
2712 4780 2990 4832 pauperum
3006 4773 3199 4815 tantum
3222 4780 3464 4817 memores
3481 4766 3637 4818 simus
3654 4764 3796 4835 (Gal.
3820 4765 3880 4821 Ξ.

2290 4855 2395 4922 l0).
2416 4854 2701 4922 'Qnomodo
2727 4864 2905 4909 autem
2932 4857 3029 4907 hos
3053 4856 3437 4909 antecesserint
3457 4856 3623 4911 disce.
3654 4856 3879 4923 Jejuna-

2290 4948 2435 5011 bant,
2466 4947 2876 5015 perseverabant
2920 4948 2970 4999 in
2990 4947 3249 5001 oratione.
3276 4947 3388 5002 Hoc
3409 4949 3568 5003 etiam
3598 4966 3737 5003 nunc
3761 4953 3876 5007 tieri

2289 5048 2576 5106 Oportcret.
2598 5038 2713 5092 Non
2740 5038 3057 5106 simpliciter
3076 5050 3250 5093 autem
3271 5041 3575 5110 spirituales
3593 5083 3606 5107 ,
3634 5042 3727 5096 sed
3754 5042 3884 5111 Spi-

2290 5132 2389 5184 ritu
2420 5142 2472 5185 et
2494 5132 2750 5201 sapientia
2778 5132 2962 5199 plenos
2979 5132 3128 5194 dixit,
3148 5132 3439 5187 ostendens
3476 5149 3682 5203 magna;
3702 5136 3885 5205 philoa

2288 5225 2489 5291 snpliize
2520 5224 2679 5276 fuisse
2708 5224 3073 5277 accusationes
3098 5225 3232 5279 l'erre
3259 5225 3554 5279 viduarum.
3575 5228 3705 5294 Qua:
3735 5233 3881 5289 enim

2289 5316 2506 5378 utilitas,
2537 5314 2580 5367 si
2608 5314 2943 5384 dispensator
2990 5332 3093 5369 non
3127 5315 3332 5370 furetur
3368 5317 3602 5387 quidem,
3633 5320 3728 5375 sed
3756 5337 3877 5377 utn-

2289 5408 2372 5460 nia
2408 5407 2633 5475 perdat?
2656 5408 2733 5460 vel
2764 5410 2804 5460 si
2838 5408 2982 5462 ferox
3008 5411 3073 5462 sit
3100 5420 3154 5464 et
3180 5411 3573 5466 exacerbetnr?
3604 5412 3714 5468 [lac
3739 5415 3791 5468 in
3822 5430 3881 5467 re

2288 5498 2634 5551 admirandus
2663 5509 2777 5551 erat
2809 5499 3101 5569 Philippus.
3137 5501 3209 5555 De
3262 5502 3351 5555 illo
3399 5519 3628 5572 namque
3676 5504 3808 5558 dicit
3860 5525 3875 5555 :

2288 5590 2355 5645 Et
2399 5592 2609 5660 ingressi
2647 5592 2695 5643 in
2744 5593 2945 5644 domum
2992 5592 3226 5663 Philippi
3274 5597 3629 5666 evangelista,
3675 5598 3761 5666 qui
3809 5622 3877 5661 ex

2289 5692 2476 5749 septem
2503 5682 2605 5734 illis
2631 5696 2735 5735 erat
2756 5726 2768 5747 ,
2819 5686 3093 5738 mansimus
3124 5686 3262 5756 apud
3291 5688 3436 5741 illum
3490 5689 3626 5756 (Act.
3670 5691 3759 5743 9-1.
3793 5690 3873 5753 8).

2295 5773 2477 5828 Viden‘
2508 5774 2634 5827 nihil
2668 5775 2900 5828 humano
2922 5792 3072 5831 more
3096 5778 3433 5849 dispensari?
3462 5781 3527 5835 Et
3567 5782 3879 5845 multiplica-

2295 5868 2442 5922 batur
2469 5884 2702 5922 numerus
2729 5869 3088 5940 discipulorum
3116 5872 3169 5928 in
3194 5871 3502 5933 Jerusalem.
3526 5874 3877 5949 Jerosolymis
