4094 6476
659 428 760 488 H7

656 549 748 604 δου
770 546 829 599 16
848 545 1069 615 πλῆθος.
1092 545 1164 600 Τὸ
1185 545 1512 615 θαυμαστὸν,
1533 542 1663 597 ενθα
1692 541 1903 609 ἐσφάγη
1920 540 1948 591 6
1968 535 2223 606 Χριστὸς,

659 634 775 685 ἐκεῖ
802 628 998 699 ηὐξετο
1033 630 1093 682 16
1117 630 1394 699 κήρυγμα.
1432 628 1541 679 Καὶ
1567 626 1628 678 οὐ
1666 625 1823 695 μόνον
1848 623 1947 675 οὐκ
1972 618 2225 674 ἐσκανδα-

658 713 918 784 λίσθησάν
941 730 1085 775 τινες
1122 713 1228 765 τῶν
1267 711 1543 781 μαθητῶν,
1568 708 1799 779 ὁρῶντες
1826 706 1952 770 τοὺς
1976 705 2073 775 μὲν
2092 705 2224 756 ἁπο-

659 798 878 860 στόλους
910 795 1509 867 μαστιζομένους,τούς
1542 794 1597 846 δέ
1626 790 2003 852 ἀπειλοῦντας,
2034 788 2225 849 ἄλλους

656 881 716 934 16
770 880 995 950 Πνεῦμα
1049 880 1428 950 πειράζοντας,
1480 880 1698 951 ἐτέρους
1729 876 1785 929 δὲ
1836 873 2221 943 γογγύζοντας·

657 963 793 1016 6116
816 963 1049 1034 μάλιστα
1100 962 1193 1016 καὶ
1224 962 1574 1031 προσετίθετο
1626 959 1734 1012 τῶν
1761 956 2167 1010 πιστευσάντων
2201 955 2229 1006 6

658 1047 911 1117 ἀριθμόςο
957 1044 1129 1109 οὕτως
1162 1046 1270 1099 ἀπὸ
1299 1045 1392 1099 τοῦ
1447 1046 1576 1115 περὶ
1635 1042 1881 1095 Ἀνανίαν
1922 1039 2228 1110 συμϐάντος

658 1128 1155 1197 ἐσωφρονίσθησαν,
1190 1128 1283 1181 καὶ
1310 1127 1509 1181 πλείων
1537 1128 1565 1179 6
1591 1126 1755 1193 φόϐος
1778 1126 1959 1187 αὐτοῖς
1982 1124 2225 1190 γέγονεν.

659 1211 800 1280 Ὀρα
842 1211 897 1263 δέ
957 1230 1068 1281 μοι,
1110 1211 1227 1274 πῶς
1276 1211 1519 1264 ἐπεδίδου
1555 1210 1616 1262 τὸ
1648 1210 1869 1277 πλῆθος.
1904 1206 2061 1261 Μετὰ
2106 1206 2230 1266 106;

656 1297 1017 1365 πειρασμοὺς,
1038 1296 1158 1349 τότε
1186 1296 1479 1361 ἐπέδωκεν,
1509 1294 1629 1363 οὐχὶ
1664 1293 1771 1364 πρὸ
1788 1290 1999 1344 τούτου.
2030 1290 2228 1341 Σκόπει

655 1378 711 1430 δὲ
747 1380 838 1431 καὶ
869 1380 1009 1449 πόση
1040 1378 1419 1448 φιλανθρωπία
1444 1376 1539 1429 τοῦ
1562 1375 1715 1429 Θεοῦ.
1744 1374 1853 1439 ¹Ἐξ
1882 1373 2103 1427 ἐκείνων
2124 1371 2229 1439 γὰρ

654 1461 764 1512 τῶν
793 1462 1095 1532 ἀρχιερέων
1118 1460 1225 1512 τῶν
1254 1460 1390 1529 πρὸς
1418 1459 1580 1527 φόνον
1618 1458 1744 1520 τοὺς
1771 1457 1961 1526 δχλους
1992 1453 2230 1524 παροξυν

656 1545 874 1607 νόντων,
898 1545 1005 1598 τῶν
1026 1543 1247 1597 τοιαῦτα
1270 1543 1514 1613 βοώντων
1536 1542 1630 1594 καὶ
1648 1540 1934 1609 λεγόντων·
1966 1540 2231 1603 ’Ἄλλους

656 1626 911 1691 ἔσωσεν,
952 1627 1171 1679 ἑαυτὸν
1225 1629 1297 1680 οὐ
1343 1626 1593 1678 δύναται
1641 1622 1852 1677 σῶσαι·
1910 1624 1979 1673 ἐκ
2028 1619 2231 1673 τούτων

658 1709 904 1774 [101.102,
942 1708 1127 1778 φησὶν,
1156 1709 1471 1776 ὑπήκουον
1502 1706 1579 1775 τῇ
1610 1707 1829 1760 πίστει.

721 1878 781 1931 δ’.
806 1877 977 1931 Αὐτοῦ
1005 1878 1185 1931 τοίνυν
1200 1877 1294 1934 καὶ
1310 1878 1468 1947 ἡμεῖς
1485 1875 1766 1947 γενώμεθα
1785 1876 2038 1946 μιμηταί.
2056 1877 2231 1947 Προσ-

653 1960 871 2026 εδέξατο
924 1962 1160 2024 αὐτοὺς,
1218 1961 1312 2013 καὶ
1353 1962 1451 2013 οὐκ
1505 1959 1757 2023 ἐξέϐαλεν
1812 1972 1860 2012 ι.
1910 1958 2065 2011 Οὕτω
2106 1959 2231 2021 τοὺς

653 2045 882 2116 ἐχθροὺς
904 2045 1260 2115 ἀμειϐώμεθα
1286 2046 1414 2108 τοὺς
1440 2044 1509 2097 16
1541 2042 1707 2113 μυρία
1740 2044 1887 2112 ἡμᾶς
1921 2042 2231 2111 ἐργασαμέ-

654 2147 775 2193 νους
796 2128 843 2201 [1
861 2128 1121 2201 ιϐιδεινά.
1149 2130 1327 2200 Ὅπερ
1344 2128 1633 2197 ἂνξχωμεν
1654 2126 2071 2201 άγαθδν,αὐτοῖς
2092 2142 2232 2195 παρ-

654 2213 866 2282 έχωμεν
880 2213 934 2251 δ’
967 2212 1040 2282 μὴ
1063 2212 1422 2282 παρέλθωμεν
1440 2211 1635 2272 αὐτοὺς
1653 2208 2017 2271 εὐποιοῦντες.
2032 2209 2093 2260 Εἰ
2123 2209 2229 2279 γάρ

653 2297 731 2367 τῷ
763 2296 955 2349 παθεῖν
986 2296 1187 2358 κακῶς,
1236 2295 1513 2364 ἐμπλῆσαι
1559 2294 1641 2345 δεῖ
1670 2293 1761 2346 τὸν
1814 2293 1983 2363 θυμὸν
2028 2291 2228 2355 αὐτῶν,

655 2380 836 2449 πολλῷ
888 2380 1089 2449 μᾶλλον
1147 2378 1223 2448 τῷ
1269 2379 1577 2448 εὐπορῆσαι·
1628 2377 1785 2429 τοῦτο
1851 2376 1961 2447 γάρ
2010 2376 2231 2429 ἔλαττον

652 2461 883 2514 ἐκείνου,
920 2462 1034 2513 Οὐκ
1066 2461 1180 2513 ἔστι
1235 2461 1343 2528 γὰρ
1394 2462 1507 2512 ἴσον
1553 2459 1845 2529 εὐποιῆσαι
1876 2458 2010 2528 ἐχθρ
2045 2476 2092 2522 ν,
2137 2460 2231 2511 καὶ

657 2543 875 2614 μείζονα
900 2544 1122 2613 θελῆσαι
1158 2544 1348 2596 παθεῖν
1374 2542 1406 2613 ἢ
1440 2542 1746 2611 βούλεσθαι’
1778 2541 1887 2597 ἀπὸ
1913 2541 2103 2595 τούτου
2137 2544 2230 2595 καὶ

653 2628 738 2679 ἐπ’
766 2628 945 2679 ἐκεῖνα
980 2628 1201 2696 ἥξομεν,
1232 2626 1400 2680 Τοῦτο
1451 2626 1667 2695 ἀξίωμα
1708 2625 1816 2677 τῶν
1846 2623 1939 2677 τοῦ
1973 2623 2228 2693 ’Χριστοῦ

659 2710 938 2780 μαθητῶν.
982 2708 1360 2780 Ἑσταύρωσαν
1384 2710 1545 2762 αὐτὸν
1570 2709 1789 2762 ἐλθόντα
1819 2709 1911 2761 ἐπί
1942 2708 2232 2777 εὐεργεσίᾳ

654 2792 719 2861 τῇ
751 2790 951 2851 αὐτῶν,
982 2793 1107 2853 τοὺς
1142 2790 1392 2860 μαθητὰς
1416 2789 1580 2843 αὐτοῦ
1614 2787 1935 2858 ἐμάστιξαν,
1970 2788 2061 2839 καὶ
2094 2785 2234 2855 μετὰ

652 2874 825 2926 ταῦτα
844 2876 922 2935 είς
940 2876 1039 2942 τὴν
1062 2873 1230 2943 αὐτὴν
1250 2874 1444 2935 αὐτοὺς
1469 2873 1591 2939 ἄγει
1614 2875 1726 2933 τοῖς
1754 2872 2020 2941 μαθηταῖς
2042 2870 2231 2939 τιμὴν,

652 2956 851 3023 ὁμοίως
874 2958 1055 3018 αὐτοῖς
1083 2954 1394 3024 μεταδιδοὺς
1419 2954 1526 3006 τῶν
1562 2953 1750 3007 αὐτοῦ.
1782 2954 2036 3022 Μιμηταὶ
2064 2951 2234 3020 γενώ-

656 3039 814 3109 μεθα,
848 3038 1164 3109 παρακαλῶ,
1202 3038 1294 3090 τοῦ
1348 3037 1604 3107 Χριστοῦ’
1637 3036 1779 3090 κατὰ
1807 3037 1966 3089 τοῦτο
1994 3036 2107 3088 ἐστι
2140 3054 2231 3104 μι-

658 3121 935 3191 μήσασθαι
991 3122 1173 3173 αὐτόν⁹
1230 3121 1386 3173 τοῦτο
1424 3121 1535 3173 ἴσον
1601 3122 1745 3172 ποιεῖ
1796 3119 1873 3188 τῷ
1903 3118 2043 3188 Θεῷ,
2077 3119 2232 3171 τοῦτο

658 3204 844 3275 μεῖζον
877 3204 1076 3275 ἢκατὰ
1103 3203 1386 3275 ἄνθρωπόν
1417 3206 1584 3257 ἐστιν.
1627 3203 1913 3274 Ἐχώμεθα
1946 3204 2043 3272 τῆς
2077 3205 2231 3273 ἐλεη-

658 3288 914 3357 μοσύνηςο
952 3288 1088 3355 αὕτη
1146 3288 1491 3355 παιδαγωγὸς
1525 3288 1619 3339 καὶ
1668 3287 1989 3351 διδάσκαλος
2016 3288 2233 3357 ἐκείνης

652 3371 751 3441 τῆς
773 3372 1087 3438 φιλοσοφίας
1122 3372 1288 3424 ἐστίν.
1331 3371 1387 3424 '0
1429 3369 1617 3440 μαθὼν
1674 3371 1846 3425 ἐλεεῖν
1874 3372 1967 3424 τὸν
2006 3374 2063 3423 ἐν
2095 3389 2233 3441 συμ-

655 3456 815 3525 φορᾷ,
845 3456 1151 3525 μαθήσεται
1172 3457 1265 3507 καὶ
1292 3456 1364 3525 μὴ
1390 3458 1767 3525 μνησικακεῖν·
1791 3458 1818 3509 6
1840 3454 2027 3527 μαθὼν
2046 3454 2228 3519 τοῦτο,

654 3540 749 3591 καὶ
775 3539 1001 3609 ἐχθροὺς
1039 3540 1348 3608 εὐεργετεῖν
1399 3540 1705 3611 δυνήσεται.
1756 3541 2033 3609 Μάθωμεν
2062 3558 2230 3594 κατα-

655 3622 888 3675 κλᾶσθαι
920 3624 1030 3685 τοῖς
1058 3623 1167 3676 τῶν
1216 3622 1444 3693 πλησίον
1477 3626 1685 3687 κακοῖς,
1739 3625 1834 3677 καὶ
1872 3624 2231 3694 μαθησόμεθα

654 3706 748 3758 καὶ
803 3706 868 3759 16
900 3706 1045 3760 κακά
1076 3707 1253 3760 αὐτῶν
1297 3708 1504 3778 φέρειν.
1533 3708 1706 3761 Δύτὸν
1732 3711 2099 3779 ἐρωτήσωμεν
2136 3709 2229 3763 τὸν

653 3790 840 3853 κακῶς
863 3792 1008 3860 ἡμᾶς
1042 3790 1369 3854 διατιθέντα,
1395 3794 1442 3845 εί
1466 3792 1539 3862 μὴ
1567 3792 1977 3861 καταγινώσκει
2008 3792 2225 3860 ἐαυτοῦ,

652 3871 701 3924 εί
734 3872 809 3943 μὴ
854 3872 1025 3926 ἐθέλοι
1056 3872 1383 3943 φιλοσοφεῖν,
1427 3878 1475 3927 εί
1522 3876 1597 3945 μὴ
1638 3875 1809 3945 θυμοῦ
1842 3875 1918 3929 -τὺ
1948 3878 2055 3929 πᾶν
2091 3872 2227 3931 εἷναί

653 3970 839 4023 φησιν,
866 3957 914 4007 εί
955 3956 1029 4027 μὴ
1054 3958 1436 4027 μικροψυχίας,
1464 3959 1511 4011 εί
1541 3957 1615 4029 μὴ
1650 3958 2045 4029 ταλαιπωρίας,
2073 3961 2121 4011 εί
2152 3960 2226 4029 μὴ

655 4037 897 4108 βούλοιτο
928 4039 1036 4091 τῶν
1068 4038 1437 4110 ὑϐριζομένων
1466 4036 1605 4093 εἶναι
1643 4042 1735 4095 καὶ
1768 4040 2065 4110 σιγώντων,
2091 4043 2227 4097 ἀλλὰ

657 4123 733 4193 μὴ
763 4123 870 4177 τῶν
893 4122 1220 4193 ὑϐριζόντων
1251 4123 1343 4177 καὶ
1372 4125 1735 4193 μαινομένων,
1765 4128 1814 4177 εί
1845 4126 1919 4196 μὴ
1942 4127 2227 4197 θαυμάσας

652 4206 839 4260 ἄπεισι
860 4206 951 4260 τὸν
981 4207 1241 4265 παθόντα.
1268 4208 1358 4279 Μὴ
1390 4208 1454 4281 δὴ
1486 4208 1733 4280 νομίσῃς,
1772 4211 1851 4263 ὅτι
1878 4211 2032 4265 τοῦτο
2062 4215 2224 4267 εὐκα-

649 4290 1018 4361 ταφρονήτους
1066 4293 1227 4343 ποιεῖ.
1279 4290 1441 4343 Οὐδὲν
1485 4290 1659 4354 οὑτως
1718 4293 2225 4366 εὐκαταφρονήτους

654 4375 813 4431 ποιεῖ,
846 4372 920 4434 ὡς
950 4372 1007 4425 16
1044 4371 1308 4441 ὑϐρίζειν·
1353 4374 1506 4428 οὐδὲν
1558 4376 1728 4440 οὕτως
1768 4379 2101 4448 αἰδεσίμους,
2151 4382 2227 4444 ὡς

652 4454 711 4505 16
746 4454 1131 4523 ὑϐριζομένους
1165 4455 1368 4525 φέρειν.
1414 4458 1473 4509 '0
1507 4458 1606 4527 μὲν
1631 4460 1737 4529 γάρ
1766 4460 1912 4512 ἐστιν
1944 4461 2225 4533 ὑϐριστὴς,

650 4536 758 4588 ὁδέ
810 4537 1119 4606 φιλόσοφος·
1165 4540 1258 4590 καὶ
1287 4540 1315 4590 6
1359 4540 1456 4608 μὲν
1504 4540 1793 4613 ἀνθρώπου
1838 4545 2065 4614 χείρων,
2116 4549 2142 4599 6
2168 4546 2225 4599 δὲ

654 4620 902 4687 ἀγγέλων
932 4622 1063 4683 Γσος.
1090 4619 1205 4674 Κᾶν
1222 4638 1280 4673 τε
1301 4622 1406 4691 γὰρ
1431 4623 1666 4677 ἐλάττων
1689 4620 1754 4694 ἦν
1776 4626 1868 4678 τοῦ
1891 4627 2221 4698 ὑϐρίζοντος,

650 4702 746 4753 καὶ
775 4703 967 4764 οὕτως,
1008 4704 1055 4754 εί
1092 4703 1350 4770 βούλοιτο,
1376 4704 1594 4769 δυνατὸς
1627 4705 1869 4777 ὑπῆρχεν
1892 4710 2221 4778 ἀμύνασθαι.

654 4786 865 4848 Ἄλλως
924 4786 982 4839 δὲ
1041 4789 1132 4840 καὶ
1178 4786 1407 4840 ἐλεεῖται
1441 4789 1538 4858 μὲν
1596 4790 1745 4860 παρά
1777 4792 1994 4844 πάντων
2048 4788 2221 4856 οὗτος,

650 4868 853 4931 ἐκεῖνος
869 4868 926 4921 δέ
958 4872 1212 4939 μισεῖται.
1238 4871 1301 4923 Τί
1324 4867 1445 4936 06v;
1473 4872 1570 4923 οὐκ
1596 4873 1842 4927 ἐντεῦθεν
1866 4873 1973 4945 άρα
1996 4885 2016 4913 ε
2047 4875 2224 4945 πολλῷ

656 4948 879 5019 βελτίων
922 4952 1072 5005 ἔσται
1120 4948 1309 5019 οῦτοςς
1359 4952 1448 5023 Τῷ
1497 4954 1596 5023 μὲν
1632 4956 1736 5026 γὰρ
1777 4956 1853 5019 ὡς
1892 4963 2221 5029 μαινομένῳ,

653 5032 826 5102 τούτῳ
851 5033 903 5085 δέ
929 5034 1002 5095 ῶς
1028 5034 1149 5086 νοῦν
1186 5036 1360 5103 ἔχοντι
1391 5038 1741 5105 προσέξουσιν
1768 5041 2024 5104 ἅπαντες,
2054 5043 2222 5096 ὐταν

652 5113 747 5169 οὖν
774 5117 1149 5186 κακηγορῆσαί
1178 5136 1297 5171 τινα
1321 5120 1423 5171 ὑπό
1442 5138 1584 5181 τινος
1607 5124 1910 5197 ἀναγκάζῃ,
1942 5128 2063 5180 εἰπὲ
2086 5130 2221 5198 πρὸς

654 5200 836 5253 αὐτόν’
884 5200 956 5250 Οὐ
981 5199 1213 5269 δύναμαι
1249 5203 1406 5254 αὐτὸν
1433 5204 1603 5255 είπεῖν
1636 5206 1837 5269 κακῶς·
1870 5208 2081 5264 δέδοικα
2116 5215 2224 5285 γὰρ

658 5285 730 5354 μή
761 5300 876 5345 πως
898 5284 995 5367 οὐκ
1025 5279 1089 5351 ἦν
1124 5284 1376 5349 τοιοῦτος.
1408 5287 1657 5341 Μάλιστα
1685 5291 1782 5359 μὲν
1818 5293 1874 5343 ἐν
1912 5279 2223 5367 διανοίαμῆ

657 5369 837 5438 εἴπῃς·
896 5364 1029 5418 ἀλλὰ
1088 5369 1219 5436 μηδέ
1260 5371 1393 5440 πρὸς
1453 5372 1629 5427 ἄλλον.
1678 5374 1768 5445 Μὴ
1819 5376 2050 5450 ἐντύχῃς
2082 5364 2223 5433 κατά

660 5450 840 5502 τούτου
871 5452 947 5519 τῷ
1002 5450 1137 5520 Θεῷ·
1186 5451 1251 5503 ἂν
1288 5454 1400 5523 ῐδῃς
1433 5456 1617 5519 κακῶς
1664 5459 1949 5523 ἀκούοντα,
2000 5464 2220 5532 ᾶμυνοψ

658 5534 798 5595 εἰπὲ,
830 5534 922 5585 τοῦ
958 5535 1160 5596 πάθους
1193 5537 1307 5587 ἐστί
1355 5538 1420 5588 τά
1476 5540 1717 5609 ῥήματα,
1774 5545 1833 5595 06
1878 5545 1970 5597 τοῦ
2011 5547 2221 5620 ἀνδρός·

658 5616 797 5681 εἰπὲ,
840 5617 933 5685 τῆς
965 5618 1153 5686 ὀργῆς,
1203 5621 1260 5672 οὐ
1293 5620 1382 5672 τοῦ
1416 5621 1587 5687 φίλου’
1616 5625 1712 5692 τῆς
1762 5628 1978 5695 μανίας,
2014 5632 2072 5682 οὐ
2113 5616 2224 5702 ’τῆς

654 5700 851 5769 ψυχῆς.
890 5701 1070 5752 Ταῦτα
1103 5703 1438 5773 λογιζώμεθα
1486 5708 1568 5774 ἐφ’
1594 5709 1808 5779 ἑκάστῳ
1838 5712 1943 5765 τῶν
1978 5700 2225 5787 ἁμαρτῆ-

712 5908 731 5932 ⁸
755 5910 922 5959 Morel.
941 5920 1002 5978 _et
1033 5926 1154 5959 unus
1175 5914 1277 5961 cod.
1306 5917 1383 5963 καὶ
1408 5919 1634 5978 ἐξέϐαλεν,
1656 5922 1800 5969 male.
1870 5924 1893 5959 δ
1920 5922 1971 5969 In
2000 5936 2094 5971 uno
2119 5926 2222 5976 cod.

652 5974 833 6049 {Iesum
855 5976 997 6049 1:01:02
1022 5980 1266 6049 ἀγαθὸνξ...
1286 5982 1590 6049 παρέχωμεν,
1617 5974 1667 6031 ει
1690 5984 1965 6033 iulrahabel
1990 5974 2224 6044 ἐμπλῆσαί

656 6039 782 6088 ἐστιν
868 6041 889 6069 °
924 6039 1053 6101 Hec,
1078 6040 1163 6087 οὐκ
1182 6039 1387 6088 ἐντεῦθεν
1411 6039 1517 6103 apd,
1542 6046 1721 6095 desunt
1745 6048 1794 6095 in
1824 6060 1918 6095 uno
1943 6039 2047 6096 cui.

1323 431 1379 487 S.
1414 424 1694 485 JOANNIS
1729 421 2215 481 CHRYSOSTOMI
2252 420 2569 482 ARCHIEP.
2603 423 3142 480 CONSTANTINOP.

3804 422 3913 476 HS

2334 536 2537 606 μάτων.
2563 537 2653 607 Μὴ
2680 540 2997 609 περιμείνῃς
3018 540 3324 612 ἀναφθῆναι
3350 537 3413 590 τὸ
3452 536 3585 608 πῦρ,
3626 533 3767 589 άλλὰ
3796 535 3915 604 πρὸ

2328 618 2519 671 τούτου
2545 619 2807 691 κάτασχε’
2844 624 2917 692 μὴ
2938 620 3147 693 παροξύ
3165 640 3245 693 ιης
3273 622 3334 675 16
3363 619 3571 691 θηρίον,
3608 619 3742 672 άλλά
3772 619 3917 689 μηδέ

2330 700 2730 773 παροξυνθῆναι
2784 706 3163 776 συγχωρήσῃς·
3202 706 3301 758 οὐκ
3358 703 3437 756 ἔτι
3477 700 3587 772 γὰρ
3634 702 3824 773 κύριος
3860 696 3916 753 εἴ

2327 790 2638 857 κατασχεῖν,
2662 788 2728 841 ἂν
2755 789 2787 858 ή
2812 787 2943 857 φλὸξ
2978 788 3217 859 άναφθῇ.
3249 787 3313 840 Τί
3342 786 3450 855 γὰρ
3475 781 3630 838 εἶπεν
3655 802 3669 847 ;
3710 784 3914 852 ἀνόητε

2326 868 2420 920 καὶ
2450 870 2636 939 μωρέ;
2674 870 2769 933 Τίς
2800 867 2893 923 οὖν
2922 870 3222 932 ὑπεύθυνος
3247 869 3325 939 τῷ
3356 870 3582 940 ῥήματι,
3617 867 3645 917 6
3666 866 3911 927 ἁκούων,

2326 950 2359 1019 ἢ
2392 951 2635 1018 ὁ⁴λέγωνς
2688 953 2747 1005 '0
2777 953 2876 1023 μὲν
2906 952 3014 1024 γὰρ
3044 952 3145 1006 κᾶν
3194 952 3401 1021 σφόδρα
3443 951 3605 1019 σοφὸς
3625 947 3680 1022 ᾗ,
3716 947 3915 1018 μωροῦ

2326 1032 2483 1099 δόξαν
2507 1034 2716 1089 ἐλαϐεν·
2753 1038 2781 1089 6
2809 1035 2866 1089 δέ
2891 1037 2994 1089 κᾶν
3022 1036 3252 1105 ἀνόητος
3277 1031 3332 1108 ᾖ,
3370 1034 3536 1102 σοφοῦ
3568 1033 3661 1086 καὶ
3686 1031 3915 1101 φιλοσό-

2328 1132 2452 1182 φου.
2496 1117 2591 1180 Τίς
2613 1118 2859 1187 ἀνόητος,
2883 1118 3002 1173 είπέ
3044 1134 3154 1188 μοι,
3186 1120 3214 1171 6
3253 1116 3423 1187 ἑτέρῳ
3450 1116 3745 1187 προφέρων
3770 1113 3796 1152 ἀ
3840 1113 3917 1165 16

2328 1200 2426 1252 οὐκ
2453 1199 2597 1265 ὄντα,
2629 1202 2662 1271 ἢ
2698 1205 2725 1256 6
2757 1202 2894 1272 μηδέ
2935 1202 3078 1256 οὑτω
3127 1200 3402 1270 κινηθείς;
3438 1200 3501 1253 El
3540 1199 3648 1270 γὰρ
3668 1198 3737 1251 '16
3772 1197 3918 1269 μηδὲ

2328 1282 2617 1351 κινηθέντα
2644 1285 2935 1349 κινεῖσθαι,
2995 1284 3332 1353 φιλοσοφίας’
3367 1282 3429 1334 16
3459 1282 3595 1353 μηδέ
3629 1280 3919 1344 κινοῦντος

2329 1364 2678 1433 πλήττεσθαι,
2703 1368 2877 1439 πόσης
2895 1368 3115 1431 ἀνοίαςῑ
3151 1366 3318 1420 Οὐπω
3336 1365 3481 1434 λέγω
3509 1368 3662 1429 ποῖος
3686 1363 3919 1417 ἀπόκει-

2327 1463 2416 1500 ται
2444 1446 2593 1519 [117]
2617 1450 2886 1521 τιμωρίας
2906 1452 3070 1515 τόπος
3096 1454 3208 1513 τοῖς
3238 1450 3308 1504 16
3328 1448 3555 1503 τοιαῦτα
3592 1447 3917 1511 ὀνειδίζουσι

2330 1532 2425 1585 καὶ
2458 1530 2838 1601 βλασφημοῦσι
2868 1532 2960 1586 τὸν
2992 1533 3219 1602 πλησίον
3274 1543 3320 1585 ο.
3387 1531 3548 1584 Ἀλλὰ
3582 1531 3670 1596 τίς
3714 1532 3918 1599 ἄτιμον

2331 1615 2425 1667 καὶ
2453 1614 2509 1681 ἐξ
2562 1615 2795 1685 ἀτίμων,
2836 1617 2931 1669 καὶ
2984 1616 3181 1686 εὐτελῆ
3221 1616 3316 1669 καὶ⁹
3369 1615 3427 1680 ἐξ
3457 1614 3688 1668 εὐτελῶν
3718 1610 3914 1678 εἷπεν;

2331 1697 2500 1749 Πάλιν
2529 1700 2609 1757 είς
2640 1699 2831 1751 ἑαυτὸν
2857 1699 2917 1752 16
2948 1698 3147 1761 δνειδος
3176 1698 3551 1770 περιέτρεψεν.
3594 1696 3651 1749 '0
3676 1695 3778 1765 μὲν
3802 1697 3917 1765 γάρ

2329 1780 2510 1849 τίμιος
2537 1784 2785 1849 φανεῖται
2809 1784 2903 1835 καὶ
2924 1781 3223 1851 αίδέσιμος,
3256 1784 3284 1834 6
3312 1782 3369 1835 δέ
3391 1779 3615 1849 εὐτελὴς
3638 1778 3828 1839 ὅντως
3855 1778 3919 1829 τὸ

2331 1864 2439 1933 γὰρ
2466 1864 2535 1916 τὰ
2563 1863 2787 1917 τοιαῦτα
2811 1868 2891 1929 εἰς
2917 1864 3069 1929 τάξιν
3098 1863 3335 1927 ὀνείδους
3375 1864 3696 1934 προφέρειν,
3719 1862 3917 1929 γένους

2330 1945 2605 2000 εὐτέλειαν
2639 1947 2801 2014 λέγω,
2835 1950 3037 2018 μικρᾶς
3062 1948 3231 2011 ὑντως
3258 1947 3456 2017 ψυχῆς
3480 1947 3508 1998 6
3540 1946 3597 1998 δέ
3622 1945 3795 2014 μέγας
3818 1946 3916 1995 καὶ

2331 2028 2645 2098 θαυμαστὸς
2677 2031 2850 2094 ἔσται,
2884 2033 2979 2086 ἅτε
3013 2033 3164 2085 οὐδὲν
3197 2032 3495 2103 ἡγούμενος
3547 2029 3607 2081 16
3644 2027 3911 2089 τοιοῦτον,

2332 2110 2589 2164 άλλόὐτω
2614 2112 2973 2183 διακείμενος,
2996 2115 3070 2175 ὡς
3089 2114 3153 2166 ἂν
3176 2116 3224 2167 εἰ
3254 2116 3471 2184 ἤκουεν,
3492 2114 3571 2165 ὃτι
3594 2112 3708 2181 ἐχοι
3729 2129 3787 2164 τι
3806 2111 3917 2163 τῶν

2330 2194 2504 2247 ἄλλων
2528 2195 2803 2267 διαφέρον.
2840 2198 3000 2251 Ἀλλά
3032 2199 3216 2267 μοιχὸν
3243 2200 3332 2250 καὶ
3355 2198 3423 2250 16
3446 2197 3580 2251 ἄλλα
3606 2197 3753 2264 ἐρεῖ;
3799 2195 3918 2246 Ἐν-

2330 2276 2502 2329 ταῦθα
2533 2282 2625 2331 καὶ
2653 2280 2817 2350 γελᾷν
2845 2283 2970 2351 χρή·
3019 2282 3145 2333 ὅταν
3170 2281 3279 2352 γὰρ
3309 2281 3369 2333 16
3401 2278 3639 2340 συνειδὸς
3676 2279 3751 2348 μὴ
3786 2276 3917 2346 βάλ-

2332 2362 2510 2430 ληται,
2540 2364 2658 2416 οὐδὲ
2683 2364 2873 2437 καιρὸν
2902 2366 2967 2417 ἂν
2998 2366 3110 2435 ἔχοι
3141 2367 3168 2416 6
3203 2365 3395 2435 θυμός.
3440 2362 3833 2431 Ἑννοήσαντας
3858 2360 3916 2413 δὲ

2332 2446 2426 2496 καὶ
2446 2447 2566 2498 τίνα
2592 2448 2774 2514 ἐξάγει
2807 2450 2886 2509 εἰς
2908 2448 3071 2517 μέσον
3090 2448 3302 2517 πονηρὰ
3348 2447 3444 2499 καὶ
3472 2447 3642 2515 μιαρά
3667 2446 3916 2513 ῥήματα,

2328 2530 2448 2583 οὐδέ
2494 2532 2666 2596 οὑτως
2722 2533 2906 2601 ἀλγεῖν
2963 2534 3090 2603 χρή.
3143 2532 3322 2602 Ὅπερ
3385 2531 3493 2600 γάρ
3540 2528 3732 2599 ἔμελλε
3776 2527 3916 2597 μετὰ

2327 2612 2502 2667 ταῦτα
2535 2616 2763 2679 ἕκαστος
2817 2614 3179 2685 μαθήσεσθαι,
3214 2616 3373 2668 τοῦτο
3401 2614 3500 2686 ήδη
3554 2612 3910 2681 ἐξεκάλυψεν·

2331 2698 2523 2751 ἐαυτὸν
2573 2700 2757 2752 λοιπὸν
2786 2701 3017 2753 ἄπιστον
3056 2702 3189 2753 πᾶσι
3246 2699 3603 2767 κατέστησεν,
3662 2698 3759 2750 ἆτε
3814 2697 3916 2748 οὐκ

2332 2782 2507 2835 εἰδότα
2532 2784 2935 2851 συγκαλύπτειν
2966 2784 3036 2837 τὰ
3066 2783 3158 2836 τοῦ
3209 2782 3433 2853 πλησίον
3464 2782 3632 2845 κακὰ,
3665 2780 3759 2832 καὶ
3784 2781 3916 2831 ἐαυ-

2331 2867 2421 2917 τὸν
2484 2867 2682 2935 μᾶλλον
2720 2867 2953 2937 ᾔσχυνεν
3005 2868 3036 2937 ἦ
3088 2868 3298 2940 ἕτερον,
3352 2866 3445 2918 καὶ
3494 2865 3671 2917 πάντα
3719 2864 3917 2933 λιμένα

2334 2952 2670 3019 προσέχωσε,
2703 2952 2800 3013 τὰς
2824 2952 3055 3014 εὐθύνας
3075 2952 3329 3021 ἐποίησεν
3360 2949 3537 3019 ἐαυτῷ
3558 2948 3797 3019 φοϐερὰς
3817 2946 3916 2999 τοῦ

2334 3032 2615 3102 μέλλοντος
2636 3036 2941 3105 κριτηρίου.
2966 3037 3039 3087 Οὐ
3057 3038 3163 3105 γὰρ
3178 3034 3322 3088 οὑτω
3368 3033 3579 3098 τοῦτον,
3610 3033 3684 3094 ώς
3706 3035 3917 3085 ἐκεῖνον

2331 3119 2843 3191 ἀποστραφήσονται
2879 3122 3099 3184 πάντες,
3118 3122 3259 3195 άπερ
3288 3120 3594 3188 ἐκκαλύψαι
3623 3122 3721 3172 οὐκ
3746 3122 3918 3189 ἐχρῆν

2331 3204 2784 3273 άπαμφιάσαντα.
2819 3206 2891 3258 Σὺ
2913 3206 2968 3259 δέ
2995 3207 3160 3276 μηδὲν
3186 3209 3345 3276 εἴπῃς
3377 3200 3451 3259 ῶν
3485 3205 3752 3267 σύνοιδας,
3780 3204 3919 3257 ἀλλὰ

2334 3287 2577 3358 σίγησον,
2602 3290 2651 3341 εί
2681 3288 2861 3357 βούλει
2890 3288 2988 3359 τὴν
3011 3289 3269 3361 λαμπρὰν
3292 3289 3450 3353 δόξαν
3474 3289 3681 3343 λαϐεῖν.
3707 3290 3782 3341 Οὐ
3806 3289 3917 3359 γὰρ

2334 3372 2493 3440 μόνον
2526 3372 2849 3443 ἀνατρέψεις
2878 3374 2944 3425 16
2975 3373 3255 3443 λεχθέντα,
3307 3373 3427 3425 οὐδέ
3463 3373 3743 3441 καλύψεις,
3775 3372 3919 3425 ἀλλὰ

2330 3455 2423 3507 καὶ
2450 3456 2635 3527 ἕτερον
2669 3456 2878 3527 ἐργάσῃ
2918 3457 3100 3509 καλόνο
3139 3457 3321 3509 οὐκέτι
3358 3458 3605 3526 ποιήσεις
3638 3456 3747 3526 γὰρ
3772 3455 3917 3509 κατὰ

2331 3538 2528 3591 σαυτοῦ
2558 3540 2655 3610 τὴν
2687 3540 2869 3609 ψῆφον
2896 3540 3201 3610 ἐνεχθῆναι.
3238 3540 3298 3593 '0
3328 3539 3477 3592 δεῖνά
3531 3557 3591 3591 σε
3620 3540 3809 3603 κακῶς
3831 3540 3918 3591 λέ-

2327 3638 2453 3688 γει;
2489 3622 2623 3677 Είπέ
2659 3622 2746 3675 σύο
2779 3624 2842 3675 Εἰ
2898 3623 3074 3676 πάντα
3109 3622 3243 3693 ᾔδει,
3280 3623 3380 3674 οὐκ
3412 3622 3477 3673 ἂν
3517 3622 3754 3675 τοσαῦτα
3792 3618 3916 3676 εἷπε

2331 3708 2485 3777 μόνα.
2522 3707 2899 3776 Ἐθαυμάσατε
2926 3708 3018 3760 καὶ
3044 3705 3380 3776 ἐξεπλάγητε
3405 3706 3466 3759 τὸ
3490 3706 3713 3775 λεχθέν;
3753 3707 3918 3759 Ἀλλὰ

2330 3790 2614 3859 μιμεῖσθαι
2640 3792 2765 3860 χρή.
2796 3790 2895 3843 Διὰ
2922 3791 3030 3861 γάρ
3062 3790 3220 3842 τοῦτο
3253 3791 3430 3843 πάντα
3454 3791 3583 3859 ὑμῖν
3613 3788 3681 3841 16
3712 3790 3917 3855 ἔξωθεν

2326 3876 2589 3946 εἰρημένα
2609 3874 2859 3941 λέγομεν,
2885 3876 2981 3943 οὐχ
3000 3874 3073 3935 ὼς
3095 3875 3195 3926 οὐκ
3220 3874 3460 3941 ἐχουσῶν
3485 3874 3655 3944 μυρία
3682 3876 3919 3929 τοιαῦτα

2326 3958 2433 4010 τῶν
2462 3958 2713 4027 Γραφῶν,
2766 3957 2880 4010 ἀλλ’
2916 3957 2991 4019 ὡς
3050 3956 3248 4027 μᾶλλον
3300 3958 3555 4027 ἐντρέψαι
3592 3957 3915 4028 δυναμένων

2326 4041 2550 4093 τούτων·
2589 4042 2707 4093 ἐπεὶ
2728 4041 2874 4111 καὶή
2909 4041 3097 4111 Γραφὴ
3120 4038 3227 4093 οἵδε
3258 4041 3391 4111 πρὸς
3412 4042 3680 4112 ἐντροπὴν
3704 4043 3911 4110 λέγειν,

2324 4124 2399 4188 ὡς
2421 4126 2549 4178 ὅταν
2570 4124 2721 4195 λέγῃ·
2772 4127 2915 4193 Οὐχὶ
2946 4126 3043 4177 καὶ
3086 4128 3139 4177 οἱ
3188 4125 3409 4179 ἐθνικοὶ
3435 4125 3501 4177 τό
3526 4126 3673 4178 αὐτὸ
3705 4128 3914 4181 ποιοῦ-

2323 4226 2427 4261 σιν
2443 4228 2463 4273 ,·
2494 4208 2551 4262 '0
2574 4209 2632 4262 δὲ
2661 4210 2945 4279 προφήτης
2975 4208 3239 4278 Ἱερεμίας
3269 4210 3395 4271 τοὺς
3422 4209 3514 4261 τοῦ
3531 4206 3735 4280 Ῥηχάϐ
3758 4213 3909 4275 υίοὺς

2325 4294 2647 4361 παρήγαγεν
2670 4295 2750 4351 είς
2777 4292 2940 4359 μέσον
2978 4292 3072 4360 τὴν
3104 4291 3378 4362 πατρικὴν
3400 4292 3619 4363 ἐντολὴν
3646 4296 3903 4364 παραϐῆ-

2326 4394 2413 4429 ναι
2446 4376 2519 4445 μὴ
2545 4374 3032 4444 καταδεξαμένους.
3064 4372 3230 4427 Εἶπον
3253 4377 3440 4440 κακῶς
3462 4379 3509 4429 οί
3539 4381 3667 4448 περὶ
3685 4379 3911 4448 Μαρίαν

2325 4458 2415 4511 τὸν
2446 4458 2668 4518 Μωσέα,
2700 4459 2792 4511 καὶ
2824 4459 2921 4527 τῆς
2949 4459 3222 4522 κολάσεως
3251 4460 3447 4523 αὐτοὺς
3476 4460 3677 4524 εὐθέως
3704 4461 3908 4533 ἐξῄτη-

2328 4558 2407 4605 σε,
2443 4542 2535 4593 καὶ
2565 4542 2683 4593 οὐδέ
2705 4542 2827 4593 ὅσον
2854 4542 3043 4610 μαθεῖν
3072 4560 3246 4607 τινας,
3286 4545 3364 4596 ὅτι
3393 4543 3634 4607 ἐκδικίας
3667 4542 3687 4581 ί
3714 4544 3905 4615 ἔτυχε,

2328 4623 2717 4693 συνεχώρησεν,
2772 4624 2908 4675 Ἀλλ’
2946 4627 3041 4695 οὐχ
3106 4629 3266 4696 ἡμεῖς
3319 4628 3511 4692 οὑτως’
3554 4626 3691 4681 ἀλλὰ
3742 4628 3909 4681 τοῦτο

2328 4708 2559 4775 μάλιστα
2587 4707 2889 4777 βουλόμεθα
2907 4710 3114 4771 πάντας
3145 4711 3356 4780 μαθεῖν,
3376 4712 3458 4764 ὅτι
3487 4712 3585 4763 οὐκ
3616 4713 3909 4783 άτιμωρη-

2324 4792 2377 4841 τι
2406 4790 2701 4861 παρῆλθον.
2736 4793 2912 4862 Μέχρι
2946 4794 3089 4855 τίνος
3113 4795 3220 4846 ἀπὸ
3252 4798 3353 4864 γῆς
3387 4795 3653 4865 πνέομεν;
3684 4796 3798 4848 Οὐκ
3825 4798 3906 4849 ἔνι

2328 4880 2503 4949 μάχην
2542 4879 2601 4944 ἐξ
2639 4880 2755 4944 ἐνὸς
2809 4882 3068 4951 συστῆναι
3111 4884 3329 4953 μέρους.
3372 4884 3509 4948 Τοὺς
3544 4887 3906 4955 μαινομένους

2324 4964 2390 5017 ἂν
2419 4963 2477 5028 ἐξ
2502 4965 2775 5035 ἐγατέρων
2807 4964 2915 5017 τῶν
2948 4966 3127 5036 μερῶν
3155 4967 3404 5041 ἐλκύσῃς,
3439 4970 3638 5037 μᾶλλον
3672 4970 3907 5039 παροξυ·

2325 5050 2454 5109 νεῖς·
2484 5049 2549 5101 ἂν
2594 5049 2650 5101 δέ
2684 5052 2748 5102 ἐκ
2796 5048 2975 5114 δεξιᾶς
3010 5049 3040 5119 ἢ
3085 5050 3141 5116 ἐξ
3183 5054 3497 5122 ἀριστερᾶς,
3550 5052 3778 5116 ἔσϐεσας
3810 5056 3904 5107 τὸν

2327 5132 2514 5204 θυμόν.
2559 5134 2614 5186 ὐ
2642 5133 2891 5201 πλήττων
2942 5133 3007 5184 ἂν
3049 5134 3145 5203 μὲν
3206 5135 3302 5206 ἔχῃ
3340 5136 3428 5187 τὸν
3479 5136 3551 5205 μὴ
3586 5136 3900 5204 δεχόμενον,

2329 5217 2525 5286 μᾶλλον
2546 5217 2854 5285 ἐπαίρεται·
2904 5216 2970 5268 ἂν
2997 5216 3052 5268 δέ
3077 5218 3317 5281 εἴκοντα,
3370 5218 3567 5287 μᾶλλον
3617 5220 3897 5283 ἐκλύεται,

2326 5302 2417 5351 καὶ
2443 5302 2521 5362 είς
2546 5300 2705 5353 αὐτὸν
2740 5302 2769 5369 ή
2810 5300 2991 5371 πληγὴ
3020 5303 3431 5371 περιτρέπεται.
3463 5303 3535 5355 ()6
3568 5304 3673 5369 γὰρ
3719 5305 3899 5367 οὓτως

2325 5381 2503 5436 ἐκλύει
2528 5384 2625 5453 τήν
2653 5382 2877 5453 δύναμιν
2905 5385 2997 5435 τοῦ
3022 5385 3421 5451 ἀνταγωνιστοῦ
3452 5386 3545 5439 ἄνθ
3560 5403 3741 5459 ρωπος
3755 5406 3897 5455 παγ-

2326 5467 2637 5537 κρατιάζειν
2666 5466 2841 5530 εἰδὼς,
2870 5469 2943 5529 ὡς
2970 5468 3251 5536 ἄνθρωπος
3283 5468 3630 5539 ὑϐριζόμενος
3689 5472 3783 5522 καὶ
3822 5470 3899 5543 μὴ

2324 5550 2684 5621 ἀνθυϐρίζων.
2718 5552 3032 5620 Δίσχυνθεὶς
3068 5552 3176 5620 γάρ
3221 5554 3422 5616 ἐκεῖνος
3475 5553 3657 5606 λοιπὸν
3707 5555 3899 5609 ἄπεισι

2326 5638 2416 5689 καὶ
2472 5635 2893 5704 καταγνωσθεὶς,
2950 5636 3161 5705 πρῶτον
3204 5637 3299 5707 μὲν
3332 5640 3395 5690 ἐκ
3428 5639 3520 5691 τοῦ
3572 5640 3896 5705 συνειδότος,

2323 5720 2574 5789 δεύτερον
2596 5720 2651 5772 δὲ
2681 5720 2829 5791 παρὰ
2856 5719 2965 5771 τῶν
2994 5720 3243 5789 ὁρώντων
3274 5723 3547 5776 ἁπάντων.
3572 5724 3681 5776 Καὶ
3702 5740 3895 5795 παροι-

2363 6049 2368 6056 _
2392 5982 2415 6021 ἀ
2447 5982 2579 6056 linus
2604 5986 2707 6056 ςοςιἐ
2737 5987 3046 6056 προσφέρων.Δ
3152 5990 3492 6052 Βλασφημοῦσι
3517 5994 3639 6042 καταὶ
3667 5993 3749 6041 τὸν
3786 5994 3894 6056 ιλ..

2332 6049 2401 6095 sic
2432 6049 2532 6094 alii.
2605 6047 2621 6081 ί
2663 6046 2813 6096 Morél
2843 6046 2967 6096 male
2994 6050 3194 6105 ἀδικίας.
