4094 6500
171 451 257 505 ll't
879 421 886 428 ’
1155 452 1221 508 lN
1259 452 1439 510 ACTA
1481 450 2003 513 APOSTOLORUM.
2046 455 2277 512 llOMlL.
2320 453 2462 513 xw.

168 581 413 640 crescebat
435 583 748 640 multitudo.
775 584 881 640 Res
904 586 1187 653 mirabilis,
1218 589 1306 644 ubi
1334 588 1546 643 occisus
1573 589 1746 645 fuerat

168 674 401 738 Christus.
435 677 545 734 illic
587 680 867 734 crescebat
916 679 1262 749 praedicatio:
1297 698 1397 736 nec
1445 682 1607 736 modo
1637 697 1743 737 non

167 768 484 825 scandalizati
511 779 645 826 sunt
669 772 883 843 quidam
906 789 971 828 ex
1001 774 1298 844 discipulis,
1333 774 1574 830 videntes
1603 790 1733 842 apo-

165 862 311 914 stolos
337 862 620 932 ﬂagellari,
650 865 788 919 alios
816 865 1030 930 minari,
1061 866 1194 920 alios
1217 866 1476 938 Spiritum
1499 876 1706 921 tentare
1723 906 1738 932 ,

165 955 280 1009 alios
313 971 685 1024 murmurare;
716 957 812 1014 sed
841 967 900 1014 et
930 959 1163 1014 maxime
1187 962 1484 1030 augebatur
1521 959 1746 1014 creden-

166 1049 276 1100 tium
303 1062 556 1102 numerus
582 1067 596 1101 :
620 1050 700 1104 sic
723 1050 791 1104 ab
812 1051 1036 1106 Ananite
1057 1065 1185 1106 casu
1214 1051 1280 1104 ad
1311 1051 1591 1106 meliorem
1633 1050 1744 1105 fru-

165 1156 264 1208 gem
303 1141 719 1207 reducebantur,
752 1151 806 1198 et
858 1144 1032 1214 major
1081 1143 1184 1198 illis
1236 1144 1576 1198 timorerat.
1607 1141 1744 1198 Vide

167 1233 275 1287 mihi
307 1249 486 1304 porro,
530 1238 807 1308 quomodo
845 1239 1084 1294 creverit
1111 1237 1420 1293 multitudo.
1458 1238 1588 1293 Post
1622 1247 1742 1293 ten-

165 1329 368 1382 tationes
391 1329 586 1396 erevit,
613 1346 718 1384 non
747 1340 892 1386 ante.
916 1329 1244 1386 Consideres
1269 1345 1419 1395 vero,
1451 1339 1650 1400 quanta
1674 1329 1744 1384 sit

166 1423 242 1477 Dei
264 1422 584 1492 benignitas.
613 1425 696 1480 Ex
711 1426 823 1481 illis
843 1427 987 1480 enim
1020 1425 1352 1496 principibus
1373 1424 1740 1488 sacerdotum,

165 1518 238 1584 qui
265 1517 326 1570 ad
354 1518 560 1572 ccedem
599 1518 786 1572 turbas
812 1519 1200 1584 concitabant,
1248 1517 1338 1589 qui
1369 1517 1492 1570 talia
1539 1518 1742 1570 clama-

166 1607 274 1661 bant
319 1617 371 1662 et
413 1607 712 1675 dicebant,
769 1610 909 1663 Alios
958 1609 1128 1664 salvos
1175 1611 1291 1681 fecit
1318 1651 1332 1675 ,
1367 1608 1589 1679 seipsmu
1641 1622 1742 1660 non

165 1709 302 1767 potest
325 1701 522 1753 salvum
551 1703 726 1772 facere
748 1702 962 1770 (Matth.
994 1700 1087 1754 27.
1119 1701 1248 1772 49.);
1291 1715 1358 1756 ex
1387 1700 1514 1764 illis,
1546 1700 1739 1770 inquit,

166 1791 210 1844 Μ
219 1795 298 1845 ulli
325 1792 624 1848 obediebant
652 1795 790 1861 ﬁdei.
1596 1784 1601 1790 ’

221 1883 268 1938 4.
289 1881 486 1938 Caritas
503 1901 628 1954 erga
666 1885 899 1941 inimicus
931 1894 980 1937 et
1011 1883 1357 1939 misericordia
1379 1882 1745 1937 commendan-

162 1977 484 2045 tan—Ejus
535 1977 723 2046 itaque
775 1985 827 2030 et
882 1992 981 2031 nos
1034 1977 1335 2031 imitatores
1380 1976 1570 2030 simus.
1617 1973 1742 2028 lllos

90 2041 96 2052 ”
163 2070 393 2138 suscepit,
420 2085 523 2125 nec
546 2071 762 2141 repulit.
788 2069 877 2126 Sic
897 2071 1148 2136 inimicis,
1169 2072 1256 2140 qui
1280 2071 1436 2125 nobis
1463 2071 1741 2124 innumera

163 2163 362 2219 intulere
387 2167 556 2231 mala,
587 2165 846 2220 beneﬁcia
880 2166 1260 2236 rependamus.
1294 2166 1348 2220 Si
1378 2164 1504 2235 quid
1537 2165 1738 2219 bonum

162 2250 415 2322 habemus,
449 2255 561 2310 illis
590 2257 908 2322 tribuamus,
936 2272 1004 2310 ne
1025 2255 1414 2311 benefaciendo
1453 2265 1743 2324 praeterea-

167 2363 266 2401 mus
308 2348 446 2404 illos.
490 2349 551 2402 Si
600 2353 742 2403 enim
778 2351 913 2402 mala
965 2349 1222 2418 patiendo
1271 2348 1497 2418 implere
1527 2355 1745 2417 Oportet

164 2437 346 2494 illorum
363 2439 632 2505 furorem,
654 2445 822 2495 multo
839 2443 1007 2512 magis
1022 2440 1407 2496 benefaciendo
1431 2458 1444 2494 :
1470 2440 1575 2495 hoc
1596 2441 1744 2504 enim

165 2535 314 2586 minus
341 2534 422 2588 est
450 2535 573 2590 illo.
617 2533 732 2588 Non
755 2533 897 2588 enim
929 2548 1024 2604 par
1048 2550 1134 2589 res
1161 2545 1265 2597 est,
1290 2533 1610 2588 benefacere
1638 2532 1743 2587 ini-

164 2640 300 2692 mico,
331 2638 382 2682 et
411 2628 626 2698 majora
653 2628 791 2682 velle
833 2628 968 2696 pati;
1002 2628 1068 2682 ab
1101 2628 1202 2691 ltoc
1230 2627 1297 2681 ad
1326 2627 1413 2681 illa
1441 2626 1739 2682 veniemus.

166 2717 268 2771 llzec
293 2719 528 2789 dignitas
559 2729 641 2774 est
670 2719 1056 2789 discipulorum
1088 2719 1308 2774 Christi.
1353 2717 1747 2782 Cruciﬁxerant

167 2808 309 2871 illum,
334 2815 418 2880 qui
448 2811 522 2864 ad
547 2811 991 2867 benefaciendum
1017 2812 1124 2865 illis
1152 2821 1406 2876 venerat;
1450 2811 1745 2880 discipulos

165 2902 284 2955 illius
307 2902 747 2974 ﬂagellaverant;
780 2915 834 2958 et
873 2915 1057 2975 postea
1091 2906 1214 2959 illos
1253 2906 1318 2960 ad
1349 2905 1602 2960 emndem
1640 2919 1747 2975 quo

164 2994 432 3063 discipulos
462 2999 722 3052 honorem
754 2996 1287 3068 ducit,sitniliterque
1331 3014 1426 3053 sua
1458 2999 1563 3053 illis
1597 2986 1742 3054 com-

163 3089 450 3144 municavit.
484 3089 811 3156 lmitatores,
841 3105 1043 3160 quaesi),
1077 3090 1274 3146 Christi
1323 3094 1526 3148 simus:
1563 3093 1616 3147 in
1642 3092 1747 3148 hoc

165 3192 347 3247 oportet
376 3183 535 3236 illum
574 3183 811 3247 imiwri;
847 3182 948 3237 hoc
971 3185 1112 3236 enim
1139 3186 1400 3253 aequalem
1429 3185 1538 3240 Deo
1578 3185 1742 3251 facit;

166 3276 247 3329 hoc
286 3277 571 3346 plusquam
612 3276 907 3331 humanum
957 3285 1060 3332 est.
1107 3277 1485 3351 Eleemosynm
1523 3294 1745 3347 operam

164 3368 363 3425 demus:
399 3369 520 3424 hzec
551 3369 875 3440 paedagogus
900 3379 954 3425 et
975 3369 1166 3425 doctor
1192 3379 1276 3426 est
1324 3371 1466 3446 illius
1509 3371 1748 3446 philoso-

165 3461 279 3528 phia:
324 3464 430 3530 Qui
459 3463 648 3518 didicit
673 3465 913 3518 misereri
947 3463 1082 3534 ejus,
1107 3465 1198 3534 qui
1232 3465 1283 3519 iu
1307 3465 1614 3520 calamitate
1641 3477 1745 3532 est,

164 3555 308 3611 discet
332 3559 504 3612 etiam
553 3558 870 3626 injuriarum
901 3558 1145 3614 oblivisci
1186 3576 1200 3612 :
1235 3560 1326 3630 qui
1372 3560 1476 3616 hoc
1521 3560 1744 3626 didicit,

165 3648 368 3707 inimicis
411 3653 579 3708 etiam
608 3653 934 3709 benefacere
975 3657 1192 3725 poterit.
1246 3655 1527 3711 Discamus
1560 3658 1744 3726 proxi-

163 3759 344 3801 morum
369 3747 531 3802 malis
553 3747 722 3818 frangi
748 3789 766 3814 ,
789 3759 844 3802 et
867 3749 1140 3804 discemus
1168 3749 1381 3804 illorum
1412 3752 1574 3806 etiam
1608 3753 1746 3806 mala

162 3835 300 3894 ferre.
327 3841 487 3895 Ilium
517 3841 930 3910 interrogemus,
961 3841 1055 3912 qui
1080 3842 1218 3896 male
1240 3857 1362 3912 erga
1407 3856 1504 3897 nos
1524 3842 1748 3898 allectus

162 3941 441 3992 est,annou
468 3932 796 3988 condemnet
825 3935 1060 4001 seipsum
1085 3973 1101 3998 ,
1134 3949 1312 3988 annon
1347 3935 1476 3988 velit
1507 3936 1747 4003 philoso-

164 4019 312 4086 phari,
338 4039 526 4077 annon
557 4032 726 4078 totum
761 4023 888 4078 oriri
922 4025 1078 4094 \dicat
1105 4025 1173 4080 ab
1195 4025 1272 4080 ira
1303 4035 1357 4081 et
1395 4027 1669 4082 simultate
1695 4037 1750 4084 et

163 4112 388 4179 miseria;
419 4129 548 4168 num
579 4115 707 4169 velit
733 4131 800 4170 ex
835 4131 1058 4170 numero
1085 4117 1295 4171 illorum
1318 4132 1459 4181 esse,
1507 4120 1596 4189 qui
1619 4135 1746 4174 con.

165 4208 421 4262 tumeliam
455 4206 638 4261 ferunt
667 4219 724 4262 et
759 4207 956 4273 silent,
990 4224 1096 4262 non
1128 4221 1309 4264 autem
1341 4211 1556 4266 illorum
1581 4254 1596 4280 ,
1652 4213 1744 4282 qui

161 4300 524 4356 contumeliam
556 4300 756 4356 faciunt
789 4312 843 4357 et
879 4302 1097 4368 furunt;
1133 4318 1311 4359 annon
1337 4320 1459 4360 eum
1492 4307 1579 4376 qui
1616 4307 1749 4376 pati-

162 4400 236 4446 tur
261 4395 581 4449 admiretur.
610 4392 688 4449 Ne
717 4401 870 4464 putes
903 4397 1006 4450 hoc
1034 4398 1470 4467 contemptibiles
1498 4399 1744 4455 reddere.

161 4482 282 4540 Nihil
329 4488 398 4542 ita
449 4488 884 4558 contemptibiles
927 4490 1103 4544 reddit
1149 4502 1208 4545 ut
1237 4493 1616 4546 contumeliam
1663 4494 1746 4548 in-

164 4577 317 4643 ferre;
369 4582 502 4636 nihil
553 4588 624 4637 ita
675 4583 1047 4649 venerabiles,
1083 4592 1139 4638 ut
1166 4586 1549 4640 contumeliam
1582 4587 1746 4643 ferre.

163 4671 242 4727 Ille
279 4689 511 4744 namque
562 4685 644 4730 est
693 4677 1139 4742 contumeliosus,
1192 4678 1280 4733 hic
1341 4678 1744 4750 philosophus:

164 4764 241 4818 ille
303 4766 456 4836 pejor
521 4766 774 4834 homine,
843 4767 928 4822 hic
979 4769 1180 4839 angelis
1239 4787 1352 4840 par.
1400 4771 1552 4827 Licet
1599 4774 1744 4828 enim

161 4857 320 4911 minor
369 4866 516 4912 esset
582 4859 1012 4921 contumelioso;
1081 4869 1357 4926 attamen,
1428 4863 1472 4918 si
1544 4865 1742 4931 vellet,

161 4960 324 5014 posset
359 4965 486 5005 eum
528 4950 730 5006 ulcisci.
765 4952 1016 5022 Alioquin
1047 4969 1173 5008 vero
1211 4956 1296 5009 hic
1321 4955 1744 5013 misericordiam

161 5044 386 5100 omnium
406 5045 510 5100 sibi
536 5047 786 5112 attrahct,
825 5048 914 5103 ille
938 5063 1066 5103 vero
1094 5064 1293 5104 exosus
1316 5051 1436 5104 erit.
1467 5052 1603 5119 Quid
1643 5053 1744 5123 igi-

160 5137 273 5188 tur?
303 5153 480 5192 uonne
529 5137 652 5193 inde
697 5139 782 5194 hic
831 5141 996 5195 multo
1029 5144 1368 5210 prmstantior
1407 5143 1550 5198 erit?
1590 5145 1743 5200 Illum

160 5239 374 5302 namque
399 5241 460 5286 ut
501 5231 767 5287 furentem
797 5275 810 5297 ,
839 5232 980 5288 hunc
1008 5245 1062 5287 ut
1110 5235 1425 5303 prudentem
1473 5236 1745 5293 habebunt

165 5336 354 5379 omnes.
385 5323 519 5380 Cum
548 5340 680 5397 ergo
707 5336 759 5380 te
781 5329 924 5396 cogit
951 5328 1238 5398 quispiam,
1275 5338 1330 5383 ut
1360 5330 1593 5399 aliquem
1635 5333 1742 5386 cri-

164 5418 385 5485 rnineris,
411 5419 499 5474 dic
530 5420 603 5474 illi
630 5438 644 5473 :
676 5421 794 5476 Non
825 5437 1039 5492 possum
1065 5423 1163 5492 ipsi
1195 5424 1555 5489 maledicere;
1583 5427 1745 5482 timeo

165 5510 289 5563 enim
314 5528 379 5568 ne
425 5512 567 5568 forte
593 5529 697 5568 non
730 5514 801 5569 sit
828 5515 966 5570 talis.
995 5514 1137 5571 Cave
1163 5526 1344 5571 autem
1375 5518 1608 5572 maxime
1628 5559 1644 5584 ,
1679 5535 1746 5574 ne

165 5597 208 5650 in
252 5613 420 5659 mente
486 5605 730 5670 dixeris,
790 5622 924 5660 neve
995 5608 1146 5661 alteri
1204 5612 1282 5663 sic
1345 5609 1601 5678 loquaris.
1668 5611 1744 5666 Nc

167 5697 374 5757 preceris
412 5698 579 5752 Deum
630 5708 816 5751 contra
860 5698 1007 5752 illum
1044 5717 1055 5751 :
1090 5700 1133 5753 si
1172 5701 1371 5756 videris
1412 5702 1558 5756 illum
1605 5704 1744 5760 male

167 5789 346 5855 audire,
375 5790 636 5847 defende:
664 5792 772 5856 dic,
801 5793 1111 5858 iracundiae,
1133 5811 1238 5849 non
1258 5797 1380 5862 viri,
1405 5797 1562 5851 verba
1585 5809 1738 5864 sunt;

169 5876 262 5946 ine,
284 5899 385 5940 non
404 5886 600 5950 amici;
636 5884 833 5941 furoris
857 5927 872 5952 ,
907 5903 1012 5942 non
1041 5888 1252 5944 anima}.
1287 5891 1412 5946 llaec
1451 5891 1591 5945 circa
1633 5894 1742 5946 sin-

169 5974 268 6039 Ilula
291 5990 495 6049 peccata
521 5980 838 6054 cogitemus.
863 5981 940 6040 Ne
965 5993 1245 6056 exspectes
1272 5985 1445 6043 donec
1479 5986 1616 6057 ignis
1645 6003 1738 6041 ae-

3349 468 3454 528 “8

1850 571 2131 638 condatur,
2161 573 2254 628 sed
2281 581 2409 629 ante
2437 574 2735 645 comprime
2768 594 2780 630 :
2825 593 2894 633 ne
2936 579 3105 634 feram
3137 584 3446 647 exacerbes,

1852 679 1954 719 nec
1996 666 2307 722 exacerbari
2357 668 2543 722 sinas:
2599 685 2703 724 non
2759 672 2962 740 poteris
3009 689 3357 742 compescere
3407 681 3451 734 si

1852 755 2065 814 ﬂamma
2109 759 2455 814 accendatur.
2487 760 2624 829 Quid
2655 763 2801 818 enim
2823 763 2994 824 dixit?
3034 765 3208 826 Stulte
3241 778 3295 822 et
3327 769 3458 824 insi—

1851 849 2046 918 piens?
2101 849 2235 905 Uter
2289 851 2456 906 verbo
2507 852 2772 910 obnoxius
2825 866 2945 922 est,
3003 861 3092 928 qui
3148 859 3336 924 audit,
3385 877 3454 915 an

1851 942 1941 1012 qui
1970 940 2139 998 dicit?
2168 943 2269 999 Hic
2294 960 2545 1016 namque,
2572 957 2627 1002 et
2648 948 2692 1003 si
2725 949 2882 1005 valde
2903 952 3118 1021 sapiens
3146 954 3235 1016 sit,
3263 954 3459 1010 stultus
3500 971 3504 974 ’

1851 1037 2220 1106 reputabitur;
2270 1038 2361 1094 ille
2412 1052 2577 1104 vero,
2632 1043 2732 1096 etsi
2775 1042 3068 1099 admodum
3121 1046 3318 1102 stultus
3349 1048 3455 1112 sit,

1851 1129 2066 1198 sapiens
2096 1138 2149 1185 et
2179 1130 2530 1201 philosophus
2563 1132 2868 1188 habebitur.
2892 1136 3047 1201 Uter,
3080 1151 3287 1207 quaeso,
3321 1139 3460 1194 stul-

1855 1227 1940 1274 tus
1964 1261 1979 1285 ,
2011 1221 2101 1289 qui
2130 1220 2286 1276 alteri
2314 1221 2518 1291 profert
2545 1237 2607 1278 ea
2634 1239 2754 1294 quae
2793 1241 2900 1279 non
2950 1236 3115 1295 sunt,
3162 1243 3230 1282 an
3275 1230 3321 1284 is
3367 1230 3459 1300 qui

1851 1326 2028 1380 neque
2053 1312 2132 1367 sic
2158 1314 2449 1369 movetur?
2478 1314 2612 1369 Nam
2645 1315 2690 1371 si
2719 1315 3025 1388 philosOphi
3076 1330 3160 1374 est
3181 1362 3194 1383 ,
3239 1322 3454 1376 etiamsi

1851 1405 2114 1474 inciteris,
2146 1423 2254 1463 non
2285 1409 2527 1476 moveri;
2575 1412 2793 1467 nemine
2831 1423 3083 1470 movente
3109 1418 3455 1487 exasperari,

1850 1508 2066 1569 quanta:
2092 1499 2413 1568 insipientiaa
2439 1500 2639 1557 fuerit?
2665 1502 2912 1559 Nondum
2945 1503 3096 1573 dico,
3131 1525 3253 1578 qua:
3298 1524 3457 1579 paena

1851 1592 2084 1660 reposita
2151 1591 2222 1646 sit
2271 1592 2370 1661 iis,
2425 1595 2515 1664 qui
2572 1595 2624 1649 in
2683 1597 2987 1665 proximum
3045 1601 3339 1670 opprobria
3403 1611 3460 1656 et

1850 1683 2164 1754 blasphema
2191 1686 2334 1742 dicta
2355 1687 2657 1758 proferunt.
2679 1690 2785 1746 Sed
2813 1692 2978 1760 quid?
2999 1694 3363 1764 ignobilemne
3390 1713 3457 1752 ex

1852 1775 2176 1846 ignobilibus
2199 1778 2354 1846 dixit,
2376 1789 2433 1836 et
2454 1781 2614 1837 vilem
2643 1798 2708 1837 ex
2732 1784 2926 1840 vilibus
2947 1787 3166 1841 ortum?
3189 1788 3386 1843 lterum
3407 1790 3460 1846 in

1850 1870 2086 1937 seipsum
2119 1873 2282 1927 vertit
2310 1875 2681 1943 Opprobrium.
2715 1877 2848 1932 Nam
2895 1880 2986 1935 ille
3025 1882 3243 1952 quidem
3289 1884 3462 1940 hono-

1851 1961 2036 2016 rabilis
2061 1978 2124 2018 ac
2147 1967 2480 2022 reverendus
2511 1971 2812 2038 apparebit,
2839 1970 2923 2025 hic
2945 1989 3075 2028 vero
3118 1975 3243 2030 vilis
3273 1994 3285 2027 :
3338 1978 3462 2032 talia

1849 2055 1996 2109 enim
2028 2057 2080 2110 in
2113 2061 2463 2128 opprobrium
2494 2061 2762 2131 proferre,
2791 2067 3009 2135 generis
3057 2084 3250 2140 nempe
3280 2070 3459 2125 vilita-

1854 2155 1983 2209 tem,
2010 2149 2187 2217 pusilli
2215 2161 2298 2204 est
2338 2153 2525 2230 animi.
2566 2152 2663 2209 llle
2692 2171 2824 2209 vero
2854 2173 3080 2228 magnus
3118 2169 3172 2215 et
3203 2163 3465 2218 mirabilis

1851 2249 1970 2306 est,
2003 2241 2094 2310 qui
2119 2241 2252 2296 nihil
2283 2244 2388 2298 tale
2428 2245 2626 2300 sentiat
2650 2289 2665 2312 ,
2716 2248 2809 2302 sed
2845 2250 2915 2304 ita
2944 2251 3171 2307 allectus
3202 2255 3276 2307 sit
3310 2270 3374 2309 ac
3417 2258 3462 2310 si

1852 2334 2165 2398 audivisset,
2192 2349 2250 2389 se
2278 2337 2478 2407 aliquid
2508 2340 2789 2396 excellens
2813 2357 2924 2412 pra:
2955 2344 3078 2398 aliis
3111 2345 3331 2401 habere.
3356 2347 3463 2402 Sed

1853 2426 2124 2482 tntechum
2147 2437 2202 2482 et
2231 2429 2427 2484 similia
2449 2430 2638 2485 dicet?
2667 2433 2761 2487 Hic
2788 2435 3069 2490 ridendum
3097 2446 3216 2492 est:
3249 2440 3466 2509 quando

1853 2518 1995 2573 enim
2026 2519 2356 2575 conscientia
2387 2538 2495 2576 non
2534 2525 2755 2594 pungit,
2807 2527 2988 2582 nullus
3016 2539 3101 2583 est
3145 2531 3238 2585 irae
3289 2531 3462 2588 loeus.

1855 2608 1910 2665 Si
1937 2611 2142 2682 cogites
2172 2628 2334 2678 vero,
2365 2631 2524 2685 quam
2558 2616 2696 2672 fmda
2729 2628 2784 2673 et
2813 2620 2955 2674 mala
2987 2622 3149 2676 verba
3182 2623 3463 2695 proferat,

1854 2717 2028 2773 neque
2059 2705 2139 2760 sic
2179 2716 2264 2760 est
2312 2707 2635 2763 dolendum.
2665 2709 2799 2765 Nam
2851 2713 2996 2783 quod
3034 2715 3230 2785 cuique
3281 2730 3463 2787 postea

1855 2808 2041 2852 notum
2071 2797 2309 2854 futurum
2333 2811 2471 2868 erat,
2494 2803 2597 2858 hoc
2619 2803 2732 2873 jam
2763 2805 2879 2874 ipse
2902 2807 3200 2862 revelavit:
3234 2810 3468 2881 indeque

1854 2891 2107 2948 omnibus
2127 2908 2186 2948 se
2205 2893 2310 2950 fide
2332 2895 2608 2965 indignum
2627 2900 2927 2967 constituit,
2948 2911 3137 2972 utpote
3154 2904 3244 2973 qui
3267 2905 3468 2960 nescie-

1854 2983 1924 3037 rit
1954 2987 2183 3054 proximi
2230 2986 2453 3057 peCcata
2499 3002 2717 3062 tegere;
2751 3008 2918 3064 seque
2945 2996 3116 3067 magis
3146 2996 3352 3067 pudore
3381 2998 3464 3054 af.

1857 3074 2020 3142 fecit,
2049 3093 2208 3147 quam
2260 3081 2462 3147 alium;
2495 3098 2714 3139 omnem
2740 3086 3008 3142 obstruxit
3057 3101 3306 3161 portum,
3346 3109 3465 3162 pa:-

1805 3240 1816 3250 ‘
1857 3182 2060 3238 nasque
2084 3171 2183 3224 sibi
2209 3188 2402 3242 graves
2423 3176 2476 3229 in
2505 3175 2685 3232 futuro
2705 3178 2910 3249 judicio
2932 3187 3161 3252 paravit.
3182 3185 3298 3239 Non
3322 3189 3466 3243 cnim

1856 3261 2020 3327 hunc,
2052 3274 2108 3317 ut
2161 3264 2309 3319 illum
2361 3271 2759 3326 aversabuntur
2809 3289 3037 3341 omnes,
3085 3279 3176 3348 qui
3235 3281 3466 3350 tegenda

1855 3355 2200 3412 revelaverit.
2225 3358 2305 3413 Tu
2345 3376 2565 3416 verone
2595 3366 2804 3420 reveles
2827 3382 2889 3420 ea
2913 3408 2928 3432 ,
2957 3383 3188 3439 quorum
3217 3375 3470 3429 conscius

1855 3466 1915 3506 es
1940 3468 1956 3517 ;
1985 3451 2080 3506 sed
2107 3463 2244 3520 tace,
2277 3453 2320 3508 si
2351 3456 2431 3510 vis
2454 3456 2651 3511 bonam
2681 3457 2882 3515 habere
2912 3460 3128 3518 famam.
3157 3463 3276 3519 Non
3306 3467 3471 3522 modo
3519 3500 3523 3506 -

1855 3549 2000 3602 enim
2032 3548 2348 3616 subvertes,
2383 3559 2439 3605 et
2470 3560 2618 3622 teges
2645 3568 2706 3607 ea
2727 3593 2742 3619 ,
2772 3569 2894 3625 quae
2923 3555 3065 3611 dicta
3096 3569 3259 3625 sunt,
3290 3562 3386 3616 sed
3415 3571 3471 3617 et

1855 3639 1997 3694 aliud
2025 3640 2226 3696 bonum
2275 3644 2629 3714 operaberis:
2665 3661 2771 3701 non
2811 3649 2923 3717 jam
2952 3649 3116 3706 facies
3145 3662 3351 3730 contra.
3385 3665 3468 3710 te-

1857 3733 2031 3803 ipsum
2062 3735 2188 3790 ferri
2210 3737 2556 3804 sententiam.
2579 3739 2698 3795 Tibi
2727 3741 2996 3812 quispiam
3028 3747 3342 3808 maledicit?
3376 3751 3472 3806 Dic

1859 3834 1915 3880 tu
1944 3843 1958 3880 :
1988 3828 2043 3882 Si
2071 3830 2252 3883 omnia
2284 3840 2488 3895 nosset,
2513 3848 2623 3887 non
2652 3832 2770 3888 bmc
2796 3836 2972 3890 solum
3002 3839 3247 3896 dixisset.
3282 3843 3474 3898 Admi-

1855 3919 1960 3973 rati
2003 3919 2135 3974 eStis
2188 3936 2311 3975 cum
2359 3931 2581 3993 stupore
2634 3925 2685 3979 id
2726 3927 2868 3997 quod
2920 3929 3071 3984 dixi?
3115 3933 3222 3988 Sed
3273 3935 3470 3991 imitari

1856 4019 2091 4080 oportet.
2124 4012 2252 4067 ideo
2283 4014 2428 4069 enim
2458 4015 2576 4072 haec
2603 4020 2806 4086 omnia,
2837 4037 2958 4091 qua:
2997 4024 3066 4078 ab
3113 4028 3314 4082 exteris
3341 4045 3467 4099 pro-

1858 4103 1964 4157 lata
1995 4113 2160 4171 sunt,
2203 4105 2474 4173 diximus,
2526 4124 2637 4164 non
2663 4112 2808 4182 quod
2839 4114 3134 4185 Scriptura:
3184 4120 3504 4178 innumera-

1859 4197 1983 4252 talia
2019 4215 2126 4254 non
2161 4198 2430 4267 habeant;
2461 4203 2555 4258 sed
2582 4204 2727 4274 quod
2759 4204 2878 4261 haec
2917 4210 3089 4279 magis
3121 4214 3329 4281 possint
3374 4230 3473 4284 pu-

1856 4289 1988 4346 dore
2015 4291 2348 4352 snlfundere.
2379 4293 2513 4348 Nam
2544 4295 2825 4367 Scriptura
2853 4314 3066 4371 quoque
3095 4303 3164 4357 ad
3206 4306 3469 4374 pudorem

1857 4386 2117 4444 inducere
2144 4392 2313 4454 solet,
2363 4399 2421 4445 ut
2449 4405 2571 4445 cum
2602 4391 2732 4447 dicit
2763 4413 2777 4450 :
2829 4393 3020 4451 Nonne
3047 4411 3097 4452 et
3139 4401 3326 4454 et/mici
3374 4404 3472 4458 hoc

1858 4481 2053 4552 faciunt
2084 4481 2296 4554 (Matth.
2329 4487 2382 4540 5.
2414 4487 2543 4557 47)?
2567 4487 2837 4559 Propheta
2866 4508 2998 4548 vero
3038 4493 3303 4553 Jeremias
3333 4500 3473 4555 ﬁlios

1855 4571 2076 4628 Rechab
2105 4577 2157 4630 in
2181 4579 2414 4631 medium
2438 4578 2661 4635 adduxit
2684 4581 2817 4652 (Jer.
2850 4585 2940 4641 '55.
2965 4585 3044 4660 5),
3073 4591 3163 4658 qui
3187 4601 3470 4661 paternum

1858 4677 2187 4739 praeceptum
2243 4672 2548 4744 transgredi
2602 4676 2914 4733 noluerunt.
2981 4681 3260 4739 Maledixit
3306 4686 3471 4744 Maria

1857 4761 2024 4834 Moysi
2053 4759 2239 4834 (Nunt.
2270 4763 2359 4836 12)
2393 4784 2405 4819 :
2439 4775 2494 4821 at
2524 4767 2613 4822 ille
2637 4769 2818 4824 statim
2849 4787 3066 4840 poenam
3099 4775 3166 4828 ab
3196 4777 3309 4846 ipsa
3344 4796 3470 4849 pre-

1856 4857 2008 4913 cibus
2031 4859 2246 4925 avertit,
2273 4875 2449 4930 ueque
2479 4864 2750 4917 concessit
2779 4876 2834 4918 ut
2861 4867 3113 4933 sciretur,
3145 4886 3204 4926 se
3233 4874 3470 4930 vindiea-

1858 4959 1967 5005 tum
2001 4951 2184 5008 fuisse.
2236 4956 2304 5006 At
2335 4968 2432 5008 nos
2465 4969 2567 5007 non
2628 4956 2746 5016 sic;
2799 4959 2893 5013 sed
2941 4962 3042 5016 hoc
3095 4967 3326 5021 maxime
3379 4985 3472 5019 νο-

1858 5042 2079 5109 lumus,
2148 5054 2204 5098 ut
2242 5045 2442 5100 sciatur
2502 5047 2752 5118 injuriam
2816 5067 2918 5105 non
2986 5055 3207 5108 inultam
3281 5057 3466 5115 fuisse.

1856 5134 2144 5205 Quousque
2171 5137 2237 5191 de
2268 5150 2408 5192 terra
2432 5142 2801 5208 Spirabimus?
2831 5144 2946 5197 Non
2983 5157 3157 5213 potest
3187 5163 3359 5216 pugna
3402 5170 3468 5205 ex

1857 5244 1959 5281 una
2011 5231 2185 5282 solum
2237 5241 2386 5298 parte
2434 5245 2704 5288 constare.
2750 5235 3012 5290 Furenles
3062 5240 3106 5291 si
3147 5257 3208 5293 ex
3245 5251 3470 5312 utt'nqm:

1854 5332 2007 5392 parte
2058 5323 2238 5376 trahas
2267 5366 2279 5386 ,
2317 5327 2485 5395 magis
2515 5329 2897 5394 eanperahis;
2932 5331 2974 5383 si
3018 5348 3046 5384 a
3075 5332 3294 5389 dextera
3326 5339 3410 5391 vel
3440 5358 3469 5394 a

1855 5415 2070 5470 sinistra
2093 5457 2106 5480 ,
2144 5415 2378 5471 furerent
2409 5421 2733 5490 exsdnguis.
2756 5423 2852 5486 Qui
2888 5440 2991 5477 non
3019 5428 3306 5495 patientem
3342 5447 3470 5486 ver-

1854 5508 2026 5572 berat,
2057 5508 2227 5579 magis
2253 5512 2563 5578 extollitur;
2593 5515 2680 5582 qui
2715 5515 2995 5569 cedentem
3024 5559 3038 5579 ,
3074 5523 3244 5590 magis
3269 5522 3472 5578 dissol-

1855 5601 2016 5664 vitur,
2047 5602 2174 5656 etin
2222 5605 2395 5672 ipsum
2428 5605 2578 5675 plaga
2609 5611 2960 5663 convertitur.
2988 5610 3104 5666 Non
3141 5615 3209 5666 ita
3234 5629 3464 5687 antago-

1856 5695 2010 5750 nistte
2045 5697 2149 5748 vim
2174 5705 2392 5766 superat
2418 5700 2498 5752 vir
2527 5701 2577 5753 in
2611 5703 2757 5755 omni
2794 5719 2980 5772 pugna:
3005 5722 3201 5774 genere
3233 5710 3458 5776 peritus,

1854 5807 1911 5850 ut
1941 5798 2031 5865 qui
2084 5798 2276 5868 injuria
2313 5797 2589 5866 allicitur,
2634 5796 2732 5854 nec
2783 5803 3049 5869 rependit.
3103 5805 3464 5863 Adversarius

1853 5891 1997 5944 enim
2026 5906 2147 5945 cum
2180 5891 2384 5962 pudore
2415 5891 2642 5946 discedit
2670 5894 3021 5964 improbatus,
3077 5900 3250 5967 primo
3273 5915 3302 5952 a
3335 5917 3465 5968 pro-

1851 5986 1966 6057 prin
1994 5985 2344 6056 conscientia,
2393 5986 2630 6043 secundo
2679 6004 2708 6043 a
2740 5993 3132 6060 Spectatorihus
3177 5995 3454 6051 omnibus.
