4094 6474
638 424 743 482 "9

638 542 839 609 Estque
858 536 909 592 in
939 532 1223 606 proverbio
1242 528 1509 600 vulgatum
1542 524 1679 593 :Qui
1702 522 1947 585 honorat,
1966 532 2025 573 se
2045 515 2219 586 ipsum

642 632 891 688 honorat.
919 627 1059 695 Ergo
1083 633 1137 680 et
1161 619 1582 678 contumeliosus
1605 614 1707 670 sibi
1736 612 1837 684 ipsi
1867 610 1987 665 talis
2015 617 2119 664 est.

709 717 874 774 Nemo
891 718 1090 772 (reditur
1112 715 1211 769 nui
1235 730 1269 767 a
1293 713 1553 781 seipso.—
1574 707 1743 762 Nemo
1768 719 1867 758 nos
1899 700 2095 756 lxdere
2120 713 2219 769 po-

634 808 780 874 terit,
801 808 995 863 iterum
1010 804 1150 871 dico,
1172 805 1273 859 nisi
1292 817 1389 857 nos
1409 800 1508 871 ipsi
1529 815 1544 865 ;
1567 813 1664 854 nec
1682 796 1799 867 quis
1823 808 1907 849 me
1931 806 2219 863 pauperem

637 902 817 966 faciet,
848 900 947 955 nisi
963 898 1211 970 egoipse.
1236 896 1351 966 Age
1373 906 1523 963 ergo,
1556 891 1634 946 sic
1650 904 1762 945 rem
1786 884 2179 959 perpendamus
2203 900 2217 937 :

634 993 702 1048 sit
716 990 844 1045 mihi
857 990 1035 1045 anima
1049 1002 1268 1059 pauper,
1282 993 1335 1040 et
1352 998 1539 1038 omnes
1554 973 1684 1036 mihi
1704 977 1952 1047 pecunias
1970 982 2213 1045 erogent;

634 1083 760 1154 quid
782 1081 1137 1138 indelbonec
1154 1078 1243 1133 illa
1268 1084 1527 1136 mutetur,
1550 1071 1729 1127 omnia
1757 1070 1951 1125 frustra
1976 1075 2118 1121 sunt.
2142 1065 2223 1121 Sit

636 1176 815 1231 anima
834 1174 961 1229 mihi
984 1186 1191 1243 magna,
1213 1178 1268 1226 et
1284 1167 1462 1224 cuncti
1491 1162 1746 1237 pecunias
1766 1176 1914 1217 meas
1934 1157 2217 1228 accipiant;

636 1270 763 1340 quid
796 1267 953 1323 inde?
983 1267 1161 1320 Donec
1187 1264 1330 1318 illam
1359 1276 1463 1316 non
1494 1271 1781 1329 pauperem
1812 1252 2003 1309 reddas
2023 1293 2039 1317 ,
2089 1249 2220 1303 nihil

639 1360 766 1416 hinc
786 1358 985 1414 damni.
1015 1357 1097 1412 Sit
1116 1355 1244 1411 mihi
1266 1354 1471 1424 impura
1502 1350 1609 1404 vita
1632 1388 1649 1415 ,
1673 1350 1729 1403 et
1746 1358 1934 1401 omnes
1956 1340 2221 1398 contraria

638 1451 708 1507 de
725 1464 810 1505 me
826 1448 1024 1514 dicant;
1047 1448 1173 1519 quid
1204 1445 1359 1503 inde?
1383 1443 1533 1499 Licet
1552 1440 1753 1503 dicant,
1774 1445 1831 1492 at
1848 1450 1952 1490 non
1976 1434 2029 1489 in
2047 1440 2224 1487 mente

636 1540 955 1611 approbant.
976 1540 1201 1593 ltursum
1220 1538 1289 1590 sit
1307 1534 1436 1589 mihi
1455 1533 1557 1585 vita
1570 1545 1724 1600 pura,
1742 1536 1796 1579 et
1810 1538 1999 1581 omnes
2015 1530 2227 1575 contra-

637 1631 925 1695 riadicant;
950 1630 1143 1699 etquid
1168 1627 1292 1683 inde
1313 1628 1336 1681 ?
1354 1626 1484 1681 Nam
1517 1624 1567 1676 in
1599 1618 1925 1677 conscientia
1956 1631 2049 1671 sua
2068 1615 2119 1669 id
2141 1616 2226 1668 da-

639 1733 855 1778 mnant:
881 1737 987 1776 non
1009 1721 1151 1775 enim
1181 1718 1420 1789 persuasi
1442 1716 1644 1771 dicunt.
1662 1712 1731 1770 Ut
1746 1713 1889 1768 enim
1911 1708 2094 1763 laudes
2119 1721 2224 1761 non

639 1822 849 1883 oportet
878 1812 1179 1877 admittere,
1210 1810 1288 1864 sic
1316 1823 1417 1863 nec
1444 1808 1829 1863 accusationes.
1863 1801 1927 1856 Et
1970 1815 2068 1854 cur
2112 1798 2228 1853 haec

642 1906 803 1961 dico?
841 1905 1008 1961 Nemo
1051 1905 1203 1958 nobis
1241 1916 1491 1971 umquam
1524 1896 1762 1953 insidiari
1793 1894 2021 1964 poterit,
2056 1905 2228 1961 neque

641 1996 981 2051 accusatione
1020 1991 1441 2053 circumvenire,
1498 1989 1543 2043 si
1596 1986 1944 2042 voluerimus.
1996 1981 2110 2036 Hoc
2156 1981 2225 2034 ita

644 2086 1047 2141 consideremus
1083 2105 1095 2140 :
1128 2084 1301 2138 trahat
1328 2098 1427 2138 nos
1455 2081 1577 2152 quis
1598 2079 1664 2134 ad
1693 2078 1869 2133 forum
1890 2115 1906 2141 ,
1937 2074 2230 2137 calumnie-

647 2186 774 2243 tur;
806 2177 849 2231 si
875 2178 955 2232 vis
981 2218 995 2242 ,
1022 2185 1077 2231 et
1097 2176 1335 2230 animum
1364 2173 1553 2229 ell'erat
1578 2188 1595 2236 ;
1627 2179 1680 2226 et
1706 2168 1835 2240 quid
1860 2168 1962 2222 hoc
1984 2206 2001 2232 ,
2025 2165 2069 2220 si
2095 2180 2231 2234 pau-

646 2268 811 2337 lisper
856 2267 970 2321 hmo
1019 2267 1284 2321 immerito
1332 2262 1510 2319 feras?
1538 2262 1649 2317 Hoc
1674 2262 1847 2331 ipsum
1878 2256 2076 2313 malum
2110 2264 2228 2322 est,

644 2359 873 2429 inquies.
925 2359 1038 2415 Hoc
1080 2360 1253 2429 ipsum
1292 2359 1488 2413 bonum
1527 2364 1610 2410 est
1637 2355 1653 2386 ί
1679 2395 1695 2419 ,
1751 2351 1893 2423 quod
1936 2349 2233 2404 immeritus

645 2451 883 2520 patiaris.
930 2449 1033 2506 Sed
1096 2449 1268 2520 quid?
1318 2464 1384 2501 an
1434 2447 1681 2501 meritum
1730 2443 1837 2514 pati
1908 2438 2232 2511 oportebat?

644 2541 857 2612 Aliquid
871 2543 1060 2596 iterum
1072 2540 1243 2596 dicam
1266 2557 1277 2592 :
1302 2536 1659 2608 Philosophus
1672 2534 1885 2606 quidam
1900 2543 2228 2595 exterarum,

654 2641 714 2687 ut
737 2632 939 2687 audivit
977 2633 1279 2702 quempiam
1325 2630 1524 2684 obiisse
1544 2670 1559 2694 ,
1592 2643 1714 2683 cum
1742 2626 1956 2697 quidam
1981 2640 2045 2679 ex
2068 2624 2231 2677 disci-

651 2725 791 2794 pulis
818 2724 1019 2779 diceret
1061 2724 1195 2793 ipsi,
1231 2721 1321 2776 Va:
1350 2720 1510 2786 mihi,
1542 2719 1669 2790 quia
1718 2718 1955 2787 injuste;
1990 2716 2079 2770 ille
2106 2729 2237 2769 con-

648 2832 868 2881 versus,
914 2816 1019 2872 Sed
1065 2815 1222 2884 quid,
1265 2815 1370 2880 ait,
1425 2827 1493 2865 an
1536 2811 1683 2881 justo
1724 2808 1987 2864 voluisses
2026 2804 2139 2877 (a)?
2167 2804 2236 2859 Et

713 2974 730 3004 ι
756 2971 920 3038 storel.
948 2970 1087 3034 legit,
1115 2969 1297 3038 malum
1328 2975 1439 3038 est;
1477 2981 1589 3033 quae
1624 2966 1772 3018 lectio
1802 2964 2064 3038 guadrabit
2082 2963 2126 3013 si
2155 2963 2232 3038 in-

652 3035 953 3099 terrogantis
975 3026 1111 3083 aiore
1134 3033 1213 3082 hic
1249 3026 1521 3099 proferatur
1545 3040 1702 3099 :_tunc
1735 3026 1864 3099 enim
1896 3028 1968 3077 sic
1992 3034 2132 3099 totus
2148 3026 2235 3099 nlo-

661 3109 749 3146 cus
770 3085 971 3144 habebit
996 3109 1008 3143 ε
1038 3104 1135 3144 Hoc
1163 3085 1345 3143 malum
1369 3101 1436 3143 est
1459 3092 1586 3153 quod
1620 3089 1888 3141 immeritus
1905 3086 2124 3153 patiaris
2146 3085 2168 3153 ξ

717 3157 791 3219 (a)
818 3157 872 3206 ιιι
905 3156 1033 3205 hunc
1064 3155 1223 3206 locum
1256 3156 1361 3204 haec
1392 3147 1542 3204 habet
1565 3162 1802 3203 Dounaaus
1825 3153 1874 3200 in
1905 3147 2031 3200 Edit.
2057 3147 2234 3199 Savil.:

1354 413 1410 471 S.
1450 408 1725 471 JOANNIS
1765 400 2239 463 CllliYSOSTOMl
2279 399 2597 461 ARCHIEP.
2637 397 3172 457 CONSTANTI'NOP.

3809 396 3915 453 ιῖο

2328 515 2563 571 Joannes
2583 529 2763 570 nonne
2784 514 2979 583 injuste
3001 522 3246 568 mortuus
3266 512 3382 567 est?
3403 509 3572 579 Quem
3592 526 3721 583 ergo
3744 513 3913 582 magis

2324 608 2636 672 miscraris,
2682 622 2880 662 eumne
2926 606 3015 677 qui
3064 604 3231 676 juste,
3281 620 3347 658 an
3386 619 3509 659 eum
3554 604 3645 675 qui
3675 605 3917 672 injuste’

2324 714 2504 754 nonne
2544 696 2691 753 hunc
2730 698 2986 753 miserum
3020 696 3159 753 dicis
3181 738 3197 764 ,
3226 696 3373 751 illum
3402 710 3531 750 vero
3566 696 3780 751 beatum
3805 702 3830 749 τ
3858 695 3915 750 lu

2325 807 2430 862 quo
2454 805 2582 863 ergo
2604 789 2815 845 laeditur
2838 791 2997 845 homo
3017 804 3048 844 a
3064 801 3260 856 morte,
3290 790 3378 859 qui
3403 789 3626 843 multum
3653 789 3914 852 lucratur,

2327 884 2521 940 nedum
2544 884 2668 955 quid
2690 884 2869 938 damni
2895 884 3126 939 referat?
3150 882 3282 937 Nam
3304 884 3349 938 si
3378 899 3443 939 ex
3472 883 3756 938 immortali
3784 897 3910 935 mor-

2327 978 2487 1033 talcm
2517 978 2754 1045 fecisset,
2770 977 2906 1033 forte
2922 978 3175 1033 damnum
3191 987 3365 1041 esset;
3389 977 3434 1032 si
3456 993 3586 1032 vero
3608 977 3915 1039 mortalem,

2327 1083 2381 1127 et
2403 1086 2468 1127 ex
2493 1079 2681 1125 natura
2702 1086 2795 1125 sua
2823 1070 2980 1141 paulo
3008 1080 3127 1139 post
3143 1070 3459 1124 moriturum
3494 1068 3773 1125 festinavit
3792 1085 3917 1125 cum

2327 1161 2494 1233 gloria
2522 1160 2792 1217 abducere
2815 1201 2833 1228 ,
2866 1160 2993 1232 quid
3024 1160 3150 1217 hinc
3176 1161 3389 1215 damni?
3412 1160 3492 1216 Sit
3523 1162 3677 1216 nobis
3706 1162 3923 1216 animus

2331 1266 2477 1311 recte
2523 1256 2871 1326 compositus,
2918 1264 2973 1311 et
3024 1256 3224 1309 nullum
3280 1255 3612 1309 extrinsecus
3661 1255 3921 1311 damnum

2330 1346 2599 1403 adveniet.
2653 1346 2761 1403 Sed
2787 1363 2916 1402 non
2943 1362 3002 1403 es
3048 1348 3100 1402 in
3125 1348 3295 1418 gloria
3319 1346 3343 1400 τ
3372 1346 3440 1401 Et
3467 1348 3593 1417 quid
3619 1349 3761 1405 hoc?
3785 1349 3921 1403 Nam

2332 1440 2473 1511 quod
2527 1440 2577 1493 in
2624 1440 2815 1509 opibus
2838 1482 2854 1505 ,
2888 1440 3117 1510 idipsum
3150 1442 3200 1495 in
3228 1442 3394 1510 gloria
3425 1451 3527 1497 est.
3556 1441 3614 1499 Si
3638 1443 3782 1497 enim
3812 1459 3927 1498 nia-

2329 1530 2557 1601 gnilieus
2596 1530 2749 1585 fuero
2770 1572 2785 1595 ,
2831 1531 2979 1585 nullo
3016 1547 3152 1603 opus
3178 1531 3418 1597 habebo;
3448 1534 3530 1587 sin
3560 1550 3709 1588 vanas
3735 1536 3925 1606 glorize

2332 1621 2559 1692 cupidus
2596 1664 2611 1687 ,
2667 1632 2869 1692 quanto
2920 1624 3069 1693 plura
3118 1639 3437 1693 consequar,
3487 1634 3635 1679 tanto
3679 1627 3926 1695 pluribus

2334 1716 2527 1785 egebo.
2574 1715 2724 1771 Tunc
2773 1732 2901 1771 vero
2943 1718 3278 1787 splendidior
3326 1735 3420 1773 ero
3464 1731 3517 1775 et
3557 1721 3746 1790 majori
3777 1722 3926 1776 fruar

2334 1811 2499 1879 gloria
2527 1853 2544 1878 ,
2574 1812 2618 1865 si
2647 1811 2873 1881 gloriam
2900 1825 3299 1883 contempsere.
3347 1814 3473 1869 ch
3502 1830 3621 1870 cum
3652 1817 3890 1872 sciamus
3909 1859 3923 1879 ,

2334 1905 2559 1973 gratiam
2595 1904 2889 1960 habeamus
2917 1904 3132 1961 Christo
3161 1907 3273 1963 Deo
3301 1919 3509 1975 nostro,
3542 1911 3629 1979 qui
3659 1911 3818 1965 talem
3850 1912 3928 1962 ui-

2338 2007 2445 2051 tam
2488 1996 2642 2052 nobis
2672 1997 2894 2068 largitus
2921 2009 3003 2053 est
3023 2039 3038 2061 ,
3071 2008 3127 2055 et
3155 2000 3299 2054 illam
3325 2000 3584 2057 adeamus
3609 2002 3673 2056 ad
3699 2003 3925 2073 gloriam

2338 2090 2543 2159 ipsius:
2590 2091 2711 2160 quia
2756 2090 2927 2160 ipsum
2956 2090 3115 2147 decet
3149 2092 3319 2162 gloria
3369 2109 3490 2149 cum
3534 2094 3695 2152 Patre
3728 2097 3928 2163 princi-

2338 2182 2428 2251 pio
2458 2192 2675 2237 carente
2700 2224 2716 2249 ,
2748 2191 2803 2237 et
2826 2192 3015 2239 sancto
3041 2182 3241 2255 Spiritu
3267 2185 3385 2254 ejus
3408 2228 3424 2253 ,
3452 2186 3507 2242 in
3532 2188 3726 2242 saecula
3756 2204 3928 2244 saeu-

2340 2274 2532 2329 lorum.
2562 2277 2754 2329 Amen.

2347 2486 2370 2515 ι
2391 2468 2485 2520 sed
2525 2468 2695 2534 quid,9
2729 2483 2793 2520 an
2825 2471 2959 2534 juste
2997 2473 3222 2527 voluisses
3245 2474 3270 2524 .’
3290 2492 3313 2521 ι
3348 2485 3465 2528 nec
3503 2480 3709 2530 socratis
3732 2491 3843 2531 sunt
3865 2483 3934 2531 ad

2338 2530 2706 2604 uxorem—ferito
2723 2572 2736 2590 ,
2761 2539 2813 2604 ut
2826 2530 3003 2604 lrefert
3034 2536 3247 2604 Laertius
3266 2578 3278 2596 ,
3305 2538 3352 2588 in
3397 2543 3516 2604 Vita
3530 2530 3745 2604 socratis
3765 2557 3783 2592 :
3809 2530 3933 2595 Cum

2340 2606 2467 2667 tueor
2496 2592 2807 2667 illiiﬁceret.
2833 2592 3019 2667 Injuste
3051 2592 3293 2667 moreris;
3329 2610 3481 2667 me,
3501 2592 3685 2667 inquit,
3689 2592 3833 2667 justo
3854 2592 3931 2656 to;

2576 2656 2827 2731 liactenus
2865 2653 3129 2731 Donatus.
3157 2653 3424 2731 Xenophon
3440 2653 3603 2715 autem
3623 2653 3673 2731 iii
3689 2653 3904 2731 Inpolo

2342 2684 2544 2727 succuscf
2576 2684 2827 2729 ιμιέισιιυδ
2865 2684 3129 2731 ωιρυὶευδ.
3158 2684 3424 2726 Αευυριιυη
3440 2684 3603 2715 autem
3624 2684 3673 2716 In
3700 2684 3847 2731 AliOlO

2342 2724 2643 2792 εροιιειιεβιο
2658 2718 2808 2792 habet
2830 2735 2843 2768 :
2880 2721 3085 2792 Quidam
3287 2728 3505 2792 adstans,
3532 2728 3720 2792 nomine
3746 2684 3933 2792 apag:

2344 2780 2605 2853 εισι-ιλιιξὴ
2627 2781 2837 2853 ηιαᾳςὶιῃβ
2860 2780 3053 2853 Socrati
3064 2785 3291 2853 addictus
3310 2825 3323 2848 ,
3349 2795 3394 2838 et
3428 2780 3671 2853 singulari
3694 2780 3937 2853 [midinis

2341 2842 2660 2916 ἱηςςγιηὶιᾳιρ,Δ
2690 2842 2819 2916 dia-it
2840 2858 2863 2916 ἦ
2888 2862 2909 2891 α
2932 2847 3183 2916 equidem,
3202 2860 3245 2916 Δο
3283 2842 3627 2916 δὸςταιεεξ-Ιιρε
3803 2869 3936 2916 pita-

2342 2905 2508 2975 sertim
2532 2905 2723 2975 ridetur
2744 2905 3061 2968 intolerabile,
3086 2905 3213 2970 quod
3236 2918 3281 2961 te
3312 2905 3697 2975 videatn'injttste
3721 2905 3937 2968 morien-

2343 2970 2512 3042 tenti
2534 2970 2721 3042 {ficitur
2754 2975 2918 3042 antem
2949 2976 3194 3042 Socrates,
3212 2972 3488 3042 Apollodori
3510 2970 3660 3038 capiti
3683 2977 3939 3042 blandiens

2344 3030 2647 3101 respondisse
2671 3041 2699 3100 τι
2726 3046 2749 3101 ς
2776 3038 2901 3081 Tune
2914 3044 3000 3101 ,__o
3021 3030 3287 3101 carissime,
3311 3048 3388 3101 me
3418 3038 3553 3099 fuste
3571 3030 3727 3099 ’ριωηι
3760 3040 3941 3101 injmte

2345 3091 2633 3164 merientem
2656 3091 2821 3164 videre
2842 3091 3013 3164 malles
3042 3093 3107 3144 ?a
3149 3106 3202 3147 et
3225 3091 3357 3147 hunc
3378 3091 3538 3149 locum
3562 3091 3718 3164 magis
3743 3091 3938 3153 videtur

2349 3145 2716 3213 Chrysostomus
2738 3154 3032 3216 signiﬁcare.

656 3271 3943 3304 ——————————————-——————————____

2032 3348 2382 3410 HOMILIA
2426 3348 2569 3410 XV.

657 3502 785 3559 CAP.
825 3504 876 3557 6.
918 3518 972 3557 v.
1017 3502 1069 3557 8.
1114 3500 1405 3572 Stephanus
1433 3510 1600 3555 autem
1629 3500 1803 3569 plenus
1834 3498 1935 3566 ﬁde
1976 3506 2024 3550 et
2055 3495 2237 3548 virtute

727 3595 941 3665 faciebat
963 3593 1194 3662 prodigia
1219 3602 1265 3645 et
1293 3593 1439 3661 signa
1468 3607 1653 3662 magna
1684 3591 1735 3643 in
1766 3588 1975 3660 papula.

729 3689 781 3743 1.
814 3685 879 3741 1η
903 3686 1221 3742 ordinatione
1251 3686 1476 3756 Spiritus
1505 3695 1710 3740 sanctus
1738 3683 1955 3736 accedit.
1982 3710 2053 3721 --
2079 3680 2236 3743 Vide,

659 3779 926 3851 quomodo
954 3781 1094 3834 inter
1120 3789 1326 3847 septem
1354 3778 1474 3832 illos
1498 3793 1633 3831 unus
1659 3775 1970 3845 prmcellens
1987 3782 2148 3838 esset,
2178 3787 2241 3827 ac

662 3872 863 3942 primas
895 3879 1120 3925 teneret.
1148 3871 1262 3925 Etsi
1288 3871 1428 3924 enim
1458 3868 1725 3923 ordinatio
1748 3866 2050 3922 communis
2075 3874 2239 3932 esset,

662 3972 715 4016 at
750 3962 835 4016 hic
878 3961 1133 4031 majorem
1177 3962 1401 4030 gratiam
1439 3962 1675 4013 attraxit.
1724 3960 1893 4013 Antea
1940 3973 2067 4011 vero
2093 3957 2241 4028 signa

663 4070 767 4110 non
814 4053 1075 4116 faciebat,
1106 4054 1200 4109 sed
1250 4055 1335 4112 ubi
1381 4051 1695 4107 manufestus
1741 4049 1879 4115 fuit;
1908 4050 2241 4105 utostende-

664 4157 811 4202 retur
836 4163 941 4202 non
964 4147 1132 4201 solam
1164 4149 1385 4217 gratiam
1409 4144 1657 4200 sufficere
1678 4186 1692 4207 ,
1731 4143 1824 4198 sed
1855 4144 2241 4197 ordinationem

672 4242 904 4309 requiri,
936 4251 991 4295 nt
1020 4240 1253 4307 Spiritus
1277 4239 1517 4293 accessio
1547 4237 1652 4291 fiat.
1685 4236 1837 4305 Quod
1866 4237 1908 4290 si
1937 4246 2090 4290 antea
2121 4235 2244 4305 Spi-

669 4331 772 4386 ritu
816 4333 953 4400 pleni
1003 4342 1188 4397 erant,
1231 4340 1284 4384 at
1335 4331 1384 4384 id
1440 4346 1467 4383 a
1512 4331 1744 4385 lavacro.
1798 4328 1852 4384 9.
1905 4328 2246 4383 Sttrreazerunt

668 4432 832 4475 autent
870 4425 1073 4491 quidam
1107 4422 1169 4476 de
1202 4439 1481 4493 synagoga.
1538 4420 2041 4477 Cunsnrrectionem
2092 4428 2247 4474 vocat

668 4515 1133 4571 exacerbationem
1175 4527 1228 4569 et
1268 4517 1399 4569 iram
1445 4530 1650 4569 eorum.
1694 4515 1791 4569 llic
1832 4515 1952 4568 vide
2001 4528 2247 4583 magnam

669 4608 1096 4671 multitudinem;
1133 4609 1242 4662 imo
1271 4608 1429 4661 aliam
1456 4608 1808 4661 accusationis
1834 4606 2081 4661 formam.
2115 4606 2245 4659 Nam

671 4709 949 4770 postquam
991 4698 1249 4753 Gamaliel
1293 4699 1407 4753 illos
1453 4699 1804 4760 cohibuerat,
1850 4713 1916 4751 ne
1962 4698 2059 4751 hac
2095 4697 2162 4749 dc
2192 4713 2248 4750 re

668 4793 993 4856 incusarent,
1024 4792 1180 4845 aliam
1210 4791 1471 4845 inducunt
1499 4792 1916 4844 accusationem.
1945 4808 1963 4839 ‹
1990 4787 2249 4843 Surrexe~

669 4893 795 4939 runt
808 4896 1004 4949 autem,
1030 4885 1218 4954 inquit,
1243 4883 1455 4953 quidam
1475 4883 1541 4938 de
1565 4896 1854 4953 synagoga,
1882 4897 1998 4949 cpite
2017 4881 2250 4949 appella-

674 4989 758 5031 tur
780 4976 1171 5030 Libertinorum
1192 4984 1245 5029 et
1261 4975 1641 5044 Cyrenensium
1663 4984 1715 5028 et
1735 4974 2245 5038 Alexandrinorum,

671 5079 725 5123 et
753 5086 933 5123 eorum
953 5068 1039 5138 qui
1060 5076 1211 5123 erant
1232 5082 1299 5120 ex
1318 5064 1499 5120 Cilicia
1523 5075 1577 5119 et
1601 5067 1739 5127 Asia,
1765 5066 2099 5134 diSpntantes
2128 5081 2247 5118 cum

669 5161 978 5229 Stephano;
1016 5160 1099 5214 l0.
1134 5168 1186 5212 ct
1209 5174 1313 5213 non
1348 5166 1597 5225 poterant
1622 5158 1875 5210 resistere
1896 5157 2169 5223 sapientia:
2200 5166 2253 5210 et

673 5251 913 5321 Spiritui.
935 5251 1025 5320 qui
1052 5250 1383 5318 loquebatur.
1405 5252 1425 5301 l
1444 5248 1489 5301 ι.
1512 5247 1660 5300 Tune
1678 5248 2059 5301 summiserunt
2085 5247 2246 5312 viros,

674 5356 745 5414 (ιιι
800 5344 1041 5397 dicerent
1089 5356 1147 5396 se
1188 5340 1453 5395 audivisse
1483 5356 1602 5394 eum
1642 5340 1908 5395 dicentem
1944 5339 2101 5393 verba
2135 5340 2251 5393 bla-

675 5437 927 5507 sphemite
958 5436 1007 5490 in
1039 5434 1275 5506 Moysem
1302 5441 1356 5487 et
1394 5432 1445 5485 in
1492 5434 1677 5487 Deum.
1711 5451 1732 5484 ι
1765 5431 1833 5487 Ut
1858 5431 2249 5486 accusationem

678 5531 973 5593 instituant,
1001 5528 1197 5584 Contra
1230 5528 1415 5591 Deum,
1442 5527 1703 5595 inquiunt,
1729 5536 1781 5582 et
1807 5538 1987 5581 contra
2017 5526 2249 5597 Moysem

678 5622 929 5691 loquitur.
970 5620 1092 5673 Ideo
1131 5630 1308 5673 autem
1350 5619 1712 5687 disputabant,
1743 5629 1799 5672 ut
1836 5629 2089 5688 cogerent
2127 5634 2250 5673 eum

683 5712 877 5779 aliquid
925 5709 1187 5779 proferre.
1236 5710 1325 5763 Ille
1370 5724 1495 5764 vero
1540 5710 1736 5765 clarius
1795 5710 2147 5779 loquebatur,
2200 5720 2253 5763 et

680 5799 813 5857 forte
841 5803 967 5873 legis
994 5803 1345 5857 cessationem
1370 5810 1571 5855 tantum
1596 5801 1838 5866 dicebat;
1874 5802 1955 5856 vel
1984 5818 2085 5855 non
2110 5802 2252 5856 dice-

685 5895 771 5945 bat
800 5895 1010 5965 quidem
1081 5894 1174 5950 sed
1206 5895 1522 5949 insinuabat.
1559 5893 1687 5948 Nam
1718 5896 1759 5948 si
1791 5895 1959 5965 palam
1990 5895 2211 5950 dixisset
2234 5935 2248 5957 ,

2360 3514 2464 3553 non
2493 3515 2627 3570 opus
2669 3500 2857 3557 fuisset
2885 3504 3189 3559 subornatis
3219 3508 3347 3561 viris
3386 3523 3483 3561 nec
3505 3507 3651 3563 falsis
3688 3510 3937 3565 testibus.

2352 3591 2587 3647 Diversa:
2614 3605 2791 3649 autem
2814 3611 3099 3667 synagogre
3120 3608 3294 3664 erant,
3323 3598 3717 3654 Libertinorum
3746 3613 3801 3656 et
3832 3604 3941 3674 Cy-

2350 3685 2681 3740 renensium.
2756 3687 2863 3741 Sed
2938 3690 3277 3759 Cyrenenses
3350 3695 3487 3747 ultra
3552 3694 3939 3750 Alexandriam

2349 3788 2508 3841 sunt,
2556 3779 2645 3846 qui
2672 3789 2727 3833 et
2769 3781 2878 3835 illic
2916 3796 3012 3851 per
3050 3794 3238 3853 gentes
3283 3800 3581 3855 synagogas
3627 3786 3939 3851 habebant;

2349 3882 2411 3922 ac
2453 3871 2587 3923 forte
2634 3869 2742 3924 illic
2786 3872 3115 3936 manebant,
3167 3889 3233 3928 ne
3259 3889 3401 3943 swpe
3425 3878 3657 3947 migrare
3683 3892 3946 3948 cogeren-

2354 3972 2483 4016 tur:
2534 3961 2791 4017 Libertini
2844 3976 3060 4025 autem.
3112 3967 3475 4023 Romanorum
3524 3970 3698 4026 liberti
3746 3985 3943 4035 erant,

2351 4062 2403 4106 et
2435 4054 2511 4107 sic
2536 4054 3055 4127 appellabantur(a).
3082 4057 3149 4112 Ut
3180 4069 3355 4112 autem
3389 4060 3458 4113 ibi
3493 4062 3642 4114 tnulti
3673 4065 3943 4133 peregrini

2353 4148 2695 4213 habitabant,
2746 4151 2815 4205 ita
2859 4162 2913 4205 et
2960 4167 3256 4223 synagogas
3301 4154 3602 4219 habebant,
3658 4157 3711 4210 in
3749 4161 3946 4226 quibus

2352 4244 2632 4311 oportebat
2652 4252 2706 4297 et
2731 4244 2989 4298 lectiones
3015 4254 3071 4300 et
3096 4246 3367 4301 orationes
3400 4248 3536 4302 ﬁeri.
3567 4249 3645 4301 Tu
3667 4266 3795 4305 vero
3816 4253 3945 4305 mihi

2354 4336 2654 4405 perpendes
2683 4337 2863 4401 velim,
2901 4338 3170 4407 quomodo
3196 4348 3251 4393 et
3277 4339 3362 4393 hic
3383 4350 3599 4395 coactus
3628 4342 3829 4398 docere
3858 4360 3947 4399 co-

2355 4440 2529 4495 nctnr,
2559 4438 2612 4485 et
2642 4430 2717 4484 illi
2748 4445 2961 4485 rursum
2989 4432 3058 4486 ob
3087 4432 3233 4501 signa
3263 4447 3368 4486 non
3402 4433 3560 4488 modo
3588 4434 3654 4489 ad
3684 4437 3944 4491 invidiam

2354 4524 2709 4589 concitentur,
2738 4523 2829 4578 sed
2855 4523 3037 4590 etiam,
3068 4525 3188 4593 quia
3218 4527 3380 4580 verbo
3400 4527 3706 4595 superabat,
3726 4538 3782 4582 et
3806 4530 3947 4583 into—

2359 4615 2592 4669 lerabilis
2618 4617 2745 4683 ipsis
2773 4627 2907 4680 erat,
2928 4614 3090 4670 falsos
3115 4626 3276 4671 testes
3302 4620 3646 4673 constituant.
3679 4620 3946 4677 Nulebant

2356 4707 2496 4761 enim
2526 4708 2670 4762 illum
2700 4708 2814 4761 sine
2838 4724 2993 4761 causa
3020 4707 3287 4770 occidere,
3320 4710 3411 4763 sed
3439 4726 3561 4763 cum
3594 4712 3870 4780 suffragio,
3892 4724 3947 4766 ut

2356 4811 2407 4855 et
2434 4800 2628 4855 famam
2660 4802 2868 4855 illorum
2894 4801 3149 4857 laederent
3172 4819 3186 4863 ;
3212 4812 3264 4856 et
3292 4803 3396 4856 illis
3425 4804 3619 4858 relictis
3644 4804 3710 4859 ad
3735 4808 3838 4861 hos
3858 4824 3934 4862 ve-

2357 4898 2527 4961 niunt,
2554 4906 2607 4948 ut
2640 4897 2717 4950 sic
2748 4896 2865 4951 illos
2887 4898 3045 4951 etiam
3076 4898 3570 4965 perterrefacercnt.
3600 4899 3709 4954 Nec
3736 4903 3945 4966 dicunt,

2358 4990 2645 5059 Loquitur:
2671 4990 2786 5053 sed,
2823 4990 2941 5043 Non
2963 5002 3121 5043 cessat
3151 4992 3303 5061 loqui,
3338 5002 3394 5046 ut
3420 4997 3816 5050 accusationem
3851 5014 3946 5050 au-

2358 5094 2535 5153 geant.
2574 5084 2657 5137 l2.
2692 5105 2709 5136 ι
2735 5085 3156 5139 Commoverunt
3182 5094 3355 5140 autem
3385 5088 3624 5142 seniores
3644 5097 3697 5141 et
3719 5091 3945 5153 scribas,

2359 5188 2411 5231 et
2452 5188 2831 5232 concurrentes
2874 5188 3164 5246 rapuerunt
3212 5178 3383 5244 illum,
3426 5188 3479 5231 et
3524 5179 3863 5236 adduxerunt
3896 5184 3945 5236 in

2360 5272 2662 5334 Concilium,
2700 5270 2784 5322 15.
2815 5282 2867 5323 et
2897 5278 3196 5324 statuerunt
3243 5270 3400 5323 falsos
3452 5281 3612 5325 testes
3634 5314 3649 5337 ,
3680 5275 3766 5341 qui
3796 5274 3944 5328 dice-

2360 5372 2513 5417 rent:
2548 5362 2719 5416 Homo
2750 5360 2850 5415 iste
2875 5377 2976 5415 non
3009 5372 3184 5416 cessat
3213 5362 3354 5432 loqui
3387 5363 3546 5417 verba
3581 5364 3842 5419 adversus
3870 5367 3944 5419 ln-

2359 5472 2477 5510 cum
2500 5467 2740 5510 sanctum
2763 5465 2818 5509 et
2835 5455 3025 5525 legem.
3042 5477 3060 5509 ›
3084 5456 3197 5511 Νοιι
3214 5465 3406 5517 cessat,
3430 5458 3692 5527 inquiunt,
3715 5471 3767 5514 ut
3796 5461 3945 5514 illum

2364 5550 2413 5603 id
2440 5560 2724 5603 conantem
2760 5546 3015 5603 indicent.
3059 5550 3147 5604 M.
3182 5567 3200 5599 ι
3224 5549 3538 5602 Audivimus
3564 5552 3704 5605 enim
3737 5555 3954 5605 cumdi-

2360 5653 2585 5704 centein,
2606 5641 2863 5708 Quoniam
2887 5642 3039 5697 Jesus
3068 5640 3369 5695 Nararenus
3395 5643 3479 5697 hic
3503 5644 3741 5697 deSIruet
3769 5646 3941 5700 locum

2362 5739 2518 5791 istum
2542 5778 2557 5802 ,
2582 5746 2635 5790 et
2660 5736 2882 5790 mutabit
2906 5736 3346 5799 consuetudines,
3379 5751 3512 5805 quas
3545 5736 3761 5791 tradidit
3795 5739 3945 5793 nobis

2424 5900 2496 5961 (a)
2521 5898 2751 5949 Libertini
2778 5898 3074 5948 vocabantur
3110 5898 3138 5945 ii
3176 5897 3255 5958 qui
3292 5894 3578 5945 libertorum
3614 5894 3697 5945 filii
3724 5906 3883 5946 erant.
