4094 6530
181 425 272 481 H0

196 558 282 631 μία
310 556 365 611 δέ
394 559 481 621 τίς
514 557 695 622 ἐστιν,
728 557 812 612 δτι
835 555 902 628 δὴ
937 556 996 610 '0
1023 554 1223 625 τιμῶν,
1247 551 1440 607 ἐαυτὸν
1463 552 1616 622 τιμᾷ.
1651 553 1798 622 Ἀρα

189 642 274 695 καὶ
306 643 336 695 0
369 640 642 713 ὑϐρίζων,
676 642 874 695 ἐαυτὸν
907 637 1143 711 ὑϐρίζει.

254 724 444 788 Οὐδεὶς
460 727 618 795 ἡμᾶς
641 724 898 793 ἀδικῆσαι
930 723 1242 794 δυνήσεται,
1271 720 1434 775 πάλιν
1451 721 1583 793 ἐρῶ,
1604 718 1701 771 ἐὰν
1721 717 1797 788 μὴ

185 809 340 879 ἡμεῖς
358 808 615 873 ἑαυτούς·
640 807 767 861 οὐτε
805 807 1016 875 πένητά
1059 808 1127 878 μέ
1157 804 1309 880 [HS]
1343 822 1429 871 τις
1470 804 1792 876 ἐργάσεται,

185 893 279 945 ἐὰν
313 893 389 962 μὴ
422 891 540 960 ἐγὼ
569 890 836 961 ἐμαυτόν.
869 890 1009 962 Φέρε
1042 890 1176 960 7&9,
1230 888 1377 942 οὕτω
1436 885 1791 956 σκεψώμεθα·

187 976 370 1029 Ἔστω
397 993 490 1046 μοι
519 974 671 1046 ψυχὴ
698 976 952 1045 πενιχρὰ,
986 975 1080 1027 καὶ
1110 974 1312 1036 πάντες
1338 971 1685 1025 κενούτωσαν
1715 970 1796 1032 είς

184 1059 279 1127 ἐμὲ
302 1059 374 1111 τά
404 1059 695 1129 χρήματα·
733 1058 787 1111 τί
807 1056 1004 1122 τοῦτο;
1033 1057 1183 1118 Ἕως
1211 1055 1279 1109 ἂν
1306 1054 1492 1123 ἐκείνη
1525 1051 1599 1124 μὴ
1624 1068 1794 1121 μετα-

183 1141 443 1210 ϐάληται,
481 1142 663 1194 πάντα
690 1142 889 1212 μάτην.
927 1140 1111 1192 Ἔστω
1138 1156 1231 1208 μοι
1260 1137 1407 1208 ψυχὴ
1435 1136 1669 1206 μεγάλη,
1699 1134 1796 1187 καὶ

182 1225 388 1291 πάντες
419 1222 856 1294 λαμϐανέτωσαν
880 1220 951 1274 τά
979 1223 1264 1291 χρήματα·
1293 1219 1347 1273 τί
1396 1219 1594 1283 τοῦτο;
1645 1217 1793 1281 Ἕως

180 1306 246 1360 ἂν
307 1307 535 1376 ἐκείνην
597 1307 674 1376 μὴ
717 1305 954 1375 ποιήσῃς
1017 1303 1319 1374 πενιχρὰν,
1364 1302 1522 1355 οὐδὲν
1571 1299 1786 1371 βλάϐος.

186 1391 371 1442 Ἔστω
432 1406 524 1460 μοι
575 1389 690 1459 βίος
741 1387 1077 1458 ἀκάθαρτος,
1129 1387 1225 1440 καὶ
1279 1385 1483 1449 πάντες
1533 1383 1794 1438 τάναντία

179 1472 500 1540 λεγέτωσαν
535 1471 662 1542 περὶ
688 1468 846 1542 ἐμοῦ·
877 1469 930 1523 τί
957 1468 1154 1534 τοῦτος
1205 1467 1328 1522 Κάν
1375 1469 1489 1536 7&9
1531 1466 1790 1536 λέγωσιν,

180 1555 297 1608 ἀλλ’
329 1555 459 1625 οὐχὶ
508 1555 603 1608 καὶ
645 1555 704 1606 ἐν
757 1553 971 1623 διανοίᾳ
1003 1550 1181 1607 ταῦτα
1227 1550 1581 1622 ψηφίζονται.
1621 1549 1794 1604 Πάλιν

179 1638 326 1692 ἐστω
355 1656 449 1710 μοι
472 1637 588 1709 βίος
615 1637 882 1709 καθαρὸς,
926 1635 1024 1690 καὶ
1051 1635 1254 1699 πάντες
1272 1633 1534 1690 τάναντία
1555 1635 1794 1704 λεγέτω-

182 1739 301 1776 σαν·
339 1722 441 1776 καὶ
485 1721 540 1775 τί
591 1721 782 1786 τοῦτυς
826 1721 920 1774 Ἐν
969 1718 1080 1790 γάρ
1122 1718 1203 1790 τῷ
1261 1718 1531 1773 συνειδότι
1579 1717 1791 1772 ἐαυτῶν

180 1804 658 1874 καταγνώσονται·
721 1807 781 1859 οὐ
839 1804 948 1876 7&9
980 1804 1047 1876 δὴ
1108 1803 1469 1876 πεπεισμένοι
1514 1802 1788 1874 λέγουσιν.

180 1892 401 1964 Ὠσπερ
423 1891 534 1963 γὰρ
564 1889 662 1954 τάς
698 1889 975 1960 εὐφημίας
1002 1888 1063 1942 οὐ
1091 1888 1179 1943 δεῖ
1217 1887 1589 1960 προσίεσθαι·,
1613 1887 1791 1951 οὕτως

175 1975 302 2029 οὐδέ
347 1974 454 2038 τὰς
486 1975 846 2046 κατηγορίας.
898 1973 1010 2027 Καὶ
1064 1972 1119 2025 τί
1153 1971 1297 2040 λέγω
1333 1971 1547 2037 ταῦτα;
1596 1971 1791 2034 Οὐδεὶς

178 2060 316 2129 ἡμῖν
355 2057 747 2113 ἐπιϐουλεῦσαί
804 2073 937 2111 ποτε
965 2055 1278 2127 δυνήσεται,
1331 2054 1454 2109 οὐδέ
1482 2053 1792 2126 κατηγορίᾳ

174 2141 289 2194 τινὶ
347 2141 694 2213 περιϐαλεῖν,
755 2139 854 2193 ἐὰν
895 2137 1238 2208 βουλώμεθα.
1294 2137 1526 2207 ἰδωμεν
1573 2137 1633 2191 δέ
1694 2137 1792 2192 καὶ

174 2223 380 2287 οὕτως·
422 2224 664 2277 Ἐλκέτω
691 2239 776 2287 τις
809 2224 888 2286 είς
917 2221 1293 2292 δικαστήριον,
1350 2219 1783 2288 συκοφαντείτω,

175 2309 228 2361 εί
255 2307 462 2378 βούλει,
494 2306 590 2360 καὶ
633 2305 735 2377 τὴν
790 2303 968 2376 ψυχὴν
1012 2304 1318 2374 ἐκφερέτω·
1375 2302 1472 2358 καὶ
1499 2303 1550 2356 τί
1601 2301 1784 2369 τοῦτο,

175 2391 319 2462 πρὸς
353 2389 551 2460 μικρὸν
600 2388 732 2460 παρ’
765 2388 921 2452 ἀξίαν
979 2387 1154 2441 ταῦτα
1184 2386 1417 2452 παθεῖν;
1465 2385 1642 2440 Τοῦτο
1687 2385 1787 2456 μὲν

173 2471 274 2529 οῦν
305 2473 445 2527 αὐτὸ
495 2472 690 2536 κακὸν,
740 2471 932 2541 φησίν.
988 2469 1134 2524 Αὐτὸ
1187 2470 1287 2540 μὲν
1335 2465 1429 2523 οῦν
1483 2467 1646 2522 τοῦτο
1681 2485 1786 2522 κα-

174 2557 272 2611 λὸν
301 2570 329 2598 ι
356 2557 417 2610 10
441 2555 518 2627 μὴ
545 2554 669 2610 κατ’
715 2553 874 2620 ἀξίαν
908 2554 1126 2608 παθεῖν.
1175 2551 1342 2606 Ἀλλά
1370 2552 1458 2618 τίς
1483 2551 1606 2606 κατ’
1629 2551 1791 2618 ἀξίαν

176 2643 325 2709 ἐδεις
358 2643 514 2696 Εἴπω
543 2660 596 2696 τι
629 2642 818 2695 πάλιν·
845 2640 1142 2711 Φιλόσοφός
1177 2657 1261 2703 τις
1281 2640 1394 2696 τῶν
1416 2637 1620 2705 ἔξωθεν
1650 2640 1678 2680 ιι
1717 2639 1792 2704 ὼς

175 2727 438 2796 ἤκουσεν,
483 2724 568 2778 ὅτι
607 2725 637 2778 ό
663 2723 812 2777 δεῖνα
848 2721 1112 2784 ἀπέθανε,
1171 2721 1265 2775 καί
1295 2738 1381 2786 τις
1446 2718 1601 2776 εἶπεν
1636 2723 1790 2795 αὐτῷ

175 2808 291 2862 τῶν
319 2807 598 2880 μαθητῶν·
657 2807 842 2877 Οῖμοι,
880 2806 964 2859 ὅτι
1005 2804 1229 2870 ἀδίκως·
1262 2806 1470 2870 ἐκεῖνος
1523 2807 1794 2880 ἐπιστρα-

243 2917 263 2940 ⁸
293 2917 462 2968 Morel.
499 2931 614 2968 cum
665 2928 767 2966 uno
797 2915 905 2965 cod.
932 2914 1102 2963 κακόν.
1187 2912 1218 2952 δ
1250 2914 1354 2963 Hoc
1402 2915 1636 2964 Socrates
1673 2914 1795 2964 dicit

179 2981 309 3040 apud
334 2980 611 3040 Diogenem
639 2975 916 3037 Laerlium,
939 2976 1209 3038 simileque
1247 2976 1407 3026 refert
1441 2975 1714 3040 Xenophon
1741 2978 1791 3026 in

178 3039 410 3106 Apologia
427 3039 683 3093 Socratis.

1157 437 1224 493 IN
1263 437 1448 494 ACTA
1489 432 2034 492 APOSTOLORUM.
2071 434 2309 491 HOMIL.
2353 433 2467 490 XV.

3412 438 3518 495 ηο

1904 551 2051 620 φεὶς,
2070 549 2236 605 Ἀλλά
2263 551 2339 618 τί,
2372 549 2502 620 ἔφη,
2532 549 2760 613 δικαίως
2795 548 2987 621 ἤθελες
3016 560 3038 588 ο
3065 566 3080 615 ;
3113 551 3223 604 Καὶ
3259 551 3521 624 Ἰωάννης

1897 635 1956 689 δὲ
1989 633 2111 704 οὐχὶ
2145 634 2349 697 ἀδίκως
2378 633 2654 699 ἀπέθανε;
2685 632 2822 687 Τίνα
2852 629 2949 687 οὖν
2978 633 3184 704 μᾶλλον
3207 633 3402 699 ἐλεεῖς,
3425 637 3520 689 10v

1897 717 2126 780 δικαίως
2157 717 2530 778 ἀποθανόντα,
2556 717 2590 786 ἢ
2619 716 2711 770 10v
2763 716 2864 786 οὐχ
2899 714 3112 783 οῦτως;
3145 716 3267 788 οὐχὶ
3321 717 3519 772 τοῦτον

1901 799 2003 870 μὲν
2035 799 2366 864 ταλανίζεις,
2419 800 2630 854 ἐκεῖνον
2680 797 2740 853 δὲ
2802 799 2899 853 καλ⁵
2929 797 3271 870 θαυμάζειςς
3326 801 3393 855 Τί
3421 797 3518 856 οῦν

1896 882 2150 953 ἠδίκηται
2190 882 2482 954 ἄνθρωπος
2523 884 2618 938 καὶ
2649 884 2747 937 ἀπ’
2782 882 2952 937 αὐτοῦ
2983 882 3079 936 τοῦ
3113 884 3347 938 Θανάτου
3390 902 3520 954 κερ-

1894 967 2062 1030 δάνας
2091 967 2328 1037 μεγάλα,
2356 968 2417 1020 οὐ
2457 968 2619 1039 μόνον
2657 967 2814 1022 οὐδὲν
2846 967 3107 1038 βλαϐείς;
3175 968 3241 1021 Εί
3277 968 3379 1039 μὲν
3408 969 3520 1039 7&9

1895 1049 2167 1103 ἀθάνατον
2193 1049 2326 1104 ὄντα
2357 1048 2553 1120 θνητὸν
2593 1050 2794 1116 ἐποίει,
2834 1052 2968 1114 ῖσως
3024 1050 3093 1105 ἂν
3124 1049 3300 1121 βλάϐη
3337 1047 3429 1123 ἦν·
3466 1053 3520 1106 εί

1894 1131 1952 1184 δὲ
1975 1132 2171 1202 θνητὸν
2205 1132 2357 1198 ὄντα,
2387 1133 2485 1188 καὶ
2534 1133 2648 1186 ἀπὸ
2672 1134 2772 1206 τῆς
2803 1132 3024 1205 φύσεως
3057 1134 3256 1203 μικρὸν
3289 1131 3519 1206 ὕστερον

1894 1214 1988 1268 τὸν
2044 1215 2276 1270 θάνατον
2325 1215 2646 1286 ἐκδέχεσθαι
2695 1217 2989 1286 μέλλοντα,
3042 1216 3315 1272 ἔσπευσεν
3358 1213 3519 1281 οὗτος

1899 1297 2040 1370 μετά
2093 1299 2256 1369 δόξης
2307 1299 2502 1353 τοῦτον
2560 1301 2890 1368 ἐπαγαγεῖν,
2943 1299 2998 1353 τί
3052 1299 3292 1370 βλάϐος;
3332 1303 3520 1354 Ἔστω

1893 1389 2029 1459 ἡμῖν
2055 1389 2089 1460 ἦ
2117 1387 2267 1459 ψυχὴ
2300 1387 2685 1461 ῥυθμιζομένη
2727 1387 2935 1454 καλῶς,
2986 1390 3083 1444 καὶ
3115 1389 3314 1460 βλάϐος
3361 1389 3520 1444 οὐδὲν

1893 1471 2052 1524 ἐσται
2086 1470 2309 1536 ἔξωθεν.
2363 1470 2507 1524 Ἀλλ’
2531 1473 2635 1527 οὐκ
2691 1467 2744 1526 εί
2784 1475 2843 1527 ἐν
2877 1471 3041 1546 δόξῃς
3087 1473 3202 1526 Καὶ
3232 1474 3288 1527 τί
3316 1473 3515 1533 τοῦτο;

1895 1555 2077 1627 Ὅπερ
2103 1555 2214 1629 γὰρ
2248 1555 2341 1610 ἐπὶ
2398 1557 2510 1610 τῶν
2538 1556 2846 1628 χρημάτων
2877 1557 3021 1620 ἐστὶ,
3056 1557 3220 1612 τοῦτο
3273 1558 3370 1612 καὶ
3422 1559 3517 1614 ἐπὶ

1892 1639 1994 1709 τῆς
2057 1638 2240 1708 δόξης.
2281 1640 2380 1694 ’Ἂν
2404 1638 2514 1712 γὰρ
2547 1634 2593 1695 ὦ
2649 1641 3107 1714 μεγαλοπρεπὴς,
3134 1642 3197 1695 οὐ
3246 1642 3518 1715 δεήσομαι

1891 1723 2130 1787 οὐδενός·
2167 1723 2235 1778 ἂν
2263 1723 2319 1777 δὲ
2345 1721 2652 1796 κενόδοξος,
2683 1722 2797 1795 ὅσῳ
2855 1724 2923 1779 ἀν
2956 1724 3226 1796 ἐπιτύχω,
3273 1726 3518 1795 τοσούτῳ

1897 1808 2149 1880 μείζονος
2174 1807 2464 1878 δεήσομαι.
2509 1807 2646 1862 Τότε
2686 1807 2746 1861 δὲ
2781 1808 3023 1879 μάλιστα
3072 1808 3333 1882 λαμπρὸς
3389 1809 3515 1865 ἔσο-

1897 1909 2020 1962 μαι,
2061 1890 2157 1944 καὶ
2192 1890 2442 1962 μείζονος
2487 1889 2878 1963 ἀπολαύσομαι
2921 1892 3107 1964 δόξης,
3148 1894 3198 1945 εί
3228 1910 3513 1966 καταφρο-

1893 1975 2046 2045 νήσω
2074 1973 2255 2043 δόξης.
2291 1973 2482 2029 Ταῦτα
2532 1971 2629 2028 οὖν
2663 1975 2890 2040 ειδότες.
2946 1977 3043 2030 καὶ
3076 1977 3240 2048 χάριν
3299 1976 3517 2048 ἔχωμεν

1893 2056 1971 2127 τῷ
1993 2056 2254 2127 τοιαύτην
2280 2059 2414 2129 ήμῖν
2441 2058 2806 2131 χαρισαμένῳ
2836 2057 2986 2130 ζωὴν
3020 2059 3248 2133 Χριστῷ
3283 2060 3363 2131 τῷ
3391 2060 3516 2131 Θεῷ

1893 2139 2075 2212 ήμῶν,
2113 2141 2209 2195 καὶ
2257 2141 2540 2211 μετίωμεν
2569 2141 2743 2213 αὐτὴν
2775 2143 2858 2206 είς
2884 2141 3047 2207 δόξαν
3079 2141 3269 2210 αὐτοῦ,
3293 2143 3378 2198 ὅτι
3411 2144 3514 2196 αὐ-

1893 2224 1972 2294 τῷ
2002 2222 2205 2294 πρέπει
2254 2225 2289 2296 ὴ
2338 2224 2467 2291 δόξα
2504 2227 2601 2279 σὺν
2649 2224 2729 2296 τῷ
2779 2226 3006 2297 ἀνάρχῳ
3057 2227 3237 2298 Πατρὶ
3288 2227 3384 2281 καὶ
3435 2226 3517 2296 τῷ

1893 2308 2036 2380 ἁγίῳ
2062 2309 2230 2362 αὐτοῦ
2256 2309 2564 2382 Πνεύματι,
2601 2310 2682 2374 είς
2713 2311 2846 2376 τοὺς
2879 2310 3088 2376 αἰῶνας
3135 2312 3247 2368 τῶν
3274 2310 3512 2367 αἰώνων.

1907 2392 2104 2464 Ἀμήν.

1966 2549 1989 2578 ο
2015 2548 2267 2612 Βουοαιιιε
2289 2563 2306 2612 γε
2334 2549 2461 2612 licet;
2479 2546 2702 2603 Socratis
2723 2556 2835 2602 sum
2858 2551 2926 2600 ad
2955 2565 3163 2604 uxorem
3204 2551 3352 2605 verba
3373 2564 3393 2603 :
3416 2555 3515 2612 τῆς

1901 2611 2131 2678 γυναικρί
2163 2610 2413 2678 εῖπούσης,
2451 2611 2658 2678 Ἀδίκως
2706 2613 3053 2678 ἀποθνήσκεις,
3087 2616 3150 2678 Σύ
3189 2615 3260 2674 δέ,
3301 2616 3412 2678 εφη.
3437 2610 3516 2664 διὲ

1900 2671 2640 2738 κμαίωςαέϐοὑλουλΧιᾷηοριιοιι
2685 2683 2854 2738 autem
2908 2678 2959 2724 in
3001 2671 3254 2738 A’pologia'
3290 2671 3517 2727 Sberatis

1897 2732 1971 2782 sic
1996 2731 2148 2809 [labeg
2169 2753 2180 2780 :
2205 2735 2389 2843 μαὲξν
2411 2735 2462 2784 δέ
2491 2731 2563 2792 τις
2594 2731 3300 2815 ζᾼπολλόδωροςηέτξιθυμτητῇς
3323 2739 3409 2801 μὲν
3433 2739 3515 2786 ἰσ-

1898 2810 2055 2843 γυοως
2085 2810 2253 2843 αυτοῦ.
2354 2797 2450 2843 λωε
2471 2797 2524 2843 δὲ
2564 2800 2752 2843 ευπθηε.
2779 2799 2910 2843 εἶπεν
2933 2814 2944 2826 ·
3002 2800 3138 2843 Αλλα
3171 2816 3319 2843 muro
3341 2801 3512 2843 ἔγωγε-

1898 2797 2055 2870 χυρῶς
2085 2797 2253 2853 αὐτοῦ,
2290 2797 2450 2875 ἄλλως
2471 2797 2524 2846 δὲ
2564 2798 2752 2870 εὐήθης,
2779 2797 2910 2847 εἶπεν
2933 2797 3156 2872 χἈλλὰί
3166 2797 3513 2879 ξιοῦτιξίγωγε,

1899 2875 1940 2904 ω
1973 2858 2241 2920 Σωκρατες.
2264 2859 2591 2920 χαλεπωτατα
2611 2876 2760 2920 φερω,
2783 2861 2858 2909 ὅτι
2886 2862 2984 2920 όρω
3010 2877 3068 2910 σε
3098 2861 3280 2918 ἀδικως
3301 2865 3513 2920 αποθνη-

1899 2875 1940 2904 ω
1973 2872 2241 2919 ιωκρατες.
2264 2872 2591 2967 χαλεπώτατα
2611 2876 2760 2922 φερω,
2783 2872 2858 2909 οτι
2886 2872 2984 2924 ορω
3010 2877 3068 2910 σε
3098 2872 3280 2918 ἀδίκως
3301 2872 3510 2920 ἀποθνή-

1900 2918 2239 2988 σκοντας-,τὸν
2295 2920 2320 2968 ἐ
2344 2920 2546 2988 ’λέγεται
2575 2923 2932 2988 καταψήσαντα
2966 2920 3231 2988 αὐτοῦλτήν
3274 2925 3510 2988 κεφαλὴν,

1901 2979 2150 3051 εἰπεῖν·Σύ
2187 2979 2286 3051 δὲ,
2337 2981 2379 3029 ὦ
2424 2979 2648 3051 φίλτατε,
2689 2979 2870 3044 μᾶλλον
2908 2983 2967 3031 ἂν
3013 2979 3216 3034 ἐϐούλου
3275 2979 3354 3048 με’
3394 2979 3516 3051 όρᾷν

1901 3040 2098 3092 δικαίως
2121 3042 2150 3100 ἢ
2176 3041 2356 3100 ἀδίκως
2377 3040 2703 3105 τελευτῶν-τάξ

3290 3247 3464 3262 .—

1659 3410 1906 3467 ΟΜῘΛῙΛ
1945 3413 2050 3471 1Ε’.

180 3573 230 3647 [ι
248 3572 332 3647 19]
363 3573 677 3647 Στέφανος
691 3572 762 3627 δὲ
781 3572 1022 3647 πλήρης
1056 3575 1318 3642 πίστεως
1352 3575 1451 3630 καὶ
1480 3576 1793 3647 δυνάμεως

247 3645 435 3700 ἐπόίει
458 3646 682 3714 τέρατα
712 3645 814 3698 καί
844 3645 1065 3714 σημεῖα
1084 3646 1323 3716 μεγάλα
1354 3648 1424 3702 ἐν
1451 3647 1532 3714 τῷ
1569 3645 1718 3714 λαῷ.

249 3759 491 3830 α’.Ὄρα,
505 3755 626 3821 πῶς
649 3757 744 3808 καὶ
765 3755 823 3808 ἐν
841 3758 950 3820 τοῖς
963 3757 1104 3809 ἐπτά
1120 3753 1188 3828 ἦν
1206 3775 1288 3822 τις
1305 3758 1600 3832 πρόκριτος
1619 3761 1712 3814 καὶ
1724 3759 1793 3814 τὰ

183 3845 433 3915 πρωτεῖα
471 3837 639 3912 εἶχεν.
677 3840 741 3892 El
779 3839 890 3912 7&9
924 3840 1020 3893 καὶ⁹
1051 3842 1083 3911 ἡ
1114 3843 1423 3912 χειροτονία
1462 3842 1638 3915 κοινὴ.
1673 3843 1790 3897 ἀλλ’

181 3927 334 3994 ὅμως
362 3917 522 3986 οὗτος
552 3922 909 3977 ἐπεσπάσατο
946 3925 1109 3995 χάριν
1158 3924 1409 3980 πλείονα.
1450 3925 1565 3996 Πρὸ
1600 3925 1790 3978 τούτου

180 4008 236 4062 δὲ
267 4009 371 4062 οὐκ
435 4006 611 4059 ἐποίει
657 4007 884 4076 σημεῖα,
915 4006 1033 4059 ἀλλ’
1081 4007 1171 4060 ὅτε
1208 4007 1366 4077 δῆλος
1414 4007 1666 4076 γέγονεν,
1704 4009 1793 4062 ἵνα

180 4092 395 4162 δειχθῇ,
423 4090 505 4144 ὃτι
532 4091 634 4143 οὐκ
653 4090 817 4162 ἀρκεῖ
841 4090 980 4160 μόνη
1003 4091 1035 4160 ὴ
1061 4090 1242 4162 χάρις,
1295 4089 1434 4144 ἀλλά
1459 4091 1542 4144 δεῖ
1571 4092 1667 4145 καὶ
1690 4092 1793 4162 τῆς

181 4173 544 4248 χειροτονίας·
577 4173 719 4225 ὥστε
760 4173 1050 4244 προσθήκη
1081 4171 1402 4244 Πνεύματος
1451 4174 1694 4242 ἐγένετο.
1731 4177 1792 4230 Εἰ

179 4260 238 4313 δέ
271 4259 370 4310 καὶ
412 4256 520 4327 πρὸ
565 4255 759 4309 τούτου
797 4256 1030 4328 πλήρεις
1078 4257 1398 4328 Πνεύματος
1429 4252 1594 4329 ἦσαν,
1656 4260 1793 4314 ἀλλά

182 4343 279 4396 τοῦ
316 4341 430 4394 ἀπὸ
451 4339 548 4393 τοῦ
582 4338 833 4410 λουτροῦ.
888 4336 1257 4406 Ἀνέστησαν
1284 4336 1351 4394 δέ
1382 4357 1544 4406 τινες
1580 4342 1701 4396 τῶν
1726 4343 1793 4396 ἐκ

181 4424 296 4491 τῆς
323 4417 706 4490 συναγωγῆς.
740 4420 910 4475 Πάλιν
957 4421 1255 4475 ἀνάστασιν
1305 4422 1398 4476 τὸν
1441 4425 1794 4495 παροξυσμὸν

182 4507 368 4560 αὐτῶν
389 4505 542 4573 λέγει
564 4505 659 4556 καὶ
679 4502 777 4574 τὴν
798 4503 988 4575 ὀργήν.
1028 4504 1170 4575 Ὅρα
1195 4506 1288 4558 καί
1311 4505 1551 4561 ἐνταῦθα
1575 4507 1712 4562 πολὺ
1732 4508 1794 4562 τὸ

181 4588 414 4658 πλῆθος·
439 4585 642 4656 μᾶλλον
673 4585 728 4638 δὲ
757 4586 870 4650 πῶς
890 4587 1078 4656 ἕτερον
1099 4588 1198 4656 τῆς
1217 4589 1557 4660 κατηγορίας
1578 4590 1638 4643 10
1664 4591 1795 4662 σχῆο

185 4687 287 4739 μα.
333 4668 559 4738 Ἐπειδὴ
587 4667 697 4738 7&9
722 4667 995 4722 ἐκώλυσεν
1027 4669 1224 4733 αὐτοὺς
1254 4670 1603 4742 Γαμαλιῆλος
1628 4673 1793 4742 μηδὲν

185 4751 332 4823 ὑπὲρ
350 4750 563 4804 ἐκείνου
585 4749 859 4817 ἐγκαλεῖν,
878 4750 1073 4818 ἑτέραν
1091 4754 1428 4822 κατηγορίαν
1449 4755 1787 4822 είσάγουσιν.

196 4837 585 4903 Ἀνέστησαν
616 4834 684 4888 δέ
715 4851 892 4900 τινες.
931 4836 1088 4904 φησὶ,
1117 4835 1236 4888 τῶν
1270 4837 1338 4890 ἐκ
1369 4836 1481 4905 τῆς
1514 4852 1791 4908 συναγω-

186 4919 304 4991 τῆς
327 4919 441 4987 τῆς
467 4918 798 4987 λεγομένης
846 4925 873 4965 d
905 4920 1266 4986 Λιϐερτίνων
1304 4919 1402 4973 καὶ
1434 4922 1794 4989 Κυρηναίων

187 5004 292 5060 καὶ
347 5001 812 5071 Ἀλεξανδρέων,
869 5001 971 5056 καὶ
1028 5001 1148 5056 τῶν
1191 5002 1310 5056 ἀπὸ
1360 5005 1635 5070 Κιλικίας
1690 5007 1790 5059 καὶ

199 5088 433 5152 Ἀσίας,
459 5083 858 5150 συζητοῦντες
879 5083 958 5149 τῷ
983 5086 1284 5153 Στεφάνῳ·
1311 5087 1409 5139 καὶ
1433 5089 1545 5140 οὐκ
1569 5088 1795 5156 ισχυον

187 5167 553 5236 ἀντιστῆναι
584 5166 656 5235 τῇ
680 5167 868 5236 σοφίᾳ
899 5166 1100 5232 καὶτῷ
1133 5169 1454 5236 Πνεύματι,
1485 5163 1534 5236 ᾧ
1562 5171 1789 5228 ἐλάλει.

194 5256 338 5311 Τότε
365 5253 674 5307 ὑπέϐαλον
701 5250 927 5319 ἄνδρας
948 5252 1264 5320 λέγοντας,
1297 5253 1385 5306 ὅτι
1420 5255 1796 5326 Ἀκηκόαμεν

189 5337 386 5393 αὑτοῦ
417 5335 759 5400 λαλοῦντος
790 5332 1034 5402 ῥήματα
1079 5334 1428 5406 βλάσφημα
1451 5342 1538 5404 εἰς
1563 5340 1797 5408 Μωσῆν

189 5422 293 5475 καὶ
320 5419 426 5472 τὸν
455 5418 623 5482 Θεόν,
653 5419 769 5470 Ἰνα
792 5418 891 5488 τὴν
913 5419 1252 5490 κατηγορίαν
1277 5421 1612 5488 συστήσωσι,
1641 5425 1798 5478 Κατά

190 5502 287 5557 τοῦ
338 5500 494 5554 Θεοῦ.
533 5501 688 5568 φησὶ,
723 5500 818 5553 καὶ
848 5502 990 5554 κατά
1018 5503 1265 5566 Μωσέως
1296 5503 1468 5560 λαλεῖ.
1506 5506 1604 5559 Διά
1640 5507 1797 5561 τοῦτο

192 5586 289 5638 καὶ
332 5580 680 5650 συνεζήτουν,
701 5583 788 5635 ῖνα
810 5584 1197 5653 ἀναγκάσωσιν
1221 5587 1386 5639 αὐτόν
1415 5605 1467 5640 τι
1503 5591 1698 5644 εἰπεῖν.
1737 5591 1796 5644 Ὀ

192 5668 251 5720 δὲ
314 5664 653 5734 γυμνότερον
691 5664 877 5717 λοιπὸν
927 5667 1222 5735 διελέγετο,
1283 5671 1380 5722 καὶ
1420 5671 1521 5741 τὴν
1583 5671 1796 5725 παῦλαν

196 5751 331 5809 ἴσως
353 5747 499 5813 ἔλεγε
527 5748 623 5799 τοῦ
651 5747 817 5819 νόμου
843 5751 1022 5818 μόνον·
1048 5752 1080 5821 ἢ
1103 5753 1204 5805 οὐκ
1225 5753 1375 5819 ἔλεγε
1405 5755 1524 5823 μὲν,
1550 5755 1797 5826 ᾐνίττετο

196 5829 257 5883 δέ
313 5830 436 5883 ἐπεὶ
473 5827 522 5879 εί
551 5831 706 5897 ἔλεγε
765 5832 1035 5902 φανερῶς,
1069 5835 1171 5888 οὐκ
1199 5836 1308 5889 ἔδει
1334 5836 1443 5888 τῶν
1475 5837 1797 5908 ὺποϐλητῶν

201 5909 415 5980 ἁνϐρῶν
439 5907 560 5964 οῦδέ
590 5909 703 5964 τῶν
727 5911 1210 5985 ψευδομαρτύρων.
1237 5918 1493 5989 Διάφοροι
1515 5918 1569 5972 δὲ
1600 5921 1657 5972 αἱ
1675 5907 1796 5974 συν-

265 6063 292 6104 δ
322 6065 415 6112 Am
448 6066 732 6120 συναγωγῆς
765 6061 861 6106 τῶν
892 6059 1176 6125 λεγομένων,

478 6153 760 6211 Parnm.
817 6149 934 6210 Gn.
989 6153 1096 6212 LX

1895 3581 2112 3648 αγωγαὶ
2134 3573 2277 3652 ἦσαν
2305 3579 2644 3652 Λιϐερτίνων
2671 3575 2771 3633 καὶ
2815 3579 3167 3652 Κυρηναίων.
3207 3580 3370 3636 Ἀλλά
3397 3584 3508 3638 Κυ-

1899 3666 2109 3735 ρηναῖοι
2144 3664 2242 3734 μὲν
2268 3663 2318 3716 οἱ
2343 3662 2604 3717 ἐπέκεινα
2666 3662 3084 3734 Ἀλεξανδρείας
3113 3663 3281 3729 είσὶν,
3314 3665 3365 3719 οἶ
3410 3669 3508 3721 καὶ

1894 3751 2014 3800 ἐκεῖ
2041 3748 2182 3802 κατά
2202 3747 2271 3800 τὰ
2305 3747 2432 3819 ἔθνη
2463 3744 2613 3818 εἶχον
2647 3749 2997 3817 συναγωγάς·
3030 3747 3164 3813 ἴσως
3194 3750 3253 3804 δὲ
3277 3753 3374 3805 καὶ
3391 3754 3514 3808 ἐκεῖ

1895 3833 2108 3903 ἔμενον,
2171 3833 2257 3885 ἵνα
2295 3833 2372 3904 μὴ
2409 3831 2838 3900 ἀναγκάζωνται
2891 3833 3135 3903 συνεχῶς
3180 3835 3509 3907 ἀποδημεῖν.

1895 3916 2205 3988 Λιϐερτῖνοι
2259 3916 2317 3969 δὲ
2368 3915 2418 3969 οί
2457 3916 2753 3986 Ῥωμαίων
2806 3915 3171 3988 ἀπελεύθεροι
3220 3917 3366 3973 οὕτω
3407 3938 3513 3976 κα·

1894 4000 2134 4054 λοῦνται.
2173 4001 2387 4063 Ὥσπερ
2413 4000 2470 4052 δέ
2505 3998 2687 4070 ᾤκουν
2725 4001 2848 4053 ἐκεῖ
2909 4001 3102 4055 πολλοὶ
3145 4003 3312 4070 ξένοι,
3364 4005 3511 4060 οὕτω

1895 4083 1988 4137 καὶ
2013 4083 2344 4152 συναγωγὰς
2367 4078 2538 4154 εἶχον,
2574 4083 2707 4136 ἔνθα
2747 4083 2855 4137 ἔδει
2904 4084 2998 4138 10v
3037 4086 3204 4156 νόμον
3232 4089 3511 4159 ἀναγινώ-

1896 4167 2124 4220 σκεσθαι
2158 4167 2250 4220 καὶ
2283 4165 2451 4236 εὐχὰς
2478 4163 2752 4234 γίνεσθαι.
2810 4166 2884 4220 Σὺ
2908 4167 2965 4222 δέ
3000 4185 3093 4239 μοι
3139 4171 3356 4236 σκόπει,
3389 4174 3510 4238 πῶς

1896 4250 1990 4303 καὶ
2019 4243 2176 4314 οὗτος
2201 4249 2657 4319 ἀναγκαζόμενος
2677 4248 2957 4303 διδάσκειν
2988 4252 3283 4324 ἐπιχειρεῖ,
3315 4255 3508 4308 κάκεῖ-

1896 4350 1980 4386 νοι
2016 4333 2179 4386 πάλιν
2217 4331 2308 4386 διὰ
2334 4331 2402 4386 τὰ
2431 4334 2640 4403 σημεῖα
2664 4333 2746 4396 είς
2776 4333 2974 4402 φθόνον
3004 4335 3064 4388 οὐ
3105 4335 3269 4407 μόνον
3295 4339 3511 4392 κινοῦν-

1892 4433 2005 4480 ται,
2036 4416 2151 4469 ἀλλ’
2201 4415 2327 4468 ἐπεὶ
2372 4415 2467 4467 καὶ
2492 4414 2638 4484 λόγῳ
2666 4416 2915 4486 ἐκράτει,
2967 4419 3068 4472 καὶ
3113 4419 3392 4492 ἀφόρητος
3439 4416 3512 4494 ἦν

1894 4500 2102 4564 αὐτοῖς,
2137 4499 2599 4570 ψευδομάρτυρας
2646 4498 2996 4555 συνιστῶσιν.
3051 4503 3167 4556 Οὐκ
3224 4503 3513 4558 ἐϐούλοντο

1894 4582 2005 4653 7&9
2036 4581 2224 4646 ἀπλῶς
2252 4583 2524 4653 ἀναιρεῖν,
2551 4580 2694 4636 ἀλλά
2733 4584 2874 4653 μετὰ
2897 4584 3108 4656 ψήφου,
3148 4586 3236 4640 ἵνα
3264 4588 3359 4642 καὶ
3409 4588 3513 4661 τὴν

1894 4665 2052 4732 δόξαν
2078 4665 2258 4745 αὐτῶν
2295 4665 2564 4736 βλάψωσι·
2602 4667 2699 4720 καὶ⁵
2724 4667 2974 4732 ἐκείνους
3001 4670 3233 4740 ἀφέντες
3261 4674 3353 4726 ἐπὶ
3385 4673 3512 4728 τού.

1894 4769 2021 4816 τους
2047 4752 2320 4824 ἔρχονται,
2367 4751 2444 4812 ὼς
2504 4752 2678 4823 ταύτῃ
2727 4755 3214 4827 καταπληξόμενοι
3257 4767 3280 4794 ο
3315 4761 3509 4814 1&er-

1894 4851 2039 4898 vou;°
2081 4836 2131 4888 οῖ
2153 4836 2245 4888 καὶ
2270 4835 2373 4888 οὐκ
2405 4830 2582 4902 εἶπον,
2617 4837 2702 4889 ὅτι
2725 4837 2915 4900 Λαλεῖ,
2945 4839 3084 4904 ἀλλ’,
3121 4843 3205 4895 Οὐ
3252 4843 3511 4897 παύεται

1894 4916 2127 4981 λαλῶν,
2155 4915 2413 4982 αὔξοντες
2435 4918 2537 4990 τὴν
2581 4920 2945 4991 κατηγορίαν.
2977 4924 3404 4992 Συνεκίνησάν
3441 4944 3508 4980 τε

1895 5001 2040 5067 τοὺς
2068 5000 2512 5070 πρεσϐυτέρους
2543 5002 2642 5055 καί
2673 5002 2816 5068 τοὺς
2842 5005 3227 5074 γραμματεῖς,
3258 5010 3356 5060 καὶ
3378 5008 3509 5062 ἐπι-

1896 5083 2156 5150 στάντες
2188 5083 2605 5152 συνήρπασαν
2646 5085 2856 5151 αὐτὸν,
2888 5089 2990 5140 καί
3044 5086 3278 5158 ἤγαγον
3313 5094 3409 5158 -είς
3437 5096 3508 5146 τὸ

1897 5168 2240 5236 συνέδριον,
2265 5168 2544 5237 ἔστησάν
2586 5187 2652 5222 τε
2671 5171 2983 5240 μάρτυρας
3026 5173 3275 5241 ψευδεῖς
3295 5175 3508 5245 λέγον.

1897 5269 2023 5317 τας·
2064 5252 2115 5303 '0
2134 5251 2445 5320 ἄνθρωπος
2469 5248 2650 5318 οὗτος
2673 5254 2745 5307 οὐ
2770 5254 3021 5308 παύεται
3032 5255 3275 5324 ῥήματα
3293 5258 3506 5312 λαλῶν

1897 5334 2050 5389 κατὰ
2086 5333 2236 5406 [120]
2268 5335 2374 5388 τοῦ
2401 5335 2593 5389 τόπου
2645 5335 2754 5389 τοῦ
2788 5337 2964 5404 ἁγίου
3006 5340 3223 5392 τούτου
3254 5341 3353 5393 καὶ
3395 5344 3505 5397 τοῦ

1896 5418 2106 5486 νόμου.
2152 5420 2235 5471 Οὐ
2267 5419 2541 5482 παύεται,
2580 5418 2771 5487 φασὶν,
2796 5419 2872 5480 ὼς
2894 5419 3059 5492 ἔργον
3113 5422 3280 5476 αὐτοῦ
3312 5440 3503 5478 ποιου-

1900 5501 2062 5570 μένου
2090 5500 2179 5553 διά
2206 5501 2401 5554 τούτου
2431 5500 2740 5572 δηλοῦντες.
2780 5503 3157 5572 Ἀκηκόαμεν
3180 5509 3292 5574 γὰρ
3312 5507 3504 5561 αὑτοῦ

1905 5583 2205 5652 λέγοντος,
2248 5583 2337 5636 ὅτι
2383 5584 2627 5652 Ἰησοῦς
2653 5589 2688 5639 ό
2727 5585 3064 5653 Ναζωραῖος
3093 5583 3275 5654 οὗτος
3323 5605 3505 5643 κατα-

1896 5667 2075 5720 λύσει
2108 5667 2217 5720 τὸν
2246 5669 2436 5722 τόπον
2460 5668 2700 5734 τοῦτον,
2731 5670 2830 5723 καὶ
2889 5668 3144 5733 ἀλλάξει
3181 5672 3252 5724 τὰ
3279 5671 3409 5738 ἔθη,
3462 5673 3502 5727 d

1897 5749 2244 5818 παρέδωκεν
2269 5740 2415 5820 ἡμῖν
2442 5750 2726 5820 Μωῦσῆς.
2800 5752 3059 5819 Ἰησοῦς,
3103 5754 3286 5822 φασὶν,
3320 5757 3352 5807 ό
3379 5757 3500 5808 Να-

1900 5831 2160 5900 ζωραῖος,
2211 5837 2304 5887 καί⁸
2357 5834 2750 5898 όνειδιστικῶς,
2784 5836 3116 5889 καταλύσει
3156 5836 3262 5889 τὸν
3309 5837 3501 5890 τόπον

1899 5916 2138 5986 τοῦτον,
2164 5919 2263 5971 καὶ
2289 5918 2545 5982 ἀλλάξει
2581 5919 2652 5972 τὰ
2680 5921 2807 5988 ἔθη.
2835 5917 3005 5972 Τοῦτο
3026 5918 3235 5975 καὶτοῦ
3258 5918 3496 5991 Χριστοῦ

1966 6071 1986 6094 ⁸
2022 6071 2160 6123 Unus
2189 6074 2370 6122 καταπ)
2382 6070 2529 6131 ηττόμ
2540 6087 2652 6118 ενοι.

3111 6167 3156 6232 8
