4094 6512
140 492 222 546 ΕΙ
1124 485 1189 541 ΙΝ
1233 483 1413 540 ACTA
1457 478 1989 538 APOSTOLORUM.
2031 478 2265 537 HOMIL.
2308 478 2425 537 XV.

137 611 346 677 Moyses.
381 606 569 671 Iesus,
628 605 874 675 inquiunt
901 643 916 669 ,
951 599 1255 655 Nasareuus
1283 641 1299 663 ,
1342 597 1496 668 quasi
1541 606 1731 653 contu-

135 700 341 753 meliose
365 740 382 763 ,
416 698 644 753 destruet
679 698 841 750 locum
869 694 1044 755 istum,
1073 702 1119 745 et
1155 690 1370 744 mutabit
1405 687 1733 743 consuetudi-

131 807 225 843 nes.
254 789 366 844 Hoc
405 790 569 844 etiam
615 785 887 841 Christum
926 791 1266 846 accusantes,
1305 781 1598 837 dicebant:
1632 778 1733 846 Qui

130 884 330 936 destrui:
366 882 616 948 templum
641 878 736 933 Dei
768 877 983 949 (Matth.
1001 876 1095 930 27.
1118 874 1236 945 ιο).
1261 873 1422 929 Multa
1441 871 1639 943 quippe
1664 870 1729 925 il-

130 975 185 1027 lis
210 973 507 1028 reverentia
530 982 646 1026 crat
669 985 794 1041 erga
821 969 1103 1040 templum,
1126 976 1312 1037 utpote
1330 966 1422 1036 qui
1442 964 1551 1019 illic
1569 961 1730 1018 sedes

128 1078 315 1132 ponere
339 1063 569 1127 vellent,
603 1062 837 1131 itemque
854 1075 981 1129 erga
1013 1057 1212 1129 Moysis
1244 1070 1462 1111 nomen.
1489 1052 1558 1108 Et
1583 1050 1724 1116 vide,

126 1155 389 1226 quomodo
410 1154 612 1224 duplex
639 1153 710 1207 sit
729 1150 1003 1206 accusatio
1032 1167 1044 1202 :
1072 1148 1328 1213 Destruet,
1356 1145 1620 1215 inquiunt,
1645 1143 1723 1197 ιο.

127 1264 229 1299 runt
255 1256 301 1301 et
328 1246 544 1299 mutabit
569 1242 979 1299 consuetudines.
1027 1238 1143 1294 Non
1185 1237 1348 1294 modo
1372 1236 1569 1305 duplex
1590 1276 1606 1299 ,
1630 1234 1723 1290 sed

122 1339 268 1394 etiam
293 1341 517 1401 acerba,
550 1347 603 1392 et
630 1336 788 1407 plena
819 1333 1093 1406 periculis.
1122 1332 1210 1387 l5.
1244 1330 1305 1385 Et
1332 1331 1581 1384 intuentes
1606 1343 1724 1383 eunt

122 1446 297 1493 carnes,
311 1431 402 1498 qui
416 1430 656 1484 sedebant
678 1428 729 1481 in
750 1424 988 1489 concilio,
1003 1423 1235 1478 viderunt
1258 1421 1442 1493 faciem
1461 1420 1572 1489 ejus
1595 1428 1719 1472 ωηο,

118 1538 257 1590 quant
284 1522 477 1592 faciens
501 1518 691 1591 angeli.
721 1516 813 1573 Sic
838 1514 952 1571 ﬁeri
977 1522 1154 1584 potest
1172 1554 1187 1580 ,
1218 1522 1278 1568 ut
1304 1511 1396 1583 qui
1438 1510 1490 1565 in
1528 1508 1721 1564 minori

121 1616 271 1684 gradu
298 1624 429 1669 srrnt
453 1615 775 1668 clarescant.
819 1608 958 1677 Quid
980 1607 1124 1663 enim
1146 1648 1161 1671 ,
1184 1619 1371 1677 qureso
1388 1646 1402 1667 .
1430 1602 1518 1659 hic
1541 1602 1721 1657 minus

120 1708 357 1773 habebat,
406 1721 567 1777 quam
596 1703 861 1774 apostoli?
916 1716 1097 1756 nonne
1130 1699 1283 1769 signa
1313 1705 1567 1767 operatus
1589 1692 1719 1750 est?

120 1816 281 1855 nonne
305 1800 533 1854 multam
561 1796 802 1853 exhibuit
826 1791 1077 1864 loquendi
1098 1788 1441 1846 libertatem?
1466 1784 1719 1841 Viderunt

119 1896 286 1961 faciem
313 1895 453 1965 ejus,
472 1903 730 1961 tamquam
752 1888 937 1958 [aciem
961 1885 1152 1956 angeli,
1174 1883 1367 1953 inquit.
1398 1880 1525 1936 limo
1545 1878 1716 1950 gratia

115 1995 234 2050 erat,
265 1986 384 2040 lucc
404 1984 576 2055 gloria
598 1980 797 2052 Moysis
822 1988 959 2035 erat.
1001 1977 1313 2034 Gratiosum
1336 1982 1519 2030 autem
1542 1972 1713 2039 illum,

117 2091 164 2133 tu
191 2078 402 2133 videtur
423 2076 581 2144 mihi,
606 2074 735 2130 fecit
759 2074 921 2138 Deus,
956 2070 1093 2126 forte
1113 2069 1237 2140 quia
1263 2066 1509 2137 quaedam
1540 2064 1716 2120 dictu-

118 2184 195 2224 rus
215 2179 357 2236 erat,
377 2178 439 2223 ut
460 2167 644 2223 statim
665 2164 750 2221 vel
771 2180 837 2220 ex
860 2172 1080 2232 aspectu
1108 2160 1228 2216 illos
1251 2155 1713 2230 perterrefaceret.

116 2260 330 2315 Possunt
357 2261 511 2316 enim
530 2300 546 2325 ,
583 2264 809 2328 possunt
835 2256 1021 2325 utique
1048 2252 1227 2307 vultus
1253 2251 1421 2321 gratia
1451 2248 1713 2318 spirituali

114 2354 262 2420 pleni,
288 2352 561 2407 amabiles
579 2348 1031 2411 desiderantibus,
1056 2342 1347 2398 venerandi
1370 2350 1426 2397 et
1446 2339 1713 2395 terribiles

112 2443 404 2498 sitientibus
429 2457 575 2497 esse.
601 2439 697 2496 Vel
720 2437 969 2493 fortassis
993 2436 1097 2490 hoc
1117 2433 1272 2498 dixit,
1298 2431 1449 2502 quasi
1470 2444 1709 2493 causam,

112 2546 318 2607 propter
346 2550 518 2607 quam
559 2533 701 2603 passi
727 2540 853 2586 sunt
883 2529 1031 2584 illum
1062 2526 1395 2583 conciorrari.
1418 2523 1556 2590 Quid
1583 2536 1712 2578 vero

112 2630 345 2700 princeps
369 2623 757 2683 sacerdotum?
784 2620 939 2692 (Cap.
973 2620 1054 2689 7.)
1086 2619 1138 2673 l.
1169 2616 1230 2673 Si
1258 2616 1387 2683 lucc,
1420 2614 1609 2685 inquit,
1640 2615 1711 2667 ita

110 2738 153 2774 se
172 2720 349 2774 habent
368 2720 396 2773 7
424 2716 636 2781 Viden‘,
665 2730 825 2785 quam
852 2719 1133 2767 mansueta
1157 2718 1210 2764 et
1233 2709 1366 2764 nihil
1393 2707 1616 2762 molesta
1641 2707 1712 2761 sit

112 2808 490 2881 interrogatio?
518 2805 643 2861 Ideo
666 2806 756 2861 ille
787 2800 997 2875 placide
1025 2800 1256 2867 orditur,
1283 2808 1339 2855 et
1361 2802 1439 2853 ait
1470 2798 1560 2852 :2.
1601 2795 1709 2851 Viri

108 2906 273 2969 fratres
301 2916 350 2959 et
383 2911 556 2973 patres
580 2940 595 2965 ,
626 2898 802 2952 audite
829 2912 849 2951 :
877 2895 1016 2949 Deus
1057 2894 1236 2965 gloria
1284 2891 1527 2963 apparuit
1575 2889 1709 2960 patri

109 3006 262 3049 nostro
288 2995 539 3058 Abralue,
560 2990 688 3045 cum
724 2997 850 3043 esset
886 2988 943 3040 in
990 2984 1385 3054 Mesopotamia,
1412 2982 1709 3052 priusquam

109 3095 375 3139 moraretur
404 3086 462 3137 in
486 3081 745 3138 Claarran.
794 3078 988 3135 Statim
1020 3092 1048 3129 a
1083 3075 1351 3147 principio
1396 3074 1705 3144 opinionem

108 3175 299 3229 illorum
330 3174 517 3238 tollit,
544 3181 599 3228 et
622 3172 739 3228 sine
780 3170 887 3224 ulla
931 3167 1239 3237 suspicione
1281 3164 1545 3231 adstruit,
1573 3163 1704 3219 nihil

106 3280 209 3320 esse
238 3266 529 3336 templum,
561 3262 694 3318 nihil
722 3258 1164 3321 consuetudines,
1194 3269 1370 3325 neque
1392 3256 1537 3324 ipsos
1561 3270 1704 3325 prte-

106 3360 422 3413 dicationem
464 3371 587 3412 esse
616 3354 949 3410 cohibituros
974 3367 989 3416 ;
1014 3351 1293 3419 Deumque
1336 3361 1555 3416 semper
1604 3359 1701 3411 ea,

106 3465 206 3518 qua:
221 3450 484 3506 videntur
503 3446 877 3519 impossibilia,
902 3444 1082 3499 facere
1102 3449 1158 3497 et
1180 3454 1390 3510 parare.
1420 3437 1554 3493 Vide
1573 3450 1704 3507 ergo

107 3546 175 3599 his
220 3544 442 3601 contexi
495 3542 813 3599 concionem
835 3582 849 3605 ,
882 3552 987 3609 qua
1024 3533 1359 3596 ostenditur,
1384 3531 1505 3587 illos
1539 3530 1701 3585 multa

104 3654 297 3709 semper
318 3638 418 3693 Dei
437 3634 766 3706 benignitate
793 3630 1053 3695 fruentes,
1075 3626 1345 3685 contraria
1373 3622 1701 3679 benefactori

105 3732 432 3799 rependisse,
456 3738 513 3783 et
541 3724 893 3796 impossibilia
928 3730 1155 3777 tentare.
1206 3718 1345 3774 Deus
1384 3717 1563 3789 gloria:
1601 3731 1700 3784 ap-

106 3821 255 3888 paruit
280 3821 419 3892 patri
446 3828 620 3872 nostra
648 3815 867 3870 Abraha:
884 3854 899 3879 ,
933 3814 986 3868 3.
1017 3822 1065 3866 et
1092 3811 1222 3865 dixit
1262 3810 1332 3863 ad
1370 3809 1516 3863 illum
1542 3821 1562 3862 :
1595 3804 1699 3860 Emi

104 3914 156 3965 de
196 3926 325 3967 terra
356 3924 466 3972 tua.
494 3922 540 3965 et
567 3910 677 3965 veni
704 3911 757 3963 in
785 3918 973 3962 terram
994 3948 1010 3974 ,
1032 3920 1187 3977 quant
1215 3910 1558 3958 monstrarem
1585 3899 1695 3955 tibi.

106 4004 248 4073 (σαι.
286 4005 382 4060 r2.
437 4002 525 4073 ι).

162 4098 210 4151 2.
239 4096 535 4165 Templum
562 4090 798 4148 nondum
826 4099 963 4153 erat,
994 4083 1319 4142 sacriﬁcium
1347 4097 1454 4138 non
1483 4089 1620 4145 erat,
1642 4088 1698 4137 et

103 4186 259 4241 divina
306 4187 523 4243 visione
567 4184 814 4253 dignatus
862 4188 946 4234 est
985 4175 1276 4241 Abraham,
1301 4173 1389 4245 qui
1420 4170 1695 4243 Persas(a)

103 4280 469 4349 progenitores
500 4274 701 4339 habuit,
726 4281 781 4328 et
810 4272 863 4326 in
887 4270 1062 4324 aliena
1092 4278 1235 4323 terra
1262 4275 1397 4321 erat.
1425 4264 1493 4319 Et
1518 4279 1617 4319 cur
1641 4264 1692 4318 in

100 4372 302 4426 exordio
332 4371 527 4433 Deum,
555 4367 741 4438 gloriae
769 4362 1057 4435 appellavit
1086 4358 1292 4415 Deum?
1330 4357 1580 4427 Quiaille
1608 4356 1690 4411 in-

102 4462 281 4530 glorios
302 4462 433 4517 fecit
451 4459 752 4530 gloriosos;
775 4465 830 4511 et
846 4465 900 4509 ut
922 4452 1253 4515 ostenderet,
1280 4449 1327 4504 si
1346 4449 1470 4503 illos
1491 4447 1693 4518 gloriﬁ-

102 4552 222 4606 carit
245 4596 259 4618 ,
281 4551 462 4606 multo
498 4548 667 4618 magis
701 4548 834 4601 istos
872 4542 1299 4616 gloriﬁcaturum
1325 4554 1470 4596 esse.
1501 4538 1689 4593 Viden‘

100 4648 355 4717 quomodo
380 4646 506 4699 illos
532 4659 563 4698 a
591 4644 866 4712 corporeis
887 4638 1137 4701 abducat,
1163 4645 1218 4689 et
1236 4650 1266 4689 a
1290 4634 1411 4689 loco
1435 4633 1687 4702 primum,

98 4742 206 4805 quia
222 4738 289 4795 de
305 4739 431 4792 loco
450 4733 741 4805 agebatur?
757 4730 893 4785 Deus
909 4730 1107 4801 gloria.
1137 4726 1195 4782 Si
1219 4726 1359 4781 Deus
1380 4732 1462 4779 est
1479 4723 1686 4794 glorim,

99 4831 256 4895 palam
284 4838 372 4885 est
396 4828 548 4881 illum
572 4840 680 4881 non
708 4837 867 4895 egere
894 4821 1063 4893 gloria
1091 4828 1294 4882 nostra,
1325 4832 1496 4888 neque
1518 4815 1687 4887 gloria

99 4921 295 4990 templi;
318 4921 442 4989 ipse
478 4931 708 4987 namque
739 4923 819 4971 est
854 4912 1040 4984 gloriae
1072 4912 1212 4964 lous.
1242 4908 1319 4963 Ne
1346 4923 1473 4978 ergo
1491 4907 1687 4977 putetis
1735 4988 1741 4995 .

98 5026 179 5066 vos
205 5013 280 5067 sic
307 5011 466 5065 illum
493 5007 889 5079 gloriﬁcaturos
913 5018 1055 5059 esse.
1098 5002 1165 5057 Et
1186 5016 1301 5065 cur,
1331 4999 1559 5069 inquies,
1585 4997 1688 5052 hoc

96 5103 351 5174 Scriptura
383 5102 452 5156 de
484 5099 791 5155 Abrahamo
815 5097 987 5154 dicit?
1013 5094 1147 5162 Quia
1176 5094 1355 5148 minus
1380 5089 1684 5146 necessaria

97 5212 187 5249 non
214 5198 405 5251 relert.
444 5190 598 5261 Quod
627 5190 773 5244 enim
802 5188 941 5244 scire
970 5201 1071 5241 nos
1095 5183 1434 5259 expediebat,
1470 5181 1572 5235 hoc
1596 5194 1685 5235 so-

98 5285 189 5337 lum
218 5302 313 5341 nos
342 5284 549 5347 docuit,
602 5280 744 5352 quod
788 5279 980 5335 videns
1009 5278 1172 5331 ﬁlium
1211 5282 1332 5330 cum
1371 5274 1462 5329 illo
1487 5273 1683 5343 migra-

98 5376 186 5437 vit;
217 5387 414 5431 cetera
447 5389 575 5429 vero
606 5373 791 5436 tacuit,
845 5385 912 5425 eo
959 5368 1102 5440 quod
1158 5368 1268 5421 cito
1314 5374 1558 5421 mortuus
1612 5364 1683 5418 sit

97 5478 359 5535 p'vatquam
407 5466 738 5520 habitaverat
767 5462 819 5517 in
845 5461 1108 5515 Charran.
1162 5458 1262 5511 Exi
1292 5457 1356 5509 de
1382 5458 1682 5526 cognatione

97 5568 188 5610 tua.
221 5558 317 5614 llic
343 5556 581 5611 ostendit
611 5554 711 5610 hos
749 5568 857 5608 non
898 5566 1021 5607 esse
1066 5551 1204 5605 ﬁlios
1229 5549 1482 5604 Abrahae.
1530 5548 1678 5615 Quo-

98 5649 278 5702 modo?
321 5647 456 5715 Quia
482 5648 571 5701 ille
599 5647 907 5717 obsequens
950 5653 1087 5709 erat,
1121 5643 1172 5697 hi
1205 5652 1386 5696 autem
1437 5641 1682 5710 pervica-

98 5752 200 5803 res;
218 5739 323 5793 imo
336 5754 401 5793 ex
429 5738 491 5792 iis
509 5753 628 5809 qua!
644 5737 829 5807 jussus
851 5734 971 5791 iacit
988 5733 1267 5801 disrimus,
1292 5732 1442 5786 illum
1462 5730 1676 5801 quidem

151 5876 216 5933 (α)
247 5875 503 5928 Fannliare
543 5882 625 5929 est
647 5871 993 5938 Chrysostomo
1008 5869 1292 5929 Orientales
1330 5881 1462 5936 pene
1503 5880 1678 5923 omnes

101 5948 249 5990 εοωω
271 5948 451 5991 Persas.

3349 482 3454 538 1ἳὶ

1843 594 2054 650 labores
2097 595 2442 661 sustinuisse,
2468 593 2569 650 hos
2615 609 2745 652 vero
2792 594 2997 651 fruetus
3044 593 3374 667 decerpere,
3400 612 3456 655 et

1840 686 2215 758 progenitores
2234 700 2427 743 onrrres
2455 686 2509 740 in
2538 686 2794 741 mrumnis
2823 684 3012 742 fuisse.
3037 687 3093 741 4.
3126 704 3147 739 r
3176 686 3243 741 Et
3262 703 3454 760 egres-

1838 792 1931 832 sus
1952 777 2021 833 de
2042 787 2182 834 terra
2204 776 2603 845 Chaldaeorum,
2624 776 2887 832 habitavit
2902 776 2957 832 in
2974 775 3237 834 Charran:
3256 788 3311 834 et
3328 780 3457 837 inde

1838 880 2119 945 postquam
2161 882 2411 929 mortuus
2432 882 2519 930 est
2541 883 2696 946 pater
2715 873 2835 943 ejus
2857 913 2874 941 ,
2918 874 3193 929 transtulit
3220 873 3370 929 illum
3400 875 3453 929 in

1836 975 2032 1020 terram
2060 963 2216 1019 istam
2241 983 2254 1020 :
2280 965 2333 1019 in
2352 980 2456 1036 qua
2482 979 2624 1021 nunc
2650 979 2747 1019 vos
2770 963 3057 1019 habitatis:
3079 964 3133 1019 ὅ.
3150 972 3209 1020 et
3233 980 3340 1019 non
3357 964 3456 1019 dc-

1833 1057 1909 1112 dit
1932 1056 2007 1112 illi
2036 1057 2407 1113 htereditatem
2432 1058 2484 1113 in
2504 1073 2588 1121 ea,
2606 1072 2782 1128 neque
2806 1071 3024 1127 passum
3042 1055 3214 1127 pedis.
3244 1074 3264 1110 ι
3293 1055 3451 1123 Vide,

1834 1148 2108 1218 quomodo
2130 1149 2253 1204 illos
2274 1164 2305 1204 a
2335 1159 2476 1205 terra
2498 1148 2753 1204 abducat.
2777 1147 2895 1204 Non
2916 1147 3053 1204 dixit
3072 1148 3240 1214 enim,
3259 1146 3448 1214 Dabit;

1831 1239 1950 1306 sed,
1983 1240 2105 1295 Non
2133 1241 2294 1308 dedit,
2315 1240 2601 1297 declarans
2618 1240 2801 1296 omnia
2828 1240 2897 1295 ab
2924 1240 3037 1306 illo,
3072 1238 3206 1296 nihil
3229 1240 3297 1295 ab
3318 1239 3451 1310 ipsis

1832 1331 2020 1389 fuisse.
2068 1331 2232 1389 Venit
2267 1333 2413 1388 enim
2454 1333 2640 1389 relicta
2684 1332 3010 1405 cognatione
3033 1341 3089 1387 et
3114 1332 3306 1403 patria.
3339 1332 3450 1388 Cur
3524 1404 3527 1405 ν

1828 1437 1961 1493 ergo
1983 1437 2090 1478 non
2115 1421 2300 1479 dedit?
2324 1424 2461 1491 Quia
2496 1423 2663 1494 ﬁgura
2691 1432 2812 1480 erat
2837 1424 3060 1481 alterius
3100 1433 3261 1479 terra:
3280 1439 3445 1497 quam

1830 1515 2078 1583 promisit
2103 1525 2167 1572 se
2194 1516 2270 1572 illi
2301 1516 2573 1571 daturum.
2611 1516 2775 1573 Vides
2797 1558 2813 1584 ,
2846 1532 2972 1572 eum
3001 1531 3106 1572 non
3134 1518 3253 1573 sine
3280 1532 3443 1574 causa

1826 1619 2132 1663 sermonem
2169 1608 2490 1665 resumere?
2522 1608 2643 1664 Non
2672 1610 2811 1663 dedit
2850 1609 2957 1673 illi,
2993 1609 3182 1678 inquit.
3223 1607 3290 1663 Et
3321 1627 3443 1680 pro-

1824 1698 1964 1752 misit
2004 1699 2187 1754 semini
2226 1700 2337 1767 eirts
2367 1710 2480 1771 post
2517 1700 2663 1755 illum
2685 1742 2700 1768 ,
2732 1717 2849 1755 cum
2885 1717 2987 1755 non
3017 1700 3221 1754 haberet
3248 1702 3439 1769 ﬁlium.

1828 1789 1962 1847 llinc
1992 1808 2207 1847 rursum
2244 1793 2549 1849 ostenditur
2581 1794 2673 1849 Dei
2705 1794 2944 1863 potentia
2967 1834 2982 1861 ,
3014 1793 3161 1864 quod
3187 1809 3252 1847 ea
3280 1792 3438 1848 faciat

1824 1900 1945 1953 quae
1971 1884 2323 1956 impossibilia
2353 1885 2626 1942 videntur.
2661 1887 2797 1941 Eum
2825 1888 2993 1953 enirn,
3023 1886 3113 1957 qui
3142 1887 3193 1941 iu
3217 1885 3440 1942 Perside

1822 1987 1958 2042 erat,
1995 1986 2146 2034 tanto
2174 1978 2351 2048 spatio
2378 1991 2671 2044 remotum,
2702 1980 2838 2035 dixit
2866 1995 2926 2035 se
2953 1979 3233 2036 dominum
3265 1979 3438 2035 Palm-

1822 2069 1978 2123 stina:
2009 2068 2301 2126 facturum.
2343 2070 2450 2128 Sed
2490 2070 2629 2127 dicta
2674 2073 2923 2142 superius
2963 2082 3292 2144 repetamus.
3340 2070 3435 2126 ln-

1822 2171 2017 2218 tueutes
2053 2164 2106 2217 in
2144 2180 2260 2217 eum
2284 2206 2298 2230 ,
2330 2164 2536 2234 inquit,
2564 2165 2800 2218 viderunt
2824 2164 3008 2235 faciem
3038 2166 3148 2235 ejus
3174 2173 3435 2234 tamquam

1819 2257 2003 2325 faciem
2028 2254 2221 2324 angeli.
2251 2254 2400 2311 Unde
2429 2256 2480 2309 in
2507 2255 2783 2325 Stephano
2804 2256 2975 2326 gratia
3007 2254 3270 2311 ﬂorebat?
3296 2273 3435 2312 non-

1818 2362 1886 2400 ne
1912 2362 1979 2402 ex
2013 2346 2161 2402 ﬁde?
2187 2346 2242 2401 ld
2267 2355 2419 2402 certe
2446 2347 2620 2417 palam
2645 2357 2761 2413 est;
2792 2364 2913 2402 nam
2940 2363 3103 2418 supra
3131 2347 3200 2403 de
3226 2346 3321 2403 illo
3344 2349 3433 2404 di-

1817 2440 1929 2507 xit,
1963 2440 2180 2511 plenum
2210 2439 2317 2497 ﬁde
2356 2440 2540 2497 fuisse.
2571 2440 2757 2498 Potest
2782 2451 2964 2497 autem
3004 2439 3189 2496 haberi
3220 2444 3427 2513 gratia,

1816 2546 1937 2601 qua:
1984 2548 2092 2587 non
2134 2533 2207 2587 sit
2246 2534 2583 2588 curationum
2627 2550 2641 2589 :
2684 2532 2808 2589 ideo
2848 2532 2925 2588 ait
2954 2533 3244 2604 Apostolus
3276 2550 3291 2588 :
3324 2534 3431 2589 Atii

1815 2614 1989 2691 datur,
2024 2625 2196 2695 inquit
2214 2669 2229 2691 ,
2265 2627 2434 2698 gratia
2456 2626 2782 2682 curationum
2803 2668 2817 2691 ,
2846 2626 2939 2682 alii
2966 2643 3133 2681 sermo
3161 2628 3429 2695 sapientia:

1814 2716 1903 2788 (Ι.
1935 2715 2055 2772 Cor.
2085 2716 2174 2772 12.
2206 2718 2303 2786 9).
2336 2718 2436 2775 Hic
2463 2730 2643 2775 autem
2673 2718 2887 2775 videtur
2912 2718 3041 2773 mihi
3085 2718 3234 2773 illum
3271 2719 3427 2775 valde

1811 2807 2107 2877 gratiosum
2150 2809 2314 2865 fuisse
2353 2808 2678 2865 subindicari
2702 2850 2718 2877 ,
2748 2824 2873 2864 cum
2902 2809 3132 2875 dicitur,
3174 2808 3427 2864 Viderunt

1813 2901 1995 2969 faciem
2038 2902 2149 2967 eius
2194 2912 2455 2973 tamquam
2496 2904 2680 2974 faciem
2724 2902 2933 2973 angeli;
2967 2901 3110 2972 quod
3154 2903 3316 2959 etiam
3355 2902 3425 2957 de

1810 2991 2051 3048 Barnaha
2079 2992 2283 3048 dictum
2313 2993 2430 3048 luit.
2461 2993 2617 3050 Unde
2654 2994 2855 3049 scimus
2882 2993 3156 3063 simplices
3184 3003 3239 3048 et
3268 2993 3426 3049 inno-

1809 3091 1995 3138 centes
2034 3082 2085 3137 in
2128 3084 2318 3154 primis
2361 3085 2413 3139 in
2454 3083 2813 3140 admiratione
2850 3098 2972 3139 esse
2995 3084 3037 3149 ⁸,
3080 3083 3424 3154 maximeque

1808 3176 2096 3246 gratiosos.
2128 3176 2273 3231 Tunc
2308 3177 2667 3232 summiserant
2693 3178 2827 3232 viros
2852 3177 2939 3247 qui
2962 3175 3219 3241 dicerent,
3248 3193 3302 3231 se
3326 3195 3424 3230 au-

1808 3267 1995 3320 divisse
2035 3267 2184 3322 illum
2219 3268 2467 3322 dicentem
2508 3268 2657 3323 verba
2700 3268 3021 3338 blaspheme.
3050 3268 3129 3324 De
3160 3270 3421 3338 apostolis

1806 3360 2024 3430 quidem
2055 3358 2329 3428 dicebant,
2359 3361 2501 3431 quod
2530 3361 2983 3416 resurrectionem
3011 3361 3417 3429 annuntiarent,

1806 3449 2028 3520 etquod
2071 3449 2235 3504 multa
2273 3451 2426 3505 turba
2457 3450 2790 3516 conﬂueret;
2826 3451 2912 3506 hic
2942 3460 3121 3507 autem
3153 3451 3297 3522 quod
3326 3468 3418 3507 sa-

1806 3551 2086 3598 narentur.
2116 3541 2161 3599 O
2192 3542 2588 3613 insipientiarnl
2637 3543 2711 3598 De
2750 3542 2946 3614 quibus
2984 3544 3268 3615 Oportebat
3294 3559 3415 3616 gra-

1807 3634 1908 3689 tias
1932 3649 2126 3705 agere,
2156 3634 2225 3690 de
2268 3634 2335 3689 iis
2373 3634 2805 3705 rcdarguebant;
2835 3642 2891 3689 ct
2918 3649 3013 3689 eos
3038 3635 3128 3706 qui
3160 3636 3418 3706 operibus

1804 3727 2150 3797 superabant,
2195 3741 2256 3781 se
2302 3726 2483 3782 verbis
2532 3736 2882 3796 superaturos
2932 3740 3054 3782 esse
3100 3726 3413 3797 sperabam,

1802 3817 1944 3889 quod
1990 3818 2151 3873 etiam
2205 3831 2331 3888 erga
2387 3816 2664 3874 Christum
2701 3816 2999 3883 faciebant;
3029 3826 3083 3872 et
3114 3832 3330 3889 semper
3361 3820 3415 3874 in

1802 3907 1966 3963 verba
2007 3922 2131 3963 sese
2174 3908 2582 3963 convertebant.
2618 3906 2744 3963 Illos
2786 3908 2930 3962 enim
2974 3917 3183 3965 temere
3220 3924 3413 3979 rapere

1801 3998 2221 4061 erubescebant,
2265 3997 2394 4054 nihil
2438 3998 2696 4055 habentes
2726 4014 2833 4071 quo
2860 3998 3299 4055 criminarentur.
3346 4001 3408 4057 Et

1799 4088 1959 4153 vide,
1993 4088 2265 4159 quomodo
2305 4105 2410 4145 non
2455 4088 2665 4158 iudices
2708 4088 2808 4160 ipsi
2848 4089 3243 4155 testiﬁcentur;
3285 4106 3410 4147 nam

1799 4181 2060 4238 confutari
2093 4180 2354 4247 fuissent;
2388 4181 2484 4237 sed
2512 4182 2649 4236 alios
2691 4180 2889 4236 frustra
2928 4181 3178 4237 mercede
3205 4182 3413 4238 condn-

1798 4281 1960 4340 cunt,
1992 4280 2047 4326 ut
2080 4287 2147 4327 ne
2176 4271 2451 4327 videretur
2479 4286 2566 4328 res
2604 4286 2726 4328 esse
2764 4272 3024 4327 violenta.
3070 4271 3184 4327 Hoc
3230 4272 3409 4343 ipsum

1797 4366 1958 4421 etiam
1987 4362 2206 4419 Christo
2236 4362 2528 4433 contigisse
2558 4362 2763 4418 videas.
2797 4360 3048 4416 Vidistin’
3073 4362 3183 4416 vim
3215 4363 3411 4431 praedi-

1796 4458 2041 4523 cationis,
2071 4466 2127 4512 et
2146 4455 2417 4527 quomodo
2443 4455 2621 4526 vigeat
2646 4470 2755 4509 non
2786 4454 2948 4509 modo
2973 4469 3095 4511 eum
3128 4470 3408 4524 praecones

1798 4550 2164 4622 ﬁagellantur,
2198 4549 2293 4605 sed
2329 4549 2489 4603 etiam
2529 4562 2653 4603 cum
2695 4546 3031 4618 lapidantur,
3060 4561 3183 4601 cum
3211 4546 3277 4601 ad
3311 4548 3409 4602 tri.

1797 4644 1961 4699 bunal
2001 4652 2266 4714 aguntur,
2308 4652 2433 4696 cum
2481 4640 2720 4709 undique
2776 4638 3091 4709 pelluntur?
3121 4638 3255 4693 Hirro
3295 4636 3401 4695 illis

1794 4738 1925 4793 falsa
1960 4735 2396 4799 testiﬁcantibns,
2435 4748 2540 4787 non
2580 4730 2744 4787 modo
2774 4746 2881 4786 non
2914 4732 3272 4801 superabant,
3304 4732 3403 4786 scd

1795 4844 1894 4884 nec
1911 4828 2174 4883 obsistere
2190 4824 2441 4880 valebant
2457 4825 2499 4889 ’,
2515 4822 2616 4879 etsi
2641 4822 2794 4879 valde
2812 4823 3153 4892 impudentes
3177 4831 3358 4877 essent
3383 4840 3398 4879 :

1792 4922 1873 4977 sic
1900 4920 2021 4974 illos
2051 4917 2260 4972 fortiter
2284 4914 2512 4981 devicit,
2544 4914 2644 4968 etsi
2688 4912 2852 4967 ruulta
2884 4913 3289 4983 incongruentia
3323 4912 3403 4967 la-

1792 5019 1995 5075 cerent,
2029 5019 2079 5063 ut
2112 5018 2166 5063 et
2196 5022 2320 5078 erga
2348 5006 2654 5072 Christum,
2688 5021 2814 5061 cum
2856 5006 3036 5059 omnia
3068 5006 3306 5060 lacerent
3341 5014 3403 5061 ut

1792 5104 1943 5159 illum
1988 5111 2163 5156 morte
2203 5099 2517 5163 al‘liccrent,
2558 5097 2629 5151 ita
2677 5104 2734 5149 ut
2777 5095 2995 5151 demum
3039 5095 3213 5163 palam
3253 5104 3401 5150 esset

1788 5194 2059 5260 omnibus,
2085 5208 2191 5247 non
2220 5190 2508 5245 humanam
2533 5201 2655 5244 esse
2680 5201 2933 5257 pugnam,
2962 5184 3057 5242 sed
3086 5186 3179 5240 Dei
3206 5194 3397 5241 contra

1790 5288 2055 5343 homines.
2099 5281 2377 5351 Perpende
2419 5291 2598 5336 autem
2640 5278 2768 5350 quid
2808 5278 3004 5333 iaciant
3046 5276 3120 5332 illi
3164 5279 3398 5347 appositi

1791 5380 1905 5435 falsi
1932 5388 2092 5435 testes
2116 5377 2290 5443 abiis,
2318 5376 2407 5448 qui
2433 5374 2775 5446 sanguinario
2798 5374 2981 5429 animo
3011 5372 3157 5428 illum
3189 5374 3241 5427 in
3264 5388 3396 5427 con-

1788 5474 1967 5528 cilium
1997 5478 2305 5541 rapuerant.
2334 5468 2635 5522 Audivimus
2663 5466 2809 5520 illum
2840 5467 3086 5520 dicentem
3112 5467 3260 5519 verba
3283 5467 3395 5519 bla-

1785 5565 1995 5636 sphema
2022 5571 2197 5618 contra
2223 5560 2455 5633 Moysem
2478 5576 2537 5614 ac
2563 5557 2750 5613 Deum.
2775 5557 2821 5613 0
2842 5557 3183 5630 impudentes
3207 5558 3220 5611 l
3252 5559 3398 5621 Ope-

1852 5747 1867 5777 ι
1910 5742 2034 5792 Altus
2064 5742 2216 5793 habet
2243 5779 2258 5803 ,
2293 5738 2447 5793 salvos
2494 5753 2624 5805 esse_,_
2659 5752 2749 5798 pro
2776 5774 2790 5797 ,
2923 5735 3247 5805 adnn’ratiqrre
3272 5746 3395 5805 esse.

1849 5809 1869 5839 ί
1895 5808 2117 5872 _t_lnus__sic
2139 5795 2292 5854 habet
2317 5820 2329 5854 :
2352 5839 2367 5853 .
2486 5795 2721 5872 .L'ndiq'ue
2751 5795 2997 5872 pelluntur
3022 5796 3046 5847 2'
3082 5804 3127 5867 et
3150 5795 3249 5872 illis
3272 5798 3396 5866 ipsis

1786 5865 2145 5981 ξονφιρηέξωί
2169 5880 2264 5918 non
2287 5865 2430 5917 modo
2453 5861 2784 5925 vincebantur,
2808 5864 2898 5915 sed
2929 5873 2990 5911 ne
3022 5861 3248 5915 residere
3282 5861 3393 5925 qur"-

1823 5943 1900 5982 em
1924 5942 1981 5978 ea
2058 5940 2120 5977 au
2146 5964 2158 5977 .
