4044 6534
648 508 755 563 425

652 635 706 671 ra
735 625 914 671 contra
942 612 1105 668 Deum
1130 609 1439 680 blasphcma
1473 607 1661 677 facitis,
1693 614 1744 658 et
1775 621 1879 659 non
1909 606 2139 663 curatis;
2172 612 2226 655 01

647 709 715 761 de
760 707 937 777 Moyse
982 702 1193 757 solliciti
1243 716 1362 755 esse
1410 698 1703 754 simulatis?
1751 697 1873 751 11100
1917 695 2227 763 praponitur

646 801 872 869 Mo_\ses,
900 796 1019 863 quia
1044 810 1160 863 qua:
1189 793 1279 846 Dei
1300 802 1469 855 erant,
1494 806 1598 843 non
1628 788 1850 843 multum
1874 788 2149 849 corabant,
2173 796 2227 838 et

647 890 839 957 ubique
868 887 1100 957 Moysent
1123 890 1539 938 commemorant
1570 902 1581 935 :
1609 879 1829 949 Moyses,
1858 876 2118 946 inquiunt,
2147 876 2227 928 hic

641 981 727 1047 qui
756 977 928 1031 edaait
960 994 1048 1030 nos
1083 976 1227 1046 (Act.
1261 975 1312 1027 7.
1352 973 1478 1040 40),
1512 971 1664 1024 facile
1692 968 1940 1023 mobilem
1975 965 2225 1035 populum

646 1070 933 1123 it'ritantes.
968 1068 1122 1136 Atqui
1154 1064 1421 1135 quomodo
1462 1064 1543 1116 vir
1583 1061 1924 1130 blasphemus
1949 1059 2017 1112 ita
2050 1056 2227 1110 vince-

647 1172 725 1215 ret
748 1160 769 1213 ?
793 1158 1063 1229 quomcdo
1093 1157 1169 1209 vir
1211 1156 1557 1224 blaSpltentus
1604 1152 1723 1204 talia
1769 1150 1915 1218 signa
1949 1148 1999 1201 in
2029 1145 2227 1216 populo

645 1252 881 1306 faceret?
906 1250 1007 1303 Sed
1039 1249 1156 1301 talis
1187 1262 1272 1300 res
1298 1256 1379 1299 est
1408 1244 1619 1303 invidia,
1653 1242 1843 1295 stultos
1868 1238 2105 1295 efficiens
2134 1252 2236 1292 eos

644 1358 777 1412 quos
807 1340 1033 1403 invasit,
1069 1351 1122 1393 ut
1163 1353 1332 1406 neque
1366 1337 1426 1389 iis
1455 1334 1730 1387 attendant
1760 1348 1877 1401 qua!
1919 1332 2221 1399 loquuntur.

644 1434 939 1488 Audit-intus
965 1434 1125 1495 illum,
1158 1430 1421 1497 inquiunt,
1454 1427 1733 1495 loquentem
1761 1422 2051 1490 blaspheme
2082 1418 2226 1471 verba

641 1538 819 1582 contra
861 1526 1090 1596 Moysen:
1128 1536 1171 1576 et
1205 1522 1404 1581 Detuu;
1445 1535 1507 1572 ac
1550 1532 1779 1578 rursum,
1814 1514 1912 1566 Hic
1940 1513 2089 1565 homo
2125 1526 2225 1565 non

644 1620 977 1672 cessat-verba
1018 1615 1153 1685 loqui
1191 1623 1363 1665 contra
1403 1611 1564 1663 locum
1603 1618 1831 1660 sanctum
1869 1614 1913 1657 et
1952 1604 2141 1674 legem,
2173 1608 2226 1654 et

642 1710 918 1779 adjiciunt,
947 1709 1073 1775 Qua:
1098 1705 1306 1758 tradidit
1330 1701 1468 1755 nobis
1499 1698 1737 1767 Moyses;
1763 1711 1869 1749 non
1898 1693 2031 1748 ultra
2061 1691 2221 1745 Deus.

716 1803 768 1857 3.
805 1800 986 1855 Vitleu'
1018 1795 1283 1867 quomodo
1316 1794 1460 1846 illum
1496 1790 1565 1845 ob
1607 1802 1849 1843 eversam
1891 1799 2003 1839 rem
2046 1781 2223 1851 publi-

645 1910 759 1946 eam
807 1890 1097 1960 impietatis
1137 1884 1433 1940 accusant?
1461 1880 1612 1947 Quod
1643 1889 1819 1933 autem
1849 1891 1955 1930 non
1997 1872 2227 1944 potuerit

644 1987 733 2039 ille
764 1985 882 2038 talia
909 1981 1159 2035 audacter
1191 1977 1333 2046 loqui
1361 2017 1375 2039 ,
1404 1975 1594 2042 cuique
1622 1969 1961 2024 manifestum
1992 1974 2074 2019 est
2109 1962 2223 2017 :ita

645 2080 788 2133 mitis
812 2077 894 2130 vel
918 2076 970 2129 in
995 2073 1128 2127 facie
1146 2081 1274 2127 erat.
1308 2070 1468 2137 Igitur
1493 2065 1579 2120 ubi
1605 2080 1709 2118 non
1736 2058 2221 2119 calumniabantur,

647 2169 776 2223 nihil
813 2168 918 2220 tale
957 2164 1085 2219 dicit
1125 2162 1398 2229 Scriptura
1433 2177 1445 2211 :
1476 2158 1597 2226 quia
1628 2169 1755 2208 vero
1786 2160 1952 2206 totum
1982 2150 2082 2203 hoc
2109 2147 2226 2199 loco

644 2259 906 2315 calumnia
936 2266 1036 2320 est,
1069 2256 1187 2323 jure
1220 2252 1362 2306 illam
1389 2249 1609 2317 corrigit
1641 2248 1801 2309 Deus,
1828 2244 1909 2299 vel
1936 2258 2031 2313 per
2056 2241 2227 2309 ipsum

645 2353 871 2407 vultum.
905 2347 1144 2417 Apostoli
1183 2354 1328 2399 certe
1362 2358 1465 2397 non
1497 2338 1776 2395 calumniis
1806 2334 2223 2405 impetebantur,

646 2443 740 2497 svd
786 2438 1241 2511 prohibebantur;
1286 2435 1373 2489 hic
1415 2448 1545 2487 vero
1585 2428 1866 2485 calumniis
1909 2424 2225 2494 impetitur:

648 2536 872 2603 ideoque
909 2540 1031 2585 ante
1068 2529 1245 2583 omnia
1288 2527 1462 2580 vultus
1493 2525 1661 2592 ipsum
1696 2526 1902 2590 purgat.
1936 2516 2097 2570 Forte
2125 2512 2226 2567 hoc

646 2626 974 2681 sacerdotem
1018 2621 1220 2693 pudore
1261 2618 1456 2674 allecit.
1486 2615 1587 2671 Ubi
1615 2628 1741 2669 vero
1765 2611 1939 2674 dixit,
1972 2607 2231 2661 Promise-

648 2728 725 2771 rut
750 2759 767 2783 ,
798 2714 1031 2770 ostendit
1074 2710 1480 2782 promissionem
1523 2706 1687 2760 fuisse
1727 2703 1917 2757 iactam
1946 2708 2229 2768 antequam

650 2811 800 2863 locus
829 2808 1113 2875 deputatus
1141 2812 1324 2865 esset,
1354 2808 1637 2868 antequam
1667 2791 2005 2849 circumcisio
2028 2830 2043 2854 ,
2076 2797 2230 2843 ante-

648 2915 806 2969 quam
843 2896 1161 2952 sacrilicinm
1191 2901 1247 2947 et
1279 2890 1534 2960 templum
1570 2896 1715 2942 esset
1751 2902 1764 2939 :
1797 2893 1851 2938 et
1885 2882 2002 2936 illos
2029 2893 2136 2934 non
2166 2892 2232 2931 ex

650 2992 844 3045 merito
872 2986 1143 3056 accepisse
1183 2980 1646 3037 circumeisionem
1685 2988 1859 3044 neque
1898 2973 2067 3043 legem
2091 3008 2107 3035 ,
2136 2966 2230 3023 sed

649 3080 1197 3136 obedientitntantum
1234 3071 1535 3128 mercedem
1566 3069 1728 3122 fuisse
1757 3076 1975 3121 terram.
2005 3064 2074 3117 At
2101 3075 2234 3114 non-

654 3177 779 3229 dum
809 3170 1219 3227 circumcisione
1245 3166 1388 3226 data,
1415 3161 1699 3234 promissio
1728 3157 1977 3228 impletur
2006 3172 2021 3209 :
2054 3168 2117 3208 ac
2139 3166 2235 3221 per

653 3265 873 3334 ﬁgurant
907 3262 1056 3325 illos,
1095 3259 1201 3313 Deo
1223 3256 1465 3325 jubente,
1498 3251 1784 3322 probatur,
1828 3246 2109 3317 reliquisse
2137 3258 2233 3313 pa-

665 3356 818 3410 triam
839 3365 893 3409 et
911 3353 1278 3422 cognationem
1303 3348 1416 3417 (illa
1447 3359 1674 3413 namque
1686 3342 1851 3412 patria
1872 3348 1972 3403 est,
1994 3336 2059 3391 ad
2076 3350 2233 3406 quam

654 3446 868 3501 duxerit
905 3444 1090 3513 Deus),
1130 3452 1182 3495 et
1212 3439 1299 3495 1110
1338 3436 1687 3493 hereditatem
1707 3449 1812 3488 non
1846 3431 2080 3486 habere:
2107 3443 2233 3483 nam

655 3536 698 3589 si
725 3535 842 3604 quis
868 3548 979 3587 rem
1011 3539 1257 3587 accurate
1284 3529 1572 3591 examinet,
1601 3525 1777 3583 Persa:
1794 3530 1917 3577 sunt
1946 3519 2112 3575 Judaei
2138 3535 2152 3583 ;
2181 3526 2235 3573 et

656 3630 847 3691 innuit,
879 3625 1018 3696 quod
1047 3625 1203 3679 etiam
1232 3622 1433 3691 absque
1470 3619 1634 3689 signis
1662 3613 2137 3684 obtemperandum
2168 3610 2238 3663 sit

658 3722 772 3775 Deo
798 3718 1054 3787 loquenti,
1078 3716 1283 3770 etiamsi
1310 3712 1487 3783 gravia
1512 3708 1753 3779 qumdam
1773 3706 2033 3761 accidant.
2058 3703 2238 3770 Quan-

659 3812 943 3883 doquidem
985 3806 1279 3880 patriarcha
1307 3815 1360 3861 et
1389 3812 1611 3874 paterno
1640 3798 1885 3869 sepulcro
1910 3803 1965 3851 et
1990 3793 2238 3849 omnibus

658 3904 893 3968 relictis,
934 3902 1043 3956 Deo
1090 3896 1497 3966 obtemperavit.
1558 3891 1711 3960 Quod
1772 3890 1815 3944 si
1850 3887 2035 3955 *hujus
2090 3894 2240 3955 pater

664 4012 769 4048 non
838 3992 1015 4047 socius
1055 3990 1195 4043 illius
1258 3988 1355 4042 fuit
1406 3984 1679 4054 migrantis
1742 3982 1798 4035 in
1860 3976 2237 4041 Palaestinam,

662 4088 829 4141 tuulto
868 4086 1043 4137 minus
1073 4082 1161 4135 lilii
1198 4087 1353 4135 erunt
1398 4082 1675 4131 consortes
1699 4113 1712 4136 ,
1754 4068 1963 4125 etiamsi
1995 4080 2239 4135 magnam

667 4178 767 4231 viae.
798 4183 1000 4245 partem
1044 4172 1398 4232 emetiamur,
1454 4166 1575 4236 quia
1619 4164 1864 4216 virtutem
1920 4158 2084 4229 patris
2134 4170 2240 4210 non

672 4268 965 4323 imitantur.
1001 4263 1069 4317 Et
1098 4261 1382 4332 repromisit
1420 4258 1545 4311 dare
1578 4255 1719 4308 illaut
1760 4252 1804 4306 ei
1831 4261 1875 4304 et
1902 4249 2078 4303 semini
2110 4253 2240 4317 ejus,

670 4358 857 4427 inquit,
895 4366 1004 4426 post
1044 4354 1204 4407 illum.
1254 4350 1413 4405 Ilulta
1472 4349 1557 4402 hic
1602 4347 1693 4399 Dei
1748 4342 2047 4413 benignitas
2090 4339 2244 4395 exhi—

670 4451 855 4515 betur,
906 4448 1065 4501 multa
1112 4444 1339 4499 Abraltte
1388 4441 1537 4495 ﬁdes.
1585 4438 1715 4494 Nam
1763 4436 1904 4505 quod
1964 4434 2240 4496 crederet,

670 4544 796 4596 Cum
827 4539 1046 4593 nondum
1072 4545 1197 4589 esset
1225 4536 1269 4589 ei
1298 4534 1453 4601 ﬁlius,
1488 4531 1587 4584 hoc
1634 4529 1748 4597 ejus
1790 4540 1844 4581 et
1888 4524 2244 4579 obedientiam

672 4645 727 4688 et
780 4632 935 4685 fidem
971 4628 1200 4682 ostendit
1245 4643 1257 4678 :
1302 4623 1543 4694 quamvis
1580 4637 1680 4683 ea,
1718 4634 1836 4687 qua:
1880 4616 2014 4671 facta
2062 4623 2242 4678 erant,

672 4723 996 4778 conn-arium
1046 4723 1446 4770 monstrarent:
1481 4727 1668 4781 nempe
1713 4708 1851 4778 quod
1896 4722 2016 4760 011111
2066 4706 2247 4759 venis-

679 4826 792 4878 set,
852 4828 918 4865 ne
968 4809 1247 4877 vestigium
1316 4806 1525 4875 quidem
1582 4802 1732 4872 pedis
1778 4815 1931 4855 suum
1993 4798 2246 4861 haberet,

676 4920 843 4972 neque
873 4903 1057 4965 lilium,
1084 4915 1199 4969 111110
1226 4898 1343 4951 fidei
1370 4895 1634 4950 contraria
1660 4901 1828 4947 erant.
1862 4891 1984 4944 Haec
2008 4904 2102 4942 nos
2122 4902 2253 4957 quo-

676 5015 778 5069 quo
806 4996 1216 5057 considerantes,
1244 5007 1362 5060 qua:
1384 4990 1521 5043 Deus
1544 4986 1863 5056 promiserit,
1888 4982 2249 5045 admittatnus,

678 5092 884 5147 etiamsi
916 5088 1179 5144 contraria
1220 5086 1497 5139 evenerint
1525 5102 1537 5137 :
1567 5082 1806 5152 quamvis
1833 5077 1971 5149 apud
2004 5092 2101 5131 nos
2126 5090 2254 5129 con-

680 5186 837 5240 traria
880 5198 985 5237 non
1028 5182 1171 5244 sint,
1209 5178 1303 5233 sed
1352 5178 1505 5231 valde
1544 5173 1950 5243 consequentia.
1974 5168 2073 5226 Ubi
2112 5168 2251 5223 enim

680 5277 1058 5350 promissiones
1099 5281 1253 5337 sunt,
1292 5272 1333 5325 si
1376 5269 1640 5325 contraria
1681 5265 1967 5329 eveniant,
2008 5262 2091 5315 illa
2130 5273 2256 5313 vere

682 5368 947 5422 comraria
977 5372 1137 5426 sunt;
1170 5362 1305 5431 apud
1335 5375 1430 5413 nos
1456 5370 1628 5413 autem
1657 5370 1811 5411 secus
1840 5372 1853 5408 :
1883 5368 2002 5408 nam
2032 5351 2118 5404 hic
2142 5351 2256 5419 qui-

684 5462 804 5516 dem
828 5460 1165 5513 afﬂictioncm
1186 5453 1335 5517 dixit,
1356 5452 1459 5505 illic
1478 5450 1735 5519 requiem.
1758 5446 1866 5501 Cur
1886 5442 2257 5500 confunditnus

688 5550 967 5619 tempora?
1005 5563 1099 5601 cur
1133 5544 1306 5598 omnia
1337 5558 1428 5596 sus
1458 5540 1627 5609 deque
1668 5535 1962 5592 vertimus?
1993 5534 2215 5603 Augcris
2238 5572 2254 5595 ,

688 5644 774 5697 dic
804 5642 930 5695 mihi
951 5680 967 5706 ,
998 5640 1115 5709 quia
1144 5638 1193 5691 in
1227 5642 1534 5707 paupertate
1563 5631 1695 5685 vivis
1714 5670 1728 5691 ,
1760 5638 1815 5683 et
1842 5628 1961 5682 ideo
1990 5624 2259 5679 turbaris?

688 5735 766 5790 Ne
798 5732 1057 5787 turberis:
1094 5732 1211 5801 jure
1239 5726 1549 5791 turbareris,
1582 5724 1625 5778 si
1653 5722 1759 5775 illic
1790 5719 2057 5775 tribulatio
2088 5716 2259 5771 futura

691 5836 830 5881 esset
862 5843 873 5877 :
908 5826 1019 5893 ipsa
1058 5822 1196 5876 enim
1241 5820 1507 5875 tribulatio
1550 5817 1742 5887 quietis
1771 5822 1853 5867 est
1890 5826 2066 5867 causa.
2100 5808 2262 5861 Infir—

694 5920 838 5972 mitas
865 5958 878 5985 ,
911 5915 1107 5986 inquit,
1141 5912 1247 5967 Im
1274 5929 1383 5968 non
1416 5920 1483 5966 cst
1517 5912 1583 5962 ad
1623 5917 1827 5960 mortem
1856 5903 2029 5977 (Joan.
2068 5902 2151 5954 Η.
2186 5901 2257 5969 1).

1383 496 1437 551 S.
1478 492 1751 550 JOANNIS
1788 490 2261 550 CHRYSOSTOMI
2304 488 2619 545 ARCIIIEP.
2660 484 3189 544 CONSTANTINOP.

3805 488 3919 547 (Ἢ

2331 600 2423 654 illa
2457 601 2723 654 tribulatio
2759 612 2841 656 est
2880 606 3084 671 punitio
3108 646 3122 667 ,
3166 607 3277 659 hare
3318 616 3492 662 autem
3519 649 3532 671 ,
3570 607 3919 661 institutioni

2332 692 2655 747 emendatio.
2684 694 2968 749 Certamen
2999 707 3080 750 cst
3118 714 3351 768 111-1080118
3382 709 3589 768 tempus
3620 717 3632 751 :
3660 715 3892 769 ergoqu

2331 789 2491 857 gilatu
2524 797 2605 841 cst
2634 803 2767 855 opus
2795 806 2810 841 :
2842 789 3040 844 bellum
3072 803 3125 845 et
3156 807 3327 861 pugna
3359 801 3457 846 est.
3491 791 3660 846 Nemo
3694 793 3759 845 111
3780 793 3921 844 bello

2333 879 2569 947 requiem
2601 879 2815 947 quaerit,
2850 895 3007 935 nemo
3052 882 3101 934 in
3148 882 3289 937 bello
3326 882 3516 951 quzrrit
3553 883 3919 948 voluptatem.

2334 982 2431 1020 nec
2454 968 2519 1020 de
2536 966 2741 1021 divitiis
2765 969 3023 1023 sollicitus
3049 979 3145 1031 est,
3179 987 3277 1025 nec
3306 972 3371 1025 de
3398 988 3563 1025 uxore
3587 989 3600 1033 ;
3633 972 3725 1026 sed
3753 989 3919 1025 tmtuu

2335 1064 2538 1110 tantum
2581 1067 2821 1126 spei-tat,
2854 1061 3123 1128 quomodo
3166 1062 3408 1115 inimicos
3446 1074 3679 1130 superet.
3718 1063 3829 1116 1100
3862 1076 3923 1116 ul

2333 1164 2433 1203 nos
2464 1148 2747 1214 faciamus;
2772 1166 2832 1205 ca
2864 1154 2906 1206 si
2936 1155 3229 1218 vincamus,
3258 1164 3311 1209 et
3339 1170 3460 1207 eum
3492 1155 3702 1224 11001018
3732 1171 3916 1209 rever-

2334 1248 2528 1305 tamur,
2542 1243 2729 1296 omnia
2763 1243 2915 1296 nobis
2940 1245 3086 1298 dabit
3117 1245 3275 1298 Deus.
3310 1246 3420 1300 1100
3445 1246 3617 1299 80111111
3643 1261 3921 1311 curemus,

2331 1332 2600 1399 quomodo
2641 1332 2909 1388 diabolum
2957 1336 3277 1390 vincamus:
3312 1337 3418 1390 imo
3464 1352 3591 1391 vero
3639 1339 3739 1392 hoc
3782 1354 3923 1406 opus

2333 1435 2439 1474 non
2485 1423 2650 1476 nostri
2696 1426 2856 1480 studii
2895 1436 3009 1489 est.
3040 1428 3133 1481 sed
3176 1430 3359 1497 gratia:
3393 1430 3482 1483 Dei
3518 1437 3704 1483 10111111.
3741 1430 3919 1485 Unum

2334 1514 2488 1569 1101118
2510 1518 2748 1571 certe-sit
2766 1558 2781 1581 ,
2804 1527 2871 1573 ut
2902 1518 3055 1573 nobis
3080 1520 3195 1589 ejus
3220 1524 3440 1589 gratiam
3467 1523 3797 1576 attrahamus
3818 1564 3833 1586 ,
3859 1536 3921 1576 ut

2327 1604 2463 1661 illud
2495 1609 2647 1662 nobis
2673 1610 2932 1665 auxilium
2961 1613 3328 1667 conciliemus.
3363 1615 3425 1669 Si
3456 1613 3593 1667 Dem
3620 1632 3712 1684 pro
3739 1617 3919 1677 nobis,

2332 1698 2444 1767 111-τε
2472 1710 2648 1752 contra
2678 1717 2769 1754 nos
2797 1702 2972 1770 (Rom.
3004 1703 3056 1757 8.
3088 1704 3178 1774 5i)
3204 1706 3226 1756 '4'
3262 1705 3449 1772 inquit.
3488 1705 3598 1759 1100
3628 1723 3788 1758 111111111
3820 1721 3922 1759 00-

2334 1803 2511 1844 remus
2533 1830 2547 1853 ,
2581 1802 2636 1845 ut
2668 1792 2755 1846 hic
2796 1793 2949 1848 nobis
2985 1809 3091 1848 non
3128 1795 3391 1850 efﬁciatur
3418 1797 3696 1863 inimicus,
3728 1806 3775 1850 ut
3811 1814 3921 1851 twn

2331 1891 2605 1937 avertatur
2632 1899 2660 1936 a
2691 1884 2864 1938 nobis.

2390 1976 2455 2028 4.
2497 1974 2621 2027 Non
2645 1977 2882 2031 tribulari
2904 1979 3043 2041 ,ssd
3082 1994 3301 2048 peccare
3332 1981 3527 2034 malum
3560 1988 3661 2036 est.
3695 1979 3763 2034 Et
3789 1981 3908 2034 haec

2331 2065 2509 2134 gravis
2538 2066 2811 2124 tribulatio
2833 2077 2935 2133 est,
2970 2072 3178 2125 etiamsi
3208 2072 3260 2124 in
3292 2071 3499 2125 deliciis
3523 2086 3742 2141 agamus
3768 2088 3781 2133 ;
3814 2088 3919 2124 non

2333 2154 2453 2209 dico
2479 2156 2531 2210 in
2563 2156 2741 2212 futuro
2762 2200 2776 2224 ,
2812 2160 2906 2213 sed
2928 2162 3086 2215 etiam
3116 2164 3166 2216 in
3200 2164 3470 2231 praesenti.
3511 2161 3793 2230 Quomodo
3822 2178 3920 2229 pu-

2336 2257 2415 2301 tas
2444 2248 2679 2303 morderi
2711 2252 3093 2305 conscientiam
3119 2253 3401 2306 uestram?
3434 2268 3542 2323 quo
3570 2262 3837 2305 tormento
3872 2253 3922 2305 id

2335 2338 2571 2395 deterius
2618 2358 2722 2395 non
2765 2341 2965 2398 fuerit?
3008 2344 3210 2399 Vellem
3252 2345 3922 2415 diligenterinterrogarc

2338 2445 2468 2493 eos.
2502 2432 2593 2501 qui
2626 2436 2676 2485 in
2698 2434 2864 2487 malis
2898 2437 3099 2499 vivunt,
3133 2451 3197 2489 an
3225 2452 3475 2505 umquam
3522 2437 3572 2489 in
3606 2437 3919 2490 memoriam

2337 2535 2673 2595 peccatorum
2706 2541 2926 2581 suorum
2956 2530 3198 2592 veniant,
3230 2544 3407 2583 annon
3440 2539 3667 2583 tremant
3692 2569 3706 2592 ,
3740 2544 3920 2582 annon

2334 2617 2619 2672 formident
2646 2660 2662 2685 ,
2694 2634 2871 2673 annon
2906 2618 3163 2674 doleant?
3193 2635 3371 2675 annon
3409 2621 3594 2675 beatos
3625 2620 3924 2690 praedicent

2333 2722 2464 2771 eos,
2496 2709 2582 2777 qui
2614 2709 2665 2761 in
2693 2708 2932 2777 jejunio,
2967 2711 3019 2763 in
3052 2712 3322 2765 montibus
3343 2750 3357 2775 ,
3390 2712 3440 2763 111
3476 2710 3810 2779 philosophia
3841 2713 3922 2764 vi-

2338 2808 2484 2854 vunt.
2512 2800 2601 2854 Vis
2628 2801 2734 2855 illic
2754 2802 2989 2870 quietem
3013 2801 3251 2857 habere?
3281 2802 3377 2856 llic
3404 2802 3803 2857 tribulationem
3830 2818 3924 2872 pa-

2340 2900 2453 2946 tere
2490 2902 2710 2962 proptcr
2754 2891 3066 2957 Christum;
3114 2894 3246 2947 nihil
3290 2894 3415 2948 huic
3458 2895 3659 2964 requiei
3691 2909 3786 2963 par
3816 2904 3920 2948 est.

2338 2984 2651 3040 Gaudebant
2696 2986 2923 3053 apostoli
2973 2985 3099 3040 dum
3144 2986 3557 3057 ﬂagellarentur.
3610 2987 3805 3041 Paulus
3845 2988 3924 3040 sic

2338 3081 2591 3136 admonet
2619 3122 2633 3147 ,
2684 3079 2911 3134 Gaudete
2950 3080 3002 3133 in
3053 3079 3270 3134 Domino
3300 3077 3577 3149 (Philipp.
3622 3080 3675 3133 4.
3708 3078 3798 3145 4).
3859 3079 3926 3132 Et

2339 3172 2609 3243 quomodo
2636 3180 2811 3243 potest
2839 3173 2958 3240 quis
2985 3170 3217 3240 gaudere
3240 3211 3254 3235 ,
3286 3169 3497 3239 inquies
3520 3210 3535 3235 ,
3570 3168 3919 3230 ubivincula,

2343 3274 2607 3320 tormenta
2631 3305 2645 3328 ,
2681 3263 3002 3317 tribunalia?
3051 3262 3170 3316 Istic
3198 3262 3428 3315 maxime
3468 3260 3690 3331 gauderi
3726 3269 3924 3329 potest.

2340 3355 2621 3425 Quomodo
2645 3364 2823 3408 autem
2846 3355 3011 3423 possit
3038 3352 3254 3423 gauderi
3277 3393 3293 3418 ,
3321 3352 3409 3404 ubi
3434 3353 3547 3406 11100
3574 3359 3719 3415 sunt,
3752 3350 3925 3404 disce.

2343 3448 2442 3516 Qui
2484 3446 2679 3500 nullius
2713 3446 2815 3499 sibi
2859 3444 3107 3499 conscius
3134 3452 3247 3508 est,
3301 3442 3586 3510 plurimum
3616 3440 3924 3505 laetabitur;

2342 3539 2413 3591 ita
2444 3547 2537 3602 111,
2579 3552 2691 3606 quo
2724 3536 2981 3605 majorem
3012 3533 3212 3589 dixeris
3241 3532 3638 3587 tribulationem
3664 3572 3679 3598 ,
3708 3546 3774 3586 eo
3806 3546 3921 3585 ma-

2338 3628 2509 3699 jorem
2554 3627 2701 3682 dicas
2731 3628 3081 3694 voluptatem.
3134 3626 3228 3679 Dic
3257 3624 3398 3679 enim
3437 3623 3563 3678 milti
3588 3663 3603 3689 ,
3648 3623 3805 3677 miles
3835 3622 3928 3694 qui

2344 3721 2490 3776 mille
2516 3720 2735 3773 vulnere
2767 3719 2975 3787 accepit
2994 3760 3007 3781 ,
3042 3731 3219 3771 nonne
3249 3714 3443 3770 redibit
3468 3730 3588 3769 cum
3615 3728 3807 3784 magna
3840 3728 3929 3766 v0-

2344 3814 2577 3883 luptate,
2623 3812 2733 3880 ipsa
2767 3810 2986 3865 vulnera
3017 3809 3067 3861 in
3100 3816 3485 3878 argumentum
3529 3806 3729 3860 habens
3758 3806 3927 3860 auda-

2344 3906 2441 3959 ciae
2465 3945 2480 3969 ,
2513 3901 2814 3971 splendoris
2840 3911 2892 3955 et
2921 3900 3221 3955 claritatis?
3262 3899 3327 3952 Et
3366 3908 3422 3951 tu
3454 3899 3497 3952 si
3528 3912 3718 3967 posses
3743 3912 3926 3951 erum-

2346 4010 2473 4065 pere
2504 3994 2555 4048 in
2602 3994 2748 4046 illam
2787 4007 2992 4058 vocem,
3042 4006 3200 4059 quam
3244 3991 3460 4059 protulit
3506 3989 3721 4046 Paulus.
3776 3988 3930 4058 Stig-

2347 4096 2482 4140 mata
2510 4085 2633 4139 Jesu
2666 4094 2809 4155 porto
2842 4084 2860 4153 (
2894 4082 3012 4137 Gal.
3046 4085 3099 4137 6.
3128 4083 3189 4137 17
3218 4082 3260 4152 ),
3295 4096 3480 4151 posses
3507 4088 3652 4135 certe
3683 4094 3927 4149 magnus,

2347 4180 2525 4255 clarus
2551 4187 2603 4234 et
2634 4178 2855 4231 illustris
2880 4191 3019 4231 esse.
3050 4174 3156 4229 Sed
3187 4189 3288 4228 non
3321 4182 3401 4227 est
3431 4172 3770 4241 persequutio
3791 4172 3816 4225 ?
3838 4171 3931 4225 Sta

2349 4282 2533 4328 centra
2566 4271 2810 4341 gloriam;
2832 4279 2892 4324 et
2912 4268 2954 4323 si
2978 4269 3097 4337 quis
3122 4268 3450 4321 contrarium
3480 4264 3751 4334 quidpiam
3780 4264 3934 4317 dixe-

2350 4364 2454 4429 rit,
2504 4379 2571 4417 ne
2603 4361 2842 4415 timueris
2871 4360 3007 4412 male
3038 4358 3223 4411 audire
3255 4368 3469 4425 pr0pter
3495 4355 3767 4409 Christum
3804 4372 3818 4407 :
3852 4365 3932 4408 sta

2351 4463 2534 4509 contra
2569 4452 2738 4506 fastus
2768 4450 3100 4521 tyrannidem
3126 4490 3139 4513 ,
3192 4458 3273 4502 sta
3313 4460 3497 4503 contra
3530 4449 3621 4501 ira:
3662 4462 3892 4517 pugnam
3914 4488 3930 4510 ,

2353 4557 2433 4604 sta
2474 4557 2658 4601 contra
2686 4542 3133 4612 concupiscentize
3171 4551 3521 4596 tormentum.
3570 4539 3637 4594 Et
3688 4540 3804 4593 haec
3834 4542 3933 4595 sti-

2350 4651 2548 4711 gmata,
2582 4640 2696 4693 haec
2723 4646 2983 4692 tormenta
3012 4644 3155 4693 sum.
3185 4635 3278 4689 Dic
3301 4634 3443 4687 enim
3476 4632 3627 4695 mihi,
3658 4630 3785 4700 quid
3817 4647 3936 4700 gra-

2354 4735 2470 4787 vius
2500 4733 2549 4786 in
2584 4731 2864 4786 tormentis
2890 4737 2973 4783 est
2997 4729 3055 4782 ‘?
3084 4742 3259 4781 annon
3288 4725 3429 4795 quod
3469 4726 3645 4778 anima
3674 4723 3858 4777 doleat
3882 4732 3936 4776 et

2354 4827 2579 4879 uratur?
2614 4824 2721 4878 Illic
2748 4823 2889 4877 enim
2913 4836 3107 4889 corpus
3133 4818 3415 4880 dividitur;
3448 4816 3533 4869 hic
3560 4824 3736 4868 autem
3767 4824 3935 4868 totum

2304 4982 2305 4985 η
2357 4920 2497 4974 illius
2539 4929 2639 4972 est.
2681 4916 2835 4971 Circa
2868 4915 3013 4969 illam
3057 4913 3212 4967 dolor
3258 4922 3341 4966 est
3384 4909 3595 4980 quando
3645 4908 3933 4971 irascitur,

2358 5009 2569 5082 quando
2597 5008 2795 5064 invidet
2820 5048 2834 5071 ,
2881 5005 3094 5076 quando
3120 5004 3243 5074 quid
3274 5003 3447 5057 simile
3477 5001 3601 5055 facit
3626 5018 3639 5064 ;
3671 5000 3783 5053 imo
3813 5015 3937 5054 vero

2356 5100 2569 5173 quando
2598 5100 2812 5170 patitur.
2862 5098 2973 5152 Hoc
3000 5097 3143 5151 enim
3177 5111 3280 5149 non
3311 5103 3393 5148 est
3424 5095 3597 5146 facere
3619 5132 3633 5155 ,
3665 5090 3760 5143 8011
3795 5091 3898 5158 pati
3920 5130 3935 5152 ,

2359 5208 2549 5261 nempe
2594 5192 2748 5247 irasci
2798 5200 2852 5244 et
2900 5188 3134 5243 invidere
3181 5201 3200 5240 :
3244 5186 3468 5253 ideoque
3521 5182 3634 5235 hzec
3680 5190 3939 5233 vocantur

2358 5286 2549 5339 anima:
2577 5282 2765 5343 morbi,
2802 5281 3017 5333 vulnera
3040 5319 3055 5345 ,
3088 5278 3275 5348 plagm.
3303 5276 3438 5329 Vere
3466 5286 3695 5341 namque
3720 5270 3937 5326 morbus

2360 5387 2444 5433 est
2469 5386 2525 5433 et
2553 5376 2742 5429 morbo
2768 5373 3002 5444 gravius.

2431 5469 2523 5523 Ira
2558 5467 2809 5533 quomodo
2838 5463 3081 5518 sedanda.
3115 5459 3465 5529 —Cogitate,
3497 5455 3733 5511 iracundi
3755 5498 3770 5523 ,
3800 5453 3937 5526 quod

2364 5578 2483 5619 cum
2515 5559 2703 5615 morbo
2730 5556 2781 5611 id
2811 5556 3033 5609 faciatis.
3081 5553 3226 5623 Ergo
3252 5552 3342 5621 qui
3384 5565 3486 5604 non
3523 5549 3771 5603 irascitur
3793 5588 3810 5611 ,
3844 5562 3940 5600 nec

2365 5656 2582 5726 patitur.
2618 5649 2804 5705 Viden‘
2835 5663 2954 5701 eum
2980 5688 2993 5711 ,
3044 5645 3131 5701 cui
3171 5642 3492 5699 contumelia
3528 5640 3785 5705 infertur,
3840 5653 3937 5690 non

2368 5746 2511 5815 pati.
2543 5742 2638 5797 sed
2667 5757 2791 5797 eunt
2822 5739 2909 5809 qui
2941 5734 3318 5791 contumeliam
3354 5732 3549 5799 infert,
3597 5741 3655 5786 ut
3695 5731 3806 5800 jam
3836 5726 3939 5782 dixi

2437 5904 2451 5934 ί
2488 5899 2543 5951 111
2573 5912 2668 5950 11110
2692 5899 2806 5951 Cod.
2841 5895 3036 5959 legitur,
3059 5890 3175 5957 quid
3199 5889 3329 5944 hisac
3350 5888 3601 5945 (amiculis
3620 5888 3815 5955 gratim
3834 5880 3944 5936 est!
