4094 6484
697 407 800 466 ﬂ."

693 525 914 579 ωιεῖτε.
945 520 1156 577 οὑκοῦν
1176 521 1207 574 6
1242 522 1320 594 μή
1340 522 1692 595 ὀργιζόμενος
1725 523 1788 577 οὐ
1819 522 2040 592 πάσχει.
2074 519 2262 592 Ὁρᾷς.

677 607 826 662 ,δτιό
854 603 1206 678 ὑϐριζόμενος
1243 603 1304 658 οὑ
1355 605 1574 676 πάσχει,
1603 603 1720 660 ἀλλ’
1767 606 1798 658 6
1831 601 2086 676 ὑϐρίζων,
2124 603 2262 674 ὅπερ

637 685 640 688 ’
691 689 828 761 ιφην
860 689 956 742 καὶ
983 688 1118 760 ήδης
1153 688 1275 741 Ὀτι
1303 686 1412 759 γάρ
1436 688 1658 757 πάσχει,
1691 685 1850 757 δῆλον
1887 686 1986 758 μιν
2031 686 2125 739 καὶ
2149 683 2257 738 ἀπὸ

689 770 785 831 τοῦ
821 770 993 834 πάθος
1038 768 1321 823 καλεῖσθαι
1369 769 1433 824 :6
1476 767 1740 833 τοιοῦτον,
1771 768 1932 834 δῆλον
1977 768 2034 821 δέ
2068 767 2164 821 καὶ
2192 768 2258 820 ἐκ

687 852 786 907 τοῦ
833 854 1102 923 σώματος’
1157 849 1330 906 ταῦτα
1385 851 1498 922 7&9
1537 850 1648 904 ἀπὸ
1692 850 1863 921 ὀργῆς
1909 849 2151 902 τίκτεται
2191 847 2259 901 τά

687 935 864 1006 πάθη,
915 933 1262 1006 ἀμϐλυωπία,
1307 932 1682 1005 παραπληξία,
1729 934 1825 986 καὶ⁵
1875 931 2046 1002 μυρία
2072 929 2256 1001 ῑτερα.

702 1015 863 1070 Ἀλλά
882 1015 977 1069 :6v
1035 1015 1197 1070 παῖδα
1243 1013 1453 1086 ὕϐρισε,
1487 1015 1674 1086 φησὶν,
1718 1013 1854 1068 ἀλλά
1897 1011 1990 1066 :6v
2018 1010 2255 1078 οἰκέτην.

688 1096 782 1168 Μή
802 1097 1030 1168 νομίσῃς
1059 1093 1200 1151 εἶναι
1246 1097 1532 1151 ἀσθένειαν
1553 1097 1616 1150 :6
1637 1096 1710 1168 μή
1744 1097 1840 1150 καὶ
1888 1093 2052 1158 αὐτὸς
2101 1093 2260 1148 τοῦτο

689 1181 935 1250 ποιῆσαι.
966 1180 1100 1234 Είπέ
1125 1181 1235 1252 γάρ
1285 1198 1396 1252 μοι,
1443 1178 1622 1244 καλῶς
1669 1179 1932 1248 γέγονενς
1961 1178 2075 1233 οὐκ
2103 1172 2259 1248 οἶμαι

687 1263 882 1315 είπείν·
919 1259 1116 1316 οὐκοῦν
1161 1263 1238 1334 μη
1267 1263 1498 1334 ποιήσῃς
1529 1261 1592 1316 :6
1625 1261 1701 1334 μή
1745 1261 1925 1325 καλῶς
1951 1259 2254 1328 γινόμενον.

687 1341 821 1399 Οἶδα
841 1339 950 1400 οἷαι
969 1345 1028 1398 ἐν
1045 1348 1162 1410 τοῖς
1180 1344 1440 1409 τοιούτοις
1464 1346 1520 1398 αῐ
1540 1345 1700 1416 ὀργαὶ
1728 1345 2023 1398 τίκτονται.
2056 1341 2122 1395 Τί
2139 1337 2254 1407 οὖν,

688 1427 758 1483 ἂν
789 1430 1123 1499 καταφρονῇ,
1152 1430 1336 1498 φησὶν,
1367 1428 1434 1483 ἀν
1455 1428 1617 1482 πάλιν
1645 1427 1803 1500 εἴπῃς
1839 1425 2118 1495 Ἔλεγξον,
2139 1426 2258 1479 ἐπι-

687 1509 938 1580 τίμησον,
970 1509 1369 1580 παρακάλεσον·
1401 1510 1665 1582 πραότητι
1689 1508 1827 1581 ὀργὴ
1852 1507 2058 1563 λύεται·
2087 1522 2256 1578 προσο

688 1592 858 1648 ελθὼν
888 1593 1201 1662 ἐγκάλεσον.
1235 1592 1405 1665 Ὑπὲρ
1439 1593 1536 1663 μέν
1559 1593 1670 1663 γάρ
1695 1592 1806 1644 τῶν
1838 1593 1918 1654 είς
1963 1590 2110 1662 ημᾶς
2137 1587 2258 1642 οὑδέ

687 1673 848 1728 τοῦτο
894 1677 1070 1729 ποιεῖν
1099 1675 1226 1748 χρὴ,
1271 1675 1414 1747 ὑπὲρ
1441 1675 1497 1728 δέ
1541 1674 1651 1728 τῶν
1675 1672 1872 1738 ἄλλων,
1907 1672 2003 1727 καὶ
2044 1671 2258 1741 ἀνάγκη

688 1755 847 1811 τοῦτο
873 1757 938 1831 δή
970 1759 1162 1812 ποιεῖν.
1189 1758 1282 1827 Μή
1310 1759 1446 1812 ίδίαν
1473 1757 1629 1828 ὕϐριν
1652 1755 1878 1827 νομίσῃς
1901 1754 1963 1810 :6
1984 1755 2076 1809 :6v
2096 1752 2259 1806 παῖδα

687 1839 1031 1911 ὑϐρισθῆναι·
1060 1840 1164 1895 κάν
1197 1840 1371 1912 ἀλγῇς
1419 1840 1558 1910 ὑπὲρ
1593 1837 1824 1902 ἐκείνου,
1864 1837 1940 1910 μή
1993 1836 2068 1900 ὡς
2096 1834 2259 1898 αὐτὸς

689 1922 987 1994 ὑϐρισθείς·
1009 1923 1072 1976 οὑ
1099 1922 1208 1994 7&9
1232 1923 1420 1994 ἐπειδὴ
1437 1924 1466 1976 6
1491 1924 1617 1986 παῖς
1647 1920 1834 1985 κακῶς
1855 1917 2076 1984 ῑπαθεν,
2101 1917 2252 1990 ὑϐρί-

689 2006 824 2076 σθης
853 2005 941 2070 σὺ,
964 2004 1076 2059 ἀλλ’
1104 2007 1133 2060 6
1159 2005 1394 2076 ποιήσας
1416 2003 1623 2069 κακῶς.
1646 2004 1845 2058 Σϐέσον
1865 2003 1964 2074 τήν
1986 2002 2259 2073 μάχαιραν

686 2087 787 2160 τήν
820 2087 1018 2153 ὀξεῖαν,
1057 2088 1115 2141 ἐν
1139 2090 1206 2160 τῇ
1258 2088 1400 2162 θήκῃ
1427 2087 1650 2142 κείσθω.
1685 2090 1783 2142 ’Δν
1827 2087 2040 2158 ἐχωμεν
2090 2083 2260 2156 αὐτὴν

687 2169 924 2240 γυμνήν,
954 2169 1212 2234 πολλάκις
1240 2171 1333 2225 καὶ
1359 2173 1460 2224 οὑκ
1493 2169 1644 2235 ὄντος
1675 2167 1871 2241 καιροῦ
1919 2165 2255 2240 χρησόμεθα,

687 2252 1040 2324 ἐφελκόμενοι
1095 2255 1188 2308 ὑπ’
1232 2255 1422 2325 αὑτῆς·
1453 2254 1520 2308 ἂν
1570 2253 1626 2307 δέ
1749 2250 2126 2323 κεκρυμμένη,
2157 2250 2259 2305 κᾶν

686 2336 847 2408 χρεία
876 2337 1119 2407 γένηται,
1151 2335 1506 2408 σϐεσθήσεται
1544 2337 1578 2404 ή
1613 2335 1774 2407 ὀργή.
1813 2334 1983 2406 ’Υπὲρ
2009 2331 2174 2387 αὑτοῦ
2196 2334 2258 2386 οὑ

689 2417 936 2487 βούλεται
959 2419 1106 2489 ἡμᾶς
1126 2418 1440 2488 ὀργίζεσθαι
1461 2419 1491 2471 6
1519 2417 1754 2488 Χριστὸς
1779 2417 2034 2488 (ἀκουσον
2065 2415 2174 2486 7&9
2205 2415 2258 2469 τί

687 2516 820 2570 φησι
857 2499 994 2569 πρὸς
1017 2499 1108 2553 :6v
1133 2499 1360 2570 Πέτρον·
1393 2500 1800 2567 Ἀπόστρεψον
1817 2497 1934 2566 τὴν
1951 2496 2258 2566 μάχαιράν

687 2581 967 2655 μὶ5]σὀυ
989 2583 1074 2648 είς
1085 2581 1199 2651 τὴν
1213 2581 1450 2653 θήκην)·
1471 2582 1566 2636 καὶ
1581 2582 1645 2635 σὺ
1670 2581 1811 2652 ὑπέρ
1831 2580 2017 2645 παιδὸς
2033 2580 2251 2652 ὀργίζῃς

685 2663 904 2728 Δίδαξον
932 2665 1025 2719 καὶ
1046 2665 1136 2718 τὸν
1166 2663 1330 2717 παῖδα
1379 2663 1706 2734 φιλοσοφεῖν·
1735 2663 1855 2717 είπέ
1879 2662 2025 2732 αὑτῷ
2056 2663 2126 2716 τά
2159 2661 2255 2716 τοῦ

685 2745 952 2800 Δεσπότου
986 2744 1306 2815 παθήματα·
1345 2745 1581 2816 μίμησαι
1641 2762 1736 2799 σου
1767 2745 1858 2798 τὸν
1906 2743 2253 2798 Διδάσκαλον.

687 2827 814 2881 Ὅτε
852 2827 1077 2899 ἐμελλον
1099 2828 1194 2881 καὶ
1214 2827 1368 2883 αὑτοὶ
1413 2827 1792 2896 ἀτιμάζεσθαι,
1823 2828 1923 2881 οὑκ
1975 2821 2148 2890 εἷπεν,
2173 2827 2256 2880 δτι

696 2910 1014 2982 Ἐκδικήσω·
1045 2910 1180 2964 ἀλλά
1208 2909 1297 2977 τίς
1337 2909 1475 2980 Ἐμέ
1492 2909 1768 2977 ἐδίωξαν,
1798 2911 1898 2965 καί
1945 2909 2100 2980 ὑμᾶς
2127 2909 2257 2963 διώ-

684 2993 919 3057 ξουσιν.
951 2993 1162 3046 Οὐκοῦν
1195 2992 1392 3063 φέρετε
1412 2992 1697 3060 γενναίως·
1732 2992 1792 3045 οὑ
1831 2992 1941 3062 7&9
1961 2990 2097 3061 ἐμοῦ
2133 2991 2255 3062 βελ-

683 3074 829 3138 τίους
852 3075 1027 3144 ὑμεῖς.
1054 3073 1239 3128 Ταῦτα
1262 3073 1436 3128 καὶσὺ
1467 3074 1602 3145 πρὸς
1619 3074 1711 3127 :6v
1730 3074 1845 3128 υίδν
1866 3074 1959 3127 καὶ
1980 3075 2073 3128 τὸν
2094 3073 2258 3128 παῖδα

684 3157 826 3212 εἰπέ·
859 3159 972 3212 Οὑκ
997 3154 1047 3211 εἴ
1063 3157 1157 3211 τοῦ
1179 3158 1450 3212 Δεσπότου
1486 3175 1578 3212 σου
1602 3155 1846 3228 βελτίων.
1890 3156 2054 3210 Ἀλλά
2080 3157 2257 3228 χήρας

683 3237 996 3296 εἶναιδοκεῖ
1020 3241 1090 3294 τά
1145 3241 1367 3312 ῥήματα
1423 3239 1525 3310 τῆς
1557 3238 1897 3310 φιλοσοφίας.
1953 3237 2133 3308 Οίμοι,
2173 3239 2255 3308 δτι

682 3325 829 3395 λόγῳ
860 3323 1207 3395 παραστῆσαι
1237 3322 1338 3378 οὑκ
1359 3320 1461 3387 ἐνι,
1497 3321 1574 3385 ὡς
1607 3321 1714 3376 ὑπὸ
1735 3321 1838 3391 τῆς
1863 3319 2057 3392 πείρας
2087 3319 2256 3389 αὑτῆς

683 3406 994 3477 διδαχθῆναι
1016 3407 1212 3459 ἔνεστι.
1233 3405 1344 3459 Καὶ
1364 3405 1454 3458 ῖνα
1484 3403 1683 3475 μάθῃς,
1705 3404 1763 3457 ἐν
1794 3401 1942 3474 μέσῳ
1965 3402 2057 3456 650
2085 3401 2258 3465 ἐστὼς

684 3488 1121 3560 διαμαχομένων,
1161 3487 1322 3558 γενοῦ
1347 3487 1448 3557 τῆς
1479 3486 1694 3558 μερίδος
1733 3485 1842 3539 τῶν
1864 3485 2254 3555 ἀδικουμένων,

688 3573 781 3626 καὶ
805 3569 879 3642 μὴ
903 3570 1009 3625 τῶν
1037 3571 1384 3637 ἀδικούντων,
1417 3569 1484 3624 ἀν
1513 3568 1588 3640 μὴ
1626 3566 1776 3640 παρά
1798 3566 1979 3638 σαυτῷ
2009 3566 2076 3620 τά
2100 3584 2255 3637 νικη-

684 3653 848 3725 τήρια
868 3655 1003 3725 ίδῃς,
1035 3652 1103 3708 ἀν
1128 3651 1202 3724 μή
1233 3652 1518 3724 λαμπροὺς
1539 3649 1710 3724 λάϐῃς
1741 3651 2056 3719 στεφάνους.
2092 3651 2254 3720 Ὀρα,

687 3737 806 3801 πῶς
839 3735 1122 3806 ὑϐρίζεται
1149 3737 1178 3789 6
1202 3735 1356 3800 Θεὸς,
1392 3733 1488 3789 καὶ
1515 3732 1633 3797 πῶς
1686 3733 2041 3802 ἀποκρίνεται
2070 3733 2257 3804 πράως

687 3820 783 3876 καὶ
811 3819 1054 3890 ήμέρως.
1103 3818 1228 3872 Ποῦ
1275 3818 1429 3879 ἔστι,
1469 3818 1656 3888 φησὶν,
1710 3817 1891 3872 Ἀσελ
1935 3819 1969 3870 ό
1996 3816 2259 3883 ἀδελφός

689 3915 806 3955 σου
827 3915 847 3964 ;
879 3900 988 3954 Καὶ
1011 3901 1066 3954 τί
1094 3902 1330 3966 ἐκεῖνος;
1358 3899 1454 3966 Μὴ
1475 3898 1678 3968 φύλαξ
1697 3898 1810 3967 ἐγὼ
1828 3899 1944 3967 ειμι
1961 3898 2065 3951 τοῦ
2080 3898 2258 3952 ἁδελ-

689 3983 808 4052 φοῦ
826 3999 944 4052 μου
964 3998 983 4046 ;
1015 3981 1080 4036 Τί
1109 3981 1401 4035 αὑθαδέστε
1412 3997 1502 4052 ρον
1522 3980 1741 4044 τούτους
1774 3978 1876 4034 κάν
1893 3980 2040 4050 παρά
2057 3994 2118 4047 γε
2139 3978 2257 4032 υίοῦ

689 4065 922 4133 ἤκουσεν
940 4064 1004 4118 ἀν
1031 4080 1144 4128 τιςς
1178 4063 1225 4115 εί
1251 4061 1358 4133 7&9
1389 4062 1540 4134 παρὰ
1583 4060 1838 4132 ἀδελφοῦ,
1873 4063 1973 4132 οὑχ
2010 4062 2165 4132 ὕϐριν
2192 4061 2260 4115 ἂν

690 4147 932 4216 ήγήσατο
980 4143 1040 4199 τὺ
1076 4145 1346 4216 πρᾶγμα;
1411 4143 1551 4198 Ἀλλ’
1582 4145 1611 4198 6
1638 4144 1770 4208 Θεὸς
1824 4143 1989 4197 πάλιν
2040 4142 2260 4214 ήμέρως

693 4230 1067 4298 ἀποκρίνεται·
1118 4227 1290 4294 Φωνὴ
1344 4226 1592 4295 αῖματος
1635 4225 1742 4280 τοῦ
1790 4223 2057 4294 ἀδελφοῦ
2109 4239 2259 4288 σου,

693 4311 847 4380 φησὶ,
872 4309 994 4377 ,βοᾷ
1029 4310 1172 4376 πρός
1196 4325 1291 4378 με.
1331 4307 1470 4361 Ἀλλ’
1491 4311 1518 4362 6
1544 4307 1674 4370 Θεὸς
1703 4305 1971 4378 ἀνώτερός
1998 4309 2146 4360 ἐστιν
2166 4305 2261 4377 69-

692 4392 819 4462 γῆς,
847 4393 1028 4463 φησίν.
1070 4391 1232 4445 Ἀλλά
1265 4391 1354 4446 διὰ
1379 4390 1537 4444 τοῦτο
1594 4389 1865 4460 κατῆλθεν
1895 4391 1925 4442 6
1982 4388 2077 4442 τοῦ
2126 4388 2262 4442 Θεοῦ

693 4475 844 4538 Υίὸς,
875 4475 962 4528 ῐνα
988 4475 1046 4528 σε
1067 4474 1188 4527 θεὸν
1217 4476 1418 4544 ποιήσῃ
1446 4471 1589 4525 κατὰ
1609 4471 1839 4542 δύναμιν
1858 4469 1956 4541 τήν
1985 4470 2262 4540 ἀνθρωπί-

692 4572 813 4625 νην.
847 4555 985 4609 Ἀλλ’
1017 4556 1078 4608 οὑ
1112 4555 1362 4625 δύναμαι,
1411 4555 1598 4625 φησὶν,
1628 4553 1912 4624 ἄνθρωπος
1937 4551 2030 4605 ὢν.
2054 4549 2263 4626 Οὑκοῦν

697 4639 826 4712 φέρε
849 4638 1166 4707 ἀνθρώπους
1201 4655 1282 4692 σοι
1307 4639 1734 4708 παραγάγωμεν.
1761 4637 1870 4688 Καὶ
1906 4637 1979 4706 μή
2016 4652 2082 4703 με
2108 4636 2259 4704 νομί-

727 4736 795 4793 ῃς
833 4721 1041 4776 Παῦλον
1069 4723 1211 4791 ἐρεῖν
1235 4721 1369 4791 μηδὲ
1393 4721 1617 4791 Πέτρον,
1645 4717 1782 4772 ἀλλά
1803 4733 1954 4780 τινας
1978 4716 2086 4770 τῶν
2109 4716 2260 4770 ἐλατ-

695 4804 863 4856 τόνων
887 4805 978 4856 καὶ
1010 4803 1210 4874 σφόδρα
1234 4803 1546 4874 κατωτέρω.
1573 4803 1646 4856 Τὸ
1671 4801 1958 4872 παιδάριον
1991 4799 2138 4853 Ἠλεὶ
2162 4801 2262 4869 τήν

702 4887 897 4937 Ἀνναν
926 4885 1114 4955 ὕϐρισε
1164 4886 1341 4954 λέγον·
1379 4884 1661 4954 Περιελοῦ
1708 4883 1814 4937 τὸν
1837 4879 2006 4936 οἶνόν
2032 4896 2169 4937 σου.
2198 4881 2270 4933 Τί

695 4966 888 5022 τούτου
943 4967 1437 5040 ὑϐριστικώτερονι
1491 4968 1556 5021 Τί
1587 4963 1680 5020 οὖν
1714 4966 1929 5036 ἐκείνης
1974 4963 2141 5032 Γυνὴ
2194 4965 2266 5018 ἐν

696 5049 934 5119 σκληρᾷ
962 5051 1151 5121 ἡμέρᾳ
1173 5050 1287 5121 ἐγώ
1323 5053 1458 5119 ειμι.
1490 5049 1654 5103 Οὑδέν
1681 5049 1848 5111 δντως
1879 5047 2106 5116 θλίψεως
2127 5047 2261 5102 ῐσον·

699 5134 1011 5203 φιλοσοφίας
1067 5136 1249 5204 μήτηρ
1280 5134 1448 5188 ἐστίν.
1487 5133 1556 5186 Ἦ
1617 5131 1754 5200 αὑτὴ
1784 5130 1839 5183 δέ
1872 5129 2013 5195 αὕτη
2043 5130 2136 5181 καὶ
2167 5129 2265 5198 τὴν

698 5215 982 5284 άντίζηλον
1038 5217 1208 5286 αὐτῆς
1241 5216 1456 5286 ἔχουσα,
1511 5215 1609 5285 οὑχ
1636 5213 1858 5284 ὕϐρισεν
1910 5212 2099 5280 αὑτήν·
2131 5209 2266 5264 ἀλλά

699 5299 786 5363 τίς
819 5299 962 5368 Πρὸς
994 5298 1086 5351 τὸν
1141 5299 1270 5352 Θεὸν
1328 5298 1682 5366 καταφεύγει,
1717 5296 1811 5348 καὶ
1844 5293 2110 5364 εὐχομένη
2147 5293 2280 5346 οὑδὲ

705 5381 971 5453 μέμνηται
998 5382 1188 5451 αὐτῆς,
1230 5381 1349 5434 οὑδὲ
1377 5381 1546 5450 λέγει,
1592 5379 1808 5448 Ἐπειδὴ
1845 5376 2092 5439 ὀνειδίζει
2127 5391 2194 5444 με
2229 5377 2286 5444 ή,

701 5465 864 5528 δεῖνα,
895 5464 1172 5535 ἐπάμυνόν
1201 5480 1312 5534 μοι·
1346 5462 1488 5516 οὕτω
1512 5463 1798 5530 φιλόσοφος
1827 5455 1893 5526 ἦν
1923 5461 1954 5529 ή
1990 5457 2125 5527 γυνὴ
2152 5458 2263 5522 (a1-

705 5546 1018 5618 σχυνθῶμεν
1046 5549 1092 5601 οί
1119 5546 1352 5617 άνδρες)·
1405 5545 1578 5598 καίτοι
1615 5543 1726 5596 ῐστε
1755 5585 1769 5610 ,
1829 5543 1909 5596 ὅτι
1958 5541 2117 5612 ζήλου
2153 5540 2265 5594 ίσον

702 5630 873 5683 οὐδέν.

775 5798 834 5843 ε’.
877 5791 939 5843 '0
973 5791 1208 5858 τελώνης
1231 5789 1504 5861 ὑϐρισθεὶς
1530 5791 1680 5859 παρά
1709 5789 1799 5842 τοῦ
1824 5789 2136 5860 Φαρισαίου.
2169 5788 2267 5840 οὑκ

707 5873 1026 5944 ἁνθύϐρισε,
1058 5875 1230 5926 καίτοι
1284 5890 1368 5940 γε,
1418 5875 1466 5924 εί
1517 5873 1784 5935 ἐϐούλετο,
1830 5873 2089 5939 ἠδύνατο·
2134 5871 2268 5924 ἀλλὰ

711 5957 1009 6027 φιλοσόφως
1057 5959 1248 6028 ήνεγκε
1284 5955 1474 6025 λέγων·
1517 5953 1809 6023 Ἇίάσθητι
1841 5973 1940 6024 μοι
1976 5953 2048 6019 τῷ
2084 5955 2266 6024 ἀμαρ-

1323 407 1386 465 5.
1421 399 1706 466 JOANNIS
1741 405 2236 464 CHRYSOSTOMI
2273 402 2602 464 ARCBIEP.
2641 405 3186 467 CONSTANTINOP.

2357 517 2543 588 1:01.143.
2583 521 2642 575 '0
2681 521 3018 594 Μεμφιϐἀαλ
3051 522 3158 580 ὑπὸ
3190 521 3284 578 τοῦ
3321 519 3510 576 δούλου
3542 520 3944 592 κατηγορηθεὶς

2360 602 2454 656 καὶ
2483 605 2946 675 συκοφαντηθείς,
2976 606 3127 661 οὐδὲ.
3165 603 3289 660 οὕτε
3325 599 3512 670 εἶπεν,
3551 601 3679 658 οὔτε
3707 602 3944 675 [πραεεν

2363 685 2442 748 είς
2471 684 2632 739 αὐτόν
2653 702 2708 740 τι
2738 687 2973 760 πονηρὸν
2992 700 3043 754 ι,
3069 688 3191 743 οὑδέ
3221 688 3315 742 ἐπὶ
3336 687 3432 742 τοῦ
3462 686 3728 757 βασιλέως
3750 685 3940 738 αὑτοῦ.

2362 766 2548 820 Βούλει
2602 767 2699 820 καὶ
2747 769 2955 840 πόρνης
2991 769 3224 824 ἀκοῦσαι
3280 769 3635 839 φιλοσοφίαν;
3671 767 3944 820 Ἄκουσον

2359 847 2453 902 τοῦ
2480 849 2722 920 Χριστοῦ
2759 850 3012 919 λέγοντος
3028 892 3045 917 ,
3083 852 3250 922 ήνίκα
3277 854 3397 916 ταῖς
3421 851 3594 924 θριξὶν
3615 849 3787 920 αὐτῆς
3813 851 3944 913 τοὺς

2360 929 2524 994 πόδας
2548 931 2837 1001 ἀπέμασσε
2856 949 2872 964 ·
2924 930 3176 988 Marc:
3200 934 3299 988 καί
3325 933 3541 1001 πόρναι
3565 933 3944 1002 προάγουσιν

2357 1011 2514 1080 ὑμᾶς
2534 1015 2623 1080 είς
2646 1017 2761 1082 τὴν
2793 1015 3138 1080 βασιλειαν.
3169 1009 3323 1080 Εἶδες
3358 1015 3529 1086 αὐτὴν
3559 1014 3804 1068 ἐστῶσαν
3843 1015 3941 1068 καὶ

2357 1093 2697 1166 δακρύουσαν
2722 1135 2738 1161 ,
2770 1097 2866 1151 καὶ
2891 1096 2960 1150 τά
2985 1099 3162 1151 οίκεῖα
3201 1098 3576 1169 ἁμαρτήματα
3602 1095 3943 1166 ἀπολουομι-

2357 1192 2489 1246 ww;
2523 1177 2685 1248 Ὅρα,
2709 1179 2828 1241 πῶς
2855 1180 2950 1232 καὶ
2974 1180 3110 1251 πρὸς
3133 1179 3224 1234 τὸν
3241 1181 3534 1250 Φαρισαῖον
3556 1181 3658 1233 οὑκ
3686 1178 3937 1250 ὠργίσθη

2357 1256 2720 1331 ὀνειδιζομένη
2740 1276 2754 1290 ·
2786 1262 2836 1314 εί
2866 1261 2980 1332 ᾔδει
3001 1263 3131 1332 7&9,
3162 1264 3348 1334 φησὶν,
3379 1263 3463 1315 ότι
3492 1261 3812 1334 ἁμαρτωλός
3845 1261 3940 1312 ἐσ-

2359 1358 2442 1396 τιν
2466 1341 2603 1414 αὕτη
2643 1343 2677 1414 ή
2700 1342 2858 1414 γυνὴ,
2881 1345 2982 1397 οὑκ
3005 1345 3075 1400 ἀν
3102 1346 3285 1399 εῐασεν
3317 1345 3509 1414 αὑτήν.
3543 1344 3652 1398 Καὶ
3680 1343 3782 1396 οὑκ
3812 1339 3939 1397 εἷπε

2360 1423 2497 1494 1:96;
2515 1425 2675 1479 αὑτόν
2692 1442 2707 1456 ο
2733 1425 2800 1478 τί
2822 1426 2964 1496 γάρ;
2989 1427 3112 1479 είπέ
3135 1444 3224 1497 μοι
3241 1443 3256 1458 ·
3279 1429 3344 1482 σὺ
3369 1426 3604 1496 καθαρὸς
3625 1426 3733 1481 ἀπὸ
3752 1427 3941 1497 ἀμαρ-

2358 1505 2617 1575 τημάτων
2653 1501 2738 1572 εἷς
2772 1505 2926 1579 [126]
2955 1507 3093 1562 ἀλλά
3138 1507 3303 1562 ¹πλέον
3333 1508 3562 1578 ἔπασχε,
3603 1507 3764 1561 πλέον
3791 1508 3939 1562 ὠδύ-

2363 1605 2486 1660 ρετο
2516 1588 2611 1643 καὶ
2640 1588 2947 1661 θερμότερα
2967 1589 3038 1643 τὰ
3065 1588 3276 1662 δάκρυα
3300 1590 3471 1660 ήφίει.
3507 1591 3570 1644 El
3590 1590 3648 1644 δέ
3676 1592 3940 1658 γυναῖκες

2359 1671 2454 1724 καὶ
2485 1671 2709 1726 τελῶναι
2743 1671 2839 1725 καὶ
2869 1672 3065 1744 πόρναι
3095 1673 3466 1742 φιλοσοφοῦσι,
3504 1673 3597 1726 καὶ
3627 1672 3804 1730 ταῦτα
3831 1672 3941 1743 1:96

2358 1753 2458 1824 τῆς
2478 1754 2722 1826 χάριτος,
2750 1754 2897 1818 τίνος
2925 1754 3162 1825 ἐσόμεθα
3180 1757 3340 1826 ήμεῖς
3355 1755 3384 1796 δ
3414 1754 3557 1821 ἄξιοι
3578 1756 3937 1826 συγγνώμης,

2363 1835 2502 1905 μετά
2533 1836 2632 1906 τήν
2681 1835 2952 1907 τοσαύτην
3004 1836 3166 1907 χάριν
3194 1836 3401 1908 θηρίων
3453 1837 3655 1909 μᾶλλον
3703 1837 3936 1892 ἐκπολεο

2365 1915 2640 1990 μεύμενοι,
2660 1916 2946 1982 δάκνοντες
2972 1919 3066 1973 καὶ
3091 1917 3472 1987 λακτίζοντεςς

2429 2116 2597 2172 οὐδὲν
2621 2117 2970 2189 αίσχρότερον
3000 2117 3195 2190 θυμοῦ,
3222 2118 3378 2174 οὑδέν
3407 2119 3752 2188 ἀτιμότερον,
3783 2118 3938 2173 οὐδὲν

2357 2199 2653 2271 δεινότερον
2673 2239 2688 2264 ,
2729 2199 2881 2254 οὑδέν
2911 2199 3267 2271 ἀηδέστερον,
3300 2201 3452 2254 οὐδὲν
3501 2199 3935 2272 βλαϐερώτερον.

2358 2281 2542 2336 Ταῦτα
2565 2281 2730 2351 λέγω,
2760 2283 2858 2352 οὑχ
2897 2282 2983 2335 ίνα
3017 2282 3151 2353 πρὸς
3187 2283 3388 2354 ἄνδρας
3417 2276 3568 2352 ὦμεν
3591 2283 3793 2353 ἥμεροι
3839 2284 3938 2352 μό-

2359 2381 2480 2430 νον,
2526 2363 2663 2418 ἀλλά
2697 2363 2800 2418 κᾶν
2830 2365 2966 2435 γυνή
2998 2363 3159 2426 λάλος
3195 2360 3251 2436 ᾗ,
3282 2366 3371 2419 ῖνα
3419 2366 3622 2439 φέρῃς·
3673 2365 3816 2418 ἐστω
3853 2381 3938 2419 σοι

2359 2446 2667 2517 παλαίστρα
2699 2447 2793 2499 καὶ
2832 2447 3127 2517 γυμνάσιον
3149 2448 3184 2516 ή
3213 2448 3373 2517 γυνή.
3401 2445 3521 2509 Πῶς
3545 2446 3655 2516 7&9
3684 2448 3787 2500 οὑκ
3813 2446 3937 2500 άτο⁶

2357 2545 2476 2592 πον,
2503 2530 2781 2598 γυμνάσια
2813 2530 2913 2598 μὲν
2943 2528 3294 2600 ἀναδέχεσθαι
3316 2528 3470 2582 οὑδέν
3496 2529 3686 2599 κέρδος
3717 2529 3933 2599 ἔχοντα,

2356 2610 2484 2663 ἔνθα
2511 2610 2766 2682 θλίϐομεν
2793 2611 2853 2663 :6
2896 2611 3074 2682 σῶμα·
3103 2612 3382 2681 γυμνάσια
3414 2611 3472 2664 δέ
3525 2612 3600 2682 μὴ
3651 2614 3828 2664 ποιεῖν
3857 2610 3939 2663 0!-

2356 2693 2510 2759 καδε,
2565 2695 2659 2748 καὶ
2698 2692 2802 2765 1:96
2856 2694 2967 2748 τῶν
3016 2693 3244 2763 ἀγώνων
3293 2693 3556 2763 στέφανον
3603 2695 3735 2763 ἡμῖν
3791 2710 3934 2762 1:09-

2356 2775 2576 2845 έχοντα;
2602 2776 2843 2848 ’Υϐρίζει
2859 2778 2894 2847 ή
2913 2777 3049 2847 γυνή
3072 2793 3088 2843 ;
3119 2776 3212 2848 Μή
3232 2777 3365 2849 γένῃ
3389 2778 3453 2830 σὺ
3477 2776 3614 2847 γυνή
3633 2791 3648 2806 ·
3672 2777 3939 2844 γυναικῶ-

2353 2857 2441 2921 δες
2469 2862 2577 2930 γάρ
2615 2859 2675 2913 :6
2721 2861 2994 2932 ὑϐρίζειν·
3043 2861 3198 2925 νόσος
3241 2862 3360 2914 ἐστὶ
3401 2861 3603 2931 ψυχῆς,
3644 2860 3940 2931 ἐλάττωμά

2355 2940 2489 2994 ἐστι.
2538 2941 2629 3012 Μὴ
2656 2943 2884 3015 νομίσῃς
2933 2942 3151 3007 ἀνάξιόν
3189 2959 3281 2996 σου
3307 2939 3466 2996 ἐἶναι
3491 2982 3508 3006 ,
3549 2945 3679 2996 ὅταν
3711 2945 3744 3014 ή
3798 2943 3937 3015 γυνὴ

2357 3021 2574 3092 ὑϐρίσῃ.
2615 3023 2878 3090 ’Δνάξιον,
2934 3025 3064 3079 ὅταν
3123 3025 3188 3078 σὺ
3240 3025 3338 3095 μὲν
3375 3023 3631 3095 ὑϐρίζῃς,
3663 3023 3849 3096 ἐκείνη
3877 3027 3938 3078 δέ

2358 3103 2654 3175 φιλοσοφῇ·
2707 3106 2829 3159 τότε
2879 3106 3229 3176 ἀσχημονεῖς,
3252 3106 3374 3160 τότε
3431 3107 3730 3178 ὑϐρίσθης·
3764 3107 3832 3161 ἂν
3881 3107 3938 3161 δέ

2358 3185 2633 3255 ὑϐρισθεὶς
2661 3187 2911 3262 ἐνέγκῃς,
2944 3192 3042 3258 τῆς
3067 3189 3246 3260 ἰσχύος
3276 3189 3377 3260 τῆς
3407 3190 3505 3260 σῆς
3539 3190 3710 3261 πολλή
3739 3192 3772 3260 ή
3810 3192 3936 3243 ἐπίο

2355 3266 2539 3334 δειξις.
2578 3270 2654 3323 Οὑ
2701 3269 2799 3334 τὰς
2829 3275 3095 3339 γυναῖκας
3125 3272 3336 3341 ἐνάγων
3384 3275 3464 3337 είς
3503 3273 3721 3344 ὕϐρεις,
3761 3275 3940 3329 ταῦτα

2355 3347 2530 3416 λέγω·
2575 3352 2653 3423 μὴ
2699 3353 2939 3420 γένοιτο·
2977 3353 3094 3406 ἀλλ’
3134 3355 3188 3408 εί
3210 3371 3310 3408 που
3360 3355 3454 3408 καὶ
3509 3355 3750 3424 συμϐαίη
3795 3357 3941 3408 κατά

2357 3435 2651 3503 σατανικην
2686 3434 3030 3506 περίστασιν,
3069 3437 3158 3490 ἴνα
3198 3437 3700 3506 φέρητε.·’Δνδρῶν
3734 3438 3854 3490 ἐστι
3879 3438 3942 3490 :6

2355 3512 2540 3584 φέρειν
2567 3513 2673 3567 τῶν
2705 3515 2942 3588 ίσχυρῶν
2970 3518 3094 3582 τοὺς
3115 3517 3378 3579 ἀσθενεῖς.
3412 3519 3529 3571 Κάν
3560 3518 3779 3587 οἰκέτης
3811 3519 3936 3572 άντ-

2355 3594 2522 3665 είπῃ,
2555 3595 2918 3667 φιλοσόφησον
2955 3598 3019 3652 σύ
3043 3617 3057 3632 ·
3099 3599 3196 3670 μή,
3259 3600 3313 3652 τί
3358 3601 3564 3663 ἐκεῖνος
3605 3599 3754 3664 ἀξιός
3787 3603 3942 3654 ἐστιν

2355 3676 2606 3741 ἀκοῦσαι,
2635 3677 2796 3751 εἴπῃς
2827 3679 2860 3749 ﬂ
2885 3679 3119 3752 πράξῃς,
3148 3679 3284 3733 ἀλλά
3309 3681 3362 3734 τί
3391 3681 3471 3734 δεῖ
3492 3698 3550 3734 σε
3583 3683 3677 3734 καὶ
3711 3687 3942 3753 ποιήσαι

2356 3759 2451 3810 καὶ
2479 3761 2670 3813 είπεῖν.
2713 3759 2999 3828 Μηδέποτε
3037 3761 3205 3832 κόρην
3243 3762 3500 3833 ὑϐρίζων,
3534 3764 3761 3834 αἰσχρὸν
3789 3766 3946 3835 ῥῆμα

2359 3839 2592 3911 ἐκϐάλῃς
2615 3855 2630 3871 ·
2673 3839 2946 3909 μηδέποτε
2992 3842 3212 3910 οἰκέτην
3246 3844 3441 3915 μιαρὸν
3467 3845 3646 3915 εῑπῃς.
3701 3846 3945 3909 Ἐκεῖνος

2360 3920 2457 3990 οὑχ
2483 3919 2736 3992 ὑϐρίσθη,
2761 3921 2896 3974 ἀλλὰ
2921 3921 3006 3975 σύ.
3045 3923 3160 3977 Οὑκ
3198 3924 3344 3978 ἐστιν
3383 3927 3440 3979 ἐν
3467 3926 3643 3996 έαυτῷ
3675 3923 3820 3980 εῖναι
3852 3928 3944 3980 τὸν

2359 4000 2731 4072 ὀργιζόμενον,
2766 4003 2956 4074 ὥσπερ
3000 4004 3121 4058 οὑδέ
3154 4005 3394 4074 πέλαγος
3441 4009 3867 4078 κυμαινόμενον,
3910 4010 3943 4078 ἢ

2361 4082 2544 4153 πηγὴν
2585 4083 2768 4152 μένειν
2804 4084 3073 4156 καθαρὰν,
3109 4085 3369 4159 βορϐόρου
3404 4089 3567 4143 ποθὲν
3608 4091 3944 4160 ἐμπεσόντος

2363 4166 2535 4236 αὑτῇ·
2577 4165 2720 4219 οὕτω
2768 4168 2945 4220 πάντα
2985 4169 3223 4239 ἀναμὶξ,
3257 4170 3458 4240 μᾶλλον
3485 4172 3545 4225 δέ
3576 4171 3721 4226 οὕτω
3762 4176 3945 4227 πάντα

2356 4248 2473 4300 tvm
2503 4247 2596 4298 καὶ
2639 4247 2792 4300 κάτω
2819 4251 3049 4315 γίνεται.
3085 4250 3206 4303 Κάν
3233 4255 3534 4324 τυπτήσῃς,
3584 4254 3686 4306 κάν
3715 4254 3917 4326 διαρρ.⁸

2367 4329 2462 4399 in:
2501 4329 2594 4381 τδν
2617 4329 2956 4397 χιτωνίσκον,
3005 4333 3069 4386 σὺ
3097 4332 3320 4402 μείζονα
3351 4333 3449 4405 τήν
3486 4335 3688 4406 βλάϐην
3715 4337 3947 4407 ὑπέμει-

2364 4426 2496 4472 νας·
2541 4409 2734 4480 ἐκείνῳ
2770 4411 2869 4480 μέν
2913 4412 3024 4483 7&9
3058 4415 3187 4484 περὶ
3239 4415 3302 4469 :6
3345 4416 3504 4488 σῶμα
3536 4419 3630 4470 καὶ
3665 4419 3797 4488 περὶ
3848 4419 3946 4490 τήν

2363 4492 2566 4562 ἐσθῆτα
2597 4493 2631 4563 ή
2660 4492 2862 4565 πληγή,
2900 4494 2984 4548 σοὶ
3027 4495 3084 4549 δὲ
3117 4497 3248 4566 περὶ
3289 4499 3390 4571 τὴν
3433 4500 3638 4572 ψυχήν.
3695 4501 3956 4571 Ἐκείνην-

2362 4576 2627 4646 διέτεμες,
2669 4577 2886 4647 ἐκείνην
2919 4577 3199 4648 ἐτρωσας,
3234 4581 3327 4635 τὸν
3363 4584 3577 4655 ήνίοχον
3617 4583 3810 4648 ἔϐαλες
3838 4586 3947 4638 ἀπὸ

2363 4659 2472 4712 τῶν
2505 4661 2686 4712 ἵππων
2710 4660 2880 4723 κάτω,
2917 4661 3108 4716 ὕπτιον
3136 4661 3398 4732 σύρεσθαι
3431 4667 3855 4736 παρεσκεύασας
3882 4668 3906 4696 ⁸
3927 4683 3942 4698 ·

2367 4743 2458 4795 καὶ
2494 4744 2694 4796 ταυτὸν
2727 4743 2958 4810 γίνεται,
2999 4739 3112 4797 οἷον
3149 4745 3243 4799 ἐὰν
3279 4747 3494 4817 ήνίοχος
3527 4749 3698 4819 ἑτέρῳ
3727 4749 3947 4819 ὀργιζό-

2370 4840 2528 4892 μενος
2553 4824 2713 4877 ἕλοιτ’
2745 4825 2812 4877 ἂν
2843 4825 3120 4895 σύρεσθαι.
3151 4827 3268 4881 Κᾶν
3298 4829 3653 4901 ἐπιπλήττῃς,
3689 4830 3794 4884 κάν
3824 4849 3946 4884 νου·

2368 4905 2545 4975 θετῇς,
2581 4905 2684 4959 κᾶν
2711 4906 2890 4959 ὁτιοῦν
2920 4911 3110 4979 ποιῇς,
3129 4910 3299 4980 ὀργῆς
3336 4913 3504 4982 χωρὶς
3533 4913 3626 4964 καὶ
3654 4911 3852 4981 θυμοῦ.
3882 4915 3947 4968 ΕΙ

2367 4987 2472 5058 γὰρ
2518 4990 2546 5041 ό
2593 4987 2938 5060 ἐπιπλήττων
2991 4992 3172 5061 ἱατρός
3218 4993 3332 5047 ἐστι
3368 4993 3464 5047 τοῦ
3518 4994 3945 5064 ἁμαρτάνοντος,

2369 5072 2478 5135 πῶς
2511 5072 2573 5126 iv
2609 5072 2823 5127 δύναιτο
2849 5074 3183 5144 θεραπεῦσαι
3211 5077 3417 5146 ἕτερον,
3458 5078 3648 5133 ἐαυτὸν
3679 5079 3947 5150 πρότερον

2368 5157 2640 5222 κακώσας,
2689 5157 2879 5212 ἑαυτὸν
2926 5157 3002 5227 μὴ
3037 5157 3386 5229 θεραπεύων;
3425 5161 3492 5216 Et
3511 5178 3631 5225 τις,
3672 5163 3796 5216 είπέ
3832 5181 3945 5235 μοι,

2372 5239 2550 5310 ίατρὸς
2605 5241 2894 5310 πορεύοιτο
2932 5241 3118 5313 ἕτερον
3164 5241 3519 5313 θεραπεύειν,
3550 5243 3815 5314 πρότερον
3848 5246 3946 5315 τήν

2369 5323 2525 5391 χεῖρα
2556 5323 2933 5393 τραυματίσας
2952 5323 3048 5394 τὴν
3071 5323 3284 5390 ἐαυτοῦ,
3312 5325 3577 5395 πρότερον
3600 5326 3726 5386 τοὺς
3749 5326 3947 5394 ὀφθαλ-

2370 5405 2502 5469 μοὺς
2530 5407 2812 5475 πηρώσας,
2847 5405 2986 5460 οὕτω
3017 5409 3250 5460 ποιεῖται
3279 5406 3488 5461 ἐκείνου
3515 5407 3613 5480 τήν
3659 5409 3905 5475 ίατρείαν
3931 5426 3942 5470 ;

2368 5486 2524 5554 Οὐχὶ,
2555 5487 2740 5555 φησίν.
2766 5487 2922 5541 υῦτω
2947 5488 3042 5543 καὶ
3075 5490 3140 5542 σὺ
3163 5491 3267 5542 κᾶν
3295 5489 3650 5561 ἐπιπλήττῃς.
3683 5491 3784 5544 κάν
3827 5509 3945 5544 νου-

2370 5566 2546 5637 θετῇς,
2583 5569 2799 5639 καθαρὰ
2829 5570 3174 5639 βλεπέτωσάν
3201 5589 3293 5624 σου
3322 5572 3371 5622 οἱ
3399 5571 3686 5641 ὀφθαλμοί.
3719 5572 3812 5643 Μὴ
3860 5574 3944 5626 θο-

2369 5649 2545 5723 λώσῃς
2587 5656 2676 5705 τὴν
2707 5652 2852 5717 νοῦν,
2900 5653 3023 5706 ἐπεὶ
3055 5655 3173 5717 πῶς
3226 5657 3256 5724 ή
3307 5653 3571 5726 θεραπεία
3613 5657 3938 5726 γενήσεται;

2437 5901 2465 5966 ξ
2508 5900 2642 5950 Unus
2664 5901 2853 5966 ἔπραξέν
2888 5917 2931 5947 τι
2956 5900 3170 5960 πονηρόν.
3235 5898 3266 5966 ,ιι
3296 5900 3420 5948 Ιιῖρῑη
3456 5899 3575 5952 "vo:
3613 5903 3756 5965 ἐσμὲν
3790 5903 3936 5966 ἡμεῖς.

2380 5963 2400 5992 ⁸
2433 5960 2746 6014 [misit-.109
2781 5964 2992 6026 φέρεσθαι
3016 5960 3379 6025 παρεσκεύασῖιτ.
