4044 6486
181 461 267 521 ηδ
1136 453 1203 512 11v
1240 451 1419 511 acu
1462 447 1764 507 APOS‘I’OL

1873 444 1983 503 ΠΜ.
2024 442 2255 501 1101111..
2296 444 2413 501 ΧΥ.

180 569 607 644 ιιιμετίωἵΝιιιι
641 568 795 641 quod
837 566 1098 639 patiatur,
1140 566 1222 620 vel
1256 564 1381 619 hinc
1424 561 1598 634 palam
1636 570 1720 615 est
1743 600 1760 627 ,

179 662 299 733 quod
328 662 429 717 hoc
456 662 652 732 passio
675 670 916 724 vocetur;
949 660 1119 728 palam
1143 658 1271 713 item
1297 665 1382 712 est
1404 670 1469 713 ex
1498 668 1724 723 corpore
1748 668 1763 707 :

182 768 251 806 nx
287 767 517 821 namque
547 750 839 821 passiones
874 749 941 804 ab
970 749 1386 808 innascuntur.
1415 744 1606 799 obtusa
1634 758 1767 797 ocu-

180 843 333 898 lorum
374 842 547 904 acies,
597 850 813 910 stupor,
860 848 909 895 et
951 838 1230 893 innumera
1270 836 1395 890 alia.
1448 833 1555 890 Sed
1600 831 1767 886 lilium

174 932 482 987 contumelia
510 931 703 987 affecit
722 972 738 999 ,
762 930 1014 1003 inquies;
1046 928 1142 985 sed
1164 927 1454 983 famulum.
1499 924 1579 980 Ne
1608 930 1764 995 putes

177 1025 531 1081 inﬁrmitatem
559 1039 713 1091 esse,
745 1022 969 1095 quodid
996 1024 1112 1092 ipse
1138 1036 1242 1075 non
1273 1020 1459 1075 facias.
1498 1018 1593 1073 Dic
1616 1017 1764 1072 enim

175 1119 312 1183 mihi,
340 1134 407 1172 an
441 1112 798 1172 benefactum
823 1115 948 1173 est?
977 1115 1094 1171 Non
1128 1122 1258 1184 puto
1288 1113 1339 1168 id
1371 1121 1425 1168 te
1453 1110 1723 1167 dicturum
1749 1129 1763 1165 :

173 1226 286 1281 ergo
305 1226 374 1267 ne
398 1209 579 1265 facias
604 1209 749 1281 quod
778 1224 882 1264 non
909 1216 993 1262 est
1017 1207 1154 1262 bene
1181 1205 1401 1261 factum.
1428 1204 1552 1259 Scio
1578 1202 1769 1274 quales

174 1305 219 1355 in
246 1304 433 1358 talibus
476 1303 579 1357 irae
626 1310 932 1356 nascantur.
982 1298 1121 1369 Quid
1162 1313 1291 1369 ergo
1332 1298 1381 1352 si
1422 1304 1767 1360 contemnat,

174 1389 409 1461 inquies?
433 1394 482 1447 si
518 1406 746 1447 rursum
770 1390 917 1446 dicat
932 1387 959 1441 l
978 1389 1162 1461 Argue
1190 1406 1205 1442 :
1236 1390 1474 1457 increpa,
1506 1387 1763 1441 obsecra:

171 1484 578 1539 atansuetudine
625 1484 704 1538 ira
747 1482 1021 1537 solvitur:
1058 1478 1327 1537 accedens
1364 1492 1549 1549 argue.
1600 1477 1658 1532 ln
1702 1477 1767 1533 iis

172 1582 304 1628 certe
326 1614 342 1636 .
373 1588 500 1645 qua
533 1588 643 1629 nos
669 1574 964 1644 respiciunt
985 1611 1007 1638 ,
1035 1570 1141 1627 hoc
1170 1568 1475 1625 faciendum
1507 1583 1613 1624 non
1645 1578 1765 1634 est;

172 1668 215 1721 in
246 1668 488 1732 iis~vero,
523 1682 655 1735 qua:
678 1665 817 1720 alios
842 1671 1105 1735 spectant,
1141 1662 1195 1718 id
1224 1676 1448 1718 necesse
1474 1671 1558 1717 est
1578 1676 1764 1731 agere.

171 1757 236 1812 Ne
264 1758 537 1827 propriam
569 1756 953 1813 contumeliam
982 1766 1176 1828 putes,
1223 1754 1366 1825 quod
1399 1754 1537 1808 filius
1574 1762 1767 1809 contu-

170 1848 313 1903 taelia
335 1848 618 1904 afﬁciatur
642 1865 656 1902 :
679 1856 738 1901 ut
762 1846 810 1901 si
834 1846 1020 1903 doleas
1042 1846 1113 1903 de
1138 1845 1249 1909 illo.
1278 1853 1334 1899 at
1359 1859 1467 1899 non
1495 1853 1766 1914 tamquam

168 1937 487 1993 malumelia
511 1937 745 1992 affectus
760 1954 780 1993 -:
804 1950 909 1991 non
930 1937 1075 1992 enim
1092 1938 1221 2007 quia
1252 1951 1387 2005 puer
1411 1936 1551 1991 male
1580 1935 1765 2002 habet,

171 2037 218 2081 ts
258 2029 592 2083 contumelia
622 2026 850 2082 ﬂectus
872 2041 966 2091 es;
993 2026 1089 2082 sed
1135 2027 1183 2081 is
1204 2027 1294 2097 qui
1324 2026 1464 2081 male
1485 2024 1631 2081 fecit.
1661 2026 1769 2082 lle-

167 2122 362 2189 stingue
386 2121 636 2191 gladium
662 2128 901 2185 acutum,
926 2119 979 2174 in
1001 2119 1188 2189 vagina
1204 2118 1489 2175 condatur.
1514 2118 1569 2174 Si
1593 2118 1767 2174 nudus

170 2220 404 2277 maneat.
433 2227 589 2282 saepe
617 2212 712 2266 illo
744 2211 1105 2280 inopportuno
1131 2222 1374 2279 tempore
1416 2216 1653 2275 utemur,
1699 2209 1769 2264 ab

168 2303 236 2357 ira
262 2305 525 2359 concitati
552 2320 567 2369 ;
601 2304 647 2358 si
681 2317 810 2358 vero
835 2302 1082 2357 conditus
1108 2310 1360 2367 maneat,
1389 2301 1598 2357 etiamsi
1628 2315 1768 2371 opus

169 2395 335 2457 fuerit,
364 2394 750 2465 exstinguetur
773 2393 871 2448 ira.
899 2392 1014 2448 Non
1037 2393 1147 2447 vult
1170 2391 1419 2447 Christus
1446 2400 1504 2446 ut
1524 2406 1621 2461 pro
1647 2392 1767 2461 ipso

170 2485 452 2541 irascamur
476 2505 492 2542 :
516 2486 646 2541 audi
675 2486 817 2541 enim
855 2483 983 2556 quid
1014 2484 1171 2541 Petro
1191 2484 1334 2540 dicat
1357 2501 1370 2537 :
1392 2481 1636 2539 Converte
1654 2484 1766 2553 gla-

170 2576 296 2630 dium
334 2587 482 2630 ιιιιιηι
527 2578 583 2632 in
626 2578 865 2648 vaginam
900 2575 1135 2647 (Matth.
1178 2575 1271 2631 26.
1300 2574 1410 2647 5‘2)
1434 2617 1448 2642 ,
1500 2586 1555 2632 et
1586 2586 1641 2631 tu
1669 2591 1766 2647 pro

170 2668 268 2723 lilio
307 2669 610 2724 irasceris?
658 2671 798 2724 Doce
829 2668 997 2723 lilium
1025 2666 1435 2739 philosophari;
1483 2682 1644 2723 narra
1680 2666 1759 2723 illi

169 2759 438 2826 passiones
470 2760 720 2825 Domini;
752 2759 961 2815 imitare
992 2758 1305 2830 magistrum
1333 2769 1504 2813 tuum.
1536 2756 1763 2826 Quando

170 2848 236 2902 illi
290 2848 657 2904 inhonorandi
714 2858 903 2916 erant,
954 2864 1061 2903 non
1112 2848 1270 2915 dixit,
1322 2847 1615 2910 Ulciscar;
1666 2845 1763 2903 sed

168 2937 326 3007 quid?
369 2938 456 2992 Me
479 2938 769 3009 perseqmui
807 2946 947 3005 sunt,
991 2948 1037 2993 et
1064 2954 1150 2993 vos
1178 2949 1542 3011 persequentur
1576 2937 1759 3009 (Joan.

173 3027 409 3099 15.20).
468 3029 638 3085 Ferte
691 3030 870 3100 itaque
926 3028 1169 3094 fortiter;
1215 3045 1322 3084 non
1379 3031 1522 3085 enim
1574 3029 1764 3084 melio-

171 3130 248 3171 res
271 3133 354 3173 me
380 3118 537 3175 estis.
589 3117 717 3174 ιιωυ
741 3129 795 3175 ει
822 3128 876 3174 ιιι
900 3120 1011 3174 lilio
1031 3129 1085 3174 et
1110 3134 1270 3175 servo
1313 3120 1516 3176 dicito:
1540 3118 1656 3175 Non
1701 3133 1767 3176 es

173 3209 384 3265 Domino
416 3220 512 3266 tuo
549 3210 763 3266 melior.
812 3211 920 3275 Sed
952 3211 1070 3267 hmo
1107 3211 1463 3284 philosophiae
1488 3212 1651 3267 verba
1684 3212 1764 3266 vi-

170 3298 348 3356 dentur
374 3317 404 3357 a
431 3303 594 3357 vidua
626 3298 911 3373 proficisci.
943 3303 1039 3359 ﬂei
1072 3304 1203 3359 mihi
1230 3344 1247 3371 ,
1278 3303 1422 3374 quod
1454 3294 1547 3359 res
1576 3302 1762 3359 verbis

172 3393 421 3450 declarari
452 3407 708 3464 nequeat,
740 3405 798 3451 ut
823 3406 1001 3466 potest
1024 3397 1355 3467 experientia
1385 3396 1576 3452 edisci.
1608 3396 1676 3452 Et
1703 3408 1762 3453 ut

172 3487 354 3551 discas,
386 3490 442 3543 in
473 3487 654 3543 medie
680 3487 909 3543 duorum
936 3489 1362 3545 concertantium
1390 3496 1561 3554 stans,
1590 3489 1666 3543 sis
1692 3505 1758 3543 ex

174 3588 307 3644 parte
326 3578 608 3646 itesorum,
636 3594 742 3635 non
768 3579 1098 3648 lmdentium,
1126 3582 1171 3636 si
1196 3595 1303 3635 non
1327 3580 1467 3651 apud
1497 3592 1547 3636 ιε
1573 3582 1762 3636 trium-

175 3667 295 3734 phos
313 3669 549 3737 videbis,
572 3670 617 3724 si
640 3685 748 3724 non
765 3670 1073 3740 splendidas
1083 3672 1315 3742 accipies
1334 3688 1582 3729 coronas.
1604 3672 1759 3739 Vide,

172 3762 429 3829 quomodo
454 3763 784 3818 contumelia
815 3764 1049 3819 allicitur
1076 3767 1217 3820 Deus
1240 3804 1257 3830 ,
1288 3780 1449 3833 quam
1481 3776 1763 3822 nmnsucte

175 3862 222 3905 et
248 3854 476 3923 benigne
505 3853 829 3922 respondeat
859 3872 872 3907 :
907 3853 1006 3908 Ubi
1033 3864 1145 3921 est,
1183 3856 1390 3925 inquit,
1432 3856 1559 3911 Abel
1600 3862 1760 3929 frater

174 3952 277 3995 laus
304 3942 459 4012 (Gen.
494 3944 548 3998 4.
574 3943 747 4013 9)?Et
761 3943 886 4014 quid
914 3944 1047 3999 ille?
1093 3942 1360 4016 Numquid
1386 3957 1556 4001 custos
1583 3948 1763 4017 fratris

175 4033 260 4084 issi
278 4050 388 4086 sum
402 4050 500 4105 ego
516 4035 541 4087 ?
568 4034 703 4101 Quid
723 4033 825 4089 hoc
850 4036 1214 4105 arrogantius?
1238 4036 1340 4091 hoc
1362 4048 1508 4093 certe
1529 4038 1613 4093 vel
1635 4054 1665 4093 a
1698 4040 1763 4093 fi-

174 4120 368 4193 lioquis
381 4126 613 4181 libenter
632 4126 974 4181 audivisset?
992 4142 1111 4181 nam
1137 4128 1181 4183 si
1201 4143 1231 4181 a
1246 4128 1621 4192 fratremonne
1640 4132 1763 4201 quis

173 4212 371 4271 duxerit
405 4232 531 4271 esse
556 4216 945 4287 ignominiam?
970 4219 1040 4273 At
1062 4218 1203 4272 Deus
1248 4218 1445 4274 iterum
1478 4234 1760 4277 mansuete

176 4306 488 4374 respondet:
516 4304 628 4360 νοτ
644 4308 926 4377 sanguinis,
952 4308 1143 4376 inquit,
1163 4310 1341 4378 fratris
1377 4310 1449 4362 tui
1479 4311 1667 4364 clamat
1690 4311 1760 4363 ad

175 4396 332 4448 ruehl
351 4396 515 4460 Deus,
542 4396 866 4465 inquies,.ira
886 4396 1136 4467 superior
1151 4408 1254 4453 est.
1272 4399 1377 4454 Sed
1398 4400 1517 4455 ideo
1536 4401 1760 4457 descen-

174 4484 244 4539 dit
267 4486 432 4543 Filius
464 4488 557 4544 Dei
584 4531 599 4556 ,
632 4500 690 4543 ut
718 4499 769 4545 te
796 4488 956 4545 deum
1000 4490 1200 4547 faceret
1230 4492 1525 4549 sclundum
1566 4495 1759 4551 huma-

176 4588 261 4633 nas
287 4580 449 4635 vires.
494 4581 561 4635 At
590 4596 695 4636 non
725 4596 942 4651 possum
964 4623 979 4648 ,
1013 4582 1223 4653 inquies
1244 4625 1262 4652 ,
1292 4585 1456 4641 homo
1484 4601 1606 4642 cum
1632 4590 1757 4644 sim.

178 4666 303 4737 Ergo
330 4682 517 4740 patere
540 4682 599 4726 ut
624 4672 868 4729 homines
895 4674 987 4729 tibi
1009 4675 1361 4731 adducamus.
1390 4676 1467 4733 Ne
1492 4689 1647 4749 putes
1673 4697 1761 4738 me

178 4757 382 4816 Paulum
413 4761 595 4818 dicere
618 4774 711 4819 aut
740 4764 952 4820 Petrum
974 4805 991 4830 ,
1021 4767 1115 4822 sed
1146 4768 1406 4838 quosdam
1436 4771 1567 4841 ipsis
1596 4770 1761 4844 longe

178 4849 469 4909 inferiores.
499 4854 615 4910 lleli
644 4871 831 4912 servus
857 4858 1069 4912 Annam
1104 4862 1434 4918 contumelia
1464 4864 1757 4933 affecerat,

176 4938 345 4999 dicens
378 4964 391 4998 :
425 4945 610 5017 Digere
654 4950 822 5003 vinum
861 4960 1005 5003 tuum
1051 4952 1146 5021 (1.
1198 4951 1326 5023 Reg.
1360 4955 1410 5009 1.
1443 4956 1574 5027 14).
1619 4956 1761 5024 Quid

180 5031 269 5088 hoc
293 5038 776 5095 contumeliosius?
801 5040 939 5108 Quid
966 5057 1095 5112 ergo
1121 5043 1209 5099 illa
1231 5044 1253 5097 ?
1282 5044 1473 5101 Mulier
1500 5050 1553 5103 in
1582 5066 1760 5105 antaro

178 5122 249 5177 die
270 5142 356 5196 ego
380 5144 513 5183 sum.
543 5128 685 5185 Nihil
711 5147 896 5187 revera
926 5132 1206 5188 afflictioni
1237 5150 1332 5203 par
1360 5153 1373 5189 :
1406 5136 1760 5208 philosophia:

178 5226 331 5271 mater
358 5229 461 5275 est.
510 5220 635 5275 lizec
669 5237 798 5278 vero
839 5225 969 5292 ipsa.
994 5226 1189 5279 mulier
1217 5226 1466 5281 :euuulam
1503 5228 1707 5283 habens
1731 5270 1747 5297 ,

181 5320 272 5360 non
297 5312 616 5366 contumelia
642 5312 817 5369 affecit
842 5330 983 5380 eam;
1010 5315 1105 5371 sed
1130 5316 1294 5386 quid?
1323 5318 1400 5372 Ad
1430 5318 1596 5373 Deum
1622 5334 1754 5374 con-

181 5396 314 5469 fugit,
339 5412 394 5457 et
418 5419 581 5460 orans
604 5407 748 5461 illius
772 5423 839 5462 ne
859 5409 1073 5479 quidem
1097 5411 1364 5475 meminit,
1394 5427 1565 5481 neque
1587 5413 1755 5467 dicit:

180 5491 425 5555 Quoniam
458 5494 571 5551 haec
596 5514 683 5554 me
710 5500 919 5570 probris
947 5500 1145 5563 all‘ecil.
1165 5518 1251 5557 nte
1282 5504 1545 5560 ulciscere
1577 5524 1589 5560 :
1620 5507 1757 5561 adeo

183 5580 519 5655 philosophia:
546 5600 757 5644 assueta
787 5591 983 5647 mulier
1008 5603 1145 5648 erat.
1170 5593 1591 5666 Erubescimus,
1618 5598 1754 5653 viri:

181 5669 315 5726 scitis
340 5676 484 5729 enim
514 5677 645 5733 nihil
667 5679 787 5735 seio
819 5696 914 5750 par
938 5696 1079 5737 esse.

244 5761 292 5816 5.
321 5765 635 5823 Publicanus
661 5786 690 5825 a
714 5771 991 5828 Pharismo
1015 5775 1348 5833 contumelia
1370 5778 1613 5845 affectus,
1646 5796 1755 5837 non
1867 5769 1877 5841 ἶ

186 5858 353 5913 relidit
392 5865 767 5921 contumeliam
790 5905 806 5933 ,
838 5867 1080 5936 quamvis
1120 5879 1333 5941 posset,
1380 5873 1424 5929 si
1458 5874 1749 5941 voluisset;

3378 450 3481 507 586

1874 555 1972 613 sed
2019 554 2071 611 id
2112 555 2488 627 philosophico
2531 556 2717 612 animo
2762 557 2904 623 tulit.
2950 559 3160 627 dicens,
3214 562 3484 635 Propitius

1871 657 1977 702 esto
2018 648 2144 701 inihi
2187 648 2444 717 peccatori
2470 645 2636 718 (Luc.
2670 648 2756 703 18.
2794 648 2931 721 15).
2955 650 3308 721 \iemphibaal
3345 655 3425 725 (a)
3453 674 3483 711 a

1874 752 2034 793 servo
2059 748 2346 794 accusatus
2367 747 2424 794 et
2443 740 2711 795 calumnia
2736 740 3012 812 impetitus
3033 743 3111 814 (Ξ.
3134 746 3264 820 Reg.
3294 748 3378 805 l6.
3400 751 3481 819 3),

1876 846 2055 902 neque
2078 831 2216 887 dixit
2241 848 2417 902 neque
2446 832 2570 888 fecit
2594 833 2675 888 illi
2695 834 2968 905 quidpiam
2996 838 3145 903 mali,
3176 855 3245 895 ne
3264 842 3484 911 quidem

1874 922 2015 992 apud
2060 938 2266 993 regem.
2311 923 2408 979 Vis
2456 925 2620 980 etiam
2666 926 2967 982 meretricis
3019 929 3208 986 audire
3249 932 3490 1003 philoso-

1877 1014 2093 1085 phiam?
2116 1014 2255 1070 Audi
2284 1015 2559 1073 Christum
2585 1017 2853 1074 dicentem
2876 1061 2891 1084 ,
2920 1022 3141 1092 quando
3168 1024 3255 1079 illa
3277 1028 3488 1097 capillis

1874 1106 1989 1163 suis
2017 1106 2182 1177 pedes
2208 1107 2379 1179 ipsius
2410 1109 2693 1180 tergebat:
2717 1109 2994 1166 Pnblt'cam'
3014 1122 3062 1167 et
3093 1118 3378 1172 meretrices
3399 1136 3488 1174 vos

1875 1197 2160 1270 precedent
2206 1199 2259 1253 in
2302 1216 2458 1271 regno
2506 1199 2724 1269 (Matth.
2783 1201 2879 1258 21.
2932 1204 3051 1276 51).
3099 1204 3289 1263 Vidisti
3337 1210 3486 1265 illam

1875 1296 2107 1344 stantem
2136 1299 2192 1344 et
2222 1289 2634 1362 lacrymantem,
2667 1307 2733 1347 ac
2761 1295 2980 1364 propria
3008 1308 3225 1366 peccata
3254 1300 3489 1357 abluen-

1876 1384 2029 1437 tem?
2068 1378 2223 1443 Vide,
2281 1381 2557 1451 quomodo
2597 1398 2629 1438 a
2681 1383 2958 1442 l’bariszco
3010 1390 3227 1459 probris
3268 1392 3486 1462 affecta,

1876 1484 1983 1525 non
2029 1469 2312 1527 irascatur.
2363 1473 2417 1527 Si
2466 1475 2652 1542 sciret,
2700 1478 2902 1548 aiebat,
2945 1481 3087 1547 quod
3136 1482 3253 1539 haec
3293 1486 3489 1543 mulier

1875 1561 2145 1629 peccatrix
2190 1564 2303 1629 sit,
2353 1579 2460 1619 non
2503 1565 2708 1623 sineret
2781 1584 2926 1625 eam.
2993 1571 3113 1628 Non
3166 1574 3303 1631 dixit
3356 1578 3484 1634 illi:

1874 1650 2050 1719 Quid?
2072 1668 2284 1724 qumso;
2333 1664 2460 1711 tune
2492 1673 2659 1727 purus
2698 1674 2728 1714 a
2774 1664 3010 1732 peccatis
3044 1666 3147 1721 es?
3179 1668 3275 1723 sed
3315 1672 3489 1741 magis

1876 1743 2202 1813 patiebatur,
2239 1748 2410 1817 magis
2451 1750 2723 1818 gemebat,
2777 1762 2833 1808 et
2873 1756 3161 1814 calidiores
3219 1759 3489 1833 lacrymas

1874 1833 2180 1913 emittebat.
2209 1835 2369 1902 Quod
2394 1839 2437 1892 si
2473 1840 2753 1908 mulieres,
2788 1845 3058 1913 publicani
3084 1858 3141 1905 et
3168 1855 3488 1911 meretrices

1876 1923 2347 1997 philosophentur,
2382 1929 2545 2002 idque
2573 1943 2700 1989 ante
2730 1937 2956 2005 gratiam
2990 1958 3002 1993 :
3032 1956 3136 2011 qua
3160 1946 3314 2000 venia
3335 1945 3482 2017 digni

1877 2031 1975 2072 nos
2018 2018 2246 2087 erimus,
2294 2022 2387 2092 qui
2426 2034 2547 2093 post
2597 2033 2801 2081 tantam
2846 2031 3075 2099 gratiam
3122 2038 3294 2107 magis
3320 2053 3483 2109 quam

1874 2106 2004 2163 fera:
2032 2108 2303 2178 rixamur,
2319 2114 2653 2182 mordentes,
2688 2117 3035 2177 calcitrantes
3051 2123 3076 2175 ’ἔ

1947 2197 2040 2254 Ira
2068 2202 2415 2275 redarguitur.
2445 2237 2517 2249 —-
2544 2206 2688 2263 Nihil
2721 2212 2929 2281 turpius
2959 2214 3036 2268 ira
3058 2256 3075 2281 ,
3105 2216 3237 2272 nihil
3281 2220 3443 2278 vilius
3465 2263 3483 2289 ,

1873 2288 2007 2345 nihil
2033 2295 2288 2363 gravius,
2322 2295 2459 2351 nihil
2492 2297 2796 2367 ingratius,
2826 2301 2966 2358 nihil.
2988 2303 3323 2364 damnosius.
3357 2311 3485 2368 llzcc

1873 2379 2025 2447 dico,
2068 2397 2177 2438 non
2230 2391 2439 2441 tantum
2492 2395 2549 2443 ut
2597 2403 2720 2444 cum
2752 2392 2884 2447 viris
2926 2395 3087 2453 mites
3127 2399 3298 2455 simus
3325 2444 3341 2469 ,
3385 2406 3481 2460 sed

1872 2472 2035 2527 etiam
2063 2483 2122 2529 ut
2146 2475 2191 2531 si
2225 2491 2362 2533 uxor
2391 2478 2586 2549 loquax
2610 2480 2700 2548 sit,
2731 2481 2871 2540 feras
2898 2485 3043 2543 illam
3077 2506 3092 2545 :
3122 2491 3309 2549 sittibi
3334 2498 3487 2566 palan

1872 2574 1984 2622 stra
2023 2578 2079 2623 et
2116 2572 2456 2639 gymnasium
2505 2589 2661 2629 uxor.
2704 2575 2988 2644 Quomodo
3014 2584 3161 2637 enim
3188 2585 3482 2647 absurdum

1872 2674 1980 2715 non
1999 2661 2167 2717 fuerit
2194 2667 2475 2737 gymnasia
2504 2667 2795 2726 admittere
2814 2712 2831 2740 ,
2858 2688 2979 2743 qua:
3008 2675 3142 2732 nihil
3176 2678 3313 2736 lucri
3345 2683 3481 2739 ειπε-

1871 2759 2015 2817 rant,
2067 2753 2158 2807 ubi
2201 2769 2403 2825 corpus
2432 2760 2754 2828 atterimus;
2796 2772 2853 2817 et
2887 2769 3170 2836 gymnasia
3200 2772 3345 2827 domi
3376 2792 3484 2831 non

1874 2857 2086 2913 parare,
2130 2861 2251 2917 ηυδε
2300 2848 2465 2905 etiam
2497 2862 2626 2907 ante
2672 2857 2970 2912 certamina
3020 2874 3279 2917 coronam
3329 2867 3488 2922 nobis

1871 2936 2208 2993 concilient?
2252 2941 2595 2999 Contumelia
2635 2945 2806 3002 allicit
2835 2950 3072 3007 mulier?
3100 2954 3176 3009 Ne
3208 2964 3261 3011 tu
3291 2960 3487 3015 iuulier

1868 3026 2129 3084 efﬁciaris
2159 3048 2174 3084 :
2204 3032 2470 3090 muliebre
2518 3038 2665 3091 enim
2714 3049 2799 3094 est
2845 3045 3176 3100 contumelia
3224 3047 3481 3117 allicere;

1869 3119 2093 3176 morbus
2120 3130 2206 3177 est
2244 3124 2441 3192 animi,
2471 3126 2660 3183 vitium
2686 3140 2793 3185 est.
2818 3130 2905 3188 Ne
2930 3144 3092 3203 putes
3116 3135 3168 3191 t'e
3199 3137 3483 3211 indignum

1870 3226 2015 3276 esse,
2040 3214 2185 3285 quod
2222 3230 2253 3270 a
2284 3218 2515 3275 muliere
2537 3224 2871 3279 contumelia
2896 3225 3169 3284 alliciaris.
3200 3228 3483 3303 Indignum

1871 3312 1925 3359 te
1953 3314 2055 3370 est,
2097 3320 2221 3362 cum
2270 3317 2325 3395 tu
2361 3314 2695 3370 contumelia
2730 3316 2922 3385 silicis,
2957 3319 3045 3375 illa
3076 3336 3207 3378 vero
3232 3324 3482 3395 philoso-

1870 3394 2099 3465 phatur;
2127 3408 2255 3463 tunc
2284 3388 2515 3471 turpiter
2540 3405 2679 3476 agis,
2706 3416 2835 3463 tunc
2854 3413 3183 3468 contumelia
3212 3388 3481 3475 afficeris:

1869 3486 1914 3540 si
1943 3500 2074 3543 vero
2103 3492 2492 3547 contumeliam
2525 3495 2669 3551 feras
2689 3538 2705 3562 ,
2737 3514 2988 3570 magnum
3020 3504 3125 3559 erit
3152 3504 3484 3567 fortitudinis

1871 3584 1978 3631 tua:
2009 3591 2408 3650 argumentum.
2449 3585 2571 3641 Non
2603 3587 2706 3644 hoc
2736 3588 2896 3658 dico,
2940 3602 2998 3648 ut
3040 3598 3298 3656 mulieres
3329 3602 3486 3659 indu-

1870 3682 1990 3725 eam
2036 3671 2105 3725 ad
2155 3676 2511 3732 contumelias
2565 3677 2920 3749 inferendas;
2968 3684 3148 3755 absit;
3181 3692 3277 3746 sed
3307 3703 3405 3763 ut,
3438 3700 3486 3753 si

1869 3768 2060 3815 satana
2080 3760 2369 3833 instigante
2396 3766 2448 3821 id
2470 3771 2707 3838 eveniat,
2733 3786 2830 3828 vos
2861 3774 3066 3832 feratis.
3098 3779 3348 3840 Virorum
3374 3760 3487 3843 for-

1872 3850 2005 3906 tium
2035 3863 2120 3908 est
2150 3855 2397 3914 inlirmos
2419 3860 2584 3917 ferre.
2617 3861 2673 3917 Si
2703 3863 2937 3923 famulus
2962 3873 3358 3934 contradixerit
3379 3923 3394 3947 ,
3426 3892 3481 3938 tu

1869 3942 2245 4036 philosophice
2265 3962 2365 4019 age
2389 3966 2402 4003 :
2426 3966 2532 4006 non
2549 3955 2695 4025 quod
2721 3956 2809 4014 ille
2830 3971 3071 4018 meretur
3096 3966 3309 4036 audire,
3334 3942 3485 4026 dicas

1868 4035 1955 4091 vel
1985 4035 2173 4103 facias,
2196 4041 2292 4095 sed
2314 4043 2459 4112 quod
2486 4056 2703 4115 Oportet
2725 4058 2777 4105 te
2801 4049 2988 4109 dicere
3009 4064 3066 4110 et
3090 4035 3299 4115 facere.
3317 4061 3485 4116 Num-

1868 4141 2031 4197 quam
2059 4131 2291 4199 puellam
2322 4136 2652 4191 contumelia
2684 4139 2913 4207 allicias,
2943 4146 3168 4201 verbum
3197 4159 3353 4220 turpe
3396 4154 3486 4208 cf-

1867 4220 2085 4288 ferens;
2112 4239 2406 4294 numquam
2436 4226 2695 4285 famulum
2728 4236 3019 4292 scelestum
3050 4238 3221 4297 dicas.
3251 4241 3348 4299 ille
3372 4261 3482 4302 non

1869 4314 2194 4369 contumelia
2224 4315 2453 4377 aB‘ectus
2478 4329 2583 4389 est,
2610 4324 2706 4379 sed
2752 4334 2827 4380 tu.
2860 4327 2981 4384 Non
3009 4342 3186 4400 potest
3216 4336 3267 4389 in
3298 4338 3484 4408 seipso

1872 4414 2098 4495 manere
2145 4404 2194 4461 is
2234 4409 2327 4479 qui
2361 4410 2613 4469 irascitur
2635 4454 2656 4482 ,
2681 4416 2823 4475 sicut
2850 4435 2952 4476 nec
2981 4424 3203 4495 pelagus
3230 4404 3484 4488 ﬂuctibus

1867 4494 2161 4588 agitatum;
2215 4514 2317 4555 nec
2372 4502 2498 4587 lpus
2542 4520 2765 4564 manere
2814 4525 2983 4581 purus
3035 4494 3236 4588 potest,
3272 4520 3384 4577 luto
3423 4524 3478 4580 in

1869 4581 2022 4639 illum
2054 4585 2325 4645 incidente
2352 4581 2475 4648 {sic
2504 4596 2686 4652 omnia
2713 4600 3008 4659 miscentur
3020 4581 3054 4673 ξ
3068 4607 3177 4664 imo
3196 4581 3276 4685 sic
3300 4615 3483 4671 omnia

1869 4950 2043 5051 illa-m-
2066 4955 2295 5022 scidisti,
2329 4959 2476 5016 illam
2517 4965 2848 5037 vulnerasti;
2879 4976 3121 5047 aurigam
3148 4981 3305 5051 equis
3344 4984 3481 5038 sub-

1828 5123 1833 5128 _
1864 5040 2045 5110 jecisti
2067 5086 2082 5109 ,
2128 5048 2383 5116 supinum
2417 5055 2555 5109 trahi
2586 5063 2784 5115 curasti
2818 5079 2831 5116 :
2872 5040 3035 5134 atque
3065 5040 3302 5141 idips'um
3331 5073 3483 5131 litae

1868 5135 1913 5230 si
1957 5138 2141 5209 auriga
2183 5142 2341 5197 alteri
2365 5160 2733 5219 succensens,
2768 5154 2905 5209 trahi
2948 5172 3007 5213 se
3054 5135 3309 5230 patiatur.
3354 5165 3485 5224 Sive

1871 5224 2119 5321 increpes
2140 5271 2156 5297 ,
2206 5233 2329 5289 sive
2367 5252 2625 5307 moneas,
2660 5243 2775 5298 sive
2804 5246 2931 5315 quid
2961 5224 3106 5305 aliud
3137 5252 3323 5321 facias,
3352 5258 3482 5314 abs-

1869 5331 1975 5387 que
2014 5319 2092 5375 ira
2132 5332 2188 5377 et
2224 5322 2411 5383 furore
2450 5328 2631 5386 facito.
2673 5332 2806 5389 Nam
2846 5339 2892 5393 si
2931 5338 2976 5394 is
3002 5381 3017 5408 ,
3066 5342 3157 5413 qui
3199 5319 3482 5417 increpat,

1932 5454 2599 5546 i“3.1‘.'$.?°.f.’32.39913‘."§9
2622 5477 2760 5546 ‘1‘???
2796 5475 3141 5546 Μεηψνιίὸααιι
3168 5480 3210 5530 is
3242 5485 3350 5545 ipse
3376 5494 3477 5546 εει.

1978 5527 2175 5606 ἶξῗὲἓιιέξ
2201 5524 2520 5606 Μιζιξὶιξὲπὶθὲιιξ
2554 5528 2604 5577 in
2640 5530 2848 5606 Υμιεξιςε
2868 5524 2933 5606 δι’
2954 5524 3350 5606 asinina"
3371 5524 3483 5597 (Si

1896 5565 2627 5668 ὲιιξτνξξεξς.Εῑςξιιίτῖἕὲετῐι,
2651 5565 2934 5668 ὲιῖἓέῖῖῐεέῖῖ»
2956 5565 3335 5668 Vlixi???
3358 5565 3485 5668 έῖλεῗ

1867 5652 1919 5726 v;
1941 5641 2334 5726 5;.‘Ex‘d_uobus
2370 5658 2550 5726 autem.
2570 5641 2866 5726 nominibus
2873 5641 3029 5711 unum
3045 5641 3401 5726 ‘riéiiiriféiﬁ'
3414 5641 3484 5719 ita
