4094 6478
561 470 664 527 127

562 581 803 639 medicus
823 584 904 633 cst
931 570 1227 646 peccantis,
1254 567 1522 641 quomodo
1550 565 1717 635 possit
1744 563 1905 617 alium
1931 573 2142 623 curare,

560 689 682 729 cum
713 671 810 725 sibi
842 668 939 737 ipsi
970 666 1117 737 prius
1140 663 1334 718 malum
1363 657 1620 721 intulerit,
1650 668 1750 710 nec
1778 651 2013 721 scipsum
2051 664 2146 703 cu-

561 766 677 820 ret?
704 762 760 819 Si
786 762 905 831 quis
924 800 940 824 ,
972 771 1155 829 qumso
1174 798 1189 822 ,
1219 752 1457 809 medicus
1481 750 1644 803 alium
1685 756 1969 802 curaturus
2006 742 2108 798 iret
2128 782 2143 805 ,

562 867 837 929 postquam
867 854 1015 925 prius
1057 862 1271 905 manum
1302 859 1451 901 suam
1493 841 1789 898 sauciassct
1814 879 1826 902 ,
1859 846 2142 907 postquam

568 927 716 1020 prius
748 949 936 1003 ocn‘os
964 948 1307 1002 excmcasset,
1338 951 1465 991 num
1490 935 1568 989 sic
1599 934 1745 988 illum
1771 928 2022 987 curaret?
2051 927 2148 981 Mi-

564 1042 728 1105 nime,
760 1035 986 1108 inquies.
1017 1033 1109 1089 Sic
1137 1039 1186 1085 et
1217 1038 1269 1083 tu
1300 1029 1426 1083 licet
1454 1027 1717 1094 increpes,
1752 1022 1877 1076 licet
1903 1032 2144 1083 moneas,

561 1146 696 1204 pura
723 1129 937 1184 videant
969 1122 1108 1178 oculi
1149 1122 1247 1176 lui.
1289 1119 1367 1174 Ne
1408 1118 1591 1172 turbes
1622 1127 1876 1178 mentem,
1909 1109 2146 1179 alioquin

560 1203 829 1292 quomodo
876 1214 1084 1271 medela
1129 1212 1269 1268 erit?
1311 1209 1424 1265 Non
1468 1214 1686 1276 possunt
1726 1204 1780 1258 in
1813 1203 1999 1259 eadem
2026 1214 2147 1256 esse

566 1290 952 1381 tranquillitate
990 1307 1080 1377 qui
1112 1317 1217 1358 non
1250 1301 1497 1355 irascitur
1522 1307 1577 1352 et
1606 1296 1696 1366 qui
1726 1295 1990 1349 irascitur.
2036 1290 2147 1345 Cur

559 1404 781 1458 doctore
810 1400 1042 1455 decusso
1070 1394 1138 1453 de
1169 1393 1386 1457 throno,
1419 1388 1565 1443 ltnnti
1590 1386 1858 1457 iacentem
1901 1383 2145 1457 alloque-

559 1492 671 1549 ris?
710 1490 827 1546 Non
873 1487 1025 1543 vides
1045 1485 1274 1556 judices,
1307 1482 1545 1553 quicum
1580 1473 1868 1547 judicaturi
1902 1482 2061 1536 sunt,
2092 1471 2144 1526 in

1287 456 1345 514 5.
1384 450 1659 513 IOANNIS
1696 441 2176 507 CllRYSOSTOMI
2214 441 2530 506 ARCHIEP.
2566 441 3101 500 CONSTANTINOP.

3737 434 3838 494 128

2258 556 2451 611 throno
2494 557 2716 625 sedent,
2751 558 2802 613 in
2836 558 3016 613 habitu
3058 557 3308 614 decenti?
3346 555 3435 613 Sic
3474 565 3527 614 et
3558 567 3612 612 tu
3646 556 3837 617 facito.

2250 664 2383 705 Orna
2434 648 2668 704 animam
2717 661 2858 705 tuam
2911 656 3104 706 vestitu
3143 650 3419 719 iudiciali;
3462 649 3579 704 haec
3610 665 3733 704 vera
3764 659 3842 705 est

2250 742 2474 811 mquitas
2526 757 2539 793 :
2580 751 2635 796 et
2662 752 2785 797 tunc
2814 743 2866 796 in
2899 742 3092 797 throno
3135 741 3298 812 judex
3326 740 3472 797 sede.
3501 740 3607 797 Sed
3640 757 3744 794 non
3781 742 3845 794 ti-

2259 833 2444 897 mebit,
2479 834 2707 903 inquies.
2734 833 2845 889 lino
2867 836 3035 903 magis
3058 836 3282 889 tintebit.
3313 833 3464 889 Tunc
3484 848 3614 888 vero
3634 833 3845 888 etiamsi

2250 925 2392 993 justa
2423 924 2643 992 dixeris,
2677 926 2727 979 id
2761 926 2921 980 furori
2947 942 3135 981 servus
3162 926 3472 997 imputabit;
3500 930 3544 979 si
3574 940 3702 980 vero
3724 939 3845 979 cum

2255 1018 2700 1084 mansuetudine,
2732 1020 2968 1090 seipsum
3015 1019 3289 1074 damnabit
3319 1035 3333 1070 :
3366 1018 3617 1089 quodque
3648 1016 3842 1086 pra-ci-

2252 1122 2415 1177 puum
2447 1116 2562 1171 est,
2598 1116 2650 1164 te
2678 1109 2817 1165 Deus
2856 1119 3133 1179 acceptum
3174 1108 3389 1163 habebit
3411 1148 3427 1174 ,
3458 1117 3510 1163 et
3538 1108 3616 1162 sic
3646 1105 3850 1177 peteris

2253 1208 2454 1252 a-terna
2476 1199 2612 1253 bona
2630 1200 2907 1270 consequi,
2926 1202 3115 1272 gratia,
3146 1200 3489 1255 miseratione
3518 1209 3572 1255 et
3601 1199 3851 1269 benigni-

2255 1300 2361 1345 tate
2392 1291 2601 1347 Domini
2626 1296 2792 1348 nostri
2822 1295 2948 1350 Iesu
2970 1295 3192 1361 Christi,
3220 1296 3434 1366 quicum
3467 1294 3611 1349 Patri
3636 1307 3851 1361 unaque

2254 1380 2479 1451 Spiritui
2522 1394 2709 1439 sancto
2749 1386 2921 1454 gloria
2946 1427 2961 1451 ,
3009 1387 3289 1455 impcrittnt
3316 1426 3330 1447 ,
3377 1388 3548 1440 honor
3574 1426 3591 1454 ,
3625 1398 3764 1439 nunc
3796 1393 3852 1437 ct

2254 1487 2469 1544 semper
2488 1514 2505 1543 ,
2536 1485 2590 1530 et
2617 1478 2672 1530 in
2700 1478 2893 1531 sascula
2924 1479 3266 1534 saeculorum.
3292 1483 3485 1534 Amen.

588 1606 3838 1647 Mm

1934 1677 2283 1741 HOMILIA
2330 1683 2501 1745 XVI.

564 1856 691 1912 Car.
720 1856 772 1911 7.
805 1870 853 1905 ν.
887 1850 939 1906 6.
968 1848 1225 1918 Loquuttts
1246 1851 1316 1896 est
1334 1847 1499 1892 autem
1517 1842 1593 1893 sic
1623 1833 1761 1888 Deus
1790 1830 1962 1883 dicens
1982 1843 1998 1878 :
2016 1823 2147 1889 Quia

634 1947 725 2000 erit
754 1960 921 1999 semen
951 1942 1063 2009 ejus
1091 1936 1263 1989 accola
1299 1934 1350 1985 in
1398 1941 1530 1984 terra
1577 1928 1745 1979 aliena
1779 1964 1794 1989 ,
1836 1931 1882 1974 et
1922 1914 2147 1973 servituti

632 2055 716 2094 eos
746 2035 1033 2103 subjicient,
1066 2038 1114 2084 et
1143 2028 1276 2082 male
1295 2022 1581 2080 tractabant
1608 2034 1693 2073 eos
1720 2014 1870 2070 annis
1899 2010 2143 2082 quadrin-

632 2132 827 2202 gentis;
858 2128 908 2180 7.
943 2136 987 2178 et
1025 2132 1223 2194 gentem
1260 2119 1344 2173 cui
1386 2113 1647 2172 servierint
1678 2151 1694 2176 ,
1733 2105 1982 2180 judicabo
2011 2118 2102 2169 ego
2127 2141 2142 2167 ,

634 2196 759 2278 dicit
786 2221 961 2283 Deus;
992 2228 1038 2273 et
1066 2226 1176 2288 post
1206 2216 1314 2267 luet:
1335 2211 1562 2273 exibunt,
1594 2215 1639 2260 et
1663 2203 1878 2259 servient
1927 2196 2052 2251 mihi
2094 2196 2150 2248 in

638 2317 749 2369 loco
773 2313 890 2367 isto.

638 2412 689 2463 1.
727 2404 857 2458 Vide
880 2410 1006 2456 ante
1035 2406 1165 2470 quot
1186 2411 1358 2452 annos
1386 2389 1671 2464 promissio
1696 2396 1751 2443 et
1777 2379 2153 2456 promissionis

566 2498 792 2563 modus;
821 2504 876 2552 et
905 2506 1166 2562 nusquam
1196 2486 1546 2551 sterilicium,
1576 2493 1839 2550 nusquam
1866 2472 2153 2530 circumci-

566 2594 669 2647 sio.
698 2589 794 2644 llic
819 2584 1092 2650 ostendit,
1124 2583 1289 2636 Deum
1322 2576 1635 2649 permisisse
1658 2580 1714 2627 ut
1741 2570 1813 2625 illi
1844 2566 2151 2637 affligeren-

571 2696 678 2748 tur,
711 2695 811 2736 nec
854 2680 1072 2747 impune
1114 2675 1229 2728 fore
1275 2686 1369 2726 eos
1403 2710 1418 2735 ,
1468 2668 1557 2739 qui
1591 2666 1910 2720 afflixerant.
1944 2656 2154 2727 Gentem

569 2786 762 2842 autem,
790 2772 873 2827 cui
900 2767 1158 2826 servierint
1182 2807 1197 2833 ,
1211 2764 1456 2836 judicabo
1485 2777 1605 2833 ego,
1635 2758 1756 2812 dicit
1779 2755 1945 2809 Deus:
1970 2750 2155 2806 Vidcn'

570 2867 659 2939 qui
681 2865 945 2939 promisit,
973 2861 1061 2933 qui
1091 2859 1236 2914 dedit
1265 2867 1485 2921 terram,
1522 2852 1669 2923 prius
1694 2849 1828 2904 mala
1857 2845 2112 2918 permittit
2138 2860 2151 2893 :

571 2938 650 3016 sic
691 2966 747 3013 et
784 2972 924 3011 nunc
957 2955 1083 3009 licet
1127 2965 1347 3021 regnum
1390 2943 1691 3017 promiserit
1725 2983 1741 3009 ,
1773 2938 2156 2996 teutationibus

572 3050 810 3108 exerceri
851 3047 999 3103 sinit.
1048 3045 1104 3101 Si
1146 3042 1234 3097 hic
1274 3049 1397 3110 post
1433 3037 1853 3109 quadringentos
1880 3045 2049 3085 annos
2086 3030 2152 3084 li-

572 3145 772 3208 bertas,
804 3138 932 3210 quid
960 3136 1154 3190 mirum
1179 3175 1193 3199 ,
1223 3133 1269 3187 si
1298 3131 1527 3202 idipsum
1559 3128 1611 3181 in
1643 3139 1809 3195 regno
1836 3121 1973 3177 llati
2003 3123 2153 3175 Atta-

574 3250 698 3290 men
731 3233 833 3287 ltoc
860 3230 987 3286 fecit
1017 3267 1033 3293 ,
1081 3240 1181 3282 nec
1212 3234 1422 3294 tempus
1460 3220 1633 3292 potuit
1674 3217 1866 3273 falsum
1896 3228 2015 3269 esse
2044 3228 2161 3268 ser-

580 3339 794 3381 monem
825 3319 1175 3390 comprobare
1202 3358 1217 3381 ,
1248 3317 1349 3370 etsi
1388 3329 1496 3369 non
1543 3310 1747 3365 modica
1774 3305 2017 3377 oppressi
2051 3305 2160 3359 sint

576 3416 850 3472 servitute.
882 3413 1067 3481 Neque
1095 3408 1230 3464 satis
1258 3408 1356 3477 ipsi
1386 3404 1487 3461 fuit
1513 3404 1631 3458 illos
1664 3399 1954 3471 punivisse,
1983 3398 2075 3452 sed
2104 3408 2158 3452 et

578 3508 665 3563 his
717 3507 855 3561 bona
897 3501 1183 3574 promittit.
1218 3500 1441 3554 Videtur
1484 3504 1665 3550 autem
1706 3494 1837 3547 mihi
1892 3490 1977 3545 ltic
2022 3489 2160 3544 velle

579 3601 709 3671 ipsis
730 3597 985 3653 beneficia
1017 3595 1073 3649 in
1099 3593 1413 3648 memoriam
1444 3592 1716 3645 revocare.
1743 3585 1799 3640 8.
1831 3583 1896 3638 Et
1925 3584 2061 3637 dedit
2086 3582 2162 3636 illi

581 3697 932 3745 testamentum
960 3683 1361 3740 circumcisionis
1394 3724 1409 3748 ,
1452 3690 1499 3734 et
1542 3680 1614 3734 sic
1657 3678 1829 3749 genuit
1860 3674 2032 3729 Isaac.
2067 3674 2165 3729 llic

573 3784 681 3855 jam
709 3779 992 3837 demissius
1020 3776 1271 3848 loquitur.
1300 3774 1364 3829 Et
1384 3770 1694 3827 circumcidit
1714 3785 1825 3823 eum
1846 3767 1927 3823 die
1951 3778 2126 3821 octavo
2144 3779 2166 3820 :

577 3886 624 3930 et
651 3874 802 3929 Isaac
828 3870 989 3926 Iacob
1012 3912 1029 3937 ,
1054 3878 1101 3925 et
1130 3868 1291 3923 Iacob
1317 3865 1581 3920 duodecim
1606 3864 1943 3935 patriarchas.
1976 3860 2043 3913 Et
2073 3876 2167 3930 pa-

580 3968 816 4021 triarcha
852 3962 1168 4029 cntulantes,
1195 3958 1387 4031 Ioseph
1414 3956 1741 4012 vendiderunt
1772 3954 1823 4008 in
1850 3951 2161 4023 Egyptum.

582 4060 695 4114 Hoc
718 4068 772 4114 et
798 4058 850 4111 in
878 4056 1094 4112 Christo
1138 4055 1334 4107 factum
1361 4060 1479 4106 est:
1511 4064 1636 4103 nam
1675 4046 1818 4101 illius
1851 4046 2017 4115 ﬁgura
2046 4049 2165 4097 erat

580 4151 805 4222 Ioseph;
836 4149 1066 4219 ideoque
1095 4144 1438 4201 subindicans
1464 4142 1614 4206 illud,
1646 4150 1809 4195 totam
1836 4138 1967 4193 texit
1996 4136 2167 4191 histo-

581 4246 739 4299 riam.
778 4241 910 4297 Cum
951 4241 1094 4297 enim
1143 4238 1276 4294 nihil
1320 4248 1505 4293 contra
1546 4236 1692 4290 illum
1746 4232 2008 4288 haberent
2036 4230 2168 4298 ,sed

585 4336 792 4390 veniret
824 4336 911 4390 ille
940 4344 994 4389 ut
1012 4333 1188 4388 cibum
1206 4330 1442 4395 aﬂ'erret,
1460 4329 1597 4383 male
1619 4329 1793 4397 ipsum
1819 4330 2167 4395 exceperunt.

588 4431 657 4483 Et
697 4428 815 4482 vide
846 4426 933 4481 hic
961 4426 1152 4479 iterum
1177 4421 1583 4492 promissionem
1612 4419 1698 4472 diu
1727 4414 2166 4487 exspectandam,

587 4536 707 4591 qua:
750 4531 924 4573 tamen
974 4516 1134 4569 linem
1166 4513 1381 4584 accipit.
1424 4512 1489 4565 Et
1528 4520 1633 4565 erat
1679 4509 1815 4565 Deus
1842 4525 1954 4563 cum
1985 4524 2043 4562 eo
2074 4523 2091 4561 :
2118 4516 2172 4562 et

590 4616 692 4668 hoc
722 4612 931 4667 illorum
953 4609 1145 4681 gratia.
1176 4607 1262 4663 10.
1288 4605 1355 4659 Et
1382 4606 1567 4674 eripuit
1597 4621 1710 4658 eum
1739 4620 1801 4659 ea:
1824 4602 2059 4658 omnibus
2083 4602 2173 4654 tri-

590 4703 924 4761 bulationibus
945 4704 1075 4773 ejus.
1100 4702 1197 4756 Hic
1225 4700 1458 4757 ostendit
1480 4700 1599 4753 illos
1631 4698 1827 4751 inscios
1850 4696 1915 4751 ad
1936 4696 2175 4765 prophe-

594 4804 679 4856 tia:
707 4808 956 4853 eventum
986 4795 1315 4857 contulisse;
1346 4794 1595 4861 ipsosque
1620 4799 1869 4843 auctores
1898 4788 2061 4841 fuisse
2084 4827 2100 4847 ,
2123 4795 2178 4841 et

593 4893 732 4946 mala
764 4891 815 4944 in
842 4891 987 4959 ipsos
1014 4886 1290 4942 recidisse.
1338 4882 1403 4936 Et
1432 4882 1571 4937 dedit
1596 4882 1639 4934 ei
1664 4881 1884 4951 gratiam
1912 4889 1958 4932 et
1977 4878 2180 4948 sapien-

594 4985 717 5036 tiam
760 4983 812 5034 in
850 4987 1116 5048 conspectu
1162 4974 1448 5029 Pharaonis
1482 4972 1612 5043 regis
1657 4970 1895 5041 ﬁgypti.
1938 4968 2175 5030 Gratiam

594 5075 761 5133 dedit.
790 5072 949 5142 idque
978 5068 1116 5139 apud
1146 5065 1428 5121 barbarum
1453 5079 1631 5133 regem
1655 5106 1669 5128 ,
1697 5076 1854 5117 servo
1874 5102 1889 5127 ,
1921 5060 2131 5128 captivo
2162 5075 2176 5115 :

596 5181 751 5237 quem
782 5162 974 5217 fratres
993 5158 1207 5231 quidem
1232 5155 1601 5220 vendiderant,
1616 5154 1702 5208 ille
1728 5169 1856 5207 vero
1878 5152 2178 5205 honoravit.

597 5261 685 5314 11.
724 5256 869 5310 Venit
891 5263 1059 5306 autem
1082 5258 1240 5322 [ames
1268 5251 1320 5302 in
1357 5249 1639 5301 universam
1668 5256 1850 5298 terram
1881 5242 2102 5313 [Egypti
2136 5253 2182 5297 et

600 5351 865 5413 Chanaan,
892 5356 939 5399 et
960 5343 1219 5400 tribulatio
1246 5356 1428 5409 magna
1455 5356 1474 5403 ,'
1502 5348 1548 5391 et
1577 5353 1679 5391 non
1707 5336 2021 5389 inveniebant
2049 5334 2184 5388 cibos

606 5451 773 5507 patres
808 5438 986 5492 nostri.
1019 5436 1105 5490 12.
1137 5433 1263 5488 Cum
1307 5430 1526 5483 audisset
1556 5439 1721 5482 autem
1746 5428 1905 5481 Iacob
1935 5443 2043 5481 esse
2068 5430 2184 5495 fru-

603 5542 773 5589 menta
808 5533 859 5585 in
906 5529 1141 5601 ﬂgypto
1164 5568 1177 5589 ,
1213 5524 1345 5576 misit
1384 5531 1551 5590 patres
1584 5531 1778 5575 nostros
1824 5520 2061 5589 primunt.
2098 5519 2183 5572 15.

608 5625 673 5682 Et
706 5626 759 5680 in
787 5623 1006 5678 secundo
1045 5620 1271 5689 cognitus
1296 5624 1365 5669 est
1386 5613 1577 5679 Ioseph
1604 5628 1635 5663 a
1662 5612 1901 5680 fratribus
1924 5609 2046 5664 suis.
2082 5609 2185 5664 De—

607 5716 932 5774 scenderunt
957 5710 1209 5779 empturi,
1239 5716 1293 5761 et
1320 5706 1408 5760 illo
1430 5717 1563 5772 opus
1587 5700 1841 5755 habuere.
1864 5699 2000 5766 Quid
2029 5701 2189 5769 igitur

609 5812 738 5868 ille?
767 5809 883 5865 Non
914 5820 974 5861 ea
998 5804 1051 5858 in
1074 5816 1131 5856 re
1151 5800 1322 5856 solum
1350 5796 1731 5867 benignitatem
1758 5807 1908 5847 suam
1931 5792 2185 5858 ostendit;

611 5908 705 5962 sed
732 5905 892 5961 etiam
916 5894 1180 5958 Pharaoni
1210 5892 1260 5950 id
1292 5890 1545 5950 indicavit
1592 5889 1823 5959 illosque
1847 5885 2085 5942 deduxit.
2121 5883 2188 5939 Et

2251 1825 2466 1882 innotuit
2498 1828 2764 1885 Pharaoni
2790 1848 2949 1901 genus
2968 1832 3183 1904 Ioseph.
3206 1834 3291 1888 M.
3328 1832 3532 1887 Mittens
3562 1841 3726 1887 autem
3755 1830 3852 1887 Io-

2250 1922 2396 1990 seph,
2421 1924 2677 1977 accersivit
2722 1923 2883 1978 Iacob
2928 1936 3123 1996 patrem
3167 1943 3333 1989 suum,
3364 1937 3408 1980 et
3439 1942 3638 1979 onmem
3663 1942 3854 1996 cogna-

2254 2016 2440 2069 tionem
2480 2032 2626 2069 suam
2668 2017 2719 2069 in
2737 2017 3005 2071 animabus
3043 2022 3362 2087 septuaginta
3392 2019 3628 2088 quinque.
3658 2018 3744 2071 15.
3780 2016 3852 2069 Et

2254 2106 2508 2160 descendit
2526 2106 2689 2161 Iacob
2703 2108 2753 2159 in
2771 2106 3006 2178 Egyptu
3016 2126 3082 2173 nt,
3104 2108 3194 2177 def
3192 2118 3468 2177 unctusque
3483 2118 3553 2163 est
3570 2109 3677 2177 ipse
3695 2118 3740 2161 et
3758 2125 3854 2178 pa-

2256 2209 2355 2253 tres
2369 2200 2542 2253 nostri.
2568 2201 2655 2256 l6.
2673 2200 2735 2254 Et
2752 2202 3111 2256 translatisunt
3125 2203 3175 2256 in
3196 2201 3423 2267 Sichem,
3444 2212 3489 2255 et
3507 2204 3780 2273 positisuut
3799 2204 3855 2256 in

2256 2294 2506 2363 sepulcro,
2525 2294 2661 2363 quod
2677 2295 2794 2348 emit
2814 2295 3067 2347 Abraham
3086 2296 3245 2365 pretio
3258 2295 3453 2365 argenti
3469 2311 3499 2346 a
3517 2296 3638 2361 ﬁliis
3663 2293 3855 2349 Hemor

2258 2385 2351 2452 ﬁlii
2374 2384 2599 2438 Sic/tem.
2626 2385 2709 2439 l7.
2730 2383 2856 2438 Cum
2880 2394 3047 2439 autent
3067 2387 3500 2455 apprOpinr/uaret
3518 2395 3714 2454 tempus
3728 2402 3855 2454 pro-

2260 2477 2548 2544 missionis,
2582 2480 2645 2530 de
2673 2492 2773 2542 qua
2798 2476 3056 2539 iuraverat
3077 2474 3218 2529 Deus
3242 2476 3477 2539 Abrahae,
3507 2476 3657 2529 crevit
3689 2493 3857 2545 popu-

2258 2568 2337 2621 lus
2364 2608 2379 2633 ,
2422 2578 2468 2621 et
2510 2568 2879 2636 multiplicatus
2909 2576 2980 2621 est
3013 2568 3065 2620 in
3092 2566 3325 2638 L‘gypto
3356 2608 3371 2632 ,
3402 2567 3487 2622 18.
3514 2567 3850 2636 quoadusque

2257 2665 2479 2714 surrexit
2505 2675 2595 2714 rex
2622 2660 2756 2714 alius
2782 2700 2798 2727 ,
2840 2660 2925 2731 qui
2972 2660 3221 2714 nesciebat
3251 2659 3464 2729 Ioseph.
3494 2660 3701 2715 Rurisns
3748 2661 3855 2715 alia

2257 2751 2575 2821 desperandi
2606 2767 2770 2806 causa
2802 2771 2815 2805 :
2849 2752 3017 2822 pritna
3053 2751 3147 2805 fuit
3170 2750 3339 2806 fames
3367 2767 3381 2815 ;
3414 2751 3674 2815 secunda,
3703 2751 3856 2818 quod

2260 2844 2547 2899 inciderint
2578 2845 2631 2899 in
2654 2859 2845 2899 manus
2875 2843 3054 2897 fratris
3082 2859 3096 2908 ;
3122 2842 3275 2898 tertia
3302 2884 3317 2910 ,
3348 2857 3469 2897 cum
3494 2842 3694 2897 datura
3727 2857 3856 2911 rege

2259 2937 2525 2992 sententia
2562 2945 2619 2991 ut
2652 2936 3040 2992 interficiuntur
3072 2952 3084 2988 :
3113 2944 3346 2991 attamen
3388 2935 3440 2989 in
3488 2934 3572 2990 bis
3602 2935 3859 2989 omnibus

2259 3030 2455 3084 servati
2487 3039 2633 3083 sunt.
2664 3029 2870 3083 Deinde
2900 3030 3213 3099 sapientiam
3242 3028 3335 3084 Dei
3364 3029 3656 3084 ostendens
3681 3070 3698 3095 ,
3730 3030 3807 3083 ait
3837 3047 3855 3082 :

2258 3120 2351 3176 30.
2384 3119 2451 3173 In
2489 3138 2587 3191 quo
2629 3130 2853 3192 tempore
2879 3128 3027 3174 natus
3052 3130 3123 3175 est
3155 3119 3360 3190 Moyses
3382 3160 3397 3185 ,
3447 3120 3534 3191 qui
3560 3120 3657 3189 fuit
3678 3129 3860 3190 gratus

2267 3213 2394 3268 Deo.
2424 3214 2477 3270 Si
2509 3214 2637 3270 illud
2664 3213 2911 3269 mirabile
2933 3213 3069 3281 fuit,
3092 3213 3231 3284 quod
3256 3228 3286 3267 a
3319 3212 3569 3268 fratribus
3606 3213 3860 3268 venditus

2262 3310 2333 3363 sit
2366 3327 2380 3363 :
2417 3306 2551 3362 illud
2578 3306 2898 3372 mirabilius,
2926 3305 3067 3377 quod
3094 3320 3185 3361 rex
3210 3320 3334 3361 eum
3372 3304 3676 3361 educaverit
3709 3344 3725 3371 ,
3765 3303 3862 3375 qui

2269 3400 2419 3455 illum
2451 3400 2518 3455 ab
2550 3399 2775 3470 imperio
2802 3397 3112 3465 deiecturus
3141 3406 3279 3453 erat.

2336 3490 2657 3545 Resurrectio
2695 3490 2748 3543 in
2776 3490 2928 3544 veteri
2979 3490 3087 3560 lege
3110 3490 3352 3559 ﬁgurata.
3380 3518 3453 3529 —
3477 3487 3636 3544 Vides
3662 3487 3863 3557 ubique

2266 3583 2377 3639 fere
2418 3584 2692 3654 ﬁguratam
2739 3582 3226 3636 resurrectionem?
3275 3580 3435 3650 Atqui
3470 3594 3575 3635 non
3605 3589 3688 3635 est
3717 3579 3862 3634 idem

2268 3676 2433 3729 Deum
2466 3675 2637 3743 ipsum
2675 3671 2873 3742 aliquid
2904 3670 3108 3738 facere,
3131 3682 3185 3725 et
3216 3672 3452 3726 humano
3478 3669 3701 3725 arbitrio
3726 3668 3858 3735 quid

2268 3766 2405 3822 fieri.
2438 3766 2563 3820 lltec
2605 3764 2782 3834 itaque
2818 3777 2924 3817 non
2954 3777 3018 3817 ex
3064 3760 3299 3816 humano
3330 3760 3605 3831 proposito
3638 3759 3859 3816 fiebant.

2274 3859 2337 3914 Et
2364 3868 2468 3914 erat
2496 3868 2667 3928 potens
2684 3857 2736 3910 in
2757 3855 2903 3909 verbo
2925 3864 2970 3908 et
2996 3870 3161 3924 apere.
3189 3853 3301 3907 line
3321 3853 3474 3918 dixit,
3499 3861 3552 3906 et
3574 3850 3721 3905 illum
3746 3866 3866 3905 ser-

2269 3962 2507 4007 vatorem
2528 3989 2544 4016 ,
2589 3957 2643 4004 et
2687 3948 2784 4002 hos
2813 3961 2937 4017 erga
2986 3945 3383 4002 benefactorem
3413 3945 3650 4015 ingratos
3674 3953 3865 3999 osteno

2269 4044 2421 4100 dens.
2456 4043 2524 4099 Ut
2561 4056 2689 4112 ergo
2717 4049 2842 4095 tunc
2889 4052 2917 4092 a
2960 4038 3157 4108 Ioseplt
3202 4037 3338 4091 mala
3380 4038 3617 4107 patiente
3659 4033 3866 4091 servati

2270 4148 2394 4193 sunt
2427 4155 2441 4191 :
2474 4137 2543 4191 ita
2571 4146 2625 4191 et
2652 4149 2791 4189 nunc
2819 4148 2849 4187 a
2876 4131 3061 4203 Moyse
3084 4129 3223 4184 male
3251 4137 3497 4198 excepto.
3524 4127 3662 4195 Quid
3690 4126 3865 4195 enim,

2272 4230 2316 4282 si
2344 4228 2493 4282 illum
2524 4242 2582 4281 re
2623 4240 2729 4279 non
2756 4220 3112 4278 occiderunt?
3155 4219 3419 4274 Sermone
3459 4228 3609 4273 certe
3653 4216 3868 4271 occide-

2275 4331 2431 4383 runt,
2464 4320 2601 4374 sicut
2628 4327 2684 4373 et
2709 4317 2805 4371 illi.
2847 4316 2914 4370 Et
2958 4311 3277 4382 illi'quidem
3307 4325 3371 4364 es
3422 4324 3517 4363 sua
3550 4309 3603 4364 in
3633 4308 3869 4364 alienam

2276 4424 2472 4468 terram
2504 4408 2793 4478 Josepbum
2827 4403 3204 4468 vendiderunt;
3251 4401 3302 4455 lti
3332 4416 3461 4456 vero
3487 4415 3551 4455 ex
3593 4399 3764 4454 aliena
3812 4400 3868 4455 in

2278 4507 2506 4562 alienam
2536 4502 2769 4571 Moysem
2795 4498 3043 4568 fugarunt
3068 4513 3082 4550 :
3115 4495 3187 4549 illi
3217 4493 3529 4549 alferentem
3555 4493 3772 4556 cibum,
3815 4491 3871 4546 hi

2277 4596 2557 4654 consilium
2598 4593 2816 4649 dantem
2848 4588 3118 4660 quomodo
3168 4600 3289 4642 cum
3340 4585 3448 4639 Deo
3475 4597 3595 4638 esse
3627 4594 3871 4651 possent.

2279 4692 2366 4745 Sic
2390 4703 2573 4743 verum
2616 4684 2873 4755 probatur
2903 4697 2968 4736 ex
3006 4681 3101 4742 iis,
3132 4693 3250 4748 quae
3284 4691 3423 4730 nunc
3452 4675 3835 4743 diSpeusantur
3855 4714 3871 4738 ,

2282 4782 2476 4836 dictum
2505 4778 2633 4833 illud
2659 4773 3005 4833 Gamalielis:
3044 4771 3106 4826 Si
3144 4786 3207 4824 ex
3232 4767 3339 4821 Deo
3374 4768 3478 4833 sit,
3521 4783 3621 4820 non
3664 4766 3877 4834 potestis

2284 4873 2551 4926 dissolvere
2592 4868 2746 4922 illud.
2775 4866 2854 4920 Tu
2882 4877 3007 4919 vero
3038 4877 3158 4916 cum
3190 4858 3354 4915 discis
3380 4872 3507 4925 eos,
3540 4856 3628 4927 qni
3662 4856 3877 4911 insidiis

2283 4972 2601 5034 appetuntur
2622 5002 2637 5026 ,
2669 4940 3067 5014 insidiatoribus
3112 4954 3302 5009 salutis
3332 4967 3548 5006 causam
3598 4950 3743 5012 fieri,
3775 4948 3882 5002 ob-

2285 5068 2529 5125 stupesce
2550 5055 2615 5109 de
2657 5053 2748 5109 Dei
2780 5049 3040 5119 sapientia
3068 5057 3122 5101 et
3152 5046 3394 5101 solertia.
3424 5044 3554 5099 Nam
3586 5043 3629 5097 si
3662 5042 3735 5095 illi
3764 5059 3877 5098 non

2288 5148 2493 5203 insidiis
2524 5145 2747 5215 impetiti
2772 5143 3015 5205 fuissent,
3042 5139 3093 5191 bi
3126 5152 3230 5192 non
3265 5136 3491 5189 fuissent
3522 5134 3739 5187 servnti.
3772 5131 3882 5186 Fa-

2288 5254 2402 5296 mes
2428 5246 2563 5301 erat,
2581 5251 2677 5291 nec
2698 5230 3031 5299 consumpsit
3048 5228 3188 5282 illos.
3207 5226 3389 5294 Neque
3405 5225 3508 5277 hoc
3531 5232 3753 5285 tantum;
3778 5223 3881 5278 sed

2287 5338 2447 5392 etiam
2476 5331 2544 5386 ab
2572 5331 2662 5385 illo
2688 5325 2883 5383 servati
2912 5332 3054 5389 sunt,
3079 5337 3237 5392 quem
3273 5318 3537 5389 perditura
3566 5315 3879 5385 sperabant.

2289 5428 2502 5483 Jussnm
2526 5421 2728 5491 regium
2750 5418 2865 5479 fuit,
2892 5431 2987 5470 nec
3005 5412 3237 5484 perdidit
3260 5424 3386 5472 eos;
3422 5408 3531 5462 imo
3562 5415 3685 5461 tunc
3711 5407 3886 5475 magis

2291 5526 2445 5570 aucta
2474 5525 2556 5568 est
2587 5508 2891 5573 multitudo,
2922 5521 3042 5559 cum
3068 5505 3177 5568 ille,
3208 5502 3295 5571 qui
3330 5508 3553 5554 noverat
3582 5512 3698 5563 eos,
3720 5511 3885 5549 mor—-

2294 5620 2415 5664 tuus
2441 5616 2543 5661 est.
2569 5604 2906 5659 Servatorem
2933 5612 3088 5653 suum
3117 5594 3364 5651 volebant
3392 5590 3663 5656 occidere,
3696 5604 3876 5658 neque

2295 5702 2371 5755 sic
2399 5701 2705 5767 potuerunt.

2364 5766 2420 5840 2.
2464 5784 2649 5839 Viden'
2670 5822 2689 5848 ,
2714 5780 2983 5851 quomodo
3015 5793 3109 5849 per
3135 5790 3255 5845 qua:
3292 5772 3537 5828 diabolus
3563 5766 3884 5846 promissi?-

2297 5894 2417 5937 nem
2452 5874 2548 5935 Dei
2574 5873 2781 5931 irritam
2808 5871 2987 5929 iacere
3018 5868 3346 5935 conabatur,
3379 5878 3473 5933 per
3502 5861 3591 5916 illa
3618 5859 3880 5916 creverit?
