4044 6486
217 426 299 484 119
1164 421 1227 478 IN
1266 422 1448 479 ACTA
1487 416 2017 478 APOSTOLORUM.
2058 419 2286 479 llOMlL.
2331 420 2475 481 XVI.

210 542 335 594 Tunc
355 551 447 606 par
472 543 593 591 erat
613 537 807 594 dicere
829 536 955 593 illos
981 553 997 592 :
1024 534 1249 606 Sapiens
1278 544 1362 591 est
1380 536 1555 601 Deus,
1586 548 1791 606 nosque

210 640 361 699 potest
381 630 505 684 hinc
527 630 821 685 reducere.
845 627 1120 697 Sapientia
1144 642 1373 697 namque
1402 628 1495 681 Dei
1518 628 1569 681 in
1593 640 1660 682 eo
1686 640 1793 681 ma-

208 722 325 774 xima
352 731 499 786 erat,
528 720 682 790 quod
714 721 767 774 in
794 719 1037 775 adversis
1061 734 1195 789 gens
1224 719 1312 773 illa
1342 726 1634 785 cresceret,
1664 733 1783 774 ser-

207 812 381 875 vitute,
412 813 684 866 arumnis
714 820 773 867 et
798 811 1036 865 caedibus
1062 818 1274 867 vexata.
1322 810 1447 865 Haec
1477 808 1789 881 magnitudo

206 905 553 977 prornissionis
579 912 728 959 erat.
761 903 894 959 Nam
920 904 965 958 si
997 904 1051 958 in
1082 912 1223 959 terra
1252 916 1347 959 sua
1375 904 1659 967 crevisset,
1686 916 1793 956 non

204 1000 263 1055 ita
289 997 527 1053 mirabile
573 996 796 1053 fuisset.
824 994 1007 1066 Neque
1048 1010 1214 1065 parvo
1256 1005 1499 1065 tempore
1530 996 1584 1049 in
1616 996 1791 1051 aliena

204 1098 326 1145 terra
369 1090 577 1144 fuerant
605 1131 623 1156 ,
675 1089 779 1145 sed
804 1088 1207 1160 quadringentis
1234 1088 1411 1142 annis.
1445 1086 1580 1142 lliuc
1613 1087 1777 1142 disci-

204 1198 326 1244 mus,
357 1180 479 1236 illos
499 1195 765 1252 magnam
789 1180 1178 1252 philosophiam
1206 1195 1400 1250 priese
1430 1179 1619 1236 tulisse
1643 1197 1656 1233 :
1682 1196 1789 1234 non

202 1274 326 1327 enim
376 1272 518 1327 sicut
558 1271 778 1327 domini
825 1272 996 1327 servis
1023 1271 1128 1325 illis
1156 1272 1474 1335 utebantur,
1513 1270 1609 1326 sed
1655 1270 1795 1325 sicut

203 1364 384 1419 inimici
404 1375 456 1419 et
482 1365 733 1436 tyranni.
765 1362 889 1418 ideo
912 1363 1160 1433 praedixit
1184 1362 1305 1417 illos
1329 1362 1380 1416 in
1406 1361 1652 1417 libertate
1679 1376 1795 1415 ma-

202 1469 287 1523 gna
330 1457 537 1511 loturos
576 1469 710 1510 esse
741 1472 756 1509 :
784 1454 837 1509 id
878 1454 1022 1509 enim
1062 1453 1164 1509 sibi
1192 1453 1305 1507 vult
1349 1450 1477 1507 illud
1502 1491 1518 1518 ,
1557 1451 1793 1507 Servient

203 1547 340 1613 mihi,
384 1556 431 1601 et
469 1548 572 1601 huc
613 1556 967 1612 revertentur,
1001 1560 1102 1601 nec
1144 1545 1263 1600 sine
1289 1543 1512 1598 ultione.
1560 1543 1629 1599 Et
1668 1542 1792 1598 aui-

203 1638 494 1704 madverte,
523 1637 813 1705 quomodo
860 1636 1105 1693 videatur
1147 1634 1348 1706 aliquid
1391 1633 1790 1690 circumcisioni

203 1730 501 1797 concedere,
534 1746 668 1785 cum
711 1728 844 1785 nihil
869 1728 919 1784 ei
947 1727 1183 1793 tribuat;
1210 1725 1473 1797 siquidem
1504 1724 1792 1795 promissio

205 1821 457 1889 pra-cessit
504 1822 661 1877 illam
686 1863 704 1887 ,
736 1836 855 1892 quae
883 1819 1151 1890 posterior
1192 1820 1307 1873 luit.
1342 1818 1410 1872 Et
1447 1817 1789 1889 patriarcha,

202 1912 387 1981 inquit,
409 1914 744 1967 cmulanta.
774 1911 872 1967 Hic
898 1924 1005 1966 non
1028 1909 1174 1965 laedit
1190 1924 1307 1976 eos,
1338 1909 1431 1965 sed
1458 1908 1793 1978 gratiﬁcatur

202 2002 335 2071 ipsis.
382 2004 741 2060 Patriarchas
781 2013 960 2059 autem
1000 2012 1159 2059 vocat
1200 2003 1607 2073 progenitores;
1655 2016 1791 2073 quo-

201 2094 327 2149 niam
354 2096 421 2151 de
450 2096 542 2151 his
569 2096 746 2149 altum
772 2095 1069 2164 sspiehant.
1093 2094 1347 2166 Alioquin
1373 2109 1503 2150 vero
1528 2094 1786 2162 ostendit,

201 2195 396 2242 sanctos
423 2202 535 2242 non
565 2185 742 2243 fuisse
761 2202 1123 2243 mmnarum
1154 2196 1423 2257 expertes,
1452 2187 1549 2242 sed
1574 2187 1628 2241 in
1657 2186 1790 2257 ipsis

201 2278 440 2331 arumnis
450 2292 621 2346 opem
641 2288 958 2348 assequutos
970 2292 1111 2333 esse.
1137 2277 1214 2333 illi
1231 2293 1361 2333 vero
1374 2292 1480 2333 non
1499 2278 1661 2335 modo
1678 2292 1785 2334 non

202 2368 467 2424 solvebant
487 2369 664 2439 ipsas,
698 2368 794 2423 sed
822 2370 986 2425 etiam
1000 2384 1124 2424 cum
1138 2368 1499 2439 amigentibus
1521 2384 1583 2426 se
1598 2385 1789 2441 coope-

199 2458 591 2527 rsbantur,cnm
608 2460 921 2515 debuissent
935 2461 1112 2529 potius
1124 2460 1241 2514 illas
1251 2460 1789 2530 exscindere.Quem-

200 2547 469 2604 admodum
508 2566 648 2619 ergo
679 2550 755 2605 illi
801 2549 1096 2621 Josephum
1149 2550 1467 2615 vendentes,
1498 2552 1783 2608 clariorem

200 2638 334 2693 illum
357 2642 735 2708 reddiderunt,
762 2642 841 2697 sic
866 2658 960 2698 rex
992 2643 1251 2715 Moysem,
1280 2658 1401 2697 cum
1422 2643 1585 2713 jussit
1612 2645 1783 2701 occidi

200 2744 412 2799 pueros:
441 2732 543 2787 nisi
567 2733 718 2787 enim
744 2732 1013 2803 iussisset,
1046 2748 1151 2789 non
1182 2732 1613 2791 hoceventurum
1642 2746 1781 2791 erat.

263 2823 352 2877 Dei
413 2824 853 2893 providentia.—
880 2824 1011 2881 Vide
1069 2826 1458 2896 providentiam
1520 2826 1636 2882 Dei.
1688 2826 1783 2883 Ille

201 2912 325 2983 fugat
363 2913 650 2986 Moyscm;
699 2930 798 2970 nec
840 2916 979 2971 Deus
1024 2916 1310 2986 prohibet,
1355 2918 1501 2987 quod
1542 2918 1780 2973 futurum

199 3016 300 3060 erat
326 3006 683 3076 dispensans,
707 3016 766 3061 ut
787 3006 894 3062 illic
920 3007 1017 3063 Dei
1064 3008 1271 3063 visione
1318 3008 1652 3079 dignaretur.
1690 3010 1783 3065 Sic

200 3108 245 3149 et
274 3112 484 3151 servum
525 3098 806 3152 venditum
840 3098 909 3153 ibi
942 3112 1120 3167 regem
1141 3100 1443 3165 constituit,
1474 3101 1563 3155 ubi
1588 3116 1783 3157 servus

200 3189 629 3256 essepntabatur.
648 3187 796 3242 Sicut
827 3197 1003 3243 autem
1028 3188 1117 3244 hic
1145 3189 1218 3245 ibi
1250 3201 1456 3260 regnat,
1489 3192 1577 3246 ubi
1606 3193 1781 3262 ipsum

199 3278 571 3334 vendiderunt:
588 3278 667 3333 sic
685 3289 741 3334 et
760 3276 1005 3334 Christus
1026 3280 1080 3333 in
1103 3290 1277 3335 morte
1295 3291 1609 3349 potestatem
1627 3283 1781 3337 exhi-

202 3364 321 3420 buit.
353 3367 461 3423 Hoc
494 3384 607 3422 non
645 3368 864 3424 honoris
898 3378 1100 3425 tantum
1119 3381 1255 3433 erat,
1276 3372 1526 3442 sedquod
1544 3375 1706 3427 etiam
1726 3374 1779 3428 in

200 3471 279 3509 sua
296 3470 556 3527 potestate
587 3460 795 3515 lideret.
815 3460 923 3516 Sed
947 3462 1057 3531 jam
1087 3478 1207 3533 qua:
1227 3462 1366 3518 dicta
1398 3475 1543 3531 sunt,
1563 3475 1781 3535 repeta-

201 3562 324 3602 mus.
364 3550 428 3603 Et
456 3553 720 3605 constituit
759 3568 875 3606 eum
908 3556 1242 3623 prtepositunt
1267 3573 1421 3627 super
1445 3556 1735 3630 ngyptum
1759 3600 1775 3626 ,

201 3648 241 3690 et
263 3655 406 3709 super
428 3658 634 3696 omnem
660 3643 869 3696 domum
890 3661 1055 3698 suum.
1083 3645 1215 3701 Vide
1237 3657 1434 3716 quanta
1466 3664 1561 3717 per
1581 3650 1777 3704 fantem

202 3744 465 3803 praeparet.
508 3732 572 3787 In
602 3736 923 3805 septuaginta
960 3739 1182 3809 quinque
1225 3741 1524 3807 animabus,
1576 3743 1776 3813 inquit,

202 3824 434 3877 descendit
453 3825 623 3879 Jacob
652 3828 705 3879 in
732 3824 1044 3897 .Egyptum,
1092 3840 1140 3882 et
1187 3830 1457 3901 defunctus
1486 3842 1560 3886 est
1589 3834 1698 3903 ipse
1732 3843 1779 3889 et

203 3929 350 3984 patres
374 3918 560 3972 nostri.
589 3916 655 3971 Et
682 3918 916 3972 translati
938 3930 1053 3973 sunt
1074 3920 1127 3973 in
1161 3921 1394 3989 Sichem,
1419 3933 1466 3977 et
1492 3924 1642 3993 positi
1660 3934 1780 3980 sunt

202 4008 245 4059 in
270 4011 496 4079 sepulcro
522 4050 536 4074 ,
563 4009 702 4079 quod
726 4009 844 4062 emit
888 4008 1147 4063 Abraham
1182 4014 1343 4080 pretio
1364 4015 1565 4083 argenti
1598 4031 1629 4067 a
1654 4016 1779 4083 ﬁliis

206 4094 375 4151 Hentor
400 4099 502 4167 ﬁlii
533 4098 760 4153 Sic/tem.
791 4098 1041 4155 Ostendit
1070 4101 1194 4156 illos
1222 4118 1396 4172 neque
1421 4106 1653 4174 sepulcri
1682 4109 1781 4163 do-

204 4190 356 4245 minos
381 4192 571 4247 luisse.
604 4190 672 4247 Ut
692 4201 862 4246 autem
884 4194 1308 4264 appropinquavit
1336 4205 1531 4265 tempus
1558 4203 1780 4267 promis-

202 4281 359 4347 sionis,
386 4302 542 4353 quam
558 4286 827 4356 juraverat
856 4285 993 4341 Deus
1020 4288 1257 4352 Abrahae,
1284 4290 1438 4342 crevit
1461 4292 1702 4361 populus,
1732 4304 1778 4348 et

1906 531 2073 603 plum,
2102 549 2365 606 nusquam
2387 534 2732 604 sacriﬁcium,
2757 536 2884 594 licet
2901 546 2981 596 tot
3008 548 3263 612 tantaque
3289 542 3501 613 dispen-

1902 635 2109 679 sentur.
2140 625 2209 681 Et
2237 626 2497 682 educatus
2526 638 2610 684 est
2635 630 2687 685 in
2712 632 2937 689 barbara
2965 634 3148 690 domo.
3177 635 3269 691 22.
3300 637 3363 692 Et
3384 656 3500 693 eru-

1902 716 2040 772 elitus
2061 728 2137 773 est
2163 717 2372 791 Moyses
2390 721 2444 775 in
2470 721 2611 775 omni
2633 722 2885 792 sapientia
2913 723 3307 797 Egyptiorum,
3336 739 3383 783 et
3399 738 3505 784 erat

1904 817 2081 877 potens
2107 810 2159 863 in
2185 812 2349 866 verbis
2376 822 2424 866 et
2451 812 2505 866 in
2531 812 2788 881 operibus.
2821 815 2999 871 Mirari
3030 820 3204 885 subit,
3234 824 3504 891 quomodo

1901 899 2253 971 quadraginta
2282 906 2439 958 annis
2467 902 2576 959 illic
2603 904 2783 971 fuerit,
2818 923 2917 963 nec
2946 908 3320 980 deprehensus
3345 915 3416 968 sit
3436 931 3503 970 ex

1901 990 2343 1056 circumcisione;
2386 992 2495 1048 imo
2539 994 2718 1065 potius
2743 998 3018 1067 quomodo
3054 1015 3247 1056 secure
3284 1015 3507 1073 agentes

1902 1093 1997 1132 sua
2027 1079 2331 1149 despiciunt
2356 1092 2412 1138 et
2444 1083 2529 1139 hic
2551 1093 2607 1140 et
2629 1084 2856 1157 Ioseph,
2886 1099 2945 1142 ut
2968 1090 3106 1145 alios
3133 1104 3387 1150 servent:
3410 1095 3505 1152 25-

1903 1166 1973 1222 Ut
1989 1181 2159 1224 autem
2182 1172 2447 1241 impletum
2463 1184 2538 1229 est
2556 1176 2636 1230 illi
2653 1178 2995 1248 quadraginta
3015 1198 3264 1237 annorum
3281 1194 3503 1256 tempus,

1898 1262 2125 1314 ascendit
2145 1262 2199 1316 in
2219 1280 2310 1318 cor
2333 1266 2464 1333 eius,
2490 1276 2546 1321 ut
2565 1268 2791 1324 uisitaret
2811 1275 2996 1342 fratres
3015 1291 3136 1331 suos
3161 1278 3296 1345 ﬁlios
3314 1278 3503 1336 Israel.

1897 1351 1989 1407 24.
2022 1351 2091 1407 Et
2114 1371 2229 1408 cum
2254 1357 2462 1413 vidisset
2487 1362 2759 1427 quemdam
2784 1364 3030 1433 injuriam
3056 1370 3331 1438 patientem
3357 1414 3371 1436 ,
3395 1374 3507 1428 sin-

1898 1442 2086 1499 dicaoit
2114 1446 2281 1513 illum,
2314 1458 2360 1503 et
2385 1452 2504 1521 fecit
2524 1453 2766 1509 ultionem
2792 1456 2857 1522 ei,
2891 1458 2980 1528 qui
3002 1458 3248 1529 injuriam
3282 1467 3503 1520 sustine-

1897 1531 2010 1600 bat,
2044 1552 2281 1606 percusso
2304 1537 2577 1612 aEgyptio.
2605 1542 2699 1599 25.
2743 1544 3085 1603 Existimabat
3109 1560 3281 1606 autem
3312 1555 3502 1612 intelli-

1895 1640 2016 1694 gere
2043 1625 2228 1695 fratres
2248 1644 2385 1695 suos,
2409 1634 2653 1702 quoniam
2676 1633 2815 1690 Deus
2840 1653 2932 1707 per
2949 1654 3158 1694 manum
3178 1643 3339 1712 ipsius
3360 1647 3503 1701 daret

1896 1715 2112 1771 salutem
2140 1719 2245 1774 illis
2274 1736 2295 1775 :
2322 1730 2375 1775 at
2399 1722 2483 1777 illi
2502 1740 2604 1778 non
2633 1725 3013 1786 intellexerunt.
3042 1730 3201 1802 Vide,
3228 1739 3531 1805 quomodo-

1896 1809 2137 1865 nondum
2171 1813 2431 1869 molestus
2456 1816 2720 1881 videatur,
2753 1820 2850 1875 sed
2877 1835 2999 1876 cum
3029 1832 3174 1881 tanta
3210 1828 3503 1886 concione-

1898 1908 2005 1967 tnr,
2041 1902 2191 1957 illum
2218 1904 2407 1961 audire
2428 1909 2764 1978 sustineant;
2797 1913 2866 1966 ita
2884 1914 3009 1971 illos
3030 1917 3208 1973 vultus
3228 1921 3310 1975 sui
3330 1924 3501 1992 gratia

1895 2004 2133 2063 ceperat.
2169 1994 2534 2067 Existimabat,
2566 2003 2772 2075 inquit,
2801 2005 3086 2079 intelligere
3106 2011 3311 2081 fratres.
3339 2017 3501 2088 Atqui

1894 2088 2149 2155 operibus
2175 2092 2531 2159 patrocinium
2553 2096 3052 2168 demonstrabatur,
3083 2120 3258 2174 neque
3278 2118 3394 2164 erat
3416 2126 3504 2166 ra-

1896 2175 2116 2232 tiocinio
2136 2192 2275 2249 opus
2298 2198 2317 2235 :-
2340 2196 2519 2253 neque
2543 2194 2722 2244 tamen
2744 2190 2826 2247 sic
2851 2191 3255 2253 intellexerunt.
3286 2198 3499 2270 Vidcn’,

1893 2271 2166 2339 quomodo
2193 2288 2319 2331 cum
2350 2281 2766 2337 mansuetudine
2793 2287 3165 2356 concionetur,
3203 2304 3253 2348 et
3295 2308 3417 2349 cum
3448 2296 3500 2351 in

1892 2362 1986 2417 illo
2017 2364 2154 2419 iram
2192 2377 2569 2437 monstrasset,
2602 2373 2654 2427 in
2682 2373 2786 2430 hoc
2815 2381 3285 2439 mansuetudinem
3313 2396 3500 2441 osten-

1890 2454 2023 2510 dat?
2048 2456 2137 2511 26.
2166 2457 2413 2527 Sequenti
2432 2476 2549 2517 vero
2573 2463 2658 2517 die
2676 2469 2919 2535 apparuit
2945 2470 3052 2524 illis
3074 2473 3389 2544 litigantibus
3413 2495 3433 2531 :
3454 2489 3501 2532 et

1890 2548 2284 2604 reconcialiabat
2306 2551 2423 2606 illos
2443 2553 2496 2607 in
2524 2570 2650 2624 pace
2669 2597 2685 2621 ,
2718 2556 2892 2613 dicens
2918 2575 2937 2613 :
2975 2559 3107 2628 Viri,
3139 2568 3324 2633 fratres
3348 2569 3495 2636 estis,

1889 2648 1947 2693 ut
1974 2641 2099 2708 quid
2118 2644 2309 2699 nocetis
2333 2644 2636 2701 alterutrum
2652 2649 2679 2701 Ρ
2704 2648 2796 2703 27.
2827 2650 2930 2716 Qui
2951 2664 3121 2707 autem
3149 2657 3393 2727 injuriam
3419 2666 3501 2733 fa-

1888 2730 2052 2785 ciebat
2088 2734 2353 2802 proa'imo,
2394 2738 2584 2807 repulit
2613 2755 2729 2793 eum
2764 2741 2935 2797 dicens
2952 2759 2973 2798 :
3005 2745 3131 2810 Quis
3160 2756 3207 2800 te
3241 2730 3500 2807 constituit

1888 2821 2172 2893 principem
2201 2833 2247 2877 et
2267 2824 2497 2895 judicent
2527 2844 2684 2898 super
2710 2832 2847 2885 nos?
2882 2832 2972 2887 28.
3006 2833 3273 2907 Numquid
3300 2840 3496 2910 interfi-

1886 2926 1999 2967 cere
2018 2929 2097 2967 me
2120 2923 2176 2967 tu
2195 2916 2293 2981 vis,
2312 2916 2442 2971 sicut
2467 2918 2579 2973 lteri
2603 2920 2901 2992 interfecisti
2924 2922 3231 2997 Egyptian:
3245 2931 3271 2983 Ρ
3295 2930 3498 2988 Eodem

1885 3005 2070 3060 animo
2102 3017 2290 3063 contra
2318 3007 2593 3066 Christum
2630 3013 2885 3069 videntur
2913 3015 3098 3073 dicere
3127 3035 3142 3071 :
3180 3016 3301 3075 Non
3339 3023 3498 3078 liabe-

1885 3112 2000 3149 mus
2037 3114 2207 3170 regem
2230 3140 2248 3168 ,
2284 3100 2384 3154 nisi
2409 3100 2659 3157 Cmarem
2688 3103 2871 3174 (Joan.
2898 3106 2986 3161 19.
3022 3108 3133 3179 15).
3167 3108 3257 3166 Sic
3284 3120 3501 3184 semper

1884 3188 2067 3246 facere
2089 3194 2336 3247 solebant
2362 3194 2533 3248 Judaei
2555 3236 2571 3259 ,
2599 3211 2724 3251 cum
2754 3197 3018 3253 beneﬁcia
3044 3203 3373 3272 acciperent.
3409 3206 3499 3263 Vi-

1885 3281 2065 3336 distin'
2088 3283 2452 3351 insipientiam
2474 3285 2678 3352 tEum,
2696 3288 2787 3358 qui
2817 3303 2877 3343 se
2901 3300 3217 3347 servaturos
3238 3305 3376 3359 erat.
3406 3312 3498 3353 ac-

1884 3382 2077 3426 cusant
2112 3386 2235 3426 cum
2271 3373 2486 3440 dicunt,
2522 3375 2672 3430 Sicut
2695 3379 2805 3433 heri
2835 3380 3133 3452 interfecisti
3160 3383 3495 3455 Eyyptiam.

1882 3466 1975 3521 29.
2010 3465 2168 3539 Fugit
2189 3478 2360 3522 autem
2383 3468 2587 3542 Moyses
2614 3473 2668 3525 in
2697 3474 2847 3529 verbo
2876 3477 2973 3532 ista
2996 3493 3016 3533 :
3046 3489 3093 3533 et
3113 3485 3281 3553 factus
3305 3495 3377 3538 est
3403 3486 3501 3539 ad-

1884 3573 2009 3612 vena
2033 3560 2087 3613 in
2117 3571 2253 3615 terra
2286 3561 2522 3629 Madian,
2554 3565 2639 3618 ubi
2673 3572 2932 3637 generavit
2957 3573 3094 3641 ﬁlios
3119 3574 3267 3629 duos.
3300 3576 3495 3649 Fugit,

1886 3667 2060 3722 neque
2087 3653 2209 3723 luga
2232 3657 2592 3711 mconomiam
2621 3659 2900 3727 exstinxit,
2930 3673 2987 3718 ut
3015 3681 3191 3736 neque
3213 3685 3384 3726 mors.
3402 3672 3495 3729 50.

1885 3742 1953 3796 Et
1981 3746 2197 3813 expletis
2227 3749 2375 3802 annis
2413 3748 2787 3820 quadraginta,
2817 3759 3060 3825 apparuit
3098 3760 3177 3813 illi
3215 3763 3265 3815 in
3299 3764 3498 3821 deserto

1885 3838 2072 3891 montis
2100 3836 2233 3893 Sina
2252 3840 2466 3909 angelus
2491 3840 2706 3898 Domini
2730 3846 2783 3900 in
2813 3847 2931 3918 igne
2950 3851 3177 3919 [larinate
3202 3856 3335 3911 rubi.

1956 3929 2009 3982 3.
2047 3929 2254 3997 Viden’,
2282 3934 2555 4003 quomodo
2593 3939 2900 3994 teconomia
2929 3956 3035 3997 non
3079 3955 3321 4013 tempore
3347 3950 3495 4004 scin-

1884 4020 2069 4077 ditur?
2096 4024 2230 4079 Cum
2273 4027 2531 4098 profugus
2575 4042 2751 4099 esset,
2802 4048 2926 4088 cum
2971 4039 3322 4106 peregrinus,
3369 4057 3495 4100 cum

1885 4114 2055 4168 multo
2082 4124 2323 4186 tempore
2342 4119 2393 4173 in
2419 4120 2594 4176 aliena
2620 4130 2759 4177 terra
2785 4125 3093 4191 mansisset,
3116 4140 3170 4183 et
3196 4130 3333 4184 lilins
3358 4132 3496 4189 duos

1884 4209 2243 4279 suscepisset,
2273 4228 2395 4268 cum
2424 4230 2529 4270 non
2557 4217 2696 4270 ultra
2720 4217 2949 4273 reditum
2972 4232 3335 4290 exspectaret,
3363 4234 3495 4281 tunc

1884 4300 2113 4369 angelus
2144 4302 2244 4371 ipsi
2275 4316 2516 4373 apparet.
2564 4305 2762 4363 Filium
2805 4308 2899 4365 Dei
2928 4322 3083 4366 vocat
3114 4316 3361 4384 angelum
3382 4358 3399 4383 ,
3438 4328 3496 4374 ut

205 4376 549 4445 multiplicatus
571 4386 643 4431 est
669 4377 723 4430 in
744 4376 1010 4449 digypto,
1034 4380 1361 4450 quoadusque
1396 4385 1615 4438 surrexit
1644 4386 1938 4447 distaret
1966 4393 2264 4449 hominem.
2300 4397 2367 4451 Et
2393 4398 2481 4452 ubi
2508 4400 2772 4471 apparet?
2800 4401 2856 4457 In
2880 4402 3120 4470 deserto,
3150 4376 3255 4463 nim
3280 4410 3330 4463 in
3359 4376 3497 4465 tem-

204 4479 309 4528 rex,
338 4468 422 4535 qui
452 4469 703 4523 nesciebat
724 4467 941 4539 Ioseph.
975 4470 1140 4537 Vide,
1170 4473 1440 4543 quomodo
1467 4491 1574 4530 non
1616 4477 1670 4532 iu
1700 4487 1780 4533 tot

205 4558 339 4612 annis
364 4561 517 4615 auxit
546 4575 641 4614 eos
661 4562 687 4623 ,’
709 4561 802 4616 sed
829 4576 953 4618 cum
997 4561 1119 4619 linis
1149 4566 1597 4637 appropinquavit
1626 4584 1640 4619 :
1675 4573 1776 4627 etsi

202 4644 295 4713 jam
325 4650 699 4721 quadringenti
726 4652 885 4717 anni,
916 4654 1024 4708 imo
1051 4655 1231 4726 plures
1256 4699 1272 4722 ,
1302 4659 1693 4727 prseteriissent
1722 4661 1776 4718 in

206 4733 438 4809 Egypto.
466 4740 532 4795 Et
558 4742 661 4798 hoc
681 4742 928 4799 mirabile
947 4754 1050 4800 est.
1082 4745 1169 4801 l9.
1198 4746 1317 4813 Hic,
1342 4750 1534 4819 inquit,
1558 4754 1778 4809 circum-

205 4832 383 4887 venietis
410 4850 572 4903 genus
597 4844 825 4889 nostrum
846 4877 861 4903 ,
890 4836 1065 4907 afﬂixit
1097 4847 1263 4907 patres
1293 4851 1510 4908 nostros,
1537 4854 1592 4897 ut
1615 4862 1778 4916 expo-

206 4933 359 4977 nerent
385 4926 611 4994 infantes
631 4943 749 4980 suos
772 4969 787 4993 ,
816 4945 879 4982 ne
899 4930 1292 4997 viviﬁcarentur.
1327 4933 1736 4991 Circumveniens
1756 4979 1772 5005 ,

207 5009 385 5083 inquit,
438 5017 786 5073 subindicans
834 5021 1223 5079 clandestinam
1272 5026 1475 5081 eadem
1509 5045 1522 5080 :
1559 5030 1778 5084 nolebat

205 5105 328 5157 enim
349 5118 533 5176 aperte
556 5108 677 5164 illos
693 5109 967 5177 occidere;
1005 5113 1124 5169 ideo
1148 5116 1298 5170 addit
1326 5134 1339 5170 :
1368 5117 1437 5171 Ut
1464 5132 1776 5187 exponerent

205 5190 402 5263 infantes
436 5215 575 5253 suos.
600 5198 687 5255 20.
725 5198 789 5254 In
816 5218 915 5274 quo
935 5212 1160 5273 tempore
1196 5216 1346 5260 natus
1366 5218 1439 5262 est
1472 5208 1700 5279 Moyses,
1730 5221 1778 5265 et

209 5287 288 5376 fuit
310 5303 482 5359 gratus
511 5290 639 5349 Deo.
674 5294 786 5349 lloc
815 5296 1058 5352 mirabile
1083 5310 1163 5353 est
1188 5340 1203 5364 ,
1232 5301 1375 5370 quod
1406 5302 1449 5357 is
1468 5343 1484 5366 ,
1514 5304 1604 5373 qui
1634 5321 1777 5376 prte-

209 5374 352 5436 lectus
391 5383 597 5439 iuturus
624 5397 778 5450 erat,
831 5403 936 5443 non
964 5402 1091 5445 ante
1121 5393 1203 5446 vel
1231 5401 1391 5461 post,
1424 5396 1520 5450 sed
1553 5396 1604 5452 in
1636 5374 1775 5453 Vme-

205 5470 279 5525 diu
308 5473 484 5531 lurore
515 5489 784 5534 nascatur.
820 5480 883 5533 Et
911 5484 1131 5537 nutritus
1160 5495 1231 5539 est
1257 5487 1418 5542 tribus
1442 5491 1693 5546 mensibus
1720 5494 1774 5546 in

209 5565 333 5620 domo
370 5574 545 5637 patris.
582 5572 802 5637 Quando
834 5574 989 5641 igitur
1012 5575 1241 5629 humana
1274 5579 1473 5633 nullam
1506 5596 1656 5650 spem
1686 5584 1777 5637 ol-

208 5656 459 5724 lcrebant,
503 5672 557 5716 et
595 5664 739 5717 illum
784 5665 1119 5734 ahjccerant,
1166 5678 1291 5723 tunc
1335 5671 1425 5725 Dei
1471 5676 1772 5728 oeconomia

210 5745 349 5805 fulsit.
378 5750 468 5808 Ii.
503 5754 800 5826 Expositum
840 5767 1007 5812 autem
1050 5760 1191 5812 illum
1224 5763 1427 5816 sustulit
1466 5765 1579 5831 ﬁlia
1622 5765 1771 5819 Pha-

211 5853 386 5914 ruoni'.
428 5856 474 5902 et
502 5854 702 5905 nutrivit
734 5868 849 5906 eu'u
893 5851 987 5907 sibi
1033 5854 1083 5908 in
1114 5854 1295 5924 ﬁlium.
1324 5854 1594 5929 Nusquam
1631 5871 1767 5918 tem-

1888 4484 1998 4552 plo.
2041 4483 2251 4551 Viden‘,
2281 4498 2410 4555 quot
2441 4488 2570 4543 ﬁant
2613 4492 2906 4559 miracula,
2952 4503 3008 4549 et
3048 4511 3309 4567 nusquam
3354 4511 3495 4555 tem-

1885 4578 2063 4646 plum,
2100 4594 2365 4647 nusquam
2406 4582 2704 4637 sacrilicia?
2737 4584 2921 4654 Neque
2965 4587 3052 4642 hic
3091 4589 3410 4659 simpliciter
3442 4596 3492 4649 in

1884 4668 2120 4734 deserto,
2154 4668 2250 4723 sed
2280 4669 2335 4725 in
2368 4671 2521 4726 rubo.
2557 4674 2648 4728 51.
2682 4673 2887 4745 Moyses
2912 4689 3081 4732 autem
3104 4682 3295 4747 videns,
3321 4687 3493 4739 admi-

1884 4768 2025 4813 ratus
2051 4770 2125 4813 est
2156 4761 2351 4825 visunt;
2380 4772 2427 4815 et
2453 4765 2720 4819 accedente
2751 4768 2840 4821 illo
2870 4778 2923 4822 ut
2956 4773 3321 4839 consideraret,
3358 4780 3497 4849 facta

1883 4862 1956 4905 est
1982 4869 2079 4906 vox
2103 4851 2338 4908 Domini.
2388 4855 2530 4910 Ecce
2578 4872 2709 4912 voce
2738 4874 2954 4929 quoque
2984 4862 3236 4932 dignatus
3270 4878 3371 4920 est.
3404 4870 3495 4925 32.

1883 4946 1998 5017 Ego
2027 4966 2138 5002 sum
2165 4949 2305 5004 Deus
2336 4960 2541 5021 patrum
2574 4962 2806 5019 tuorum,
2854 4953 2996 5009 Deus
3035 4959 3326 5027 Abraham,
3361 4961 3499 5019 Deus

1884 5038 2059 5103 Isaac,
2094 5051 2141 5093 et
2168 5040 2304 5095 Deus
2331 5040 2515 5095 Iacob.
2542 5041 2659 5097 Non
2683 5043 2843 5097 modo
2874 5044 2960 5100 hic
2985 5049 3223 5103 ostendit
3248 5055 3496 5121 angelum

1882 5132 1971 5201 qui
2023 5134 2273 5202 apparuit
2299 5135 2385 5200 ei,
2427 5150 2548 5189 esse
2595 5136 2772 5205 magni
2820 5138 3031 5192 consilii
3062 5142 3349 5209 angelum;
3398 5147 3495 5203 sed

1883 5222 2047 5277 etiam
2078 5226 2348 5291 ostendit,
2394 5236 2651 5295 quantam
2682 5227 3069 5297 benignitatem
3105 5231 3247 5288 Dens
3290 5251 3386 5303 per
3416 5238 3497 5291 vi-

1884 5328 2001 5368 sum
2027 5314 2297 5370 exhibeat.
2330 5316 2373 5369 Τ
2374 5319 2679 5389 remefactus
2713 5328 2883 5371 autem
2913 5319 3120 5393 Moyses
3150 5341 3250 5377 non
3278 5328 3498 5383 audebat

1883 5407 2223 5463 considerare.
2258 5409 2347 5464 33.
2385 5408 2529 5462 Dixit
2560 5420 2733 5463 autem
2762 5411 2841 5464 illi
2876 5411 3133 5468 Dominus
3156 5431 3175 5469 .'
3204 5413 3358 5471 Solve
3385 5423 3495 5475 cal-

1882 5512 2196 5553 ceamentum
2246 5502 2430 5571 pedum
2471 5512 2712 5567 tuorum;
2758 5504 2900 5557 locus
2949 5507 3082 5559 enim
3123 5510 3175 5560 in
3214 5526 3313 5577 quo
3361 5523 3496 5571 stus.

1883 5603 2017 5645 terra
2044 5603 2221 5646 sancta
2263 5604 2355 5646 est.
2384 5592 2655 5662 Nusquam
2686 5596 2943 5665 templum
2968 5638 2982 5662 ,
3016 5608 3069 5651 et
3100 5598 3251 5654 locus
3278 5613 3499 5657 sanctus

1882 5691 1965 5735 cst
2008 5699 2103 5753 per
2144 5684 2534 5751 apparitionetn
2588 5694 2641 5738 et
2690 5687 3064 5755 operationem
3111 5688 3331 5745 Christi.
3388 5694 3498 5746 Hoc

1884 5775 2054 5829 nuilto
2083 5774 2495 5836 mirabiliuscst.
2520 5791 2678 5845 quam
2699 5777 2847 5829 locus
2874 5777 2961 5832 ille
2989 5780 3039 5832 in
3066 5781 3266 5836 sanctis
3286 5793 3499 5838 sancto-

1887 5882 2004 5921 rum
2033 5885 2043 5922 :
2080 5868 2186 5924 illic
2216 5870 2359 5926 cnim
2393 5886 2682 5941 numquam
2712 5871 2789 5928 sic
2829 5874 3077 5943 apparuit
3120 5874 3293 5945 Deus,
3337 5892 3493 5933 num-
