4094 6482
613 437 717 495 IS!

611 562 770 622 quam
797 559 875 601 ste
900 541 1246 599 tremefactus
1260 552 1342 597 est
1367 538 1591 611 Moyses.
1617 536 1864 593 Vidistin'
1888 536 2191 589 misericor-

611 638 792 695 diam?
827 636 956 690 Vide
998 631 1209 688 tandem
1244 630 1675 687 sollicitudinem.
1707 628 1795 681 54.
1836 624 2020 680 Videas
2053 626 2190 690 ridi,

612 731 812 799 inquit,
843 727 1156 799 aﬂlictionens
1185 722 1516 793 populi‘nteir,
1547 721 1635 789 qui
1658 728 1729 773 est
1767 720 1817 771 in
1850 716 2082 786 (Egypto
2101 757 2116 781 ,
2148 726 2194 769 et

609 824 847 893 gemitum
874 834 1054 871 eorum
1070 816 1259 873 audivi.
1288 824 1334 867 et
1353 809 1821 865 descendi'liberare
1844 823 1945 861 eos.
1972 804 2040 859 Et
2061 822 2195 858 nunc

608 913 741 975 veni,
770 920 815 964 et
840 910 1033 963 mittam
1063 916 1114 961 te
1138 907 1189 958 in
1211 902 1518 973 Egyptum.
1546 900 1697 964 Vide,
1728 899 1994 968 quomodo
2015 908 2196 951 osten-

610 1002 699 1055 ilat
730 1016 797 1055 se
830 1015 924 1067 per
953 996 1207 1053 beneﬁcia
1230 1036 1244 1057 .
1278 1009 1374 1063 per
1418 991 1675 1061 supplicia
1720 998 1776 1044 et
1813 1003 1909 1058 per
1940 986 2192 1041 miracula

609 1095 806 1146 ducere
834 1090 971 1149 illos,
1000 1088 1071 1140 illi
1102 1101 1238 1140 vero
1252 1099 1467 1153 semper
1493 1080 1649 1136 iidem
1679 1090 1853 1134 erant.
1882 1077 2195 1133 Hinc-disci»

612 1196 762 1245 mus,
796 1182 957 1233 Deum
991 1179 1187 1247 ubique
1214 1186 1530 1245 prmsentem
1558 1186 1699 1227 esse.
1729 1171 1853 1225 llaec
1889 1179 1943 1225 et
1974 1184 2071 1223 nos
2097 1184 2194 1223 au—

609 1272 841 1336 dientes,
867 1270 920 1322 in
948 1266 1324 1321 afﬂictionibus
1348 1263 1416 1317 ad
1446 1278 1568 1317 eum
1596 1260 1987 1330 confugiamus.
2014 1259 2082 1313 Et
2109 1275 2195 1329 ge-

609 1364 823 1424 mitum,
857 1360 1058 1429 inquit,
1098 1373 1268 1411 eorum
1312 1355 1503 1407 audivi.
1542 1353 1656 1408 Non
1685 1352 1998 1421 simpliciter
2025 1349 2190 1413 dixit,

610 1452 960 1517 Audiri;:sed,
982 1452 1198 1516 [δι-ομιοτ
1221 1445 1572 1501 calamitates.
1600 1441 1753 1510 Quod
1782 1443 1826 1495 si
1856 1441 1975 1511 quis
2003 1440 2148 1493 dicat
2174 1455 2190 1492 :

614 1543 676 1597 I-It
704 1558 799 1597 cur
820 1543 935 1595 illos
962 1546 1041 1595 sic
1063 1539 1221 1608 afﬂigi
1247 1532 1528 1606 permisit?
1554 1534 1752 1595 audiat.
1777 1532 1931 1588 etnn'r
1949 1533 2095 1601 justo
2116 1529 2208 1585 af--

608 1635 870 1689 ﬁctiones
899 1646 1113 1687 causam
1145 1644 1266 1685 esse
1294 1627 1631 1698 prtemiorum
1664 1642 1677 1679 :
1709 1625 1791 1679 ve!
1822 1625 1942 1679 ideo
1969 1624 2089 1679 illos
2116 1622 2194 1676 af-

610 1727 715 1794 ﬂigi
757 1724 1032 1793 permisit,
1083 1730 1142 1776 ut
1170 1722 1416 1776 virtutem
1459 1734 1608 1772 suam
1654 1717 1780 1772 hinc
1823 1717 2191 1787 splendentem

609 1814 922 1883 exhiberet,
967 1814 1192 1881 illosque
1226 1826 1321 1878 per
1350 1823 1615 1864 a'rumnas
1657 1809 1991 1872 institueret,
2040 1818 2095 1859 ut
2141 1808 2190 1860 in

606 1905 855 1958 omnibus
886 1902 1409 1973 philosopharentur.
1443 1899 1577 1955 Vide
1620 1914 1747 1969 ergo
1776 1914 1895 1953 cum
1928 1908 2110 1953 essent
2140 1899 2203 1952 in'

606 1998 851 2056 deserto,
896 2008 1003 2047 non
1044 1992 1201 2045 tundo
1233 1991 1578 2060 inipinguati,
1628 1989 1942 2053 incrassali,
1987 1988 2189 2042 dilatati

608 2094 764 2149 sunt,
798 2083 891 2138 sed
937 2084 1095 2137 etiam
1127 2083 1525 2151 dereliquerunt
1573 2080 1752 2134 Delum.
1804 2078 2009 2148 Ubique
2051 2080 2191 2133 enim

608 2176 768 2229 animi
798 2174 1041 2229 remissio
1064 2174 1257 2227 malum
1286 2184 1389 2239 est,
1416 2173 1629 2226 dilec1e.
1657 2171 1780 2224 Ideo
1805 2171 1873 2224 ab
1895 2171 2045 2223 initio
2061 2170 2197 2223 dixit

611 2269 861 2321 Adamn:
911 2264 975 2318 In
1020 2265 1204 2319 sudore
1248 2264 1411 2317 vultus
1451 2264 1523 2314 tui
1561 2262 1787 2315 coutedes
1826 2277 2007 2329 panem
2054 2272 2193 2313 tuum

609 2356 762 2428 (Gen.
792 2356 845 2410 3.
868 2355 979 2427 I9).
1009 2355 1084 2409 Ne
1111 2355 1267 2425 igitur
1287 2368 1351 2408 ex
1377 2353 1665 2407 afﬂictione
1688 2351 1848 2404 multa
1873 2352 1923 2403 iu
1947 2364 2191 2420 magnam

610 2448 1043 2517 tranquillitatem
1076 2446 1379 2509 venientes,
1411 2445 1783 2499 contumeliosi
1823 2452 2039 2510 essent,
2072 2443 2194 2497 illos

607 2541 766 2609 afﬂigi
800 2538 1057 2609 permittit
1086 2555 1098 2593 :
1145 2554 1391 2608 magnum
1427 2538 1567 2591 enim
1598 2536 1793 2589 bonum
1834 2546 1917 2590 est
1951 2535 2190 2590 afﬂictio.

684 2634 974 2704 Aﬁlictionis
1004 2630 1427 2685 bonane—Audi
1466 2629 1714 2681 Davidem
1741 2628 2005 2681 dicentem
2040 2646 2053 2679 :
2086 2627 2190 2680 Bo-

612 2741 732 2778 num
760 2723 883 2776 mihi
924 2723 1043 2792 quia
1081 2720 1355 2774 Itumilia'sti
1386 2736 1464 2772 me
1505 2717 1688 2791 (Psal.
1722 2718 1843 2773 118.
1877 2720 1938 2772 7|
1960 2716 2001 2786 ).
2041 2716 2197 2783 Quod

612 2816 656 2869 si
689 2814 895 2883 magnis
919 2822 974 2867 et
998 2812 1322 2866 admirandis
1348 2811 1484 2864 viris
1503 2826 1690 2878 magna
1720 2823 1808 2864 res
1835 2820 1917 2863 est
1941 2808 2191 2875 afﬂictio,

612 2908 779 2961 multo
806 2905 981 2972 magis
999 2902 1175 2955 nobis.
1201 2900 1257 2955 Si
1290 2901 1483 2965 vultis,
1532 2901 1701 2969 ipsam
1746 2898 2087 2953 afﬁictiouem
2139 2899 2196 2954 in

615 2997 788 3066 seipsa
816 2993 1207 3047 examinemus.
1238 2991 1321 3045 Sit
1344 2991 1466 3059 quis
1496 2991 1735 3060 gaudens
1756 3031 1770 3053 ,
1802 2990 1955 3044 laetus
1980 3000 2033 3044 et
2060 2989 2194 3044 elfi-

613 3104 706 3143 sns
730 3104 744 3151 ;
775 3087 899 3156 quid
928 3085 1136 3153 turpius
1160 3122 1176 3148 ,
1202 3083 1327 3152 quid
1358 3082 1691 3152 iusipientius
1717 3084 1843 3137 illo?
1863 3083 1940 3139 Sit
1960 3084 2081 3153 quis
2100 3083 2206 3156 do:

611 3149 739 3235 lens
783 3149 838 3230 et
884 3149 1155 3237 maerens;
1199 3149 1326 3242 quid
1368 3149 1476 3225 illo:
1506 3173 1674 3241 magis
1724 3149 2199 3243 philosophicum‘.

611 3269 813 3324 Idcirco
838 3262 1349 3334 Sapieiis'admonct
1372 3302 1387 3327 ,
1419 3262 1605 3316 dicens
1636 3278 1651 3315 :
1686 3260 1874 3316 Melius
1897 3273 1970 3317 est
1990 3264 2193 3335 ingredi

608 3360 661 3412 in
688 3359 889 3411 domum
914 3355 1078 3409 luctus
1097 3394 1111 3417 ,
1141 3370 1290 3424 etiam
1318 3354 1371 3406 in
1397 3354 1603 3406 domum
1626 3353 1759 3407 risus
1788 3352 1991 3425 (Eccli.
2020 3357 2073 3410 7.
2102 3356 2193 3429 5).

612 3448 771 3503 Forte
814 3446 954 3501 dicta
1000 3444 1253 3499 irridetis.
1302 3443 1406 3499 Sed
1454 3443 1765 3509 videamus,
1813 3445 1988 3515 qualis
2035 3446 2201 3503 fuerit

612 3539 781 3594 Adam
831 3537 882 3591 in
929 3536 1211 3606 paradiso,
1258 3544 1313 3589 et
1354 3534 1527 3605 qualis
1573 3544 1756 3603 postea
1788 3549 1804 3589 :
1833 3538 2007 3605 qualis
2037 3536 2197 3595 fuerit

611 3630 740 3685 Cain
776 3638 936 3694 ante,
968 3627 1143 3697 qualis
1175 3634 1381 3697 postea.
1423 3624 1540 3680 Non
1567 3635 1672 3681 stat
1702 3626 1752 3680 in
1778 3642 1874 3683 sua
1905 3628 2033 3685 sede
2074 3631 2197 3684 ani-

611 3734 730 3775 mus
751 3759 769 3786 ,
809 3719 903 3773 sed
948 3718 1099 3788 quasi
1126 3733 1155 3770 a
1186 3716 1417 3787 quodam
1444 3727 1603 3771 vento
1632 3717 1891 3773 tollitur.a
1922 3721 2194 3790 voluptate

610 3821 667 3867 et
690 3810 821 3865 levis
864 3809 1122 3876 efﬁcitur,
1162 3809 1293 3864 nihil
1341 3808 1543 3863 habens
1586 3807 1819 3863 firmum.
1869 3810 2079 3865 Etenim
2126 3812 2197 3867 ad

613 3901 993 3975 promissiones
1017 3910 1098 3955 est
1120 3898 1307 3965 facilis,
1334 3908 1389 3953 et
1418 3899 1488 3953 ad
1510 3900 1864 3969 pollicendum
1892 3912 2191 3973 promptus,

617 4006 672 4050 et
702 4009 888 4063 magna
912 4002 995 4047 est
1020 3992 1421 4047 ratiociniorum
1452 3992 1742 4047 fluctuatio.
1773 3994 1909 4050 Hine
1934 3996 2073 4051 risus
2112 3999 2195 4052 in-

617 4085 1010 4153 tempestivus,
1065 4081 1246 4137 la-titia
1294 4083 1502 4137 ratione
1557 4081 1851 4149 destituta,
1907 4085 2191 4141 verborum

615 4190 803 4245 magna
831 4184 885 4229 et
912 4174 1175 4243 superﬂua
1197 4176 1490 4243 nugacitas.
1516 4174 1717 4243 Ecquid
1742 4174 1810 4229 de
1830 4174 1948 4230 aliis
1970 4176 2192 4246 loquor?

614 4271 689 4325 De
730 4279 1032 4325 sanctorum
1079 4266 1261 4336 aliquo
1304 4280 1554 4336 agamus,
1602 4266 2193 4338 videamusque..qualls

612 4364 681 4416 sit
709 4363 760 4417 in
786 4361 1057 4431 voluptate
1082 4400 1095 4423 ,
1124 4369 1178 4413 et
1204 4358 1376 4428 qualis
1417 4359 1467 4413 in
1500 4374 1756 4415 mmrore.
1809 4360 1982 4415 Vultis
2031 4361 2189 4416 Davi-

611 4454 733 4508 dem
759 4448 1195 4508 consideremus?
1226 4448 1357 4502 Cum
1404 4464 1532 4520 ergo
1578 4451 1669 4505 ille
1714 4451 1767 4504 in
1818 4452 2092 4521 voluptate
2136 4462 2191 4507 et

614 4545 792 4599 laetitia
823 4551 1129 4597 versaretur
1156 4554 1186 4592 a
1218 4539 1398 4595 multis
1429 4541 1644 4609 tropteis
1665 4582 1680 4605 ,
1709 4556 1738 4593 a
1766 4540 2009 4606 victoria,
2041 4556 2069 4593 a
2093 4557 2188 4596 eo-

612 4635 778 4700 ronis,
801 4648 831 4687 a
859 4633 1096 4696 deliciis,
1128 4646 1155 4683 a
1188 4629 1381 4685 ﬁducia
1408 4670 1421 4692 ,
1452 4630 1572 4685 vide
1597 4647 1714 4699 qua:
1741 4632 1939 4685 dixerit
1968 4641 2021 4685 et
2048 4630 2191 4687 fece-

610 4732 680 4787 rit
705 4712 859 4799 εΕςο
882 4736 1051 4779 autem
1071 4725 1177 4778 disi
1202 4723 1252 4775 iu
1279 4722 1593 4775 abundantia
1624 4739 1753 4786 mea,
1796 4721 1918 4777 Non
1961 4722 2192 4776 movebar

610 4824 662 4874 in
694 4830 931 4875 internum
961 4815 1140 4887 (Psul.
1168 4813 1260 4869 29.
1293 4814 1323 4867 7
1350 4814 1389 4883 ).
1422 4812 1555 4866 Cum
1588 4825 1766 4867 autem
1800 4815 1850 4867 in
1898 4813 2189 4869 afflictione

612 4911 737 4975 fuit,
768 4908 889 4963 audi
915 4908 1037 4976 quid
1065 4906 1206 4959 dicat
1234 4922 1247 4958 :
1283 4904 1345 4957 Et
1370 4905 1413 4958 si
1440 4904 1624 4958 dixerit
1651 4906 1793 4965 milii,
1823 4904 1983 4959 Nolui
1999 4916 2063 4972 te,
2078 4921 2189 4959 ecce

606 5017 736 5073 ego;
765 5000 918 5069 faciat
947 4997 1070 5049 mihi
1097 4995 1230 5062 quod
1258 4995 1499 5063 placitum
1522 5005 1594 5049 est
1615 5011 1785 5048 eorum
1806 4997 1915 5064 ipso
1942 4996 2029 5067 (2.
2057 4997 2183 5067 Reg.

610 5095 696 5149 l5.
716 5092 789 5145 26
808 5092 847 5159 ).
870 5088 1005 5155 Quid
1030 5086 1111 5141 his
1140 5085 1318 5141 verbis
1339 5087 1505 5154 magis
1538 5085 2000 5153 pbilosophicnm?
2022 5088 2187 5154 Quid-

608 5183 733 5253 quid
762 5180 1061 5247 Deomagis
1109 5185 1318 5247 gratum
1371 5174 1562 5239 fuerit,
1612 5176 1819 5245 inquit,
1870 5176 1918 5229 id
1967 5177 2075 5230 ﬂat.
2105 5179 2187 5233 Et

609 5287 818 5331 rursum
860 5269 1005 5325 Sauli
1049 5267 1298 5323 dicebat:
1328 5268 1388 5322 Si
1436 5279 1604 5321 autem
1644 5266 1783 5321 Deus
1825 5279 2097 5321 commovet
2141 5279 2187 5323 te

604 5376 780 5420 contra
811 5380 920 5427 me,
963 5360 1231 5414 odoratum
1273 5362 1335 5412 sit
1380 5360 1684 5426 sacriﬁcium
1722 5370 1861 5410 tuum
1910 5359 2001 5428 (1.
2051 5358 2178 5430 Reg.

609 5455 698 5510 26.
734 5454 859 5521 I9).
894 5451 961 5505 Et
990 5460 1115 5504 tunc
1139 5490 1154 5515 ,
1184 5463 1306 5501 cum
1343 5457 1486 5501 esset
1538 5449 1588 5501 in
1638 5449 1929 5502 afﬂictione
1955 5489 1968 5512 ,
2022 5450 2182 5504 etiam

613 5546 839 5603 inimicis
864 5542 1146 5613 parcebat;
1177 5549 1357 5611 postea
1384 5554 1510 5593 vero
1540 5554 1708 5608 neque
1746 5541 1931 5594 amicis
1956 5582 1971 5606 ,
2012 5555 2183 5609 neque

610 5640 675 5693 iis
694 5638 852 5706 quise
878 5634 1009 5688 nihil
1026 5634 1292 5687 laeserant.
1316 5630 1521 5685 Rursus
1542 5628 1705 5684 Jacob
1725 5646 1845 5683 cum
1870 5633 1921 5684 in
1945 5645 2181 5685 :erumua

605 5735 746 5782 esset
771 5765 785 5788 ,
814 5723 1030 5778 dicebat
1057 5740 1069 5774 :
1103 5721 1163 5775 Si
1200 5722 1389 5774 dederit
1420 5720 1543 5772 mihi
1568 5718 1704 5773 Deus
1732 5737 1909 5787 panem
1937 5720 2006 5772 ad
2036 5737 2181 5774 ruan-

606 5822 890 5880 dueauduns
947 5828 994 5878 el
1021 5817 1359 5873 vestimentum
1380 5834 1477 5889 quo
1502 5816 1705 5887 aperiar
1730 5818 1749 5889 (
1773 5816 1897 5871 Geu.
1926 5817 2015 5871 28.
2040 5816 2109 5871 20
2136 5817 2176 5888 ).

1342 426 1397 485 8.
1429 422 1710 487 1013'le
1741 418 2212 489 (ςιιιιγςοετοιιι
2249 418 2565 478 ᾹΒΟΙῘῙΕΡ.
2606 421 3137 480 (ἶΟΝδΤΑΝΗΝΟΡ.

3785 417 3891 473 I3!

2300 534 2366 590 Et
2394 534 2534 588 ﬁlius
2562 533 2673 589 Noe
2699 546 2854 591 antea
2884 536 3013 590 nihil
3047 537 3152 591 tale
3181 534 3416 602 fecerat;
3459 534 3547 589 ubi
3590 544 3770 590 autem
3820 541 3895 591 de

2298 623 2734 680 saluteconﬁsus
2762 636 2877 693 est,
2907 627 3058 681 audis
3082 643 3241 698 quam
3266 627 3684 683 contumeliosus
3717 628 3896 681 factus

2297 716 2389 770 sit.
2432 716 2499 770 Et
2544 716 2801 770 Ezechias
2836 733 2956 772 cum
2985 720 3038 772 in
3062 719 3327 773 aerumnis
3345 726 3521 779 esset.
3554 717 3677 772 vide
3707 720 3894 788 qualia

2300 820 2396 875 pro
2430 806 2603 860 salute
2630 807 2815 861 fecerit
2843 824 2855 858 :
2884 822 3096 861 saccum
3126 809 3269 862 enim
3302 808 3501 873 induit,
3546 817 3601 863 et
3644 810 3696 863 in
3748 817 3896 864 terra

2298 896 2475 962 sedit;
2504 897 2591 951 ubi
2617 907 2795 952 autem
2826 898 2877 951 in
2902 898 3174 967 voluptate
3200 898 3329 961 fuit,
3362 901 3557 955 cecidit
3606 916 3716 970 pne
3767 900 3895 955 alti-

2298 988 2487 1044 tudine
2531 989 2712 1043 cordis
2756 989 2860 1043 sui.
2916 989 3040 1044 Ideo
3092 989 3306 1059 Moyses
3326 990 3621 1056 admonet,
3654 991 3841 1046 dicens
3876 1008 3895 1046 :

2298 1077 2424 1133 Cum
2448 1080 2723 1135 ooutederis
2745 1090 2790 1135 et
2821 1082 3001 1135 biberis
3026 1091 3073 1136 et
3101 1092 3357 1136 saturatas
3386 1083 3578 1153 fueris,
3623 1082 3899 1138 recordare

2299 1167 2509 1224 Domini
2535 1168 2633 1224 Dei
2660 1174 2735 1224 tui
2764 1172 2781 1240 (
2806 1170 2957 1225 Deut.
2978 1172 3031 1226 6.
3064 1172 3187 1239 12).
3207 1172 3453 1240 Pra-ceps
3474 1174 3721 1227 estenim
3740 1173 3898 1228 locus

2298 1260 2661 1327 deliciarum,
2699 1271 2755 1316 et
2783 1263 3107 1318 oblivionem
3135 1264 3225 1318 Dei
3259 1264 3480 1317 inducit.
3517 1263 3652 1317 Cum
3681 1264 3898 1333 afﬂige-

2298 1362 2487 1406 rentur
2521 1351 2821 1419 Israelitze‘,
2870 1354 3041 1408 multo
3085 1355 3264 1423 plures
3308 1363 3497 1419 erant;
3546 1370 3667 1408 eum
3710 1365 3893 1408 autem

2299 1443 2423 1498 illos
2447 1442 2770 1507 dimitteret,
2805 1451 2933 1498 tunc
2959 1459 3148 1499 omnes
3177 1445 3449 1511 peribant.
3470 1444 3537 1498 Et
3571 1460 3686 1498 cnr'
3709 1456 3894 1499 vetera

2298 1532 2542 1602 exempla
2569 1531 2773 1587 aﬁ‘ero?
2797 1532 2875 1587 Ex
2903 1533 3057 1588 nobis
3087 1533 3217 1602 ipsis
3244 1533 3550 1599 videmnus,
3596 1536 3640 1588 si
3694 1535 3893 1604 placet.

2300 1623 2382 1678 Ex
2407 1625 2604 1678 n05tris
2637 1624 2849 1692 plurimi
2878 1624 2929 1677 in
2955 1624 3114 1678 rebus
3143 1625 3417 1695 prosperis
3446 1624 3701 1678 inﬂantur
3720 1665 3733 1686 ,
3765 1640 3893 1677 om-

2301 1714 2457 1768 nibus
2487 1715 2683 1768 inimici
2708 1754 2722 1779 ,
2752 1713 2992 1769 iracundi
3012 1756 3027 1782 ,
3056 1714 3179 1769 dum
3224 1724 3485 1784 potestate
3534 1715 3713 1771 valent
3741 1732 3757 1780 ;
3794 1731 3893 1768 su-

2298 1805 2439 1858 blata
2468 1820 2603 1859 vero
2630 1814 2894 1875 potestate
2913 1845 2931 1871 ,
2963 1807 3223 1861 mansueti
3252 1820 3397 1873 sunt,
3430 1806 3677 1869 humiles,
3709 1808 3893 1870 mites,

2300 1897 2354 1949 in
2378 1907 2582 1951 natura:
2610 1912 2719 1951 sua:
2744 1899 3120 1967 cogitationem
3147 1900 3386 1955 veniunt.
3416 1899 3567 1967 Quod
3606 1914 3693 1954 res
3724 1900 3797 1954 ita
3833 1916 3897 1955 se

2298 1988 2495 2042 habeat
2516 2029 2532 2052 ,
2559 1991 2793 2045 ostendit
2826 1990 2986 2045 David
3009 2031 3023 2057 ,
3056 1990 3284 2045 dicens:
3321 1991 3505 2045 Tenuit
3529 2008 3614 2047 eos
3652 1994 3895 2061 superbia

2298 2074 2349 2125 in
2405 2074 2555 2141 ﬁnem
2596 2089 2615 2126 :
2664 2074 2892 2143 prodibit
2929 2078 3075 2142 quasi
3120 2091 3181 2128 ea:
3227 2076 3384 2143 adipe
3430 2076 3667 2142 iniquitas
3716 2092 3896 2129 eorum

2301 2162 2486 2231 (Psal.
2517 2162 2602 2217 7'2.
2637 2164 2689 2219 6.
2724 2163 2815 2235 7).
2850 2164 2974 2219 llatc
2997 2180 3027 2218 a
3058 2180 3144 2219 me
3173 2165 3313 2219 dicta
3341 2175 3506 2231 sunt,
3537 2173 3595 2219 ut
3624 2180 3691 2221 ne
3710 2165 3894 2219 omni~

2299 2254 2399 2309 bus
2423 2254 2593 2308 modis
2612 2256 3211 2324 gaudiumquazramus.
3244 2257 3308 2310 Et
3331 2258 3620 2326 quomodo,
3653 2258 3893 2327 inquies,

2298 2348 2374 2399 ait
2410 2346 2608 2400 Paulus
2640 2364 2665 2400 ι
2699 2347 2929 2401 Gaudete
2969 2364 3166 2417 semper
3206 2346 3481 2420 (Philipp.
3513 2348 3565 2403 ι.
3600 2350 3633 2403 ι
3661 2349 3719 2416 )ἳ
3770 2349 3893 2404 Non

2298 2437 2614 2505 simpliciter
2638 2437 2812 2504 dixit,
2843 2438 3087 2494 Gaudete
3106 2477 3121 2503 ,
3155 2438 3251 2493 sed
3279 2439 3515 2505 addidit,
3544 2439 3612 2495 In
3641 2440 3888 2497 Domino.

2370 2530 2423 2583 4.
2449 2526 2701 2582 Gaudium
2717 2530 2973 2600 quodnam
2991 2532 3055 2585 sit
3077 2530 3475 2587 bonum.-lloc
3492 2534 3781 2587 maximum
3808 2544 3893 2589 est

2298 2620 2586 2689 gaudium;
2620 2622 2711 2675 tali
2751 2621 3051 2690 gaudebant
3096 2626 3359 2692 apostoli;
3392 2624 3647 2693 gaudium
3682 2626 3891 2680 lucrum

2299 2711 2528 2766 aﬁ'erens
2566 2728 2579 2766 :
2610 2711 2750 2781 quod
2776 2726 2808 2765 a
2828 2713 3164 2779 carceribus,
3193 2729 3223 2766 a
3252 2713 3429 2784 ﬂagris
3450 2754 3466 2781 ,
3510 2730 3539 2768 a
3586 2730 3889 2786 persequit-

2301 2802 2569 2868 tionibus,
2603 2817 2641 2857 ι.
2666 2804 2802 2857 mala
2840 2802 2991 2858 fama
3006 2814 3061 2859 et
3089 2820 3117 2858 a
3147 2806 3390 2861 tristibus
3420 2808 3640 2862 omnino
3684 2808 3889 2877 princi-

2300 2894 2445 2961 plum
2472 2901 2528 2948 et
2569 2892 2813 2954 radicem
2843 2893 3003 2949 habet
3046 2906 3098 2949 et
3145 2896 3480 2951 occasionem
3514 2916 3527 2952 :
3560 2898 3700 2954 unde
3737 2910 3792 2955 ct
3837 2901 3890 2955 in

2300 2984 2500 3039 bonum
2529 2983 2689 3039 finem
2719 2986 2984 3055 pervenit.
3013 2985 3277 3041 Gaudium
3306 3003 3434 3044 vero
3460 2990 3644 3044 mundi
3686 3004 3845 3045 secus
3876 3010 3891 3045 :

2302 3078 2489 3148 incipit
2536 3081 2682 3134 enim
2728 3094 2760 3133 a
2809 3080 3097 3147 suavibus,
3142 3080 3447 3151 desinitque
3496 3084 3549 3136 in
3596 3082 3890 3137 tristitiam.

2300 3166 2484 3236 Neque
2528 3183 2629 3237 ego
2679 3169 2937 3237 prohibeo
2984 3170 3218 3240 gaudere
3262 3172 3314 3225 in
3362 3172 3624 3239 Domino,
3678 3173 3788 3227 imo
3832 3174 3889 3229 id

2300 3256 2456 3312 Valde
2484 3257 2771 3311 admoneo.
2806 3256 3239 3328 Flagellabantur
3275 3262 3536 3329 apostoli,
3583 3270 3638 3316 et
3681 3263 3891 3333 gaude-

2301 3346 2465 3412 bant;
2499 3348 2885 3413 vinciebantur,
2906 3360 2959 3405 et
2983 3350 3181 3420 gratias
3205 3351 3459 3427 agebant;
3493 3352 3889 3422 lapidabantur,

2299 3449 2352 3495 et
2378 3440 2760 3509 praedicabant.
2789 3441 2901 3496 Hoc
2930 3450 2983 3496 et
3012 3457 3111 3511 ego
3148 3442 3309 3498 velim
3354 3444 3607 3514 gaudium
3636 3462 3650 3497 :
3681 3446 3828 3515 quod
3860 3461 3891 3501 ι

2301 3533 2450 3587 nullo
2478 3532 2748 3602 corporali
2795 3533 3001 3588 initium
3044 3534 3273 3600 haheat,
3310 3535 3477 3591 seda
3524 3536 3893 3606 spiritualibus

2300 3629 2483 3683 rebus.
2513 3627 2630 3682 Non
2672 3638 2844 3699 potest
2889 3628 2990 3699 qui
3020 3629 3312 3682 secundum
3359 3628 3617 3684 mundum
3658 3631 3888 3701 gaudet.

2300 3720 2460 3773 simul
2483 3728 2538 3773 et
2564 3720 2859 3774 secundum
2894 3719 3059 3775 Deum
3086 3720 3319 3789 gaudere
3352 3737 3367 3774 :
3398 3721 3574 3777 omnis
3596 3723 3739 3776 enim
3759 3764 3776 3787 ,
3798 3723 3889 3790 qui

2298 3810 2589 3865 secundum
2614 3811 2867 3865 mundum
2896 3811 3129 3879 gaudet,
3173 3810 3242 3866 de
3280 3810 3482 3865 divitiis
3528 3812 3766 3881 gaudet,
3820 3812 3890 3868 de

2302 3904 2613 3972 voluptate,
2645 3902 2713 3957 de
2757 3902 2959 3973 gloria,
3004 3904 3070 3959 de
3118 3905 3387 3973 potentia,
3434 3903 3503 3959 de
3547 3907 3886 3975 arrogantia;

2298 3994 2385 4063 qni
2436 4008 2565 4048 vero
2595 3993 2898 4047 secundum
2949 3993 3152 4058 Deum,
3208 3994 3277 4049 de
3331 3995 3616 4064 ignominia
3669 4006 3891 4066 propter

2298 4084 2483 4148 illum,
2536 4084 2604 4138 de
2648 4092 2999 4153 paupertate,
3046 4083 3114 4138 de
3164 4083 3372 4154 inopia,
3424 4083 3493 4140 de
3531 4084 3773 4154 jejunio,
3821 4087 3888 4145 de

2298 4176 2615 4231 humilitate.
2643 4176 2831 4231 V'idhu’
2855 4191 3012 4247 quam
3039 4179 3305 4231 contraria
3336 4181 3689 4248 argumenta?
3719 4180 3890 4247 Quot-

2296 4278 2425 4339 quot
2459 4268 2545 4321 hic
2574 4276 2723 4321 extra
2750 4268 3001 4337 gaudium
3026 4276 3150 4321 sunt
3170 4309 3186 4333 ,
3212 4279 3361 4321 extra
3395 4282 3685 4323 mmrorem
3717 4279 3884 4332 sunt;

2296 4370 2351 4416 et
2378 4366 2639 4429 quotquot
2668 4366 2815 4412 extra
2843 4373 3152 4423 mmrorem,
3180 4368 3305 4413 sunt
3328 4360 3490 4414 etiam
3539 4369 3687 4414 extra
3730 4360 3885 4415 volu-

2298 4463 2518 4524 ptatem.
2550 4451 2617 4505 Et
2640 4466 2827 4505 revera
2854 4450 2968 4504 btec
2998 4458 3143 4516 sunt,
3172 4466 3291 4519 qua:
3317 4466 3503 4505 verum
3531 4451 3783 4521 gaudium
3806 4452 3881 4505 fa-

2295 4544 2442 4599 ciunt
2468 4583 2483 4607 ,
2514 4541 2763 4611 quoniam
2796 4540 2886 4593 illa
2916 4555 3110 4595 nomen
3162 4549 3366 4593 tantum
3415 4540 3592 4610 gaudii
3638 4540 3885 4605 habent,

2299 4644 2466 4688 totum
2487 4640 2661 4687 autem
2690 4632 2997 4685 innuerore
3021 4632 3181 4684 situm
3208 4640 3307 4684 est.
3339 4632 3606 4697 Quantum
3634 4632 3882 4687 maeroris

2298 4725 2458 4781 habet
2484 4723 2783 4794 arrogans?
2812 4730 3069 4792 quantum
3099 4722 3421 4791 praepeditur
3449 4724 3575 4778 dum
3620 4739 3881 4795 arrogan-

2298 4830 2377 4873 ter
2422 4816 2573 4888 agit?
2624 4815 2767 4869 Mille
2817 4815 2917 4869 sibi
2971 4822 3124 4882 parat
3172 4814 3566 4879 contumelias,
3623 4830 3877 4885 magnum

2294 4910 2517 4973 odium,
2560 4922 2805 4976 magnam
2855 4904 3223 4969 inimicitiam,
3276 4904 3533 4959 invidiam
3580 4905 3876 4974 ingentem.

2293 5002 2425 5056 Nam
2456 5001 2500 5053 si
2532 5014 2560 5050 a
2589 4998 2880 5067 majoribus
2911 4996 3227 5050 contumelia
3260 4996 3555 5063 afficiatur,
3596 4996 3780 5055 dolet:
3832 4996 3877 5051 sl

2295 5108 2399 5146 non
2428 5100 2611 5146 contra
2642 5103 2833 5143 omnes
2862 5090 3135 5157 insurgat,
3165 5088 3458 5143 mordetur.
3489 5087 3713 5141 llumilis
3746 5103 3882 5144 vero

2294 5184 2344 5236 in
2374 5183 2537 5237 multa
2566 5192 2651 5235 est
2676 5180 2969 5249 voluptate,
2993 5194 3022 5233 a
3056 5178 3201 5234 nullo
3230 5180 3488 5234 honorem
3516 5190 3875 5247 exspectans:

2292 5274 2335 5328 si
2364 5274 2678 5339 honoretur,
2709 5270 2937 5341 gaudet;
2965 5270 3008 5323 si
3038 5284 3141 5323 non
3174 5270 3500 5334 honoretur,
3532 5284 3638 5324 non
3687 5268 3872 5334 dolet,

2293 5366 2397 5419 imo
2422 5363 2617 5434 gaudet
2654 5362 2794 5433 quod
2826 5378 2928 5417 non
2961 5362 3250 5417 honoratus
3296 5361 3365 5415 sit
3396 5363 3433 5414 ί.
3469 5362 3649 5430 Itaque
3696 5361 3873 5417 bono-

2291 5470 2403 5509 rem
2450 5469 2554 5508 non
2596 5469 2835 5523 qnmrere
2867 5464 2919 5509 et
2950 5454 3197 5510 honorari
3223 5494 3238 5518 ,
3269 5452 3319 5506 id
3352 5468 3595 5523 magnam
3628 5452 3872 5523 volupta-

2292 5554 2394 5599 tem
2427 5545 2584 5615 parit.
2614 5544 2724 5599 Illic
2755 5559 2882 5599 vero
2908 5546 3235 5599 contrarium
3262 5544 3489 5609 accidit;
3534 5544 3725 5615 quaerit
3769 5543 3868 5599 Iw-

2353 5702 2370 5766 !
2408 5699 2627 5766 Dounaeo
2651 5700 3040 5766 inversionem
3061 5697 3384 5766 Graecamhic
3408 5706 3661 5766 immutare
3687 5696 3866 5766 placet.

2286 5764 2837 5876 :it“i3‘j)q:ezpretalione
2862 5761 3131 5824 legendum
3152 5762 3250 5822 sit,
3276 5760 3371 5811 imo
3395 5761 3510 5813 satis
3533 5763 3677 5812 Ιιιευει
3694 5760 3754 5810 si
3776 5766 3871 5807 utet
