4044 6516
143 468 221 524 ηε,
1104 452 1171 509 IN
1211 449 1395 507 seu
1433 443 1730 505 srosm

1841 443 1961 502 Im.
2000 442 2237 500 HOMIL.
2276 441 2445 499 XVII.

143 590 329 640 norem,
358 579 411 629 et
437 586 546 627 non
578 570 904 625 honoratur.
948 566 1067 624 Non
1111 566 1363 622 similiter
1404 572 1583 620 autem
1631 561 1701 618 de

144 671 309 724 honore
334 666 531 737 gaudet
558 663 657 735 qui
690 662 883 732 qumit
907 675 1028 715 eum
1050 700 1067 726 ,
1112 669 1164 713 et
1202 658 1293 728 qui
1334 672 1440 711 non
1489 654 1700 726 quaerit.

146 760 219 813 llic
242 767 730 828 quantumcumque
758 752 1063 823 acceperit,
1100 750 1231 805 nihil
1262 764 1322 805 se
1349 758 1501 819 putat
1548 761 1707 801 acce-

141 851 287 920 pisse:
313 849 399 904 ille
424 862 556 903 vero
586 846 635 902 si
667 845 754 901 vel
783 844 1048 901 tantillum
1090 843 1339 908 dederis,
1387 842 1461 897 ita
1505 839 1703 910 accipit

143 958 193 996 sc
210 942 247 996 si
273 951 432 995 totum
460 949 672 996 teneat.
707 938 912 994 Rursus
934 938 1025 1005 qni
1072 937 1125 991 in
1170 935 1379 992 deliciis
1426 942 1705 999 versatur,

144 1033 260 1087 mille
284 1032 490 1101 negotia
522 1030 693 1085 habet
720 1046 734 1083 :
764 1028 977 1085 etiamsi
1005 1027 1186 1083 faciles
1210 1038 1262 1082 et
1291 1025 1444 1097 quasi
1472 1040 1539 1080 ex
1591 1023 1710 1078 fun-

144 1126 254 1178 tibus
280 1123 479 1177 reditus
508 1122 617 1193 ipsi
644 1120 909 1186 afﬂuant,
959 1130 1198 1175 attamen
1241 1120 1420 1181 mala,
1469 1131 1591 1187 quire
1638 1129 1707 1170 ex

144 1213 315 1268 deliciis
340 1212 614 1267 accedunt
634 1253 649 1275 ,
684 1210 972 1274 formidat,
1002 1224 1213 1265 necnon
1243 1208 1407 1263 futuri
1451 1208 1708 1263 incertam

144 1307 470 1360 conditionem
501 1320 517 1358 :
553 1303 646 1358 hic
669 1318 799 1357 vero
824 1317 1041 1372 semper
1068 1302 1122 1356 in
1152 1311 1267 1356 tuto
1294 1310 1378 1357 est
1426 1309 1481 1355 et
1515 1300 1569 1354 in
1610 1314 1709 1354 vo-

144 1395 341 1461 luptate,
368 1394 516 1463 quod
551 1393 803 1448 tenuitati
831 1393 1005 1447 victus
1032 1393 1103 1447 sit
1130 1402 1398 1447 assuetus.
1426 1390 1542 1447 Non
1564 1389 1710 1445 enim

140 1486 195 1537 ita
214 1500 263 1539 se
287 1487 541 1540 miserum
572 1493 744 1555 putat,
778 1483 918 1554 quod
948 1484 1089 1539 lauta
1118 1499 1301 1539 mensa
1335 1498 1440 1538 non
1479 1482 1707 1547 fruatur,

142 1582 187 1625 ut
208 1573 470 1628 deiiciatur
490 1617 507 1641 ,
538 1574 671 1628 dum
701 1574 861 1628 futuri
894 1574 1153 1630 incertam
1184 1573 1548 1630 conditionem
1604 1588 1711 1629 non

142 1666 280 1718 timet.
315 1664 443 1732 Quae
469 1680 611 1720 vero
636 1680 703 1721 es
748 1664 958 1720 deliciis
999 1665 1138 1719 mala
1180 1664 1463 1727 oriantur.
1507 1664 1717 1734 ignorat

143 1770 312 1809 nemo:
342 1772 572 1812 necesse
604 1766 689 1811 est
713 1765 892 1812 autem
925 1756 1053 1811 illud
1093 1756 1208 1828 jam
1256 1757 1459 1813 dicere.
1512 1756 1716 1827 Duplex

142 1855 207 1901 est
247 1847 433 1903 bellum
455 1889 471 1910 ,
521 1847 775 1917 corporis
795 1889 811 1913 ,
862 1848 1080 1918 inquam
1106 1888 1123 1914 ,
1172 1857 1226 1902 et
1251 1849 1445 1903 anima)
1476 1867 1489 1903 :
1519 1846 1717 1918 duplex

144 1935 316 2001 hiems,
348 1938 605 2008 duplices
650 1938 824 1993 morbi
859 1955 874 1992 :
904 1954 1081 2009 neque
1127 1938 1179 1993 id
1228 1948 1469 2007 tantum,
1517 1939 1613 1995 sed
1661 1948 1718 1995 et

143 2026 433 2084 insanabila
455 2071 470 2093 ,
501 2030 598 2098 qui
632 2043 852 2099 magnas
878 2030 1105 2085 afferant
1129 2030 1492 2086 calamitates.
1518 2032 1588 2085 At
1609 2046 1716 2086 non

144 2121 241 2172 talis
263 2130 339 2174 est
364 2119 689 2191 frugalitas;
717 2120 813 2176 sed
841 2121 1041 2191 duplex
1071 2131 1155 2176 est
1195 2123 1430 2185 sanitas,
1481 2121 1717 2191 duplicia

142 2209 276 2266 bona.
304 2212 532 2267 Somnus
564 2213 822 2279 sanitatis,
852 2214 1117 2283 inquit,in
1147 2222 1332 2269 ventre
1353 2230 1507 2283 parco
1529 2212 1717 2284 (Eccli.

144 2301 216 2354 δι.
241 2301 307 2356 2t
326 2307 366 2371 ).
400 2301 617 2373 Ubique
648 2304 793 2357 enim
824 2303 1169 2359 mediocritas
1192 2303 1569 2359 desiderabilis
1597 2313 1680 2357 est
1704 2344 1720 2368 ,

143 2394 259 2461 quod
306 2410 432 2449 vero
482 2395 708 2449 modum
750 2410 856 2450 non
901 2406 1123 2459 servat,
1168 2395 1539 2463 injueuudum.
1589 2393 1725 2449 Vide

145 2484 265 2539 enim
291 2504 305 2539 :
335 2486 591 2540 scintillse
628 2500 806 2555 parva:
837 2499 1082 2556 magnam
1112 2486 1377 2555 lignorqu
1413 2484 1723 2555 congeriem

147 2576 332 2646 impone
355 2620 370 2643 ,
403 2589 600 2633 etnon
630 2578 768 2632 ultra
816 2577 995 2649 ignem
1040 2576 1447 2647 splendentem,
1496 2576 1593 2633 sed
1639 2576 1726 2634 fu-

147 2683 267 2721 lltlllll
294 2669 504 2723 videbis
533 2667 693 2723 valde
721 2668 1022 2723 insuavem.

204 2760 400 2816 Detia'a:
420 2779 556 2817 onus
578 2770 697 2817 sunt
717 2761 1127 2817 animm—Viro
1154 2761 1275 2817 forti
1302 2767 1356 2819 et
1376 2776 1573 2834 magno
1592 2778 1731 2819 onus

150 2854 337 2921 impone
379 2855 521 2908 vires
558 2868 858 2922 superans,
902 2863 957 2909 et
986 2853 1193 2908 videbis
1233 2869 1357 2909 eum
1387 2869 1554 2911 onere
1584 2855 1731 2910 humi

148 2942 409 3009 inermem.
442 2944 695 3014 Magnum
726 2959 863 2998 onus
884 2944 1044 3011 iniice
1070 2945 1122 2998 in
1152 2945 1325 2999 navim
1346 2987 1362 3012 ,
1391 2956 1445 3000 et
1472 2961 1635 3015 grave
1655 2945 1736 3001 fa—

150 3036 241 3090 cies
266 3036 628 3107 naufragium.
668 3036 829 3092 Tales
864 3045 993 3091 sunt
1030 3037 1259 3092 deliciae.
1301 3038 1453 3094 Sicut
1493 3040 1637 3093 enim
1680 3040 1732 3094 in

153 3132 347 3183 llaVlbUS
373 3145 537 3199 supra
571 3129 789 3184 modum
818 3129 1059 3184 oneratis
1090 3144 1312 3200 magnus
1340 3141 1425 3185 est
1452 3140 1734 3187 nautarum

154 3222 405 3283 tumultus.
438 3222 809 3291 gubernatore
826 3234 915 3285 eo,
940 3219 1032 3291 qui
1078 3220 1130 3275 in
1176 3236 1331 3291 prora
1360 3222 1531 3289 sedet,
1563 3237 1627 3278 ac
1649 3238 1740 3279 ve-

154 3313 364 3366 ctoribus
389 3315 673 3381 superiora
688 3320 741 3366 et
766 3311 1018 3367 inferiora
1041 3312 1091 3366 in
1115 3328 1265 3368 mare
1295 3314 1695 3383 proﬁcientibus
1717 3332 1736 3371 :

154 3403 219 3456 sic
244 3414 293 3457 et
320 3402 419 3457 hoc
445 3402 598 3469 loco,
624 3402 900 3473 superiora
930 3412 1243 3458 evomentes
1279 3414 1333 3459 et
1372 3404 1645 3473 inferiora,
1676 3420 1741 3462 ac

156 3494 337 3565 seipsos
392 3504 832 3566 eorrumpentes,
887 3506 1134 3566 pereunt.
1188 3497 1448 3567 Quodque
1498 3500 1739 3555 omnium

158 3588 501 3657 turpissimum
524 3597 639 3650 est.
669 3607 731 3644 os
760 3589 1115 3657 posteriorum
1146 3590 1377 3660 partium
1407 3606 1560 3645 usum
1592 3606 1745 3647 assu-

159 3678 259 3741 tnit,
288 3681 448 3748 ﬁtque
479 3679 589 3734 illis
618 3678 1045 3749 ignominiosius.
1068 3679 1220 3748 Quod
1244 3681 1288 3735 si
1321 3681 1372 3735 in
1394 3696 1488 3737 ore
1508 3682 1578 3737 sit
1600 3692 1741 3737 tanta

161 3768 427 3836 turpitudo,
462 3771 642 3839 cogita
672 3776 869 3839 quanta
900 3768 970 3823 sit
994 3770 1047 3823 in
1078 3770 1275 3824 anima.
1302 3770 1435 3825 Nam
1463 3772 1534 3827 ibi
1563 3775 1743 3829 omnia

160 3862 329 3932 caligo,
360 3865 546 3919 omnia
578 3862 827 3933 procella:
846 3903 863 3929 ,
904 3861 1083 3917 omnia
1110 3863 1348 3919 tenebrae
1367 3905 1382 3931 ,
1412 3865 1579 3921 multa
1613 3880 1746 3920 con-

161 3955 278 4013 fusio
321 3957 710 4030 cogitationum
762 3958 816 4013 in
857 3958 1101 4028 angustia
1150 3959 1518 4025 versantium,
1567 3960 1745 4014 anima

163 4047 257 4113 ipsa
275 4050 530 4104 damnum
552 4048 906 4103 exclamante.
933 4047 1068 4105 Hinc
1091 4050 1189 4120 ipsi
1210 4051 1383 4105 ventri
1409 4049 1599 4117 dediti,
1624 4065 1746 4108 sese

164 4148 327 4193 niutoo
354 4138 704 4209 redarguunt,
727 4154 869 4209 aegre
896 4140 1105 4207 ferunt,
1130 4150 1338 4195 stercus
1359 4140 1627 4196 internum
1650 4142 1748 4197 de-

162 4226 303 4293 jicere
321 4228 597 4284 festinant.
616 4230 866 4284 Attamen
886 4239 1163 4301 postquam
1186 4230 1545 4300 projecerunt,
1573 4248 1748 4303 neque

164 4318 231 4371 sic
266 4320 483 4389 agitatio
525 4320 776 4385 sedatur;
825 4319 918 4374 sed
959 4330 1016 4375 et
1054 4320 1233 4376 febres
1279 4322 1401 4376 hinc
1446 4332 1501 4379 et
1550 4325 1745 4380 morbi.

166 4406 352 4475 Etiam,
384 4411 594 4481 inquit,
627 4410 823 4465 infirmi
863 4421 989 4466 sunt
1026 4422 1081 4467 et
1121 4415 1347 4483 turpiter
1374 4424 1536 4484 agunt
1577 4433 1590 4469 :
1633 4415 1749 4472 ha3c

166 4497 339 4556 frustra
371 4503 530 4558 nobis
551 4511 858 4568 narrantur,
884 4503 1080 4557 frustra
1112 4504 1287 4558 morbi
1316 4517 1746 4565 enumerantur:

166 4588 385 4647 intlrmor
411 4608 536 4663 ego,
573 4593 781 4647 laceror
809 4602 864 4648 et
895 4594 1121 4663 turpiter
1149 4609 1268 4665 ago,
1298 4597 1385 4665 qni
1426 4614 1530 4651 nou
1576 4598 1748 4656 habeo

165 4682 288 4747 quod
316 4684 472 4738 edam
505 4702 518 4737 :
553 4683 653 4738 hos
680 4691 859 4739 autem
894 4684 947 4738 in
974 4685 1182 4739 deliciis
1208 4701 1430 4757 agentes
1457 4690 1641 4747 videre
1667 4702 1751 4749 est

167 4772 286 4830 huic
313 4776 573 4843 affectos,
605 4777 861 4848 pingues,
900 4779 1211 4848 gaudentes,
1244 4782 1395 4851 equis
1426 4794 1625 4839 vectos.
1661 4786 1750 4842 Va:

168 4862 313 4919 niihil
346 4867 605 4938 lacrymis
630 4868 774 4922 enim
806 4869 963 4937 digna
995 4869 1107 4924 bam
1141 4871 1299 4925 verba
1331 4883 1475 4928 sunt.
1517 4876 1620 4929 Eos
1646 4892 1745 4931 au-

166 4961 261 5009 tem
287 4959 372 5028 qui
401 4957 635 5031 podagra
666 4959 940 5024 laborant,
973 4960 1124 5017 sellis
1151 4972 1419 5031 gestatos,
1461 4966 1707 5037 alligatos
1727 5009 1743 5037 ,

3305 448 3413 505 151

1809 575 1915 630 qua
1953 575 2017 614 ex
2060 569 2232 631 parte,
2269 573 2477 631 quaeso,
2506 558 2901 630 respiciemusl
2939 556 3006 614 Et
3043 557 3147 614 nisi
3185 573 3300 615 rem
3340 557 3417 614 illi

1817 660 2067 722 putarent
2094 651 2540 707 contumeliosam
2567 663 2631 705 ac
2660 650 3001 720 probrosam,
3034 648 3155 704 illos
3178 648 3288 720 jam
3320 663 3419 705 no-

1816 745 1962 799 mine
1989 757 2091 800 suo
2116 743 2549 813 compellassem.
2583 740 2690 797 Sed
2718 750 2847 798 sunt
2872 739 3090 811 quidam
3116 782 3132 807 ,
3176 740 3387 811 inquies
3407 782 3423 806 ,

1818 837 1908 906 qui
1951 835 2088 890 bene
2118 835 2334 901 valent,
2379 833 2504 904 quia
2544 848 2650 888 non
2682 833 2859 887 solum
2891 832 3097 888 deliciis
3126 832 3257 887 dant
3292 848 3428 904 ope-

1816 944 1954 993 ram,
1995 927 2091 984 sed
2131 928 2292 981 etiam
2337 926 2601 982 laborant.
2634 925 2832 980 Verum
2872 924 2940 980 da
2980 924 3109 979 mihi
3152 925 3429 980 hominem

1817 1036 2035 1090 semper
2066 1018 2538 1090 pinguescentem,
2570 1018 2836 1082 otiosum,
2871 1016 3100 1072 inertem
3122 1059 3137 1082 ,
3169 1019 3259 1087 qui
3295 1018 3432 1073 bene

1819 1111 2013 1166 valeat.
2036 1110 2143 1166 Sed
2168 1126 2276 1165 non
2308 1111 2569 1165 invenies.
2601 1109 2823 1164 Etiamsi
2847 1110 2990 1164 enim
3015 1109 3295 1167 innumera
3319 1123 3435 1163 me-

1820 1201 2065 1257 dieorum
2110 1202 2263 1257 tttrba
2310 1202 2487 1269 adsit,
2540 1202 2689 1256 illum
2740 1202 2911 1256 ventri
2953 1215 3171 1271 semper
3212 1216 3432 1270 Operam

1821 1294 2041 1350 dantem
2064 1308 2095 1349 a
2126 1295 2327 1349 morbis
2356 1309 2547 1350 eruere
2577 1309 2686 1348 non
2716 1303 2969 1364 poterunt
3017 1316 3029 1350 :
3075 1309 3251 1364 neque
3291 1295 3437 1349 enim

1824 1385 1877 1439 id
1908 1395 2096 1440 natura
2126 1385 2205 1440 rei
2240 1386 2518 1454 permittit.
2553 1386 2668 1455 Ego
2709 1401 2836 1439 vero
2867 1385 3197 1440 medicorum
3230 1386 3435 1441 dictum

1824 1477 1977 1532 vobis
2003 1477 2250 1532 afferam.
2284 1477 2366 1533 Ex
2392 1478 2475 1539 iis.
2506 1492 2627 1548 qua:
2656 1476 2709 1531 in
2732 1487 2974 1532 ventrem
3001 1480 3304 1543 mittuntur,
3331 1494 3437 1531 non

1824 1571 2007 1624 omnia
2038 1570 2174 1625 fiunt
2202 1570 2520 1625 alimentum
2557 1587 2571 1623 :
2601 1587 2724 1627 nam
2747 1572 2799 1625 in
2831 1574 2943 1641 ipsa
2972 1572 3215 1626 ciborum
3249 1584 3438 1626 natura

1827 1677 1934 1717 non
1964 1672 2133 1717 totum
2162 1662 2339 1718 alendi
2379 1666 2485 1717 vim
2519 1661 2722 1728 habet,
2767 1663 2860 1718 sed
2905 1678 3027 1732 pars
3068 1664 3122 1716 in
3162 1677 3439 1717 secessum

1826 1756 2149 1818 secernitur.
2182 1771 2308 1826 pars
2349 1757 2403 1811 in
2433 1756 2749 1812 alimentum
2790 1756 2951 1811 cedit.
2994 1756 3050 1811 Si
3089 1772 3220 1827 ergo
3250 1756 3439 1811 mode-

1831 1857 1947 1904 rate
1976 1848 2154 1903 cibum
2184 1863 2407 1904 sumens
2438 1857 2607 1902 totum
2641 1849 2910 1919 perficies,
2944 1848 3149 1915 singula
3180 1849 3233 1902 in
3263 1848 3440 1902 locum

1827 1952 1987 1993 suum
2016 1946 2272 2008 pergunt,
2305 1948 2361 1993 et
2388 1938 2532 2009 quod
2574 1954 2765 1993 sanum
2804 1938 3043 2006 utileque
3063 1948 3168 2003 est,
3200 1940 3253 1993 in
3286 1952 3443 1992 suum

1829 2043 1890 2083 se
1920 2028 2093 2084 locum
2120 2029 2366 2095 confert;
2394 2028 2537 2098 quod
2569 2040 2750 2085 autem
2784 2030 3116 2099 superﬂuum
3140 2041 3221 2084 est
3242 2041 3294 2084 et
3320 2031 3443 2084 inn-

1833 2120 1943 2183 tile,
1975 2122 2180 2175 secedit
2208 2131 2262 2175 et
2292 2122 2565 2192 egeritur;
2598 2123 2680 2176 sin
2724 2137 2855 2176 vero
2892 2122 3055 2177 nimia
3092 2123 3163 2177 sit
3203 2123 3445 2178 ciborum

1832 2212 1987 2282 copia
2008 2254 2024 2279 ,
2056 2214 2218 2267 etiam
2250 2213 2300 2267 id
2320 2254 2337 2278 ,
2367 2214 2510 2283 quod
2539 2214 2719 2268 alendi
2748 2216 2857 2269 vim
2886 2214 3068 2281 habet,
3099 2216 3316 2270 noxium
3339 2226 3446 2284 est,

1836 2303 1995 2374 idque
2037 2305 2437 2373 perstticuitatis
2466 2321 2626 2361 causa
2656 2309 2908 2379 exemplo
2941 2308 3235 2379 proferam.
3259 2311 3445 2368 Infru-

1835 2403 2019 2448 mento
2046 2393 2189 2448 aliud
2221 2404 2305 2449 est
2331 2396 2505 2451 simila
2528 2438 2544 2463 ,
2574 2396 2717 2451 aliud
2749 2398 2916 2452 farina
2938 2440 2954 2465 ,
2997 2399 3139 2453 aliud
3176 2400 3364 2455 fui-fur.
3392 2401 3449 2456 Si

1837 2498 1968 2554 ergo
2005 2484 2145 2539 mola
2177 2485 2404 2556 accipiet
2433 2502 2496 2542 ea
2518 2528 2534 2554 ,
2563 2502 2684 2557 qua:
2716 2497 2894 2557 potest
2924 2489 3149 2556 moi-re,
3185 2490 3298 2544 Inec
3329 2506 3451 2545 om-

1839 2575 1925 2629 nia
1954 2575 2245 2641 discernit;
2283 2577 2365 2631 sin
2399 2578 2551 2647 plura
2582 2578 2867 2648 conjicias,
2900 2581 3078 2635 omnia
3108 2582 3453 2637 confundun-

1842 2674 1945 2719 lnr,
1981 2665 2189 2721 Rursus
2216 2666 2424 2733 vinum,
2454 2668 2498 2722 si
2530 2682 2916 2740 congruentem
2952 2673 3181 2741 accipiat
3207 2688 3451 2742 operam,

1839 2756 1885 2810 si
1924 2770 2023 2811 suo
2062 2766 2307 2827 tempore
2344 2758 2681 2823 conficiatur,
2726 2761 2901 2830 primo
2931 2761 3111 2817 omnia
3152 2762 3310 2819 simul
3348 2766 3452 2818 mi-

1842 2856 2080 2911 scentur,
2114 2858 2299 2917 postea
2345 2864 2473 2903 vero
2517 2848 2660 2904 aliud
2707 2851 2759 2905 in
2805 2851 2991 2907 fzecem
3024 2854 3170 2921 abit,
3215 2856 3358 2910 aliud
3401 2857 3453 2913 in

1842 2954 2122 3009 spumam,
2173 2940 2317 2996 aliud
2362 2951 2545 2998 manet
2572 2941 2640 2997 ad
2684 2958 2838 2997 usum
2883 2944 3171 3001 fruentimu
3209 2966 3221 3001 :
3255 2957 3307 3003 et
3341 2948 3455 3003 haze

1844 3031 1983 3086 bena
2015 3047 2137 3101 pars
2164 3041 2282 3098 est,
2318 3048 2419 3087 nec
2449 3034 2602 3089 facile
2642 3044 2898 3090 mutatur.
2942 3036 3073 3091 Nam
3116 3047 3241 3093 ante
3283 3054 3458 3108 neque

1845 3125 2027 3176 vinum
2058 3139 2235 3194 neque
2264 3126 2360 3179 faex
2389 3135 2504 3197 est,
2537 3141 2658 3180 cum
2690 3128 2897 3182 scilicet
2927 3130 3104 3183 omnia
3139 3131 3456 3186 miscentur.

1848 3211 1963 3267 lloe
1986 3212 2039 3267 in
2071 3215 2204 3268 mari
2236 3230 2449 3284 quoque
2477 3200 2661 3271 videre
2687 3226 2770 3271 est
2798 3217 2850 3271 in
2882 3234 3071 3290 magna
3119 3231 3457 3290 tempestate.

1848 3305 1918 3361 Ut
1946 3320 2078 3378 ergo
2110 3316 2234 3360 tunc
2265 3307 2438 3375 pisces
2477 3307 2721 3363 videmus
2766 3319 3010 3367 mortuos
3048 3315 3459 3383 superfluitare,

1848 3398 1937 3468 qui
1970 3414 2079 3467 pr:n
2106 3397 2304 3468 frigore
2333 3415 2437 3453 non
2468 3411 2687 3469 possunt
2724 3402 2774 3455 iu
2807 3402 3028 3459 fundum
3060 3405 3301 3478 demergi
3332 3426 3346 3462 :
3389 3410 3461 3465 ita

1849 3501 1905 3546 et
1935 3492 2088 3547 nobis
2118 3494 2329 3547 accidit.
2361 3492 2588 3562 Quando
2618 3496 2761 3550 enim
2794 3512 3027 3565 superne
3050 3500 3239 3570 ingens
3266 3504 3465 3573 ingruit

1850 3584 2159 3639 voracitatis
2207 3584 2399 3651 imber,
2453 3587 2634 3640 omnia
2689 3602 3060 3657 connnovens,
3111 3594 3466 3663 cogitationes

1850 3686 2005 3730 antea
2035 3690 2216 3743 sanas,
2246 3686 2296 3731 et
2327 3677 2557 3746 quietas,
2585 3694 2685 3732 ceu
2718 3688 2956 3735 mortuas
2982 3694 3337 3751 supernatare
3362 3700 3454 3739 co-

1851 3771 1946 3841 git.
1978 3769 2112 3825 Cnm
2146 3770 2307 3839 igitur
2328 3785 2391 3825 ex
2421 3769 2727 3840 hujusmodi
2751 3774 3012 3843 exemplis
3035 3776 3464 3833 demonstratum

1854 3862 2007 3917 nobis
2040 3860 2199 3915 fuerit
2237 3872 2498 3931 quantmn
2544 3864 2615 3917 sit
2651 3863 2931 3933 damnum,
2962 3880 3238 3921 cessemus
3279 3868 3469 3924 beatos

1853 3952 2032 4008 dicere
2058 3952 2200 4017 illos,
2220 3967 2353 4021 quos
2376 3953 2605 4007 miseros
2622 3952 2917 4022 pra-dicare
2939 3966 3234 4024 oporteret,
3262 3972 3466 4027 nosque

1855 4045 2139 4112 deplorare
2168 4058 2235 4097 ex
2266 4042 2353 4108 iis,
2386 4044 2456 4096 ob
2487 4059 2606 4114 qua:
2633 4046 2820 4099 beatos
2848 4046 3031 4101 dicere
3071 4057 3381 4117 oporteret,
3412 4059 3467 4105 ct

1855 4134 2215 4204 frugalitatem
2264 4136 2574 4204 diligamus.
2623 4140 2815 4191 Annon
2863 4140 3061 4194 auditis
3111 4142 3347 4196 medicos
3386 4142 3463 4197 di-

1856 4234 2069 4285 centes.
2102 4223 2396 4295 Iudigentia
2423 4234 2507 4280 est
2538 4236 2708 4281 mater
2738 4228 3021 4283 sanitatis?
3053 4232 3160 4302 ligo
3202 4248 3330 4290 vezo
3358 4249 3465 4289 non

1857 4317 2154 4386 corporalis
2193 4317 2353 4369 modo
2393 4318 2641 4372 sanitatis
2686 4318 3030 4389 indigentiam
3075 4332 3299 4377 matrem
3346 4341 3469 4381 esse

1857 4410 1999 4475 dico,
2035 4410 2127 4465 sed
2158 4410 2667 4480 etiantgspiritualis.
2703 4412 2815 4467 lloc
2856 4424 2911 4467 et
2940 4415 3136 4468 Paulus
3165 4432 3325 4470 verus
3356 4434 3471 4474 me-

1857 4503 2009 4558 dicus
2030 4504 2247 4568 clamat,
2273 4504 2459 4557 dicens
2490 4522 2503 4557 :
2536 4503 2792 4559 llabentcs
2814 4506 3057 4559 alimenta
3086 4520 3133 4561 et
3159 4520 3468 4580 tegumenta,

1860 4598 1937 4650 his
1965 4596 2184 4650 contenti
2213 4597 2367 4649 simus
2403 4596 2487 4664 (1.
2520 4595 2652 4649 Tim.
2676 4597 2728 4650 6.
2754 4596 2840 4667 8).
2867 4598 3314 4668 Obiempt-ri-mus
3341 4616 3473 4673 ergo

1861 4690 1969 4755 illi,
2003 4700 2059 4743 ut
2086 4690 2201 4743 sani
2230 4704 2291 4743 ea
2314 4732 2328 4755 ,
2362 4705 2483 4757 qua:
2512 4690 2717 4759 agenda
2749 4700 2893 4753 sunt,
2914 4706 3203 4760 operemur
3234 4695 3285 4749 in
3311 4694 3472 4751 Chri-

1858 4792 1943 4837 sto
1984 4782 2112 4837 Jesu
2163 4782 2387 4835 Domino
2425 4792 2649 4846 nostro,
2695 4784 2909 4851 quiCum
2963 4785 3105 4839 Patri
3152 4794 3207 4841 et
3248 4788 3471 4859 Spiritui

1860 4883 2046 4930 saneto
2075 4875 2282 4945 gloria,
2315 4877 2595 4945 imperium
2620 4919 2633 4940 ,
2666 4876 2862 4944 honor,
2896 4894 3037 4934 nunc
3062 4890 3115 4933 et
3148 4896 3385 4953 semper,
3418 4892 3475 4935 et

1863 4970 1914 5023 iu
1944 4970 2138 5024 stncula
2170 4970 2515 5024 smeulorum.
2548 4973 2743 5024 Amen.

171 5092 3453 5127 —___._—__________._________.__...______________

1484 5178 1832 5243 HOMlLlA
1876 5181 2081 5243 XVII.

168 5317 281 5375 Csr.
313 5322 364 5377 7.
407 5338 462 5376 v.
508 5323 597 5379 55.
641 5321 796 5377 Hanc
836 5322 1087 5394 Moysent,
1137 5341 1283 5391 quem
1322 5338 1643 5398 negaverunt,
1670 5329 1751 5381 di-

233 5423 389 5469 centes
417 5431 437 5468 :
466 5414 591 5479 Quis
625 5422 675 5470 te
699 5416 955 5469 constituit
980 5418 1261 5487 principem
1285 5427 1329 5472 et
1350 5420 1575 5490 judicent
1597 5437 1751 5490 super

233 5508 354 5560 nos!
379 5508 516 5560 hunc
541 5505 680 5561 Deus
702 5508 983 5578 principem
1003 5518 1050 5563 et
1068 5509 1435 5579 redemptorem
1462 5512 1597 5567 misit
1633 5529 1750 5567 cum

234 5612 380 5650 manu
403 5598 594 5669 angeli,
621 5599 709 5667 qui
732 5599 974 5668 apparuit
1002 5600 1084 5653 illi
1109 5601 1163 5655 in
1190 5603 1335 5657 rubo.

236 5685 285 5740 1.
313 5686 535 5743 Multum
554 5702 857 5760 congruens
884 5689 987 5745 hoc
1007 5700 1088 5746 est
1114 5703 1429 5763 argumento
1452 5696 1747 5766 proposito.

179 5774 317 5831 Hunc
360 5777 609 5850 legum,
661 5781 855 5851 inquit.
898 5780 1122 5850 Qualem
1169 5783 1351 5840 hunc?
1396 5786 1529 5841 Eum
1565 5790 1653 5858 qui
1695 5788 1747 5843 in

180 5868 453 5935 periculum
474 5870 623 5929 exitii
648 5876 814 5941 venit,
832 5887 955 5931 eum
978 5888 1139 5945 quem
1169 5875 1269 5949 ipsi
1285 5886 1747 5951 contempserant,

1860 5344 2018 5398 quem
2065 5337 2394 5398 negaverant
2427 5328 2687 5390 dicentes.
2723 5329 2849 5396 Quis
2893 5341 2939 5384 te
2976 5335 3241 5387 constituit
3274 5337 3467 5405 princi~

1858 5418 2188 5489 pem(E:rod.
2218 5420 2273 5473 ‘1.
2300 5421 2389 5489 H)
2415 5419 2437 5470 ?
2462 5420 2918 5489 quemadmodum
2965 5434 3021 5477 et
3063 5424 3281 5481 Christo
3312 5426 3465 5483 dice-

1858 5513 2006 5576 bant,
2041 5510 2161 5566 Non
2208 5511 2448 5565 habemus
2479 5530 2681 5584 regem,
2730 5514 2829 5568 nisi
2870 5513 3121 5568 Caesarem
3154 5517 3333 5587 (Joan.
3371 5521 3459 5575 19.

1863 5604 1973 5669 15).
2012 5603 2161 5657 Ilunc
2191 5604 2328 5658 Deus
2367 5604 2645 5675 principem
2691 5614 2736 5659 et
2775 5606 3144 5675 redemptorem
3184 5608 3319 5663 misit
3352 5628 3469 5665 cum

1859 5714 2016 5751 manu
2047 5697 2247 5767 angeli;
2276 5696 2367 5766 qui
2392 5696 2603 5751 dixerat
2632 5697 2703 5761 ei,
2746 5696 2859 5767 Ego
2890 5713 2999 5750 sum
3046 5697 3183 5754 Deus
3210 5700 3468 5756 Abraham

1861 5789 2056 5862 (Exod.
2088 5790 2139 5845 5.
2168 5789 2247 5859 6).
2278 5788 2375 5843 Hic
2409 5798 2463 5843 et
2504 5790 2783 5852 miracula,
2828 5805 2948 5860 qua:
2996 5789 3134 5845 facta
3178 5803 3324 5858 sunt,
3368 5811 3467 5865 per

1858 5882 2134 5940 Christum
2161 5880 2299 5937 facta
2328 5894 2448 5937 esse
2476 5879 2735 5947 ostendit,
2763 5881 2852 5938 '56.
2888 5880 3011 5951 llic,
3042 5880 3092 5937 id
3121 5893 3223 5954 est,
3257 5883 3464 5952 Moyses
