4094 6482
667 403 766 459 135

664 524 744 587 (ct
772 514 909 577 vide,
943 508 1211 581 quomodo
1242 508 1387 562 illutn
1415 504 1749 574 splendidum
1789 498 2057 568 exhibeat)
2112 500 2238 551 edu-

662 614 734 665 xit
762 610 894 667 illos.
934 606 1122 675 faciens
1148 601 1377 673 prodigia
1412 611 1457 652 et
1484 598 1628 666 signa
1666 594 1717 647 in
1756 603 1887 646 terra
1924 589 2165 660 ﬁgypti,
2197 597 2241 641 et

662 704 711 755 in
741 700 868 752 muri
888 697 1074 755 Rubro,
1101 702 1149 748 et
1172 691 1222 745 in
1248 693 1440 743 deserto
1462 687 1607 740 annis
1633 685 1992 755 quadraginta.
2020 682 2107 735 57.
2142 679 2241 732 Hic

661 804 733 849 est
766 792 985 861 Moyses,
1011 788 1096 855 qui
1121 787 1246 839 dixit
1274 784 1394 850 [iliis
1424 779 1587 833 Israel
1610 794 1628 830 :
1652 776 1964 845 Prophetam
1984 771 2119 825 vobis
2152 787 2240 823 xu-

662 885 856 939 scitabit
887 882 1127 935 Dominus
1155 876 1286 928 Deus
1312 874 1381 926 e:c'
1401 870 1638 942 fratribus
1675 867 1847 920 vestris
1881 876 2131 931 tamquam
2161 878 2243 913 me

661 977 837 1049 (Deut.
870 974 955 1027 18.
998 971 1124 1041 l8):
1160 967 1209 1019 id
1252 974 1353 1027 est,
1379 969 1763 1027 contemptum,
1800 955 2004 1009 insidiis
2034 951 2239 1021 appeti-

664 1043 792 1123 ium.
828 1066 1031 1120 Etenim
1063 1061 1301 1113 voluerat
1334 1057 1504 1125 ipsum
1544 1050 1789 1107 occidere
1815 1045 2075 1109 Herodes,
2104 1053 2154 1096 ct
2187 1043 2237 1095 in

666 1161 891 1229 (Egypto
919 1165 1160 1210 servatus
1181 1159 1282 1206 est.
1307 1149 1442 1201 sicut
1468 1155 1521 1198 et
1548 1145 1633 1199 ille
1665 1155 1793 1211 puer
1817 1154 1936 1193 cum
1964 1144 2127 1200 esset,
2154 1135 2205 1187 in
2224 1160 2239 1171 -

657 1226 815 1308 sidiis
834 1261 913 1302 est
937 1246 1222 1315 appetitus.
1253 1241 1343 1296 58.
1382 1238 1478 1292 Hic
1508 1244 1598 1298 est,
1629 1235 1714 1304 qui
1734 1232 1829 1301 fuit
1869 1231 1921 1283 in
1954 1228 2161 1281 ecclesia
2186 1226 2238 1278 in

661 1341 948 1403 solitudine,
972 1354 1083 1391 cum
1109 1334 1307 1403 angelo.
1337 1329 1420 1400 (lui
1440 1328 1735 1398 loquebatur
1756 1324 1800 1375 ei
1822 1323 1873 1375 in
1896 1330 2062 1373 monte
2082 1317 2233 1382 Sina,

657 1448 702 1489 et
733 1451 842 1487 cum
876 1431 1101 1499 patribus
1132 1424 1311 1479 nostris
1326 1438 1344 1485 ;
1372 1421 1457 1490 qui
1484 1417 1673 1487 accepit
1694 1414 1838 1468 verba
1859 1413 1969 1465 vita:
1992 1410 2115 1461 dare
2140 1423 2236 1459 no-

658 1529 751 1580 bis.
780 1526 982 1577 Rursus
1009 1533 1265 1587 nusquam
1298 1512 1571 1581 templum,
1606 1519 1866 1573 nusquam
1896 1499 2231 1556 sacriﬁcium.

656 1617 782 1671 Cum
827 1614 1023 1681 angelo,
1080 1608 1267 1676 inquit,
1324 1613 1380 1680 ut.
1420 1603 1560 1653 duret
1606 1596 1748 1650 nobis
1791 1593 1938 1646 verba
1964 1592 2094 1644 viae.
2142 1588 2237 1641 Hic

656 1680 907 1763 ostendit,
945 1702 1112 1770 ipsum
1146 1712 1250 1751 non
1286 1701 1488 1747 tantum
1533 1690 1681 1758 signa
1714 1685 1922 1746 iecisse,
1955 1681 2045 1735 sed
2076 1680 2236 1734 etiam

655 1800 827 1868 legem
854 1794 1083 1853 dedisse,
1114 1796 1171 1843 ut
1198 1787 1439 1841 Christus
1462 1782 1600 1836 fecit.
1627 1772 2084 1844 Quemadmodum
2110 1784 2237 1838 ergo

660 1860 744 1942 hic
774 1886 943 1957 primo
971 1883 1115 1950 signa
1144 1878 1287 1942 facit,
1316 1886 1369 1930 et
1396 1886 1518 1927 tunc
1544 1871 1713 1939 legem
1742 1868 1833 1921 dat
1863 1883 1875 1917 :
1902 1866 1978 1919 sic
2004 1872 2058 1916 et
2084 1860 2237 1915 Chri-

657 1992 792 2035 stus.
837 1976 939 2031 Sed
987 1988 1091 2027 non
1142 1970 1425 2023 audit-runt
1465 1963 1646 2025 illum,
1687 1973 1897 2026 semper
1940 1965 2234 2023 repugnare

652 2071 818 2134 docti,
850 2076 970 2137 post
1013 2066 1161 2133 signa
1210 2060 1316 2123 illa,
1352 2066 1470 2127 post
1499 2053 1732 2124 prodigia
1769 2065 1861 2118 per
1886 2044 2234 2137 quadraginta

653 2177 820 2219 annm
850 2135 1011 2212 edita.
1052 2153 1232 2220 Neque
1273 2150 1372 2202 hoc
1416 2155 1653 2204 tantum,
1694 2140 1785 2195 sed
1826 2150 1878 2192 et
1906 2135 2233 2191 contrarium

654 2251 1015 2307 exhibuerunt
1038 2260 1052 2306 ;
1079 2242 1217 2311 quod
1242 2238 1541 2297 declarans,
1566 2231 1759 2298 adjecit
1782 2247 1793 2281 :
1817 2228 1909 2281 30.
1940 2225 2031 2278 Cui
2060 2224 2237 2276 nolue-

653 2354 770 2398 runt
792 2339 991 2393 obedire
1012 2343 1177 2400 patres
1199 2327 1389 2387 nostri;
1415 2325 1503 2379 sed
1526 2322 1837 2390 repulerunt,
1862 2326 1907 2369 et
1928 2314 2090 2367 aversi
2121 2320 2237 2365 sunt

652 2434 885 2489 cordibus
912 2428 1017 2481 suis
1044 2426 1095 2477 in
1121 2421 1428 2491 Egyptum,
1457 2416 1545 2470 40.
1565 2414 1783 2465 dicentes
1801 2410 1868 2460 ad
1891 2407 2061 2459 Aaron
2086 2417 2105 2456 :
2127 2401 2236 2455 Fac

653 2525 792 2579 nobis
832 2522 970 2579 deos,
1006 2515 1090 2585 qui
1134 2513 1415 2581 praecedant
1444 2522 1534 2559 nos
1568 2519 1586 2556 :
1620 2501 1819 2571 Moyses
1845 2501 1976 2551 enim
2006 2495 2107 2556 Itic,
2136 2492 2226 2561 qui

655 2616 823 2672 eduxit
861 2628 950 2664 nos
974 2583 1035 2661 de
1068 2619 1199 2659 terra
1234 2599 1473 2671 Egypti,
1507 2595 1753 2648 nescimus
1789 2589 1910 2657 quid
1949 2591 2137 2657 factum
2171 2583 2234 2636 sit

654 2712 699 2762 ei
717 2704 906 2776 (Exod.
935 2702 1023 2756 52.
1056 2698 1131 2765 1).
1158 2696 1246 2749 bl.
1272 2692 1334 2745 Et
1364 2688 1571 2743 vitulum
1594 2687 1813 2754 fecerunt
1841 2680 1891 2732 in
1916 2676 2087 2730 diebus
2111 2673 2231 2738 illis,

654 2812 700 2853 et
723 2766 1008 2851 obtulerunt
1034 2789 1248 2842 hostiam
1271 2782 1563 2842 simulacro,
1595 2786 1639 2828 et
1660 2773 1963 2829 (tutabantur
1988 2770 2041 2821 in
2063 2766 2233 2835 operi-

652 2891 745 2943 bus
776 2900 1016 2938 manuum
1035 2893 1261 2932 suarum.
1288 2872 1375 2926 42.
1407 2868 1659 2923 Convertit
1684 2874 1853 2917 autem
1875 2861 2031 2923 Deus,
2058 2868 2102 2911 et
2125 2868 2235 2909 tra-

654 2980 779 3033 didit
810 2978 923 3029 illos
952 2971 1134 3026 servire
1163 2966 1356 3019 militia:
1385 2960 1516 3022 caeli,
1552 2958 1678 3010 sicut
1704 2954 1946 3023 scriptum
1986 2959 2059 3003 est
2089 2951 2139 2999 in
2173 2946 2235 2999 li-

655 3074 743 3125 bro
771 3069 1124 3139 prophetarum
1147 3078 1164 3113 :
1198 3053 1460 3122 Numquid
1486 3050 1709 3103 victimas
1735 3056 1781 3099 ct
1808 3042 2059 3110 sacri/icio
2085 3039 2233 3093 obtu-

656 3126 781 3215 listis'
810 3126 928 3209 milii
954 3154 1099 3205 annis
1137 3146 1473 3217 quadraginta
1510 3140 1560 3191 in
1596 3139 1814 3197 deserto,
1861 3132 2037 3184 domus
2072 3126 2237 3181 Israel

664 3256 837 3320 (Amos
884 3248 936 3302 5.
971 3242 1105 3310 ‘25)?
1280 3236 1342 3289 Et
1381 3233 1666 3296 suscepistis
1708 3224 2080 3277 tabernaculum
2124 3216 2238 3271 Mo-

657 3311 789 3404 loclt,
821 3353 865 3395 et
887 3338 1025 3392 sidus
1046 3334 1124 3386 dei
1146 3330 1291 3384 vestri
1318 3324 1604 3393 Rempltan,
1639 3320 1849 3388 figuras,
1873 3330 1997 3383 quas
2024 3311 2233 3379 fecistis,

654 3448 711 3491 ut
736 3429 1011 3488 adoraretis
1040 3441 1143 3479 eas.
1182 3420 1244 3473 Et
1275 3416 1577 3483 transferam
1619 3427 1704 3463 vos
1732 3418 1870 3460 trans
1903 3404 2231 3473 Babylonem.

660 3523 916 3584 Tradidit;
940 3519 1039 3568 hoc
1066 3514 1200 3567 idem
1224 3519 1305 3564 est
1333 3521 1415 3571 ac,
1434 3500 1691 3572 permisit.
1722 3498 1809 3551 M.
1832 3492 2236 3549 Tabernaculunt

658 3610 924 3669 testimonii
950 3616 1055 3661 erat
1083 3600 1308 3673 patribus
1337 3595 1519 3649 nostris
1560 3593 1613 3644 in
1651 3591 1864 3649 deserto,
1897 3586 2023 3639 sicut
2049 3592 2239 3637 statuo-

656 3719 733 3762 rat
763 3706 863 3759 illis
896 3703 1099 3770 loquens
1126 3696 1191 3747 ad
1229 3692 1477 3761 Moysem,
1513 3695 1566 3740 ut
1594 3688 1777 3757 faceret
1804 3681 1935 3734 illud
1963 3677 2238 3733 secundum

654 3805 891 3871 formam,
920 3808 1069 3863 quam
1099 3788 1287 3841 viderat
1320 3780 1513 3853 (Exod.
1542 3777 1633 3832 25.
1666 3775 1778 3845 40).
1810 3774 1955 3828 Licet
1982 3771 2233 3825 taberna-

656 3866 833 3946 culum
865 3894 1028 3947 esset,
1058 3878 1315 3933 sacriﬁcia
1348 3889 1451 3927 non
1484 3878 1655 3925 erant.
1687 3866 1839 3934 Quod
1869 3878 1996 3917 vero
2022 3878 2127 3915 non
2153 3874 2237 3914 es-

658 3992 799 4046 sent,
834 3978 1089 4048 propheta
1119 3972 1355 4025 declarat
1384 3966 1465 4018 his
1486 3963 1664 4017 verbis
1690 3979 1702 4013 :
1730 3956 1991 4026 Numquid
2015 3956 2237 4008 victimas

659 4086 704 4128 et
732 4044 979 4139 sacriﬁcia
1002 4062 1251 4119 obtulistis
1285 4058 1409 4109 mihi
1428 4056 1452 4107 ?
1490 4051 1914 4107 Tabernaculum
1949 4044 2235 4101 testimonii

656 4175 789 4228 erat,
814 4136 873 4216 et
900 4158 1027 4213 nihil
1060 4156 1185 4225 ipsis
1214 4151 1483 4222 proderat,
1518 4144 1611 4199 sed
1633 4142 2103 4198 consumebantur.
2132 4136 2237 4190 Ne-

656 4271 761 4325 que
791 4251 1013 4305 antehac
1037 4249 1137 4301 illis
1164 4258 1333 4313 sngna,
1366 4253 1536 4307 neque
1566 4245 1743 4304 postea
1772 4231 2085 4302 profuerunt
2108 4228 2232 4281 illis.

658 4319 745 4401 b5.
780 4343 925 4409 Quod
950 4352 995 4394 et
1027 4339 1352 4395 induxerunt,
1384 4330 1712 4398 suscipientes
1740 4334 1906 4395 patres
1937 4322 2114 4375 nostri.
2150 4319 2237 4373 Vi-

659 4439 776 4493 den‘
807 4436 874 4488 ibi
904 4434 1074 4485 locum
1104 4438 1343 4482 sanctum
1382 4438 1522 4484 esse,
1551 4420 1639 4473 ubi
1667 4428 1748 4471 cst
1780 4414 1959 4470 Deus?
1991 4414 2136 4475 Iden,
2172 4410 2237 4464 In

656 4534 873 4588 deserto,
904 4525 1054 4585 dixit,
1078 4529 1134 4573 ut
1161 4518 1330 4570 locum
1364 4514 1479 4567 loco
1510 4509 1771 4565 coid’erat.
1804 4506 2003 4560 Deinde
2032 4502 2236 4558 beneﬁ-

657 4620 796 4672 cium
827 4614 1082 4683 sequitur.
1120 4608 1182 4662 Et
1208 4606 1533 4665 induxerunt,
1577 4600 1764 4670 inquit,
1800 4598 2126 4666 suscipientes
2146 4610 2237 4664 ραι

658 4724 757 4765 tres
783 4710 937 4762 nostri
969 4720 1082 4758 cum
1110 4702 1234 4755 Jesu
1259 4701 1311 4752 in
1339 4697 1700 4766 possessionem
1724 4693 1965 4762 gentium,
1994 4706 2117 4758 quas
2144 4704 2235 4741 ea:-

659 4805 785 4875 pnlit
832 4802 962 4853 Deus
1003 4815 1034 4849 a
1074 4796 1203 4864 facie
1249 4802 1453 4862 patrum
1498 4798 1783 4841 nostrorum
1829 4800 1986 4853 usque
2023 4782 2091 4834 ad
2132 4783 2237 4834 dies

663 4895 843 4954 David,
878 4893 962 4945 ιϐ.
996 4889 1078 4958 qui
1108 4886 1291 4940 invenit
1318 4883 1535 4955 gratiam
1575 4891 1692 4933 ante
1720 4876 1905 4942 Deum,
1944 4886 1992 4930 et
2020 4877 2157 4945 petiit
2182 4884 2236 4927 ut

659 4988 897 5042 inveniret
920 4980 1295 5035 tabernaculum
1323 4976 1414 5029 Dei
1442 4974 1602 5028 Jacob
1632 4971 1803 5041 (Psal.
1838 4971 1959 5025 131.
1980 4969 2059 5036 5).
2082 4968 2238 5022 Petiit

660 5077 924 5135 aediﬁcare
950 5072 1134 5137 David,
1161 5080 1214 5125 et
1245 5085 1349 5122 non
1380 5079 1692 5120 concessum
1725 5071 1807 5116 cst
1837 5077 1909 5126 et,
1949 5074 2140 5127 magno
2170 5058 2236 5111 li-

659 5181 743 5228 cet
766 5178 820 5224 et
848 5165 1111 5229 mirabili;
1152 5162 1246 5219 sed
1293 5159 1517 5215 :ediiicat
1558 5154 1800 5222 abjectus
1834 5153 1921 5205 ille
1958 5150 2234 5205 Salomon.

662 5265 785 5319 Ideo
810 5259 1034 5315 ait:47.
1085 5256 1330 5310 Salomon
1369 5262 1535 5305 autem
1581 5246 1850 5314 aediﬁcavit
1887 5244 1964 5298 illi
2007 5244 2233 5296 domum.

660 5358 747 5413 L8.
778 5354 883 5411 Sed
910 5368 1011 5405 non
1038 5350 1321 5403 Altissimus
1363 5347 1416 5399 in
1453 5341 1757 5409 manu/actis
1784 5338 1983 5407 templis
2022 5337 2235 5389 habitat.

660 5448 773 5503 Jam
804 5447 904 5499 hoc
934 5460 1027 5513 per
1046 5457 1128 5505 ea,
1153 5456 1269 5509 qua:
1296 5453 1452 5506 supra
1477 5437 1617 5491 dicta
1645 5443 1789 5497 sunt,
1821 5441 2095 5485 ostensum
2120 5436 2235 5493 est;

659 5537 955 5591 declaratur
976 5534 1131 5588 ctiam
1149 5548 1213 5585 ex
1233 5529 1538 5600 prophetica
1555 5542 1685 5579 voce
1706 5543 1718 5575 :
1743 5521 2009 5594 quomodo
2033 5531 2232 5581 :tttli'nl,

658 5629 777 5682 audi
809 5626 1103 5694 sequentia.
1143 5624 1287 5677 Sicut
1309 5620 1554 5691 praplteta
1582 5618 1743 5671 dicit:
1771 5618 1856 5671 49.
1892 5613 2080 5670 Carlum
2111 5612 2234 5665 milii

655 5721 793 5775 sedes
822 5728 913 5782 est,
961 5727 1093 5769 terra
1140 5724 1303 5767 autem
1344 5710 1612 5765 scabellunt
1657 5709 1839 5780 pedum
1881 5724 2126 5761 meorum.
2167 5703 2236 5757 Et

656 5827 803 5881 quam
828 5810 1033 5864 domum
1058 5805 1371 5876 wdiﬁcabitis
1398 5802 1540 5870 mihi,
1564 5801 1683 5855 dicit
1705 5798 1954 5854 Dominus
1972 5798 1995 5853 .’
2014 5794 2236 5866 autquis

1408 393 1468 450 S.
1505 390 1780 449 JOANNIS
1814 386 2286 445 CIIRYSOSTOMI
2324 385 2644 441 ARClllEP.
2684 381 3217 440 CONSTANTINOP.

3825 385 3935 443 136

2349 496 2488 551 locus
2510 496 2829 565 requietionis
2861 512 2984 549 mea:
3008 506 3077 549 est
3097 495 3122 546 .’
3152 493 3239 548 50.
3269 506 3438 545 nonne
3463 506 3643 544 manus
3680 505 3793 546 mea
3812 493 3947 560 fecit

2345 588 2452 642 [nec
2473 588 2643 641 omnia
2659 585 2810 657 (lsai.
2836 586 2922 641 66.
2950 586 3044 653 l)?
3072 584 3150 639 Ne
3178 583 3464 645 miremini,
3496 582 3686 651 inquit,
3715 582 3759 635 si
3780 580 3951 635 Chri-

2343 690 2458 733 stus
2488 680 2571 741 iis,
2601 678 2689 747 qui
2716 694 2934 747 regnum
2961 678 3125 747 ipsius
3143 676 3406 745 rejiciunt,
3434 675 3570 730 bene
3597 673 3741 733 facit,
3763 688 3949 743 quan-

2344 767 2629 837 doquidem
2656 778 2708 822 et
2737 768 2788 821 in
2828 767 3009 838 Moyse
3046 766 3149 821 hoc
3190 768 3386 819 factum
3416 776 3516 819 est.
3558 764 3625 818 Et
3663 780 3771 818 non
3802 764 3945 818 sim-

2345 858 2553 927 pliciter
2583 857 2703 911 illos
2749 858 2908 923 eruit,
2956 857 3047 910 sed
3095 857 3145 909 in
3190 856 3404 909 deserto
3450 864 3690 924 agentes.
3725 852 3945 917 Vidcn‘,

2343 947 2481 1017 quod
2515 956 2731 1015 propter
2774 947 2894 1000 illos
2936 947 3083 1014 signa
3136 945 3222 998 illa
3262 945 3403 998 edita
3446 942 3587 998 sint?
3628 941 3815 1011 Itaque
3852 943 3945 1011 qui

2343 1053 2462 1093 cmn
2494 1038 2605 1093 Deo
2642 1038 2893 1107 loquutus
2919 1049 3022 1100 est,
3056 1038 3145 1105 qui
3178 1036 3312 1089 mire
3343 1044 3622 1098 servatus,
3665 1034 3756 1103 qui
3793 1042 3946 1086 tanta

2344 1129 2468 1185 fecit
2496 1130 2767 1201 etpotuit;
2802 1130 3033 1184 ostendit
3060 1129 3278 1183 omnino
3298 1134 3550 1196 Oportcre
3577 1125 3785 1193 impleri
3813 1141 3947 1192 pro-

2345 1223 2601 1291 phetiam,
2634 1237 2734 1277 nec
2763 1232 3041 1277 aversatur
3066 1220 3166 1275 sibi
3212 1220 3333 1289 ipsi.
3374 1218 3478 1273 Sed
3515 1216 3763 1285 superius
3795 1215 3946 1269 dicta

2343 1324 2666 1383 repetamus.
2702 1312 2800 1366 Hic
2820 1323 2909 1376 est,
2944 1313 3130 1382 inquit,
3168 1311 3368 1380 Moyses
3391 1311 3475 1378 qui
3504 1309 3631 1361 dixit
3663 1324 3682 1361 :
3711 1306 3946 1373 Pronac-

2340 1415 2444 1457 tam
2484 1406 2618 1459 vobis
2655 1406 2915 1459 suscitabit
2959 1403 3207 1457 Dominus
3238 1414 3493 1471 tamquam
3524 1416 3623 1453 nte.
3665 1398 3777 1451 lloc
3809 1411 3945 1467 puzo

2340 1497 2609 1552 Christum
2642 1498 2941 1565 reSpexissc
2970 1512 3090 1550 cum
3116 1495 3252 1548 dixit
3289 1512 3301 1546 :
3332 1492 3417 1546 Ea:
3438 1491 3637 1545 Judteis
3680 1491 3826 1543 salus
3871 1499 3944 1542 est

2343 1588 2518 1656 (Joan.
2546 1588 2598 1641 4.
2629 1586 2745 1657 2‘2),
2771 1587 3006 1655 seipsum
3029 1583 3393 1639 subindicans.
3422 1580 3521 1633 Hic
3542 1592 3633 1645 est,
3656 1580 3739 1648 qui
3766 1580 3868 1649 fuit
3892 1580 3941 1630 in

2342 1678 2536 1731 deserto
2565 1693 2680 1729 cum
2712 1677 2914 1745 angelo,
2954 1676 3039 1744 qui
3069 1674 3366 1745 loquebatur
3403 1671 3519 1741 ipsi.
3562 1671 3701 1725 Ecce
3744 1671 3942 1722 iterum

2341 1768 2576 1823 ostendit
2605 1768 2775 1838 ipsum
2798 1767 3011 1821 dedisse
3033 1760 3224 1835 legem,
3252 1762 3515 1833 siquidem
3539 1776 3658 1816 cum
3680 1760 3799 1829 ipso
3822 1770 3941 1812 erat

2343 1862 2393 1916 in
2424 1872 2565 1917 cmtu
2604 1861 2654 1915 in
2698 1862 2932 1915 deserto.
2987 1859 3084 1913 llic
3129 1873 3259 1912 vero
3308 1855 3625 1909 miraculum
3681 1867 3939 1923 maguum

2340 1956 2499 2008 etiam
2526 1961 2911 2007 commemorat
2942 1953 2991 2005 in
3021 1959 3201 2004 monte
3230 1949 3445 2002 factum.
3474 1947 3573 2014 Qui
3607 1947 3800 2013 accepit
3827 1962 3941 1999 rer-

2339 2050 2403 2099 ba
2430 2047 2562 2109 viae,
2592 2054 2648 2098 ut
2681 2045 2825 2098 daret
2862 2042 3023 2097 nobis.
3052 2042 3260 2110 Ubique
3302 2039 3561 2095 mirabilis
3586 2051 3669 2094 est
3697 2037 3935 2113 Moyses,

2340 2139 2571 2193 maxime
2599 2152 2727 2192 vero
2755 2136 2967 2206 quando
3007 2136 3091 2190 lex
3120 2134 3291 2188 danda
3321 2141 3456 2188 erat.
3503 2132 3640 2200 Quid
3680 2130 3783 2185 sibi
3825 2132 3939 2182 vult

2343 2230 2494 2294 illud,
2536 2228 2697 2282 Verba
2726 2228 2878 2282 vita?
2908 2226 2998 2281 Vel
3026 2242 3110 2293 ea,
3140 2239 3365 2295 quorum
3394 2223 3515 2277 linis
3540 2238 3634 2293 per
3652 2235 3938 2276 sermones

2342 2320 2761 2385 monstrabatur,
2792 2319 2871 2373 vel
2900 2318 3206 2387 prophetiae
3232 2316 3380 2371 dicit.
3410 2315 3543 2369 llinc
3568 2315 3816 2385 sequitur
3837 2315 3933 2368 cri-

2342 2412 2563 2465 minatio
2590 2413 2639 2465 in
2691 2410 3043 2479 patriarchas.
3074 2410 3161 2479 qui
3205 2417 3322 2478 post
3362 2408 3512 2478 signa
3555 2416 3610 2463 et
3648 2406 3931 2469 miracula,

2341 2513 2619 2571 postquam
2650 2508 2968 2568 acceperant
2989 2500 3147 2554 verba
3168 2502 3309 2565 vitze,
3332 2498 3395 2551 Ei
3421 2499 3712 2561 noluerunt,
3736 2497 3931 2567 inquit,

2340 2593 2621 2647 obedientes
2644 2608 2770 2647 esse.
2789 2591 2952 2646 Recte
2974 2601 3149 2646 autem
3169 2591 3319 2655 dixit,
3337 2589 3497 2643 Verba
3517 2591 3651 2655 vitta,
3669 2598 3725 2643 ut
3744 2598 3903 2644 osteu
3918 2619 3934 2631 -

2340 2687 2491 2741 deret
2515 2699 2635 2739 esse
2660 2699 2871 2753 quoque
2899 2681 3061 2737 verba
3086 2697 3189 2736 non
3217 2681 3469 2745 viventia,
3492 2679 3560 2734 de
3582 2680 3780 2750 quibus
3804 2679 3935 2734 Eze-

2341 2778 2481 2833 chiel
2512 2778 2619 2831 ait:
2650 2775 2714 2829 Et
2738 2776 2853 2828 dedi
2881 2774 3018 2827 vobis
3047 2781 3300 2844 pra'cepta
3321 2789 3419 2825 non
3441 2770 3572 2825 bona
3592 2770 3813 2841 (Eucti.
3841 2769 3935 2823 20.

2340 2871 2453 2941 25).
2483 2869 2628 2924 Talia
2651 2883 2778 2938 ergo
2810 2867 3101 2936 respiciens
3129 2865 3282 2929 dixit,
3315 2861 3478 2917 Verba
3498 2862 3631 2916 vitta.
3655 2862 3764 2917 Sed
3782 2878 3934 2931 repit.

2339 2964 2528 3025 lerunt,
2548 2971 2594 3014 et
2615 2961 2775 3013 aversi
2796 2968 2910 3013 sunt
2926 2958 3161 3011 cordibus
3181 2960 3286 3010 suis
3304 2956 3355 3009 in
3370 2954 3660 3027 Egyptum
3679 2970 3701 3019 ;
3735 2955 3824 3009 ubi
3857 2956 3933 3008 in-

2340 3052 2705 3124 gemisccbant
2723 3053 2759 3118 ',
2784 3052 2869 3106 ubi
2887 3050 3206 3115 clamabant,
3239 3048 3378 3104 unde
3398 3048 3563 3103 Deum
3584 3048 3927 3102 invocabant.

2343 3144 2411 3199 Et
2434 3145 2663 3199 dicebant
2699 3143 2885 3196 Aaroni
2906 3158 2925 3195 :
2956 3141 3063 3195 Fac
3080 3140 3221 3195 nobis
3242 3142 3380 3205 deos,
3398 3141 3484 3211 qui
3506 3140 3798 3210 praecedant
3820 3154 3928 3191 nos.

2412 3238 2467 3290 2.
2509 3236 2812 3290 Judteorum
2851 3232 3304 3303 insipientia.-—O
3349 3231 3747 3302 insipientiam!
3801 3227 3931 3289 Fac.

2343 3330 2606 3399 inquiunt,
2655 3336 2709 3380 ut
2749 3328 3034 3395 pracedant
3069 3340 3180 3377 nos.
3219 3324 3372 3390 Quo?
3399 3322 3453 3376 In
3486 3321 3801 3390 Egyptum.
3847 3319 3933 3372 Vi-

2342 3422 2485 3485 den‘,
2514 3436 2672 3491 qttam
2698 3433 2839 3489 aegre
2864 3416 3221 3472 avellerentur
3247 3430 3275 3468 a
3307 3414 3545 3469 moribus
3566 3410 3934 3483 Egyptiacis?

2341 3512 2478 3580 Quid
2510 3510 2688 3567 dicis?
2724 3525 2829 3564 non
2874 3516 3153 3577 eXSpectas
3192 3522 3313 3561 cum
3352 3505 3441 3576 qui
3482 3513 3534 3559 te
3572 3504 3797 3570 eduxit;
3841 3501 3931 3557 scd

2345 3618 2506 3672 negas
2546 3602 2885 3663 beneﬁcium,
2918 3609 2970 3654 et
3013 3612 3043 3652 a
3093 3595 3433 3651 benefactore
3472 3594 3647 3664 fugis?
3685 3595 3749 3647 Et
3791 3594 3931 3657 vide,

2342 3695 2613 3767 quomodo
2654 3693 2975 3749 contumelia
3007 3689 3264 3745 afﬁciunt.
3312 3686 3514 3758 Moyses
3541 3687 3674 3740 enim
3710 3686 3815 3753 hic,
3850 3685 3931 3737 in-

2342 3786 2549 3857 quiunt,
2581 3786 2668 3857 qui
2696 3786 2870 3839 eduxit
2898 3800 2987 3836 nos
3015 3782 3078 3835 de
3102 3792 3235 3835 terra
3264 3778 3501 3849 nggpti.
3530 3776 3805 3845 Nusquam
3842 3774 3930 3829 Dei

2344 3894 2559 3943 nomen,
2592 3878 2685 3931 sed
2714 3875 2891 3930 omnia
2932 3875 3097 3945 Moysi
3129 3872 3456 3925 adscribunt.
3491 3870 3554 3923 Et
3583 3884 3704 3923 cum
3735 3869 3933 3939 gratias

2344 3987 2500 4040 agerc
2526 3978 2818 4038 Oporteret,
2851 3967 3087 4037 Moysem
3115 3964 3167 4019 in
3201 3962 3434 4017 medium
3466 3960 3738 4015 adducunt
3766 3977 3781 4015 :
3814 3974 3931 4014 cum

2343 4071 2520 4115 autem
2551 4060 2651 4127 legi
2671 4056 3027 4111 obediendum
3054 4063 3186 4113 erat.
3213 4068 3316 4107 non
3335 4054 3444 4121 jam
3472 4052 3704 4122 Moysen:
3730 4066 3932 4105 memo-

2344 4162 2483 4208 rant.
2518 4150 2675 4218 Atqui
2711 4149 2939 4211 dixerat,
2986 4161 3045 4201 se
3081 4144 3392 4210 ascendere,
3425 4152 3483 4197 ut
3511 4141 3681 4213 legem
3719 4142 3931 4211 accipe-

2344 4254 2424 4299 rct
2449 4260 2463 4309 ;
2496 4243 2570 4297 illi
2604 4256 2731 4296 vero
2754 4257 2820 4295 ne
2849 4256 2945 4310 per
2974 4237 3321 4308 quadraginta
3352 4235 3565 4306 quidem
3594 4234 3710 4289 dies
3738 4247 3931 4302 exspe-

2342 4343 2575 4388 ctarunt.
2626 4331 2732 4383 Fac
2768 4331 2909 4383 nobis
2940 4330 3078 4381 deos.
3116 4326 3231 4381 Non
3274 4327 3542 4393 dixerunt,
3584 4325 3774 4389 Deum,
3817 4323 3928 4386 sed,

2346 4423 2478 4477 Deos
2506 4440 2523 4477 :
2547 4423 2624 4475 sic
2648 4419 3133 4483 debaccbabantur,
3158 4426 3214 4471 ιιι
3235 4417 3501 4471 nescirent
3520 4415 3643 4486 quid
3666 4416 3926 4470 dicen-nt.

2345 4516 2412 4570 Et
2435 4522 2657 4588 fecerunt
2678 4514 2891 4567 vitulum
2912 4512 2962 4565 in
2978 4512 3151 4564 diebus
3173 4510 3294 4575 illis,
3318 4518 3364 4563 et
3380 4509 3661 4562 obtulerunt
3680 4506 3931 4575 sacriﬁcia

2344 4610 2502 4663 idolo.
2537 4607 2778 4661 Vidistin'
2806 4604 3163 4674 insipientiam
3210 4600 3521 4672 ingentem?
3552 4595 3647 4655 Ubi
3688 4600 3930 4670 apparuit

2349 4702 2489 4756 Deus
2512 4700 2695 4771 Moysi,
2730 4701 2781 4752 bi
2810 4699 3033 4751 vitulum
3064 4696 3338 4753 faciunt.et
3368 4693 3667 4747 immolant.
3697 4691 3762 4745 Et
3785 4691 3929 4745 (teta-

2346 4795 2547 4859 bantur,
2573 4792 2762 4861 inquit,
2787 4791 2839 4843 in
2864 4789 3097 4859 operibus
3119 4802 3359 4839 manuum
3386 4800 3614 4837 suarum.
3646 4783 3720 4837 De
3740 4782 3929 4853 quibus

2344 4886 2663 4941 erubescere
2689 4880 2990 4951 oportebat,
3019 4878 3355 4933 laetabantur.
3390 4875 3456 4929 Et
3481 4874 3606 4945 quid
3639 4874 3855 4937 mirum,
3886 4872 3927 4926 si

2346 4977 2603 5047 ignoratis
2640 4975 2933 5037 Christum,
2976 4971 3190 5041 quando
3225 4979 3277 5024 et
3316 4968 3552 5038 Moysem
3598 4968 3855 5036 ignoratis
3880 4979 3929 5019 et

2348 5070 2534 5134 Deum,
2553 5076 2645 5123 tot
2669 5066 2835 5134 signis
2859 5063 3194 5118 exhibitum?
3222 5061 3297 5115 llli
3329 5075 3456 5117 vero
3487 5076 3590 5113 non
3621 5062 3928 5126 ignorarunt

2346 5161 2525 5224 modo,
2557 5159 2650 5215 sed
2676 5158 2860 5213 etalio
2887 5155 3047 5210 modo
3084 5156 3405 5208 contumelia
3447 5153 3761 5210 aﬁeccrunt,
3805 5150 3925 5203 dum

2346 5256 2482 5309 idola
2514 5254 2770 5308 facerent.
2802 5248 3055 5304 Convertit
3082 5258 3247 5300 autem
3287 5246 3448 5310 Deus,
3493 5255 3538 5298 et
3566 5246 3778 5299 tradidit
3816 5245 3924 5296 illos

2344 5348 2527 5401 servire
2555 5343 2747 5397 militia:
2776 5342 2904 5394 cwli.
2948 5340 3081 5394 llinc
3115 5354 3293 5393 mores
3324 5337 3417 5401 illi,
3461 5335 3585 5390 hinc
3622 5334 3878 5389 sacriﬁcia
3902 5366 3915 5385 .

2344 5442 2438 5510 ipsi
2471 5439 2697 5509 primum
2728 5436 2881 5489 idolis
2898 5433 3285 5487 sacriﬁcarunt.
3310 5429 3421 5482 lloc
3437 5426 3741 5498 signiﬁcans
3764 5422 3920 5480 David

2342 5533 2466 5584 dicit
2501 5550 2514 5583 :
2551 5529 2615 5581 Et
2659 5533 2881 5597 fecerunt
2924 5526 3133 5578 vitulum
3173 5524 3225 5575 in
3264 5521 3478 5585 Choreb,
3506 5532 3552 5573 et
3591 5521 3922 5573 adoravernnt

2343 5623 2574 5693 sculptile
2606 5618 2775 5691 (Psal.
2808 5617 2927 5673 105.
2961 5616 3072 5687 19).
3111 5614 3244 5671 Nam
3278 5613 3505 5667 antehac
3545 5626 3806 5682 nusquam
3843 5621 3920 5661 sa-

2408 5804 2423 5835 ⁸
2451 5800 2587 5861 Haec,
2615 5796 2694 5850 ubi
2715 5790 3101 5859 ingemiscebant,
3128 5790 3306 5842 desunt
3329 5790 3378 5840 in
3402 5802 3500 5839 uno
3523 5787 3642 5841 Cod.
