4094 6510
212 520 299 577 I37
1161 506 1220 567 IN
1264 509 1441 565 ACTA
1489 502 2015 564 APOSTOLORUM.
2061 503 2289 559 IIOMIL.
2335 501 2497 559 XVII.

209 634 373 689 criticii
415 648 641 697 nomen,
691 631 785 686 sed
817 638 1079 699 praecepta
1114 628 1250 690 viva,
1284 632 1338 678 et
1374 624 1583 691 eloquia
1627 620 1744 673 vita
1779 636 1790 668 .-

209 741 449 795 nusquam
483 725 840 782 initiationes.
866 722 959 775 sed
986 720 1242 773 miracula
1275 728 1327 771 ct
1355 716 1504 785 signa
1533 714 1791 768 exhibita.

208 818 338 872 Sicut
365 820 611 886 scriptum
645 826 718 869 est
753 817 801 868 iu
847 814 974 867 libro
1007 815 1389 881 prophetarum.
1426 809 1524 863 llic
1557 807 1790 860 testimo-

206 909 335 963 niusn
368 924 471 961 non
508 909 631 962 siue
673 921 831 961 causa
870 905 1105 970 adducit,
1152 901 1248 958 sed
1292 911 1349 955 ιιι
1388 900 1638 955 ostendat
1687 912 1793 951 non

202 1018 309 1058 esse
340 1002 620 1057 sacriﬁciis
656 1016 811 1070 opus.
841 1000 907 1054 Et
939 999 1077 1061 vide,
1111 997 1235 1065 quid
1266 995 1431 1050 dicat.
1473 992 1613 1046 Num
1655 992 1795 1044 victi-

203 1112 298 1150 mas
323 1106 366 1150 et
394 1096 653 1163 sacriﬁcia
682 1092 933 1147 obtulistis
963 1091 1089 1144 milii
1128 1091 1179 1143 in
1213 1088 1409 1141 deserto
1453 1085 1795 1155 quadraginta

200 1189 373 1242 anuis?
400 1186 466 1240 Et
492 1187 761 1254 accepistis
792 1184 1179 1239 tabernaculum
1206 1181 1430 1245 .Iloloch,
1459 1190 1503 1233 et
1528 1178 1669 1231 sidus
1699 1176 1795 1231 Dei

200 1283 332 1337 vestri
377 1279 685 1351 Rempltan,
730 1278 922 1347 ﬁguras
966 1292 1091 1344 quas
1137 1274 1364 1345 fecistis,
1408 1281 1463 1324 ut
1512 1270 1794 1325 adorarelis

199 1396 290 1433 eas.
317 1377 448 1432 Cum
475 1376 721 1446 emphasi
756 1375 1024 1445 qultilttr;
1054 1374 1156 1427 hoc
1182 1386 1311 1426 vero
1340 1369 1608 1440 signiﬁcat
1637 1384 1650 1419 :
1676 1366 1790 1420 Non

198 1471 405 1540 potestis
457 1469 665 1534 dicere,
718 1483 812 1521 vos
867 1466 1008 1536 quod
1056 1464 1183 1518 mihi
1236 1460 1634 1522 sacriﬁcaretis,
1686 1458 1793 1512 illis

197 1566 339 1618 etiam
369 1562 795 1624 saeriﬂcavisse;
842 1569 897 1615 et
939 1560 1118 1613 hocin
1165 1557 1403 1619 deserto,
1445 1553 1532 1607 uhi
1562 1552 1793 1606 maxime

198 1658 288 1712 illis
325 1657 669 1725 praesidebat.
714 1653 782 1707 Et
827 1653 1093 1723 accepistis
1129 1649 1513 1727 tabernaculum
1562 1644 1788 1699 Molorlt.

196 1750 255 1804 Et
294 1749 403 1804 haec
445 1748 550 1803 fuit
594 1762 754 1803 causa
800 1745 1210 1801 Sacrilieiorum.
1256 1740 1319 1795 Et
1363 1742 1669 1810 transferam
1708 1753 1794 1790 vus

195 1842 315 1893 ultra
340 1840 674 1911 Babylonem.
711 1840 800 1894 Sic
841 1847 895 1892 et
933 1836 1216 1906 captivitas
1260 1832 1531 1887 accusatio
1573 1829 1792 1883 malitia:

195 1942 284 1987 Cal.-
315 1933 372 1987 Et
417 1931 715 2003 quomodo,
759 1930 1000 1999 inquies,
1043 1936 1160 1983 erat
1204 1923 1612 1979 Tuber-naculum
1655 1921 1794 1973 testi-

194 2026 523 2080 monii?ldeo
556 2034 691 2087 erat,
716 2032 771 2077 ut
803 2034 993 2077 testem
1028 2022 1286 2107 habei‘ent
1318 2020 1510 2073 Deum.
1545 2016 1706 2087 Igitur
1727 2013 1791 2068 ad

194 2119 283 2173 hoc
309 2121 481 2173 solum
516 2128 654 2171 erat.
695 2117 993 2172 Secundum
1034 2118 1274 2185 formum,
1324 2112 1510 2180 inquit,
1556 2124 1669 2179 qua:
1706 2108 1792 2161 tibi

192 2223 452 2267 uioustrata
502 2212 600 2282 fuit
642 2213 694 2265 in
736 2218 925 2263 monte.
975 2208 1157 2276 Itaque
1189 2208 1239 2260 in
1282 2216 1464 2259 monte
1502 2201 1792 2271 descriptio

193 2307 314 2363 laeta
340 2316 423 2363 est
453 2326 466 2360 :
501 2316 558 2361 et
589 2305 693 2360 hoc
724 2307 773 2359 in
805 2305 1020 2359 deserto
1063 2300 1568 2358 circumferebatur,
1610 2311 1707 2349 nec
1738 2295 1788 2348 in

191 2400 425 2468 quopiam
461 2400 584 2453 loco
613 2396 885 2451 manebat.
917 2391 1346 2448 Tabernaculum
1378 2405 1507 2442 vero
1540 2387 1787 2442 testimo-

194 2492 255 2545 nii
284 2501 458 2558 vocat,
511 2506 618 2544 non
663 2489 764 2543 alia
805 2489 872 2541 de
911 2502 1093 2550 causa,
1140 2499 1301 2555 quam
1337 2483 1408 2537 ob
1449 2479 1704 2535 miracula
1737 2486 1790 2534 et

193 2594 466 2655 pnnccpta.
503 2584 758 2639 Attamen
789 2596 888 2636 nec
920 2580 1072 2646 illud,
1106 2594 1204 2633 nec
1232 2578 1305 2632 illi
1333 2575 1589 2645 templum
1620 2572 1789 2625 habe.-

191 2679 322 2745 lraiit.
355 2679 499 2747 Ergo
531 2675 754 2747 ligurum
798 2674 943 2728 illam
974 2672 1193 2743 angelus
1237 2670 1480 2725 dederat.
1526 2664 1698 2737 Usque
1724 2664 1791 2716 ml

191 2770 284 2823 dies
312 2768 495 2835 David,
522 2770 713 2837 inquit.
747 2767 930 2836 Itaque
961 2780 1131 2835 usque
1154 2763 1219 2817 ad
1256 2772 1467 2829 tempus
1498 2758 1624 2814 illud
1657 2768 1791 2811 tem-

191 2862 323 2930 plum
352 2877 457 2915 non
505 2871 643 2921 erat,
688 2858 899 2914 etiamsi
927 2864 1115 2928 gentes
1151 2855 1397 2925 expulsa:
1445 2852 1689 2913 luissem,
1724 2850 1791 2904 de

190 2955 367 3023 quibus
396 2954 471 3007 ait
502 2971 516 3007 :
556 2958 698 3019 Quas
726 2951 917 3020 expulit
958 2948 1095 3003 Deus
1121 2965 1153 3001 a
1190 2948 1323 3019 facie
1351 2955 1555 3015 patrum
1594 2951 1792 2996 nostro-

189 3062 310 3099 rum.
334 3045 447 3100 lloc
475 3059 607 3098 vero
624 3044 777 3107 dixit,
805 3042 997 3097 iterutn
1018 3040 1333 3105 ostendens,
1364 3036 1601 3092 nondum
1627 3033 1792 3088 fuisse

192 3136 455 3204 templum.
486 3136 628 3202 Quid
654 3134 811 3189 dico?
839 3143 914 3188 tot
946 3132 1224 3197 miracula,
1259 3140 1314 3186 et
1353 3143 1616 3200 nusquam
1650 3135 1790 3180 tem-

190 3229 363 3297 plum?
403 3228 495 3283 Sic
550 3238 605 3282 et
650 3229 881 3296 primum
935 3224 1361 3285 tabernaculum,
1388 3294 1389 3299 η
1416 3231 1469 3277 et
1522 3232 1788 3287 nuSqnam

191 3323 455 3391 templum.
496 3320 562 3375 Et
588 3320 762 3391 petiit,
796 3330 850 3373 ut
883 3317 1149 3374 inveniret
1186 3317 1412 3386 gratiam
1442 3329 1623 3368 coram
1658 3311 1787 3365 Deo.

191 3411 352 3476 l’ctiit,
384 3422 438 3468 ct
466 3428 576 3467 non
605 3411 889 3467 aedificavit
918 3430 930 3465 ;
968 3412 1036 3464 ita
1069 3424 1173 3464 non
1218 3423 1468 3479 magnum
1517 3404 1787 3477 quidpiam

190 3516 294 3559 erat
332 3508 631 3576 templum,
674 3505 885 3560 etiamsi
930 3504 1147 3575 quidam
1194 3517 1445 3572 magmun
1486 3500 1793 3572 putaverint

190 3614 297 3653 esse
318 3594 689 3657 Salomonem.
713 3597 853 3667 quod
880 3596 1137 3665 templum
1162 3593 1525 3656 :cdilicavcrit,
1553 3591 1641 3661 qui
1669 3590 1789 3643 ideo

191 3689 325 3744 illum
358 3692 496 3759 patri
525 3690 895 3759 prmtulerunt.
927 3686 1080 3755 Quod
1112 3695 1289 3742 autem
1325 3700 1429 3738 non
1460 3683 1617 3738 fuerit
1639 3694 1792 3752 patre

192 3783 385 3849 melior,
416 3785 530 3837 imo
552 3797 728 3851 neque
751 3797 845 3850 par
877 3781 970 3845 illi,
998 3780 1091 3835 sed
1120 3790 1322 3834 tantum
1345 3794 1407 3831 ex
1434 3776 1788 3847 quorumdam

191 3874 450 3943 opinione,
485 3874 539 3929 id
580 3874 819 3929 declarat
847 3874 925 3927 sic
949 3888 1177 3944 pergens
1208 3889 1220 3925 :
1254 3871 1361 3925 Sed
1404 3871 1693 3923 Altissimus
1739 3870 1790 3921 in

191 3970 485 4039 utauufactis
531 3985 631 4021 non
672 3967 887 4032 habitat,
936 3968 1063 4020 sicut
1110 3967 1360 4037 prop/tela
1399 3965 1570 4018 dicit:
1600 3964 1790 4018 (Icelum

191 4060 303 4111 mihi
327 4060 469 4114 sedes
504 4068 616 4119 est;
649 4068 784 4111 terra
811 4066 977 4110 autem
1004 4057 1280 4111 scabellum
1322 4056 1511 4125 pedum
1540 4071 1785 4107 meorum.

189 4148 359 4219 Neque
386 4153 537 4207 enim
572 4150 687 4205 tunc
722 4150 831 4204 Deo
849 4149 1003 4218 digna
1034 4160 1177 4213 sunt,
1211 4157 1395 4217 utpote
1424 4147 1581 4213 facta,
1609 4156 1791 4215 utpote

191 4259 365 4299 manus
394 4245 516 4315 ejus
536 4258 721 4313 opera.
754 4242 909 4308 Vide,
943 4242 1215 4312 quomodo
1248 4242 1368 4294 illus
1398 4240 1653 4310 paulatim
1680 4241 1789 4294 eri-

190 4344 287 4403 gat.
305 4334 714 4391 Ostenditenim
734 4350 832 4405 per
853 4333 1193 4404 prophetam,
1224 4333 1501 4403 indignum
1529 4347 1648 4388 esse
1678 4335 1792 4387 lucc

192 4426 252 4480 de
278 4427 381 4481 Ileo
409 4429 620 4481 dicere.
652 4426 719 4480 Et
742 4442 845 4496 qua
872 4425 940 4480 de
981 4440 1162 4487 causa,
1208 4425 1439 4495 inquies,
1478 4425 1564 4480 hic
1592 4425 1793 4479 acriter

190 4515 449 4584 loquitur?
498 4518 661 4572 Multa
700 4519 875 4573 inerat
921 4517 1174 4587 loquendi
1228 4517 1421 4572 tiducia
1467 4518 1733 4571 morituro
1774 4536 1789 4574 :

190 4624 301 4663 nam
322 4622 447 4681 puto
464 4611 616 4665 illum
638 4611 737 4665 hoc
759 4624 974 4681 quoque
1000 4626 1066 4665 ex
1087 4610 1415 4664 revelatioue
1434 4610 1674 4664 scivisse.
1698 4610 1787 4665 51.

190 4702 323 4756 Dura
351 4705 570 4765 ceruice,
605 4716 651 4757 et
681 4703 1047 4757 iucircumcisis
1078 4703 1315 4757 cordibus
1344 4713 1388 4755 et
1414 4704 1643 4756 auribus.
1681 4704 1793 4759 Iloc

187 4810 386 4868 quoque
405 4797 785 4868 propheticum
805 4808 910 4865 est,
932 4813 1105 4869 neque
1129 4798 1200 4851 illi
1220 4798 1517 4867 proprium.
1544 4797 1643 4852 Vos
1660 4816 1791 4854 sem-

188 4906 269 4955 per
298 4891 523 4959 Spiritui
552 4901 729 4943 sructa
765 4890 1018 4955 resistitis,
1061 4893 1189 4944 sicut
1231 4901 1401 4959 patres
1430 4893 1601 4956 vestri,
1634 4892 1705 4945 ita
1744 4902 1792 4946 et

189 4997 283 5036 vos.
310 4982 542 5051 Quando
589 4982 803 5037 nolebat
838 4998 960 5039 esse
994 4984 1280 5045 sacriﬁcia,
1315 5000 1408 5038 vos
1441 4984 1787 5039 sacriﬁcaba-

188 5084 248 5126 us
291 5094 302 5135 ;
358 5074 584 5147 quando
638 5076 876 5142 volebat,
909 5092 1123 5132 rursum
1192 5094 1297 5131 non
1361 5076 1788 5144 sacriﬁcahatis;

187 5168 392 5234 quando
441 5167 662 5223 nolebat
701 5168 829 5223 dare
875 5169 1028 5222 vobis
1059 5180 1350 5238 praecepta,
1402 5168 1787 5239 requirebatis;

186 5261 388 5325 quando
438 5260 764 5329 accepistis,
811 5263 1145 5333 neglexistis.
1191 5264 1399 5318 Rursus
1446 5279 1567 5319 cum
1624 5276 1791 5323 staret

191 5354 464 5422 templum,
511 5354 650 5408 idola
693 5354 985 5419 colebatis;
1018 5355 1234 5424 quando
1276 5356 1383 5409 vult
1430 5356 1547 5411 sine
1589 5360 1791 5427 templo

186 5444 301 5510 coli,
336 5448 673 5501 conitrarium
721 5446 915 5501 facitis.
963 5446 1243 5518 Perpende
1277 5468 1289 5503 :
1325 5465 1430 5502 non
1474 5449 1642 5515 dixit,
1678 5450 1790 5506 Deo

188 5539 451 5604 resistitis,
480 5541 597 5601 sed,
628 5539 850 5610 Spiritui
880 5556 898 5593 :
925 5541 1003 5595 sic
1030 5542 1230 5597 nullam
1266 5552 1491 5599 noverat
1531 5543 1789 5600 diﬂ‘creu-

190 5629 323 5685 tiam.
354 5631 623 5702 Quodque
658 5634 835 5699 majus
874 5642 974 5699 est,
1020 5635 1168 5690 Sicut
1204 5647 1373 5705 patres
1418 5638 1588 5700 uestri,
1620 5639 1693 5691 ita
1742 5648 1789 5691 et

187 5738 282 5787 res,
312 5725 506 5797 inquit.
540 5725 616 5780 Ita
639 5735 694 5780 et
722 5726 970 5781 Christus
994 5727 1375 5798 exprobrabat,
1408 5729 1531 5798 quia
1560 5730 1785 5783 multum

189 5830 391 5887 semper
421 5817 489 5874 de
523 5819 764 5889 patribus
808 5819 1195 5889 gloriabantur.
1230 5820 1319 5875 52.
1356 5820 1519 5885 Quem
1560 5822 1776 5889 map/te.

190 5916 343 5963 mrum
373 5927 476 5965 non
504 5922 619 5967 sunt
650 5916 943 5983 persequuti
969 5923 1135 5981 patres
1163 5914 1359 5968 vestri?
1390 5913 1455 5966 Et
1492 5914 1788 5967 occiderunt

191 6012 282 6065 εοδ.
314 6005 394 6074 qui
423 6007 839 6077 prteuuntiabant
875 6007 935 6059 de
963 6007 1180 6061 adventu
1222 6006 1379 6061 Justi.
1416 6005 1607 6061 Adhuc
1643 6006 1784 6061 ,ἔπιδιὶ

3414 509 3517 567 158

1910 617 2059 682 dicit,
2091 618 2277 672 volens
2308 617 2428 673 illos
2458 620 2837 688 comprimere.
2866 620 3034 694 Cujus
3062 641 3150 680 vos
3180 644 3316 682 nunc
3343 633 3519 698 pradi-

1904 718 2037 763 tores
2060 718 2106 762 et
2128 709 2401 763 homicida.-
2421 710 2591 779 fuistis
2643 713 2754 766 Ι)υο
2777 714 2882 768 illis
2914 716 3261 788 improperat,
3295 731 3350 776 et
3375 724 3518 793 quod

1904 802 2221 871 ignorariut,
2275 811 2331 857 et
2378 803 2521 871 quod
2575 804 2898 870 occiderint.
2949 808 3039 864 55.
3101 810 3205 878 Qui
3249 817 3519 884 accepistis

1905 894 2064 963 legem
2107 911 2197 964 per
2237 895 2595 966 dispositiones
2622 900 2941 969 angelorum,
2983 913 3031 957 et
3068 920 3174 959 non
3204 909 3513 967 custodistis.

1977 988 2032 1071 5.
2074 987 2213 1053 Quid
2239 1000 2323 1043 est
2371 990 2551 1044 Itoc'?
2603 992 2831 1059 Quidam
2880 1005 3072 1065 potant
3120 999 3294 1069 ipsum
3338 1001 3519 1060 dicere

1906 1077 2076 1147 legem
2106 1079 2174 1141 ab
2204 1081 2411 1149 angelis
2442 1081 2609 1138 fuisse
2632 1084 2974 1154 dispositam.
3006 1090 3074 1145 At
3109 1106 3197 1147 res
3224 1107 3331 1149 non
3367 1097 3437 1150 ita
3458 1111 3520 1151 se

1906 1169 2064 1225 habet
2098 1190 2111 1225 :
2147 1172 2233 1227 ubi
2265 1189 2495 1245 namque
2522 1177 2699 1247 angeli
2732 1179 2828 1233 visi
2861 1192 2990 1235 sunt
3021 1183 3192 1254 legem
3223 1188 3520 1245 ordinare?

1898 1262 1999 1323 sed
2026 1262 2342 1334 dispositam
2376 1268 2550 1336 legem
2578 1269 2746 1337 dicit;
2800 1272 2851 1328 id
2883 1282 2987 1338 est,
3020 1277 3268 1333 traditam
3316 1281 3391 1335 illi
3425 1298 3522 1351 per

2484 1353 2564 1385 .0“:-
2602 1364 2674 1385 :tl!
2702 1368 2711 1385 ξ

1902 1448 2045 1504 Nihil
2072 1467 2202 1521 ergo
2248 1455 2442 1509 tuirum
2472 1468 2576 1519 est,
2605 1473 2700 1512 eos
2745 1463 2835 1530 qui
2889 1463 2976 1516 illa
3027 1465 3288 1533 fecerant,
3320 1482 3369 1526 et
3403 1472 3520 1531 lt:th

1906 1543 2118 1599 fecisse.
2146 1546 2202 1601 Si
2230 1552 2614 1607 anmmtiantes
2644 1555 2793 1608 illum
2824 1557 3120 1626 occidistis,
3154 1565 3323 1619 multo
3350 1570 3520 1638 magis

1906 1635 2104 1703 ipsum.
2140 1637 2235 1693 llic
2284 1639 2407 1694 illos
2440 1652 2492 1694 et
2529 1644 2657 1709 Deo,
2691 1657 2741 1700 et
2794 1650 3020 1717 angelis,
3050 1664 3102 1705 et
3137 1635 3521 1727 prophetis,-ct

1902 1727 2157 1798 Spiritui,
2210 1740 2265 1787 ct
2311 1737 2563 1790 otrmibus
2616 1738 2992 1799 inohedientes
3036 1730 3319 1805 ostendit:
3367 1763 3421 1806 ut
3463 1767 3518 1811 et

1904 1823 2026 1875 alibi
2060 1824 2136 1876 ait
2180 1823 2500 1895 Scriptura:
2546 1829 2787 1897 Domine,
2833 1838 3110 1905 prmi/tetas
3159 1850 3274 1897 tuos
3315 1847 3516 1901 occide-

1903 1926 2041 1981 runt,
2075 1924 2120 1968 et
2150 1915 2339 1970 altaria
2367 1929 2455 1973 tua
2484 1922 2836 1979 subverterqu
2880 1929 2956 1999 (5.
3005 1930 3130 2002 llcg.
3164 1932 3249 1989 I9.
3296 1938 3406 2007 l0).
3439 1941 3514 1994 Illi

1905 2007 2066 2075 igitur
2093 2011 2275 2079 specie
2329 2021 2534 2068 tantum
2589 2015 2759 2087 legem
2805 2033 3077 2089 curantes,
3108 2025 3401 2086 dicebant:
3455 2034 3517 2088 lu

1904 2097 2135 2196 aloysem
2187 2103 2521 2174 blasphemat.
2559 2108 2651 2164 Ille
2697 2127 2827 2167 vero
2866 2117 3104 2171 ostendit
3154 2119 3299 2189 ipsos
3350 2128 3518 2196 magis

1903 2192 2299 2264 blasphemare,
2333 2214 2438 2253 non
2493 2202 2669 2257 solum
2723 2205 2773 2258 in
2808 2205 3065 2278 Moyscm,
3102 2213 3195 2267 sed
3248 2216 3410 2271 etiam
3439 2192 3515 2274 vin

1904 2286 2097 2353 Deum,
2129 2298 2181 2343 et
2205 2289 2314 2357 jam
2347 2292 2472 2346 olim
2503 2293 2624 2349 illos
2650 2297 2774 2352 talia
2804 2298 3016 2366 fecisse,
3051 2313 3107 2358 et
3134 2306 3374 2362 instituta
3407 2315 3517 2365 Stti-

1903 2381 2081 2445 visse;
2128 2399 2304 2453 neque
2333 2385 2437 2439 illis
2464 2387 2598 2441 ultra
2632 2405 2770 2460 opus
2811 2407 2972 2449 esse:
3014 2396 3160 2465 ipsus
3201 2388 3349 2465 item,
3386 2404 3515 2460 dmn

1900 2486 1959 2527 sc
1986 2484 2328 2540 accusarent,
2361 2478 2503 2546 quod
2536 2479 2703 2552 Moysi
2734 2496 2877 2538 esset
2927 2490 3260 2557 contrarius,
3292 2493 3513 2565 Spiritui

1900 2576 2088 2619 sancto
2133 2566 2435 2635 oltsiSLere;
2498 2575 2769 2641 nequeid
2818 2577 3155 2650 simpliciter,
3210 2586 3303 2641 sed
3353 2591 3437 2643 eti.
3463 2608 3514 2645 ιιι

1900 2673 2020 2711 cum
2041 2658 2220 2726 cmde;
2249 2670 2301 2715 et
2325 2660 2415 2717 diu
2444 2674 2602 2719 antea
2631 2666 2939 2727 inimicitias
2961 2689 3276 2735 exercuere.
3306 2682 3512 2753 Vidcn‘,
3588 2702 3591 2705 λ

1898 2754 2173 2822 quomodo
2206 2755 2325 2811 illus
2351 2759 2600 2813 ostendat
2632 2771 2687 2816 et
2718 2762 2887 2835 Moysi
2932 2777 2987 2821 et
3036 2773 3289 2827 omnibus
3317 2776 3514 2831 adt-er—

1900 2858 2103 2910 sautes,
2133 2849 2415 2920 legemque
2448 2868 2551 2907 non
2582 2858 2900 2913 servantes?
2933 2863 3093 2931 Atqui
3117 2865 3335 2939 Moyses
3362 2869 3514 2926 dixe-

1900 2946 1983 2991 rat
2015 2956 2026 2990 :
2078 2939 2391 3010 I‘roliltetum
2431 2945 2569 2999 vobis
2614 2950 2875 3003 suscitabit
2909 2951 3161 3010 Dominus
3211 2958 3388 3029 (Deut.
3424 2965 3511 3019 l8.

1902 3030 1991 3100 18)
2018 3049 2029 3084 :
2062 3042 2113 3086 et
2145 3034 2232 3087 alii
2269 3039 2409 3091 hunc
2436 3050 2721 3093 venturum
2753 3044 3141 3119 ptardixerunt,
3170 3062 3224 3104 et
3254 3057 3512 3124 propheta

1899 3138 2113 3192 quoque.
2144 3126 2233 3194 qui
2266 3127 2398 3181 dicit
2433 3148 2445 3183 :
2496 3130 2714 3196 Qualem
2742 3135 2950 3189 domum
2976 3136 3311 3208 iazdi/icubitis
3350 3148 3518 3201 mihi?

1901 3213 1967 3267 Et
2014 3216 2230 3281 iterum,
2289 3216 2557 3289 Numquid
2598 3224 2826 3280 victimas
2867 3237 2914 3281 et
2960 3232 3218 3300 sacriﬁcia
3266 3236 3519 3293 obtulistis

1901 3308 2027 3359 milii
2051 3311 2397 3381 quadraginta
2426 3317 2617 3369 anuis?
2646 3316 2773 3373 Ha‘c
2800 3329 2916 3374 crat
2948 3322 3137 3379 ﬁducia
3172 3327 3271 3383 viri
3299 3344 3515 3385 crucem

1902 3402 2173 3457 habentis.
2201 3404 2351 3460 Hauc
2380 3416 2434 3460 et
2463 3422 2562 3463 nos
2588 3424 2806 3480 quoque
2835 3412 3132 3483 imitemur,
3166 3419 3379 3477 etiamsi
3412 3441 3519 3478 non

1900 3496 1970 3550 sit
1996 3496 2119 3550 belli
2150 3505 2385 3568 tempus,
2414 3502 2508 3555 sed
2540 3503 2747 3558 ﬁducia:
2774 3521 2994 3577 semper
3036 3520 3247 3582 tempus
3283 3526 3385 3571 est.
3416 3516 3519 3573 Lo-

1898 3588 2106 3658 quebar,
2139 3590 2332 3659 inquit,
2365 3592 2427 3645 de
2451 3594 2754 3649 testimoniis
2792 3598 2891 3651 tuis
2922 3601 2974 3653 in
3004 3617 3275 3671 conspectu
3316 3625 3516 3679 regum,

1899 3689 1945 3733 et
1969 3697 2082 3734 'uon
2107 3683 2461 3753 confundebar
2496 3684 2668 3755 (Paul.
2704 3689 2826 3745 H8.
2852 3690 2969 3759 46).
2996 3693 3050 3747 Si
3080 3710 3210 3765 ergo
3240 3713 3360 3752 cum
3384 3716 3518 3771 geu—

1902 3772 2082 3827 tilibus
2128 3776 2567 3844 congrediamur,
2616 3780 2694 3834 sic
2738 3781 2860 3837 illos
2906 3786 3268 3856 rcprimamus
3314 3792 3522 3864 absque

1900 3864 1998 3924 ira,
2035 3865 2237 3935 absque
2260 3869 2571 3938 asperitate.
2606 3869 2739 3926 Nam
2772 3875 2814 3928 si
2847 3890 2969 3931 cum
3006 3879 3079 3932 ira
3107 3879 3208 3937 hoc
3237 3881 3517 3953 faciamus,

1902 3974 2007 4013 non
2038 3960 2147 4027 jam
2184 3961 2399 4034 ﬁducia,
2428 3965 2522 4020 sed
2559 3969 2738 4036 passio
2785 3986 2908 4027 esse
2953 3975 3197 4043 videtur;
3232 3980 3314 4034 sin
3367 3998 3523 4037 man-

1899 4063 2072 4118 suete,
2096 4068 2220 4109 vere
2246 4054 2438 4110 liducia
2467 4070 2571 4112 est.
2590 4059 2773 4130 Neque
2795 4064 2939 4120 cuitu
2971 4070 3230 4136 possibile
3253 4083 3337 4128 est
3360 4077 3518 4131 simul

1901 4143 2196 4198 secundum
2252 4148 2499 4203 eamdem
2550 4152 2816 4208 rationem
2868 4156 3099 4227 idipsum
3145 4175 3269 4219 esse
3317 4166 3518 4222 b0num

1901 4249 2035 4303 opus
2058 4244 2111 4289 et
2136 4235 2415 4293 delictum.
2452 4239 2672 4296 Fiducia
2709 4245 2910 4301 bonmn
2960 4264 3097 4319 Opus
3124 4262 3227 4319 est,
3258 4255 3335 4311 ira
3383 4258 3519 4313 deli-

1900 4334 2069 4381 ctum.
2102 4332 2327 4398 Uportet
2362 4348 2492 4403 ergo
2524 4350 2646 4388 cum
2682 4336 2877 4393 liducia
2909 4340 3249 4413 loquuturos,
3278 4363 3306 4401 a
3338 4349 3521 4408 lurore

1902 4416 2103 4473 liberos
2134 4436 2277 4488 esse,
2310 4432 2365 4477 ut
2407 4440 2475 4479 ne
2503 4425 2625 4496 quis
2659 4426 2785 4482 hinc
2819 4433 2979 4486 verba
3037 4436 3305 4504 proﬁcisci
3343 4453 3512 4509 putet.

1901 4512 2125 4567 Etiamsi
2157 4514 2297 4583 iusta
2326 4516 2536 4573 dixeris
2575 4536 2695 4574 cuni
2749 4523 2953 4592 lurore,
2988 4538 3158 4583 totum
3212 4534 3513 4602 perdidisti,

1904 4604 2027 4659 licet
2054 4604 2222 4660 libere
2256 4604 2513 4679 loquaris,
2546 4612 2672 4667 licet
2701 4630 2945 4684 m0nt'as,
2978 4621 3098 4676 licet
3123 4626 3338 4693 quidvis
3369 4628 3513 4685 aliud

1900 4698 2086 4753 facias.
2122 4699 2276 4756 Hunc
2307 4705 2518 4773 respice
2550 4706 2722 4761 virum
2756 4724 2861 4763 non
2894 4728 3017 4768 cum
3062 4714 3245 4775 lurore
3288 4721 3513 4792 loquen-

1902 4800 2010 4885 tem
2048 4812 2058 4845 :
2093 4810 2266 4864 neque
2308 4797 2454 4851 enim
2499 4803 2831 4857 contumelia
2863 4805 3063 4873 allecit,
3094 4811 3187 4864 sed
3239 4813 3346 4867 iliis
3396 4833 3520 4885 pro.

1900 4884 2172 4955 pheticmu
2222 4902 2529 4945 sermonem
2586 4898 2927 4952 memoravit.
2962 4899 3115 4966 Quod
3165 4906 3307 4958 enim
3363 4884 3518 4964 nullo

1901 4974 2081 5029 lurore
2139 4990 2475 5045 moveretur,
2544 4985 2783 5040 ostendit
2833 4990 3051 5057 quando
3123 5009 3220 5062 pro
3286 4998 3389 5052 illis
3456 5017 3517 5057 se

1902 5071 2042 5125 male
2074 5072 2460 5141 impotentibus
2510 5087 2781 5146 precatus,
2814 5081 2952 5136 dixit
2996 5102 3008 5136 :
3058 5085 3143 5140 Ne
3180 5098 3378 5147 statuas
3411 5095 3517 5149 illis

1902 5165 1997 5218 hoc
2035 5178 2316 5235 peccatum.
2360 5168 2450 5225 Sic
2478 5186 2584 5225 non
2618 5174 2805 5238 iratus,
2836 5177 2931 5231 sed
2974 5193 3071 5248 pro
3102 5182 3220 5238 illis‘
3238 5184 3429 5242 dolens
3456 5206 3518 5243 at:

1900 5273 2139 5313 maerens
2184 5260 2507 5331 loquebatur
2536 5263 2645 5320 ille.
2694 5266 2822 5321 Ideo
2863 5284 3096 5341 namque
3128 5274 3196 5329 de
3222 5275 3360 5334 facie
3398 5282 3518 5349 ejus

1900 5349 2077 5405 dixit:
2120 5350 2369 5407 Viderunt
2416 5356 2599 5425 [aciem
2628 5359 2743 5427 ejus
2777 5369 3034 5431 tamquam
3086 5367 3271 5436 [aciem
3318 5374 3512 5442 angeli,

1898 5451 1959 5496 ut
1989 5444 2108 5497 illos
2140 5444 2490 5501 attraheret’.
2547 5448 2673 5503 Puri
2728 5450 2891 5522 igitur
2922 5454 2991 5509 ab
3024 5454 3103 5511 ira
3150 5458 3340 5515 simus.
3394 5461 3513 5519 Non

1899 5534 2105 5589 habitat
2132 5537 2363 5607 Spiritus
2392 5550 2612 5595 sanctus
2657 5541 2743 5597 ubi
2775 5544 2849 5597 ira
2877 5553 2963 5600 est
2992 5564 3005 5602 :
3035 5549 3357 5607 maledictus
3382 5554 3513 5609 Iuri-

1898 5624 2133 5681 bundus.
2182 5627 2300 5683 Non
2330 5640 2506 5700 potest
2532 5646 2727 5687 sanum
2753 5634 2881 5705 quid
2930 5640 3172 5707 prodire,
3203 5660 3326 5699 cum
3362 5644 3512 5701 furor

1897 5722 2195 5793 egreditur.
2219 5723 2353 5779 Nam
2383 5726 2523 5780 sicut
2568 5728 2619 5780 iu
2654 5730 2862 5784 marina
2910 5741 3231 5801 tempestate
3283 5753 3512 5809 magnus

1897 5827 1979 5870 est
2020 5818 2304 5887 tumultus,
2338 5835 2565 5891 magnus
2604 5821 2833 5891 clamor,
2867 5841 2964 5881 nec
3004 5830 3127 5899 quis
3172 5841 3384 5899 tempus
3416 5834 3511 5889 liu-

1962 5959 1979 6023 ξ
2015 5956 2134 6005 Ηαλο
2157 5959 2478 6023 interrogatio
2512 5958 2657 6023 deest
2683 5959 2731 6007 in
2768 5975 2864 6010 uno
2888 5962 3004 6013 Cod.

1965 6020 1984 6048 ²
2021 6026 2148 6068 Unus
2172 6022 2285 6069 Cod
2317 6020 2485 6083 hibet,
2508 6020 2581 6071 illi
2605 6024 2889 6084 crederent,
2925 6024 3060 6086 loco,
3088 6025 3197 6079 illos
3219 6031 3486 6084 attrahere:
