4094 6534
643 504 745 561 139

636 619 811 675 hucrit
834 616 899 670 ad
939 604 1423 684 philosophandum
1450 626 1463 663 :
1494 610 1563 663 ita
1592 620 1763 677 neque
1790 607 1842 659 in
1872 604 2070 659 furore.
2098 601 2202 658 Sed

636 714 682 765 si
708 711 884 765 anima
924 705 1053 777 quid
1098 701 1521 776 philosophieum
1552 699 1636 754 vel
1681 698 1823 767 loipti
1870 696 1953 752 vel
1999 696 2231 771 discere

636 803 779 864 velit,
805 799 953 870 quasi
977 798 1028 851 in
1058 804 1211 866 portu
1238 795 1305 850 sit
1333 802 1563 864 oportet.
1592 790 1707 845 Non
1741 788 1908 854 vides,
1938 786 2207 858 quomodo

633 892 703 949 de
735 890 1054 947 necessariis
1097 872 1258 943 rebus
1307 881 1601 967 loquuturi,
1630 882 1745 937 loca
1774 879 2000 934 tumultu
2039 891 2202 932 vacua

630 983 952 1054 qumrimus,
982 980 1070 1034 ubi
1109 979 1261 1049 quies
1306 980 1413 1039 sit,
1456 974 1546 1029 ubi
1594 971 1981 1042 tranquillitas,
2030 976 2090 1023 ut
2136 982 2202 1022 ne

632 1074 985 1145 repellantur?
999 1071 1149 1139 Quod
1171 1071 1214 1123 si
1233 1076 1483 1123 externus
1501 1064 1758 1120 tumultus
1778 1060 2019 1132 repellat,
2033 1061 2202 1115 multo

632 1167 799 1235 magis
828 1166 1033 1220 interna
1085 1162 1335 1217 turbatio.
1367 1159 1479 1214 Etsi
1529 1164 1777 1227 precetur
1818 1152 1957 1225 quis,
2008 1152 2201 1208 [rustra

630 1266 899 1325 precatur,
924 1256 967 1309 si
997 1269 1118 1310 cum
1152 1254 1228 1307 ira
1260 1261 1313 1307 et
1344 1250 1524 1305 furore
1552 1248 1608 1304 id
1635 1247 1791 1303 faciat
1816 1266 1829 1301 :
1860 1245 1905 1301 si
1932 1245 2198 1314 loquatur,

629 1346 881 1401 ridiculus
910 1345 1042 1408 erit;
1075 1344 1120 1399 si
1150 1350 1341 1406 taceat,
1373 1339 1655 1404 similiter;
1687 1338 1731 1393 si
1758 1334 2022 1399 comedat,
2040 1336 2199 1389 etiam

625 1441 702 1493 sic
724 1436 968 1501 heditur;
998 1437 1230 1505 itemque
1256 1434 1299 1488 si
1334 1433 1498 1494 Ι›ἰΙ).ιι,
1521 1432 1565 1486 si
1593 1446 1697 1486 non
1722 1429 1884 1490 bibat,
1909 1428 1953 1481 si
1992 1426 2196 1491 sedeat,

628 1533 670 1581 si
715 1537 839 1590 stet,
882 1528 926 1582 si
971 1526 1236 1593 ambulet,
1291 1526 1333 1579 si
1382 1524 1644 1584 dormiat;
1695 1535 1814 1574 nam
1863 1527 1920 1574 et
1963 1518 2013 1572 in
2057 1532 2201 1597 scim-

624 1620 727 1673 uiis
758 1619 883 1673 talia
909 1617 1284 1685 imaginantur.
1317 1616 1450 1683 Quid
1484 1617 1535 1667 in
1580 1610 1849 1667 iracundis
1871 1625 1976 1664 non
2006 1606 2198 1677 turpe?

622 1708 773 1763 Oculi
832 1707 1153 1779 injucundi,‘
1197 1722 1258 1760 os
1306 1706 1628 1767 distortum,
1674 1702 1911 1756 membra
1970 1699 2194 1755 tremula

620 1810 679 1855 et
722 1800 924 1863 inﬂata,
964 1799 1139 1868 lingua
1170 1796 1389 1850 infrenis
1426 1806 1480 1850 et
1530 1793 1728 1849 nemini
1772 1807 2012 1863 parcens,
2046 1805 2197 1844 mens

622 1893 679 1945 in
707 1904 949 1955 excessu,
983 1888 1194 1944 habitus
1223 1887 1494 1952 indecens,
1520 1886 1681 1940 multa
1729 1884 2034 1938 insuavitas.
2064 1882 2197 1938 Vide

620 1981 750 2035 mihi
780 1980 1231 2035 dzemoniacorum
1282 1973 1488 2042 oculos,
1531 1985 1587 2031 et
1628 1975 1920 2037 ebriorum,
1947 1983 2003 2029 et
2047 1973 2193 2026 insa~

621 2074 900 2138 nientium,
924 2071 1048 2141 quid
1078 2074 1215 2127 inter
1242 2085 1300 2126 se
1330 2069 1623 2124 diﬂ'erunt?
1660 2082 1837 2122 nonne
1860 2076 2023 2119 totum
2049 2065 2195 2119 furor

616 2167 740 2223 est?
766 2164 905 2234 Quid
935 2166 1077 2221 enim
1103 2165 1204 2220 etsi
1232 2163 1299 2218 ad
1331 2174 1540 2233 tempus
1587 2162 1685 2215 hoc
1713 2160 1837 2213 ﬁat?
1863 2159 1993 2213 Nam
2023 2168 2077 2213 et
2104 2159 2188 2213 in-

613 2259 836 2314 saniens
860 2257 926 2312 ad
950 2267 1159 2327 tempus
1186 2256 1493 2312 detinetur:
1527 2255 1629 2309 huc
1663 2263 1841 2308 autem
1868 2252 1997 2323 quid
2038 2252 2191 2307 dete-

615 2348 767 2402 rius?
792 2346 977 2417 Neque
1004 2348 1169 2417 pudet
1198 2347 1318 2402 illos
1346 2347 1412 2402 ad
1456 2345 1823 2402 defensionem
1844 2344 2056 2400 dicere:
2086 2344 2190 2400 Ne-

611 2440 845 2495 sciebam
888 2440 1017 2509 quid
1063 2440 1329 2506 dicebam,
1356 2438 1584 2496 aientes.
1637 2438 1706 2493 Et
1748 2452 1843 2493 cur
1890 2436 2189 2502 nesciebas,

610 2532 886 2586 rationalis
928 2541 983 2586 et
1009 2531 1222 2587 ratione
1269 2530 1527 2601 praeditus
1574 2530 1775 2585 homo?
1802 2544 1898 2584 cur
1941 2543 2039 2594 ea,
2071 2544 2193 2599 qua:

615 2625 891 2680 hrutorum
922 2633 1066 2691 sunt,
1099 2623 1249 2689 facis,
1281 2626 1417 2679 sicut
1446 2639 1614 2694 equus
1645 2622 1791 2679 ferox
1824 2624 1897 2678 ira
1931 2632 1984 2678 et
2011 2622 2190 2678 lurore

607 2715 931 2783 correptus?
972 2715 1095 2770 llaec
1121 2724 1269 2771 certe
1287 2715 1529 2771 defensio
1556 2715 1712 2784 culpa
1741 2731 1845 2769 non
1867 2724 2037 2769 vacat.
2072 2714 2184 2770 Uti-

609 2823 732 2861 nam
764 2807 1034 2873 scivisscs,
1054 2823 1173 2877 quae
1194 2806 1438 2863 dicebas!
1458 2806 1576 2870 Irae,
1610 2807 1837 2877 inquies,
1856 2806 2016 2861 verba
2041 2816 2185 2873 sunt,

609 2914 714 2953 non
744 2913 885 2953 mea.
931 2897 1211 2965 Quomodo
1252 2899 1347 2952 irae
1392 2906 1537 2963 sunt,
1578 2912 1698 2951 cum
1729 2897 1807 2952 ira
1838 2897 2034 2951 nullam
2079 2897 2186 2950 vim

611 2991 823 3056 habeat,
855 2991 956 3045 nisi
986 3005 1015 3045 a
1048 2999 1101 3046 te
1125 2990 1394 3059 accipiat?
1437 2990 1514 3044 Ac
1551 2990 1599 3044 si
1636 2989 1755 3060 quis
1783 2987 2024 3044 diceret:
2056 2988 2181 3043 Vul-

609 3098 736 3135 nera
767 3096 873 3135 non
906 3096 1044 3145 mea,
1072 3081 1166 3135 sed
1210 3094 1398 3133 manus
1428 3095 1561 3135 mea:
1588 3090 1732 3135 sunt.
1760 3079 1855 3136 Cui
1904 3080 1978 3135 rei
2028 3089 2184 3150 putas

604 3174 840 3226 maxime
872 3187 1015 3241 cpus
1060 3186 1180 3226 esse
1208 3170 1322 3225 ira?
1364 3186 1541 3226 nonne
1581 3171 1718 3225 bello
1759 3180 1815 3225 et
1843 3173 2069 3241 pugnae?
2116 3174 2186 3227 At

607 3265 675 3316 ibi
701 3265 881 3327 etiam,
903 3264 946 3317 si
968 3263 1095 3332 quid
1123 3278 1244 3317 cum
1272 3264 1346 3317 ira
1375 3262 1487 3329 ﬁat,
1517 3272 1682 3316 totum
1709 3262 1865 3331 periit
1889 3272 1942 3317 et
1969 3277 2181 3332 pessum

595 3354 754 3408 abiit.
785 3354 917 3417 Nam
947 3355 1303 3423 pugnantibus
1333 3358 1563 3408 maxime
1587 3356 1837 3409 convenit
1864 3350 1971 3409 non
2000 3354 2179 3423 irasci,

604 3448 712 3499 imo
733 3461 832 3501 nec
858 3446 942 3511 iis,
962 3448 1049 3515 qui
1072 3444 1447 3501 contumeliam
1473 3444 1708 3500 inferunt
1728 3447 1979 3502 convenit
1999 3446 2175 3502 irasci.

602 3538 675 3591 Et
725 3539 993 3605 quomodo
1037 3536 1383 3607 pugnandum
1446 3546 1569 3601 cst,
1630 3537 1881 3607 inquies?
1928 3538 2176 3607 Ratione,

604 3626 1013 3681 mansuetudine
1044 3645 1057 3679 :
1086 3635 1356 3680 certamen
1384 3626 1527 3680 enim
1557 3636 1639 3681 est
1666 3642 1732 3681 ex
1760 3626 1987 3683 adverso
2013 3639 2173 3683 stare.

601 3718 791 3770 Annon
836 3717 985 3772 vidcs
1013 3717 1127 3772 hare
1170 3718 1306 3771 bella
1355 3717 1501 3787 lege,
1528 3717 1717 3773 ordine
1745 3726 1802 3773 et
1849 3720 2179 3788 temporibus

594 3808 856 3863 deﬁnita?
901 3809 980 3864 Ira
1023 3810 1164 3865 enim
1208 3809 1336 3864 nihil
1368 3809 1511 3864 aliud
1537 3818 1623 3863 est
1662 3825 1821 3880 quam
1854 3811 2178 3867 irrationalis

598 3901 863 3969 impetus;
915 3901 1237 3955 irrationalis
1292 3910 1469 3957 autem
1517 3899 1648 3956 nihil
1698 3911 1875 3972 potest
1918 3904 2175 3960 rationale

597 3994 793 4049 facere.

668 4090 721 4142 4.
761 4089 915 4143 Certe
946 4089 1030 4142 hic
1061 4089 1181 4142 talia
1210 4088 1540 4159 loquebatur,
1575 4103 1671 4142 nec
1694 4088 2040 4143 irascebatur.
2069 4088 2172 4142 lle-

600 4184 695 4235 lias
721 4196 847 4243 vero
874 4182 1113 4235 diccbat:
1143 4182 1414 4250 Quousque
1437 4180 1735 4233 claudicatis
1756 4188 1963 4249 utroque
1983 4179 2174 4249 poplite

596 4272 849 4341 restro(3.
879 4272 1005 4341 Reg.
1027 4271 1112 4327 l8.
1142 4272 1269 4343 2|)?
1292 4287 1389 4327 nec
1414 4272 1761 4327 irascebatur.
1791 4270 2017 4327 Pliinees
2046 4272 2171 4327 item

593 4362 871 4417 occidebat
903 4363 1088 4434 (Num.
1120 4364 1234 4435 25),
1278 4375 1329 4419 et
1377 4379 1483 4419 non
1527 4364 1873 4419 irascebatur.
1918 4364 1998 4417 Ira
2028 4364 2169 4419 enim

594 4474 700 4511 non
731 4457 860 4511 sinit
889 4456 1091 4522 videre,
1121 4457 1214 4512 sed
1245 4458 1493 4511 omnibus
1520 4458 1668 4527 quasi
1696 4458 1749 4511 in
1778 4466 2036 4511 nocturna
2068 4472 2169 4526 pu-

596 4564 696 4621 gna
727 4549 923 4619 ligatis,
955 4549 1135 4602 oculos
1164 4558 1217 4603 et
1244 4564 1402 4603 aures
1444 4532 1605 4602 trahit
1646 4564 1753 4618 quo
1795 4548 2044 4603 voluerit.
2088 4548 2169 4603 Ab

596 4640 697 4694 hoc
727 4653 855 4709 ergo
881 4640 1123 4693 dzcmone
1154 4639 1466 4705 liberemur;
1492 4638 1834 4709 incipientem
1857 4640 2004 4693 illum
2020 4653 2167 4693 com-

594 4748 901 4800 poscamus;
927 4731 1158 4801 sigillum
1182 4733 1379 4800 pectori
1409 4746 1733 4800 apponamus
1757 4733 1904 4801 quasi
1933 4731 2164 4785 frenum.

592 4824 750 4879 Caius
780 4818 1062 4895 impudens
1091 4835 1172 4879 est
1209 4824 1325 4877 ira:
1358 4823 1450 4879 sed
1472 4823 1649 4877 discat
1674 4823 1859 4877 audire
1891 4822 2082 4891 legem.
2109 4822 2165 4877 Si

592 4920 660 4971 sit
685 4919 831 4972 canis
859 4920 909 4973 in
938 4926 1181 4974 armento
1212 4917 1286 4971 ira
1333 4916 1501 4981 ferox,
1537 4925 1593 4969 ut
1624 4915 1855 4969 bubulco
1884 4914 2164 4982 imperanti

592 5027 695 5063 non
729 5020 931 5080 pareat,
951 5025 1047 5065 nec
1075 5011 1190 5078 ejus
1214 5024 1397 5064 vocem
1419 5018 1693 5078 agnoscat,
1711 5008 1887 5061 omnia
1918 5016 2163 5077 pereunt.

590 5102 723 5156 Cum
754 5102 884 5171 ipsis
910 5102 1096 5155 ovibus
1128 5100 1386 5169 pascitur;
1435 5099 1527 5153 sed
1581 5099 1623 5153 si
1673 5099 1813 5167 ipsas
1853 5112 1981 5152 oves
2018 5097 2159 5162 edat,

590 5196 795 5250 inutilis
822 5203 903 5249 est
930 5202 984 5248 et
1008 5192 1287 5247 occiditur.
1316 5190 1637 5246 Sididicerit
1663 5199 1716 5243 te
1737 5188 1942 5251 audire,
1973 5188 2055 5243 ale
2076 5204 2163 5243 ea-

591 5301 745 5340 nem:
770 5284 916 5338 utilis
943 5293 1027 5339 est
1050 5292 1236 5337 contra
1263 5283 1437 5352 lupos,
1469 5291 1654 5336 contra
1688 5278 1944 5346 latrones,
1973 5288 2160 5335 contra

589 5377 760 5431 furum
790 5376 1082 5445 principem
1104 5374 1320 5434 latrans,
1350 5387 1453 5426 non
1481 5380 1666 5426 contra
1690 5386 1815 5425 oves
1837 5386 2013 5441 neque
2035 5386 2163 5426 con-

588 5480 666 5523 tra
696 5469 998 5524 familiares.
1024 5468 1079 5523 Si
1114 5482 1217 5520 non
1250 5464 1449 5527 audiat,
1481 5465 1655 5517 omnia
1689 5463 1895 5532 perdit:
1938 5464 1981 5517 si
2028 5478 2156 5518 con-

586 5569 827 5615 temnere
854 5559 1045 5623 discat,
1075 5556 1251 5611 omnia
1280 5553 1607 5623 pcssumdat.
1656 5554 2003 5608 Mansuetudo
2032 5569 2160 5625 ergo

585 5656 638 5709 in
662 5662 713 5708 te
734 5666 837 5707 non
859 5659 1220 5715 consumatur,
1248 5646 1342 5702 sed
1362 5661 1480 5702 eam
1502 5646 1763 5700 custodiat
1783 5646 1857 5700 ira
1885 5656 1938 5701 et
1958 5646 2160 5709 foveat;

583 5746 848 5802 custodiet
869 5754 1066 5808 autem,
1090 5753 1142 5796 et
1170 5743 1222 5794 in
1250 5730 1536 5793 securitate
1566 5737 1727 5791 multa
1754 5751 1974 5808 pascere
1994 5737 2155 5805 sinet,

584 5844 629 5892 si
660 5838 824 5891 malas
869 5848 1163 5905 pravasquc
1188 5831 1537 5900 cogitationes
1562 5838 1859 5894 consumat,
1894 5830 1939 5883 si
1969 5828 2158 5883 diabo-

582 5930 690 5984 lum
724 5929 953 5999 undique
984 5934 1351 5997 persequatur.
1392 5925 1479 5980 Sic
1508 5922 1856 5977 mansuetudo
1892 5929 2155 5990 servatur,

1381 495 1441 552 8.
1479 492 1755 551 JOANNIS
1790 490 2253 548 CllliYSOS'l‘lllll
2292 485 2605 545 ARCIIIEP.
2648 488 3178 547 CONS’I‘ANTINOP.

3793 490 3889 547 ιω

2310 615 2433 654 cum
2470 602 2597 655 nihil
2630 603 2828 657 malum
2856 609 2923 659 de
2949 604 3192 674 proximo
3212 603 3543 674 cogitamus:
3570 601 3651 659 sic
3675 619 3895 660 vent-ra-

2313 688 2446 744 biles
2474 692 2759 759 efﬁcimur,
2787 696 3003 761 quando
3036 694 3379 764 impudenter
3403 710 3565 765 agerc
3594 711 3702 749 non
3733 695 3897 751 diser

2312 799 2449 840 mus.
2476 784 2614 839 Nihil
2645 788 2788 841 enim
2816 789 2885 842 ita
2910 790 3272 859 impudentem
3302 788 3481 845 reddit
3514 798 3572 843 ut
3603 790 3741 843 mala
3766 804 3897 842 con-

2309 878 2550 932 scientia.
2570 878 2676 933 Cur
2693 882 3005 936 meretrices
3022 882 3355 952 impudentes
3373 880 3533 937 sunt?
3546 897 3643 936 cur
3659 882 3896 952 virgines

2311 969 2666 1038 pttdihundaz?
2709 987 2887 1027 nonne
2928 973 3031 1027 illa:
3072 989 3101 1027 a
3149 986 3386 1043 peccato,
3432 974 3514 1028 lia:
3540 989 3571 1027 a
3600 974 3894 1029 castitate?

2310 1063 2450 1117 Nihil
2479 1064 2620 1119 enim
2655 1067 2723 1117 ita
2753 1066 3115 1134 impudentem
3145 1067 3345 1134 reddit,
3374 1076 3429 1121 ut
3458 1075 3763 1137 peccatum.
3784 1066 3893 1120 lmo

2307 1165 2513 1219 contra,
2548 1158 2776 1227 inquies,
2808 1156 2860 1211 in
2894 1158 3148 1226 pudorem
3178 1159 3367 1227 injicit.
3398 1160 3569 1214 Etiam
3593 1168 3743 1213 certe
3771 1172 3892 1214 sese

2307 1248 2681 1315 damnantem;
2704 1250 2869 1304 alium
2903 1265 3030 1304 vero
3058 1250 3503 1319 impudentiorem
3537 1248 3713 1305 reddit
3738 1258 3893 1319 pctu-

2306 1340 2586 1396 lantiorem
2628 1363 2644 1399 :
2691 1358 2813 1397 nam
2840 1342 2928 1411 qui
2955 1342 3022 1396 de
3049 1356 3108 1397 sc
3136 1342 3404 1412 chperat,
3437 1342 3614 1397 audax
3639 1342 3888 1397 efﬁcitur.

2306 1430 2504 1503 Impius
2532 1434 2695 1499 enim,
2724 1434 2916 1503 inquit,
2963 1450 3077 1487 cum
3116 1434 3168 1487 in
3214 1434 3525 1504 profundum
3570 1444 3891 1503 peccatorum

2303 1526 2507 1591 venerit,
2532 1526 2805 1580 contemnit
2824 1524 3009 1596 (Prov.
3037 1527 3122 1582 18.
3153 1528 3229 1597 5).
3268 1526 3556 1596 [mpudens
3583 1542 3713 1583 vero
3740 1536 3892 1598 petu-

2303 1617 2419 1672 lans
2462 1617 2655 1684 fuerit;
2700 1618 2943 1687 petulans
2968 1627 3147 1674 autem
3173 1618 3343 1674 audax
3376 1630 3477 1674 est.
3515 1618 3609 1674 Vis
3652 1619 3889 1686 discere,

2300 1708 2641 1779 quandonam
2672 1710 3027 1765 mansuetudo
3052 1711 3434 1765 consumatur?
3458 1711 3589 1765 Cum
3621 1711 3779 1765 malm
3801 1726 3891 1767 co-

2300 1799 2583 1869 gitationes
2601 1801 2743 1854 illam
2762 1802 3093 1868 pertrahunt.
3115 1802 3219 1857 Sed
3238 1802 3448 1857 etiamsi
3466 1802 3569 1858 hoc
3592 1806 3888 1875 contingat,

2300 1888 2422 1958 quia
2455 1890 2689 1945 nondum
2732 1892 2883 1946 cauis
2911 1901 3018 1947 stat
3057 1894 3280 1948 multum
3312 1892 3537 1957 latrans,
3588 1909 3767 1964 neque
3808 1894 3887 1949 sic

2300 1978 2687 2049 desperandum
2724 1994 2830 2036 est.
2866 1983 2963 2038 Est
2992 1984 3188 2052 quippe
3230 1983 3385 2037 nobis
3435 1983 3597 2038 funda
3649 1992 3706 2038 et
3754 1983 3889 2053 lapis

2300 2070 2471 2138 (scitis
2498 2072 2639 2141 quod
2660 2073 2830 2141 dico),
2860 2083 2942 2128 est
2965 2075 3116 2128 nobis
3143 2074 3315 2141 hasta,
3338 2075 3490 2128 caula
3512 2084 3568 2130 et
3589 2074 3885 2142 stabulum,

2301 2163 2351 2216 in
2381 2179 2488 2232 quo
2513 2165 2865 2234 cogitationes
2898 2166 3092 2219 illaesas
3123 2180 3417 2220 servemus.
3450 2167 3505 2222 Si
3536 2166 3687 2221 canis
3711 2166 3889 2220 adule-

2301 2263 2385 2307 tur
2411 2254 2619 2318 nvibus,
2650 2253 2899 2325 furatque
2926 2264 2981 2310 et
3004 2256 3187 2325 vigilet
3223 2264 3410 2310 contra
3454 2266 3738 2322 externos;
3773 2254 3889 2311 hac

2298 2344 2465 2399 virtus
2492 2354 2575 2400 est
2594 2347 2775 2400 canis:
2802 2348 2924 2401 licet
2948 2349 3168 2414 esuriat,
3202 2363 3271 2402 ne
3298 2347 3545 2402 comedat
3566 2364 3728 2414 oves;
3764 2347 3889 2403 licet

2296 2446 2445 2492 satur
2470 2439 2559 2505 sit,
2588 2454 2656 2494 ne
2682 2449 2867 2509 parcat
2892 2439 3054 2509 lupis.
3087 2439 3233 2494 Talis
3262 2449 3317 2495 et
3342 2441 3420 2494 ira
3461 2441 3566 2496 sit:
3592 2440 3717 2495 licet
3742 2455 3889 2494 mor-

2294 2530 2506 2596 deatur,
2536 2546 2565 2584 a
2601 2531 3013 2586 mansuetudine
3054 2548 3120 2586 ne
3147 2531 3418 2597 discedat;
3454 2533 3578 2587 licet
3615 2532 3884 2602 quiescat,

2293 2626 2548 2680 advehus
2578 2626 2746 2680 malas
2775 2626 3128 2696 cogitationes
3152 2626 3415 2680 excitetur
3433 2641 3449 2679 :
3470 2639 3537 2681 ac
3555 2624 3695 2694 quod
3727 2640 3885 2679 suum

2292 2726 2396 2779 est,
2432 2717 2551 2772 licet
2600 2726 2820 2787 pungat,
2865 2733 2933 2772 ne
2977 2717 3212 2783 deserat,
3256 2716 3354 2771 sed
3404 2726 3690 2786 agnoscat;
3740 2715 3885 2786 quod

2292 2819 2471 2863 autem
2499 2809 2730 2863 alienum
2772 2818 2876 2873 est,
2907 2809 3031 2863 licet
3057 2808 3330 2874 aduletur,
3360 2807 3692 2877 pessumdel.
3724 2805 3886 2877 Szepe

2292 2898 2537 2954 diabolus
2588 2899 2740 2969 quasi
2789 2899 2940 2954 canis
2990 2899 3272 2964 adulatur,
3326 2898 3423 2953 sed
3475 2899 3649 2953 sciant
3693 2910 3887 2953 omnes

2291 2991 2520 3043 alienum
2551 3004 2690 3045 esse.
2740 2989 2831 3045 Sic
2873 2998 2930 3063 et
2975 3004 3075 3044 nos
3122 2990 3326 3055 virtuti,
3374 2989 3475 3044 etsi
3528 2988 3750 3043 molesta
3788 2989 3879 3055 sit,

2287 3082 2596 3148 adulemur;
2642 3089 2699 3137 et
2743 3082 3024 3147 malitiam,
3079 3081 3183 3136 etsi
3238 3079 3493 3144 thiﬁcet,
3544 3095 3882 3135 aversemur.

2288 3171 2365 3227 Ne
2393 3175 2559 3227 simus
2585 3171 2808 3226 canibus
2838 3171 3159 3238 deteriores,
3207 3171 3296 3241 qui
3345 3168 3599 3240 ﬂagellati
3646 3178 3704 3225 et
3748 3184 3883 3224 con-

2288 3263 2481 3329 stricti,
2522 3268 2626 3316 non
2654 3262 2939 3316 absistunt.
2969 3261 3025 3317 Si
3067 3262 3189 3317 illos
3214 3246 3393 3317 autem
3426 3270 3613 3330 pascat
3637 3260 3881 3330 alienus,

2286 3355 2559 3426 quomodo
2606 3371 2711 3409 non
2757 3359 2926 3426 magis
2958 3355 3261 3410 nocebunt?
3292 3356 3385 3410 Est
3411 3353 3699 3425 aliquando
3730 3355 3881 3408 utilis

2287 3446 2387 3513 ira,
2405 3447 2497 3502 sed
2520 3462 2639 3502 eum
2662 3447 2820 3500 latrat
2842 3455 3032 3501 contra
3064 3446 3289 3500 alienos.
3317 3444 3453 3513 Quid
3477 3456 3561 3500 est
3584 3444 3737 3511 illud,
3773 3445 3879 3512 Qui

2282 3540 2516 3593 irascitur
2534 3540 2682 3610 fratri
2696 3555 2791 3593 suo
2808 3549 2989 3595 temere
3005 3538 3220 3609 (Matth.
3240 3538 3293 3593 5.
3311 3537 3406 3608 ΞΩ)
3420 3538 3442 3589 ?
3456 3537 3514 3592 ld
3532 3546 3633 3603 est,
3653 3536 3731 3592 Ne
3746 3536 3883 3593 ulci-

2282 3646 2436 3687 scere
2458 3646 2556 3686 nee
2574 3631 2781 3686 vindica
2798 3631 3029 3699 teipsum
3048 3648 3062 3683 :
3081 3630 3125 3685 si
3146 3630 3307 3683 alium
3333 3638 3647 3699 pereuntem
3667 3627 3878 3697 videas,

2283 3724 2494 3793 porrige
2525 3731 2760 3778 manum.
2794 3724 2911 3778 Non
2944 3723 3051 3779 erit
3102 3723 3241 3776 ultra
3272 3722 3372 3787 ira,
3425 3736 3547 3776 cum
3578 3736 3609 3775 a
3657 3720 3880 3790 proprio

2280 3827 2428 3870 motu
2452 3825 2507 3869 et
2532 3815 2722 3871 affectu
2772 3815 2908 3873 liber
2949 3815 3077 3870 eris.
3117 3812 3486 3883 Apprehendit
3514 3811 3681 3866 David
3728 3810 3879 3867 Saﬁ-

2281 3906 2383 3961 lem
2416 3907 2489 3978 (l.
2517 3907 2643 3977 Reg.
2669 3905 2758 3961 26.
2792 3906 2891 3977 7),
2924 3920 3025 3961 nec
3055 3906 3130 3959 ira
3161 3912 3462 3959 commotus
3490 3912 3607 3969 est,
3637 3916 3739 3957 nec
3782 3917 3880 3957 ca-

2280 4008 2428 4070 ptum
2451 3998 2719 4053 inimicum
2739 3998 2885 4051 hasta
2903 3995 3172 4059 confodit;
3190 3995 3284 4050 sed
3304 3995 3450 4049 ultus
3468 4004 3547 4050 est
3574 3993 3875 4049 diabolum.

2282 4091 2490 4155 Moyses
2520 4104 2640 4144 cum
2668 4089 2900 4143 alienum
2935 4087 3219 4141 laedentem
3258 4086 3410 4150 vidit,
3438 4086 3634 4141 occidit
3662 4085 3874 4158 (Ea-od.

2275 4181 2329 4235 2.
2356 4181 2482 4248 12);
2508 4196 2628 4235 cum
2651 4193 3033 4249 congenerem,
3066 4192 3174 4232 non
3202 4178 3328 4232 item
3356 4193 3372 4241 ;
3404 4176 3498 4231 scd
3531 4177 3722 4233 fratres
3745 4179 3875 4249 qui-

2276 4272 2397 4327 dem
2427 4270 2805 4327 reconciliabat
2828 4311 2845 4337 ,
2878 4269 3083 4325 alienos
3110 4283 3241 4324 vero
3272 4268 3526 4339 pellebat.
3557 4268 3708 4325 Licet
3741 4285 3871 4324 eum

2278 4363 2617 4417 mitissimum
2665 4362 2831 4417 fuisse
2879 4360 3155 4430 Scriptura
3202 4360 3739 4433 testiﬁcetur(Num.
3774 4363 3871 4418 l2.

2278 4454 2343 4525 5)
2378 4469 2391 4517 ;
2424 4463 2657 4507 attamen
2699 4452 2921 4521 pervigil
2948 4462 3085 4507 erat.
3126 4451 3236 4505 Nos
3265 4461 3443 4507 autem
3477 4469 3583 4507 non
3628 4455 3699 4507 ita
3728 4472 3743 4507 :
3768 4457 3872 4511 sed

2276 4545 2365 4599 ubi
2398 4544 2859 4599 mansuetudinem
2885 4543 3143 4598 exhibere
3164 4553 3415 4612 oportet,
3457 4542 3585 4599 feris
3613 4546 3870 4602 omnibus

2274 4637 2563 4693 ferociores
2588 4652 2774 4692 sumus
2798 4652 2812 4700 ;
2860 4636 2947 4690 ubi
2975 4646 3153 4690 autem
3180 4636 3401 4691 excitari
3434 4651 3532 4706 par
3555 4646 3734 4704 esset,
3766 4638 3870 4692 ad.

2273 4728 2489 4782 modum
2517 4729 2692 4799 ignavi
2713 4738 2768 4782 et
2796 4728 2991 4797 supini.
3020 4728 3152 4794 Quia
3181 4727 3342 4797 igitur
3369 4728 3454 4795 iis,
3484 4745 3605 4799 qua:
3626 4732 3676 4783 in
3705 4731 3865 4786 nobis

2273 4830 2434 4888 sunt,
2464 4836 2568 4875 non
2599 4830 2656 4875 ut
2693 4836 2786 4889 par
2813 4832 2955 4875 esset
2982 4821 3183 4874 utimur
3209 4861 3224 4884 ,
3254 4821 3374 4875 ideo
3402 4822 3452 4873 iu
3497 4822 3722 4877 nihilum
3751 4828 3862 4880 vita

2272 4923 2454 4967 nostra
2482 4913 2835 4967 consumitur.
2865 4911 2938 4967 lla
2968 4919 3023 4965 et
3049 4912 3101 4965 in
3131 4912 3269 4965 vasis
3294 4914 3471 4967 evenit
3498 4932 3511 4966 :
3540 4914 3583 4966 si
3614 4914 3757 4967 aliud
3789 4917 3858 4970 ad

2270 4997 2434 5049 alium
2467 5011 2617 5050 nsum
2650 4994 3000 5050 adhibeamus
3024 5035 3040 5057 ,
3071 4994 3248 5049 omnia
3284 4997 3576 5065 perdimus.
3610 4996 3858 5067 Exempli

2269 5103 2427 5143 causa
2493 5089 2638 5159 iquis
2659 5088 2893 5157 gladium
2916 5096 3108 5153 sumat,
3137 5103 3233 5143 nec
3260 5089 3406 5143 illum
3431 5090 3497 5143 ad
3518 5104 3676 5144 suum
3698 5106 3856 5148 usum

2268 5180 2515 5234 adhibeat
2543 5221 2559 5246 ,
2594 5181 2689 5235 sed
2734 5196 2892 5234 manu
2926 5180 2979 5234 id
3022 5179 3196 5235 facere
3226 5191 3430 5247 tentet,
3462 5182 3593 5237 nihil
3620 5184 3850 5254 amplius

2267 5273 2423 5327 efﬁcit
2456 5290 2471 5337 ;
2500 5272 2637 5326 sicut
2654 5280 2710 5326 ct
2732 5272 2823 5341 qui
2848 5313 2862 5337 ,
2896 5271 2983 5326 ubi
3012 5286 3170 5326 manu
3199 5272 3308 5342 ipsa
3352 5274 3683 5342 operandum
3719 5283 3807 5331 est
3836 5319 3855 5343 ,

2266 5364 2442 5434 gladio
2474 5365 2663 5427 utitur,
2693 5363 2874 5418 omnia
2907 5362 3111 5432 perdet.
3146 5362 3235 5417 Sic
3263 5372 3317 5417 et
3343 5364 3603 5431 medicus,
3636 5367 3726 5437 qui
3756 5369 3856 5424 ubi

2264 5471 2451 5511 secare
2478 5463 2689 5524 oportet
2714 5470 2819 5509 non
2850 5464 2997 5509 secat
3020 5495 3035 5519 ,
3062 5464 3118 5509 et
3148 5455 3234 5509 ubi
3269 5469 3374 5508 non
3406 5465 3617 5524 oportet
3656 5468 3812 5513 secat
3837 5498 3861 5528 ,

2264 5549 2442 5604 omnia
2473 5547 2800 5616 pessumdat.
2824 5546 3180 5613 Quamobrem
3223 5562 3353 5615 rogo
3375 5587 3389 5608 ,
3418 5560 3518 5601 nos
3544 5558 3859 5615 Opportune

2266 5640 2369 5696 hac
2397 5656 2455 5694 re
2488 5648 2716 5693 utantur.
2762 5636 2857 5692 Ira:
2902 5646 3111 5707 tempus
3158 5651 3262 5689 nou
3292 5644 3412 5700 est,
3445 5636 3534 5690 ubi
3579 5650 3677 5691 nos
3704 5636 3860 5708 ipsos

2262 5748 2506 5803 iuvamus
2536 5746 2547 5788 :
2648 5744 2773 5784 vero
2792 5728 2926 5785 alios
2948 5729 3217 5797 corrigere
3238 5733 3503 5796 oporteat,
3529 5738 3654 5784 tunc
3678 5734 3859 5787 maxi-

2266 5841 2352 5880 me
2378 5826 2465 5880 illa
2489 5823 2743 5878 utendum
2774 5830 2856 5877 est
2880 5862 2895 5888 ,
2934 5829 2994 5875 ut
3020 5820 3155 5874 alios
3197 5835 3471 5875 eruamus.
3521 5822 3592 5876 Ita
3636 5833 3695 5879 et
3738 5823 3859 5879 Deo

2269 5917 2495 5987 aequales
2518 5917 2719 5971 erimus
2746 5955 2760 5981 ,
2807 5914 2851 5969 si
2898 5926 2997 5967 nos
3042 5914 3109 5968 ab
3140 5913 3212 5966 ira
3240 5926 3453 5981 semper
3482 5923 3765 5973 tueamur.
3799 5927 3857 5973 et
