4094 6544
225 434 318 492 139
1306 428 1374 483 ΙΝ
1411 426 1592 484 ACTA
1627 422 2162 480 APOSTOLOBUBL
2205 422 2440 480 IIOMIL.
2466 423 2634 480 XVII.

205 547 368 620 ψυχὴ,
384 543 593 617 ὀφείλει
614 545 883 619 πρότερον
899 546 958 600 ἰν
971 543 1150 616 λιμένι
1164 541 1322 599 εἶναι.
1340 544 1454 615 Οὐχ
1465 545 1600 616 δρᾷς
1615 541 1752 606 πῶς,
1766 541 1896 594 ὅταν

209 633 526 705 βουλώμεθα
559 635 692 705 περί
735 652 897 688 τινων
935 632 1249 701 ἀναγκαίων
1290 631 1672 702 διαλεχθῆναι,
1699 629 1896 690 τόπους

207 719 440 791 θορύϐου
474 721 757 792 καθαροὺς
806 717 1260 790 παρατηροῦμεν,
1295 718 1425 771 ἔνθα
1482 717 1705 790 ἡσυχία,
1761 714 1890 769 ἔνθα

206 809 440 881 γαλήνη,
472 810 563 863 ῖνα
595 810 672 880 μὴ
708 806 1106 880 ἐκκρουώμεθα
1130 824 1145 871 ;
1179 806 1244 860 Εἰ
1271 807 1330 860 δέ
1358 809 1388 860 ὁ
1414 806 1614 871 ἔξωθεν
1635 803 1892 876 ἐκκρούει

204 895 458 966 θόρυϐος,
485 895 669 966 πολλῷ
694 894 899 966 μᾶλλον
948 895 982 964 ὴ
1018 893 1166 947 ἔνδον
1199 906 1226 935 ι
1251 894 1490 964 ταραχή.
1519 891 1638 946 Κάν
1665 890 1893 962 εύχηταί

200 984 450 1053 τις,εἱκῆ
473 982 716 1054 εὔχεται,
740 981 878 1052 μετά
894 981 1064 1051 ὀργῆς
1086 982 1182 1035 καὶ
1198 980 1372 1050 θυμοῦ
1395 979 1554 1032 τοῦτο
1579 976 1766 1031 ποιῶν·
1790 975 1893 1029 κᾶν

204 1071 544 1141 φθέγγηται,
564 1070 970 1137 καταγέλαστος
993 1067 1168 1122 ἔσται·
1191 1068 1297 1121 κᾶν
1322 1069 1472 1138 σιγᾷ,
1491 1065 1652 1120 πάλιν
1668 1063 1891 1134 ὁμοίως·

202 1159 306 1212 κάν
329 1158 516 1230 ἐσθίῃ,
534 1158 629 1211 καὶ
650 1156 828 1222 οὕτως
855 1156 1083 1226 ἐϐλάϐη·
1099 1155 1202 1210 κάν
1223 1155 1377 1225 πίνῃ,
1399 1154 1504 1207 κᾶν
1520 1153 1596 1224 μὴ
1619 1153 1770 1223 πίνῃ,
1791 1150 1894 1204 κάν

203 1246 532 1314 καθέζηται,
562 1244 668 1298 κᾶν
690 1246 890 1317 στήκῃ.
914 1245 1019 1300 κᾶν
1038 1242 1254 1314 βαδίζῃ,
1281 1242 1388 1296 κᾶν
1407 1239 1662 1312 καθεύδῃ·
1678 1237 1895 1310 καὶγὰρ

203 1334 260 1384 ἐν
281 1334 400 1393 τοῖς
423 1331 659 1401 ὀνείροις
670 1332 894 1386 τοιαῦτα
910 1329 1295 1401 φαντάζονται.
1314 1327 1381 1381 Τί
1399 1328 1507 1397 γάρ
1519 1326 1626 1380 τῶν
1639 1326 1896 1380 τοιούτων

203 1419 302 1470 ούκ
333 1417 586 1486 ἀτοπον;
651 1417 955 1488 Ὀφθαλμοὶ
1006 1415 1216 1485 ἀηδεῖς,
1243 1415 1421 1486 στόμα
1445 1413 1894 1486 διεστραμμένον,

207 1505 347 1577 μέλη
399 1506 744 1577 κεκινημένα
801 1505 899 1558 καὶ
934 1503 1263 1568 οίδαίνοντα,
1311 1503 1537 1572 γλῶσσα
1587 1503 1898 1573 άκράτητος

205 1594 302 1647 καὶ
352 1593 575 1660 οὐδενὸς
631 1591 963 1663 φειδομένῃ,
1027 1590 1242 1645 διάνοια
1298 1590 1647 1660 ἐξεστηκυῖα,
1710 1588 1897 1658 σχῆμα

205 1681 480 1752 ἀπρεπὲς,
534 1680 706 1750 πολλὴ
757 1680 791 1750 ἡ
845 1679 1030 1750 ἀηδία.
1071 1679 1179 1731 Ἴδε
1232 1696 1324 1750 μοι
1357 1676 1468 1730 τῶν
1517 1675 1899 1747 δαιμονώντων

203 1770 326 1830 τοὺς
348 1766 670 1836 ὀφθαλμοὺς
711 1765 808 1819 καὶ
835 1764 946 1818 τῶν
977 1763 1292 1835 μεθυόντων
1318 1763 1416 1818 καὶ
1453 1761 1820 1833 μαινομένων,
1846 1761 1899 1812 τί

204 1854 558 1924 διεστήκασιν
584 1852 872 1923 ἀλλήλων;
902 1852 1023 1922 ούχλ⁵
1058 1852 1224 1923 μανία
1250 1851 1314 1903 τὺ
1337 1852 1448 1904 πᾶν
1486 1851 1639 1914 ἐστις
1670 1849 1741 1902 Τί
1767 1848 1897 1920 γὰρ,

205 1941 253 1991 εί
279 1939 424 2009 πρὸς
447 1939 642 2008 καιρὸν
694 1938 857 1993 τοῦτο
908 1940 1160 2008 γίνεται;
1199 1939 1313 1993 Καὶ
1365 1938 1476 2010 γὰρ
1515 1941 1545 1992 6
1575 1937 1902 2008 μαινόμενος

207 2027 342 2096 πρὸς
370 2026 568 2098 καιρὸν
600 2026 912 2098 κατέχεται·
962 2027 1156 2080 τούτου
1215 2027 1273 2080 δέ
1301 2027 1358 2081 τί
1387 2029 1607 2099 χεῖρον;
1662 2025 1774 2080 Kal
1800 2026 1902 2079 οὐκ

206 2115 559 2185 αἰσχύνονται
586 2116 681 2169 ἐπὶ
710 2119 777 2187 τῇ
808 2116 1096 2188 ἀπολογίᾳ·
1126 2117 1241 2170 Ούκ
1263 2115 1434 2188 ᾔδειν,
1466 2115 1622 2185 φησὶ,
1645 2114 1698 2168 τί
1724 2108 1899 2166 εἷπον.

207 2203 316 2256 Kal
331 2203 426 2258 διά
449 2203 508 2257 τί
552 2203 630 2276 μὴ
650 2204 802 2275 ᾔδεις
822 2204 985 2258 τοῦτο
1016 2207 1046 2258 6
1089 2203 1308 2271 λογικὸς
1329 2201 1641 2273 ἄνθρωπος,
1685 2201 1714 2253 6
1760 2200 1904 2269 λογι-

209 2292 345 2362 σμὸν
378 2293 559 2361 ἔχωνς
583 2293 673 2346 διὰ
695 2292 749 2344 τί
777 2292 847 2344 τά
872 2291 981 2343 τῶν
1002 2291 1216 2358 ἀλόγων
1244 2287 1393 2361 [Ml]
1419 2290 1615 2353 ποιεῖς,
1647 2286 1903 2358 καθάπερ

209 2378 378 2441 tum;
408 2377 604 2448 ἄγριος
631 2377 742 2432 ἀπὺ
768 2375 943 2446 θυμοῦ
977 2376 1072 2429 καὶ
1126 2376 1299 2447 ὀργῆς
1333 2376 1744 2446 συναρπαγείςς
1794 2376 1904 2429 Kal

214 2466 321 2536 μὴν
354 2467 392 2536 ἠ
446 2464 738 2533 ἀπολογία,
769 2462 1120 2536 ἐγκλήματος
1163 2463 1311 2530 ἀξία.
1343 2464 1472 2518 Εἰθε
1502 2463 1613 2536 γάρ
1665 2463 1836 2535 ᾔδεις,
1868 2462 1905 2517 ἀ

210 2553 423 2620 ἔλεγες.
455 2552 568 2606 Τοῦ
615 2550 815 2622 θυμοῦ,
850 2552 1039 2623 φησὶν,
1075 2551 1195 2604 ἐστὶ
1225 2551 1294 2605 τά
1343 2552 1588 2622 ῥήματα,
1620 2551 1721 2604 οὐκ
1769 2550 1900 2620 ἐμά.

212 2642 336 2706 Πῶς
370 2641 626 2707 ἐκείνου;
661 2640 775 2694 Kal
808 2640 916 2711 μὴν
962 2641 991 2692 6
1023 2639 1197 2708 θυμὸς
1220 2640 1324 2691 οὐκ
1356 2637 1472 2708 ἔχει
1500 2639 1677 2707 ίσχὺν,
1717 2637 1785 2690 ἂν
1830 2637 1906 2706 μὴ

213 2730 364 2800 παρά
379 2722 479 2782 οἶοῦ
497 2728 662 2799 λάϐῃ.
680 2726 769 2791 Ὠς
787 2728 883 2780 καὶ
901 2726 969 2780 ἀν
987 2726 1133 2778 εἴποι
1150 2740 1256 2789 τις·
1280 2725 1394 2794 Τῆς
1411 2724 1592 2796 χειρός
1608 2725 1780 2786 ἐστιν,
1803 2726 1906 2777 οὐκ

213 2818 321 2888 ἐμά
343 2816 414 2870 τά
441 2815 758 2888 τραύματα.
790 2815 856 2870 Τί
886 2815 988 2868 οίει
1020 2814 1255 2884 μάλιστα
1284 2813 1493 2866 δεῖσθαι
1533 2813 1746 2883 θυμοῦ;
1785 2813 1906 2883 ούχὶ

216 2903 459 2974 πόλεμον
487 2903 587 2957 καὶ
614 2904 828 2974 μάχην;
877 2902 1042 2956 Ἀλλά
1075 2901 1169 2956 καὶ
1198 2903 1316 2955 ἐκεῖ
1367 2900 1434 2955 ἂν
1467 2901 1605 2970 μετά
1638 2900 1816 2972 θυμοῦ
1856 2919 1907 2954 τι

214 2991 459 3062 γίνηται,
494 2991 559 3044 τὸ
585 2991 696 3045 πᾶν
725 2989 1046 3062 διέφθαρται
1078 2989 1175 3044 καὶ
1201 2989 1471 3042 ἀπόλωλε.
1520 2989 1772 3042 Μάλιστα
1800 2989 1909 3058 γάρ

213 3082 342 3144 τοὺς
366 3078 714 3150 μαχομένους
750 3077 1060 3149 θυμοῦσθαι
1085 3079 1147 3131 ού
1177 3078 1305 3148 χρή·
1333 3077 1574 3147 μάλιστα
1604 3078 1733 3140 τοὺς
1759 3077 1910 3148 ὑϐρί-

216 3167 410 3232 ζοντας
433 3165 744 3238 θυμοῦσθαι
795 3166 856 3220 οὐ
897 3167 1027 3236 χρή.
1062 3166 1175 3221 Kal
1227 3164 1347 3228 πῶς
1376 3163 1457 3218 ἔνι
1486 3164 1777 3236 μάχεσθαι,
1803 3182 1908 3235 φη-

219 3255 338 3320 σίν;
367 3256 554 3325 Λόγῳ,
576 3254 869 3325 ἐπιεικείᾳ·
898 3253 1046 3324 μάχη
1071 3254 1181 3324 γάρ
1205 3253 1322 3306 ἐστι
1342 3253 1405 3306 τὸ
1431 3252 1492 3318 ἐξ
1517 3255 1765 3316 ἐναντίας
1791 3255 1913 3325 στῆ-

218 3361 327 3398 ναι.
359 3345 435 3397 Ἦ
472 3343 575 3413 οὐχ
602 3343 738 3413 ὁρᾷς
768 3343 864 3396 καὶ
889 3341 1115 3405 τούτους
1144 3341 1272 3404 τοὺς
1330 3340 1604 3412 πολέμους
1634 3342 1784 3415 νόμῳ
1819 3345 1914 3397 καὶ

216 3431 464 3499 διατάξει
513 3432 609 3485 καὶ
665 3431 882 3502 καιροῖς
936 3429 1327 3500 ώρισμένους;
1365 3427 1551 3500 Θυμδς
1601 3431 1712 3503 γάρ
1760 3432 1912 3487 οὐδέν

219 3522 392 3584 ἐστιν,
419 3521 457 3591 ἦ
489 3518 638 3590 ὁρμὴ
662 3519 879 3589 ἀλογος·
916 3519 1101 3589 ἀλόγῳ
1129 3517 1186 3581 δέ
1226 3517 1382 3571 οὐδὲν
1419 3517 1637 3586 λογικὸν
1659 3519 1914 3588 γενέσθαι

217 3608 446 3662 δυνατόν
458 3649 468 3660 .

286 3787 351 3841 δ’.
370 3788 528 3840 Ἐπεὶ
542 3786 635 3840 καὶ
646 3779 804 3848 οὗτος
814 3784 1042 3840 τοιαῦτα
1055 3786 1377 3856 ἐφθέγγετο,
1391 3787 1599 3842 καὶούκ
1621 3788 1912 3860 ἐθυμοῦτο.

220 3875 329 3930 Kal
351 3877 381 3929 6
411 3874 604 3935 Ἠλίας
643 3873 850 3941 ἔλεγεν·
892 3875 1041 3940 Ἕως
1071 3876 1218 3927 πότε
1239 3875 1568 3944 χιιλιανεῖτε
1597 3877 1690 3930 ἐπ’
1727 3879 1919 3948 ἀμερο-

220 3961 418 4032 τέμιις
449 3960 582 4025 ταῖς
610 3961 844 4030 ἰγνύαις
874 3959 1078 4030 ὑμῶν;
1125 3962 1221 4015 καὶ
1254 3962 1356 4016 ούκ
1409 3962 1701 4035 ἐθυμοῦτο.
1751 3967 1861 4020 Kal
1889 3969 1919 4020 6

219 4051 406 4114 Φινεὲς
440 4049 669 4118 ἔσφαξε,
710 4048 804 4102 xal
835 4049 938 4101 ούκ
981 4047 1275 4120 ἐθυμοῦτο.
1320 4050 1379 4103 '0
1430 4049 1539 4121 γὰρ
1594 4050 1768 4124 θυμὸς
1817 4054 1918 4108 οὐκ

219 4140 454 4208 ἀφίησιν
484 4137 638 4199 ἰδεῖν,
667 4136 804 4190 ἀλλά
827 4136 1081 4207 καθάπερ
1109 4137 1169 4189 ἐν
1195 4138 1541 4208 νυκτομαχίᾳ
1575 4139 1761 4215 πάντα,
1795 4158 1920 4194 συν-

219 4226 412 4298 δήσας,
456 4226 554 4278 καὶ
574 4223 894 4294 ὀφθαλμοὺς
949 4225 1044 4276 καὶ
1075 4217 1214 4286 ὧτα,
1279 4223 1456 4289 οὕτως
1487 4225 1634 4294 ἀγει.
1675 4228 1918 4301 ὅπουπερ

221 4315 288 4368 ἂν
312 4314 500 4384 ἐθέλῃ.
549 4310 986 4381 Ἀπαλλαγῶμεν
1015 4307 1109 4366 οὖν
1143 4311 1338 4366 τούτου
1385 4312 1482 4366 τοῦ
1512 4315 1788 4385 δαίμονος,
1819 4318 1918 4388 ἀρ-

221 4402 456 4472 χόμενον
507 4399 674 4452 αὑτὸν
701 4399 1173 4470 καταστείλωμεν,
1205 4399 1306 4471 τὴν
1336 4402 1613 4470 σφραγῖδα
1640 4403 1921 4475 ἐπιθῶμεν

220 4490 299 4561 τῷ
323 4488 517 4561 στήθει
541 4487 797 4558 καθάπερ
834 4487 959 4541 τινὰ
1011 4489 1252 4558 χαλινόν.
1307 4489 1474 4544 Κύων
1507 4491 1657 4544 ἐστὶν
1695 4493 1920 4563 ἀναιδὴς

220 4580 251 4632 6
277 4577 476 4648 θυμός·
507 4575 648 4631 ἀλλά
702 4575 923 4646 μαθέτω
955 4575 1178 4630 ἀκούειν
1209 4575 1306 4631 τοῦ
1341 4577 1533 4648 νόμου.
1561 4581 1660 4632 “Av
1771 4581 1920 4635 κύων

222 4667 282 4721 ιν
311 4665 525 4736 ποίμνῃ
551 4663 727 4728 οὕτως
755 4663 971 4735 ἀγριος,
1004 4663 1082 4727 ὡς
1107 4664 1183 4735 μὴ
1212 4664 1500 4720 πείθεσθαι
1525 4669 1920 4738 προστάττοντι

221 4753 301 4826 τῷ
321 4751 594 4824 βουκόλῳ,
633 4751 769 4822 μηδὲ
796 4750 1186 4820 ἐπιγινώσκειν
1207 4752 1376 4806 αὑτοῦ
1390 4754 1490 4824 τὴν
1511 4755 1718 4827 φωνὴν,
1743 4758 1921 4811 πάντα

223 4841 482 4896 ἀπόλωλε
513 4841 610 4894 καί⁵
635 4839 980 4911 διέφθαρται.
1024 4841 1182 4895 Μετά
1213 4841 1325 4895 τῶν
1353 4842 1644 4913 προϐάτων
1674 4845 1919 4915 νέμεται·

224 4929 342 4984 ἀλλ’
367 4930 467 4984 ἐὰν
499 4927 844 5000 ἀπογεύηται
889 4929 1004 4982 τῶν
1035 4929 1352 4999 προϐάτων,
1384 4931 1656 5003 ἄχρηστός
1679 4935 1794 4987 ἐστι
1829 4936 1924 4988 καὶ

228 5017 702 5086 κατασφάττεται.
738 5017 802 5070 Εί
823 5016 1026 5089 ἔμαθεν
1048 5017 1268 5071 ἀκούειν
1294 5036 1412 5084 σου,
1435 5019 1633 5090 θρέψον
1648 5021 1741 5074 τὸν
1762 5022 1920 5077 κύνα·

226 5105 507 5179 χρήσιμός
557 5106 698 5168 ἐστι,
734 5104 874 5158 κατά
906 5105 1018 5158 τῶν
1057 5103 1262 5171 λύκων,
1303 5105 1446 5159 κατά
1474 5107 1585 5160 τῶν
1622 5111 1921 5181 πειρατῶν,

229 5196 377 5250 κατά
407 5193 506 5248 τοῦ
536 5193 846 5267 λῃστάρχου
882 5193 1154 5259 ὑλακτῶν,
1191 5194 1252 5247 ού
1288 5195 1432 5248 κατά
1457 5196 1770 5267 προϐάτων,
1804 5201 1927 5254 ούδέ

231 5285 380 5340 κατά
395 5283 640 5339 οἰκείων.
672 5285 771 5337 "Av
797 5282 872 5354 μὴ
901 5283 1097 5353 ἀκούῃ,
1121 5283 1306 5337 πάντα
1335 5283 1661 5356 διαφθείρει·
1686 5286 1754 5340 ἂν
1778 5287 1928 5363 μάθῃ

227 5374 626 5443 καταφρονεῖν,
660 5371 841 5424 πάντα
882 5369 1164 5426 ἀπολλύει.
1203 5370 1278 5423 T6
1313 5372 1494 5424 τοίνυν
1523 5373 1733 5445 ἥμερον
1781 5376 1841 5429 τὸ
1870 5379 1927 5430 ἐν

231 5463 318 5516 σοὶ
355 5461 437 5533 μὴ
467 5459 834 5526 ἀναλισκέτω,
863 5459 1002 5514 ἀλλά
1049 5457 1369 5527 φυλαττέτω
1396 5460 1426 5512 6
1483 5459 1656 5531 θυμὸς
1679 5463 1774 5517 καὶ
1806 5466 1930 5516 πῖον

229 5550 467 5605 ποιείτω
500 5547 552 5586 δ’
586 5547 816 5618 φυλάξει
839 5547 915 5614 δὲ,
951 5547 1049 5600 καὶ
1078 5549 1136 5601 ἐν
1158 5547 1434 5619 ἀσφαλείᾳ
1467 5549 1634 5621 πολλῇ
1666 5549 1928 5622 νέμεσθαι

230 5638 598 5710 καταστήσει,
635 5635 704 5690 ἀν
725 5635 852 5699 τοὺς
890 5636 1128 5706 μιαροὺς
1159 5635 1460 5706 λογισμοὺς
1483 5638 1579 5690 καὶ
1607 5640 1734 5702 τοὺς
1763 5656 1930 5711 πονη-

233 5728 366 5799 ρούς
393 5723 798 5795 καταναλίσκῃ,
835 5724 902 5778 ἂν
927 5723 1021 5777 τὸν
1059 5723 1312 5778 διάϐολον
1337 5723 1513 5797 διώκῃ
1569 5727 1926 5797 πανταχόθεν.

231 5817 424 5880 Οὕτως
449 5815 734 5871 ἐπιείκεια
770 5812 1120 5878 διασώζεται,
1149 5813 1282 5866 ὅταν
1314 5814 1568 5886 μηδαμοῦ
1599 5815 1678 5886 τῷ
1702 5816 1932 5888 πλησίον

234 5904 407 5960 κακόν
435 5921 491 5956 τι
519 5899 893 5971 λογιζώμεθα·
952 5899 1127 5964 οὕτως
1152 5901 1426 5972 αἰδέσιμσι
1485 5903 1769 5974 γινόμεθα,
1805 5904 1932 5958 ὅταν

293 6049 314 6076 ⁸
338 6049 441 6104 ΔΜ
465 6054 499 6110 ἡ
523 6049 724 6101 ἔνδοθεν.
796 6046 824 6088 δ
849 6047 952 6100 Alii
978 6048 1056 6096 καὶ
1093 6047 1291 6111 λιπαρὸν
1335 6049 1548 6099 nosam».

3569 421 3668 478 "0

2007 539 2081 608 μὴ
2113 537 2472 608 μανθάνωμεν
2502 538 2897 608 ἀναισχυντεῖν.
2944 537 3112 590 Οὐδὲν
3166 537 3272 609 γὰρ
3305 537 3478 601 οῦτως
3525 539 3674 594 ἀναίο

2006 637 2231 691 σχυντον
2257 623 2421 685 ποιεῖ,
2471 624 2549 685 ὡς
2581 620 2818 691 πονηρὸν
2867 620 3122 684 συνειδός.
3154 623 3254 674 Διά
3280 623 3333 674 τί
3378 623 3433 674 αἱ
3476 622 3670 691 πόρναι

2002 708 2348 779 ἀναίσχυντοί
2372 709 2516 776 είσι·;
2549 708 2638 763 3ιά
2665 709 2717 762 τί
2738 709 2796 764 al
2827 706 3089 779 παρθένοι
3128 709 3522 779 αἰσχυντηλαί;
3556 709 3672 760 Οὐκ

2000 796 2110 850 ἀπὸ
2163 798 2265 868 τῆς
2311 795 2584 866 ἁμαρτίας
2628 798 2862 862 ἐκείναις
2898 795 2999 848 ούκ
3023 793 3132 848 ἀπὸ
3184 795 3285 865 τῆς
3322 796 3675 865 σωφροσύνης

1998 879 2197 950 αὗταις
2252 882 2420 938 Οὐδὲν
2452 884 2563 956 γάρ
2606 883 2783 949 οὕτως
2807 884 3163 955 ἀναίσχυντον
3193 884 3358 945 ποιεῖ,
3390 882 3465 946 ώς
3491 885 3676 954 63mp-

2000 972 2112 1025 τία.
2144 973 2257 1025 Kal
2287 971 2392 1042 μὴν
2421 971 2750 1038 τούναντίον,
2768 972 2925 1044 φησὶ,
2948 970 3441 1045 κατ[αν]αισχύνει.
3459 972 3567 1024 Nal
3587 971 3678 1024 τὴν

2002 1059 2340 1127 καταγνόντα
2366 1058 2559 1114 ἐαυτοῦ
2585 1076 2602 1092 ·
2633 1058 2724 1114 τὸν
2751 1060 2810 1114 δὲ
2862 1059 3402 1132 ἀπηρυθριασμένον,
3434 1059 3533 1112 καὶ
3565 1060 3680 1111 ἰτα-

2005 1145 2250 1217 μώτερον
2305 1147 2617 1216 ἐργάζεται·
2657 1147 2688 1199 6
2717 1146 2827 1216 γὰρ
2867 1147 3144 1217 ἀπογνοὺς
3191 1147 3410 1211 ἐαυτοῦ,
3471 1146 3679 1218 θρασὺς

2001 1233 2234 1302 γίνεται.
2264 1232 2506 1300 Ἆσεϐὴς
2528 1233 2659 1303 γὰρ,
2691 1235 2875 1303 φησιν,
2903 1234 3099 1288 ἐλθὼν
3120 1236 3210 1300 είς
3232 1234 3429 1301 βάθος
3457 1233 3680 1295 κακῶν,

2003 1318 2386 1389 καταφρονεῖ.
2433 1319 2492 1373 '0
2521 1319 2580 1374 δέ
2609 1320 2983 1390 ἀναίσχυντος,
3029 1321 3127 1374 καί.
3180 1321 3374 1392 ίταμδς
3402 1321 3473 1375 ἀν
3499 1321 3608 1391 εἴη·
3655 1325 3685 1374 ὁ

2003 1411 2060 1465 δὲ
2095 1411 2308 1483 ίταμδς,
2337 1412 2432 1465 καὶ
2481 1410 2709 1482 θρασύς.
2743 1410 2933 1465 Βούλει
2956 1411 3151 1482 μαθεῖν
3182 1413 3312 1466 πότε
3333 1413 3684 1466 ἀναλίσκεται

2005 1500 2277 1553 ἐπιείκεια
2296 1510 2318 1538 ε
2343 1517 2359 1568 ;
2391 1500 2560 1554 Ὅταν
2581 1504 2809 1571 πονηροὶ
2823 1499 3076 1570 λογισμοὶ
3093 1500 3265 1572 αὐτὴν
3283 1501 3679 1571 διαμασῶνται.

2019 1586 2160 1639 Ἀλλ’
2182 1587 2233 1639 εί
2249 1587 2343 1640 καὶ
2370 1587 2530 1640 τοῦτο
2547 1587 2861 1658 συμϐαίνει,
2886 1588 2968 1641 ὅτι
3001 1587 3116 1660 μὴὸ
3133 1586 3280 1642 κύων
3308 1588 3507 1660 ἕστηκε
3544 1588 3684 1658 μέγα

2008 1671 2280 1737 ὑλακτῶν,
2303 1674 2427 1726 ούδέ
2448 1673 2622 1738 οὕτως
2652 1673 3054 1743 ἀπογινώσκειν
3085 1677 3214 1745 χρή.
3242 1677 3398 1729 Ἐστι
3420 1677 3532 1747 γὰρ
3553 1677 3684 1745 ἡμῖν

2007 1759 2102 1812 καὶ
2140 1757 2289 1831 [ua]
2320 1758 2580 1830 σφενδόνη
2605 1761 2699 1814 καὶ
2731 1759 2880 1824 λίθος
2910 1762 3047 1831 (τοτε
3075 1762 3138 1814 τδ
3169 1762 3508 1832 λεγόμενον)·
3538 1762 3686 1818 ἐστιν

2009 1848 2140 1918 ἡμῖν
2174 1847 2270 1903 καὶ
2298 1848 2450 1920 δόρυ,
2513 1849 2606 1902 καὶ
2643 1849 2874 1920 μάνδρα.
2931 1848 3026 1902 καὶ
3059 1850 3247 1920 σηκὸς.
3290 1851 3350 1903 ὲν
3380 1844 3425 1919 ᾧ
3451 1851 3676 1920 φυλάξο-

2012 1954 2113 2007 μεν
2148 1938 2275 2001 τοὺς
2307 1936 2603 2009 λογισμοὺς
2637 1939 2863 2002 ἀσινεῖς.
2917 1938 3016 1991 ’Δν
3063 1939 3093 1993 6
3119 1938 3267 1993 κύων
3297 1939 3458 2011 σαίνῃ
3492 1939 3591 2010 μὲν
3619 1939 3688 1993 τὰ

2009 2019 2280 2095 πρόϐατα,
2332 2025 2592 2098 ἀγριαίνῃ
2646 2025 2704 2079 δέ
2763 2026 2906 2081 κατά
2944 2025 3055 2080 τῶν
3114 2025 3220 2092 ἔξω
3279 2027 3369 2080 καὶ
3408 2028 3685 2099 ἀγρυπνῇ,

2007 2111 2169 2165 τοῦτο
2225 2113 2396 2183 ἀρετὴ
2445 2113 2628 2177 κυνός·
2666 2113 2770 2167 κάν
2817 2113 3087 2187 λιμώττῃ,
3145 2115 3221 2185 μὴ
3261 2114 3521 2184 γεύεσθαι
3579 2116 3687 2169 τῶν

2010 2197 2320 2269 προϐάτων·
2354 2196 2458 2252 κᾶν
2486 2199 2545 2252 ἐν
2601 2198 2883 2269 πλησμονῇ
3028 2201 3103 2270 μὴ
3143 2202 3420 2268 φείδεσθαι
3455 2204 3563 2256 τῶν
3592 2203 3688 2255 λύ-

2011 2301 2144 2339 κων.
2181 2282 2434 2339 Τοιοῦτον
2481 2285 2576 2338 καὶ
2622 2287 2651 2338 6
2702 2284 2895 2355 θυμός·
2950 2286 3056 2340 κᾶν
3104 2285 3390 2358 δάκνηται,
3427 2290 3528 2356 τῆς
3570 2293 3691 2342 ἐπι-

2008 2371 2220 2433 εικείας
2282 2370 2358 2442 μὴ
2408 2370 2762 2439 ἀφίστασθαι·
2802 2371 2906 2427 κᾶν
2963 2374 3020 2426 ἐν
3058 2375 3262 2444 ἠσυχίᾳ
3309 2371 3365 2446 ᾖ,
3424 2375 3689 2446 διεγείρε-

2014 2459 2138 2513 σθαι
2169 2458 2307 2529 πρὸς
2340 2459 2464 2523 τοὺς
2494 2461 2764 2531 πονηροὺς
2795 2460 3110 2532 λογισμούς·
3148 2463 3242 2516 καὶ
3275 2463 3336 2516 τὸ
3366 2463 3467 2533 μὲν
3492 2465 3693 2518 οίκεῖον

2013 2547 2107 2602 καὶ
2159 2545 2396 2616 πλῆττον
2435 2544 2512 2617 μὴ
2568 2548 3028 2617 καταλιμπάνειν,
3090 2549 3205 2602 ἀλλ’
3264 2553 3652 2619 ἐπιγινώσκειν
3677 2597 3691 2619 ,

2013 2634 2073 2686 τὸ
2109 2633 2166 2686 δὲ
2198 2632 2483 2703 ἀλλότριον
2535 2633 2630 2685 καὶ
2669 2635 2850 2688 σαῖνον
2887 2635 3267 2706 λυμαίνεσθαι.
3311 2637 3492 2692 Σαίνει
3514 2642 3543 2694 6
3578 2641 3694 2695 διάο

2015 2719 2170 2782 ϐολος
2204 2719 2468 2783 πολλάκις
2496 2719 2572 2783 ὡς
2607 2722 2637 2772 6
2661 2719 2834 2785 κύων,
2872 2722 3010 2776 ἀλλὰ
3036 2722 3230 2792 γνώτω
3269 2727 3397 2791 πᾶς,
3433 2727 3515 2779 ὅτι
3540 2729 3696 2782 ἀλλό-

2015 2809 2167 2879 τριός
2185 2807 2212 2847 ά
2232 2810 2404 2862 ἐστιν.
2441 2807 2603 2861 Οῦτω
2619 2808 2684 2879 δὴ
2707 2810 2804 2863 καὶ
2829 2812 2992 2881 ἡμεῖς
3026 2812 3128 2883 τὴν
3159 2813 3381 2886 ἀρετὴν,
3401 2815 3506 2870 κᾶν
3527 2816 3693 2888 λυπῇ,

2019 2896 2313 2968 σαίνωμεν·
2352 2897 2446 2949 καὶ
2478 2897 2580 2967 τὴν
2611 2897 2835 2965 κακίαν,
2865 2897 2971 2951 κᾶν
3010 2900 3300 2973 εὐφραίνῃ,
3331 2903 3694 2974 ἀποστρεφώ-

2020 2985 2182 3056 μεθα.
2213 2985 2306 3056 Μὴ
2339 2984 2629 3056 γενώμεθα
2659 2986 2878 3058 χείρους
2900 2987 3010 3041 τῶν
3043 2990 3242 3054 κυνῶν,
3283 2992 3334 3045 οἳ
3367 2995 3698 3066 μαπιζὸμε-

2019 3090 2098 3126 νοι
2137 3073 2233 3127 καὶ
2252 3073 2548 3144 ἀγχόμενοι
2604 3075 2705 3128 οὐκ
2738 3075 3088 3144 ἀφίστανται.
3133 3079 3231 3132 Ἂν
3285 3078 3343 3132 δέ
3371 3081 3567 3145 αὐτοὺς
3608 3084 3702 3136 xal

2018 3162 2194 3233 τρέφῃ
2221 3161 2250 3214 6
2273 3161 2578 3233 ἀλλότριος,
2615 3162 2736 3227 πῶς
2765 3163 2827 3217 ού
2866 3163 3068 3235 μᾶλλον
3093 3165 3392 3236 βλάψουσιν
3423 3180 3483 3234 ες
3513 3172 3702 3226 Ἔστιν

2018 3253 2106 3306 ὅτε
2137 3252 2406 3323 χρήσιμος
2437 3254 2466 3305 6
2501 3252 2693 3324 θυμὸς,
2734 3253 2851 3306 ἀλλ’
2876 3255 3006 3309 ὅταν
3061 3254 3267 3327 ύλακτῇ
3300 3258 3440 3311 κατά
3471 3259 3578 3312 τῶν
3610 3262 3704 3314 ἀλ-

2019 3339 2266 3413 λοτρίων.
2309 3342 2373 3394 Τί
2407 3342 2578 3406 ἐστιν,
2625 3341 2690 3395 '0
2714 3341 3086 3412 ὀργιζόμενος
3123 3344 3204 3411 τῷ
3241 3345 3484 3415 ἀδελφῷ
3517 3351 3705 3404 αὐτοῦ

2021 3428 2200 3497 είκῆ;
2240 3428 2393 3482 Ἀντί
2434 3427 2553 3495 τοῦ,
2595 3429 2688 3499 Μὴ
2727 3429 2902 3499 ἄμυνε
2943 3430 3146 3500 σαυτῷ,
3187 3434 3324 3502 μηδὲ
3380 3435 3586 3488 ἐκδίκει
3639 3437 3706 3490 ἂν

2022 3517 2211 3587 ἕτερον
2239 3517 2356 3589 ἴδῃς
2394 3516 2788 3587 ἀπολλύμενον,
2823 3517 3012 3586 ὄρεξον
3073 3520 3253 3589 χεῖρα.
3289 3521 3404 3574 Οὐκ
3430 3522 3511 3574 ἔτι
3535 3523 3708 3593 θυμὸς

2023 3604 2210 3658 λοιπὸν
2238 3603 2398 3656 τοῦτό
2427 3605 2598 3665 ἐστιν,
2633 3603 2763 3656 ὅταν
2793 3603 2894 3674 τῆς
2928 3604 3138 3667 οἰκείας
3175 3607 3518 3677 συμπαθείας
3539 3612 3710 3681 ἀπηλ-

2023 3692 2293 3764 λαγμένος
2313 3687 2400 3763 ᾗς.
2437 3689 2673 3744 Ἔλαϐεν
2707 3691 2737 3744 6
2768 3690 2932 3744 Δαυῖδ
2961 3691 3052 3744 τὸν
3095 3693 3286 3758 Σαοὺλ,
3315 3696 3410 3748 καὶ
3445 3698 3546 3750 οὐκ
3583 3697 3708 3751 ἐθυ-

2028 3781 2210 3854 μώθη,
2238 3781 2361 3834 ούδέ
2411 3778 2645 3849 ἐνέπηξε
2673 3779 2735 3833 τὸ
2773 3780 2924 3852 δόρυ,
2977 3781 3070 3834 τὸν
3103 3781 3299 3852 ἐχθρὸν
3339 3784 3542 3847 λαϐὼν,
3591 3787 3708 3840 ἀλλ’
3741 3834 3752 3847 ,

2026 3869 2276 3940 ἠμύνατο
2325 3867 2417 3922 τὸν
2455 3867 2723 3922 διάϐολον.
2764 3868 2823 3921 Ὀ
2862 3869 3124 3939 Μωῡσῆς,
3159 3871 3251 3923 ὅτε
3301 3871 3400 3941 μὲν
3429 3873 3709 3945 ἀλλότριον

2027 3959 2321 4014 ἀδικοῦντα
2374 3953 2504 4022 εἶδε,
2542 3957 2637 4011 καὶ
2676 3956 2909 4011 ἀνεῖλεν·
2949 3957 3041 4011 ὅτε
3099 3958 3157 4012 δὲ
3212 3960 3432 4025 οίκεῖον,
3471 3963 3570 4015 ούκ
3606 3964 3706 4016 ἔτι·

2027 4049 2165 4103 6116
2192 4048 2321 4111 τοὺς
2355 4046 2454 4118 μὲν
2488 4045 2755 4115 ἀδελφοὺς
2810 4046 3204 4117 κατήλλαττεν,
3239 4047 3486 4112 ἐκείνους
3529 4050 3586 4104 δὲ
3615 4053 3710 4104 καὶ

2028 4136 2323 4192 ἀπωθείτο.
2354 4133 2549 4188 Καίτοι
2603 4134 2910 4204 πραότατον
2945 4133 3108 4187 αὐτὸν
3144 4135 3391 4207 ἡΓραφὴ
3421 4143 3708 4209 μαρτυρεῖ,
3786 4146 3792 4151 ’

2029 4226 2144 4279 ἀλλ’
2173 4227 2325 4296 ὅμως
2349 4220 2420 4294 ἦν
2453 4225 2548 4278 καὶ
2577 4223 3028 4294 διεγηγερμένος.
3075 4224 3217 4277 Ἀλλ’
3260 4225 3359 4296 οὐχ
3391 4229 3571 4297 ἡμεῖς·
3596 4230 3712 4284 ἀλλ’

2030 4314 2159 4367 ἔνθα
2199 4314 2298 4384 μὲν
2330 4312 2616 4383 πραότητα
2648 4309 3061 4366 ἐπιδείκνυσθαι
3087 4311 3217 4384 χρὴ,
3262 4314 3484 4367 πάντων
3504 4316 3713 4388 θηρίων

2029 4403 2198 4475 ἐσμὲν
2237 4401 2588 4472 ἀγριώτεροι·
2643 4399 2769 4453 ἔνθα
2799 4399 2856 4453 δέ
2885 4400 3257 4472 διεγερθῆναι,
3298 4404 3514 4458 πάντων
3545 4406 3712 4461 νωθέ-

2032 4511 2211 4566 στεροι
2241 4495 2337 4548 καὶ
2376 4490 2756 4561 ύπνηλότεροι.
2810 4489 2964 4543 Ἐπεὶ
2995 4485 3089 4544 οὖν
3111 4490 3213 4545 οὒκ
3267 4495 3346 4556 είς
3373 4493 3491 4546 δέον
3521 4500 3714 4567 κεχρή.

2035 4583 2180 4656 μεθα
2209 4584 2325 4642 τοῖς
2352 4580 2369 4618 ί
2397 4581 2454 4632 ἐν
2483 4580 2638 4649 ἡμῖν,
2667 4577 2758 4630 διά
2791 4595 2873 4631 τοι
2925 4577 3084 4633 τοῦτο
3115 4580 3210 4633 καὶ
3257 4582 3340 4644 εἰς
3365 4583 3517 4636 οὐδὲν
3542 4584 3660 4637 δέον
3686 4588 3714 4638 ὁ

2036 4671 2148 4742 βίος
2171 4671 2300 4741 ἡμῖν
2339 4666 2635 4721 ἀνάλωται.
2680 4664 2838 4718 Οῦτω
2890 4668 2986 4720 καὶ
3019 4667 3077 4720 ἐν
3117 4666 3389 4731 σκεύεσιν,
3424 4671 3518 4724 ἐάν
3571 4673 3717 4744 ἀλλῳ

2031 4759 2209 4821 ἄλλως
2243 4753 2518 4827 χρήσηται
2547 4772 2654 4819 τις,
2689 4753 2758 4806 τά
2804 4754 2986 4808 πάντα
3013 4755 3330 4809 ἀπόλλυσιν·
3368 4755 3482 4810 οἷον
3517 4759 3582 4811 ἂν
3614 4763 3718 4830 μά-

2032 4864 2232 4920 χαιραν
2264 4843 2445 4899 λαϐών
2465 4861 2574 4907 τις,
2611 4842 2741 4894 ἔνθα
2771 4843 2907 4913 αὐτῇ
2963 4844 3202 4914 χρῆσθαι
3248 4844 3349 4909 δεῖ,
3388 4846 3463 4916 μὴ
3513 4847 3713 4918 χρῷτο,

2034 4937 2169 4991 ἀλλά
2220 4936 2286 5005 τῇ
2333 4932 2479 5003 χειρὶ
2530 4930 2692 4984 τοῦτο
2752 4934 2916 4995 ποιοῖ,
2972 4931 3125 4984 οὐδὲν
3181 4932 3344 4985 πλέον
3400 4935 3719 5005 ἐργάσεται·

2034 5027 2227 5094 ὥσπερ
2256 5022 2353 5077 καὶ
2405 5022 2435 5074 6
2491 5020 2623 5074 ἔνθα
2654 5023 2722 5090 τῇ
2753 5022 2900 5091 χειρὶ
2933 5020 3247 5091 χρήσασθαι
3298 5021 3425 5093 χρὴ,
3482 5024 3583 5091 τὴν
3618 5029 3721 5095 μά.

2035 5129 2236 5187 χαιραν
2293 5109 2715 5183 μεταχειρίζων,
2753 5109 2931 5161 πάντα
2963 5107 3030 5161 ἂν
3066 5107 3407 5164 ἀπολέσειεν.
3468 5110 3623 5167 Οὕτω
3657 5113 3721 5186 ὀὴ

2037 5203 2134 5258 καὶ
2170 5200 2375 5273 ἰατρὸς,
2411 5198 2540 5253 ἔνθα
2567 5197 2634 5252 ἀν
2662 5198 2883 5268 τέμνειν
2903 5195 3020 5269 δέῃ,
3065 5196 3141 5265 μὴ
3174 5198 3412 5267 τέμνων,
3471 5202 3564 5252 καὶ
3594 5201 3723 5256 ἔνθα

2035 5293 2102 5348 ἂν
2167 5295 2243 5363 μὴ
2298 5288 2426 5361 χρὴ,
2463 5286 2701 5358 τέμνων,
2743 5285 2924 5340 πάντα
2958 5283 3290 5354 διαφθείρει.
3342 5288 3433 5339 Διὸ
3469 5305 3720 5358 παρακα-

2037 5383 2137 5448 λῶ,
2174 5380 2337 5451 ἡμεῖς
2370 5378 2450 5441 είς
2489 5375 2682 5446 καιρὸν
2738 5373 3002 5446 χρώμεθα
3033 5372 3113 5443 τῷ
3165 5374 3477 5444 πράγματι.
3538 5379 3722 5449 Θυμοῦ

2038 5471 2148 5541 γάρ
2195 5466 2386 5538 καιρὸς
2442 5463 2706 5534 οὐδαμοῦ,
2762 5465 2893 5516 ὅταν
2942 5463 3156 5525 ἑαυτοῖς
3204 5462 3513 5534 βοηθῶμεν·
3557 5467 3623 5519 ἂν
3671 5468 3726 5521 δὲ

2040 5558 2264 5630 ἐτέρους
2321 5552 2619 5624 διορθῶσαι
2659 5549 2785 5621 χρὴ,
2836 5550 2957 5603 τότε
3017 5548 3255 5619 μάλιστα
3302 5550 3453 5621 αὐτῷ
3489 5554 3726 5624 χρῆσθαι

2037 5651 2139 5716 δεῖ,
2177 5651 2265 5703 ἴνα
2298 5647 2518 5716 ἐτέρους
2559 5643 2980 5714 ἐξαρπάσωμεν.
3030 5641 3191 5695 Οὕτω
3242 5644 3337 5696 καὶ
3374 5643 3569 5696 ίσόθεοι
3609 5647 3728 5698 ἐσόα

2046 5739 2208 5810 μεθα,
2259 5737 2321 5789 τὸ
2372 5736 2642 5805 ἀόργητον
2675 5728 2954 5799 πανταχοῦ
3010 5729 3418 5801 διατηροῦντες,
3477 5734 3569 5784 καὶ
3622 5735 3728 5790 τῶν

2108 5924 2131 5953 ε
2169 5918 2264 5970 Alii
2315 5917 2502 5980 θρασύς.
2547 5916 2677 5975 ’Ὀρα
2727 5920 2828 5970 πῶς
2871 5913 3177 5980 ἀναλίσκεται
3220 5915 3485 5980 inligata;
3520 5912 3559 5980 ,ἀ
3586 5912 3733 5964 ,1ίὶἱό

2045 5985 2172 6032 κύων
2193 5975 2367 6029 εἰδεται
2391 5982 2462 6026 ὅτι
2483 5979 2742 6037 ἀλλότριος.
2817 5990 2840 6016 ο
2878 5976 3166 6034 ’Λὶλὸτριοτη
3201 5979 3280 6022 καὶ
3303 5975 3733 6036 οὗτι.›β)άπτουσι,

2044 6047 2117 6100 δίε
2143 6046 2247 6096 ειη,
2321 6042 2338 6083 1
2364 6040 2465 6095 Alii
2490 6039 2818 6101 ὑπνηλότίροι,
2845 6037 3056 6098 οὐδαμοῦ
3080 6039 3141 6090 .ἰ;
3169 6040 3273 6085 δέον
3298 6052 3500 6097 κῑγρτμ.
3520 6053 3579 6085 ao:
3614 6039 3728 6093 τοῖς,
