  <div class='ocr_page' id='page_1' title='image "/cluster/home/n/w/nwhite01/storage/ocr_20150623/60/uva.x004246612/148.png"; bbox 0 0 4044 6486; ppageno 0'>
   <div class='ocr_carea' id='block_1_1' title="bbox 203 358 2542 445">
    <p class='ocr_par' dir='ltr' id='par_1_1' title="bbox 203 358 2542 445">
     <span class='ocr_line' id='line_1_1' title="bbox 203 358 2542 445; baseline -0.006 -10"><span class='ocrx_word' id='word_1_1' title='bbox 203 383 276 435; x_wconf 87' lang='grc' dir='ltr'><strong>ιιι</strong></span> <span class='ocrx_word' id='word_1_2' title='bbox 1164 370 1227 425; x_wconf 79' lang='lat' dir='ltr'><strong>IN</strong></span> <span class='ocrx_word' id='word_1_3' title='bbox 1268 369 1444 425; x_wconf 64' lang='lat' dir='ltr'><strong>acra</strong></span> <span class='ocrx_word' id='word_1_4' title='bbox 1490 364 2024 445; x_wconf 72' lang='lat' dir='ltr'><strong>.tPoS&#39;rowumt.</strong></span> <span class='ocrx_word' id='word_1_5' title='bbox 2070 362 2303 425; x_wconf 72' lang='lat' dir='ltr'><strong>llOMlL.</strong></span> <span class='ocrx_word' id='word_1_6' title='bbox 2350 358 2542 423; x_wconf 77' lang='lat' dir='ltr'><strong>XVttt.</strong></span> 
     </span>
    </p>
   </div>
   <div class='ocr_carea' id='block_1_2' title="bbox 187 485 1792 561">
    <p class='ocr_par' dir='ltr' id='par_1_2' title="bbox 187 485 1792 561">
     <span class='ocr_line' id='line_1_2' title="bbox 187 485 1792 561; baseline -0.009 -12"><span class='ocrx_word' id='word_1_7' title='bbox 187 499 347 549; x_wconf 80' lang='lat' dir='ltr'><strong>futura</strong></span> <span class='ocrx_word' id='word_1_8' title='bbox 378 506 800 561; x_wconf 79' lang='lat' dir='ltr'><strong>consequemur</strong></span> <span class='ocrx_word' id='word_1_9' title='bbox 833 491 997 556; x_wconf 38' lang='lat' dir='ltr'><strong>bona;</strong></span> <span class='ocrx_word' id='word_1_10' title='bbox 1040 491 1208 559; x_wconf 80' lang='lat' dir='ltr'><strong>gratia</strong></span> <span class='ocrx_word' id='word_1_11' title='bbox 1234 498 1288 542; x_wconf 91' lang='lat' dir='ltr'><strong>et</strong></span> <span class='ocrx_word' id='word_1_12' title='bbox 1324 487 1657 555; x_wconf 76' lang='lat' dir='ltr'><strong>benignitate</strong></span> <span class='ocrx_word' id='word_1_13' title='bbox 1688 485 1792 539; x_wconf 87' lang='lat' dir='ltr'><strong>Do-</strong></span> 
     </span>
    </p>
   </div>
   <div class='ocr_carea' id='block_1_3' title="bbox 195 577 1782 648">
    <p class='ocr_par' dir='ltr' id='par_1_3' title="bbox 195 577 1782 648">
     <span class='ocr_line' id='line_1_3' title="bbox 195 577 1782 648; baseline -0.003 -12"><span class='ocrx_word' id='word_1_14' title='bbox 195 585 303 639; x_wconf 79' lang='lat' dir='ltr'><strong>mini</strong></span> <span class='ocrx_word' id='word_1_15' title='bbox 341 581 512 638; x_wconf 87' lang='lat' dir='ltr'><strong>nostri</strong></span> <span class='ocrx_word' id='word_1_16' title='bbox 562 582 703 637; x_wconf 78' lang='lat' dir='ltr'><strong>Jesu</strong></span> <span class='ocrx_word' id='word_1_17' title='bbox 731 580 975 642; x_wconf 84' lang='lat' dir='ltr'><strong>Christi,</strong></span> <span class='ocrx_word' id='word_1_18' title='bbox 1019 581 1229 648; x_wconf 83' lang='lat' dir='ltr'><strong>quicum</strong></span> <span class='ocrx_word' id='word_1_19' title='bbox 1272 579 1411 632; x_wconf 79' lang='lat' dir='ltr'><strong>Patri</strong></span> <span class='ocrx_word' id='word_1_20' title='bbox 1461 589 1514 632; x_wconf 88' lang='lat' dir='ltr'><strong>et</strong></span> <span class='ocrx_word' id='word_1_21' title='bbox 1564 577 1782 647; x_wconf 92' lang='lat' dir='ltr'><strong>Spiritui</strong></span> 
     </span>
    </p>
   </div>
   <div class='ocr_carea' id='block_1_4' title="bbox 3423 360 3522 415">
    <p class='ocr_par' dir='ltr' id='par_1_4' title="bbox 3423 360 3522 415">
     <span class='ocr_line' id='line_1_4' title="bbox 3423 360 3522 415; baseline 0 -1"><span class='ocrx_word' id='word_1_22' title='bbox 3423 360 3439 414; x_wconf 80' lang='grc' dir='ltr'><strong>Ι</strong></span> <span class='ocrx_word' id='word_1_23' title='bbox 3461 363 3522 415; x_wconf 59' lang='lat' dir='ltr'><strong>lt?-</strong></span> 
     </span>
    </p>
   </div>
   <div class='ocr_carea' id='block_1_5' title="bbox 1908 485 3518 556">
    <p class='ocr_par' dir='ltr' id='par_1_5' title="bbox 1908 485 3518 556">
     <span class='ocr_line' id='line_1_5' title="bbox 1908 485 3518 556; baseline -0.001 -16"><span class='ocrx_word' id='word_1_24' title='bbox 1908 496 2098 541; x_wconf 85' lang='lat' dir='ltr'><strong>sancto</strong></span> <span class='ocrx_word' id='word_1_25' title='bbox 2125 485 2316 556; x_wconf 80' lang='lat' dir='ltr'><strong>gloria,</strong></span> <span class='ocrx_word' id='word_1_26' title='bbox 2362 486 2669 556; x_wconf 89' lang='lat' dir='ltr'><strong>imperium,</strong></span> <span class='ocrx_word' id='word_1_27' title='bbox 2701 485 2874 540; x_wconf 84' lang='lat' dir='ltr'><strong>honor</strong></span> <span class='ocrx_word' id='word_1_28' title='bbox 2902 528 2915 553; x_wconf 92' lang='lat'><strong>,</strong></span> <span class='ocrx_word' id='word_1_29' title='bbox 2948 503 3085 540; x_wconf 77' lang='lat' dir='ltr'><strong>mute</strong></span> <span class='ocrx_word' id='word_1_30' title='bbox 3115 495 3166 538; x_wconf 87' lang='lat' dir='ltr'><strong>ei</strong></span> <span class='ocrx_word' id='word_1_31' title='bbox 3197 501 3441 556; x_wconf 83' lang='lat' dir='ltr'><strong>semper,</strong></span> <span class='ocrx_word' id='word_1_32' title='bbox 3472 499 3518 542; x_wconf 60' lang='lat' dir='ltr'><strong>et</strong></span> 
     </span>
    </p>
   </div>
   <div class='ocr_carea' id='block_1_6' title="bbox 1908 578 2791 633">
    <p class='ocr_par' dir='ltr' id='par_1_6' title="bbox 1908 578 2791 633">
     <span class='ocr_line' id='line_1_6' title="bbox 1908 578 2791 633; baseline -0.003 -2"><span class='ocrx_word' id='word_1_33' title='bbox 1908 578 1958 632; x_wconf 93' lang='lat' dir='ltr'><strong>in</strong></span> <span class='ocrx_word' id='word_1_34' title='bbox 1986 579 2182 633; x_wconf 68' lang='lat' dir='ltr'><strong>saecula</strong></span> <span class='ocrx_word' id='word_1_35' title='bbox 2213 578 2554 632; x_wconf 65' lang='lat' dir='ltr'><strong>surculorum.</strong></span> <span class='ocrx_word' id='word_1_36' title='bbox 2600 578 2791 631; x_wconf 85' lang='lat' dir='ltr'><strong>Amen.</strong></span> 
     </span>
    </p>
   </div>
   <div class='ocr_carea' id='block_1_7' title="bbox 1561 792 2186 853">
    <p class='ocr_par' dir='ltr' id='par_1_7' title="bbox 1561 792 2186 853">
     <span class='ocr_line' id='line_1_7' title="bbox 1561 792 2186 853; baseline 0.002 -2"><span class='ocrx_word' id='word_1_37' title='bbox 1561 792 1898 852; x_wconf 73' lang='lat' dir='ltr'><strong>HOMILIA</strong></span> <span class='ocrx_word' id='word_1_38' title='bbox 1957 792 2186 853; x_wconf 81' lang='lat' dir='ltr'><strong>XVII].</strong></span> 
     </span>
    </p>
   </div>
   <div class='ocr_carea' id='block_1_8' title="bbox 194 937 1793 1002">
    <p class='ocr_par' dir='ltr' id='par_1_8' title="bbox 194 937 1793 1002">
     <span class='ocr_line' id='line_1_8' title="bbox 194 937 1793 1002; baseline -0.005 -6"><span class='ocrx_word' id='word_1_39' title='bbox 194 941 307 996; x_wconf 71' lang='lat' dir='ltr'><strong>CAP.</strong></span> <span class='ocrx_word' id='word_1_40' title='bbox 344 943 396 999; x_wconf 80' lang='grc'><strong>7.</strong></span> <span class='ocrx_word' id='word_1_41' title='bbox 442 959 488 995; x_wconf 80' lang='lat' dir='ltr'><strong>v.</strong></span> <span class='ocrx_word' id='word_1_42' title='bbox 542 942 638 997; x_wconf 69' lang='grc'><strong>54.</strong></span> <span class='ocrx_word' id='word_1_43' title='bbox 691 942 963 995; x_wconf 65' lang='lat' dir='ltr'><strong>Audientes</strong></span> <span class='ocrx_word' id='word_1_44' title='bbox 1003 950 1168 991; x_wconf 80' lang='lat' dir='ltr'><strong>autem</strong></span> <span class='ocrx_word' id='word_1_45' title='bbox 1218 941 1323 991; x_wconf 75' lang='lat' dir='ltr'><strong>hcce</strong></span> <span class='ocrx_word' id='word_1_46' title='bbox 1350 981 1362 1002; x_wconf 91' lang='lat'><strong>,</strong></span> <span class='ocrx_word' id='word_1_47' title='bbox 1407 937 1793 990; x_wconf 72' lang='lat' dir='ltr'><strong>disseCubantur</strong></span> 
     </span>
    </p>
   </div>
   <div class='ocr_carea' id='block_1_9' title="bbox 258 1032 1562 1094">
    <p class='ocr_par' dir='ltr' id='par_1_9' title="bbox 258 1032 1562 1094">
     <span class='ocr_line' id='line_1_9' title="bbox 258 1032 1562 1094; baseline -0.006 -4"><span class='ocrx_word' id='word_1_48' title='bbox 258 1035 490 1090; x_wconf 74' lang='lat' dir='ltr'><strong>cordibus</strong></span> <span class='ocrx_word' id='word_1_49' title='bbox 518 1036 658 1094; x_wconf 84' lang='lat' dir='ltr'><strong>suis.</strong></span> <span class='ocrx_word' id='word_1_50' title='bbox 696 1045 743 1089; x_wconf 86' lang='lat' dir='ltr'><strong>et</strong></span> <span class='ocrx_word' id='word_1_51' title='bbox 775 1035 1053 1088; x_wconf 85' lang='lat' dir='ltr'><strong>stridebant</strong></span> <span class='ocrx_word' id='word_1_52' title='bbox 1083 1033 1316 1085; x_wconf 84' lang='lat' dir='ltr'><strong>dentibus</strong></span> <span class='ocrx_word' id='word_1_53' title='bbox 1348 1032 1398 1083; x_wconf 87' lang='lat' dir='ltr'><strong>in</strong></span> <span class='ocrx_word' id='word_1_54' title='bbox 1431 1047 1562 1083; x_wconf 78' lang='lat' dir='ltr'><strong>eunt.</strong></span> 
     </span>
    </p>
   </div>
   <div class='ocr_carea' id='block_1_10' title="bbox 258 1123 1796 1196">
    <p class='ocr_par' dir='ltr' id='par_1_10' title="bbox 258 1123 1796 1196">
     <span class='ocr_line' id='line_1_10' title="bbox 258 1123 1796 1196; baseline -0.005 -13"><span class='ocrx_word' id='word_1_55' title='bbox 258 1134 301 1183; x_wconf 86' lang='grc' dir='ltr'>ι.</span> <span class='ocrx_word' id='word_1_56' title='bbox 347 1130 540 1182; x_wconf 77' lang='lat' dir='ltr'><strong>Mirum</strong></span> <span class='ocrx_word' id='word_1_57' title='bbox 594 1144 733 1182; x_wconf 88' lang='lat' dir='ltr'><strong>sane</strong></span> <span class='ocrx_word' id='word_1_58' title='bbox 761 1170 774 1188; x_wconf 86' lang='lat'><strong>,</strong></span> <span class='ocrx_word' id='word_1_59' title='bbox 824 1127 1094 1196; x_wconf 88' lang='lat' dir='ltr'><strong>quomodo</strong></span> <span class='ocrx_word' id='word_1_60' title='bbox 1135 1127 1476 1179; x_wconf 65' lang='lat' dir='ltr'><strong>occisionem</strong></span> <span class='ocrx_word' id='word_1_61' title='bbox 1518 1123 1796 1178; x_wconf 81' lang='lat' dir='ltr'><strong>occidendi</strong></span> 
     </span>
    </p>
   </div>
   <div class='ocr_carea' id='block_1_11' title="bbox 192 1217 1798 1289">
    <p class='ocr_par' dir='ltr' id='par_1_11' title="bbox 192 1217 1798 1289">
     <span class='ocr_line' id='line_1_11' title="bbox 192 1217 1798 1289; baseline -0.004 -14"><span class='ocrx_word' id='word_1_62' title='bbox 192 1239 242 1275; x_wconf 77' lang='lat' dir='ltr'><strong>cx</strong></span> <span class='ocrx_word' id='word_1_63' title='bbox 273 1220 429 1275; x_wconf 88' lang='lat' dir='ltr'><strong>dictis</strong></span> <span class='ocrx_word' id='word_1_64' title='bbox 472 1234 586 1274; x_wconf 90' lang='lat' dir='ltr'><strong>non</strong></span> <span class='ocrx_word' id='word_1_65' title='bbox 639 1231 1005 1289; x_wconf 85' lang='lat' dir='ltr'><strong>acceperunt,</strong></span> <span class='ocrx_word' id='word_1_66' title='bbox 1051 1219 1144 1272; x_wconf 77' lang='lat' dir='ltr'><strong>sed</strong></span> <span class='ocrx_word' id='word_1_67' title='bbox 1177 1217 1349 1270; x_wconf 88' lang='lat' dir='ltr'><strong>adlmc</strong></span> <span class='ocrx_word' id='word_1_68' title='bbox 1396 1217 1668 1270; x_wconf 91' lang='lat' dir='ltr'><strong>insaniunt</strong></span> <span class='ocrx_word' id='word_1_69' title='bbox 1699 1257 1711 1278; x_wconf 90' lang='lat'><strong>,</strong></span> <span class='ocrx_word' id='word_1_70' title='bbox 1744 1224 1798 1268; x_wconf 85' lang='lat' dir='ltr'><strong>et</strong></span> 
     </span>
    </p>
   </div>
   <div class='ocr_carea' id='block_1_12' title="bbox 191 1309 1794 1384">
    <p class='ocr_par' dir='ltr' id='par_1_12' title="bbox 191 1309 1794 1384">
     <span class='ocr_line' id='line_1_12' title="bbox 191 1309 1794 1384; baseline -0.003 -17"><span class='ocrx_word' id='word_1_71' title='bbox 191 1331 387 1368; x_wconf 83' lang='lat' dir='ltr'><strong>causam</strong></span> <span class='ocrx_word' id='word_1_72' title='bbox 427 1323 717 1384; x_wconf 62' lang='lat' dir='ltr'><strong>quaerunt.</strong></span> <span class='ocrx_word' id='word_1_73' title='bbox 765 1313 838 1368; x_wconf 88' lang='lat' dir='ltr'><strong>Ita</strong></span> <span class='ocrx_word' id='word_1_74' title='bbox 870 1327 1085 1380; x_wconf 79' lang='lat' dir='ltr'><strong>semper</strong></span> <span class='ocrx_word' id='word_1_75' title='bbox 1127 1311 1177 1363; x_wconf 89' lang='lat' dir='ltr'><strong>in</strong></span> <span class='ocrx_word' id='word_1_76' title='bbox 1223 1311 1376 1362; x_wconf 91' lang='lat' dir='ltr'><strong>malis</strong></span> <span class='ocrx_word' id='word_1_77' title='bbox 1407 1319 1531 1362; x_wconf 86' lang='lat' dir='ltr'><strong>sunt</strong></span> <span class='ocrx_word' id='word_1_78' title='bbox 1577 1309 1665 1378; x_wconf 86' lang='lat' dir='ltr'><strong>qui</strong></span> <span class='ocrx_word' id='word_1_79' title='bbox 1711 1309 1794 1362; x_wconf 84' lang='lat' dir='ltr'><strong>in-</strong></span> 
     </span>
    </p>
   </div>
   <div class='ocr_carea' id='block_1_13' title="bbox 191 1399 1793 1474">
    <p class='ocr_par' dir='ltr' id='par_1_13' title="bbox 191 1399 1793 1474">
     <span class='ocr_line' id='line_1_13' title="bbox 191 1399 1793 1474; baseline -0.002 -19"><span class='ocrx_word' id='word_1_80' title='bbox 191 1407 318 1474; x_wconf 84' lang='lat' dir='ltr'><strong>juste</strong></span> <span class='ocrx_word' id='word_1_81' title='bbox 361 1413 557 1474; x_wconf 82' lang='lat' dir='ltr'><strong>agunt.</strong></span> <span class='ocrx_word' id='word_1_82' title='bbox 598 1404 787 1471; x_wconf 86' lang='lat' dir='ltr'><strong>Itaque</strong></span> <span class='ocrx_word' id='word_1_83' title='bbox 837 1411 895 1455; x_wconf 89' lang='lat' dir='ltr'><strong>ut</strong></span> <span class='ocrx_word' id='word_1_84' title='bbox 947 1402 1218 1471; x_wconf 86' lang='lat' dir='ltr'><strong>principes</strong></span> <span class='ocrx_word' id='word_1_85' title='bbox 1261 1400 1604 1454; x_wconf 66' lang='lat' dir='ltr'><strong>sacerdotum</strong></span> <span class='ocrx_word' id='word_1_86' title='bbox 1650 1399 1793 1452; x_wconf 79' lang='lat' dir='ltr'><strong>anxii</strong></span> 
     </span>
    </p>
   </div>
   <div class='ocr_carea' id='block_1_14' title="bbox 192 1490 1796 1566">
    <p class='ocr_par' dir='ltr' id='par_1_14' title="bbox 192 1490 1796 1566">
     <span class='ocr_line' id='line_1_14' title="bbox 192 1490 1796 1566; baseline -0.004 -17"><span class='ocrx_word' id='word_1_87' title='bbox 192 1498 421 1552; x_wconf 69' lang='lat' dir='ltr'><strong>dicebant</strong></span> <span class='ocrx_word' id='word_1_88' title='bbox 446 1515 460 1550; x_wconf 89' lang='lat'><strong>:</strong></span> <span class='ocrx_word' id='word_1_89' title='bbox 492 1496 642 1562; x_wconf 83' lang='lat' dir='ltr'><strong>Quid</strong></span> <span class='ocrx_word' id='word_1_90' title='bbox 679 1495 925 1566; x_wconf 72' lang='lat' dir='ltr'><strong>faciemus</strong></span> <span class='ocrx_word' id='word_1_91' title='bbox 962 1495 1246 1547; x_wconf 85' lang='lat' dir='ltr'><strong>hominibus</strong></span> <span class='ocrx_word' id='word_1_92' title='bbox 1273 1492 1384 1546; x_wconf 91' lang='lat' dir='ltr'><strong>istis</strong></span> <span class='ocrx_word' id='word_1_93' title='bbox 1412 1491 1551 1560; x_wconf 83' lang='lat' dir='ltr'><strong>(Act.</strong></span> <span class='ocrx_word' id='word_1_94' title='bbox 1579 1491 1630 1545; x_wconf 78' lang='grc'><strong>4.</strong></span> <span class='ocrx_word' id='word_1_95' title='bbox 1658 1490 1747 1558; x_wconf 75' lang='grc'><strong>16)</strong></span> <span class='ocrx_word' id='word_1_96' title='bbox 1773 1491 1796 1543; x_wconf 86' lang='lat'><strong>?</strong></span> 
     </span>
    </p>
   </div>
   <div class='ocr_carea' id='block_1_15' title="bbox 194 1585 1796 1657">
    <p class='ocr_par' dir='ltr' id='par_1_15' title="bbox 194 1585 1796 1657">
     <span class='ocr_line' id='line_1_15' title="bbox 194 1585 1796 1657; baseline -0.004 -14"><span class='ocrx_word' id='word_1_97' title='bbox 194 1589 256 1643; x_wconf 85' lang='lat' dir='ltr'><strong>lta</strong></span> <span class='ocrx_word' id='word_1_98' title='bbox 287 1601 335 1644; x_wconf 77' lang='lat' dir='ltr'><strong>et</strong></span> <span class='ocrx_word' id='word_1_99' title='bbox 364 1591 417 1644; x_wconf 92' lang='lat' dir='ltr'><strong>hi</strong></span> <span class='ocrx_word' id='word_1_100' title='bbox 446 1590 824 1644; x_wconf 87' lang='lat' dir='ltr'><strong>dissecautur.</strong></span> <span class='ocrx_word' id='word_1_101' title='bbox 857 1589 1014 1657; x_wconf 86' lang='lat' dir='ltr'><strong>Atqui</strong></span> <span class='ocrx_word' id='word_1_102' title='bbox 1049 1588 1137 1641; x_wconf 89' lang='lat' dir='ltr'><strong>ille</strong></span> <span class='ocrx_word' id='word_1_103' title='bbox 1160 1595 1275 1639; x_wconf 87' lang='lat' dir='ltr'><strong>erat</strong></span> <span class='ocrx_word' id='word_1_104' title='bbox 1305 1628 1318 1650; x_wconf 95' lang='lat'><strong>,</strong></span> <span class='ocrx_word' id='word_1_105' title='bbox 1351 1585 1441 1653; x_wconf 88' lang='lat' dir='ltr'><strong>qui</strong></span> <span class='ocrx_word' id='word_1_106' title='bbox 1471 1597 1796 1638; x_wconf 76' lang='lat' dir='ltr'><strong>succensere</strong></span> 
     </span>
    </p>
   </div>
   <div class='ocr_carea' id='block_1_16' title="bbox 192 1677 1795 1749">
    <p class='ocr_par' dir='ltr' id='par_1_16' title="bbox 192 1677 1795 1749">
     <span class='ocr_line' id='line_1_16' title="bbox 192 1677 1795 1749; baseline -0.002 -17"><span class='ocrx_word' id='word_1_107' title='bbox 192 1682 404 1734; x_wconf 60' lang='lat' dir='ltr'><strong>debellat</strong></span> <span class='ocrx_word' id='word_1_108' title='bbox 426 1721 439 1742; x_wconf 90' lang='lat'><strong>,</strong></span> <span class='ocrx_word' id='word_1_109' title='bbox 493 1680 594 1749; x_wconf 85' lang='lat' dir='ltr'><strong>qui</strong></span> <span class='ocrx_word' id='word_1_110' title='bbox 629 1679 764 1733; x_wconf 82' lang='lat' dir='ltr'><strong>nihil</strong></span> <span class='ocrx_word' id='word_1_111' title='bbox 811 1680 1022 1733; x_wconf 72' lang='lat' dir='ltr'><strong>lwserat</strong></span> <span class='ocrx_word' id='word_1_112' title='bbox 1046 1721 1059 1744; x_wconf 92' lang='lat'><strong>,</strong></span> <span class='ocrx_word' id='word_1_113' title='bbox 1091 1689 1139 1732; x_wconf 90' lang='lat' dir='ltr'><strong>et</strong></span> <span class='ocrx_word' id='word_1_114' title='bbox 1170 1693 1232 1731; x_wconf 91' lang='lat' dir='ltr'><strong>ac</strong></span> <span class='ocrx_word' id='word_1_115' title='bbox 1263 1679 1305 1730; x_wconf 94' lang='lat' dir='ltr'><strong>si</strong></span> <span class='ocrx_word' id='word_1_116' title='bbox 1349 1677 1576 1730; x_wconf 71' lang='grc' dir='ltr'><strong>Ιςυείεδοι</strong></span> <span class='ocrx_word' id='word_1_117' title='bbox 1607 1690 1795 1744; x_wconf 81' lang='lat' dir='ltr'><strong>passus</strong></span> 
     </span>
    </p>
   </div>
   <div class='ocr_carea' id='block_1_17' title="bbox 191 1768 1796 1839">
    <p class='ocr_par' dir='ltr' id='par_1_17' title="bbox 191 1768 1796 1839">
     <span class='ocr_line' id='line_1_17' title="bbox 191 1768 1796 1839; baseline -0.004 -13"><span class='ocrx_word' id='word_1_118' title='bbox 191 1784 231 1826; x_wconf 71' lang='lat' dir='ltr'><strong>et</strong></span> <span class='ocrx_word' id='word_1_119' title='bbox 259 1771 540 1824; x_wconf 69' lang='lat' dir='ltr'><strong>ealutnniis</strong></span> <span class='ocrx_word' id='word_1_120' title='bbox 585 1771 870 1839; x_wconf 70' lang='lat' dir='ltr'><strong>impolitus</strong></span> <span class='ocrx_word' id='word_1_121' title='bbox 908 1769 1027 1823; x_wconf 89' lang='lat' dir='ltr'><strong>fuit.</strong></span> <span class='ocrx_word' id='word_1_122' title='bbox 1059 1768 1164 1824; x_wconf 85' lang='lat' dir='ltr'><strong>Sed</strong></span> <span class='ocrx_word' id='word_1_123' title='bbox 1211 1769 1334 1822; x_wconf 89' lang='lat' dir='ltr'><strong>hinc</strong></span> <span class='ocrx_word' id='word_1_124' title='bbox 1379 1768 1796 1821; x_wconf 75' lang='lat' dir='ltr'><strong>calumniatores</strong></span> 
     </span>
    </p>
   </div>
   <div class='ocr_carea' id='block_1_18' title="bbox 192 1861 1792 1931">
    <p class='ocr_par' dir='ltr' id='par_1_18' title="bbox 192 1861 1792 1931">
     <span class='ocr_line' id='line_1_18' title="bbox 192 1861 1792 1931; baseline 0 -17"><span class='ocrx_word' id='word_1_125' title='bbox 192 1881 234 1915; x_wconf 88' lang='grc' dir='ltr'><strong>ιιι</strong></span> <span class='ocrx_word' id='word_1_126' title='bbox 253 1865 344 1928; x_wconf 73' lang='lat' dir='ltr'><strong>igis</strong></span> <span class='ocrx_word' id='word_1_127' title='bbox 371 1865 749 1918; x_wconf 88' lang='lat' dir='ltr'><strong>evincuutur:</strong></span> <span class='ocrx_word' id='word_1_128' title='bbox 784 1864 862 1917; x_wconf 90' lang='lat' dir='ltr'><strong>sic</strong></span> <span class='ocrx_word' id='word_1_129' title='bbox 890 1879 1072 1918; x_wconf 87' lang='lat' dir='ltr'><strong>verum</strong></span> <span class='ocrx_word' id='word_1_130' title='bbox 1113 1873 1196 1916; x_wconf 82' lang='lat' dir='ltr'><strong>est</strong></span> <span class='ocrx_word' id='word_1_131' title='bbox 1236 1861 1376 1931; x_wconf 89' lang='lat' dir='ltr'><strong>quod</strong></span> <span class='ocrx_word' id='word_1_132' title='bbox 1407 1877 1620 1930; x_wconf 89' lang='lat' dir='ltr'><strong>semper</strong></span> <span class='ocrx_word' id='word_1_133' title='bbox 1645 1861 1792 1914; x_wconf 85' lang='lat' dir='ltr'><strong>dice-</strong></span> 
     </span>
    </p>
   </div>
   <div class='ocr_carea' id='block_1_19' title="bbox 190 1949 1792 2024">
    <p class='ocr_par' dir='ltr' id='par_1_19' title="bbox 190 1949 1792 2024">
     <span class='ocr_line' id='line_1_19' title="bbox 190 1949 1792 2024; baseline 0.001 -19"><span class='ocrx_word' id='word_1_134' title='bbox 190 1955 334 2008; x_wconf 84' lang='lat' dir='ltr'><strong>bam:</strong></span> <span class='ocrx_word' id='word_1_135' title='bbox 371 1956 511 2010; x_wconf 76' lang='lat' dir='ltr'><strong>Male</strong></span> <span class='ocrx_word' id='word_1_136' title='bbox 545 1956 730 2010; x_wconf 82' lang='lat' dir='ltr'><strong>faCere</strong></span> <span class='ocrx_word' id='word_1_137' title='bbox 757 1997 771 2019; x_wconf 95' lang='lat'><strong>,</strong></span> <span class='ocrx_word' id='word_1_138' title='bbox 806 1964 888 2010; x_wconf 90' lang='lat' dir='ltr'><strong>est</strong></span> <span class='ocrx_word' id='word_1_139' title='bbox 920 1956 1058 2008; x_wconf 89' lang='lat' dir='ltr'><strong>male</strong></span> <span class='ocrx_word' id='word_1_140' title='bbox 1090 1956 1215 2024; x_wconf 89' lang='lat' dir='ltr'><strong>pati.</strong></span> <span class='ocrx_word' id='word_1_141' title='bbox 1248 1955 1405 2008; x_wconf 85' lang='lat' dir='ltr'><strong>Certe</strong></span> <span class='ocrx_word' id='word_1_142' title='bbox 1433 1954 1520 2008; x_wconf 89' lang='lat' dir='ltr'><strong>ille</strong></span> <span class='ocrx_word' id='word_1_143' title='bbox 1549 1949 1792 2006; x_wconf 86' lang='lat' dir='ltr'><strong>nihilca-</strong></span> 
     </span>
    </p>
   </div>
   <div class='ocr_carea' id='block_1_20' title="bbox 192 2047 1794 2113">
    <p class='ocr_par' dir='ltr' id='par_1_20' title="bbox 192 2047 1794 2113">
     <span class='ocr_line' id='line_1_20' title="bbox 192 2047 1794 2113; baseline 0.002 -16"><span class='ocrx_word' id='word_1_144' title='bbox 192 2047 468 2102; x_wconf 84' lang='lat' dir='ltr'><strong>lunmiatus</strong></span> <span class='ocrx_word' id='word_1_145' title='bbox 500 2058 588 2101; x_wconf 91' lang='lat' dir='ltr'><strong>est</strong></span> <span class='ocrx_word' id='word_1_146' title='bbox 611 2091 625 2112; x_wconf 86' lang='lat'><strong>,</strong></span> <span class='ocrx_word' id='word_1_147' title='bbox 661 2048 756 2102; x_wconf 87' lang='lat' dir='ltr'><strong>scd</strong></span> <span class='ocrx_word' id='word_1_148' title='bbox 799 2064 923 2101; x_wconf 88' lang='lat' dir='ltr'><strong>vera</strong></span> <span class='ocrx_word' id='word_1_149' title='bbox 951 2047 1261 2101; x_wconf 73' lang='lat' dir='ltr'><strong>declaravit.</strong></span> <span class='ocrx_word' id='word_1_150' title='bbox 1294 2047 1382 2100; x_wconf 87' lang='lat' dir='ltr'><strong>Sic</strong></span> <span class='ocrx_word' id='word_1_151' title='bbox 1409 2091 1422 2113; x_wconf 90' lang='lat'><strong>,</strong></span> <span class='ocrx_word' id='word_1_152' title='bbox 1451 2063 1571 2101; x_wconf 88' lang='lat' dir='ltr'><strong>cum</strong></span> <span class='ocrx_word' id='word_1_153' title='bbox 1603 2057 1794 2101; x_wconf 89' lang='lat' dir='ltr'><strong>contu-</strong></span> 
     </span>
    </p>
   </div>
   <div class='ocr_carea' id='block_1_21' title="bbox 192 2139 1790 2205">
    <p class='ocr_par' dir='ltr' id='par_1_21' title="bbox 192 2139 1790 2205">
     <span class='ocr_line' id='line_1_21' title="bbox 192 2139 1790 2205; baseline 0.001 -15"><span class='ocrx_word' id='word_1_154' title='bbox 192 2139 332 2191; x_wconf 84' lang='lat' dir='ltr'><strong>melia</strong></span> <span class='ocrx_word' id='word_1_155' title='bbox 356 2139 662 2205; x_wconf 71' lang='lat' dir='ltr'><strong>efficimur,</strong></span> <span class='ocrx_word' id='word_1_156' title='bbox 692 2140 818 2194; x_wconf 89' lang='lat' dir='ltr'><strong>dum</strong></span> <span class='ocrx_word' id='word_1_157' title='bbox 849 2141 979 2194; x_wconf 81' lang='lat' dir='ltr'><strong>nihil</strong></span> <span class='ocrx_word' id='word_1_158' title='bbox 1009 2141 1162 2193; x_wconf 87' lang='lat' dir='ltr'><strong>nobis</strong></span> <span class='ocrx_word' id='word_1_159' title='bbox 1188 2141 1388 2194; x_wconf 83' lang='lat' dir='ltr'><strong>conscii</strong></span> <span class='ocrx_word' id='word_1_160' title='bbox 1417 2156 1623 2205; x_wconf 82' lang='lat' dir='ltr'><strong>sumus,</strong></span> <span class='ocrx_word' id='word_1_161' title='bbox 1659 2141 1790 2193; x_wconf 90' lang='lat' dir='ltr'><strong>nihil</strong></span> 
     </span>
    </p>
   </div>
   <div class='ocr_carea' id='block_1_22' title="bbox 191 2231 1792 2301">
    <p class='ocr_par' dir='ltr' id='par_1_22' title="bbox 191 2231 1792 2301">
     <span class='ocr_line' id='line_1_22' title="bbox 191 2231 1792 2301; baseline 0.004 -23"><span class='ocrx_word' id='word_1_162' title='bbox 191 2245 298 2283; x_wconf 80' lang='lat' dir='ltr'><strong>vere</strong></span> <span class='ocrx_word' id='word_1_163' title='bbox 327 2232 589 2298; x_wconf 84' lang='lat' dir='ltr'><strong>patimur.</strong></span> <span class='ocrx_word' id='word_1_164' title='bbox 625 2231 892 2285; x_wconf 73' lang='lat' dir='ltr'><strong>Volebant</strong></span> <span class='ocrx_word' id='word_1_165' title='bbox 919 2247 1045 2301; x_wconf 89' lang='lat' dir='ltr'><strong>ergo</strong></span> <span class='ocrx_word' id='word_1_166' title='bbox 1072 2232 1220 2285; x_wconf 89' lang='lat' dir='ltr'><strong>illum</strong></span> <span class='ocrx_word' id='word_1_167' title='bbox 1247 2232 1494 2286; x_wconf 87' lang='lat' dir='ltr'><strong>occidere</strong></span> <span class='ocrx_word' id='word_1_168' title='bbox 1520 2249 1532 2294; x_wconf 89' lang='lat'>;</span> <span class='ocrx_word' id='word_1_169' title='bbox 1558 2231 1652 2285; x_wconf 91' lang='lat' dir='ltr'><strong>sed</strong></span> <span class='ocrx_word' id='word_1_170' title='bbox 1689 2246 1792 2284; x_wconf 83' lang='lat' dir='ltr'><strong>non</strong></span> 
     </span>
    </p>
   </div>
   <div class='ocr_carea' id='block_1_23' title="bbox 192 2323 1793 2395">
    <p class='ocr_par' dir='ltr' id='par_1_23' title="bbox 192 2323 1793 2395">
     <span class='ocr_line' id='line_1_23' title="bbox 192 2323 1793 2395; baseline 0.004 -23"><span class='ocrx_word' id='word_1_171' title='bbox 192 2325 354 2376; x_wconf 77' lang='lat' dir='ltr'><strong>statim</strong></span> <span class='ocrx_word' id='word_1_172' title='bbox 394 2324 444 2377; x_wconf 92' lang='lat' dir='ltr'><strong>id</strong></span> <span class='ocrx_word' id='word_1_173' title='bbox 495 2323 702 2377; x_wconf 81' lang='lat' dir='ltr'><strong>faciunt</strong></span> <span class='ocrx_word' id='word_1_174' title='bbox 729 2368 742 2390; x_wconf 88' lang='lat'><strong>,</strong></span> <span class='ocrx_word' id='word_1_175' title='bbox 774 2341 988 2380; x_wconf 88' lang='lat' dir='ltr'><strong>causam</strong></span> <span class='ocrx_word' id='word_1_176' title='bbox 1018 2327 1196 2395; x_wconf 79' lang='lat' dir='ltr'><strong>specie</strong></span> <span class='ocrx_word' id='word_1_177' title='bbox 1224 2326 1420 2394; x_wconf 88' lang='lat' dir='ltr'><strong>justam</strong></span> <span class='ocrx_word' id='word_1_178' title='bbox 1453 2325 1671 2378; x_wconf 80' lang='lat' dir='ltr'><strong>facinori</strong></span> <span class='ocrx_word' id='word_1_179' title='bbox 1703 2340 1793 2378; x_wconf 82' lang='lat' dir='ltr'><strong>vo-</strong></span> 
     </span>
    </p>
   </div>
   <div class='ocr_carea' id='block_1_24' title="bbox 191 2417 1791 2488">
    <p class='ocr_par' dir='ltr' id='par_1_24' title="bbox 191 2417 1791 2488">
     <span class='ocr_line' id='line_1_24' title="bbox 191 2417 1791 2488; baseline 0.003 -22"><span class='ocrx_word' id='word_1_180' title='bbox 191 2417 346 2470; x_wconf 74' lang='lat' dir='ltr'><strong>lentes</strong></span> <span class='ocrx_word' id='word_1_181' title='bbox 375 2418 708 2472; x_wconf 87' lang='lat' dir='ltr'><strong>obtendere.</strong></span> <span class='ocrx_word' id='word_1_182' title='bbox 738 2419 874 2486; x_wconf 84' lang='lat' dir='ltr'><strong>Quid</strong></span> <span class='ocrx_word' id='word_1_183' title='bbox 907 2419 1064 2488; x_wconf 83' lang='lat' dir='ltr'><strong>igitur</strong></span> <span class='ocrx_word' id='word_1_184' title='bbox 1089 2421 1111 2472; x_wconf 68' lang='grc' dir='ltr'><strong>’ἒ</strong></span> <span class='ocrx_word' id='word_1_185' title='bbox 1134 2435 1313 2473; x_wconf 89' lang='lat' dir='ltr'><strong>annon</strong></span> <span class='ocrx_word' id='word_1_186' title='bbox 1347 2419 1672 2473; x_wconf 84' lang='lat' dir='ltr'><strong>contumelia</strong></span> <span class='ocrx_word' id='word_1_187' title='bbox 1704 2419 1791 2471; x_wconf 89' lang='lat' dir='ltr'><strong>illa</strong></span> 
     </span>
    </p>
   </div>
   <div class='ocr_carea' id='block_1_25' title="bbox 190 2509 1786 2577">
    <p class='ocr_par' dir='ltr' id='par_1_25' title="bbox 190 2509 1786 2577">
     <span class='ocr_line' id='line_1_25' title="bbox 190 2509 1786 2577; baseline 0.005 -21"><span class='ocrx_word' id='word_1_188' title='bbox 190 2509 510 2563; x_wconf 69' lang='lat' dir='ltr'><strong>rationabilis</strong></span> <span class='ocrx_word' id='word_1_189' title='bbox 543 2525 708 2564; x_wconf 89' lang='lat' dir='ltr'><strong>causa</strong></span> <span class='ocrx_word' id='word_1_190' title='bbox 747 2521 863 2564; x_wconf 89' lang='lat' dir='ltr'><strong>erat</strong></span> <span class='ocrx_word' id='word_1_191' title='bbox 892 2511 915 2562; x_wconf 77' lang='lat' dir='ltr'><strong>‘l</strong></span> <span class='ocrx_word' id='word_1_192' title='bbox 948 2510 1060 2564; x_wconf 83' lang='lat' dir='ltr'><strong>Non</strong></span> <span class='ocrx_word' id='word_1_193' title='bbox 1095 2523 1210 2566; x_wconf 89' lang='lat' dir='ltr'><strong>erat</strong></span> <span class='ocrx_word' id='word_1_194' title='bbox 1243 2513 1385 2564; x_wconf 85' lang='lat' dir='ltr'><strong>illius</strong></span> <span class='ocrx_word' id='word_1_195' title='bbox 1418 2513 1742 2566; x_wconf 85' lang='lat' dir='ltr'><strong>e0ntumelia</strong></span> <span class='ocrx_word' id='word_1_196' title='bbox 1772 2553 1786 2577; x_wconf 94' lang='lat'><strong>,</strong></span> 
     </span>
    </p>
   </div>
   <div class='ocr_carea' id='block_1_26' title="bbox 189 2598 1790 2672">
    <p class='ocr_par' dir='ltr' id='par_1_26' title="bbox 189 2598 1790 2672">
     <span class='ocr_line' id='line_1_26' title="bbox 189 2598 1790 2672; baseline 0.006 -21"><span class='ocrx_word' id='word_1_197' title='bbox 189 2598 270 2651; x_wconf 71' lang='lat' dir='ltr'><strong>sed</strong></span> <span class='ocrx_word' id='word_1_198' title='bbox 307 2600 595 2666; x_wconf 72' lang='lat' dir='ltr'><strong>propheue</strong></span> <span class='ocrx_word' id='word_1_199' title='bbox 627 2603 938 2655; x_wconf 80' lang='lat' dir='ltr'><strong>accusatio:</strong></span> <span class='ocrx_word' id='word_1_200' title='bbox 975 2603 1055 2656; x_wconf 87' lang='lat' dir='ltr'><strong>vel</strong></span> <span class='ocrx_word' id='word_1_201' title='bbox 1102 2614 1291 2672; x_wconf 86' lang='lat' dir='ltr'><strong>Sponte</strong></span> <span class='ocrx_word' id='word_1_202' title='bbox 1323 2603 1649 2658; x_wconf 67' lang='lat' dir='ltr'><strong>differebant</strong></span> <span class='ocrx_word' id='word_1_203' title='bbox 1674 2647 1687 2670; x_wconf 97' lang='lat'><strong>,</strong></span> <span class='ocrx_word' id='word_1_204' title='bbox 1724 2621 1790 2660; x_wconf 91' lang='lat' dir='ltr'><strong>ne</strong></span> 
     </span>
    </p>
   </div>
   <div class='ocr_carea' id='block_1_27' title="bbox 190 2690 1780 2759">
    <p class='ocr_par' dir='ltr' id='par_1_27' title="bbox 190 2690 1780 2759">
     <span class='ocr_line' id='line_1_27' title="bbox 190 2690 1780 2759; baseline 0.008 -22"><span class='ocrx_word' id='word_1_205' title='bbox 190 2690 486 2744; x_wconf 76' lang='lat' dir='ltr'><strong>viderentur</strong></span> <span class='ocrx_word' id='word_1_206' title='bbox 517 2692 674 2746; x_wconf 90' lang='lat' dir='ltr'><strong>illum</strong></span> <span class='ocrx_word' id='word_1_207' title='bbox 700 2694 769 2747; x_wconf 91' lang='lat' dir='ltr'><strong>ob</strong></span> <span class='ocrx_word' id='word_1_208' title='bbox 791 2694 1157 2748; x_wconf 86' lang='lat' dir='ltr'><strong>accusationes</strong></span> <span class='ocrx_word' id='word_1_209' title='bbox 1186 2696 1282 2747; x_wconf 87' lang='lat' dir='ltr'><strong>sibi</strong></span> <span class='ocrx_word' id='word_1_210' title='bbox 1317 2695 1491 2748; x_wconf 83' lang='lat' dir='ltr'><strong>illatas</strong></span> <span class='ocrx_word' id='word_1_211' title='bbox 1513 2694 1780 2759; x_wconf 86' lang='lat' dir='ltr'><strong>occidere,</strong></span> 
     </span>
    </p>
   </div>
   <div class='ocr_carea' id='block_1_28' title="bbox 189 2782 1786 2855">
    <p class='ocr_par' dir='ltr' id='par_1_28' title="bbox 189 2782 1786 2855">
     <span class='ocr_line' id='line_1_28' title="bbox 189 2782 1786 2855; baseline 0.006 -23"><span class='ocrx_word' id='word_1_212' title='bbox 189 2782 310 2834; x_wconf 74' lang='lat' dir='ltr'><strong>sicut</strong></span> <span class='ocrx_word' id='word_1_213' title='bbox 337 2783 502 2837; x_wconf 65' lang='lat' dir='ltr'><strong>etiam</strong></span> <span class='ocrx_word' id='word_1_214' title='bbox 542 2784 597 2836; x_wconf 91' lang='lat' dir='ltr'><strong>in</strong></span> <span class='ocrx_word' id='word_1_215' title='bbox 626 2784 841 2838; x_wconf 80' lang='lat' dir='ltr'><strong>Christo</strong></span> <span class='ocrx_word' id='word_1_216' title='bbox 867 2825 880 2849; x_wconf 93' lang='lat'><strong>,</strong></span> <span class='ocrx_word' id='word_1_217' title='bbox 915 2784 1006 2840; x_wconf 90' lang='lat' dir='ltr'><strong>sed</strong></span> <span class='ocrx_word' id='word_1_218' title='bbox 1044 2796 1262 2854; x_wconf 86' lang='lat' dir='ltr'><strong>propter</strong></span> <span class='ocrx_word' id='word_1_219' title='bbox 1290 2787 1646 2855; x_wconf 76' lang='lat' dir='ltr'><strong>impietatem.</strong></span> <span class='ocrx_word' id='word_1_220' title='bbox 1676 2787 1786 2841; x_wconf 92' lang='lat' dir='ltr'><strong>lloc</strong></span> 
     </span>
    </p>
   </div>
   <div class='ocr_carea' id='block_1_29' title="bbox 189 2877 1787 2947">
    <p class='ocr_par' dir='ltr' id='par_1_29' title="bbox 189 2877 1787 2947">
     <span class='ocr_line' id='line_1_29' title="bbox 189 2877 1787 2947; baseline 0.005 -24"><span class='ocrx_word' id='word_1_221' title='bbox 189 2885 350 2928; x_wconf 83' lang='lat' dir='ltr'><strong>autem</strong></span> <span class='ocrx_word' id='word_1_222' title='bbox 397 2877 546 2945; x_wconf 90' lang='lat' dir='ltr'><strong>quod</strong></span> <span class='ocrx_word' id='word_1_223' title='bbox 596 2878 946 2946; x_wconf 89' lang='lat' dir='ltr'><strong>loquebatur,</strong></span> <span class='ocrx_word' id='word_1_224' title='bbox 980 2879 1191 2947; x_wconf 89' lang='lat' dir='ltr'><strong>pietatis</strong></span> <span class='ocrx_word' id='word_1_225' title='bbox 1223 2889 1336 2931; x_wconf 89' lang='lat' dir='ltr'><strong>erat</strong></span> <span class='ocrx_word' id='word_1_226' title='bbox 1383 2879 1624 2932; x_wconf 87' lang='lat' dir='ltr'><strong>verbum.</strong></span> <span class='ocrx_word' id='word_1_227' title='bbox 1665 2879 1787 2934; x_wconf 88' lang='lat' dir='ltr'><strong>Ideo</strong></span> 
     </span>
    </p>
   </div>
   <div class='ocr_carea' id='block_1_30' title="bbox 191 2969 1782 3038">
    <p class='ocr_par' dir='ltr' id='par_1_30' title="bbox 191 2969 1782 3038">
     <span class='ocr_line' id='line_1_30' title="bbox 191 2969 1782 3038; baseline 0.003 -19"><span class='ocrx_word' id='word_1_228' title='bbox 191 2977 456 3036; x_wconf 82' lang='lat' dir='ltr'><strong>postquam</strong></span> <span class='ocrx_word' id='word_1_229' title='bbox 491 2969 830 3034; x_wconf 80' lang='lat' dir='ltr'><strong>occiderant,</strong></span> <span class='ocrx_word' id='word_1_230' title='bbox 866 2971 1060 3023; x_wconf 87' lang='lat' dir='ltr'><strong>famam</strong></span> <span class='ocrx_word' id='word_1_231' title='bbox 1095 2971 1212 3038; x_wconf 91' lang='lat' dir='ltr'><strong>ejus</strong></span> <span class='ocrx_word' id='word_1_232' title='bbox 1250 2970 1445 3024; x_wconf 77' lang='lat' dir='ltr'><strong>laedere</strong></span> <span class='ocrx_word' id='word_1_233' title='bbox 1484 2980 1744 3024; x_wconf 77' lang='lat' dir='ltr'><strong>eonmtes</strong></span> <span class='ocrx_word' id='word_1_234' title='bbox 1769 3012 1782 3036; x_wconf 95' lang='lat'><strong>,</strong></span> 
     </span>
    </p>
   </div>
   <div class='ocr_carea' id='block_1_31' title="bbox 193 3055 1782 3130">
    <p class='ocr_par' dir='ltr' id='par_1_31' title="bbox 193 3055 1782 3130">
     <span class='ocr_line' id='line_1_31' title="bbox 193 3055 1782 3130; baseline 0.005 -24"><span class='ocrx_word' id='word_1_235' title='bbox 193 3055 578 3112; x_wconf 73' lang='lat' dir='ltr'><strong>Dissecabmitur</strong></span> <span class='ocrx_word' id='word_1_236' title='bbox 610 3075 626 3112; x_wconf 88' lang='lat'><strong><em>:</em></strong></span> <span class='ocrx_word' id='word_1_237' title='bbox 657 3059 916 3112; x_wconf 88' lang='lat' dir='ltr'><strong>timebant</strong></span> <span class='ocrx_word' id='word_1_238' title='bbox 955 3060 1097 3113; x_wconf 90' lang='lat' dir='ltr'><strong>enim</strong></span> <span class='ocrx_word' id='word_1_239' title='bbox 1144 3077 1211 3113; x_wconf 88' lang='lat' dir='ltr'><strong>ne</strong></span> <span class='ocrx_word' id='word_1_240' title='bbox 1264 3077 1459 3114; x_wconf 85' lang='lat' dir='ltr'><strong>novum</strong></span> <span class='ocrx_word' id='word_1_241' title='bbox 1510 3060 1782 3130; x_wconf 90' lang='lat' dir='ltr'><strong>quidpiam</strong></span> 
     </span>
    </p>
   </div>
   <div class='ocr_carea' id='block_1_32' title="bbox 180 3150 1781 3222">
    <p class='ocr_par' dir='ltr' id='par_1_32' title="bbox 180 3150 1781 3222">
     <span class='ocr_line' id='line_1_32' title="bbox 180 3150 1781 3222; baseline 0.004 -22"><span class='ocrx_word' id='word_1_242' title='bbox 180 3150 312 3204; x_wconf 71' lang='lat' dir='ltr'><strong>circa</strong></span> <span class='ocrx_word' id='word_1_243' title='bbox 345 3152 495 3204; x_wconf 86' lang='lat' dir='ltr'><strong>illum</strong></span> <span class='ocrx_word' id='word_1_244' title='bbox 527 3151 821 3206; x_wconf 88' lang='lat' dir='ltr'><strong>accideret.</strong></span> <span class='ocrx_word' id='word_1_245' title='bbox 852 3151 1073 3216; x_wconf 85' lang='lat' dir='ltr'><strong>Deinde,</strong></span> <span class='ocrx_word' id='word_1_246' title='bbox 1108 3153 1249 3222; x_wconf 89' lang='lat' dir='ltr'><strong>quod</strong></span> <span class='ocrx_word' id='word_1_247' title='bbox 1277 3152 1494 3206; x_wconf 87' lang='lat' dir='ltr'><strong>Christo</strong></span> <span class='ocrx_word' id='word_1_248' title='bbox 1523 3153 1781 3214; x_wconf 81' lang='lat' dir='ltr'><strong>fecerant,</strong></span> 
     </span>
    </p>
   </div>
   <div class='ocr_carea' id='block_1_33' title="bbox 190 3240 1782 3313">
    <p class='ocr_par' dir='ltr' id='par_1_33' title="bbox 190 3240 1782 3313">
     <span class='ocr_line' id='line_1_33' title="bbox 190 3240 1782 3313; baseline 0.004 -21"><span class='ocrx_word' id='word_1_249' title='bbox 190 3240 450 3309; x_wconf 80' lang='lat' dir='ltr'><strong>Stephano</strong></span> <span class='ocrx_word' id='word_1_250' title='bbox 485 3243 728 3306; x_wconf 90' lang='lat' dir='ltr'><strong>faciunt;</strong></span> <span class='ocrx_word' id='word_1_251' title='bbox 765 3253 817 3297; x_wconf 90' lang='lat' dir='ltr'><strong>et</strong></span> <span class='ocrx_word' id='word_1_252' title='bbox 848 3244 988 3296; x_wconf 88' lang='lat' dir='ltr'><strong>sicut</strong></span> <span class='ocrx_word' id='word_1_253' title='bbox 1028 3244 1137 3297; x_wconf 91' lang='lat' dir='ltr'><strong>illic</strong></span> <span class='ocrx_word' id='word_1_254' title='bbox 1161 3286 1174 3308; x_wconf 90' lang='lat'><strong>,</strong></span> <span class='ocrx_word' id='word_1_255' title='bbox 1206 3245 1327 3313; x_wconf 85' lang='lat' dir='ltr'><strong>quia</strong></span> <span class='ocrx_word' id='word_1_256' title='bbox 1361 3245 1589 3308; x_wconf 83' lang='lat' dir='ltr'><strong>dixerat,</strong></span> <span class='ocrx_word' id='word_1_257' title='bbox 1630 3245 1782 3298; x_wconf 84' lang='lat' dir='ltr'><strong>Vide-</strong></span> 
     </span>
    </p>
   </div>
   <div class='ocr_carea' id='block_1_34' title="bbox 191 3329 1780 3400">
    <p class='ocr_par' dir='ltr' id='par_1_34' title="bbox 191 3329 1780 3400">
     <span class='ocr_line' id='line_1_34' title="bbox 191 3329 1780 3400; baseline 0.006 -20"><span class='ocrx_word' id='word_1_258' title='bbox 191 3329 290 3383; x_wconf 80' lang='lat' dir='ltr'><strong>bitis</strong></span> <span class='ocrx_word' id='word_1_259' title='bbox 350 3332 548 3386; x_wconf 82' lang='lat' dir='ltr'><strong>Filium</strong></span> <span class='ocrx_word' id='word_1_260' title='bbox 605 3335 822 3389; x_wconf 89' lang='lat' dir='ltr'><strong>hominis</strong></span> <span class='ocrx_word' id='word_1_261' title='bbox 857 3352 887 3386; x_wconf 86' lang='grc' dir='ltr'><em>α</em></span> <span class='ocrx_word' id='word_1_262' title='bbox 916 3335 1106 3389; x_wconf 76' lang='lat' dir='ltr'><strong>dea&#39;tris</strong></span> <span class='ocrx_word' id='word_1_263' title='bbox 1145 3337 1343 3389; x_wconf 83' lang='lat' dir='ltr'><strong>virtutis</strong></span> <span class='ocrx_word' id='word_1_264' title='bbox 1383 3339 1676 3400; x_wconf 85' lang='lat' dir='ltr'><strong>sedentem,</strong></span> <span class='ocrx_word' id='word_1_265' title='bbox 1731 3338 1780 3391; x_wconf 86' lang='lat' dir='ltr'><strong>id</strong></span> 
     </span>
    </p>
   </div>
   <div class='ocr_carea' id='block_1_35' title="bbox 193 3422 1782 3502">
    <p class='ocr_par' dir='ltr' id='par_1_35' title="bbox 193 3422 1782 3502">
     <span class='ocr_line' id='line_1_35' title="bbox 193 3422 1782 3502; baseline 0.004 -30"><span class='ocrx_word' id='word_1_266' title='bbox 193 3422 570 3490; x_wconf 66' lang='lat' dir='ltr'><strong>blasphemiam</strong></span> <span class='ocrx_word' id='word_1_267' title='bbox 608 3438 728 3477; x_wconf 86' lang='lat' dir='ltr'><strong>esse</strong></span> <span class='ocrx_word' id='word_1_268' title='bbox 769 3423 1020 3478; x_wconf 84' lang='lat' dir='ltr'><strong>dicebant</strong></span> <span class='ocrx_word' id='word_1_269' title='bbox 1048 3467 1059 3486; x_wconf 88' lang='lat'><strong>,</strong></span> <span class='ocrx_word' id='word_1_270' title='bbox 1107 3436 1159 3477; x_wconf 87' lang='lat' dir='ltr'><strong>et</strong></span> <span class='ocrx_word' id='word_1_271' title='bbox 1189 3436 1350 3478; x_wconf 83' lang='lat' dir='ltr'><strong>testes</strong></span> <span class='ocrx_word' id='word_1_272' title='bbox 1381 3428 1562 3502; x_wconf 77' lang='lat' dir='ltr'><strong>turbas</strong></span> <span class='ocrx_word' id='word_1_273' title='bbox 1593 3444 1782 3491; x_wconf 73' lang='lat' dir='ltr'><strong>evoca-</strong></span> 
     </span>
    </p>
   </div>
   <div class='ocr_carea' id='block_1_36' title="bbox 193 3511 1781 3587">
    <p class='ocr_par' dir='ltr' id='par_1_36' title="bbox 193 3511 1781 3587">
     <span class='ocr_line' id='line_1_36' title="bbox 193 3511 1781 3587; baseline 0.007 -25"><span class='ocrx_word' id='word_1_274' title='bbox 193 3511 306 3565; x_wconf 83' lang='lat' dir='ltr'><strong>bant</strong></span> <span class='ocrx_word' id='word_1_275' title='bbox 339 3533 351 3567; x_wconf 90' lang='lat'>:</span> <span class='ocrx_word' id='word_1_276' title='bbox 383 3515 462 3569; x_wconf 87' lang='lat' dir='ltr'><strong>sic</strong></span> <span class='ocrx_word' id='word_1_277' title='bbox 489 3524 546 3570; x_wconf 88' lang='lat' dir='ltr'><strong>et</strong></span> <span class='ocrx_word' id='word_1_278' title='bbox 582 3531 722 3569; x_wconf 91' lang='lat' dir='ltr'><strong>nunc</strong></span> <span class='ocrx_word' id='word_1_279' title='bbox 745 3517 962 3571; x_wconf 85' lang='lat' dir='ltr'><strong>faciunt.</strong></span> <span class='ocrx_word' id='word_1_280' title='bbox 1000 3518 1107 3571; x_wconf 89' lang='lat' dir='ltr'><strong>Illic</strong></span> <span class='ocrx_word' id='word_1_281' title='bbox 1139 3519 1455 3572; x_wconf 80' lang='lat' dir='ltr'><strong>vestimenta</strong></span> <span class='ocrx_word' id='word_1_282' title='bbox 1484 3521 1781 3587; x_wconf 74' lang='lat' dir='ltr'><strong>sciderunt,</strong></span> 
     </span>
    </p>
   </div>
   <div class='ocr_carea' id='block_1_37' title="bbox 195 3599 1780 3681">
    <p class='ocr_par' dir='ltr' id='par_1_37' title="bbox 195 3599 1780 3681">
     <span class='ocr_line' id='line_1_37' title="bbox 195 3599 1780 3681; baseline 0.008 -29"><span class='ocrx_word' id='word_1_283' title='bbox 195 3599 268 3656; x_wconf 88' lang='lat' dir='ltr'><strong>hic</strong></span> <span class='ocrx_word' id='word_1_284' title='bbox 299 3620 453 3660; x_wconf 82' lang='lat' dir='ltr'><strong>aures</strong></span> <span class='ocrx_word' id='word_1_285' title='bbox 497 3608 906 3661; x_wconf 79' lang='lat' dir='ltr'><strong>continuerunt.</strong></span> <span class='ocrx_word' id='word_1_286' title='bbox 957 3609 1048 3662; x_wconf 79' lang='grc'><strong>55.</strong></span> <span class='ocrx_word' id='word_1_287' title='bbox 1094 3609 1218 3662; x_wconf 81' lang='lat' dir='ltr'><strong>Cum</strong></span> <span class='ocrx_word' id='word_1_288' title='bbox 1250 3621 1415 3663; x_wconf 86' lang='lat' dir='ltr'><strong>autem</strong></span> <span class='ocrx_word' id='word_1_289' title='bbox 1447 3613 1625 3681; x_wconf 82' lang='lat' dir='ltr'><strong>plenus</strong></span> <span class='ocrx_word' id='word_1_290' title='bbox 1657 3624 1780 3666; x_wconf 83' lang='lat' dir='ltr'><strong>esset</strong></span> 
     </span>
    </p>
   </div>
   <div class='ocr_carea' id='block_1_38' title="bbox 194 3691 1778 3772">
    <p class='ocr_par' dir='ltr' id='par_1_38' title="bbox 194 3691 1778 3772">
     <span class='ocr_line' id='line_1_38' title="bbox 194 3691 1778 3772; baseline 0.008 -27"><span class='ocrx_word' id='word_1_291' title='bbox 194 3691 374 3760; x_wconf 79' lang='lat' dir='ltr'><strong>Spiritu</strong></span> <span class='ocrx_word' id='word_1_292' title='bbox 399 3709 601 3766; x_wconf 75' lang='lat' dir='ltr'><strong>sancto,</strong></span> <span class='ocrx_word' id='word_1_293' title='bbox 638 3699 903 3754; x_wconf 85' lang='lat' dir='ltr'><strong>intendens</strong></span> <span class='ocrx_word' id='word_1_294' title='bbox 932 3701 983 3752; x_wconf 88' lang='lat' dir='ltr'><strong>in</strong></span> <span class='ocrx_word' id='word_1_295' title='bbox 1013 3702 1229 3767; x_wconf 72' lang='lat' dir='ltr'><strong>cretum,</strong></span> <span class='ocrx_word' id='word_1_296' title='bbox 1260 3704 1386 3755; x_wconf 78' lang='lat' dir='ltr'><strong>vidit</strong></span> <span class='ocrx_word' id='word_1_297' title='bbox 1410 3705 1627 3772; x_wconf 83' lang='lat' dir='ltr'><strong>gloriam</strong></span> <span class='ocrx_word' id='word_1_298' title='bbox 1652 3705 1778 3772; x_wconf 86' lang='lat' dir='ltr'><strong>Dei,</strong></span> 
     </span>
    </p>
   </div>
   <div class='ocr_carea' id='block_1_39' title="bbox 196 3787 1780 3860">
    <p class='ocr_par' dir='ltr' id='par_1_39' title="bbox 196 3787 1780 3860">
     <span class='ocr_line' id='line_1_39' title="bbox 196 3787 1780 3860; baseline 0.011 -23"><span class='ocrx_word' id='word_1_299' title='bbox 196 3798 233 3838; x_wconf 78' lang='lat' dir='ltr'><strong>et</strong></span> <span class='ocrx_word' id='word_1_300' title='bbox 257 3787 425 3843; x_wconf 83' lang='lat' dir='ltr'><strong>Jesum</strong></span> <span class='ocrx_word' id='word_1_301' title='bbox 453 3803 675 3846; x_wconf 82' lang='lat' dir='ltr'><strong>stantem</strong></span> <span class='ocrx_word' id='word_1_302' title='bbox 712 3809 743 3844; x_wconf 80' lang='grc' dir='ltr'><em>α</em></span> <span class='ocrx_word' id='word_1_303' title='bbox 770 3793 963 3847; x_wconf 80' lang='lat' dir='ltr'><strong>dextris</strong></span> <span class='ocrx_word' id='word_1_304' title='bbox 995 3794 1109 3860; x_wconf 91' lang='lat' dir='ltr'><strong>Dei,</strong></span> <span class='ocrx_word' id='word_1_305' title='bbox 1137 3805 1183 3848; x_wconf 89' lang='lat' dir='ltr'><strong>et</strong></span> <span class='ocrx_word' id='word_1_306' title='bbox 1209 3797 1279 3848; x_wconf 85' lang='lat' dir='ltr'><strong>ait</strong></span> <span class='ocrx_word' id='word_1_307' title='bbox 1310 3813 1327 3850; x_wconf 91' lang='lat'><em>:</em></span> <span class='ocrx_word' id='word_1_308' title='bbox 1355 3797 1486 3852; x_wconf 79' lang='lat' dir='ltr'><strong>Ecce</strong></span> <span class='ocrx_word' id='word_1_309' title='bbox 1518 3802 1660 3853; x_wconf 82' lang='lat' dir='ltr'><strong>video</strong></span> <span class='ocrx_word' id='word_1_310' title='bbox 1682 3818 1780 3854; x_wconf 67' lang='lat' dir='ltr'><strong>ca:-</strong></span> 
     </span>
    </p>
   </div>
   <div class='ocr_carea' id='block_1_40' title="bbox 195 3879 1775 3947">
    <p class='ocr_par' dir='ltr' id='par_1_40' title="bbox 195 3879 1775 3947">
     <span class='ocr_line' id='line_1_40' title="bbox 195 3879 1775 3947; baseline 0.009 -20"><span class='ocrx_word' id='word_1_311' title='bbox 195 3879 261 3930; x_wconf 87' lang='lat' dir='ltr'><strong>los</strong></span> <span class='ocrx_word' id='word_1_312' title='bbox 289 3893 488 3947; x_wconf 70' lang='lat' dir='ltr'><strong>opu-tos</strong></span> <span class='ocrx_word' id='word_1_313' title='bbox 515 3923 529 3943; x_wconf 87' lang='lat'><strong>,</strong></span> <span class='ocrx_word' id='word_1_314' title='bbox 568 3891 636 3934; x_wconf 86' lang='lat' dir='ltr'><strong>et-</strong></span> <span class='ocrx_word' id='word_1_315' title='bbox 658 3881 846 3936; x_wconf 75' lang='lat' dir='ltr'><strong>Filium</strong></span> <span class='ocrx_word' id='word_1_316' title='bbox 875 3885 1091 3940; x_wconf 82' lang='lat' dir='ltr'><strong>hominis</strong></span> <span class='ocrx_word' id='word_1_317' title='bbox 1133 3897 1344 3942; x_wconf 83' lang='lat' dir='ltr'><strong>stantem</strong></span> <span class='ocrx_word' id='word_1_318' title='bbox 1385 3907 1416 3941; x_wconf 92' lang='lat' dir='ltr'><strong>a</strong></span> <span class='ocrx_word' id='word_1_319' title='bbox 1447 3893 1637 3944; x_wconf 64' lang='lat' dir='ltr'><strong>dextris</strong></span> <span class='ocrx_word' id='word_1_320' title='bbox 1663 3893 1775 3946; x_wconf 86' lang='lat' dir='ltr'><strong>Dei.</strong></span> 
     </span>
    </p>
   </div>
   <div class='ocr_carea' id='block_1_41' title="bbox 198 3965 1779 4047">
    <p class='ocr_par' dir='ltr' id='par_1_41' title="bbox 198 3965 1779 4047">
     <span class='ocr_line' id='line_1_41' title="bbox 198 3965 1779 4047; baseline 0.011 -29"><span class='ocrx_word' id='word_1_321' title='bbox 198 3965 270 4021; x_wconf 83' lang='grc'><strong>56.</strong></span> <span class='ocrx_word' id='word_1_322' title='bbox 304 3969 660 4027; x_wconf 75' lang='lat' dir='ltr'><strong>Exclumantes</strong></span> <span class='ocrx_word' id='word_1_323' title='bbox 685 3983 850 4028; x_wconf 87' lang='lat' dir='ltr'><strong>autem</strong></span> <span class='ocrx_word' id='word_1_324' title='bbox 874 3991 989 4029; x_wconf 78' lang='lat' dir='ltr'><strong>voce</strong></span> <span class='ocrx_word' id='word_1_325' title='bbox 1011 3994 1214 4047; x_wconf 86' lang='lat' dir='ltr'><strong>magna,</strong></span> <span class='ocrx_word' id='word_1_326' title='bbox 1245 3980 1602 4035; x_wconf 82' lang='lat' dir='ltr'><strong>continuerunt</strong></span> <span class='ocrx_word' id='word_1_327' title='bbox 1632 3999 1779 4037; x_wconf 85' lang='lat' dir='ltr'><strong>aures</strong></span> 
     </span>
    </p>
   </div>
   <div class='ocr_carea' id='block_1_42' title="bbox 198 4063 1781 4144">
    <p class='ocr_par' dir='ltr' id='par_1_42' title="bbox 198 4063 1781 4144">
     <span class='ocr_line' id='line_1_42' title="bbox 198 4063 1781 4144; baseline 0.014 -38"><span class='ocrx_word' id='word_1_328' title='bbox 198 4073 303 4109; x_wconf 72' lang='lat' dir='ltr'><strong>suas</strong></span> <span class='ocrx_word' id='word_1_329' title='bbox 324 4101 336 4122; x_wconf 87' lang='lat'><strong>,</strong></span> <span class='ocrx_word' id='word_1_330' title='bbox 378 4071 423 4114; x_wconf 87' lang='lat' dir='ltr'><strong>et</strong></span> <span class='ocrx_word' id='word_1_331' title='bbox 457 4063 705 4131; x_wconf 87' lang='lat' dir='ltr'><strong>impetum</strong></span> <span class='ocrx_word' id='word_1_332' title='bbox 742 4069 970 4133; x_wconf 79' lang='lat' dir='ltr'><strong>fecerunt</strong></span> <span class='ocrx_word' id='word_1_333' title='bbox 1000 4068 1308 4122; x_wconf 82' lang='lat' dir='ltr'><strong>unanimiter</strong></span> <span class='ocrx_word' id='word_1_334' title='bbox 1350 4072 1401 4122; x_wconf 86' lang='lat' dir='ltr'><strong>in</strong></span> <span class='ocrx_word' id='word_1_335' title='bbox 1429 4088 1562 4124; x_wconf 90' lang='lat' dir='ltr'><strong>eum.</strong></span> <span class='ocrx_word' id='word_1_336' title='bbox 1598 4071 1665 4126; x_wconf 86' lang='lat' dir='ltr'><strong>Et</strong></span> <span class='ocrx_word' id='word_1_337' title='bbox 1687 4076 1781 4144; x_wconf 77' lang='lat' dir='ltr'><strong>eji-</strong></span> 
     </span>
    </p>
   </div>
   <div class='ocr_carea' id='block_1_43' title="bbox 198 4149 1778 4233">
    <p class='ocr_par' dir='ltr' id='par_1_43' title="bbox 198 4149 1778 4233">
     <span class='ocr_line' id='line_1_43' title="bbox 198 4149 1778 4233; baseline 0.015 -36"><span class='ocrx_word' id='word_1_338' title='bbox 198 4149 359 4204; x_wconf 79' lang='lat' dir='ltr'><strong>cientes</strong></span> <span class='ocrx_word' id='word_1_339' title='bbox 385 4169 498 4206; x_wconf 90' lang='lat' dir='ltr'><strong>eum</strong></span> <span class='ocrx_word' id='word_1_340' title='bbox 529 4165 676 4208; x_wconf 77' lang='lat' dir='ltr'><strong>extra</strong></span> <span class='ocrx_word' id='word_1_341' title='bbox 706 4155 979 4223; x_wconf 67' lang='lat' dir='ltr'><strong>civitatem,</strong></span> <span class='ocrx_word' id='word_1_342' title='bbox 1011 4159 1328 4228; x_wconf 86' lang='lat' dir='ltr'><strong>lapidabant.</strong></span> <span class='ocrx_word' id='word_1_343' title='bbox 1363 4163 1522 4233; x_wconf 87' lang='lat' dir='ltr'><strong>Atqui</strong></span> <span class='ocrx_word' id='word_1_344' title='bbox 1546 4165 1589 4218; x_wconf 87' lang='lat' dir='ltr'><strong>si</strong></span> <span class='ocrx_word' id='word_1_345' title='bbox 1624 4183 1778 4232; x_wconf 80' lang='lat' dir='ltr'><strong>men-</strong></span> 
     </span>
    </p>
   </div>
   <div class='ocr_carea' id='block_1_44' title="bbox 199 4238 1776 4326">
    <p class='ocr_par' dir='ltr' id='par_1_44' title="bbox 199 4238 1776 4326">
     <span class='ocr_line' id='line_1_44' title="bbox 199 4238 1776 4326; baseline 0.014 -35"><span class='ocrx_word' id='word_1_346' title='bbox 199 4238 308 4294; x_wconf 86' lang='lat' dir='ltr'><strong>titus</strong></span> <span class='ocrx_word' id='word_1_347' title='bbox 329 4255 481 4312; x_wconf 86' lang='lat' dir='ltr'><strong>erat,</strong></span> <span class='ocrx_word' id='word_1_348' title='bbox 529 4255 590 4298; x_wconf 92' lang='lat' dir='ltr'><strong>ut</strong></span> <span class='ocrx_word' id='word_1_349' title='bbox 633 4245 991 4304; x_wconf 88' lang='lat' dir='ltr'><strong>insanientem</strong></span> <span class='ocrx_word' id='word_1_350' title='bbox 1030 4265 1153 4304; x_wconf 91' lang='lat' dir='ltr'><strong>eum</strong></span> <span class='ocrx_word' id='word_1_351' title='bbox 1199 4252 1471 4309; x_wconf 88' lang='lat' dir='ltr'><strong>dimisisse</strong></span> <span class='ocrx_word' id='word_1_352' title='bbox 1517 4258 1776 4326; x_wconf 87' lang='lat' dir='ltr'><strong>oportuit.</strong></span> 
     </span>
    </p>
   </div>
   <div class='ocr_carea' id='block_1_45' title="bbox 199 4326 1777 4420">
    <p class='ocr_par' dir='ltr' id='par_1_45' title="bbox 199 4326 1777 4420">
     <span class='ocr_line' id='line_1_45' title="bbox 199 4326 1777 4420; baseline 0.016 -41"><span class='ocrx_word' id='word_1_353' title='bbox 199 4326 277 4383; x_wconf 75' lang='lat' dir='ltr'><strong>Ille</strong></span> <span class='ocrx_word' id='word_1_354' title='bbox 307 4349 432 4390; x_wconf 86' lang='lat' dir='ltr'><strong>vero</strong></span> <span class='ocrx_word' id='word_1_355' title='bbox 480 4336 562 4390; x_wconf 87' lang='lat' dir='ltr'><strong>sic</strong></span> <span class='ocrx_word' id='word_1_356' title='bbox 593 4338 842 4403; x_wconf 80' lang='lat' dir='ltr'><strong>dixerat,</strong></span> <span class='ocrx_word' id='word_1_357' title='bbox 879 4341 1064 4396; x_wconf 86' lang='lat' dir='ltr'><strong>volens</strong></span> <span class='ocrx_word' id='word_1_358' title='bbox 1090 4358 1185 4398; x_wconf 91' lang='lat' dir='ltr'><strong>eos</strong></span> <span class='ocrx_word' id='word_1_359' title='bbox 1226 4345 1512 4401; x_wconf 86' lang='lat' dir='ltr'><strong>abducere.</strong></span> <span class='ocrx_word' id='word_1_360' title='bbox 1565 4348 1629 4402; x_wconf 86' lang='lat' dir='ltr'><strong>Et</strong></span> <span class='ocrx_word' id='word_1_361' title='bbox 1655 4352 1777 4420; x_wconf 86' lang='lat' dir='ltr'><strong>quia</strong></span> 
     </span>
    </p>
   </div>
   <div class='ocr_carea' id='block_1_46' title="bbox 197 4419 1778 4504">
    <p class='ocr_par' dir='ltr' id='par_1_46' title="bbox 197 4419 1778 4504">
     <span class='ocr_line' id='line_1_46' title="bbox 197 4419 1778 4504; baseline 0.016 -31"><span class='ocrx_word' id='word_1_362' title='bbox 197 4419 252 4476; x_wconf 86' lang='lat' dir='ltr'><strong>de</strong></span> <span class='ocrx_word' id='word_1_363' title='bbox 280 4439 444 4482; x_wconf 82' lang='lat' dir='ltr'><strong>morte</strong></span> <span class='ocrx_word' id='word_1_364' title='bbox 477 4427 675 4483; x_wconf 76' lang='lat' dir='ltr'><strong>Christi</strong></span> <span class='ocrx_word' id='word_1_365' title='bbox 710 4439 912 4486; x_wconf 89' lang='lat' dir='ltr'><strong>tantum</strong></span> <span class='ocrx_word' id='word_1_366' title='bbox 955 4433 1209 4504; x_wconf 91' lang='lat' dir='ltr'><strong>loquutus</strong></span> <span class='ocrx_word' id='word_1_367' title='bbox 1235 4478 1248 4500; x_wconf 90' lang='lat'><strong>,</strong></span> <span class='ocrx_word' id='word_1_368' title='bbox 1274 4436 1343 4491; x_wconf 91' lang='lat' dir='ltr'><strong>de</strong></span> <span class='ocrx_word' id='word_1_369' title='bbox 1374 4419 1778 4499; x_wconf 81' lang='lat' dir='ltr'><strong>resurrectione</strong></span> 
     </span>
    </p>
   </div>
   <div class='ocr_carea' id='block_1_47' title="bbox 196 4516 1770 4606">
    <p class='ocr_par' dir='ltr' id='par_1_47' title="bbox 196 4516 1770 4606">
     <span class='ocr_line' id='line_1_47' title="bbox 196 4516 1770 4606; baseline 0.017 -41"><span class='ocrx_word' id='word_1_370' title='bbox 196 4516 309 4570; x_wconf 86' lang='lat' dir='ltr'><strong>nihil</strong></span> <span class='ocrx_word' id='word_1_371' title='bbox 337 4519 584 4585; x_wconf 79' lang='lat' dir='ltr'><strong>dixerat,</strong></span> <span class='ocrx_word' id='word_1_372' title='bbox 616 4521 716 4578; x_wconf 90' lang='lat' dir='ltr'><strong>hoc</strong></span> <span class='ocrx_word' id='word_1_373' title='bbox 740 4524 933 4595; x_wconf 89' lang='lat' dir='ltr'><strong>dogma</strong></span> <span class='ocrx_word' id='word_1_374' title='bbox 962 4538 1262 4596; x_wconf 88' lang='lat' dir='ltr'><strong>opportune</strong></span> <span class='ocrx_word' id='word_1_375' title='bbox 1307 4530 1526 4588; x_wconf 88' lang='lat' dir='ltr'><strong>domum</strong></span> <span class='ocrx_word' id='word_1_376' title='bbox 1569 4536 1770 4606; x_wconf 83' lang='lat' dir='ltr'><strong>adjicit.</strong></span> 
     </span>
    </p>
   </div>
   <div class='ocr_carea' id='block_1_48' title="bbox 199 4607 1778 4699">
    <p class='ocr_par' dir='ltr' id='par_1_48' title="bbox 199 4607 1778 4699">
     <span class='ocr_line' id='line_1_48' title="bbox 199 4607 1778 4699; baseline 0.017 -40"><span class='ocrx_word' id='word_1_377' title='bbox 199 4607 258 4660; x_wconf 80' lang='lat' dir='ltr'><strong>Ita</strong></span> <span class='ocrx_word' id='word_1_378' title='bbox 300 4621 478 4668; x_wconf 85' lang='lat' dir='ltr'><strong>autem</strong></span> <span class='ocrx_word' id='word_1_379' title='bbox 510 4615 609 4670; x_wconf 89' lang='lat' dir='ltr'><strong>sibi</strong></span> <span class='ocrx_word' id='word_1_380' title='bbox 642 4619 956 4686; x_wconf 85' lang='lat' dir='ltr'><strong>apparuisse</strong></span> <span class='ocrx_word' id='word_1_381' title='bbox 982 4620 1146 4686; x_wconf 89' lang='lat' dir='ltr'><strong>dicit,</strong></span> <span class='ocrx_word' id='word_1_382' title='bbox 1185 4633 1241 4676; x_wconf 93' lang='lat' dir='ltr'><strong>ut</strong></span> <span class='ocrx_word' id='word_1_383' title='bbox 1271 4635 1487 4682; x_wconf 86' lang='lat' dir='ltr'><strong>enarrat</strong></span> <span class='ocrx_word' id='word_1_384' title='bbox 1515 4673 1529 4694; x_wconf 91' lang='lat'><strong>,</strong></span> <span class='ocrx_word' id='word_1_385' title='bbox 1565 4645 1670 4699; x_wconf 89' lang='lat' dir='ltr'><strong>quo</strong></span> <span class='ocrx_word' id='word_1_386' title='bbox 1699 4633 1778 4687; x_wconf 86' lang='lat' dir='ltr'><strong>sic</strong></span> 
     </span>
    </p>
   </div>
   <div class='ocr_carea' id='block_1_49' title="bbox 196 4703 1772 4790">
    <p class='ocr_par' dir='ltr' id='par_1_49' title="bbox 196 4703 1772 4790">
     <span class='ocr_line' id='line_1_49' title="bbox 196 4703 1772 4790; baseline 0.019 -42"><span class='ocrx_word' id='word_1_387' title='bbox 196 4703 361 4758; x_wconf 74' lang='lat' dir='ltr'><strong>saltem</strong></span> <span class='ocrx_word' id='word_1_388' title='bbox 411 4707 534 4774; x_wconf 84' lang='lat' dir='ltr'><strong>ejus</strong></span> <span class='ocrx_word' id='word_1_389' title='bbox 584 4722 886 4765; x_wconf 88' lang='lat' dir='ltr'><strong>sermonem</strong></span> <span class='ocrx_word' id='word_1_390' title='bbox 937 4714 1244 4783; x_wconf 87' lang='lat' dir='ltr'><strong>acciperent</strong></span> <span class='ocrx_word' id='word_1_391' title='bbox 1276 4759 1288 4782; x_wconf 92' lang='lat'><strong>,</strong></span> <span class='ocrx_word' id='word_1_392' title='bbox 1334 4720 1422 4789; x_wconf 92' lang='lat' dir='ltr'><strong>qui</strong></span> <span class='ocrx_word' id='word_1_393' title='bbox 1453 4762 1465 4783; x_wconf 94' lang='lat'><strong>,</strong></span> <span class='ocrx_word' id='word_1_394' title='bbox 1519 4723 1772 4790; x_wconf 88' lang='lat' dir='ltr'><strong>quoniam</strong></span> 
     </span>
    </p>
   </div>
   <div class='ocr_carea' id='block_1_50' title="bbox 195 4792 1774 4876">
    <p class='ocr_par' dir='ltr' id='par_1_50' title="bbox 195 4792 1774 4876">
     <span class='ocr_line' id='line_1_50' title="bbox 195 4792 1774 4876; baseline 0.018 -33"><span class='ocrx_word' id='word_1_395' title='bbox 195 4792 380 4853; x_wconf 74' lang='lat' dir='ltr'><strong>dixerat</strong></span> <span class='ocrx_word' id='word_1_396' title='bbox 411 4801 566 4853; x_wconf 86' lang='lat' dir='ltr'><strong>illum</strong></span> <span class='ocrx_word' id='word_1_397' title='bbox 597 4801 788 4858; x_wconf 88' lang='lat' dir='ltr'><strong>sedere</strong></span> <span class='ocrx_word' id='word_1_398' title='bbox 814 4845 828 4869; x_wconf 91' lang='lat'><strong>,</strong></span> <span class='ocrx_word' id='word_1_399' title='bbox 859 4805 1119 4861; x_wconf 90' lang='lat' dir='ltr'><strong>molestos</strong></span> <span class='ocrx_word' id='word_1_400' title='bbox 1151 4809 1256 4863; x_wconf 91' lang='lat' dir='ltr'><strong>illis</strong></span> <span class='ocrx_word' id='word_1_401' title='bbox 1277 4821 1392 4866; x_wconf 89' lang='lat' dir='ltr'><strong>erat</strong></span> <span class='ocrx_word' id='word_1_402' title='bbox 1417 4854 1429 4876; x_wconf 90' lang='lat'><strong>,</strong></span> <span class='ocrx_word' id='word_1_403' title='bbox 1466 4815 1676 4870; x_wconf 89' lang='lat' dir='ltr'><strong>interim</strong></span> <span class='ocrx_word' id='word_1_404' title='bbox 1707 4818 1774 4872; x_wconf 87' lang='lat' dir='ltr'><strong>de</strong></span> 
     </span>
    </p>
   </div>
   <div class='ocr_carea' id='block_1_51' title="bbox 197 4892 1771 4967">
    <p class='ocr_par' dir='ltr' id='par_1_51' title="bbox 197 4892 1771 4967">
     <span class='ocr_line' id='line_1_51' title="bbox 197 4892 1771 4967; baseline 0.017 -28"><span class='ocrx_word' id='word_1_405' title='bbox 197 4892 572 4948; x_wconf 77' lang='lat' dir='ltr'><strong>re~urreetione</strong></span> <span class='ocrx_word' id='word_1_406' title='bbox 597 4907 904 4951; x_wconf 84' lang='lat' dir='ltr'><strong>sermonem</strong></span> <span class='ocrx_word' id='word_1_407' title='bbox 936 4909 1115 4955; x_wconf 79' lang='lat' dir='ltr'><strong>movet</strong></span> <span class='ocrx_word' id='word_1_408' title='bbox 1140 4944 1153 4967; x_wconf 96' lang='lat'><strong>,</strong></span> <span class='ocrx_word' id='word_1_409' title='bbox 1186 4911 1238 4956; x_wconf 89' lang='lat' dir='ltr'><strong>et</strong></span> <span class='ocrx_word' id='word_1_410' title='bbox 1277 4904 1424 4958; x_wconf 90' lang='lat' dir='ltr'><strong>illum</strong></span> <span class='ocrx_word' id='word_1_411' title='bbox 1449 4917 1593 4964; x_wconf 90' lang='lat' dir='ltr'><strong>stare</strong></span> <span class='ocrx_word' id='word_1_412' title='bbox 1621 4911 1771 4966; x_wconf 89' lang='lat' dir='ltr'><strong>dicit.</strong></span> 
     </span>
    </p>
   </div>
   <div class='ocr_carea' id='block_1_52' title="bbox 199 4976 1770 5062">
    <p class='ocr_par' dir='ltr' id='par_1_52' title="bbox 199 4976 1770 5062">
     <span class='ocr_line' id='line_1_52' title="bbox 199 4976 1770 5062; baseline 0.02 -35"><span class='ocrx_word' id='word_1_413' title='bbox 199 4976 312 5036; x_wconf 89' lang='lat' dir='ltr'><strong>llinc</strong></span> <span class='ocrx_word' id='word_1_414' title='bbox 337 4983 620 5053; x_wconf 88' lang='lat' dir='ltr'><strong>conjecto,</strong></span> <span class='ocrx_word' id='word_1_415' title='bbox 655 4986 844 5044; x_wconf 80' lang='lat' dir='ltr'><strong>faciem</strong></span> <span class='ocrx_word' id='word_1_416' title='bbox 883 4991 1027 5046; x_wconf 87' lang='lat' dir='ltr'><strong>illius</strong></span> <span class='ocrx_word' id='word_1_417' title='bbox 1063 4994 1415 5062; x_wconf 85' lang='lat' dir='ltr'><strong>gloritieatam</strong></span> <span class='ocrx_word' id='word_1_418' title='bbox 1449 5015 1588 5056; x_wconf 86' lang='lat' dir='ltr'><strong>esse.</strong></span> <span class='ocrx_word' id='word_1_419' title='bbox 1638 5002 1770 5058; x_wconf 81' lang='lat' dir='ltr'><strong>Nam</strong></span> 
     </span>
    </p>
   </div>
   <div class='ocr_carea' id='block_1_53' title="bbox 199 5067 1769 5164">
    <p class='ocr_par' dir='ltr' id='par_1_53' title="bbox 199 5067 1769 5164">
     <span class='ocr_line' id='line_1_53' title="bbox 199 5067 1769 5164; baseline 0.017 -40"><span class='ocrx_word' id='word_1_420' title='bbox 199 5067 347 5164; x_wconf 68' lang='lat' dir='ltr'><strong>licus,</strong></span> <span class='ocrx_word' id='word_1_421' title='bbox 371 5076 636 5147; x_wconf 81' lang='lat' dir='ltr'><strong>benignus</strong></span> <span class='ocrx_word' id='word_1_422' title='bbox 661 5095 783 5134; x_wconf 91' lang='lat' dir='ltr'><strong>cum</strong></span> <span class='ocrx_word' id='word_1_423' title='bbox 820 5082 888 5135; x_wconf 90' lang='lat' dir='ltr'><strong>sit</strong></span> <span class='ocrx_word' id='word_1_424' title='bbox 915 5125 928 5143; x_wconf 84' lang='lat'><strong>,</strong></span> <span class='ocrx_word' id='word_1_425' title='bbox 961 5099 1056 5152; x_wconf 87' lang='lat' dir='ltr'><strong>per</strong></span> <span class='ocrx_word' id='word_1_426' title='bbox 1078 5102 1198 5154; x_wconf 78' lang='lat' dir='ltr'><strong>qua:</strong></span> <span class='ocrx_word' id='word_1_427' title='bbox 1239 5088 1312 5142; x_wconf 94' lang='lat' dir='ltr'><strong>illi</strong></span> <span class='ocrx_word' id='word_1_428' title='bbox 1362 5089 1584 5147; x_wconf 86' lang='lat' dir='ltr'><strong>insidias</strong></span> <span class='ocrx_word' id='word_1_429' title='bbox 1612 5110 1769 5164; x_wconf 86' lang='lat' dir='ltr'><strong>para-</strong></span> 
     </span>
    </p>
   </div>
   <div class='ocr_carea' id='block_1_54' title="bbox 198 5162 1770 5249">
    <p class='ocr_par' dir='ltr' id='par_1_54' title="bbox 198 5162 1770 5249">
     <span class='ocr_line' id='line_1_54' title="bbox 198 5162 1770 5249; baseline 0.022 -39"><span class='ocrx_word' id='word_1_430' title='bbox 198 5162 336 5229; x_wconf 78' lang='lat' dir='ltr'><strong>bant,</strong></span> <span class='ocrx_word' id='word_1_431' title='bbox 388 5184 486 5238; x_wconf 87' lang='lat' dir='ltr'><strong>per</strong></span> <span class='ocrx_word' id='word_1_432' title='bbox 533 5171 722 5227; x_wconf 86' lang='lat' dir='ltr'><strong>eadem</strong></span> <span class='ocrx_word' id='word_1_433' title='bbox 769 5175 981 5230; x_wconf 85' lang='lat' dir='ltr'><strong>volebat</strong></span> <span class='ocrx_word' id='word_1_434' title='bbox 1029 5178 1150 5232; x_wconf 82' lang='lat' dir='ltr'><strong>illos</strong></span> <span class='ocrx_word' id='word_1_435' title='bbox 1194 5195 1461 5249; x_wconf 85' lang='lat' dir='ltr'><strong>evocare;</strong></span> <span class='ocrx_word' id='word_1_436' title='bbox 1497 5188 1596 5242; x_wconf 87' lang='lat' dir='ltr'><strong>etsi</strong></span> <span class='ocrx_word' id='word_1_437' title='bbox 1613 5162 1770 5244; x_wconf 25' lang='lat' dir='ltr'><strong>vnihil</strong></span> 
     </span>
    </p>
   </div>
   <div class='ocr_carea' id='block_1_55' title="bbox 195 5261 1764 5337">
    <p class='ocr_par' dir='ltr' id='par_1_55' title="bbox 195 5261 1764 5337">
     <span class='ocr_line' id='line_1_55' title="bbox 195 5261 1764 5337; baseline 0.021 -34"><span class='ocrx_word' id='word_1_438' title='bbox 195 5261 397 5327; x_wconf 81' lang='lat' dir='ltr'><strong>amplius</strong></span> <span class='ocrx_word' id='word_1_439' title='bbox 435 5261 630 5316; x_wconf 88' lang='lat' dir='ltr'><strong>factum</strong></span> <span class='ocrx_word' id='word_1_440' title='bbox 659 5265 749 5319; x_wconf 90' lang='lat' dir='ltr'><strong>sit.</strong></span> <span class='ocrx_word' id='word_1_441' title='bbox 780 5265 869 5320; x_wconf 81' lang='lat'><strong>57.</strong></span> <span class='ocrx_word' id='word_1_442' title='bbox 905 5265 973 5320; x_wconf 87' lang='lat' dir='ltr'><strong>Et</strong></span> <span class='ocrx_word' id='word_1_443' title='bbox 1016 5269 1267 5337; x_wconf 83' lang='lat' dir='ltr'><strong>ejicientes</strong></span> <span class='ocrx_word' id='word_1_444' title='bbox 1311 5290 1423 5328; x_wconf 89' lang='lat' dir='ltr'><strong>eum</strong></span> <span class='ocrx_word' id='word_1_445' title='bbox 1466 5289 1608 5332; x_wconf 67' lang='lat' dir='ltr'><strong>extra</strong></span> <span class='ocrx_word' id='word_1_446' title='bbox 1649 5284 1764 5335; x_wconf 84' lang='lat' dir='ltr'><strong>civi-</strong></span> 
     </span>
    </p>
   </div>
   <div class='ocr_carea' id='block_1_56' title="bbox 196 5355 1771 5438">
    <p class='ocr_par' dir='ltr' id='par_1_56' title="bbox 196 5355 1771 5438">
     <span class='ocr_line' id='line_1_56' title="bbox 196 5355 1771 5438; baseline 0.018 -38"><span class='ocrx_word' id='word_1_447' title='bbox 196 5357 344 5418; x_wconf 78' lang='lat' dir='ltr'><strong>latent,</strong></span> <span class='ocrx_word' id='word_1_448' title='bbox 373 5355 692 5425; x_wconf 80' lang='lat' dir='ltr'><strong>lapidabant.</strong></span> <span class='ocrx_word' id='word_1_449' title='bbox 724 5357 927 5414; x_wconf 79' lang='lat' dir='ltr'><strong>Rursus</strong></span> <span class='ocrx_word' id='word_1_450' title='bbox 949 5371 1100 5415; x_wconf 87' lang='lat' dir='ltr'><strong>extra</strong></span> <span class='ocrx_word' id='word_1_451' title='bbox 1129 5364 1399 5420; x_wconf 88' lang='lat' dir='ltr'><strong>civitatem</strong></span> <span class='ocrx_word' id='word_1_452' title='bbox 1430 5386 1597 5438; x_wconf 80' lang='lat' dir='ltr'><strong>inors,</strong></span> <span class='ocrx_word' id='word_1_453' title='bbox 1633 5377 1771 5429; x_wconf 84' lang='lat' dir='ltr'><strong>sicut</strong></span> 
     </span>
    </p>
   </div>
   <div class='ocr_carea' id='block_1_57' title="bbox 195 5438 1770 5530">
    <p class='ocr_par' dir='ltr' id='par_1_57' title="bbox 195 5438 1770 5530">
     <span class='ocr_line' id='line_1_57' title="bbox 195 5438 1770 5530; baseline 0.017 -36"><span class='ocrx_word' id='word_1_454' title='bbox 195 5438 236 5489; x_wconf 84' lang='lat' dir='ltr'><strong>in</strong></span> <span class='ocrx_word' id='word_1_455' title='bbox 260 5443 502 5501; x_wconf 86' lang='lat' dir='ltr'><strong>Christo:</strong></span> <span class='ocrx_word' id='word_1_456' title='bbox 534 5457 587 5502; x_wconf 91' lang='lat' dir='ltr'><strong>et</strong></span> <span class='ocrx_word' id='word_1_457' title='bbox 634 5449 685 5502; x_wconf 88' lang='lat' dir='ltr'><strong>in</strong></span> <span class='ocrx_word' id='word_1_458' title='bbox 730 5450 842 5518; x_wconf 88' lang='lat' dir='ltr'><strong>ipsa</strong></span> <span class='ocrx_word' id='word_1_459' title='bbox 877 5463 1051 5507; x_wconf 90' lang='lat' dir='ltr'><strong>morte</strong></span> <span class='ocrx_word' id='word_1_460' title='bbox 1079 5459 1346 5512; x_wconf 81' lang='lat' dir='ltr'><strong>confessio</strong></span> <span class='ocrx_word' id='word_1_461' title='bbox 1375 5469 1427 5514; x_wconf 89' lang='lat' dir='ltr'><strong>et</strong></span> <span class='ocrx_word' id='word_1_462' title='bbox 1461 5465 1770 5530; x_wconf 70' lang='lat' dir='ltr'><strong>prrcdicatio</strong></span> 
     </span>
    </p>
   </div>
   <div class='ocr_carea' id='block_1_58' title="bbox 195 5544 1770 5617">
    <p class='ocr_par' dir='ltr' id='par_1_58' title="bbox 195 5544 1770 5617">
     <span class='ocr_line' id='line_1_58' title="bbox 195 5544 1770 5617; baseline 0.018 -29"><span class='ocrx_word' id='word_1_463' title='bbox 195 5547 500 5598; x_wconf 81' lang='lat' dir='ltr'><strong>enuntiatur.</strong></span> <span class='ocrx_word' id='word_1_464' title='bbox 533 5544 597 5600; x_wconf 86' lang='lat' dir='ltr'><strong>Et</strong></span> <span class='ocrx_word' id='word_1_465' title='bbox 624 5556 772 5600; x_wconf 87' lang='lat' dir='ltr'><strong>testes</strong></span> <span class='ocrx_word' id='word_1_466' title='bbox 797 5547 1139 5614; x_wconf 86' lang='lat' dir='ltr'><strong>deposuerunt</strong></span> <span class='ocrx_word' id='word_1_467' title='bbox 1179 5557 1470 5610; x_wconf 84' lang='lat' dir='ltr'><strong>vestimenta</strong></span> <span class='ocrx_word' id='word_1_468' title='bbox 1502 5575 1594 5612; x_wconf 86' lang='lat' dir='ltr'><strong>sua</strong></span> <span class='ocrx_word' id='word_1_469' title='bbox 1627 5579 1770 5617; x_wconf 83' lang='lat' dir='ltr'><strong>secus</strong></span> 
     </span>
    </p>
   </div>
   <div class='ocr_carea' id='block_1_59' title="bbox 197 5633 1766 5723">
    <p class='ocr_par' dir='ltr' id='par_1_59' title="bbox 197 5633 1766 5723">
     <span class='ocr_line' id='line_1_59' title="bbox 197 5633 1766 5723; baseline 0.011 -35"><span class='ocrx_word' id='word_1_470' title='bbox 197 5633 321 5692; x_wconf 74' lang='lat' dir='ltr'><strong>mdes</strong></span> <span class='ocrx_word' id='word_1_471' title='bbox 348 5636 705 5705; x_wconf 66' lang='lat' dir='ltr'><strong>adolescentis,</strong></span> <span class='ocrx_word' id='word_1_472' title='bbox 738 5640 827 5708; x_wconf 81' lang='lat' dir='ltr'><strong>qui</strong></span> <span class='ocrx_word' id='word_1_473' title='bbox 862 5642 1136 5694; x_wconf 76' lang='lat' dir='ltr'><strong>vocabatur</strong></span> <span class='ocrx_word' id='word_1_474' title='bbox 1166 5645 1376 5700; x_wconf 82' lang='lat' dir='ltr'><strong>Saulus.</strong></span> <span class='ocrx_word' id='word_1_475' title='bbox 1410 5649 1500 5704; x_wconf 84' lang='lat'><strong>58.</strong></span> <span class='ocrx_word' id='word_1_476' title='bbox 1536 5651 1596 5704; x_wconf 80' lang='lat' dir='ltr'><strong>Et</strong></span> <span class='ocrx_word' id='word_1_477' title='bbox 1631 5654 1766 5723; x_wconf 64' lang='lat' dir='ltr'><strong>lupi.-</strong></span> 
     </span>
    </p>
   </div>
   <div class='ocr_carea' id='block_1_60' title="bbox 197 5728 1766 5810">
    <p class='ocr_par' dir='ltr' id='par_1_60' title="bbox 197 5728 1766 5810">
     <span class='ocr_line' id='line_1_60' title="bbox 197 5728 1766 5810; baseline 0.017 -35"><span class='ocrx_word' id='word_1_478' title='bbox 197 5728 351 5782; x_wconf 73' lang='lat' dir='ltr'><strong>dolium</strong></span> <span class='ocrx_word' id='word_1_479' title='bbox 385 5733 708 5802; x_wconf 87' lang='lat' dir='ltr'><strong>Stephanum</strong></span> <span class='ocrx_word' id='word_1_480' title='bbox 734 5778 748 5801; x_wconf 92' lang='lat'><strong>,</strong></span> <span class='ocrx_word' id='word_1_481' title='bbox 791 5741 1107 5792; x_wconf 71' lang='lat' dir='ltr'><strong>inuocantem</strong></span> <span class='ocrx_word' id='word_1_482' title='bbox 1153 5740 1314 5797; x_wconf 87' lang='lat' dir='ltr'><strong>Deum</strong></span> <span class='ocrx_word' id='word_1_483' title='bbox 1346 5787 1359 5810; x_wconf 95' lang='lat'><strong>,</strong></span> <span class='ocrx_word' id='word_1_484' title='bbox 1404 5756 1448 5798; x_wconf 80' lang='lat' dir='ltr'><strong>rt</strong></span> <span class='ocrx_word' id='word_1_485' title='bbox 1475 5749 1719 5803; x_wconf 69' lang='lat' dir='ltr'><strong>dicentem</strong></span> <span class='ocrx_word' id='word_1_486' title='bbox 1750 5767 1766 5801; x_wconf 91' lang='lat'><em>:</em></span> 
     </span>
    </p>
   </div>
   <div class='ocr_carea' id='block_1_61' title="bbox 199 5817 1763 5904">
    <p class='ocr_par' dir='ltr' id='par_1_61' title="bbox 199 5817 1763 5904">
     <span class='ocr_line' id='line_1_61' title="bbox 199 5817 1763 5904; baseline 0.015 -30"><span class='ocrx_word' id='word_1_487' title='bbox 199 5817 383 5880; x_wconf 69' lang='lat' dir='ltr'><strong>Domine</strong></span> <span class='ocrx_word' id='word_1_488' title='bbox 409 5825 533 5882; x_wconf 75' lang='lat' dir='ltr'><strong>Jcsu</strong></span> <span class='ocrx_word' id='word_1_489' title='bbox 564 5831 785 5899; x_wconf 76' lang='lat' dir='ltr'><strong>Christe,</strong></span> <span class='ocrx_word' id='word_1_490' title='bbox 820 5835 994 5899; x_wconf 78' lang='lat' dir='ltr'><strong>accipe</strong></span> <span class='ocrx_word' id='word_1_491' title='bbox 1026 5834 1257 5904; x_wconf 79' lang='lat' dir='ltr'><strong>spiritum</strong></span> <span class='ocrx_word' id='word_1_492' title='bbox 1287 5857 1472 5894; x_wconf 79' lang='lat' dir='ltr'><strong>&quot;lt‘ttl&#39;t.</strong></span> <span class='ocrx_word' id='word_1_493' title='bbox 1513 5843 1647 5899; x_wconf 66' lang='lat' dir='ltr'><strong>illnc</strong></span> <span class='ocrx_word' id='word_1_494' title='bbox 1680 5862 1763 5898; x_wconf 80' lang='lat' dir='ltr'><strong>os-</strong></span> 
     </span>
    </p>
   </div>
   <div class='ocr_carea' id='block_1_62' title="bbox 1911 935 3513 1006">
    <p class='ocr_par' dir='ltr' id='par_1_62' title="bbox 1911 935 3513 1006">
     <span class='ocr_line' id='line_1_62' title="bbox 1911 935 3513 1006; baseline -0.004 -15"><span class='ocrx_word' id='word_1_495' title='bbox 1911 936 2081 991; x_wconf 88' lang='lat' dir='ltr'><strong>tendit</strong></span> <span class='ocrx_word' id='word_1_496' title='bbox 2111 945 2164 991; x_wconf 91' lang='lat' dir='ltr'><strong>et</strong></span> <span class='ocrx_word' id='word_1_497' title='bbox 2192 936 2351 992; x_wconf 88' lang='lat' dir='ltr'><strong>docet</strong></span> <span class='ocrx_word' id='word_1_498' title='bbox 2398 937 2558 1003; x_wconf 88' lang='lat' dir='ltr'><strong>illos,</strong></span> <span class='ocrx_word' id='word_1_499' title='bbox 2607 952 2666 991; x_wconf 85' lang='lat' dir='ltr'><strong>se</strong></span> <span class='ocrx_word' id='word_1_500' title='bbox 2714 955 2818 991; x_wconf 91' lang='lat' dir='ltr'><strong>non</strong></span> <span class='ocrx_word' id='word_1_501' title='bbox 2853 938 3050 1006; x_wconf 88' lang='lat' dir='ltr'><strong>perire.</strong></span> <span class='ocrx_word' id='word_1_502' title='bbox 3084 937 3169 992; x_wconf 78' lang='grc'><strong>59.</strong></span> <span class='ocrx_word' id='word_1_503' title='bbox 3232 937 3292 989; x_wconf 76' lang='lat' dir='ltr'><strong>Et</strong></span> <span class='ocrx_word' id='word_1_504' title='bbox 3345 935 3513 1004; x_wconf 66' lang='grc' dir='ltr'><strong>μυεῐιὲρ</strong></span> 
     </span>
    </p>
   </div>
   <div class='ocr_carea' id='block_1_63' title="bbox 1914 1029 3520 1101">
    <p class='ocr_par' dir='ltr' id='par_1_63' title="bbox 1914 1029 3520 1101">
     <span class='ocr_line' id='line_1_63' title="bbox 1914 1029 3520 1101; baseline 0 -20"><span class='ocrx_word' id='word_1_505' title='bbox 1914 1029 2124 1098; x_wconf 86' lang='lat' dir='ltr'><strong>genibus</strong></span> <span class='ocrx_word' id='word_1_506' title='bbox 2154 1031 2390 1083; x_wconf 74' lang='lat' dir='ltr'><strong>clamavit</strong></span> <span class='ocrx_word' id='word_1_507' title='bbox 2422 1046 2538 1085; x_wconf 84' lang='lat' dir='ltr'><strong>voce</strong></span> <span class='ocrx_word' id='word_1_508' title='bbox 2569 1047 2753 1101; x_wconf 87' lang='lat' dir='ltr'><strong>magna</strong></span> <span class='ocrx_word' id='word_1_509' title='bbox 2781 1047 2801 1084; x_wconf 89' lang='lat'><strong><em>:</em></strong></span> <span class='ocrx_word' id='word_1_510' title='bbox 2833 1030 3071 1096; x_wconf 82' lang='lat' dir='ltr'><strong>Domine,</strong></span> <span class='ocrx_word' id='word_1_511' title='bbox 3108 1047 3168 1083; x_wconf 85' lang='lat' dir='ltr'><strong>ne</strong></span> <span class='ocrx_word' id='word_1_512' title='bbox 3196 1041 3392 1083; x_wconf 72' lang='lat' dir='ltr'><strong>statiuis</strong></span> <span class='ocrx_word' id='word_1_513' title='bbox 3419 1031 3520 1082; x_wconf 73' lang='lat' dir='ltr'><strong>illa;</strong></span> 
     </span>
    </p>
   </div>
   <div class='ocr_carea' id='block_1_64' title="bbox 1909 1120 3518 1192">
    <p class='ocr_par' dir='ltr' id='par_1_64' title="bbox 1909 1120 3518 1192">
     <span class='ocr_line' id='line_1_64' title="bbox 1909 1120 3518 1192; baseline -0.001 -20"><span class='ocrx_word' id='word_1_514' title='bbox 1909 1121 2004 1173; x_wconf 90' lang='lat' dir='ltr'><strong>hoc</strong></span> <span class='ocrx_word' id='word_1_515' title='bbox 2030 1130 2310 1190; x_wconf 86' lang='lat' dir='ltr'><strong>peccatum.</strong></span> <span class='ocrx_word' id='word_1_516' title='bbox 2357 1120 2519 1190; x_wconf 84' lang='lat' dir='ltr'><strong>Quasi</strong></span> <span class='ocrx_word' id='word_1_517' title='bbox 2552 1137 2672 1176; x_wconf 88' lang='lat' dir='ltr'><strong>sese</strong></span> <span class='ocrx_word' id='word_1_518' title='bbox 2703 1139 2940 1192; x_wconf 77' lang='lat' dir='ltr'><strong>purgans</strong></span> <span class='ocrx_word' id='word_1_519' title='bbox 2965 1165 2976 1184; x_wconf 84' lang='lat'><strong>,</strong></span> <span class='ocrx_word' id='word_1_520' title='bbox 3015 1123 3156 1191; x_wconf 85' lang='lat' dir='ltr'><strong>quod</strong></span> <span class='ocrx_word' id='word_1_521' title='bbox 3202 1122 3381 1190; x_wconf 83' lang='lat' dir='ltr'><strong>priora</strong></span> <span class='ocrx_word' id='word_1_522' title='bbox 3414 1137 3518 1172; x_wconf 83' lang='lat' dir='ltr'><strong>non</strong></span> 
     </span>
    </p>
   </div>
   <div class='ocr_carea' id='block_1_65' title="bbox 1907 1212 3519 1287">
    <p class='ocr_par' dir='ltr' id='par_1_65' title="bbox 1907 1212 3519 1287">
     <span class='ocr_line' id='line_1_65' title="bbox 1907 1212 3519 1287; baseline 0.001 -23"><span class='ocrx_word' id='word_1_523' title='bbox 1907 1226 1970 1265; x_wconf 73' lang='lat' dir='ltr'><strong>ex</strong></span> <span class='ocrx_word' id='word_1_524' title='bbox 2004 1213 2080 1265; x_wconf 88' lang='lat' dir='ltr'><strong>ira</strong></span> <span class='ocrx_word' id='word_1_525' title='bbox 2123 1212 2340 1280; x_wconf 85' lang='lat' dir='ltr'><strong>dixerit,</strong></span> <span class='ocrx_word' id='word_1_526' title='bbox 2372 1214 2466 1277; x_wconf 88' lang='lat' dir='ltr'><strong>ait,</strong></span> <span class='ocrx_word' id='word_1_527' title='bbox 2512 1212 2774 1287; x_wconf 80' lang='lat' dir='ltr'><strong>Domine;</strong></span> <span class='ocrx_word' id='word_1_528' title='bbox 2808 1215 2887 1268; x_wconf 85' lang='lat' dir='ltr'><strong>vel</strong></span> <span class='ocrx_word' id='word_1_529' title='bbox 2929 1215 3071 1284; x_wconf 87' lang='lat' dir='ltr'><strong>quod</strong></span> <span class='ocrx_word' id='word_1_530' title='bbox 3103 1213 3260 1267; x_wconf 81' lang='lat' dir='ltr'><strong>vellet</strong></span> <span class='ocrx_word' id='word_1_531' title='bbox 3306 1228 3402 1266; x_wconf 86' lang='lat' dir='ltr'><strong>eos</strong></span> <span class='ocrx_word' id='word_1_532' title='bbox 3443 1230 3519 1266; x_wconf 80' lang='lat' dir='ltr'><strong>sic</strong></span> 
     </span>
    </p>
   </div>
   <div class='ocr_carea' id='block_1_66' title="bbox 1906 1305 3517 1378">
    <p class='ocr_par' dir='ltr' id='par_1_66' title="bbox 1906 1305 3517 1378">
     <span class='ocr_line' id='line_1_66' title="bbox 1906 1305 3517 1378; baseline 0.001 -21"><span class='ocrx_word' id='word_1_533' title='bbox 1906 1305 2196 1360; x_wconf 86' lang='lat' dir='ltr'><strong>attrahere.</strong></span> <span class='ocrx_word' id='word_1_534' title='bbox 2232 1306 2363 1361; x_wconf 86' lang='lat' dir='ltr'><strong>Nam</strong></span> <span class='ocrx_word' id='word_1_535' title='bbox 2404 1308 2546 1378; x_wconf 88' lang='lat' dir='ltr'><strong>quod</strong></span> <span class='ocrx_word' id='word_1_536' title='bbox 2585 1308 2884 1363; x_wconf 88' lang='lat' dir='ltr'><strong>dimitteret</strong></span> <span class='ocrx_word' id='word_1_537' title='bbox 2929 1309 3058 1377; x_wconf 90' lang='lat' dir='ltr'><strong>ipsis</strong></span> <span class='ocrx_word' id='word_1_538' title='bbox 3106 1309 3236 1362; x_wconf 83' lang='lat' dir='ltr'><strong>iram</strong></span> <span class='ocrx_word' id='word_1_539' title='bbox 3271 1318 3322 1362; x_wconf 91' lang='lat' dir='ltr'><strong>et</strong></span> <span class='ocrx_word' id='word_1_540' title='bbox 3370 1308 3517 1361; x_wconf 88' lang='lat' dir='ltr'><strong>furo-</strong></span> 
     </span>
    </p>
   </div>
   <div class='ocr_carea' id='block_1_67' title="bbox 1905 1399 3510 1470">
    <p class='ocr_par' dir='ltr' id='par_1_67' title="bbox 1905 1399 3510 1470">
     <span class='ocr_line' id='line_1_67' title="bbox 1905 1399 3510 1470; baseline 0.002 -20"><span class='ocrx_word' id='word_1_541' title='bbox 1905 1412 2051 1462; x_wconf 90' lang='lat' dir='ltr'><strong>rem,</strong></span> <span class='ocrx_word' id='word_1_542' title='bbox 2083 1413 2188 1466; x_wconf 85' lang='lat' dir='ltr'><strong>quo</strong></span> <span class='ocrx_word' id='word_1_543' title='bbox 2219 1399 2420 1454; x_wconf 68' lang='lat' dir='ltr'><strong>caadetn</strong></span> <span class='ocrx_word' id='word_1_544' title='bbox 2457 1401 2732 1469; x_wconf 87' lang='lat' dir='ltr'><strong>patrabant</strong></span> <span class='ocrx_word' id='word_1_545' title='bbox 2759 1442 2772 1465; x_wconf 93' lang='lat'><strong>,</strong></span> <span class='ocrx_word' id='word_1_546' title='bbox 2818 1411 2872 1455; x_wconf 92' lang='lat' dir='ltr'><strong>ct</strong></span> <span class='ocrx_word' id='word_1_547' title='bbox 2904 1402 3141 1454; x_wconf 84' lang='lat' dir='ltr'><strong>animum</strong></span> <span class='ocrx_word' id='word_1_548' title='bbox 3185 1417 3211 1452; x_wconf 87' lang='lat' dir='ltr'><strong>a</strong></span> <span class='ocrx_word' id='word_1_549' title='bbox 3257 1401 3510 1470; x_wconf 58' lang='lat' dir='ltr'><strong>passione</strong></span> 
     </span>
    </p>
   </div>
   <div class='ocr_carea' id='block_1_68' title="bbox 1907 1492 3519 1568">
    <p class='ocr_par' dir='ltr' id='par_1_68' title="bbox 1907 1492 3519 1568">
     <span class='ocr_line' id='line_1_68' title="bbox 1907 1492 3519 1568; baseline 0.004 -28"><span class='ocrx_word' id='word_1_550' title='bbox 1907 1505 2097 1558; x_wconf 89' lang='lat' dir='ltr'><strong>purum</strong></span> <span class='ocrx_word' id='word_1_551' title='bbox 2139 1492 2489 1556; x_wconf 83' lang='lat' dir='ltr'><strong>ostenderet,</strong></span> <span class='ocrx_word' id='word_1_552' title='bbox 2537 1493 2586 1546; x_wconf 92' lang='lat' dir='ltr'><strong>id</strong></span> <span class='ocrx_word' id='word_1_553' title='bbox 2634 1495 3204 1568; x_wconf 83' lang='lat' dir='ltr'><strong>certeacceptabilem</strong></span> <span class='ocrx_word' id='word_1_554' title='bbox 3256 1493 3519 1548; x_wconf 78' lang='lat' dir='ltr'><strong>reddebat</strong></span> 
     </span>
    </p>
   </div>
   <div class='ocr_carea' id='block_1_69' title="bbox 1903 1585 3511 1655">
    <p class='ocr_par' dir='ltr' id='par_1_69' title="bbox 1903 1585 3511 1655">
     <span class='ocr_line' id='line_1_69' title="bbox 1903 1585 3511 1655; baseline -0.001 -19"><span class='ocrx_word' id='word_1_555' title='bbox 1903 1596 2231 1638; x_wconf 87' lang='lat' dir='ltr'><strong>sermonem.</strong></span> <span class='ocrx_word' id='word_1_556' title='bbox 2281 1585 2475 1639; x_wconf 78' lang='lat' dir='ltr'><strong>Saulus</strong></span> <span class='ocrx_word' id='word_1_557' title='bbox 2513 1596 2681 1640; x_wconf 84' lang='lat' dir='ltr'><strong>autem</strong></span> <span class='ocrx_word' id='word_1_558' title='bbox 2723 1598 2831 1639; x_wconf 88' lang='lat' dir='ltr'><strong>erat</strong></span> <span class='ocrx_word' id='word_1_559' title='bbox 2870 1588 3187 1640; x_wconf 86' lang='lat' dir='ltr'><strong>consentiens</strong></span> <span class='ocrx_word' id='word_1_560' title='bbox 3234 1585 3344 1639; x_wconf 84' lang='lat' dir='ltr'><strong>neci</strong></span> <span class='ocrx_word' id='word_1_561' title='bbox 3383 1587 3511 1655; x_wconf 84' lang='lat' dir='ltr'><strong>ejus.</strong></span> 
     </span>
    </p>
   </div>
   <div class='ocr_carea' id='block_1_70' title="bbox 1909 1672 3517 1746">
    <p class='ocr_par' dir='ltr' id='par_1_70' title="bbox 1909 1672 3517 1746">
     <span class='ocr_line' id='line_1_70' title="bbox 1909 1672 3517 1746; baseline 0.001 -18"><span class='ocrx_word' id='word_1_562' title='bbox 1909 1672 2062 1743; x_wconf 86' lang='lat' dir='ltr'><strong>(Cap.</strong></span> <span class='ocrx_word' id='word_1_563' title='bbox 2099 1676 2182 1739; x_wconf 83' lang='lat'><strong>8.)</strong></span> <span class='ocrx_word' id='word_1_564' title='bbox 2215 1678 2264 1728; x_wconf 83' lang='lat' dir='ltr'><strong>l.</strong></span> <span class='ocrx_word' id='word_1_565' title='bbox 2298 1675 2460 1728; x_wconf 83' lang='lat' dir='ltr'><strong>Facta</strong></span> <span class='ocrx_word' id='word_1_566' title='bbox 2512 1687 2585 1730; x_wconf 87' lang='lat' dir='ltr'><strong>est</strong></span> <span class='ocrx_word' id='word_1_567' title='bbox 2629 1687 2800 1730; x_wconf 86' lang='lat' dir='ltr'><strong>autem</strong></span> <span class='ocrx_word' id='word_1_568' title='bbox 2841 1679 2891 1729; x_wconf 90' lang='lat' dir='ltr'><strong>in</strong></span> <span class='ocrx_word' id='word_1_569' title='bbox 2935 1679 3025 1730; x_wconf 88' lang='lat' dir='ltr'><strong>illa</strong></span> <span class='ocrx_word' id='word_1_570' title='bbox 3064 1679 3145 1730; x_wconf 88' lang='lat' dir='ltr'><strong>die</strong></span> <span class='ocrx_word' id='word_1_571' title='bbox 3197 1677 3517 1746; x_wconf 86' lang='lat' dir='ltr'><strong>persequutio</strong></span> 
     </span>
    </p>
   </div>
   <div class='ocr_carea' id='block_1_71' title="bbox 1903 1766 3515 1838">
    <p class='ocr_par' dir='ltr' id='par_1_71' title="bbox 1903 1766 3515 1838">
     <span class='ocr_line' id='line_1_71' title="bbox 1903 1766 3515 1838; baseline 0.002 -22"><span class='ocrx_word' id='word_1_572' title='bbox 1903 1782 2090 1835; x_wconf 82' lang='lat' dir='ltr'><strong>magna</strong></span> <span class='ocrx_word' id='word_1_573' title='bbox 2134 1767 2183 1818; x_wconf 87' lang='lat' dir='ltr'><strong>in</strong></span> <span class='ocrx_word' id='word_1_574' title='bbox 2232 1766 2499 1829; x_wconf 82' lang='lat' dir='ltr'><strong>Ecclesia,</strong></span> <span class='ocrx_word' id='word_1_575' title='bbox 2544 1785 2658 1838; x_wconf 66' lang='lat' dir='ltr'><strong>qut:</strong></span> <span class='ocrx_word' id='word_1_576' title='bbox 2686 1779 2790 1821; x_wconf 86' lang='lat' dir='ltr'><strong>erat</strong></span> <span class='ocrx_word' id='word_1_577' title='bbox 2821 1768 3180 1837; x_wconf 81' lang='lat' dir='ltr'><strong>Jerosolymis.</strong></span> <span class='ocrx_word' id='word_1_578' title='bbox 3233 1769 3345 1821; x_wconf 83' lang='lat' dir='ltr'><strong>l\&#39;ou</strong></span> <span class='ocrx_word' id='word_1_579' title='bbox 3398 1769 3515 1821; x_wconf 84' lang='lat' dir='ltr'><strong>sine</strong></span> 
     </span>
    </p>
   </div>
   <div class='ocr_carea' id='block_1_72' title="bbox 1903 1858 3593 1928">
    <p class='ocr_par' dir='ltr' id='par_1_72' title="bbox 1903 1858 3593 1928">
     <span class='ocr_line' id='line_1_72' title="bbox 1903 1858 3593 1928; baseline 0.002 -18"><span class='ocrx_word' id='word_1_580' title='bbox 1903 1872 2062 1910; x_wconf 63' lang='lat' dir='ltr'><strong>causa</strong></span> <span class='ocrx_word' id='word_1_581' title='bbox 2096 1858 2224 1911; x_wconf 88' lang='lat' dir='ltr'><strong>mihi</strong></span> <span class='ocrx_word' id='word_1_582' title='bbox 2251 1859 2363 1913; x_wconf 71' lang='lat' dir='ltr'><strong>lucc</strong></span> <span class='ocrx_word' id='word_1_583' title='bbox 2385 1862 2751 1928; x_wconf 86' lang='lat' dir='ltr'><strong>persequutio,</strong></span> <span class='ocrx_word' id='word_1_584' title='bbox 2781 1860 2874 1915; x_wconf 87' lang='lat' dir='ltr'><strong>sed</strong></span> <span class='ocrx_word' id='word_1_585' title='bbox 2899 1861 3077 1914; x_wconf 85' lang='lat' dir='ltr'><strong>divina</strong></span> <span class='ocrx_word' id='word_1_586' title='bbox 3108 1861 3512 1928; x_wconf 68' lang='lat' dir='ltr'><strong>tlispcnSalittltt:</strong></span> <span class='ocrx_word' id='word_1_587' title='bbox 3583 1907 3593 1913; x_wconf 90' lang='lat'><strong>.</strong></span> 
     </span>
    </p>
   </div>
   <div class='ocr_carea' id='block_1_73' title="bbox 1902 1951 3510 2024">
    <p class='ocr_par' dir='ltr' id='par_1_73' title="bbox 1902 1951 3510 2024">
     <span class='ocr_line' id='line_1_73' title="bbox 1902 1951 3510 2024; baseline 0.001 -20"><span class='ocrx_word' id='word_1_588' title='bbox 1902 1953 2192 2020; x_wconf 79' lang='lat' dir='ltr'><strong>contigisse</strong></span> <span class='ocrx_word' id='word_1_589' title='bbox 2225 1952 2454 2007; x_wconf 80' lang='lat' dir='ltr'><strong>videtur.</strong></span> <span class='ocrx_word' id='word_1_590' title='bbox 2509 1951 2571 2005; x_wconf 79' lang='lat' dir='ltr'><strong>Et</strong></span> <span class='ocrx_word' id='word_1_591' title='bbox 2599 1970 2772 2007; x_wconf 73' lang='lat' dir='ltr'><strong>onmes</strong></span> <span class='ocrx_word' id='word_1_592' title='bbox 2813 1955 3030 2021; x_wconf 80' lang='lat' dir='ltr'><strong>dispersi</strong></span> <span class='ocrx_word' id='word_1_593' title='bbox 3074 1963 3190 2007; x_wconf 86' lang='lat' dir='ltr'><strong>sunt</strong></span> <span class='ocrx_word' id='word_1_594' title='bbox 3223 1971 3312 2024; x_wconf 81' lang='lat' dir='ltr'><strong>per</strong></span> <span class='ocrx_word' id='word_1_595' title='bbox 3349 1954 3510 2023; x_wconf 76' lang='lat' dir='ltr'><strong>regio-</strong></span> 
     </span>
    </p>
   </div>
   <div class='ocr_carea' id='block_1_74' title="bbox 1903 2043 3508 2117">
    <p class='ocr_par' dir='ltr' id='par_1_74' title="bbox 1903 2043 3508 2117">
     <span class='ocr_line' id='line_1_74' title="bbox 1903 2043 3508 2117; baseline 0.002 -24"><span class='ocrx_word' id='word_1_596' title='bbox 1903 2060 1987 2096; x_wconf 84' lang='lat' dir='ltr'><strong>nes</strong></span> <span class='ocrx_word' id='word_1_597' title='bbox 2013 2043 2213 2098; x_wconf 70' lang='lat' dir='ltr'><strong>Jndicw</strong></span> <span class='ocrx_word' id='word_1_598' title='bbox 2249 2055 2296 2098; x_wconf 86' lang='lat' dir='ltr'><strong>et</strong></span> <span class='ocrx_word' id='word_1_599' title='bbox 2342 2045 2600 2100; x_wconf 76' lang='lat' dir='ltr'><strong>Samariw</strong></span> <span class='ocrx_word' id='word_1_600' title='bbox 2629 2059 2817 2115; x_wconf 82' lang='lat' dir='ltr'><strong>prccter</strong></span> <span class='ocrx_word' id='word_1_601' title='bbox 2843 2048 3121 2117; x_wconf 83' lang='lat' dir='ltr'><strong>apostolos.</strong></span> <span class='ocrx_word' id='word_1_602' title='bbox 3158 2045 3342 2100; x_wconf 65' lang='lat' dir='ltr'><strong>Viden‘</strong></span> <span class='ocrx_word' id='word_1_603' title='bbox 3374 2064 3508 2115; x_wconf 87' lang='lat' dir='ltr'><strong>quo-</strong></span> 
     </span>
    </p>
   </div>
   <div class='ocr_carea' id='block_1_75' title="bbox 1903 2136 3512 2208">
    <p class='ocr_par' dir='ltr' id='par_1_75' title="bbox 1903 2136 3512 2208">
     <span class='ocr_line' id='line_1_75' title="bbox 1903 2136 3512 2208; baseline 0.002 -20"><span class='ocrx_word' id='word_1_604' title='bbox 1903 2136 2062 2190; x_wconf 90' lang='lat' dir='ltr'><strong>modo</strong></span> <span class='ocrx_word' id='word_1_605' title='bbox 2091 2152 2304 2190; x_wconf 79' lang='lat' dir='ltr'><strong>rursum</strong></span> <span class='ocrx_word' id='word_1_606' title='bbox 2355 2141 2828 2208; x_wconf 86' lang='lat' dir='ltr'><strong>persequutiouem</strong></span> <span class='ocrx_word' id='word_1_607' title='bbox 2876 2155 2998 2194; x_wconf 88' lang='lat' dir='ltr'><strong>esse</strong></span> <span class='ocrx_word' id='word_1_608' title='bbox 3030 2140 3169 2193; x_wconf 86' lang='lat' dir='ltr'><strong>Deus</strong></span> <span class='ocrx_word' id='word_1_609' title='bbox 3201 2140 3460 2194; x_wconf 83' lang='lat' dir='ltr'><strong>c0ncedat</strong></span> <span class='ocrx_word' id='word_1_610' title='bbox 3493 2141 3512 2192; x_wconf 68' lang='grc' dir='ltr'><strong>’ἔ</strong></span> 
     </span>
    </p>
   </div>
   <div class='ocr_carea' id='block_1_76' title="bbox 1902 2229 3509 2302">
    <p class='ocr_par' dir='ltr' id='par_1_76' title="bbox 1902 2229 3509 2302">
     <span class='ocr_line' id='line_1_76' title="bbox 1902 2229 3509 2302; baseline 0.001 -18"><span class='ocrx_word' id='word_1_611' title='bbox 1902 2229 2005 2284; x_wconf 87' lang='lat' dir='ltr'><strong>Sed</strong></span> <span class='ocrx_word' id='word_1_612' title='bbox 2037 2230 2157 2283; x_wconf 87' lang='lat' dir='ltr'><strong>vide</strong></span> <span class='ocrx_word' id='word_1_613' title='bbox 2185 2231 2336 2298; x_wconf 83' lang='lat' dir='ltr'><strong>mihi,</strong></span> <span class='ocrx_word' id='word_1_614' title='bbox 2365 2231 2636 2301; x_wconf 88' lang='lat' dir='ltr'><strong>quomodo</strong></span> <span class='ocrx_word' id='word_1_615' title='bbox 2671 2249 2757 2286; x_wconf 89' lang='lat' dir='ltr'><strong>res</strong></span> <span class='ocrx_word' id='word_1_616' title='bbox 2787 2232 3193 2300; x_wconf 87' lang='lat' dir='ltr'><strong>dispensentur.</strong></span> <span class='ocrx_word' id='word_1_617' title='bbox 3226 2233 3328 2288; x_wconf 89' lang='lat' dir='ltr'><strong>Per</strong></span> <span class='ocrx_word' id='word_1_618' title='bbox 3359 2234 3509 2302; x_wconf 73' lang='lat' dir='ltr'><strong>signa</strong></span> 
     </span>
    </p>
   </div>
   <div class='ocr_carea' id='block_1_77' title="bbox 1901 2322 3509 2396">
    <p class='ocr_par' dir='ltr' id='par_1_77' title="bbox 1901 2322 3509 2396">
     <span class='ocr_line' id='line_1_77' title="bbox 1901 2322 3509 2396; baseline 0.002 -22"><span class='ocrx_word' id='word_1_619' title='bbox 1901 2322 2177 2377; x_wconf 87' lang='lat' dir='ltr'><strong>mirabiles</strong></span> <span class='ocrx_word' id='word_1_620' title='bbox 2210 2323 2331 2378; x_wconf 80' lang='lat' dir='ltr'><strong>facti</strong></span> <span class='ocrx_word' id='word_1_621' title='bbox 2365 2333 2513 2389; x_wconf 88' lang='lat' dir='ltr'><strong>sunt,</strong></span> <span class='ocrx_word' id='word_1_622' title='bbox 2551 2324 2802 2395; x_wconf 80' lang='lat' dir='ltr'><strong>llagcllati</strong></span> <span class='ocrx_word' id='word_1_623' title='bbox 2845 2325 2975 2380; x_wconf 88' lang='lat' dir='ltr'><strong>nihil</strong></span> <span class='ocrx_word' id='word_1_624' title='bbox 3010 2335 3133 2380; x_wconf 90' lang='lat' dir='ltr'><strong>sunt</strong></span> <span class='ocrx_word' id='word_1_625' title='bbox 3166 2326 3306 2396; x_wconf 89' lang='lat' dir='ltr'><strong>passi</strong></span> <span class='ocrx_word' id='word_1_626' title='bbox 3339 2369 3351 2390; x_wconf 91' lang='lat'><strong>,</strong></span> <span class='ocrx_word' id='word_1_627' title='bbox 3382 2344 3509 2378; x_wconf 86' lang='lat' dir='ltr'><strong>cou-</strong></span> 
     </span>
    </p>
   </div>
   <div class='ocr_carea' id='block_1_78' title="bbox 1899 2415 3506 2488">
    <p class='ocr_par' dir='ltr' id='par_1_78' title="bbox 1899 2415 3506 2488">
     <span class='ocr_line' id='line_1_78' title="bbox 1899 2415 3506 2488; baseline 0.002 -22"><span class='ocrx_word' id='word_1_628' title='bbox 1899 2415 2070 2469; x_wconf 88' lang='lat' dir='ltr'><strong>stituti</strong></span> <span class='ocrx_word' id='word_1_629' title='bbox 2111 2426 2234 2469; x_wconf 89' lang='lat' dir='ltr'><strong>sunt</strong></span> <span class='ocrx_word' id='word_1_630' title='bbox 2265 2432 2358 2485; x_wconf 90' lang='lat' dir='ltr'><strong>per</strong></span> <span class='ocrx_word' id='word_1_631' title='bbox 2391 2419 2640 2487; x_wconf 78' lang='lat' dir='ltr'><strong>regiones</strong></span> <span class='ocrx_word' id='word_1_632' title='bbox 2665 2461 2677 2482; x_wconf 91' lang='lat'><strong>,</strong></span> <span class='ocrx_word' id='word_1_633' title='bbox 2713 2433 2893 2473; x_wconf 89' lang='lat' dir='ltr'><strong>sermo</strong></span> <span class='ocrx_word' id='word_1_634' title='bbox 2919 2419 3219 2488; x_wconf 84' lang='lat' dir='ltr'><strong>angebatur</strong></span> <span class='ocrx_word' id='word_1_635' title='bbox 3246 2436 3256 2471; x_wconf 93' lang='lat'><strong>:</strong></span> <span class='ocrx_word' id='word_1_636' title='bbox 3288 2418 3506 2473; x_wconf 87' lang='lat' dir='ltr'><strong>demum</strong></span> 
     </span>
    </p>
   </div>
   <div class='ocr_carea' id='block_1_79' title="bbox 1899 2507 3505 2581">
    <p class='ocr_par' dir='ltr' id='par_1_79' title="bbox 1899 2507 3505 2581">
     <span class='ocr_line' id='line_1_79' title="bbox 1899 2507 3505 2581; baseline 0.006 -23"><span class='ocrx_word' id='word_1_637' title='bbox 1899 2507 2159 2573; x_wconf 88' lang='lat' dir='ltr'><strong>permittit</strong></span> <span class='ocrx_word' id='word_1_638' title='bbox 2189 2507 2631 2577; x_wconf 90' lang='lat' dir='ltr'><strong>impedimentum</strong></span> <span class='ocrx_word' id='word_1_639' title='bbox 2660 2525 2780 2566; x_wconf 86' lang='lat' dir='ltr'><strong>esse</strong></span> <span class='ocrx_word' id='word_1_640' title='bbox 2811 2526 3081 2581; x_wconf 86' lang='lat' dir='ltr'><strong>magnum.</strong></span> <span class='ocrx_word' id='word_1_641' title='bbox 3122 2512 3185 2564; x_wconf 83' lang='lat' dir='ltr'><strong>Et</strong></span> <span class='ocrx_word' id='word_1_642' title='bbox 3232 2513 3286 2564; x_wconf 88' lang='lat' dir='ltr'><strong>tit</strong></span> <span class='ocrx_word' id='word_1_643' title='bbox 3322 2528 3505 2581; x_wconf 59' lang='grc' dir='ltr'><strong>ρει-,ηυ-</strong></span> 
     </span>
    </p>
   </div>
   <div class='ocr_carea' id='block_1_80' title="bbox 1899 2598 3502 2670">
    <p class='ocr_par' dir='ltr' id='par_1_80' title="bbox 1899 2598 3502 2670">
     <span class='ocr_line' id='line_1_80' title="bbox 1899 2598 3502 2670; baseline 0.005 -20"><span class='ocrx_word' id='word_1_644' title='bbox 1899 2598 2084 2665; x_wconf 84' lang='lat' dir='ltr'><strong>quutio</strong></span> <span class='ocrx_word' id='word_1_645' title='bbox 2117 2613 2221 2652; x_wconf 93' lang='lat' dir='ltr'><strong>non</strong></span> <span class='ocrx_word' id='word_1_646' title='bbox 2255 2599 2488 2663; x_wconf 90' lang='lat' dir='ltr'><strong>modica,</strong></span> <span class='ocrx_word' id='word_1_647' title='bbox 2526 2601 2594 2654; x_wconf 83' lang='lat' dir='ltr'><strong>ita</strong></span> <span class='ocrx_word' id='word_1_648' title='bbox 2629 2613 2683 2654; x_wconf 91' lang='lat' dir='ltr'><strong>ut</strong></span> <span class='ocrx_word' id='word_1_649' title='bbox 2726 2601 2804 2655; x_wconf 91' lang='lat' dir='ltr'><strong>illi</strong></span> <span class='ocrx_word' id='word_1_650' title='bbox 2833 2601 2994 2655; x_wconf 88' lang='lat' dir='ltr'><strong>simul</strong></span> <span class='ocrx_word' id='word_1_651' title='bbox 3041 2601 3290 2670; x_wconf 76' lang='lat' dir='ltr'><strong>fugerent</strong></span> <span class='ocrx_word' id='word_1_652' title='bbox 3319 2605 3502 2670; x_wconf 86' lang='lat' dir='ltr'><strong>(time-</strong></span> 
     </span>
    </p>
   </div>
   <div class='ocr_carea' id='block_1_81' title="bbox 1897 2688 3504 2766">
    <p class='ocr_par' dir='ltr' id='par_1_81' title="bbox 1897 2688 3504 2766">
     <span class='ocr_line' id='line_1_81' title="bbox 1897 2688 3504 2766; baseline 0.006 -25"><span class='ocrx_word' id='word_1_653' title='bbox 1897 2688 2024 2742; x_wconf 90' lang='lat' dir='ltr'><strong>bant</strong></span> <span class='ocrx_word' id='word_1_654' title='bbox 2047 2690 2189 2744; x_wconf 90' lang='lat' dir='ltr'><strong>enim</strong></span> <span class='ocrx_word' id='word_1_655' title='bbox 2219 2691 2342 2746; x_wconf 91' lang='lat' dir='ltr'><strong>illos</strong></span> <span class='ocrx_word' id='word_1_656' title='bbox 2370 2692 2689 2749; x_wconf 88' lang='lat' dir='ltr'><strong>audaciores</strong></span> <span class='ocrx_word' id='word_1_657' title='bbox 2721 2695 2940 2766; x_wconf 66' lang='lat' dir='ltr'><strong>filClth),</strong></span> <span class='ocrx_word' id='word_1_658' title='bbox 2972 2703 3024 2749; x_wconf 91' lang='lat' dir='ltr'><strong>et</strong></span> <span class='ocrx_word' id='word_1_659' title='bbox 3055 2697 3305 2750; x_wconf 89' lang='lat' dir='ltr'><strong>omnibus</strong></span> <span class='ocrx_word' id='word_1_660' title='bbox 3331 2697 3504 2766; x_wconf 81' lang='lat' dir='ltr'><strong>palam</strong></span> 
     </span>
    </p>
   </div>
   <div class='ocr_carea' id='block_1_82' title="bbox 1896 2781 3502 2857">
    <p class='ocr_par' dir='ltr' id='par_1_82' title="bbox 1896 2781 3502 2857">
     <span class='ocr_line' id='line_1_82' title="bbox 1896 2781 3502 2857; baseline 0.005 -23"><span class='ocrx_word' id='word_1_661' title='bbox 1896 2789 2072 2847; x_wconf 90' lang='lat' dir='ltr'><strong>esset,</strong></span> <span class='ocrx_word' id='word_1_662' title='bbox 2109 2781 2355 2839; x_wconf 89' lang='lat' dir='ltr'><strong>homines</strong></span> <span class='ocrx_word' id='word_1_663' title='bbox 2382 2799 2503 2840; x_wconf 88' lang='lat' dir='ltr'><strong>esse</strong></span> <span class='ocrx_word' id='word_1_664' title='bbox 2536 2801 2665 2852; x_wconf 90' lang='lat' dir='ltr'><strong>eos,</strong></span> <span class='ocrx_word' id='word_1_665' title='bbox 2699 2786 2788 2857; x_wconf 89' lang='lat' dir='ltr'><strong>qui</strong></span> <span class='ocrx_word' id='word_1_666' title='bbox 2832 2787 3082 2842; x_wconf 87' lang='lat' dir='ltr'><strong>timerent</strong></span> <span class='ocrx_word' id='word_1_667' title='bbox 3127 2799 3180 2842; x_wconf 87' lang='lat' dir='ltr'><strong>et</strong></span> <span class='ocrx_word' id='word_1_668' title='bbox 3237 2787 3502 2857; x_wconf 84' lang='lat' dir='ltr'><strong>fugerent.</strong></span> 
     </span>
    </p>
   </div>
   <div class='ocr_carea' id='block_1_83' title="bbox 1893 2873 3505 2951">
    <p class='ocr_par' dir='ltr' id='par_1_83' title="bbox 1893 2873 3505 2951">
     <span class='ocr_line' id='line_1_83' title="bbox 1893 2873 3505 2951; baseline 0.006 -23"><span class='ocrx_word' id='word_1_669' title='bbox 1893 2873 1971 2928; x_wconf 88' lang='lat' dir='ltr'><strong>Ne</strong></span> <span class='ocrx_word' id='word_1_670' title='bbox 2001 2876 2210 2931; x_wconf 88' lang='lat' dir='ltr'><strong>diceres</strong></span> <span class='ocrx_word' id='word_1_671' title='bbox 2240 2878 2385 2932; x_wconf 91' lang='lat' dir='ltr'><strong>enim</strong></span> <span class='ocrx_word' id='word_1_672' title='bbox 2410 2921 2422 2943; x_wconf 95' lang='lat'><strong>,</strong></span> <span class='ocrx_word' id='word_1_673' title='bbox 2460 2879 2578 2934; x_wconf 91' lang='lat' dir='ltr'><strong>illos</strong></span> <span class='ocrx_word' id='word_1_674' title='bbox 2617 2896 2712 2951; x_wconf 90' lang='lat' dir='ltr'><strong>per</strong></span> <span class='ocrx_word' id='word_1_675' title='bbox 2741 2883 2964 2951; x_wconf 79' lang='lat' dir='ltr'><strong>gratiam</strong></span> <span class='ocrx_word' id='word_1_676' title='bbox 2997 2891 3202 2936; x_wconf 90' lang='lat' dir='ltr'><strong>tantum</strong></span> <span class='ocrx_word' id='word_1_677' title='bbox 3245 2882 3505 2951; x_wconf 59' lang='lat' dir='ltr'><strong>praeclare</strong></span> 
     </span>
    </p>
   </div>
   <div class='ocr_carea' id='block_1_84' title="bbox 1893 2973 3505 3046">
    <p class='ocr_par' dir='ltr' id='par_1_84' title="bbox 1893 2973 3505 3046">
     <span class='ocr_line' id='line_1_84' title="bbox 1893 2973 3505 3046; baseline 0.006 -25"><span class='ocrx_word' id='word_1_678' title='bbox 1893 2983 2053 3036; x_wconf 79' lang='lat' dir='ltr'><strong>agere</strong></span> <span class='ocrx_word' id='word_1_679' title='bbox 2080 3011 2094 3034; x_wconf 96' lang='lat'><strong>,</strong></span> <span class='ocrx_word' id='word_1_680' title='bbox 2139 2973 2613 3040; x_wconf 85' lang='lat' dir='ltr'><strong>persequutionem</strong></span> <span class='ocrx_word' id='word_1_681' title='bbox 2664 2981 2812 3028; x_wconf 86' lang='lat' dir='ltr'><strong>certe</strong></span> <span class='ocrx_word' id='word_1_682' title='bbox 2854 2975 3244 3044; x_wconf 84' lang='lat' dir='ltr'><strong>patiebantur;</strong></span> <span class='ocrx_word' id='word_1_683' title='bbox 3297 2976 3505 3046; x_wconf 88' lang='lat' dir='ltr'><strong>ipsique</strong></span> 
     </span>
    </p>
   </div>
   <div class='ocr_carea' id='block_1_85' title="bbox 1895 3057 3504 3131">
    <p class='ocr_par' dir='ltr' id='par_1_85' title="bbox 1895 3057 3504 3131">
     <span class='ocr_line' id='line_1_85' title="bbox 1895 3057 3504 3131; baseline 0.007 -20"><span class='ocrx_word' id='word_1_684' title='bbox 1895 3057 2193 3116; x_wconf 89' lang='lat' dir='ltr'><strong>timidiores</strong></span> <span class='ocrx_word' id='word_1_685' title='bbox 2236 3061 2360 3116; x_wconf 83' lang='lat' dir='ltr'><strong>facti</strong></span> <span class='ocrx_word' id='word_1_686' title='bbox 2409 3073 2572 3131; x_wconf 90' lang='lat' dir='ltr'><strong>sunt,</strong></span> <span class='ocrx_word' id='word_1_687' title='bbox 2620 3066 2697 3120; x_wconf 90' lang='lat' dir='ltr'><strong>illi</strong></span> <span class='ocrx_word' id='word_1_688' title='bbox 2728 3066 3066 3122; x_wconf 88' lang='lat' dir='ltr'><strong>audaciores.</strong></span> <span class='ocrx_word' id='word_1_689' title='bbox 3104 3067 3169 3120; x_wconf 76' lang='lat' dir='ltr'><strong>Et</strong></span> <span class='ocrx_word' id='word_1_690' title='bbox 3220 3084 3393 3123; x_wconf 87' lang='lat' dir='ltr'><strong>omnes</strong></span> <span class='ocrx_word' id='word_1_691' title='bbox 3423 3070 3504 3122; x_wconf 92' lang='lat' dir='ltr'><strong>di-</strong></span> 
     </span>
    </p>
   </div>
   <div class='ocr_carea' id='block_1_86' title="bbox 1890 3153 3503 3228">
    <p class='ocr_par' dir='ltr' id='par_1_86' title="bbox 1890 3153 3503 3228">
     <span class='ocr_line' id='line_1_86' title="bbox 1890 3153 3503 3228; baseline 0.006 -24"><span class='ocrx_word' id='word_1_692' title='bbox 1890 3153 2052 3220; x_wconf 89' lang='lat' dir='ltr'><strong>spersi</strong></span> <span class='ocrx_word' id='word_1_693' title='bbox 2076 3163 2213 3216; x_wconf 88' lang='lat' dir='ltr'><strong>sunt,</strong></span> <span class='ocrx_word' id='word_1_694' title='bbox 2250 3154 2440 3223; x_wconf 90' lang='lat' dir='ltr'><strong>inquit,</strong></span> <span class='ocrx_word' id='word_1_695' title='bbox 2465 3167 2651 3225; x_wconf 67' lang='lat' dir='ltr'><strong>praeter</strong></span> <span class='ocrx_word' id='word_1_696' title='bbox 2683 3158 2964 3226; x_wconf 83' lang='lat' dir='ltr'><strong>apostolos.</strong></span> <span class='ocrx_word' id='word_1_697' title='bbox 2993 3157 3108 3212; x_wconf 86' lang='lat' dir='ltr'><strong>Non</strong></span> <span class='ocrx_word' id='word_1_698' title='bbox 3142 3175 3271 3228; x_wconf 79' lang='lat' dir='ltr'><strong>ergo</strong></span> <span class='ocrx_word' id='word_1_699' title='bbox 3306 3158 3503 3214; x_wconf 78' lang='lat' dir='ltr'><strong>frustra</strong></span> 
     </span>
    </p>
   </div>
   <div class='ocr_carea' id='block_1_87' title="bbox 1891 3242 3499 3320">
    <p class='ocr_par' dir='ltr' id='par_1_87' title="bbox 1891 3242 3499 3320">
     <span class='ocr_line' id='line_1_87' title="bbox 1891 3242 3499 3320; baseline 0.005 -23"><span class='ocrx_word' id='word_1_700' title='bbox 1891 3242 2137 3299; x_wconf 85' lang='lat' dir='ltr'><strong>dicebam</strong></span> <span class='ocrx_word' id='word_1_701' title='bbox 2165 3285 2180 3311; x_wconf 93' lang='lat'><strong>,</strong></span> <span class='ocrx_word' id='word_1_702' title='bbox 2212 3249 2690 3317; x_wconf 88' lang='lat' dir='ltr'><strong>persequutiouem</strong></span> <span class='ocrx_word' id='word_1_703' title='bbox 2725 3267 2789 3303; x_wconf 78' lang='lat' dir='ltr'><strong>ex</strong></span> <span class='ocrx_word' id='word_1_704' title='bbox 2833 3250 3236 3320; x_wconf 84' lang='lat' dir='ltr'><strong>dispensatione</strong></span> <span class='ocrx_word' id='word_1_705' title='bbox 3288 3251 3455 3307; x_wconf 84' lang='lat' dir='ltr'><strong>fuisse</strong></span> <span class='ocrx_word' id='word_1_706' title='bbox 3489 3272 3499 3305; x_wconf 88' lang='lat'><strong>:</strong></span> 
     </span>
    </p>
   </div>
   <div class='ocr_carea' id='block_1_88' title="bbox 1892 3336 3498 3415">
    <p class='ocr_par' dir='ltr' id='par_1_88' title="bbox 1892 3336 3498 3415">
     <span class='ocr_line' id='line_1_88' title="bbox 1892 3336 3498 3415; baseline 0.009 -27"><span class='ocrx_word' id='word_1_707' title='bbox 1892 3336 1992 3389; x_wconf 89' lang='lat' dir='ltr'><strong>nisi</strong></span> <span class='ocrx_word' id='word_1_708' title='bbox 2017 3338 2160 3392; x_wconf 89' lang='lat' dir='ltr'><strong>enim</strong></span> <span class='ocrx_word' id='word_1_709' title='bbox 2190 3338 2329 3393; x_wconf 84' lang='lat' dir='ltr'><strong>facta</strong></span> <span class='ocrx_word' id='word_1_710' title='bbox 2361 3341 2546 3394; x_wconf 88' lang='lat' dir='ltr'><strong>fuisset</strong></span> <span class='ocrx_word' id='word_1_711' title='bbox 2567 3383 2580 3406; x_wconf 90' lang='lat'><strong>,</strong></span> <span class='ocrx_word' id='word_1_712' title='bbox 2609 3341 2860 3411; x_wconf 80' lang='lat' dir='ltr'><strong>discipuli</strong></span> <span class='ocrx_word' id='word_1_713' title='bbox 2893 3359 2998 3398; x_wconf 91' lang='lat' dir='ltr'><strong>non</strong></span> <span class='ocrx_word' id='word_1_714' title='bbox 3031 3343 3257 3400; x_wconf 85' lang='lat' dir='ltr'><strong>fuissent</strong></span> <span class='ocrx_word' id='word_1_715' title='bbox 3287 3346 3498 3415; x_wconf 72' lang='lat' dir='ltr'><strong>diSpcr-</strong></span> 
     </span>
    </p>
   </div>
   <div class='ocr_carea' id='block_1_89' title="bbox 1889 3429 3503 3510">
    <p class='ocr_par' dir='ltr' id='par_1_89' title="bbox 1889 3429 3503 3510">
     <span class='ocr_line' id='line_1_89' title="bbox 1889 3429 3503 3510; baseline 0.007 -28"><span class='ocrx_word' id='word_1_716' title='bbox 1889 3429 1952 3482; x_wconf 86' lang='lat' dir='ltr'><strong>si.</strong></span> <span class='ocrx_word' id='word_1_717' title='bbox 1988 3429 2041 3483; x_wconf 67' lang='grc' dir='ltr'><strong>ἓ.</strong></span> <span class='ocrx_word' id='word_1_718' title='bbox 2075 3429 2388 3485; x_wconf 68' lang='lat' dir='ltr'><strong>(iuraverunt</strong></span> <span class='ocrx_word' id='word_1_719' title='bbox 2434 3439 2603 3487; x_wconf 79' lang='lat' dir='ltr'><strong>autem</strong></span> <span class='ocrx_word' id='word_1_720' title='bbox 2649 3435 2971 3505; x_wconf 70' lang='lat' dir='ltr'><strong>Stephanum</strong></span> <span class='ocrx_word' id='word_1_721' title='bbox 3018 3439 3111 3491; x_wconf 86' lang='lat' dir='ltr'><strong>viri</strong></span> <span class='ocrx_word' id='word_1_722' title='bbox 3161 3440 3424 3510; x_wconf 87' lang='lat' dir='ltr'><strong>religiosi,</strong></span> <span class='ocrx_word' id='word_1_723' title='bbox 3459 3452 3503 3495; x_wconf 85' lang='lat' dir='ltr'><strong>et</strong></span> 
     </span>
    </p>
   </div>
   <div class='ocr_carea' id='block_1_90' title="bbox 1891 3523 3508 3595">
    <p class='ocr_par' dir='ltr' id='par_1_90' title="bbox 1891 3523 3508 3595">
     <span class='ocr_line' id='line_1_90' title="bbox 1891 3523 3508 3595; baseline 0.007 -21"><span class='ocrx_word' id='word_1_724' title='bbox 1891 3525 2118 3589; x_wconf 79' lang='lat' dir='ltr'><strong>fecerunt</strong></span> <span class='ocrx_word' id='word_1_725' title='bbox 2163 3523 2426 3588; x_wconf 79' lang='lat' dir='ltr'><strong>planctum</strong></span> <span class='ocrx_word' id='word_1_726' title='bbox 2469 3541 2709 3595; x_wconf 82' lang='lat' dir='ltr'><strong>magnum</strong></span> <span class='ocrx_word' id='word_1_727' title='bbox 2755 3543 2908 3595; x_wconf 85' lang='lat' dir='ltr'><strong>super</strong></span> <span class='ocrx_word' id='word_1_728' title='bbox 2937 3544 3073 3582; x_wconf 85' lang='lat' dir='ltr'><strong>eum.</strong></span> <span class='ocrx_word' id='word_1_729' title='bbox 3124 3528 3219 3584; x_wconf 85' lang='lat' dir='ltr'><strong>Vel</strong></span> <span class='ocrx_word' id='word_1_730' title='bbox 3263 3532 3508 3587; x_wconf 87' lang='lat' dir='ltr'><strong>nondum</strong></span> 
     </span>
    </p>
   </div>
   <div class='ocr_carea' id='block_1_91' title="bbox 1889 3613 3497 3688">
    <p class='ocr_par' dir='ltr' id='par_1_91' title="bbox 1889 3613 3497 3688">
     <span class='ocr_line' id='line_1_91' title="bbox 1889 3613 3497 3688; baseline 0.007 -21"><span class='ocrx_word' id='word_1_731' title='bbox 1889 3624 2045 3667; x_wconf 58' lang='lat' dir='ltr'><strong>erant</strong></span> <span class='ocrx_word' id='word_1_732' title='bbox 2087 3613 2308 3679; x_wconf 82' lang='lat' dir='ltr'><strong>perfecti</strong></span> <span class='ocrx_word' id='word_1_733' title='bbox 2340 3633 2352 3678; x_wconf 89' lang='lat'>;</span> <span class='ocrx_word' id='word_1_734' title='bbox 2393 3617 2475 3670; x_wconf 82' lang='lat' dir='ltr'><strong>vel</strong></span> <span class='ocrx_word' id='word_1_735' title='bbox 2503 3616 2622 3687; x_wconf 86' lang='lat' dir='ltr'><strong>quia</strong></span> <span class='ocrx_word' id='word_1_736' title='bbox 2668 3617 2756 3672; x_wconf 92' lang='lat' dir='ltr'><strong>ille</strong></span> <span class='ocrx_word' id='word_1_737' title='bbox 2787 3619 3056 3688; x_wconf 81' lang='lat' dir='ltr'><strong>gratiosus</strong></span> <span class='ocrx_word' id='word_1_738' title='bbox 3085 3632 3200 3676; x_wconf 91' lang='lat' dir='ltr'><strong>erat</strong></span> <span class='ocrx_word' id='word_1_739' title='bbox 3229 3634 3280 3677; x_wconf 88' lang='lat' dir='ltr'><strong>et</strong></span> <span class='ocrx_word' id='word_1_740' title='bbox 3332 3639 3497 3680; x_wconf 87' lang='lat' dir='ltr'><strong>vene-</strong></span> 
     </span>
    </p>
   </div>
   <div class='ocr_carea' id='block_1_92' title="bbox 1890 3707 3498 3780">
    <p class='ocr_par' dir='ltr' id='par_1_92' title="bbox 1890 3707 3498 3780">
     <span class='ocr_line' id='line_1_92' title="bbox 1890 3707 3498 3780; baseline 0.009 -22"><span class='ocrx_word' id='word_1_741' title='bbox 1890 3707 2093 3767; x_wconf 83' lang='lat' dir='ltr'><strong>rabilis,</strong></span> <span class='ocrx_word' id='word_1_742' title='bbox 2126 3708 2244 3763; x_wconf 91' lang='lat' dir='ltr'><strong>ideo</strong></span> <span class='ocrx_word' id='word_1_743' title='bbox 2290 3711 2547 3780; x_wconf 85' lang='lat' dir='ltr'><strong>plangunt</strong></span> <span class='ocrx_word' id='word_1_744' title='bbox 2601 3712 2775 3766; x_wconf 75' lang='lat' dir='ltr'><strong>illiilli.</strong></span> <span class='ocrx_word' id='word_1_745' title='bbox 2811 3713 2981 3769; x_wconf 85' lang='lat' dir='ltr'><strong>Simul</strong></span> <span class='ocrx_word' id='word_1_746' title='bbox 3026 3727 3206 3771; x_wconf 87' lang='lat' dir='ltr'><strong>autem</strong></span> <span class='ocrx_word' id='word_1_747' title='bbox 3263 3718 3349 3772; x_wconf 91' lang='lat' dir='ltr'><strong>hic</strong></span> <span class='ocrx_word' id='word_1_748' title='bbox 3393 3736 3498 3773; x_wconf 93' lang='lat' dir='ltr'><strong>nou</strong></span> 
     </span>
    </p>
   </div>
   <div class='ocr_carea' id='block_1_93' title="bbox 1892 3799 3502 3876">
    <p class='ocr_par' dir='ltr' id='par_1_93' title="bbox 1892 3799 3502 3876">
     <span class='ocr_line' id='line_1_93' title="bbox 1892 3799 3502 3876; baseline 0.011 -28"><span class='ocrx_word' id='word_1_749' title='bbox 1892 3799 2051 3850; x_wconf 90' lang='lat' dir='ltr'><strong>timor</strong></span> <span class='ocrx_word' id='word_1_750' title='bbox 2075 3808 2303 3861; x_wconf 88' lang='lat' dir='ltr'><strong>tantum,</strong></span> <span class='ocrx_word' id='word_1_751' title='bbox 2339 3802 2432 3855; x_wconf 89' lang='lat' dir='ltr'><strong>sed</strong></span> <span class='ocrx_word' id='word_1_752' title='bbox 2457 3803 2616 3856; x_wconf 88' lang='lat' dir='ltr'><strong>etiam</strong></span> <span class='ocrx_word' id='word_1_753' title='bbox 2643 3803 2800 3858; x_wconf 92' lang='lat' dir='ltr'><strong>dolor</strong></span> <span class='ocrx_word' id='word_1_754' title='bbox 2825 3814 2878 3860; x_wconf 89' lang='lat' dir='ltr'><strong>et</strong></span> <span class='ocrx_word' id='word_1_755' title='bbox 2911 3806 3174 3876; x_wconf 86' lang='lat' dir='ltr'><strong>planctus,</strong></span> <span class='ocrx_word' id='word_1_756' title='bbox 3206 3810 3502 3865; x_wconf 90' lang='lat' dir='ltr'><strong>ostendunt</strong></span> 
     </span>
    </p>
   </div>
   <div class='ocr_carea' id='block_1_94' title="bbox 1891 3893 2459 3950">
    <p class='ocr_par' dir='ltr' id='par_1_94' title="bbox 1891 3893 2459 3950">
     <span class='ocr_line' id='line_1_94' title="bbox 1891 3893 2459 3950; baseline 0.004 -4"><span class='ocrx_word' id='word_1_757' title='bbox 1891 3893 2007 3946; x_wconf 89' lang='lat' dir='ltr'><strong>illos</strong></span> <span class='ocrx_word' id='word_1_758' title='bbox 2037 3909 2157 3947; x_wconf 80' lang='lat' dir='ltr'><strong>esse</strong></span> <span class='ocrx_word' id='word_1_759' title='bbox 2192 3894 2459 3950; x_wconf 89' lang='lat' dir='ltr'><strong>homines.</strong></span> 
     </span>
    </p>
   </div>
   <div class='ocr_carea' id='block_1_95' title="bbox 1959 3985 3497 4059">
    <p class='ocr_par' dir='ltr' id='par_1_95' title="bbox 1959 3985 3497 4059">
     <span class='ocr_line' id='line_1_95' title="bbox 1959 3985 3497 4059; baseline 0.01 -21"><span class='ocrx_word' id='word_1_760' title='bbox 1959 3986 2010 4038; x_wconf 68' lang='grc' dir='ltr'><strong>εὶ.</strong></span> <span class='ocrx_word' id='word_1_761' title='bbox 2041 3985 2170 4054; x_wconf 83' lang='lat' dir='ltr'><strong>Quis</strong></span> <span class='ocrx_word' id='word_1_762' title='bbox 2193 3987 2334 4041; x_wconf 90' lang='lat' dir='ltr'><strong>enim</strong></span> <span class='ocrx_word' id='word_1_763' title='bbox 2360 4004 2465 4042; x_wconf 92' lang='lat' dir='ltr'><strong>non</strong></span> <span class='ocrx_word' id='word_1_764' title='bbox 2492 3990 2753 4059; x_wconf 88' lang='lat' dir='ltr'><strong>plorassct</strong></span> <span class='ocrx_word' id='word_1_765' title='bbox 2777 3993 2963 4048; x_wconf 86' lang='lat' dir='ltr'><strong>videns</strong></span> <span class='ocrx_word' id='word_1_766' title='bbox 2988 3995 3134 4050; x_wconf 90' lang='lat' dir='ltr'><strong>illum</strong></span> <span class='ocrx_word' id='word_1_767' title='bbox 3160 4010 3497 4054; x_wconf 79' lang='lat' dir='ltr'><strong>mansuetum</strong></span> 
     </span>
    </p>
   </div>
   <div class='ocr_carea' id='block_1_96' title="bbox 1887 4080 3497 4163">
    <p class='ocr_par' dir='ltr' id='par_1_96' title="bbox 1887 4080 3497 4163">
     <span class='ocr_line' id='line_1_96' title="bbox 1887 4080 3497 4163; baseline 0.007 -31"><span class='ocrx_word' id='word_1_768' title='bbox 1887 4095 2081 4149; x_wconf 80' lang='lat' dir='ltr'><strong>agnum</strong></span> <span class='ocrx_word' id='word_1_769' title='bbox 2113 4080 2425 4150; x_wconf 81' lang='lat' dir='ltr'><strong>lapidatum,</strong></span> <span class='ocrx_word' id='word_1_770' title='bbox 2451 4083 2635 4153; x_wconf 90' lang='lat' dir='ltr'><strong>jacere</strong></span> <span class='ocrx_word' id='word_1_771' title='bbox 2661 4088 2972 4140; x_wconf 88' lang='lat' dir='ltr'><strong>mortuum?</strong></span> <span class='ocrx_word' id='word_1_772' title='bbox 3002 4088 3254 4143; x_wconf 87' lang='lat' dir='ltr'><strong>Idoneum</strong></span> <span class='ocrx_word' id='word_1_773' title='bbox 3284 4092 3358 4145; x_wconf 91' lang='lat' dir='ltr'><strong>illi</strong></span> <span class='ocrx_word' id='word_1_774' title='bbox 3388 4095 3497 4163; x_wconf 75' lang='lat' dir='ltr'><strong>epi-</strong></span> 
     </span>
    </p>
   </div>
   <div class='ocr_carea' id='block_1_97' title="bbox 1890 4172 3501 4255">
    <p class='ocr_par' dir='ltr' id='par_1_97' title="bbox 1890 4172 3501 4255">
     <span class='ocr_line' id='line_1_97' title="bbox 1890 4172 3501 4255; baseline 0.011 -31"><span class='ocrx_word' id='word_1_775' title='bbox 1890 4172 2126 4241; x_wconf 90' lang='lat' dir='ltr'><strong>taphium</strong></span> <span class='ocrx_word' id='word_1_776' title='bbox 2170 4176 2419 4242; x_wconf 88' lang='lat' dir='ltr'><strong>apposuit</strong></span> <span class='ocrx_word' id='word_1_777' title='bbox 2448 4178 2778 4247; x_wconf 80' lang='lat' dir='ltr'><strong>evangelista</strong></span> <span class='ocrx_word' id='word_1_778' title='bbox 2806 4222 2818 4244; x_wconf 95' lang='lat'><strong>,</strong></span> <span class='ocrx_word' id='word_1_779' title='bbox 2851 4196 2973 4236; x_wconf 89' lang='lat' dir='ltr'><strong>cum</strong></span> <span class='ocrx_word' id='word_1_780' title='bbox 3006 4183 3136 4237; x_wconf 80' lang='lat' dir='ltr'><strong>dixit</strong></span> <span class='ocrx_word' id='word_1_781' title='bbox 3169 4203 3179 4237; x_wconf 91' lang='lat'><strong>:</strong></span> <span class='ocrx_word' id='word_1_782' title='bbox 3216 4184 3279 4237; x_wconf 82' lang='lat' dir='ltr'><strong>Et</strong></span> <span class='ocrx_word' id='word_1_783' title='bbox 3323 4188 3501 4255; x_wconf 82' lang='lat' dir='ltr'><strong>positis</strong></span> 
     </span>
    </p>
   </div>
   <div class='ocr_carea' id='block_1_98' title="bbox 1885 4263 3497 4345">
    <p class='ocr_par' dir='ltr' id='par_1_98' title="bbox 1885 4263 3497 4345">
     <span class='ocr_line' id='line_1_98' title="bbox 1885 4263 3497 4345; baseline 0.011 -30"><span class='ocrx_word' id='word_1_784' title='bbox 1885 4263 2127 4334; x_wconf 85' lang='lat' dir='ltr'><strong>genibus,</strong></span> <span class='ocrx_word' id='word_1_785' title='bbox 2161 4267 2398 4321; x_wconf 89' lang='lat' dir='ltr'><strong>clamavit</strong></span> <span class='ocrx_word' id='word_1_786' title='bbox 2442 4284 2560 4322; x_wconf 83' lang='lat' dir='ltr'><strong>voce</strong></span> <span class='ocrx_word' id='word_1_787' title='bbox 2603 4287 2808 4342; x_wconf 84' lang='lat' dir='ltr'><strong>magna.</strong></span> <span class='ocrx_word' id='word_1_788' title='bbox 2860 4272 2926 4326; x_wconf 84' lang='lat' dir='ltr'><strong>Et</strong></span> <span class='ocrx_word' id='word_1_789' title='bbox 2970 4279 3198 4344; x_wconf 82' lang='lat' dir='ltr'><strong>fecerunt</strong></span> <span class='ocrx_word' id='word_1_790' title='bbox 3234 4279 3497 4345; x_wconf 86' lang='lat' dir='ltr'><strong>planctum</strong></span> 
     </span>
    </p>
   </div>
   <div class='ocr_carea' id='block_1_99' title="bbox 1886 4359 3494 4438">
    <p class='ocr_par' dir='ltr' id='par_1_99' title="bbox 1886 4359 3494 4438">
     <span class='ocr_line' id='line_1_99' title="bbox 1886 4359 3494 4438; baseline 0.012 -32"><span class='ocrx_word' id='word_1_791' title='bbox 1886 4373 2126 4426; x_wconf 85' lang='lat' dir='ltr'><strong>magnum</strong></span> <span class='ocrx_word' id='word_1_792' title='bbox 2152 4374 2304 4428; x_wconf 86' lang='lat' dir='ltr'><strong>super</strong></span> <span class='ocrx_word' id='word_1_793' title='bbox 2330 4376 2462 4413; x_wconf 79' lang='lat' dir='ltr'><strong>eunt.</strong></span> <span class='ocrx_word' id='word_1_794' title='bbox 2493 4359 2598 4416; x_wconf 88' lang='lat' dir='ltr'><strong>Sed</strong></span> <span class='ocrx_word' id='word_1_795' title='bbox 2625 4377 2745 4432; x_wconf 62' lang='lat' dir='ltr'><strong>qua:</strong></span> <span class='ocrx_word' id='word_1_796' title='bbox 2775 4366 3022 4432; x_wconf 80' lang='lat' dir='ltr'><strong>sUperius</strong></span> <span class='ocrx_word' id='word_1_797' title='bbox 3051 4367 3190 4422; x_wconf 82' lang='lat' dir='ltr'><strong>dicta</strong></span> <span class='ocrx_word' id='word_1_798' title='bbox 3219 4380 3363 4437; x_wconf 91' lang='lat' dir='ltr'><strong>sunt,</strong></span> <span class='ocrx_word' id='word_1_799' title='bbox 3388 4375 3494 4438; x_wconf 81' lang='lat' dir='ltr'><strong>jam</strong></span> 
     </span>
    </p>
   </div>
   <div class='ocr_carea' id='block_1_100' title="bbox 1888 4450 3499 4527">
    <p class='ocr_par' dir='ltr' id='par_1_100' title="bbox 1888 4450 3499 4527">
     <span class='ocr_line' id='line_1_100' title="bbox 1888 4450 3499 4527; baseline 0.011 -25"><span class='ocrx_word' id='word_1_800' title='bbox 1888 4461 2211 4519; x_wconf 84' lang='lat' dir='ltr'><strong>repetamus.</strong></span> <span class='ocrx_word' id='word_1_801' title='bbox 2249 4450 2374 4505; x_wconf 88' lang='lat' dir='ltr'><strong>Cum</strong></span> <span class='ocrx_word' id='word_1_802' title='bbox 2405 4465 2531 4506; x_wconf 83' lang='lat' dir='ltr'><strong>esset</strong></span> <span class='ocrx_word' id='word_1_803' title='bbox 2562 4455 2740 4523; x_wconf 75' lang='lat' dir='ltr'><strong>plenus</strong></span> <span class='ocrx_word' id='word_1_804' title='bbox 2773 4457 2972 4524; x_wconf 83' lang='lat' dir='ltr'><strong>Spiritu</strong></span> <span class='ocrx_word' id='word_1_805' title='bbox 3002 4469 3197 4527; x_wconf 84' lang='lat' dir='ltr'><strong>sancto,</strong></span> <span class='ocrx_word' id='word_1_806' title='bbox 3233 4463 3499 4520; x_wconf 80' lang='lat' dir='ltr'><strong>intendens</strong></span> 
     </span>
    </p>
   </div>
   <div class='ocr_carea' id='block_1_101' title="bbox 1885 4541 3498 4616">
    <p class='ocr_par' dir='ltr' id='par_1_101' title="bbox 1885 4541 3498 4616">
     <span class='ocr_line' id='line_1_101' title="bbox 1885 4541 3498 4616; baseline 0.011 -23"><span class='ocrx_word' id='word_1_807' title='bbox 1885 4541 1936 4593; x_wconf 90' lang='lat' dir='ltr'><strong>in</strong></span> <span class='ocrx_word' id='word_1_808' title='bbox 1973 4542 2154 4595; x_wconf 79' lang='lat' dir='ltr'><strong>cwlum</strong></span> <span class='ocrx_word' id='word_1_809' title='bbox 2175 4585 2188 4608; x_wconf 93' lang='lat'><strong>,</strong></span> <span class='ocrx_word' id='word_1_810' title='bbox 2217 4544 2340 4598; x_wconf 80' lang='lat' dir='ltr'><strong>vidit</strong></span> <span class='ocrx_word' id='word_1_811' title='bbox 2366 4546 2582 4616; x_wconf 87' lang='lat' dir='ltr'><strong>gloriam</strong></span> <span class='ocrx_word' id='word_1_812' title='bbox 2627 4546 2740 4614; x_wconf 87' lang='lat' dir='ltr'><strong>Dei,</strong></span> <span class='ocrx_word' id='word_1_813' title='bbox 2771 4559 2817 4601; x_wconf 89' lang='lat' dir='ltr'><strong>et</strong></span> <span class='ocrx_word' id='word_1_814' title='bbox 2855 4549 3034 4604; x_wconf 86' lang='lat' dir='ltr'><strong>Jesum</strong></span> <span class='ocrx_word' id='word_1_815' title='bbox 3067 4562 3282 4607; x_wconf 85' lang='lat' dir='ltr'><strong>stantem</strong></span> <span class='ocrx_word' id='word_1_816' title='bbox 3311 4573 3341 4607; x_wconf 90' lang='lat' dir='ltr'><strong>a</strong></span> <span class='ocrx_word' id='word_1_817' title='bbox 3373 4557 3498 4611; x_wconf 72' lang='lat' dir='ltr'><strong>dex-</strong></span> 
     </span>
    </p>
   </div>
   <div class='ocr_carea' id='block_1_102' title="bbox 1886 4633 3493 4714">
    <p class='ocr_par' dir='ltr' id='par_1_102' title="bbox 1886 4633 3493 4714">
     <span class='ocr_line' id='line_1_102' title="bbox 1886 4633 3493 4714; baseline 0.012 -30"><span class='ocrx_word' id='word_1_818' title='bbox 1886 4633 1977 4686; x_wconf 86' lang='lat' dir='ltr'><strong>tris</strong></span> <span class='ocrx_word' id='word_1_819' title='bbox 2030 4634 2145 4700; x_wconf 84' lang='lat' dir='ltr'><strong>Dei,</strong></span> <span class='ocrx_word' id='word_1_820' title='bbox 2180 4646 2226 4688; x_wconf 87' lang='lat' dir='ltr'><strong>et</strong></span> <span class='ocrx_word' id='word_1_821' title='bbox 2270 4637 2342 4690; x_wconf 87' lang='lat' dir='ltr'><strong>ait</strong></span> <span class='ocrx_word' id='word_1_822' title='bbox 2372 4653 2389 4690; x_wconf 91' lang='grc'><strong>.·</strong></span> <span class='ocrx_word' id='word_1_823' title='bbox 2417 4637 2549 4692; x_wconf 86' lang='lat' dir='ltr'><strong>Ecce</strong></span> <span class='ocrx_word' id='word_1_824' title='bbox 2591 4640 2732 4693; x_wconf 86' lang='lat' dir='ltr'><strong>video</strong></span> <span class='ocrx_word' id='word_1_825' title='bbox 2776 4644 2928 4696; x_wconf 80' lang='lat' dir='ltr'><strong>ctelos</strong></span> <span class='ocrx_word' id='word_1_826' title='bbox 2967 4655 3190 4714; x_wconf 87' lang='lat' dir='ltr'><strong>apertos.</strong></span> <span class='ocrx_word' id='word_1_827' title='bbox 3221 4646 3286 4700; x_wconf 88' lang='lat' dir='ltr'><strong>Et</strong></span> <span class='ocrx_word' id='word_1_828' title='bbox 3331 4653 3493 4703; x_wconf 86' lang='lat' dir='ltr'><strong>conti-</strong></span> 
     </span>
    </p>
   </div>
   <div class='ocr_carea' id='block_1_103' title="bbox 1886 4737 3497 4805">
    <p class='ocr_par' dir='ltr' id='par_1_103' title="bbox 1886 4737 3497 4805">
     <span class='ocr_line' id='line_1_103' title="bbox 1886 4737 3497 4805; baseline 0.013 -29"><span class='ocrx_word' id='word_1_829' title='bbox 1886 4737 2103 4778; x_wconf 87' lang='lat' dir='ltr'><strong>nuerunt</strong></span> <span class='ocrx_word' id='word_1_830' title='bbox 2143 4743 2291 4782; x_wconf 84' lang='lat' dir='ltr'><strong>aures</strong></span> <span class='ocrx_word' id='word_1_831' title='bbox 2319 4746 2436 4783; x_wconf 80' lang='lat' dir='ltr'><strong>suas</strong></span> <span class='ocrx_word' id='word_1_832' title='bbox 2460 4773 2472 4794; x_wconf 97' lang='lat'><strong>,</strong></span> <span class='ocrx_word' id='word_1_833' title='bbox 2506 4742 2552 4784; x_wconf 92' lang='lat' dir='ltr'><strong>et</strong></span> <span class='ocrx_word' id='word_1_834' title='bbox 2579 4745 2823 4800; x_wconf 77' lang='lat' dir='ltr'><strong>impetum</strong></span> <span class='ocrx_word' id='word_1_835' title='bbox 2854 4738 3080 4805; x_wconf 78' lang='lat' dir='ltr'><strong>fecerunt</strong></span> <span class='ocrx_word' id='word_1_836' title='bbox 3112 4742 3420 4796; x_wconf 81' lang='lat' dir='ltr'><strong>unanimiter</strong></span> <span class='ocrx_word' id='word_1_837' title='bbox 3449 4746 3497 4797; x_wconf 88' lang='lat' dir='ltr'><strong>in</strong></span> 
     </span>
    </p>
   </div>
   <div class='ocr_carea' id='block_1_104' title="bbox 1886 4820 3498 4902">
    <p class='ocr_par' dir='ltr' id='par_1_104' title="bbox 1886 4820 3498 4902">
     <span class='ocr_line' id='line_1_104' title="bbox 1886 4820 3498 4902; baseline 0.012 -31"><span class='ocrx_word' id='word_1_838' title='bbox 1886 4835 2020 4873; x_wconf 86' lang='lat' dir='ltr'><strong>eum.</strong></span> <span class='ocrx_word' id='word_1_839' title='bbox 2055 4820 2213 4889; x_wconf 83' lang='lat' dir='ltr'><strong>Atqui</strong></span> <span class='ocrx_word' id='word_1_840' title='bbox 2258 4823 2530 4891; x_wconf 89' lang='lat' dir='ltr'><strong>quomodo</strong></span> <span class='ocrx_word' id='word_1_841' title='bbox 2573 4824 2686 4880; x_wconf 80' lang='lat' dir='ltr'><strong>hch</strong></span> <span class='ocrx_word' id='word_1_842' title='bbox 2728 4829 3073 4884; x_wconf 88' lang='lat' dir='ltr'><strong>accusatione</strong></span> <span class='ocrx_word' id='word_1_843' title='bbox 3108 4831 3264 4902; x_wconf 79' lang='lat' dir='ltr'><strong>digna</strong></span> <span class='ocrx_word' id='word_1_844' title='bbox 3306 4843 3498 4890; x_wconf 75' lang='lat' dir='ltr'><strong>erant?</strong></span> 
     </span>
    </p>
   </div>
   <div class='ocr_carea' id='block_1_105' title="bbox 1885 4912 3498 4995">
    <p class='ocr_par' dir='ltr' id='par_1_105' title="bbox 1885 4912 3498 4995">
     <span class='ocr_line' id='line_1_105' title="bbox 1885 4912 3498 4995; baseline 0.014 -31"><span class='ocrx_word' id='word_1_845' title='bbox 1885 4912 2135 4965; x_wconf 75' lang='lat' dir='ltr'><strong>Attamen</strong></span> <span class='ocrx_word' id='word_1_846' title='bbox 2185 4929 2306 4966; x_wconf 91' lang='lat' dir='ltr'><strong>eum</strong></span> <span class='ocrx_word' id='word_1_847' title='bbox 2333 4955 2346 4979; x_wconf 91' lang='lat'><strong>,</strong></span> <span class='ocrx_word' id='word_1_848' title='bbox 2379 4915 2468 4985; x_wconf 90' lang='lat' dir='ltr'><strong>qui</strong></span> <span class='ocrx_word' id='word_1_849' title='bbox 2523 4919 2646 4971; x_wconf 87' lang='lat' dir='ltr'><strong>talia</strong></span> <span class='ocrx_word' id='word_1_850' title='bbox 2692 4919 2842 4989; x_wconf 82' lang='lat' dir='ltr'><strong>signa</strong></span> <span class='ocrx_word' id='word_1_851' title='bbox 2886 4933 3157 4991; x_wconf 88' lang='lat' dir='ltr'><strong>patrarat,</strong></span> <span class='ocrx_word' id='word_1_852' title='bbox 3190 4927 3278 4995; x_wconf 88' lang='lat' dir='ltr'><strong>qui</strong></span> <span class='ocrx_word' id='word_1_853' title='bbox 3310 4947 3498 4988; x_wconf 79' lang='lat' dir='ltr'><strong>omnes</strong></span> 
     </span>
    </p>
   </div>
   <div class='ocr_carea' id='block_1_106' title="bbox 1885 5005 3499 5093">
    <p class='ocr_par' dir='ltr' id='par_1_106' title="bbox 1885 5005 3499 5093">
     <span class='ocr_line' id='line_1_106' title="bbox 1885 5005 3499 5093; baseline 0.015 -36"><span class='ocrx_word' id='word_1_854' title='bbox 1885 5005 2052 5061; x_wconf 80' lang='lat' dir='ltr'><strong>verbo</strong></span> <span class='ocrx_word' id='word_1_855' title='bbox 2098 5006 2337 5071; x_wconf 83' lang='lat' dir='ltr'><strong>vicerat,</strong></span> <span class='ocrx_word' id='word_1_856' title='bbox 2395 5011 2484 5079; x_wconf 91' lang='lat' dir='ltr'><strong>qui</strong></span> <span class='ocrx_word' id='word_1_857' title='bbox 2533 5012 2652 5065; x_wconf 85' lang='lat' dir='ltr'><strong>talia</strong></span> <span class='ocrx_word' id='word_1_858' title='bbox 2708 5014 2959 5084; x_wconf 90' lang='lat' dir='ltr'><strong>loquutus</strong></span> <span class='ocrx_word' id='word_1_859' title='bbox 3019 5029 3175 5086; x_wconf 91' lang='lat' dir='ltr'><strong>erat,</strong></span> <span class='ocrx_word' id='word_1_860' title='bbox 3226 5024 3499 5093; x_wconf 73' lang='lat' dir='ltr'><strong>rapientes</strong></span> 
     </span>
    </p>
   </div>
   <div class='ocr_carea' id='block_1_107' title="bbox 1887 5098 3496 5177">
    <p class='ocr_par' dir='ltr' id='par_1_107' title="bbox 1887 5098 3496 5177">
     <span class='ocr_line' id='line_1_107' title="bbox 1887 5098 3496 5177; baseline 0.013 -26"><span class='ocrx_word' id='word_1_861' title='bbox 1887 5115 1982 5167; x_wconf 92' lang='lat' dir='ltr'><strong>pro</strong></span> <span class='ocrx_word' id='word_1_862' title='bbox 2029 5098 2197 5154; x_wconf 88' lang='lat' dir='ltr'><strong>lubito</strong></span> <span class='ocrx_word' id='word_1_863' title='bbox 2239 5100 2472 5157; x_wconf 86' lang='lat' dir='ltr'><strong>furorem</strong></span> <span class='ocrx_word' id='word_1_864' title='bbox 2513 5121 2667 5159; x_wconf 84' lang='lat' dir='ltr'><strong>suum</strong></span> <span class='ocrx_word' id='word_1_865' title='bbox 2702 5106 3080 5177; x_wconf 87' lang='lat' dir='ltr'><strong>impleverunt.</strong></span> <span class='ocrx_word' id='word_1_866' title='bbox 3124 5112 3292 5169; x_wconf 78' lang='lat' dir='ltr'><strong>Testes</strong></span> <span class='ocrx_word' id='word_1_867' title='bbox 3328 5129 3496 5172; x_wconf 74' lang='lat' dir='ltr'><strong>autem</strong></span> 
     </span>
    </p>
   </div>
   <div class='ocr_carea' id='block_1_108' title="bbox 1884 5192 3497 5280">
    <p class='ocr_par' dir='ltr' id='par_1_108' title="bbox 1884 5192 3497 5280">
     <span class='ocr_line' id='line_1_108' title="bbox 1884 5192 3497 5280; baseline 0.014 -37"><span class='ocrx_word' id='word_1_868' title='bbox 1884 5192 2224 5260; x_wconf 85' lang='lat' dir='ltr'><strong>deposuerunt</strong></span> <span class='ocrx_word' id='word_1_869' title='bbox 2252 5197 2544 5250; x_wconf 64' lang='lat' dir='ltr'><strong>vestimenta</strong></span> <span class='ocrx_word' id='word_1_870' title='bbox 2571 5214 2712 5254; x_wconf 83' lang='lat' dir='ltr'><strong>secus</strong></span> <span class='ocrx_word' id='word_1_871' title='bbox 2740 5202 2890 5271; x_wconf 79' lang='lat' dir='ltr'><strong>pedes</strong></span> <span class='ocrx_word' id='word_1_872' title='bbox 2918 5205 3271 5276; x_wconf 82' lang='lat' dir='ltr'><strong>adolescentis,</strong></span> <span class='ocrx_word' id='word_1_873' title='bbox 3301 5213 3387 5280; x_wconf 85' lang='lat' dir='ltr'><strong>qui</strong></span> <span class='ocrx_word' id='word_1_874' title='bbox 3412 5229 3497 5265; x_wconf 80' lang='lat' dir='ltr'><strong>ro-</strong></span> 
     </span>
    </p>
   </div>
   <div class='ocr_carea' id='block_1_109' title="bbox 1883 5286 3494 5371">
    <p class='ocr_par' dir='ltr' id='par_1_109' title="bbox 1883 5286 3494 5371">
     <span class='ocr_line' id='line_1_109' title="bbox 1883 5286 3494 5371; baseline 0.017 -35"><span class='ocrx_word' id='word_1_875' title='bbox 1883 5286 2094 5338; x_wconf 78' lang='lat' dir='ltr'><strong>cabatur</strong></span> <span class='ocrx_word' id='word_1_876' title='bbox 2139 5286 2356 5341; x_wconf 81' lang='lat' dir='ltr'><strong>Saulus.</strong></span> <span class='ocrx_word' id='word_1_877' title='bbox 2411 5289 2579 5354; x_wconf 79' lang='lat' dir='ltr'><strong>Vide,</strong></span> <span class='ocrx_word' id='word_1_878' title='bbox 2623 5309 2782 5362; x_wconf 88' lang='lat' dir='ltr'><strong>quam</strong></span> <span class='ocrx_word' id='word_1_879' title='bbox 2820 5309 3071 5354; x_wconf 88' lang='lat' dir='ltr'><strong>accurate</strong></span> <span class='ocrx_word' id='word_1_880' title='bbox 3110 5317 3228 5371; x_wconf 70' lang='lat' dir='ltr'><strong>qua:</strong></span> <span class='ocrx_word' id='word_1_881' title='bbox 3273 5304 3494 5363; x_wconf 80' lang='lat' dir='ltr'><strong>Paulum</strong></span> 
     </span>
    </p>
   </div>
   <div class='ocr_carea' id='block_1_110' title="bbox 1883 5387 3494 5471">
    <p class='ocr_par' dir='ltr' id='par_1_110' title="bbox 1883 5387 3494 5471">
     <span class='ocr_line' id='line_1_110' title="bbox 1883 5387 3494 5471; baseline 0.012 -38"><span class='ocrx_word' id='word_1_882' title='bbox 1883 5387 2127 5446; x_wconf 84' lang='lat' dir='ltr'><strong>spectant</strong></span> <span class='ocrx_word' id='word_1_883' title='bbox 2155 5393 2472 5448; x_wconf 87' lang='lat' dir='ltr'><strong>recenseat,</strong></span> <span class='ocrx_word' id='word_1_884' title='bbox 2505 5395 2562 5438; x_wconf 92' lang='lat' dir='ltr'><strong>ut</strong></span> <span class='ocrx_word' id='word_1_885' title='bbox 2593 5388 2842 5443; x_wconf 74' lang='lat' dir='ltr'><strong>ostendat</strong></span> <span class='ocrx_word' id='word_1_886' title='bbox 2874 5391 2965 5445; x_wconf 77' lang='lat' dir='ltr'><strong>tibi</strong></span> <span class='ocrx_word' id='word_1_887' title='bbox 2999 5409 3137 5462; x_wconf 87' lang='lat' dir='ltr'><strong>opus</strong></span> <span class='ocrx_word' id='word_1_888' title='bbox 3167 5395 3261 5451; x_wconf 72' lang='lat' dir='ltr'><strong>ltei</strong></span> <span class='ocrx_word' id='word_1_889' title='bbox 3293 5400 3342 5452; x_wconf 92' lang='lat' dir='ltr'><strong>in</strong></span> <span class='ocrx_word' id='word_1_890' title='bbox 3378 5402 3494 5471; x_wconf 81' lang='lat' dir='ltr'><strong>ipso</strong></span> 
     </span>
    </p>
   </div>
   <div class='ocr_carea' id='block_1_111' title="bbox 1886 5476 3488 5551">
    <p class='ocr_par' dir='ltr' id='par_1_111' title="bbox 1886 5476 3488 5551">
     <span class='ocr_line' id='line_1_111' title="bbox 1886 5476 3488 5551; baseline 0.019 -29"><span class='ocrx_word' id='word_1_891' title='bbox 1886 5480 2068 5539; x_wconf 81' lang='lat' dir='ltr'><strong>postea</strong></span> <span class='ocrx_word' id='word_1_892' title='bbox 2113 5484 2413 5543; x_wconf 84' lang='lat' dir='ltr'><strong>peractum.</strong></span> <span class='ocrx_word' id='word_1_893' title='bbox 2468 5476 2684 5533; x_wconf 89' lang='lat' dir='ltr'><strong>Interim</strong></span> <span class='ocrx_word' id='word_1_894' title='bbox 2728 5498 2856 5537; x_wconf 90' lang='lat' dir='ltr'><strong>vero</strong></span> <span class='ocrx_word' id='word_1_895' title='bbox 2901 5485 2989 5540; x_wconf 91' lang='lat' dir='ltr'><strong>ille</strong></span> <span class='ocrx_word' id='word_1_896' title='bbox 3034 5504 3134 5540; x_wconf 85' lang='lat' dir='ltr'><strong>nm:</strong></span> <span class='ocrx_word' id='word_1_897' title='bbox 3180 5493 3338 5544; x_wconf 89' lang='lat' dir='ltr'><strong>modo</strong></span> <span class='ocrx_word' id='word_1_898' title='bbox 3387 5512 3488 5551; x_wconf 82' lang='lat' dir='ltr'><strong>non</strong></span> 
     </span>
    </p>
   </div>
   <div class='ocr_carea' id='block_1_112' title="bbox 1883 5564 3490 5652">
    <p class='ocr_par' dir='ltr' id='par_1_112' title="bbox 1883 5564 3490 5652">
     <span class='ocr_line' id='line_1_112' title="bbox 1883 5564 3490 5652; baseline 0.018 -38"><span class='ocrx_word' id='word_1_899' title='bbox 1883 5564 2054 5618; x_wconf 88' lang='lat' dir='ltr'><strong>credit</strong></span> <span class='ocrx_word' id='word_1_900' title='bbox 2076 5604 2090 5628; x_wconf 93' lang='lat'><strong>,</strong></span> <span class='ocrx_word' id='word_1_901' title='bbox 2123 5565 2214 5619; x_wconf 84' lang='lat' dir='ltr'><strong>sed</strong></span> <span class='ocrx_word' id='word_1_902' title='bbox 2244 5567 2404 5621; x_wconf 89' lang='lat' dir='ltr'><strong>etiam</strong></span> <span class='ocrx_word' id='word_1_903' title='bbox 2436 5569 2582 5625; x_wconf 91' lang='lat' dir='ltr'><strong>mille</strong></span> <span class='ocrx_word' id='word_1_904' title='bbox 2613 5571 3004 5632; x_wconf 87' lang='lat' dir='ltr'><strong>homicidarum</strong></span> <span class='ocrx_word' id='word_1_905' title='bbox 3035 5582 3284 5639; x_wconf 88' lang='lat' dir='ltr'><strong>manibus</strong></span> <span class='ocrx_word' id='word_1_906' title='bbox 3314 5591 3490 5652; x_wconf 61' lang='lat' dir='ltr'><strong>ipsum</strong></span> 
     </span>
    </p>
   </div>
   <div class='ocr_carea' id='block_1_113' title="bbox 1881 5657 3494 5740">
    <p class='ocr_par' dir='ltr' id='par_1_113' title="bbox 1881 5657 3494 5740">
     <span class='ocr_line' id='line_1_113' title="bbox 1881 5657 3494 5740; baseline 0.017 -31"><span class='ocrx_word' id='word_1_907' title='bbox 1881 5657 2089 5726; x_wconf 89' lang='lat' dir='ltr'><strong>impetit</strong></span> <span class='ocrx_word' id='word_1_908' title='bbox 2118 5677 2129 5711; x_wconf 90' lang='lat'>:</span> <span class='ocrx_word' id='word_1_909' title='bbox 2159 5659 2282 5717; x_wconf 86' lang='lat' dir='ltr'><strong>ideo</strong></span> <span class='ocrx_word' id='word_1_910' title='bbox 2313 5662 2439 5718; x_wconf 89' lang='lat' dir='ltr'><strong>illud</strong></span> <span class='ocrx_word' id='word_1_911' title='bbox 2474 5667 2716 5724; x_wconf 84' lang='lat' dir='ltr'><strong>indicans</strong></span> <span class='ocrx_word' id='word_1_912' title='bbox 2746 5673 2873 5728; x_wconf 91' lang='lat' dir='ltr'><strong>dicit</strong></span> <span class='ocrx_word' id='word_1_913' title='bbox 2903 5691 2915 5727; x_wconf 92' lang='lat'><em>:</em></span> <span class='ocrx_word' id='word_1_914' title='bbox 2947 5675 3141 5730; x_wconf 85' lang='lat' dir='ltr'><strong>Saulus</strong></span> <span class='ocrx_word' id='word_1_915' title='bbox 3173 5691 3340 5734; x_wconf 83' lang='lat' dir='ltr'><strong>autem</strong></span> <span class='ocrx_word' id='word_1_916' title='bbox 3383 5697 3494 5740; x_wconf 80' lang='lat' dir='ltr'><strong>erat</strong></span> 
     </span>
    </p>
   </div>
   <div class='ocr_carea' id='block_1_114' title="bbox 1879 5755 3490 5848">
    <p class='ocr_par' dir='ltr' id='par_1_114' title="bbox 1879 5755 3490 5848">
     <span class='ocr_line' id='line_1_114' title="bbox 1879 5755 3490 5848; baseline 0.017 -44"><span class='ocrx_word' id='word_1_917' title='bbox 1879 5755 2193 5809; x_wconf 82' lang='lat' dir='ltr'><strong>consentiens</strong></span> <span class='ocrx_word' id='word_1_918' title='bbox 2233 5759 2341 5812; x_wconf 80' lang='lat' dir='ltr'><strong>neci</strong></span> <span class='ocrx_word' id='word_1_919' title='bbox 2365 5760 2492 5828; x_wconf 85' lang='lat' dir='ltr'><strong>ejus.</strong></span> <span class='ocrx_word' id='word_1_920' title='bbox 2522 5761 2648 5824; x_wconf 83' lang='lat' dir='ltr'><strong>Non</strong></span> <span class='ocrx_word' id='word_1_921' title='bbox 2673 5765 2990 5838; x_wconf 83' lang='lat' dir='ltr'><strong>simpliciter</strong></span> <span class='ocrx_word' id='word_1_922' title='bbox 3013 5784 3228 5829; x_wconf 87' lang='lat' dir='ltr'><strong>sanctus</strong></span> <span class='ocrx_word' id='word_1_923' title='bbox 3253 5776 3337 5832; x_wconf 83' lang='lat' dir='ltr'><strong>ltic</strong></span> <span class='ocrx_word' id='word_1_924' title='bbox 3362 5794 3490 5848; x_wconf 81' lang='lat' dir='ltr'><strong>pre.-</strong></span> 
     </span>
    </p>
   </div>
   <div class='ocr_carea' id='block_1_115' title="bbox 1878 5850 3480 5940">
    <p class='ocr_par' dir='ltr' id='par_1_115' title="bbox 1878 5850 3480 5940">
     <span class='ocr_line' id='line_1_115' title="bbox 1878 5850 3480 5940; baseline 0.014 -40"><span class='ocrx_word' id='word_1_925' title='bbox 1878 5857 2028 5902; x_wconf 80' lang='lat' dir='ltr'><strong>catur</strong></span> <span class='ocrx_word' id='word_1_926' title='bbox 2055 5891 2067 5914; x_wconf 93' lang='lat'><strong>,</strong></span> <span class='ocrx_word' id='word_1_927' title='bbox 2099 5850 2193 5905; x_wconf 86' lang='lat' dir='ltr'><strong>sed</strong></span> <span class='ocrx_word' id='word_1_928' title='bbox 2225 5867 2351 5908; x_wconf 85' lang='lat' dir='ltr'><strong>cum</strong></span> <span class='ocrx_word' id='word_1_929' title='bbox 2392 5857 2702 5913; x_wconf 86' lang='lat' dir='ltr'><strong>attentione.</strong></span> <span class='ocrx_word' id='word_1_930' title='bbox 2759 5859 2944 5918; x_wconf 80' lang='lat' dir='ltr'><strong>l’ositis</strong></span> <span class='ocrx_word' id='word_1_931' title='bbox 2970 5907 2982 5929; x_wconf 82' lang='lat'><strong>,</strong></span> <span class='ocrx_word' id='word_1_932' title='bbox 3018 5865 3220 5936; x_wconf 77' lang='lat' dir='ltr'><strong>inquit,</strong></span> <span class='ocrx_word' id='word_1_933' title='bbox 3245 5873 3480 5940; x_wconf 66' lang='lat' dir='ltr'><strong>gl’ttilltta.</strong></span> 
     </span>
    </p>
   </div>
  </div>
