4094 6482
578 372 678 428 1&3

575 482 729 543 Unde
754 498 897 539 mors
927 481 1070 536 illius
1094 478 1271 535 divina
1298 479 1433 535 facta
1459 485 1579 534 est:
1609 490 1731 529 nam
1762 472 2017 528 hactenus
2044 470 2161 524 ani—

573 579 763 633 mabus
801 575 1234 639 concedebatur,
1278 584 1336 629 ut
1381 574 1434 628 in
1474 570 1682 624 inferno
1723 574 1923 624 essent.
1972 564 2159 618 Omnes

569 681 738 724 autem
777 669 995 739 dispersi
1031 677 1149 722 sunt
1189 684 1278 736 per
1316 665 1540 735 regiones
1574 662 1774 714 Judtetz
1805 669 1849 713 et
1886 655 2156 712 Samariw.

570 761 789 830 Absque
815 768 958 814 metu
984 774 1104 813 cum
1130 756 1368 812 Samaria
1394 769 1453 809 se
1478 752 1847 810 commiscent,
1870 748 1958 817 qui
1984 745 2163 800 audie-

571 860 692 906 rant
731 870 744 904 :
787 850 855 905 In
895 854 1024 905 viam
1058 850 1280 921 gentium
1318 862 1381 900 ne
1418 843 1643 898 abieritis
1682 839 1904 913 (Matth.
1939 838 2026 893 t0.
2058 835 2158 905 5).

576 945 770 999 Prcter
806 944 1064 1013 apostolos
1088 983 1103 1005 ,
1133 938 1334 1009 inquit;
1367 936 1658 992 ostendens
1689 933 1806 987 illos
1828 972 1845 994 ,
1877 939 1935 984 ut
1960 929 2038 984 sic
2066 928 2159 982 Ju-

572 1041 716 1091 ilieos
736 1036 1080 1097 adducerent,
1094 1032 1364 1088 civitatem
1387 1045 1491 1084 non
1515 1026 1826 1096 reliquisse;
1847 1022 1960 1077 sive
1974 1022 2153 1083 etiam,

573 1138 624 1180 ut
654 1127 774 1181 aliis
802 1126 1005 1178 liiliicire
1029 1134 1279 1179 auctores
1298 1129 1479 1176 essent
1521 1121 1572 1174 5.
1600 1116 1791 1171 Saulus
1815 1123 1983 1167 autem
2008 1112 2159 1165 deva~

570 1218 731 1271 stabat
758 1216 1038 1271 Ecclesiam
1055 1259 1069 1281 ,
1098 1233 1187 1285 per
1212 1214 1387 1268 domos
1410 1212 1624 1271 intrans,
1652 1219 1701 1262 et
1728 1209 1929 1261 trahens
1955 1206 2087 1259 viros
2112 1213 2159 1257 ct

571 1312 824 1377 mulieres,
848 1311 1075 1364 tradebat
1098 1310 1149 1362 in
1177 1308 1475 1362 custodiam.
1504 1305 1721 1374 Magnus
1747 1303 1913 1367 furor,
1939 1308 1995 1354 et
2015 1296 2157 1369 quod

573 1403 720 1457 soliis
746 1410 887 1457 esset
908 1443 924 1467 ,
955 1410 1009 1456 et
1036 1400 1178 1470 quod
1207 1400 1258 1453 in
1289 1399 1480 1452 domos
1518 1398 1737 1450 intraret
1768 1412 1780 1447 :
1810 1394 1880 1445 ita
1926 1390 2156 1443 animant

571 1511 723 1549 suam
755 1510 850 1563 pro
883 1494 997 1563 li-gc
1026 1492 1207 1547 dabat.
1243 1491 1489 1551 Trahens,
1522 1488 1723 1557 inquit,
1752 1486 1883 1537 viros
1908 1493 1955 1535 et
1982 1480 2159 1534 mulie-

571 1604 667 1640 res.
695 1586 826 1641 Vide
850 1585 1139 1648 licentiam,
1158 1583 1531 1638 contumeliam
1555 1590 1610 1632 (Pl
1631 1578 1910 1633 insaniam.
1934 1573 2153 1638 Omnes,

570 1678 658 1745 qui
688 1678 739 1730 in
770 1692 960 1730 manus
990 1689 1115 1728 suas
1143 1673 1469 1737 incidebant,
1500 1671 1646 1724 mille
1674 1669 1941 1721 aflicieliat
1968 1666 2119 1719 malis
2139 1705 2155 1729 ,

572 1779 752 1837 utpote
778 1768 847 1822 ab
886 1767 985 1821 hac
1016 1780 1145 1819 nece
1182 1763 1435 1818 audacior
1468 1763 1653 1816 lactus.
1685 1761 1739 1814 4.
1772 1759 1939 1829 Igitur
1962 1758 2047 1828 qui
2074 1757 2152 1808 di-

570 1860 729 1928 spersi
774 1867 957 1924 erant,
1006 1856 1325 1920 transibant,
1375 1854 1776 1924 erangelizantes
1832 1850 2051 1904 verbum.
2098 1848 2153 1901 5.

575 1950 846 2021 Philippus
889 1959 1057 2004 autem
1112 1948 1417 2001 descendens
1461 1946 1513 1997 in
1562 1946 1811 1996 civitatem
1860 1940 2112 1995 Samaria:
2138 1979 2152 2002 ,

568 2043 875 2111 pra-dicabat
912 2044 1014 2096 illis
1040 2042 1317 2094 Christum.
1354 2039 1408 2092 6.
1442 2035 1775 2089 Intendebant
1802 2044 1969 2086 autem
1999 2032 2157 2084 turba:

568 2134 753 2186 unaniu
779 2135 872 2185 iter
901 2134 979 2197 iis,
1010 2149 1123 2202 qua:
1148 2150 1178 2184 a
1212 2130 1457 2200 Philippo
1485 2131 1797 2191 dicebantur,
1827 2127 2084 2179 audientes
2110 2134 2158 2178 et

568 2226 786 2278 videntes
835 2225 980 2293 signa
1021 2241 1132 2293 quin
1176 2224 1412 2292 facie/rat.
1442 2223 1493 2274 7.
1521 2222 1560 2273 Α
1587 2221 1756 2273 multis
1786 2219 1918 2270 enini
1944 2233 2116 2270 eorum
2138 2257 2154 2281 ,

568 2318 652 2384 qui
678 2316 924 2369 habebant
955 2316 1161 2384 spiritus
1189 2314 1497 2378 immundos,
1526 2314 1801 2365 clamantes
1830 2326 1947 2363 voce
1972 2324 2158 2378 magna

567 2410 767 2461 exibant
810 2426 826 2459 :
878 2408 931 2461 8.
982 2407 1139 2460 Multi
1179 2408 1329 2459 etiam
1377 2402 1647 2475 partilytici
1686 2413 1734 2456 et
1778 2402 1949 2455 claudi
1992 2401 2156 2453 curati

568 2506 704 2550 sunt.
742 2498 795 2552 9.
840 2497 1155 2567 Factumque
1183 2507 1254 2551 est
1283 2496 1525 2565 gaudium
1567 2510 1803 2565 magnum
1833 2494 1885 2545 in
1916 2491 2005 2544 illa
2034 2490 2155 2543 civi-

566 2601 684 2642 tate.
717 2588 808 2643 Vir
835 2601 1001 2643 autem
1025 2591 1233 2660 quidam
1262 2590 1461 2642 nomine
1492 2588 1689 2649 Simon,
1718 2588 1801 2655 qui
1828 2594 1944 2638 ante
1968 2594 2072 2637 erat
2102 2584 2154 2637 in

564 2684 766 2734 civitate
808 2698 985 2753 magus
1008 2723 1023 2747 ,
1060 2683 1302 2735 seducens
1343 2690 1542 2748 gentem
1579 2678 1833 2733 Samaria:
1857 2720 1872 2743 ,
1905 2678 2074 2731 dicens
2103 2693 2157 2730 se

564 2790 672 2826 esse
708 2775 923 2843 aliquem
961 2790 1199 2840 magnum
1235 2787 1254 2825 :
1297 2771 1381 2825 10.
1414 2770 1498 2823 citi
1533 2770 1885 2823 auscultabunt
1923 2785 2095 2822 omnes
2122 2785 2155 2821 α

562 2865 770 2919 minimo
795 2881 950 2933 usque
969 2864 1038 2917 ad
1062 2867 1361 2927 maximum,
1386 2861 1626 2925 dicentes,
1655 2860 1754 2913 llic
1779 2869 1850 2913 est
1875 2860 2031 2912 uirtus
2058 2857 2155 2912 Dei

562 2975 769 3029 magna.
794 2958 927 3012 Vide
950 2957 1078 3011 mihi
1100 2956 1257 3011 aliam
1285 2956 1659 3018 tentationem,
1685 2968 1875 3019 nempe
1895 2951 2149 3006 Simonis.

567 3052 653 3104 Η.
680 3049 1010 3103 Attendebant
1030 3057 1195 3100 autent
1215 3048 1259 3101 ei
1285 3046 1459 3108 (urbm,
1484 3054 1689 3115 propter
1707 3047 1839 3113 quod
1860 3044 2017 3097 multo
2039 3055 2147 3097 tent-

568 3158 689 3209 pore
708 3142 887 3210 magiis
906 3141 1011 3194 suis
1034 3139 1364 3192 dementasset
1389 3154 1492 3191 eos.
1522 3137 1603 3189 12.
1630 3136 1754 3189 Cum
1775 3152 1889 3189 vero
1910 3136 2126 3191 credidis

562 3243 671 3283 seut
711 3230 956 3299 Philippo
996 3229 1361 3299 euangelizanti
1386 3228 1449 3280 de
1477 3243 1631 3296 regno
1658 3225 1754 3279 Dei
1780 3236 1826 3278 et
1852 3226 1915 3279 de
1952 3227 2155 3279 nomine

563 3320 687 3374 Jesu
728 3321 952 3387 Christi,
984 3320 1371 3389 baptizabantur
1398 3320 1491 3372 viri
1521 3329 1567 3370 et
1599 3317 1851 3371 mulieres.
1892 3318 1977 3371 13.
2008 3315 2153 3369 Tunc

566 3413 747 3466 Simon
773 3422 817 3465 et
842 3415 950 3480 ipse
974 3411 1208 3474 credidit,
1231 3421 1277 3463 et
1300 3426 1412 3461 cum
1438 3409 1717 3478 baptizatus
1741 3418 1887 3473 esset,
1915 3408 2150 3462 ad/uvre-

562 3504 647 3557 bat
681 3504 940 3572 Philippo.
989 3502 1180 3556 Videas
1217 3507 1366 3555 etiam
1408 3502 1555 3571 signa
1587 3511 1635 3555 et
1666 3500 1871 3553 virtutes
1906 3505 2154 3554 maximas

564 3597 716 3662 fieri,
756 3607 964 3663 stupens
996 3594 1361 3647 admirabatur.
1397 3593 1483 3647 Η.
1526 3593 1653 3646 Cum
1691 3593 1947 3646 audissent
1986 3602 2154 3646 autent

563 3688 801 3756 apostoli,
825 3688 910 3756 qui
930 3697 1073 3741 erant
1092 3685 1444 3756 Jerosolgmis,
1466 3684 1600 3753 quod
1621 3686 1887 3752 recepisset
1912 3684 2153 3737 Samaria

562 3777 765 3831 verbum
795 3778 908 3843 Dei,
936 3781 1177 3831 miserunt
1202 3778 1270 3829 ad
1295 3777 1410 3829 illos
1441 3775 1645 3828 Petrum
1670 3786 1715 3827 et
1740 3773 1993 3829 Joannem
2018 3791 2035 3829 :
2064 3775 2149 3830 15.

562 3871 647 3937 qui
694 3887 807 3921 cum
852 3871 1134 3935 venissent,
1176 3878 1445 3921 orarerunt
1485 3885 1575 3935 pro
1615 3868 1739 3935 ipsis
1778 3878 1831 3925 ut
1870 3868 2155 3941 deciperent

564 3962 815 4029 Spiritum
854 3970 1103 4013 sanctum.
1147 3961 1235 4014 16.
1288 3958 1533 4016 Nondum
1579 3960 1711 4015 enim
1756 3962 1810 4015 in
1851 3978 2153 4032 quemquam

561 4051 767 4108 illorum
804 4060 1037 4120 venerat,
1068 4053 1157 4108 sed
1190 4055 1432 4123 baptismi
1467 4062 1660 4105 tantum
1694 4064 1833 4107 erant
1867 4053 1917 4105 in
1954 4054 2155 4110 nomine

564 4146 770 4201 Domini
815 4149 959 4203 Jesu.
995 4151 1077 4202 l7.
1112 4148 1252 4202 Tunc
1282 4147 1604 4215 imponebant
1635 4164 1815 4199 manus
1842 4164 1994 4215 super
2023 4162 2110 4200 eos
2134 4190 2150 4215 ,

566 4249 612 4291 ct
642 4240 951 4308 accipiebant
983 4240 1234 4308 Spiritum
1260 4248 1509 4293 sanctum.
1547 4237 1630 4291 18.
1666 4237 1789 4289 Cum
1821 4238 2021 4290 vidisset
2056 4236 2154 4290 att-

568 4342 663 4382 tem
703 4330 881 4383 Simon
905 4371 919 4395 ,
950 4331 1071 4397 quia
1098 4348 1184 4398 per
1210 4332 1577 4400 inipositionem
1605 4345 1782 4381 manus
1807 4329 2155 4397 apostolorum

568 4422 775 4474 daretur
802 4421 1028 4490 Spiritus
1058 4432 1257 4473 sanctus
1278 4463 1293 4485 ,
1324 4421 1496 4473 obtulit
1522 4421 1592 4473 eis
1620 4420 1922 4488 pecuniam,
1955 4420 2035 4475 l9.
2070 4420 2155 4473 di-

567 4529 683 4564 cens
706 4528 724 4564 :
750 4512 884 4565 Date
911 4521 957 4564 et
988 4512 1112 4563 mihi
1138 4513 1267 4564 hanc
1298 4521 1617 4580 potestatem,
1652 4521 1704 4563 ut
1733 4512 2026 4580 cuicumque
2052 4513 2153 4564 im-

570 4618 780 4671 posuero
808 4619 1009 4667 manus,
1039 4603 1256 4669 accipiat
1285 4601 1535 4671 Spiritum
1561 4613 1811 4655 sanctum.
1836 4602 2115 4669 Quomodo
2138 4646 2151 4669 ,

570 4692 799 4762 inquies,
834 4694 884 4746 Ιιί
915 4694 1171 4762 Spiritum
1203 4710 1306 4748 non
1336 4695 1689 4763 accieperaiit?
1719 4694 1973 4763 Spiritum
2005 4710 2157 4749 accc-

573 4793 761 4850 perant
788 4786 1133 4849 remissionis,
1160 4786 1413 4853 Spiritum
1443 4801 1567 4839 vero
1592 4784 1864 4854 signorum
1898 4784 2152 4838 nondum.

578 4872 728 4936 Vide,
757 4874 1027 4943 quomodo
1059 4876 1158 4928 hoc
1185 4892 1413 4931 cernens
1439 4876 1621 4931 Simon
1639 4918 1651 4939 ,
1680 4878 1906 4930 accessit
1932 4876 2035 4931 hoc
2067 4893 2158 4945 pc-

573 4974 714 5018 tcns.
749 4964 969 5019 Etiamsi
1000 4982 1123 5018 vero
1156 4976 1279 5021 tunc
1308 4969 1534 5020 maxime
1562 4968 1902 5037 perscquutio
1932 4968 2155 5037 vigeret,

575 5066 809 5111 attamen
845 5058 982 5113 Deus
1022 5060 1166 5127 ipSUS
1209 5076 1417 5113 rursum
1464 5059 1707 5112 liberavit
1746 5062 2015 5129 signorum
2057 5077 2160 5129 0pc

577 5151 828 5204 munitos.
870 5150 1052 5221 Neque
1082 5153 1222 5205 cnim
1256 5166 1399 5205 mors
1437 5152 1691 5221 Stephani
1724 5152 1931 5206 illorum
1968 5154 2161 5208 restin-

580 5242 654 5293 xit
686 5241 915 5297 furorem
938 5285 954 5310 ,
986 5246 1093 5297 imo
1124 5245 1287 5315 magis
1314 5245 1493 5308 auxit;
1527 5244 1755 5313 ideoque
1782 5244 2162 5313 disperguntur

575 5330 824 5387 doctores
848 5374 863 5398 ,
898 5344 953 5389 ut
994 5334 1236 5390 doctrina
1275 5336 1500 5405 amplius
1536 5344 1878 5405 pmpagctur.
1909 5336 2012 5390 Sed
2044 5335 2162 5389 vide

576 5424 771 5478 iterum
811 5426 930 5480 illos
970 5428 1020 5480 in
1065 5428 1216 5481 bonis
1248 5435 1522 5480 versantes
1546 5468 1561 5491 ,
1594 5437 1648 5481 et
1680 5426 1730 5479 in
1771 5427 1964 5495 gaudio
1997 5444 2009 5478 :
2040 5442 2161 5478 nam

572 5516 648 5569 ait
679 5532 691 5568 :
727 5514 945 5569 Factum
974 5531 1045 5572 est
1073 5520 1315 5588 gaudium
1348 5535 1585 5589 magnum
1615 5520 1665 5571 in
1692 5519 1924 5581 civitate;
1954 5519 2160 5571 etiamsi

575 5605 753 5666 luctus
780 5625 991 5681 quoque
1021 5626 1243 5679 magnus
1274 5610 1453 5664 fuerit.
1498 5608 1588 5663 Sic
1616 5609 1751 5662 solet
1784 5610 1923 5663 Dcus
1954 5626 2166 5677 semper

578 5703 753 5761 facere
780 5746 795 5771 ,
824 5704 1063 5758 tristibus
1094 5717 1283 5769 nempe
1314 5702 1433 5755 heia
1462 5700 1758 5753 admiscere
1785 5740 1798 5763 ,
1828 5710 1884 5753 ut
1915 5701 2081 5767 magis
2113 5701 2163 5752 iu

580 5796 927 5853 adiniiationc
960 5797 1045 5849 sit.
1077 5795 1118 5848 A
1152 5792 1317 5847 multo
1346 5802 1519 5847 autem
1556 5791 1666 5862 jam
1705 5799 1943 5855 tempore
1970 5790 2160 5844 inorbo

1318 366 1376 420 S.
1405 362 1679 419 JOANNIS
1706 354 2177 415 CllRYSOSTOMl
2214 354 2534 411 ARCIIIEP.
2563 356 3097 415 CONSTANTINOP.

3760 356 3869 409 ιιι

2271 470 2547 526 laborabat
2571 473 2791 537 Simon;
2823 474 2963 530 unde
3012 489 3183 545 neque
3223 474 3303 529 sic
3342 474 3413 529 ab
3453 473 3544 529 illo
3574 474 3857 529 liberatur.

2267 562 2547 627 Quomodo
2594 568 2773 618 autem
2818 565 2968 619 illum
3012 566 3339 635 baptizavit?
3380 566 3532 622 Sicut
3572 577 3629 624 et
3662 565 3860 621 Iudam

2268 652 2509 708 Christus
2530 655 2711 725 elegit.
2736 656 2833 711 llic
2856 658 3004 728 signa
3031 659 3241 724 videns,
3264 659 3592 729 obstupescit
3614 659 3857 729 quidem,

2268 760 2372 798 non
2397 736 2557 800 audet
2577 762 2707 799 vero
2728 748 2952 817 gratiam
2974 749 3247 818 signorum
3276 760 3477 820 petere,
3506 750 3628 819 quia
3652 750 3861 805 sciebat

2266 830 2426 888 etiam
2457 836 2592 889 alios
2620 838 2857 895 nondum
2885 840 3177 907 accepisse.
3206 841 3490 906 Quomodo
3520 841 3682 911 igitur
3704 839 3860 895 illum

2268 942 2373 981 non
2414 928 2729 984 occiderunt
2770 931 2903 986 sicut
2947 934 3205 986 Ananiam
3237 943 3291 987 et
3334 933 3856 1003 Sapphiraiii?Quia

2264 1020 2425 1073 etiam
2471 1022 2597 1074 olim
2645 1023 2726 1087 is,
2755 1025 2845 1094 qui
2890 1025 3027 1095 ligna
3068 1027 3396 1096 collegerat,
3432 1028 3644 1083 iiccisus
3682 1038 3764 1083 est
3801 1045 3856 1083 in

2266 1113 2602 1181 exemplum;
2634 1130 2806 1184 neque
2835 1119 2974 1173 ultra
3001 1119 3136 1173 alius
3162 1121 3426 1189 quispiam
3457 1121 3507 1175 id
3537 1136 3726 1191 passus
3749 1130 3855 1176 est.

2266 1200 2357 1257 Sic
2384 1213 2439 1257 et
2465 1221 2607 1259 nunc
2646 1207 2832 1261 Petrus
2864 1208 2988 1263 facit
3018 1228 3031 1262 :
3060 1211 3267 1274 illiS'Hlt!
3307 1214 3506 1281 punitis
3529 1256 3544 1278 ,
3578 1214 3718 1268 hunc
3745 1232 3857 1268 non

2267 1297 2437 1361 punit,
2470 1298 2565 1353 sed
2595 1300 2669 1352 ait
2699 1300 2771 1353 illi
2804 1318 2818 1353 :
2844 1301 2933 1356 20.
2970 1302 3193 1356 Pecunia
3218 1314 3305 1358 tua
3330 1316 3489 1357 tecum
3513 1307 3575 1358 sit
3606 1306 3656 1358 in
3685 1309 3860 1374 perdi-

2266 1386 2471 1453 tionem,
2497 1390 2735 1453 quoniam
2770 1394 2957 1445 donum
2991 1393 3082 1447 Dei
3111 1397 3302 1461 putasti
3330 1397 3543 1465 pecunia
3568 1399 3783 1469 acquiri.

2338 1481 2391 1535 5.
2425 1481 2526 1535 Cur
2551 1498 2581 1533 a
2616 1482 2857 1552 Philippo
2884 1486 3121 1552 baptizati
3148 1504 3247 1538 non
3276 1499 3577 1558 acceperunt
3605 1490 3858 1560 Spiritum

2264 1583 2513 1627 sanctum.
2546 1574 2775 1629 Historia
2805 1577 3030 1631 Simonis
3056 1580 3395 1634 continuatur.
3430 1580 3647 1635 Nullum
3678 1599 3857 1652 perca-

2266 1674 2371 1716 tum
2398 1682 2497 1719 non
2523 1668 2793 1720 remittitur
2816 1670 3171 1739 pmnitenti.—
3191 1670 3257 1725 Et
3276 1688 3369 1726 cur
3396 1673 3447 1726 hi
3474 1674 3724 1742 bap.izati
3749 1691 3856 1728 non

2264 1766 2588 1824 acceperant
2624 1757 2881 1828 Spiritum
2930 1762 3212 1816 sanctum?
3259 1762 3355 1818 Vel
3408 1766 3531 1831 quia
3583 1765 3860 1833 Philippus

2264 1848 2393 1904 dare
2420 1867 2581 1906 ausus
2612 1867 2716 1906 non
2745 1862 2859 1906 erat
2879 1895 2894 1915 ,
2924 1852 3064 1907 hunc
3095 1869 3376 1912 reservans
3399 1858 3657 1926 apostolis
3689 1858 3861 1911 hono-

2265 1956 2411 2002 rem;
2444 1944 2556 1997 sive
2584 1945 2709 2014 quia
2742 1945 2843 2000 lioc
2866 1945 3130 2001 charisma
3160 1963 3267 2001 non
3290 1947 3517 2003 habebat
3545 1950 3683 2018 (erat
3712 1956 3856 2005 enim

2264 2050 2327 2087 cx
2363 2035 2463 2089 illis
2491 2036 2736 2109 septem)
2767 2057 2781 2092 :
2812 2038 2863 2093 id
2907 2039 3047 2109 quod
3088 2040 3255 2109 magis
3292 2039 3503 2095 videtur
3548 2040 3856 2098 iiii-cadunt.

2266 2126 2399 2181 l’uio
2430 2137 2580 2183 certe
2612 2128 2755 2184 hunc
2780 2129 3084 2201 Philippum
3112 2146 3175 2185 ex
3208 2141 3413 2200 septem
3446 2132 3551 2186 illis
3575 2147 3696 2187 esse
3719 2176 3735 2197 .
3769 2148 3860 2187 se-

2264 2221 2495 2275 cundum
2538 2238 2565 2275 a
2604 2222 2879 2292 Stephano
2902 2224 2941 2278 ¹.
2973 2224 3331 2291 Quamobrem
3361 2239 3483 2278 cum
3525 2226 3856 2294 baptizarct,

2264 2314 2520 2385 Spiritum
2551 2317 2828 2385 baptizatis
2859 2332 2963 2372 non
2994 2317 3156 2372 dabat
3197 2336 3209 2371 :
3251 2333 3422 2388 neque
3450 2318 3593 2373 cnim
3626 2326 3862 2385 potesta-

2266 2416 2369 2461 tein
2414 2408 2674 2471 habebat;
2728 2408 2828 2463 hoc
2854 2410 3051 2479 quippe
3080 2409 3279 2463 donum
3319 2409 3601 2463 duodecim
3643 2410 3859 2463 illorum

2264 2507 2466 2551 tantum
2486 2508 2620 2553 erat.
2645 2499 2921 2568 Perpende
2948 2511 3127 2555 autem
3161 2520 3174 2554 :
3206 2502 3279 2554 illi
3310 2516 3414 2554 non
3446 2501 3721 2565 exierant;
3754 2502 3858 2556 dis-

2264 2604 2541 2659 pensatum
2598 2603 2700 2658 est,
2734 2601 2792 2645 ut
2845 2593 2876 2645 ii
2917 2593 3159 2657 exirent,
3201 2593 3289 2661 qui
3324 2594 3584 2647 minorem
3624 2594 3857 2662 gratiam

2264 2686 2561 2747 habebant,
2602 2686 2743 2755 quod
2781 2686 3015 2738 nondum
3056 2689 3388 2753 accepissent
3426 2684 3684 2755 Spiritum
3726 2701 3858 2739 sau-

2263 2788 2428 2831 cmm.
2466 2778 2788 2833 Potestalem
2818 2779 3032 2847 quidem
3063 2789 3381 2847 acceperant
3413 2778 3635 2833 faciendi
3666 2779 3817 2849 signa
3838 2820 3857 2845 ,

2262 2885 2367 2923 nott
2393 2880 2574 2923 autem
2600 2869 2857 2939 Spiritum
2886 2870 3008 2925 aliis
3033 2870 3215 2926 dandi.
3250 2872 3411 2940 Igitur
3438 2871 3554 2925 lucc
3578 2870 3861 2939 apostolo-

2263 2978 2377 3016 rum
2404 2971 2519 3015 erat
2558 2963 2942 3033 prierogativa;
2988 2962 3215 3033 ideoque
3255 2973 3309 3017 et
3349 2962 3706 3034 coryphmos,
3749 2979 3859 3019 non

2260 3055 2414 3121 alios,
2445 3054 2628 3108 videre
2651 3063 2737 3109 est
2764 3054 2865 3108 hoc
2891 3054 3090 3110 facere.
3130 3053 3313 3108 Videtis
3341 3064 3513 3109 autent
3540 3054 3751 3118 Simon,
3785 3055 3862 3109 in.

2261 3147 2405 3217 quit,
2427 3147 2565 3216 quod
2594 3164 2683 3216 per
2707 3147 3075 3215 impositionem
3111 3163 3351 3199 manuum
3379 3148 3722 3216 apostolorum
3761 3146 3860 3199 da-

2258 3251 2396 3294 retur
2423 3240 2652 3309 Spiritus
2676 3250 2906 3294 sanctus.
2936 3238 3050 3293 Non
3078 3239 3155 3295 sic
3179 3237 3434 3305 dixisset,
3465 3239 3563 3294 nisi
3602 3238 3863 3295 sensibile

2259 3332 2531 3403 quidpiam
2556 3333 2753 3387 factum
2780 3330 2987 3404 fuisset.
3017 3329 3128 3385 Hoc
3148 3341 3201 3385 et
3224 3330 3419 3385 Paulus
3446 3328 3605 3399 fecit,
3628 3345 3754 3389 cuin
3780 3332 3862 3388 lo-

2260 3433 2550 3494 querentur
2578 3424 2791 3494 linguis.
2822 3423 3066 3478 Vidistiu'
3092 3422 3327 3481 Simonis
3353 3424 3570 3481 scelus?
3594 3425 3864 3481 Pecunias

2260 3516 2471 3571 obtulit.
2502 3516 2659 3586 Atqui
2684 3532 2790 3570 non
2810 3514 3015 3573 viderat
3044 3514 3192 3573 illum
3216 3533 3313 3588 pro
3331 3517 3554 3586 pecunia
3580 3516 3629 3571 id
3657 3516 3860 3571 facien-

2264 3621 2368 3663 tem
2400 3629 2413 3663 :
2449 3609 2592 3665 unde
2619 3624 2727 3668 non
2754 3609 3052 3684 ignorantis
3078 3627 3213 3682 opus
3242 3621 3394 3676 erat,
3435 3610 3528 3665 sed
3563 3610 3818 3664 tentantis
3840 3652 3859 3674 ,

2261 3713 2316 3755 ct
2342 3701 2568 3761 volentis
2593 3706 2795 3760 crimen
2822 3705 3105 3760 intentare.
3135 3703 3364 3773 Ideoque
3390 3702 3537 3756 audit
3570 3720 3583 3755 :
3614 3700 3704 3755 2|.
3736 3699 3863 3755 Non

2261 3808 2333 3853 est
2360 3798 2447 3852 tibi
2474 3814 2592 3862 pars
2618 3814 2779 3865 neque
2805 3813 2916 3850 sors
2943 3798 2995 3849 in
3023 3811 3253 3849 sermone
3278 3796 3374 3847 isto
3401 3809 3420 3847 :
3446 3810 3536 3846 cor
3560 3793 3690 3846 enini
3719 3803 3863 3847 tuum

2262 3907 2363 3944 non
2391 3900 2463 3943 est
2485 3899 2677 3943 rectum
2699 3905 2873 3943 coram
2894 3886 3021 3941 Deo.
3051 3886 3246 3942 Iterum
3275 3902 3397 3956 qua:
3427 3886 3478 3940 in
3506 3896 3685 3940 niente
3705 3894 3867 3939 erant

2260 3985 2414 4040 affert
2444 3985 2496 4038 in
2526 3984 2761 4039 medium
2782 4025 2795 4048 ,
2825 3984 2946 4051 quia
2980 3982 3068 4036 ille
3090 3997 3149 4036 se
3170 3982 3335 4035 latere
3358 3981 3597 4051 putabat.
3624 3980 3713 4033 2‘2.
3742 3980 3867 4035 Pw-

2262 4080 2523 4133 nitentiam
2549 4078 2716 4148 itaque
2739 4094 2832 4147 age
2857 4078 2921 4130 ab
2948 4078 3041 4129 hac
3071 4076 3292 4143 nequitia
3320 4085 3407 4128 tua
3424 4118 3437 4138 ,
3464 4086 3509 4128 et
3536 4091 3662 4144 roga
3691 4073 3867 4128 Domi-

2260 4187 2381 4225 num
2404 4212 2418 4233 ,
2460 4170 2503 4224 si
2544 4174 2675 4240 forte
2714 4171 2998 4222 remittatur
3028 4167 3116 4220 tibi
3147 4168 3255 4221 Ita'c
3285 4167 3523 4238 cogitatio
3550 4166 3719 4220 cordis
3763 4167 3859 4219 tui.

2259 4262 2351 4318 23.
2381 4260 2447 4315 1η
2481 4260 2599 4330 felle
2626 4258 2756 4312 enim
2792 4259 3179 4320 amaritudinis,
3209 4267 3256 4311 et
3280 4258 3333 4311 in
3359 4258 3558 4311 vinculo
3582 4258 3865 4327 iniquitais

2260 4355 2405 4410 video
2434 4365 2481 4408 te
2506 4370 2631 4409 esse.
2662 4353 2755 4407 24.
2780 4352 3109 4421 Respondeas
3135 4362 3303 4405 autem
3332 4351 3513 4407 Simon
3538 4352 3666 4405 dixit
3691 4368 3708 4405 :
3737 4351 3865 4406 Pre-

2261 4450 2451 4502 camini
2480 4463 2565 4500 vos
2598 4463 2690 4515 pro
2720 4462 2799 4498 me
2825 4445 2894 4497 ad
2922 4444 3230 4508 Dominum,
3266 4455 3319 4497 iit
3346 4445 3477 4497 nihil
3506 4445 3671 4497 veniat
3711 4462 3868 4514 super

2262 4557 2341 4593 me
2362 4542 2545 4593 horum
2564 4554 2677 4607 quae
2694 4538 2911 4593 dixistis.
2933 4538 3069 4592 Cum
3092 4537 3417 4604 oportuisset
3440 4536 3587 4589 illum
3610 4553 3672 4591 ex
3697 4537 3868 4590 corde

2264 4632 2632 4701 paenitentiam
2672 4645 2833 4699 agere
2860 4638 2916 4683 et
2942 4626 3069 4681 ﬂere
3090 4668 3105 4693 ,
3148 4628 3239 4680 ille
3268 4626 3627 4693 perfunctorie
3657 4635 3866 4679 taniiiiit

2266 4726 2365 4777 hoc
2391 4722 2537 4776 facit.
2564 4722 2625 4776 Si
2648 4722 2779 4790 forte
2802 4721 3089 4775 remittatur
3108 4719 3215 4771 tibi.
3238 4717 3349 4771 Hoc
3374 4717 3565 4787 inquit,
3591 4732 3695 4770 non
3718 4717 3867 4785 quod

2266 4834 2369 4871 non
2399 4816 2684 4871 remissum
2713 4815 2899 4869 fuisset
2941 4813 3051 4877 illi,
3096 4814 3139 4886 si
3172 4812 3468 4880 plorasset;
3509 4809 3603 4863 sed
3637 4825 3753 4862 mos
3781 4820 3866 4862 est

2264 4909 2425 4963 etiam
2455 4908 2731 4977 preplieiis
2758 4906 2930 4961 solum
2961 4906 3263 4973 denegare,
3297 4918 3395 4957 nec
3422 4901 3601 4958 dicere
3636 4919 3649 4954 :
3679 4901 3735 4954 Si
3761 4916 3870 4954 aii-

2268 5016 2377 5060 tent
2404 5002 2504 5056 hoc
2534 4999 2747 5064 feceris,
2775 4996 3165 5052 condonabitur
3189 4994 3317 5060 tibi;
3346 4993 3441 5049 sed
3472 4992 3696 5047 omnino
3726 4992 3874 5044 futu-

2268 5111 2381 5149 ram
2414 5108 2625 5164 poenam
2656 5088 2994 5144 denuntiare.
3037 5085 3115 5139 Τιί
3160 5100 3286 5139 vero
3325 5084 3521 5139 mirare
3544 5124 3561 5147 ,
3592 5081 3876 5151 quomodo

2269 5188 2320 5241 in
2352 5198 2593 5255 tempore
2621 5178 2941 5237 calamitatis
2982 5194 3085 5232 non
3132 5177 3437 5248 negligant,
3476 5175 3570 5230 sed
3601 5174 3873 5244 praedica-

2334 5366 2347 5395 ¹
2384 5362 2526 5413 Savil.
2558 5363 2633 5411 sic
2676 5358 2858 5415 habet,
2884 5356 3011 5407 unde
3042 5355 3163 5407 uniti
3187 5354 3375 5406 videtur
3415 5352 3544 5404 hunc
3590 5353 3877 5416 Philippum

2271 5427 2290 5487 (
2314 5427 2398 5488 qui
2424 5424 2678 5473 saimriam
2712 5421 2771 5488 ad
2811 5418 2973 5488 ﬁdem.
2994 5421 3242 5488 convertit
3265 5420 3285 5479 )
3306 5429 3580 5488 unmnlesse
3602 5430 3628 5465 e
3651 5426 3838 5488 septem
3857 5455 3875 5476 ,

2236 5486 2243 5487 7
2270 5478 2537 5536 secundum
2559 5498 2590 5532 a
2615 5482 2890 5545 Stephano;
2919 5480 3197 5545 Philippum
3232 5478 3557 5545 autem‘illmn
3580 5479 3679 5545 qui
3707 5487 3876 5526 Eunu-

2270 5549 2412 5599 chum
2434 5540 2709 5605 baptizavit,
2731 5556 2797 5593 ea:
2818 5540 3139 5600 apostolorum
3170 5554 3369 5591 nuner
3390 5540 3555 5605 fuisse.
3581 5540 3643 5588 At
3667 5540 3759 5588 hoc
3781 5553 3876 5600 po-

2269 5600 2505 5660 stremum
2527 5600 2723 5655 omnino
2743 5613 2879 5654 stare
2898 5604 3072 5667 nequit
3083 5616 3105 5667 εγ
3116 5605 3229 5667 ipse
3260 5600 3470 5667 nanupie
3494 5600 3877 5667 Chrysostouuis

2273 5671 2467 5722 homilia
2489 5668 2717 5731 sequenti
2743 5666 2831 5722 ait.
2858 5665 3375 5731 euiii'guiEunuelium
3394 5666 3653 5731 inplicavit
3675 5676 3740 5731 es
3775 5676 3876 5711 ιιι.-

2274 5746 2411 5784 (110ΐο
2432 5724 2625 5795 septem
2650 5731 2964 5797 diawiiomm
2988 5724 3160 5777 fuisse.
3194 5736 3352 5787 Quare
3387 5724 3569 5776 uoieut
3601 5725 3876 5777 lecuaiun

2278 5807 2329 5846 ut
2351 5799 2613 5859 genuinam
2634 5795 2951 5851 retiuuimus.
