4044 6486
150 398 227 457 ηε
1091 388 1158 446 ΙΝ
1198 386 1380 445 ACTA
1423 378 1954 446 Al‘OSTOLORUM.
1999 376 2230 436 HOMIL.
2282 377 2471 435 XVIII.

148 511 251 568 tionl
288 508 638 576 incumbant;
688 514 744 564 et
781 505 1080 585 quomodp,
1110 504 1249 559 sicut
1291 501 1393 557 sub
1423 499 1604 570 Moyse
1636 511 1731 568 per

146 604 571 676 comparationem
618 602 823 659 fiebant
855 601 1109 657 miracula
1152 598 1232 667 (α)
1280 612 1294 651 :
1344 597 1411 649 ita
1462 604 1515 648 et
1566 604 1727 645 nunc.

143 697 285 766 Magia
327 705 479 760 erat,
531 705 592 750 ct
643 702 827 748 tamen
872 693 985 747 haec
1022 691 1170 761 signa
1219 687 1500 742 manifesta
1542 691 1729 748 erant,

141 786 352 857 quamvis
369 785 581 840 nullum
609 783 690 839 ibi
708 791 983 852 oporteret
1000 796 1119 835 esse
1138 777 1550 839 dtemoniacum,
1571 788 1734 843 quan-

140 879 391 947 doquidem
430 895 458 929 ει
492 878 683 932 multo
719 879 828 945 jam
876 887 1116 944 tempore
1157 872 1346 941 magiis
1389 866 1735 925 dementabat

141 971 238 1026 illos
266 986 282 1023 :
309 970 429 1039 quia
459 982 602 1024 vero
631 969 784 1023 multi
813 975 969 1023 erant
995 964 1311 1021 danuoniaci
1334 1004 1349 1029 ,
1385 960 1540 1016 multi
1572 973 1730 1030 para-

142 1062 291 1133 lytici;
331 1061 421 1116 illa
470 1061 684 1117 veritas
729 1076 833 1115 non
876 1067 1052 1114 erant.
1093 1057 1190 1112 llic
1238 1069 1370 1110 vero
1414 1068 1520 1108 non
1563 1050 1731 1121 signis

141 1150 292 1210 modo.
319 1150 413 1205 sed
449 1152 632 1207 verbo
664 1153 785 1207 illos
812 1149 1095 1206 inducebat
1122 1148 1190 1201 de
1220 1161 1386 1217 regno
1414 1143 1612 1201 Christi
1646 1142 1729 1196 lo-

137 1257 297 1313 qncns.
324 1245 392 1298 At
420 1244 622 1300 Simon
642 1286 658 1311 ,
701 1244 906 1314 inquit,
938 1243 1235 1310 baptizatus
1256 1237 1570 1294 adhaerebat
1602 1234 1725 1289 Phi-

138 1332 275 1401 lippo.
303 1333 418 1389 Non
455 1334 586 1390 lidei
620 1349 804 1398 causa,
834 1335 929 1390 sed
958 1344 1015 1388 ut
1042 1334 1159 1387 talis
1195 1334 1305 1402 ipse
1335 1333 1507 1396 lieret,
1538 1329 1731 1384 adlue-

135 1427 277 1481 rebat.
311 1427 411 1495 Qui
436 1445 559 1483 cum
589 1430 842 1484 uenissent
868 1437 1136 1481 oraveruut
1174 1443 1266 1497 pro
1305 1426 1431 1496 ipsis
1450 1464 1466 1491 ,
1510 1432 1565 1477 ut
1595 1423 1731 1475 acci-

135 1528 281 1587 perent
305 1518 567 1589 Spiritum
597 1531 835 1574 sanctum
862 1536 882 1574 :
910 1520 1137 1573 nondum
1166 1519 1298 1572 enim
1335 1519 1390 1572 in
1428 1531 1730 1588 quemquam

134 1612 309 1666 illorum
346 1622 580 1667 reuertit.
619 1612 765 1667 Tunc
806 1611 1128 1682 imponebant
1159 1626 1342 1665 manus
1381 1625 1535 1676 super
1572 1608 1724 1673 illos,

133 1714 170 1754 et
190 1703 489 1772 accipiebant
532 1705 798 1774 Spiritum
826 1711 1079 1759 sanctum.
1115 1702 1276 1757 Vides
1320 1701 1436 1756 haec
1483 1715 1589 1754 non
1640 1708 1728 1753 nt-

132 1810 331 1865 cutnquc
359 1795 477 1852 ﬁeri
501 1838 517 1862 ,
552 1796 655 1851 sed
687 1796 850 1851 multa
882 1811 1018 1866 opus
1048 1795 1215 1850 fuisse
1252 1794 1447 1848 virtute
1485 1791 1550 1847 ad
1592 1792 1727 1845 dan-

133 1886 235 1939 dum
263 1886 527 1956 Spiritum
562 1887 862 1942 sanctum?
900 1887 1016 1942 Non
1048 1886 1193 1942 enim
1226 1885 1369 1941 idem
1411 1894 1494 1940 est
1531 1883 1749 1938 rcmis-l

132 1978 310 2034 sionem
326 1980 623 2051 consequi,
643 1988 698 2036 et
716 1980 877 2036 talem
900 1981 1145 2048 accipere
1162 1988 1506 2050 potestatem.
1538 1976 1729 2032 Videas

132 2082 273 2126 autem
297 2072 509 2143 Simon,
540 2075 687 2144 quod
708 2091 798 2145 per
815 2075 1189 2147 impositionem
1204 2089 1445 2127 manuum
1460 2072 1725 2143 apostolo—

134 2182 225 2221 nun
240 2166 444 2231 daretur
464 2166 707 2238 Spiritus
724 2178 950 2235 sanctus,
967 2168 1149 2222 obtulit
1166 2168 1292 2236 ipsis
1304 2167 1568 2237 pecunias.
1588 2165 1725 2219 Num

132 2254 245 2308 alios
270 2256 371 2311 hoc
396 2255 673 2314 facientes
702 2256 871 2312 vidit?
900 2272 1031 2312 num
1070 2257 1417 2327 Philippum?
1456 2271 1582 2310 num
1632 2272 1728 2326 pu-

134 2345 257 2401 tabat
278 2348 423 2416 ipsos
450 2364 567 2404 non
599 2364 788 2417 nosse,
815 2363 924 2421 quo
949 2349 1038 2404 ille
1058 2349 1237 2403 animo
1258 2347 1576 2404 accederet?
1603 2347 1727 2402 Ideo

135 2440 250 2495 bene
277 2440 468 2497 Petrus
500 2458 620 2498 rem
652 2442 854 2497 donum
884 2451 1074 2507 vocat,
1103 2441 1290 2497 dicens
1320 2457 1333 2494 :
1368 2439 1597 2494 Pecunia
1640 2450 1727 2493 tua

132 2540 271 2584 tecum
310 2534 376 2588 sit
414 2534 470 2588 in
514 2535 858 2605 perditionem
880 2576 895 2599 ,
942 2536 1184 2606 quoniam
1212 2536 1508 2589 existimasti
1536 2534 1726 2587 donum

136 2620 215 2675 Dei
238 2624 462 2693 pecuniis
492 2626 713 2695 acquiri.
763 2624 949 2680 Viden‘
978 2624 1174 2696 ubique
1203 2640 1369 2695 puros
1404 2626 1522 2680 illos
1561 2640 1590 2678 a
1635 2640 1727 2694 pe-

132 2716 317 2773 cuniis?
341 2716 470 2773 Non
497 2729 579 2775 est
617 2718 705 2773 tibi
731 2736 852 2790 pars
892 2735 1053 2789 neque
1085 2736 1196 2774 sors
1230 2721 1283 2773 in
1322 2735 1552 2774 sermone
1579 2719 1676 2773 isto
1706 2733 1725 2773 :

134 2825 204 2862 cor
226 2813 351 2866 enim
381 2820 532 2868 tuum
566 2828 668 2867 non
694 2823 768 2868 est
794 2823 988 2867 rectum
1012 2828 1186 2866 coram
1233 2812 1356 2867 Deo.
1404 2812 1589 2881 Itaque
1629 2826 1727 2882 per

135 2902 365 2958 ntalitiam
391 2905 582 2960 omnia
609 2900 844 2960 iaciebat
874 2921 888 2958 :
916 2904 1062 2976 atqui
1087 2905 1392 2973 simplicem
1416 2919 1539 2960 esse
1564 2919 1727 2974 opor-

137 2991 275 3047 tebat.
307 2993 672 3051 Punitentiam
708 2997 880 3066 itaque
903 3012 1016 3067 age.
1054 2994 1119 3049 In
1161 2995 1281 3067 felle
1307 2997 1441 3049 enim
1469 2998 1723 3049 amaritu-

134 3082 265 3150 dinis,
291 3096 337 3140 et
364 3090 419 3142 in
447 3089 661 3143 vinculo
690 3088 971 3158 iniquitatis
998 3087 1143 3142 rideo
1171 3097 1217 3142 te
1246 3104 1369 3143 esse.
1400 3088 1604 3159 Magna:
1631 3089 1724 3144 ira:

138 3177 274 3231 verba
301 3188 445 3235 sunt.
476 3180 600 3237 Non
628 3181 783 3250 punit
807 3188 990 3234 autem
1021 3180 1196 3250 ipsum
1215 3221 1229 3244 ,
1276 3190 1333 3235 ut
1376 3196 1443 3234 ne
1466 3181 1724 3251 deinceps

137 3267 247 3323 lides
273 3284 335 3325 es
363 3271 699 3328 necessitate
726 3281 900 3339 esset,
929 3286 1033 3328 nec
1058 3287 1147 3327 res
1177 3272 1413 3328 crudelis
1439 3286 1560 3329 esse
1584 3272 1726 3327 vide-

137 3370 290 3427 retur;
323 3372 487 3433 utque
527 3364 901 3434 paenitentiam
948 3364 1227 3419 induceret
1280 3383 1308 3418 :-
1354 3365 1434 3420 vel
1482 3366 1606 3435 quia
1655 3365 1721 3418 ad

136 3454 499 3511 correctionem
542 3454 847 3511 sufﬁciebat
885 3457 1169 3528 arguisse,
1211 3465 1264 3511 et
1304 3472 1423 3526 qua:
1462 3457 1515 3511 in
1557 3457 1724 3512 corde

137 3555 267 3601 erant
304 3548 545 3615 dixisse,
590 3557 648 3604 ut
691 3548 780 3604 ille
822 3548 1175 3604 conﬁteretur
1219 3563 1278 3604 se
1313 3557 1529 3619 captum
1578 3564 1721 3605 esse.

138 3636 248 3691 Cum
278 3642 416 3697 enim
445 3643 611 3710 dicit,
648 3640 941 3697 Precamini
966 3658 1055 3696 vos
1083 3658 1176 3712 pro
1207 3659 1318 3709 me,
1350 3643 1402 3698 id
1435 3644 1727 3699 conﬁtetur

140 3737 183 3781 et
217 3730 426 3789 indicat.
471 3732 616 3789 Vide
659 3733 930 3803 quomvdo
958 3734 1203 3805 quamvis
1246 3734 1506 3791 scelestus
1542 3744 1720 3802 esset,

142 3820 423 3893 redargttlus
454 3835 643 3880 tamen
670 3824 934 3891 credidit,
964 3835 1023 3880 ut
1049 3834 1103 3881 et
1144 3824 1361 3882 humilis
1398 3825 1571 3882 iactus
1602 3836 1721 3895 est,

138 3913 324 3977 quando
348 3915 549 3971 iterum
578 3914 901 3988 redargutus
924 3925 1025 3972 est.
1071 3916 1257 3972 Videas
1286 3919 1453 3989 signa,
1484 3934 1599 3989 qIItB
1628 3920 1722 3987 [ie-

141 4000 256 4069 bant,
276 4006 553 4080 obstupuit,
575 4008 867 4064 ostendens
888 4008 1226 4065 mendacium
1254 4007 1440 4074 fuisse,
1464 4009 1722 4081 quidquid

141 4088 235 4159 ipse
259 4094 500 4155 iaciebat.
547 4099 664 4155 Non
707 4099 873 4167 dixit,
921 4102 1200 4168 Accessit;
1242 4101 1373 4166 sed,
1426 4100 1719 4172 Obstupuit.

145 4181 197 4238 Et
219 4201 305 4242 cur
329 4207 432 4247 non
464 4193 573 4247 hoc
600 4192 782 4247 statim
815 4193 976 4248 facit?
1007 4194 1236 4250 Putabat
1254 4210 1314 4251 se
1343 4211 1501 4266 posse
1532 4196 1718 4266 latere,

143 4281 327 4344 putabat
350 4294 529 4341 artem
556 4300 682 4341 esse
708 4286 852 4356 quod
884 4285 1047 4342 ﬂebat
1078 4304 1092 4341 :
1126 4288 1215 4357 qui
1256 4296 1436 4343 autem
1477 4304 1585 4346 non
1629 4305 1723 4359 po-

143 4372 223 4425 luit
241 4379 511 4445 apostolos
540 4378 706 4436 latere
726 4421 742 4448 ,
769 4382 1019 4436 accessit.
1051 4381 1095 4435 Α
1123 4384 1298 4437 multis
1325 4385 1481 4452 enim,
1510 4386 1595 4456 qui
1628 4387 1722 4441 Ιια-

141 4464 288 4523 ὸώαιι
324 4474 539 4543 spiritus
579 4473 904 4539 immundos,
946 4471 1226 4529 clamantes
1260 4476 1338 4529 illi
1375 4492 1493 4531 voce
1534 4495 1721 4551 magna

144 4558 332 4617 exibant.
377 4565 499 4621 Hoc
538 4566 849 4637 egrediendi
893 4566 1105 4638 signum
1154 4569 1498 4625 manifestum
1566 4584 1715 4640 erat;

144 4662 377 4721 nugarum
424 4672 559 4714 vero
587 4658 739 4729 signa
763 4658 1097 4714 e’coutrario
1128 4676 1142 4713 :
1176 4660 1248 4715 illi
1280 4679 1510 4734 namque
1550 4668 1719 4737 inagis

142 4741 414 4815 alligabant.
452 4750 606 4806 Multi
634 4754 904 4823 paralytici
925 4764 971 4811 et
991 4758 1167 4813 claudi
1195 4760 1364 4813 sanati
1385 4768 1524 4813 sunt.
1560 4759 1716 4814 Nulla

146 4829 213 4888 hic
236 4852 341 4897 erat
366 4842 583 4899 fallacia
611 4862 626 4900 :
650 4860 771 4901 nam
795 4850 1082 4918 Oportebat
1103 4850 1380 4905 ambulare
1406 4861 1461 4906 et
1481 4853 1715 4921 operari.

142 4925 475 4999 Ausculth
499 4947 666 4991 autem
690 4940 768 4994 illi
803 4956 997 5007 omnes,
1026 4942 1248 4998 dicentes
1281 4958 1300 4996 :
1329 4941 1429 4996 Hic
1458 4953 1531 4997 est
1561 4946 1719 4998 virtus

145 5014 237 5076 Dei.
262 5024 349 5084 llic
374 5028 638 5099 impletur
664 5031 795 5087 illud
826 5033 1024 5090 Christi
1056 5035 1258 5091 dictum
1293 5053 1307 5090 :
1339 5036 1492 5091 Multi
1524 5040 1718 5093 venient

143 5118 481 5176 Woch-isti
505 5129 551 5176 el
573 5120 1027 5197 pseudoprOphette
1075 5128 1128 5181 in
1148 5129 1353 5182 nomine
1379 5146 1487 5183 meo
1520 5130 1713 5201 (Marc.

144 5203 214 5260 13-
237 5209 350 5284 ΞΩ).
384 5214 567 5281 Quare
591 5232 698 5271 non
726 5220 904 5274 statim
937 5219 1086 5274 illum
1119 5221 1547 5292 redarguernnt?
1574 5223 1717 5279 Satis

144 5293 373 5362 [nitebant
404 5306 550 5377 quod
580 5323 701 5364 sese
725 5310 1114 5367 condemnaret
1140 5330 1152 5365 :
1180 5314 1380 5369 ctenim
1408 5325 1463 5370 et
1492 5316 1595 5372 hoc
1620 5318 1711 5372 do-

143 5396 295 5453 ctrina.-
314 5410 455 5458 erat.
485 5401 618 5469 Quia
644 5412 822 5460 autem
854 5415 1108 5462 reStstere
1137 5422 1243 5462 non
1273 5419 1515 5477 peierat,
1548 5412 1716 5466 simu-

144 5482 295 5554 lat,ut
319 5496 465 5568 magi
506 5496 582 5552 illi
625 5498 715 5569 qui
757 5498 1009 5555 dicebant
1050 5518 1063 5555 :
1121 5500 1234 5556 Hoc
1274 5503 1463 5573 digitus
1508 5503 1603 5560 Dei
1639 5517 1714 5561 est

187 5689 249 5753 (tt)
275 5691 481 5763 Cum_a_it
517 5695 613 5747 sub
634 5701 799 5761 Iloyse
827 5695 1060 5763 miracula
1086 5709 1177 5759 per
1199 5703 1616 5763 comparationem
1642 5702 1709 5752 fa-

144 5755 204 5827 ςιρ
236 5768 370 5827 esse,
397 5758 452 5827 id
488 5765 593 5821 est,
621 5755 1157 5827 pericomparationem
1192 5755 1325 5811 cum’
1343 5763 1591 5827 miraculis
1616 5780 1708 5827 per

285 5822 482 5884 patratis
500 5859 513 5885 ,
542 5819 603 5873 ea
621 5819 961 5888 ieolnbahtur
984 5834 1101 5874 esse
1125 5837 1243 5876 vera
1269 5832 1322 5876 et
1354 5837 1381 5875 a
1415 5824 1525 5877 Deo
1562 5819 1706 5889 proti-

3339 380 3444 437 HG

1846 493 2049 563 (Exod.
2080 496 2136 553 8.
2171 495 2279 567 l9).
2312 495 2386 550 Ne
2414 510 2543 551 vero
2572 511 2760 552 rursus
2791 496 3179 569 expelleretur,
3215 498 3338 554 Ideo
3368 500 3454 554 ad-

1842 587 2074 644 bmrebat
2106 588 2377 658 Philippo,
2408 604 2509 645 nec
2540 589 2851 646 recedebat.

1910 684 1963 736 4.
1993 682 2127 749 Quot
2149 683 2281 736 bona
2303 699 2439 737 mors
2462 683 2715 753 Stephani
2736 684 3144 741 attulerit.-—Tu
3169 700 3303 741 vero
3324 684 3452 739 mihi

1841 772 2149 842 perpende,
2181 784 2313 843 quot
2342 786 2649 845 quantaque
2681 776 3067 847 dispensentur
3098 793 3194 847 per
3221 788 3452 833 mortem

1840 864 2120 935 Stephani.
2156 865 2551 937 Dispcrguntnr
2578 884 2673 938 per
2700 868 2949 938 regiones
2972 868 3173 924 Judtnm
3195 878 3249 923 et
3269 868 3461 924 Sama-

1838 958 1963 1024 riae,
1988 960 2358 1030 evangelizant
2380 961 2627 1027 verbum,
2659 963 2955 1030 praedicant
2980 960 3277 1027 Christum,
3301 963 3453 1032 signa

1838 1049 2037 1117 edunt,
2072 1051 2329 1121 paulatim
2363 1052 2412 1105 hi
2443 1052 2645 1108 donum
2674 1054 2966 1125 accipiunt.
3003 1055 3115 1108 lioc
3146 1054 3340 1124 duplex
3375 1054 3455 1109 si-

1837 1157 2001 1212 gnum
2034 1154 2154 1199 erat
2184 1164 2196 1201 :
2226 1160 2351 1199 nam
2377 1155 2430 1201 et
2460 1147 2565 1199 illis
2596 1146 2724 1200 dare
2756 1156 2806 1201 ct
2842 1146 2966 1202 huic
2992 1161 3097 1201 non
3127 1146 3257 1202 dare
3279 1188 3293 1209 ,
3336 1162 3455 1201 ma-

1838 1254 2003 1308 gnum
2032 1248 2151 1295 erat
2189 1240 2425 1311 signum.
2462 1240 2552 1294 25.
2587 1240 2650 1295 Et
2679 1241 2759 1294 illi
2786 1241 2986 1311 quidem
3016 1241 3272 1311 testiﬁcati
3301 1253 3345 1294 ct
3375 1242 3455 1294 lo-

1836 1332 1982 1397 qttuti
2006 1332 2209 1385 verbum
2240 1333 2463 1394 Domini,
2490 1336 2674 1387 τίνει-δί
2696 1344 2813 1388 sunt
2841 1336 2891 1387 in
2913 1333 3221 1401 Jerusalem,
3251 1346 3297 1387 et
3325 1335 3460 1387 mul-

1838 1429 1902 1480 tis
1948 1427 2068 1480 viris
2114 1428 2561 1481 Samaritanorum
2609 1428 3042 1499 evangelisabant.
3095 1428 3239 1484 Bene
3283 1428 3451 1492 dixit,

1837 1518 2139 1588 Testi/icati.
2164 1520 2543 1575 Tcstilicanlur
2572 1521 2800 1575 fortasse
2822 1531 3043 1591 propter
3070 1521 3239 1585 illum,
3270 1536 3335 1574 ne
3362 1521 3457 1573 dc-

1836 1613 2127 1683 cipiantur,
2162 1621 2219 1667 ut
2245 1622 2429 1683 postea
2459 1612 2511 1667 in
2545 1622 2661 1667 tuto
2681 1623 2887 1680 essent,
2918 1630 2985 1668 ne
3014 1614 3278 1682 inexperti
3311 1628 3457 1682 sa-pe

1836 1704 2234 1775 abriperentnr.
2271 1705 2478 1761 Reversi
2518 1717 2635 1760 sunt
2674 1705 3072 1777 Jerosolymam.
3114 1705 3223 1761 Cur
3260 1707 3452 1761 itermu

1837 1797 1929 1852 illo
1957 1796 2282 1861 concedunt,
2316 1798 2404 1853 ubi
2438 1799 2682 1870 tyrannis
2712 1808 2860 1864 erat,
2893 1799 2981 1854 ubi
2999 1793 3276 1853 'malorum
3310 1799 3456 1868 prin-

1835 1891 2063 1961 cipium,
2098 1890 2185 1946 tibi
2212 1892 2446 1947 maxime
2478 1893 2809 1963 sanguinarii
2851 1894 3045 1948 erant?
3088 1892 3157 1950 Ut
3201 1893 3256 1948 in
3298 1894 3457 1950 bellis

1836 1982 1999 2039 duces
2031 1983 2268 2050 iaciunt,
2308 1995 2361 2039 ct
2401 1985 2545 2041 bello
2587 1986 2920 2042 laborantem
2964 1996 3171 2057 partem
3204 1997 3395 2059 petunt
3433 2002 3451 2041 τ

1838 2074 2069 2145 idipsum
2118 2076 2171 2131 hi
2223 2087 2496 2146 praestant.
2546 2078 2681 2134 Vide
2721 2095 2936 2135 rursum
2986 2095 3093 2135 non
3140 2082 3316 2151 primo
3360 2096 3453 2137 ve-

1835 2168 2045 2224 nientes
2072 2169 2400 2236 Samariam,
2431 2169 2526 2225 sed
2558 2170 2741 2241 pulsos
2767 2172 3079 2242 discipulos,
3108 2172 3249 2229 sicut
3275 2182 3329 2228 et
3356 2174 3456 2229 sub

1833 2260 2068 2326 Christo,
2102 2272 2156 2317 et
2185 2264 2460 2333 apostolos
2490 2264 2557 2319 ad
2588 2279 2685 2319 eos
2714 2264 3111 2333 Samaritanos,
3146 2267 3235 2337 qui
3267 2266 3449 2321 credi-

1833 2356 2056 2421 derant,
2088 2355 2304 2411 demum
2347 2357 2565 2415 missos.
2593 2356 2722 2413 Cant
2750 2360 3010 2415 audissent
3037 2370 3225 2426 autem,
3259 2360 3453 2432 inquit,

1833 2448 2084 2520 apostoli,
2113 2451 2201 2521 qui
2234 2460 2379 2505 erant
2407 2448 2781 2524 Jerosolymis,
2810 2456 3054 2509 miserunt
3094 2454 3164 2508 ad
3202 2454 3320 2509 illos
3354 2454 3453 2509 Pe-

1834 2557 1966 2599 trum
1994 2557 2041 2601 et
2069 2545 2345 2600 Joannem.
2378 2545 2489 2603 Cur
2519 2548 2846 2603 mittuntur?
2888 2548 2953 2605 Ut
2997 2549 3116 2604 illus
3148 2550 3383 2606 libercut
3423 2565 3454 2604 a

1834 2638 2039 2708 magia,
2085 2648 2143 2693 ut
2188 2638 2292 2693 illis
2339 2638 2644 2695 doctrinam
2693 2649 3162 2706 commemorent,
3214 2656 3377 2712 quam
3422 2657 3453 2696 a

1832 2733 2047 2788 Christo
2075 2732 2399 2790 didicerant.
2426 2734 2561 2789 Cum
2592 2743 2872 2804 oporteret
2901 2750 3033 2805 ergo
3058 2735 3208 2789 illum
3236 2744 3453 2790 contra-

1833 2826 1969 2881 rium
1999 2836 2220 2898 petere,
2252 2836 2308 2881 ut
2336 2827 2605 2898 acciperet
2634 2826 2894 2897 Spiritum
2922 2836 3168 2882 sanctum
3189 2869 3207 2895 ,
3240 2828 3285 2882 is
3321 2826 3452 2883 illttd

1832 2917 1967 2972 nihil
1994 2932 2219 2983 curans,
2254 2918 2389 2989 petit
2416 2927 2475 2973 ut
2503 2918 2626 2973 aliis
2652 2918 2786 2974 dare
2820 2919 2987 2988 possit
3018 2937 3034 2973 :
3065 2918 3167 2975 etsi
3201 2919 3301 2988 ipsi
3342 2935 3453 2973 non

1832 3011 1982 3067 illttm
2029 3012 2099 3067 ita
2139 3025 2455 3083 acceperant
2483 3055 2499 3081 ,
2542 3022 2603 3067 ut
2632 3012 2763 3068 dare
2803 3022 3044 3083 possent.
3089 3012 3197 3069 Sed
3238 3010 3455 3069 volebat

1832 3107 1921 3161 hic
1966 3106 2216 3176 Philippo
2255 3106 2454 3161 clarior
2481 3122 2624 3173 esse,
2656 3107 2745 3175 qui
2790 3107 2932 3161 inter
2970 3105 3262 3175 discipulos
3309 3114 3447 3162 erat.

1832 3198 2065 3253 Pecunia
2091 3209 2178 3253 tua
2206 3209 2367 3255 tecum
2388 3200 2450 3254 sit
2475 3201 2527 3253 in
2550 3201 2903 3271 perditionent.
2930 3198 3048 3255 Non
3078 3199 3448 3271 imprecantis,

1830 3291 1927 3346 sed
1958 3292 2282 3361 corrigentis
2314 3290 2429 3346 haec
2458 3301 2605 3346 sunt.
2636 3292 2771 3359 Quia
2797 3292 2944 3347 enim
2985 3292 3077 3347 illa
3121 3307 3229 3347 non
3270 3301 3324 3348 ut
3355 3307 3453 3363 par

1831 3393 1947 3439 erat
1990 3384 2266 3448 utebatur,
2302 3384 2421 3440 Tibi
2458 3385 2561 3450 sit,
2607 3384 2817 3456 inquit,
2861 3385 2951 3456 qui
2995 3385 3116 3440 talis
3154 3399 3244 3450 es;
3285 3400 3350 3440 ac
3404 3386 3447 3439 si

1830 3480 1952 3547 quis
1982 3478 2191 3533 diceret
2224 3497 2236 3533 :
2273 3477 2406 3534 Cmu
2439 3479 2720 3549 proposito
2752 3489 2843 3533 tuo
2885 3487 3111 3549 pereat,
3153 3478 3295 3550 quod
3342 3490 3448 3533 tam

1830 3569 2007 3624 viliter
2037 3572 2239 3625 sentias
2269 3570 2337 3626 de
2369 3571 2512 3626 dono
2546 3572 2661 3635 Dei,
2693 3571 2836 3641 quod
2866 3572 3128 3641 Sperabas
3156 3571 3449 3627 humanam

1830 3663 2053 3717 omnino
2108 3679 2224 3719 rem
2252 3678 2374 3718 esse
2409 3681 2421 3718 :
2457 3680 2567 3718 non
2602 3666 2673 3719 ita
2704 3681 2762 3719 se
2795 3664 2978 3720 habet.
3007 3663 3063 3720 Si
3087 3680 3216 3735 ergo
3257 3681 3449 3721 acces-

1830 3753 2029 3819 sissvt,
2058 3764 2117 3809 ut
2166 3755 2534 3810 accedendum
2586 3766 2729 3822 erat,
2785 3757 2977 3812 saltem
3027 3767 3279 3827 receptus
3320 3757 3449 3813 fuis-

1830 3845 1978 3913 set‘,
2027 3846 2217 3900 saltem
2266 3861 2371 3900 non
2422 3857 2476 3900 ut
2516 3849 2683 3916 pestis
2726 3847 2960 3917 rejectus
3003 3849 3211 3904 luisset.
3255 3850 3451 3906 Videu’

1829 3952 1986 4001 eum,
2012 3939 2100 4007 qui
2132 3952 2292 4008 parva
2324 3938 2393 3994 de
2423 3932 2633 4010 magnis
2660 3941 2844 4005 sentit,
2873 3941 3162 4012 dupliciter
3182 3944 3449 4015 peccare?

1833 4030 1947 4083 Duo
1978 4030 2140 4100 igitur
2169 4031 2243 4086 illi
2277 4031 2521 4101 praecipit
2554 4050 2568 4085 :
2608 4030 2967 4087 Pamitentiam
2994 4052 3119 4106 age,
3160 4046 3207 4089 et
3252 4054 3370 4101 ora,
3404 4038 3447 4091 si

1832 4122 1967 4193 forte
2004 4125 2293 4178 remittatur
2336 4126 2423 4179 tibi
2466 4127 2704 4197 cogitatio
2740 4128 2909 4183 cordis
2948 4129 3021 4182 tui
3051 4148 3068 4183 :
3100 4141 3203 4184 tam
3249 4131 3447 4185 malam

1829 4229 1943 4269 rem
1975 4216 2325 4287 cogitaverat.
2360 4218 2481 4272 Ideo
2502 4220 2605 4285 ait,
2634 4220 2695 4274 Si
2722 4222 2853 4289 forte
2874 4224 3157 4275 remittatur
3178 4224 3296 4286 tibi,
3321 4223 3446 4293 quia

1828 4309 2035 4365 sciebat
2063 4311 2483 4383 iucorrigibilem
2514 4329 2653 4369 esse.
2690 4317 2759 4370 At
2798 4316 2886 4371 illc
2932 4318 3107 4371 timuit
3143 4318 3445 4373 multitudi-

1831 4420 1984 4469 nem,
2029 4414 2085 4460 et
2125 4406 2313 4459 metuit
2354 4421 2573 4477 negare.
2608 4405 2769 4463 Certe
2801 4408 2903 4464 nisi
2948 4410 3194 4465 turbatus
3226 4411 3442 4477 fuiSsct,

1827 4498 2055 4554 dixisset
2085 4499 2300 4569 utique,
2331 4514 2391 4554 se
2419 4500 2711 4555 uescivisse
2733 4511 2788 4555 ct
2809 4501 3179 4572 imprudenter
3210 4503 3402 4559 iecisse
3429 4524 3441 4559 :

1826 4604 1882 4649 at
1913 4594 2004 4649 ille
2036 4595 2315 4663 perculsus
2345 4602 2447 4658 est,
2482 4610 2674 4661 primo,
2701 4595 2842 4665 quod
2870 4597 3039 4666 signis
3064 4607 3251 4667 captus
3276 4609 3439 4662 esset;

1827 4686 2087 4753 secundo,
2120 4686 2263 4757 quod
2296 4703 2415 4752 qum
2445 4688 2495 4740 in
2528 4699 2709 4742 tuente
2742 4692 3010 4754 versabat,
3044 4691 3325 4747 manifesta
3359 4710 3441 4749 cs-

1827 4790 1968 4836 sent.
2000 4780 2124 4835 Ideo
2157 4781 2341 4850 procul
2376 4791 2558 4849 postea
2589 4781 2757 4846 abiit,
2793 4798 2986 4853 nempe
3010 4784 3256 4853 Romam,
3289 4789 3443 4857 quasi

1827 4888 1935 4929 non
1964 4884 2222 4929 venturus
2251 4874 2343 4926 illo
2371 4884 2517 4929 esset
2543 4874 2839 4944 apostolus.
2878 4876 3086 4941 Multis,
3121 4878 3327 4948 inquit,
3359 4898 3437 4935 re-

1824 4966 2057 5037 gionibus
2081 4964 2524 5020 Samaritanorum
2547 4965 2983 5037 evangelicabant.
3012 4968 3147 5049 Vide
3171 4974 3445 5041 quomodo

1826 5061 1939 5130 ipsn
1971 5060 2158 5114 itinera
2189 5060 2297 5114 illis
2330 5060 2603 5131 negotium
2649 5060 2945 5117 allerebant
2986 5080 3000 5117 :
3040 5062 3134 5119 sed
3177 5081 3284 5119 non
3326 5067 3443 5121 sine

1824 5166 1985 5208 eausa
2017 5152 2119 5207 iter
2145 5153 2535 5223 suscipiebant.
2568 5153 2726 5210 Tales
2760 5172 2858 5211 nos
2886 5158 3235 5228 migrationcs
3265 5159 3443 5216 facere

1824 5254 2119 5315 oporteret.
2152 5244 2221 5299 Et
2247 5245 2375 5317 quid
2407 5246 2530 5301 diro
2557 5248 2949 5319 migrationes?
2977 5250 3127 5306 Multi
3158 5256 3307 5308 vicos
3340 5253 3407 5307 ha

1826 5338 1951 5390 beat
1980 5346 2033 5391 et
2060 5352 2241 5409 agros,
2272 5348 2327 5393 et
2356 5354 2461 5393 non
2516 5340 2604 5394 illa
2635 5349 2862 5407 curant;
2893 5342 2987 5395 sed
3016 5344 3289 5412 quomodo
3324 5344 3437 5400 bal-

1828 5444 1985 5485 neum
2028 5431 2115 5485 ﬁat
2140 5473 2153 5497 ,
2187 5441 2240 5485 et
2282 5434 2449 5502 pretia
2491 5445 2773 5500 crescant,
2817 5446 2875 5490 ut
2904 5437 3039 5489 aula:
3080 5444 3131 5491 et
3168 5438 3439 5494 domicilia

1822 5532 2226 5591 construantur,
2270 5526 2502 5580 multam
2549 5526 2751 5583 habent
2796 5530 3257 5597 sollicitudinem;
3300 5547 3437 5602 quo-

1824 5617 1986 5672 modo
2013 5628 2189 5672 autem
2220 5618 2415 5674 animtc
2443 5621 2781 5686 excolantur,
2813 5639 2921 5676 non
2950 5624 3099 5677 item.
3133 5624 3196 5678 Et
3230 5633 3283 5678 tu
3314 5624 3437 5695 qui<

1821 5712 1944 5765 dem
1968 5752 1981 5775 ,
2011 5711 2055 5765 si
2086 5712 2269 5780 spinas
2307 5712 2358 5767 in
2387 5727 2517 5783 agro
2543 5713 2757 5778 videas,
2792 5729 2975 5781 secas,
3014 5716 3147 5783 uris,
3178 5715 3432 5785 destruis,

1889 5827 1902 5857 ι
1933 5824 2081 5874 Juxta
2107 5824 2231 5875 alios
2252 5826 2522 5888 legendum
2544 5863 2559 5887 ,
2580 5827 2624 5878 si
2646 5827 2775 5878 enim
2798 5829 2848 5878 in
2872 5827 3021 5879 corde
3047 5836 3179 5879 recto
3200 5829 3423 5881 tte-cessis

1827 5897 1914 5946 set,
1943 5891 2121 5939 saltem
2156 5890 2328 5940 bonum
2352 5889 2504 5953 ipsius
2539 5891 2828 5942 voluntate»:
2862 5891 3129 5956 excepisset
3150 5894 3415 5957 apostolus.
