4094 6482
609 396 715 453 ιιι

614 523 672 565 ιιι
699 522 891 566 terram
921 504 991 561 ab
1016 505 1117 559 hac
1140 501 1373 572 pernicie
1396 498 1593 553 liberes
1621 512 1635 547 :
1670 493 1758 549 ubi
1787 501 1962 546 autem
1990 486 2195 559 agrico-

615 604 693 656 las
722 599 869 654 vides
892 597 1064 666 spinis
1092 595 1299 664 plenos,
1324 606 1425 647 nec
1454 599 1697 648 resccas;
1740 598 1844 636 non
1890 581 2045 634 times
2065 619 2081 643 ,
2110 576 2199 630 die

616 690 744 746 mihi
765 733 781 757 ,
811 704 910 744 nec
938 684 1277 742 exhorrescis
1299 724 1314 747 ,
1347 682 1492 734 illum
1529 677 1769 747 cogitans
1806 672 1895 743 qui
1935 669 2197 723 rationem

616 792 907 839 exacturus
931 778 1051 833 est?
1086 790 1263 830 annon
1302 778 1573 841 oporteret
1610 766 1845 836 singulos
1884 760 2069 816 fideles
2104 772 2198 813 ec-

614 874 832 931 clesiam
848 878 1181 934 construere,
1198 867 1469 922 doctorem
1495 862 1694 915 habere
1709 858 1774 913 ad
1795 848 2201 911 conferendum?

615 975 742 1021 ante
778 964 960 1018 Omnia
1011 960 1137 1015 illud
1181 959 1231 1012 in
1275 970 1440 1025 scopo
1486 952 1717 1014 habere,
1769 956 1825 1002 ut
1864 958 2054 1001 omnes
2095 941 2203 994 sint

614 1055 947 1116 Christiani?
972 1048 1271 1120 Quomodo,
1302 1060 1507 1118 qua-so,
1552 1040 1886 1098 Christianus
1914 1035 2017 1091 erit
2057 1033 2200 1102 agri-

616 1156 765 1220 eola,
791 1166 912 1207 cum
942 1161 994 1205 te
1024 1145 1199 1200 videat
1226 1142 1306 1197 sic
1336 1149 1479 1194 tuam
1507 1137 1776 1205 negligere
1801 1126 2065 1185 salutem?
2086 1124 2201 1180 Non

619 1259 769 1317 pales
797 1243 971 1297 facere
1000 1240 1174 1309 signa,
1212 1243 1269 1291 et
1302 1234 1380 1289 sic
1411 1225 1767 1301 persuadere?
1804 1222 2008 1291 Quibus
2053 1226 2204 1317 potes

618 1312 881 1409 persuade
910 1377 925 1400 ,
982 1329 1352 1392 humanitate,
1406 1320 1724 1396 patrocinio,
1774 1312 2200 1377 mansuetudine,

619 1427 911 1491 blanditiis,
942 1424 1165 1493 aliisque
1193 1417 1460 1477 omnibus.

690 1519 933 1574 Ecclesia:
969 1517 1021 1570 in
1058 1514 1212 1568 villis.
1241 1540 1313 1552 ——-
1340 1510 1473 1564 Fara
1501 1505 1717 1578 quidem
1748 1512 1801 1559 et
1829 1500 2019 1557 balnea
2049 1496 2202 1553 multi

619 1612 838 1674 faciunt,
866 1607 1120 1665 ecclesias
1151 1619 1278 1659 vero
1317 1601 1536 1657 minime
1560 1616 1575 1665 ;
1602 1597 1781 1653 omnia
1816 1595 2012 1664 potius,
2043 1605 2204 1662 quam

620 1704 743 1759 hoc.
771 1700 894 1756 Ideo
918 1699 1180 1753 admoneo
1205 1704 1260 1750 et
1282 1692 1545 1763 supplico,
1572 1690 1905 1760 gratiamque
1929 1693 2072 1755 peto,
2099 1683 2208 1737 imo

620 1795 791 1867 legem
819 1806 960 1863 pono
983 1832 999 1855 ,
1031 1799 1090 1844 ut
1114 1802 1274 1844 nemo
1302 1787 1475 1841 villam
1509 1784 1701 1838 habeat
1727 1780 1955 1838 ecclesia
1985 1793 2091 1833 non
2122 1776 2205 1830 iu-

621 1896 900 1945 structam.
929 1883 1007 1939 Ne
1037 1882 1165 1937 mihi
1194 1880 1412 1943 dixeris,
1446 1879 1617 1947 Pr0pe
1645 1884 1749 1939 est,
1781 1875 1836 1929 in
1866 1872 2058 1927 vicinia
2082 1879 2164 1925 est
2190 1886 2204 1923 :

620 1980 785 2035 multa
813 1986 897 2033 est
925 1977 1187 2045 impensa,
1216 1972 1457 2027 modicus
1486 1977 1794 2041 proventus.
1816 1964 2019 2036 Siquid
2044 1962 2209 2018 habes

622 2068 948 2139 erogandum
997 2065 1354 2138 pauperibus,
1396 2063 1496 2118 hac
1537 2063 1589 2117 in
1634 2077 1691 2117 re
1731 2062 1941 2116 insume
1970 2075 1985 2113 :
2019 2057 2211 2112 melius

625 2165 753 2226 illic,
782 2177 939 2233 quam
973 2161 1059 2215 hic
1090 2178 1105 2214 :
1135 2160 1219 2215 ale
1250 2159 1549 2221 doctorem,
1579 2156 1663 2209 ale
1700 2155 2006 2219 diaconum,
2037 2161 2091 2207 et
2118 2167 2211 2207 sa.

622 2252 954 2309 eerdotalem
983 2258 1204 2305 rnatum.
1235 2256 1315 2305 Ae
1341 2250 1385 2303 si
1416 2263 1635 2302 uxorem
1666 2246 1747 2301 vel
1777 2260 2029 2315 sponsam
2051 2243 2214 2299 duce-

625 2360 734 2411 res,
757 2359 820 2398 ac
844 2342 889 2396 si
917 2342 1079 2396 filiam
1110 2342 1336 2403 locarea,
1360 2340 1440 2394 sic
1464 2348 1582 2393 esto
1610 2351 1733 2407 erga
1764 2335 2057 2391 Ecclesiam
2084 2333 2215 2389 affe-

624 2448 744 2494 ctus
773 2454 786 2491 :
813 2436 994 2491 dotem
1038 2434 1139 2503 ipsi
1172 2433 1383 2503 largire.
1414 2432 1504 2485 Sic
1547 2431 1639 2485 tibi
1678 2430 1801 2484 villa
1841 2428 2213 2483 benedictione

632 2528 943 2599 replebitur.
986 2524 1125 2591 Quid
1165 2523 1289 2578 boni
1334 2538 1441 2578 non
1482 2522 1590 2577 illic
1626 2521 1769 2577 erit?
1806 2534 2064 2590 parumne
2089 2529 2209 2583 est,

627 2634 810 2690 quaso
832 2659 847 2682 ,
882 2615 1116 2672 torcular
1152 2614 1439 2669 benedici?
1470 2628 1729 2683 parumne
1756 2621 1838 2667 est
1870 2612 2033 2666 Deum
2065 2610 2214 2679 prius

627 2728 695 2768 ex
735 2710 982 2767 omnibus
1016 2709 1272 2763 fructibus
1316 2707 1420 2763 tuis
1458 2716 1659 2761 sortem
1696 2713 1752 2759 ct
1788 2704 2047 2774 primitias
2074 2702 2211 2758 accic

629 2804 800 2873 pere?
822 2801 902 2855 Ad
930 2816 1114 2868 pacem
1140 2798 1492 2868 agricolarum
1523 2797 1625 2851 hoc
1646 2796 1773 2849 utile
1800 2805 1902 2850 est.
1930 2794 2217 2850 Venerabi-

628 2893 697 2947 lis
713 2891 816 2948 erit
837 2898 1018 2961 postea
1043 2891 1340 2961 presbyter,
1366 2888 1602 2958 illudque
1623 2888 1687 2942 ad
1710 2888 1848 2941 villa:
1871 2888 2212 2942 securitatem

630 2985 913 3041 conducet.
935 2983 1219 3038 Orationes
1242 2983 1349 3036 illic
1370 2991 1639 3051 perpetua:
1661 2998 1759 3051 pro
1781 2989 1831 3035 te
1856 2981 2004 3045 ﬁent,
2032 2980 2214 3050 hymni

630 3086 686 3129 et
704 3088 934 3145 synaxes
956 3082 1173 3143 propter
1195 3081 1265 3136 te,
1285 3072 1480 3126 oblatio
1503 3071 1725 3141 singulis
1749 3070 2058 3124 Dominicis.
2079 3069 2217 3135 Quid

632 3168 803 3238 magis
831 3164 1201 3220 admirandum
1228 3174 1346 3228 est,
1374 3164 1516 3232 quod
1546 3165 1633 3217 alii
1671 3163 1945 3233 splendida
1977 3162 2218 3231 sepulcra

630 3265 943 3322 exstruant,
973 3266 1030 3310 ut
1070 3257 1266 3326 posteri
1296 3255 1549 3320 audiant,
1583 3256 1727 3309 illum
1759 3256 1914 3309 talem
1949 3255 2062 3309 hmo
2089 3270 2219 3308 con-

632 3351 930 3413 struxisse;
972 3364 1040 3401 an
1078 3347 1221 3418 quod
1263 3357 1317 3401 tu
1358 3348 1616 3403 ecclesias
1652 3348 2009 3403 excitaveris?
2035 3348 2217 3420 Cogita

634 3451 688 3496 te
718 3455 885 3510 usque
914 3438 980 3493 ad
1008 3437 1205 3493 ChriSti
1243 3438 1531 3493 adventum
1574 3440 1875 3495 mercedem
1916 3440 2218 3495 habiturum

632 3548 775 3599 esse,
807 3531 851 3585 si
881 3532 1049 3586 altare
1079 3529 1175 3586 Dei
1206 3532 1542 3586 excitaveris.

703 3625 758 3680 5.
802 3625 896 3679 Die
932 3624 1076 3678 enim
1122 3622 1249 3677 mihi
1275 3664 1290 3689 ,
1319 3623 1363 3676 si
1405 3622 1700 3692 Imperator
1741 3623 1833 3679 tibi
1881 3624 2223 3695 praecepisset

632 3717 849 3773 domum
876 3726 1187 3782 exstruere,
1220 3727 1277 3769 ut
1304 3714 1394 3769 illo
1425 3713 1804 3781 diversaretur,
1839 3732 2016 3772 nonne
2042 3718 2221 3772 omnia

634 3812 921 3866 moveres?
961 3810 1029 3863 At
1072 3820 1212 3863 nunc
1253 3808 1394 3878 regia
1438 3817 1522 3863 est
1560 3807 1757 3863 Christi
1798 3809 2024 3864 ecclesia
2063 3825 2224 3878 quam

634 3902 888 3957 aedificas.
921 3900 997 3955 Ne
1026 3909 1296 3969 sumptum
1324 3908 1570 3969 spectes,
1608 3900 1701 3955 sed
1732 3900 1961 3956 fructum
1989 3910 2176 3971 reputa
2205 3919 2220 3957 :

638 3996 711 4049 illi
737 3994 919 4048 colunt
948 4002 1165 4057 terram,
1191 4001 1245 4047 tu
1271 3992 1389 4047 cole
1415 3991 1627 4047 illorum
1649 3994 1892 4060 animas;
1918 3993 1991 4048 illi
2019 3993 2223 4049 fruetus

638 4085 730 4139 tibi
756 4085 1005 4149 afferunt,
1037 4093 1089 4137 tu
1118 4083 1237 4139 illos
1268 4082 1406 4137 infer
1436 4084 1488 4137 in
1516 4083 1728 4137 caelum.
1759 4083 1857 4151 Qui
1888 4085 2093 4138 initium
2122 4086 2220 4141 de~

637 4178 749 4242 dit,
776 4178 821 4233 is
848 4177 1074 4231 aliorum
1114 4176 1352 4231 onmium
1386 4191 1545 4232 causa
1572 4186 1674 4233 est.
1708 4175 1849 4249 Ergo
1873 4189 1927 4233 et
1957 4187 2010 4233 tu
2040 4188 2225 4235 auctor

639 4268 780 4330 eris,
807 4267 949 4337 quod
977 4266 1347 4322 catechumeni
1391 4268 1499 4321 sint
1541 4267 1595 4321 in
1639 4269 1825 4323 vicinis
1867 4269 2028 4325 villis.
2069 4269 2225 4325 Certe

642 4357 830 4410 balnea
863 4358 1133 4410 molliores
1163 4357 1387 4411 reddunt
1424 4359 1705 4427 agricolas,
1736 4374 1994 4429 caupona:
2022 4360 2225 4417 delica-

640 4450 805 4503 tiores
833 4465 845 4499 :
875 4457 928 4501 et
960 4459 1134 4500 tamen
1166 4448 1277 4502 hazc
1308 4450 1577 4519 apparatis
1604 4460 1820 4520 propter
1847 4452 2091 4522 gloriam.
2122 4454 2227 4509 Fo—

642 4558 757 4596 rum
788 4551 841 4595 et
868 4541 1207 4595 celebritates
1238 4541 1355 4595 illos
1386 4541 1615 4596 reddunt
1655 4543 2038 4613 petulantiores
2068 4565 2079 4601 :
2114 4548 2226 4603 hate

640 4640 818 4687 autem
847 4632 1065 4685 omnino
1091 4647 1265 4686 secus.
1298 4634 1503 4698 Quanta
1533 4635 1675 4687 enim
1708 4651 1793 4689 res
1822 4635 2015 4704 fuerit,
2048 4638 2228 4694 videre

645 4722 1012 4791 presbyterum
1041 4721 1107 4776 ad
1139 4725 1439 4791 exemplum
1473 4724 1701 4779 Abraltm
1733 4726 2065 4781 incedentem
2090 4768 2105 4791 ,
2136 4744 2225 4783 ca-

646 4829 771 4867 num
792 4853 807 4875 ,
841 4814 1137 4867 accinctum
1160 4855 1175 4877 ,
1208 4813 1528 4877 fodientem,
1558 4818 1910 4885 operantem?
1937 4818 2071 4885 Quid
2101 4834 2230 4890 agro

646 4904 737 4959 illo
760 4902 1206 4959 desiderabilius?
1234 4907 1328 4959 llic
1354 4907 1525 4977 major
1546 4917 1627 4961 est
1653 4908 1838 4963 virtus.
1869 4908 1982 4963 Non
2014 4921 2097 4965 est
2124 4912 2231 4968 illic

646 4994 884 5060 lascivia,
913 4995 1007 5050 sed
1036 4996 1220 5050 abacta
1246 5006 1327 5051 est
1350 5013 1365 5061 ;
1397 5012 1503 5051 non
1526 4997 1755 5052 ebrietas
1776 5009 1830 5054 et
1852 5000 2112 5071 voluptas,
2135 5004 2227 5058 scd

642 5088 916 5143 eliminata
959 5097 1075 5153 est;
1121 5104 1225 5143 non
1263 5104 1395 5143 vana
1438 5089 1638 5159 gloria,
1676 5090 1770 5145 sed
1810 5093 2069 5147 exstincta
2101 5103 2227 5150 est:

647 5178 1020 5233 benevolentia
1050 5179 1168 5249 plus
1202 5180 1313 5239 illic
1354 5180 1517 5250 fulget
1557 5191 1773 5251 propter
1814 5182 2225 5253 simplicitatem.

644 5268 827 5336 Qualis
856 5285 942 5325 res
972 5278 1057 5325 est
1084 5270 1229 5325 abire
1258 5281 1311 5326 et
1343 5271 1545 5341 ingredi
1586 5272 1639 5326 in
1670 5272 1885 5327 domum
1920 5276 2045 5341 Dei,
2076 5285 2129 5332 et
2156 5276 2233 5330 vi-

647 5361 799 5427 dere,
826 5364 965 5432 quod
998 5364 1113 5434 ipse
1145 5364 1289 5417 illam
1317 5367 1665 5434 cxstruxerit,
1698 5367 2036 5440 seipsumque
2068 5371 2231 5441 proji-

646 5468 771 5509 core
810 5455 1055 5523 supinum
1076 5499 1092 5523 ,
1128 5454 1188 5531 ¹[
1218 5468 1271 5512 et
1304 5469 1419 5525 post
1461 5458 1607 5513 illam
1656 5475 1969 5529 corpoream
1998 5465 2231 5533 quietem

650 5547 923 5601 nocturnis
946 5557 999 5601 et
1024 5550 1291 5603 matutinis
1320 5549 1528 5619 hymnis
1554 5551 1788 5625 adesse,]
1816 5558 2230 5611 commensalem

715 5682 732 5712 ¹
760 5681 934 5754 [anno
955 5682 1134 5732 Codice
1157 5682 1358 5754 legitur,
1386 5686 1431 5734 et
1462 5694 1564 5747 post
1588 5700 1760 5754 nonam
1783 5688 1968 5754 horum,
1995 5705 2227 5754 corpora—

649 5740 923 5816 lemfibtnn
942 5757 1151 5801 sumere,
1176 5740 1487 5816 εἶηοςὶιρηιιζς
1507 5751 1847 5816 matutinisque
1870 5740 2062 5816 hymnis
2082 5740 2225 5806 edes-

650 5814 725 5864 se,
756 5805 860 5855 loco
888 5818 1057 5856 eortun
1080 5819 1190 5870 qua
1215 5810 1409 5859 uncinis
1429 5811 1703 5861 clausimus.

1405 385 1465 443 S.
1502 380 1781 441 JOANNIS
1817 367 2286 437 CHRYSOSTOMI
2328 370 2643 428 ARCHIEP.
2683 369 3220 428 CONSTANTINOP.

3802 367 3904 427 N8

2312 484 2510 539 trahere
2558 482 2891 539 sacerdotem
2939 491 2995 538 et
3040 482 3429 552 colloquentem
3456 517 3473 540 ,
3527 475 3903 532 benedictione

2308 577 2439 641 frui,
2483 577 2619 631 alios
2659 576 2842 631 videre
2883 577 3019 629 istuc
3059 572 3369 629 venientes?
3409 570 3504 626 llic
3543 584 3729 623 murus
3753 612 3769 632 ,
3808 575 3907 621 hoc

2305 665 2612 739 prmidium
2639 666 2750 737 agri
2780 675 2886 721 est.
2912 666 3008 720 Hie
3032 676 3117 721 est
3139 680 3267 735 ager
3284 665 3350 717 de
3374 678 3481 732 quo
3502 662 3697 717 dicitur
3721 679 3734 713 :
3762 660 3908 713 Odor

2305 760 2415 830 agri
2446 758 2604 829 pleni,
2634 759 2716 812 cui
2746 759 2999 814 benedixit
3032 756 3283 811 Dominus
3309 756 3461 829 (Gen.
3487 754 3575 808 27.
3604 754 3722 822 27).
3751 751 3907 820 Quod

2307 850 2353 904 si
2378 850 2580 919 absque
2610 851 2713 905 hoc
2739 849 2877 905 bona
2903 849 3026 903 villa
3050 857 3136 904 est
3159 859 3377 918 propter
3397 849 3656 917 quietem,
3684 854 3911 914 propter

2307 940 2401 995 otii
2427 939 2806 995 abundantiam
2830 956 2845 993 :
2867 939 2914 994 si
2934 949 2989 995 ct
3013 939 3117 994 hoc
3137 938 3445 999 accesserit,
3467 938 3550 991 cui
3576 936 3652 991 rei
3676 951 3772 1005 par
3800 949 3910 987 non

2309 1032 2455 1087 erit?
2487 1032 2619 1087 Villa
2648 1034 2791 1088 enim
2830 1048 2950 1104 qua
2988 1032 3269 1088 ecclesiam
3302 1032 3461 1085 habet
3485 1072 3498 1092 .
3529 1030 3781 1100 paradiso
3814 1029 3910 1084 Dei

2310 1125 2500 1180 similis
2528 1134 2629 1180 est.
2668 1126 2785 1181 Non
2811 1135 2891 1181 est
2933 1126 3040 1180 illic
3070 1125 3307 1189 clamor,
3336 1139 3442 1178 non
3476 1124 3733 1176 tumultus
3753 1162 3769 1187 ,
3801 1137 3911 1176 non

2312 1217 2441 1271 varii
2470 1217 2687 1283 inimici,
2720 1233 2825 1272 non
2854 1218 3088 1274 hmreses
3112 1236 3127 1272 :
3150 1232 3339 1272 omnes
3367 1216 3547 1270 videre
3572 1226 3656 1270 est
3682 1216 3913 1280 amicos,

2309 1309 2621 1363 earumdem
2644 1317 2924 1363 consortes
2948 1308 3278 1379 dogmatum.
3310 1308 3387 1362 Te
3417 1307 3484 1362 ad
3516 1306 3916 1377 philosophiam

2310 1400 2463 1470 quies
2501 1400 2715 1455 adducit
2743 1419 2756 1455 :
2781 1401 2851 1455 ab
2880 1400 2981 1455 hac
3020 1400 3354 1471 philosOphia
3384 1408 3435 1454 te
3460 1413 3742 1453 assumens
3783 1413 3916 1467 pre-

2310 1494 2515 1565 sbyter,
2544 1492 2698 1549 facile
2721 1494 2951 1550 curabit.
2987 1494 3087 1549 llic
3113 1494 3255 1548 enim
3282 1535 3298 1560 ,
3329 1507 3681 1563 qua-cumque
3707 1491 3915 1546 dixeri-

2314 1602 2453 1649 mus,
2484 1586 2657 1642 forum
2679 1587 2881 1642 excutit
2905 1602 2923 1641 :
2945 1586 3054 1641 illic
3080 1602 3206 1641 vero
3226 1602 3345 1657 quae
3372 1585 3628 1649 audieris,
3656 1582 3831 1639 defixa
3861 1584 3915 1640 in

2315 1689 2495 1735 mente
2525 1679 2765 1735 habebis.
2808 1680 2961 1736 Alius
2987 1681 3041 1734 in
3067 1695 3199 1751 agro
3225 1680 3332 1735 eris
3376 1695 3471 1749 per
3509 1679 3656 1733 illum
3686 1696 3700 1732 :
3725 1686 3781 1732 et
3811 1677 3918 1733 illis

2316 1772 2430 1841 ipse
2466 1772 2717 1841 praeerit,
2746 1779 2930 1827 custos
2962 1772 3065 1826 erit
3102 1781 3210 1826 tum
3239 1770 3380 1842 quod
3413 1787 3651 1841 pra-scus
3682 1772 3775 1837 sit,
3802 1781 3914 1822 tum

2313 1862 2455 1932 quod
2484 1862 2605 1918 illos
2631 1872 2941 1932 componat.
2973 1864 3185 1929 Quanta
3211 1874 3295 1919 est
3318 1878 3555 1934 expensa
3576 1905 3591 1928 ,
3619 1863 3705 1917 die
3742 1862 3872 1916 mihi
3894 1863 3919 1915 ἲ

2316 1955 2421 2011 Fac
2452 1955 2664 2010 interim
2693 1970 2911 2027 parvam
2941 1955 3159 2011 domum
3202 1971 3299 2025 pro
3335 1955 3571 2024 templo;
3598 1954 3686 2023 qui
3716 1964 3839 2025 post
3867 1964 3919 2009 te

2315 2050 2510 2115 veniet,
2542 2048 2700 2105 faciet
2731 2050 2991 2120 porticum
3018 2065 3034 2114 ;
3063 2064 3294 2119 sequens
3314 2048 3457 2103 aliud
3478 2048 3736 2118 adjiciet:
3764 2056 3819 2100 et
3840 2047 3920 2101 sic

2318 2142 2415 2198 tibi
2460 2152 2629 2197 totum
2674 2142 3042 2212 imputabitur.
3073 2142 3153 2197 Tu
3192 2141 3291 2196 das
3331 2156 3519 2211 parum
3546 2183 3559 2205 .
3589 2153 3642 2194 et
3672 2140 3919 2195 omnium

2319 2234 2623 2291 mercedem
2652 2234 2868 2304 recipis.
2892 2233 3034 2304 Ergo
3058 2234 3267 2287 ittitium
3297 2234 3477 2297 t.:cito,
3507 2232 3919 2287 fundamentum

2319 2343 2488 2400 pone;
2509 2328 2616 2382 imo
2636 2342 2732 2381 vos
2753 2335 2939 2381 mutuo
2961 2325 3248 2380 hortamini
3268 2342 3284 2392 ;
3310 2325 3410 2379 hac
3431 2325 3482 2379 in
3509 2339 3566 2379 re
3585 2332 3918 2379 concertate.

2317 2419 2469 2473 Nunc
2494 2426 2673 2473 autem
2701 2417 2790 2472 ubi
2821 2418 2971 2487 palea
2992 2457 3008 2481 ,
3041 2416 3369 2472 frumentum
3411 2427 3466 2471 et
3505 2416 3684 2469 omnia
3723 2412 3920 2470 similia

2317 2509 2625 2580 reponenda
2650 2517 2795 2571 sunt,
2822 2508 2978 2564 facile
3001 2507 3271 2563 aedificant
3300 2524 3314 2561 :
3346 2507 3432 2561 ubi
3461 2523 3588 2562 vero
3616 2505 3920 2565 animarum

2320 2599 2525 2656 fructus
2567 2599 2853 2670 colligendi
2892 2608 3054 2667 sunt,
3088 2598 3219 2653 nihil
3258 2607 3483 2662 curant;
3519 2596 3614 2651 sed
3655 2606 3925 2666 coguntur

2322 2691 2467 2747 mille
2496 2693 2666 2747 stadia
2695 2692 2927 2756 emetiri,
2953 2700 3010 2747 et
3049 2705 3268 2761 magnas
3306 2690 3769 2759 peregrinationes
3807 2704 3924 2743 sus-

2321 2783 2535 2853 cipere,
2567 2791 2625 2838 ut
2666 2782 2717 2837 in
2748 2783 3030 2839 ecclesiam
3070 2783 3284 2837 abeant.
3316 2782 3581 2849 Quantum
3609 2792 3791 2836 autem
3825 2781 3925 2836 bo-

2323 2890 2447 2927 num
2475 2883 2592 2937 est,
2617 2889 2738 2928 cum
2765 2889 2952 2944 magna
2978 2874 3159 2943 quiete
3186 2874 3523 2929 sacerdotem
3554 2874 3604 2926 in
3634 2873 3925 2929 ecclesiam

2323 2965 2608 3029 vcnire,ut
2628 2964 2847 3021 accedat
2868 2964 2937 3019 ad
2967 2965 3155 3031 Deum,
3178 2976 3233 3020 et
3254 2966 3495 3036 quotidie
3515 2974 3631 3020 oret
3659 2979 3757 3035 pro
3784 2969 3924 3031 vico,

2326 3074 2421 3126 pro
2451 3057 2656 3128 pratdio
2675 3058 2688 3110 l
2708 3059 2975 3113 Parumne
3000 3068 3115 3124 est,
3148 3058 3357 3125 dic,oro
3376 3098 3391 3121 ,
3421 3058 3473 3112 in
3502 3059 3671 3113 saetis
3695 3059 3929 3113 ohlatio~

2326 3152 2482 3206 nibus
2502 3166 2716 3221 semper
2742 3165 2941 3206 nomen
2968 3160 3113 3206 tuum
3141 3149 3332 3208 referri
3356 3150 3452 3224 (ιι),
3484 3160 3538 3207 ct
3562 3150 3806 3224 quotidie
3828 3166 3931 3224 pro

2326 3244 2444 3298 villa
2477 3258 2664 3314 preces
2687 3243 2753 3297 ad
2784 3244 2951 3299 Deum
2978 3243 3195 3299 emitti?
3224 3256 3483 3316 quantum
3518 3247 3610 3302 tibi
3638 3257 3690 3303 et
3720 3247 3787 3302 ad
3820 3249 3931 3303 alia

2326 3332 2429 3387 hoc
2456 3334 2715 3402 prodest?
2742 3332 3019 3405 Contingit
3045 3336 3304 3405 quosdam
3336 3352 3367 3392 e
3397 3338 3573 3392 vicino
3605 3337 3851 3394 habitare
3874 3349 3933 3394 et

2324 3435 2598 3480 curatores
2620 3425 2822 3482 habere
2846 3443 2860 3479 :
2885 3426 2951 3481 ad
2979 3436 3029 3482 te
3055 3428 3215 3498 igitur
3242 3444 3529 3499 pauperem
3558 3445 3717 3485 nemo
3737 3446 3932 3485 eorunt

2326 3519 2513 3574 venire
2532 3518 2858 3588 dignabitur,
2888 3519 2982 3574 sed
3015 3520 3389 3591 presbyterum
3417 3521 3555 3577 forte
3585 3522 3853 3588 invitabit,
3876 3531 3935 3578 et

2328 3626 2525 3665 mensae
2549 3621 2854 3667 consortem
2879 3610 3057 3667 faciet.
3085 3612 3244 3667 Vides
3266 3624 3463 3683 quanta
3487 3615 3613 3670 hinc
3636 3616 3775 3670 bona
3800 3631 3936 3671 eve-

2330 3700 2510 3755 nient?
2544 3700 2675 3755 Villa
2708 3700 2922 3757 interim
2950 3702 3055 3757 erit
3088 3703 3157 3757 ab
3190 3705 3335 3759 omni
3373 3706 3682 3774 suspicione
3710 3707 3881 3761 libera
3917 3725 3932 3762 :

2330 3806 2489 3846 nemo
2516 3790 2827 3857 homicidii,
2857 3809 3018 3848 nemo
3058 3794 3185 3848 furti
3222 3797 3530 3861 accusabit,
3564 3813 3723 3851 nemo
3751 3798 3937 3853 simile

2329 3882 2601 3953 quidpiam
2646 3882 3026 3953 suspicabitur.
3072 3885 3283 3941 Habent
3315 3895 3371 3941 et
3406 3886 3567 3941 aliam
3596 3890 3935 3943 consolatio-

2331 3992 2452 4031 nem
2479 4016 2495 4040 ,
2526 3976 2641 4031 sive
2670 3975 2891 4031 morbus
2917 3978 3030 4032 sive
3055 3992 3204 4032 mors
3237 3978 3465 4033 accidat.
3497 3980 3611 4035 Non
3638 3990 3938 4050 utcumque

2330 4084 2430 4125 nec
2461 4082 2677 4137 quoquo
2718 4066 2879 4122 modo
2914 4068 3165 4123 amicitia:
3212 4069 3350 4124 istuc
3394 4081 3581 4125 mutuo
3618 4072 3937 4127 coeuntium

2326 4160 2658 4229 junguntur;
2691 4169 2866 4215 cretus
2891 4174 3019 4215 vero
3043 4169 3202 4215 erunt
3227 4161 3397 4217 multo
3426 4177 3586 4231 quam
3620 4163 3672 4215 in
3703 4162 3937 4217 celebri-

2334 4250 2529 4303 tatibus
2556 4250 2853 4305 suaviores.
2878 4250 2993 4305 Non
3022 4251 3183 4307 modo
3207 4262 3387 4307 autem
3411 4262 3604 4321 cmtus,
3633 4254 3725 4311 sed
3749 4265 3802 4310 et
3832 4256 3937 4319 illi,

2331 4343 2420 4412 qui
2449 4342 2738 4412 praesident
2765 4384 2781 4409 ,
2811 4344 2882 4398 oh
2909 4346 3279 4417 presbyterum
3306 4348 3724 4403 venerabiliores
3749 4357 3937 4403 erunt.

2335 4436 2503 4489 Audis
2543 4436 2727 4505 utique
2766 4436 3155 4506 Jerosolymam
3197 4439 3325 4493 olim
3365 4439 3487 4495 aliis
3529 4441 3749 4495 urbibus
3790 4441 3938 4510 apud

2334 4540 2543 4585 veteres
2566 4529 2963 4586 honoratiorem
2986 4530 3180 4597 fuisse;
3207 4546 3307 4587 nec
3328 4531 3445 4586 sine
3464 4547 3645 4599 causa,
3669 4532 3764 4587 sed
3786 4537 3938 4601 quod

2335 4621 2406 4676 ibi
2459 4630 2587 4676 tunc
2630 4622 2799 4691 pietas
2847 4620 3135 4677 obtineret.
3184 4622 3450 4687 Quoniam
3500 4623 3590 4677 ubi
3640 4625 3942 4679 honoratur

2336 4712 2515 4776 Deus,
2559 4712 2628 4767 ibi
2673 4712 2803 4767 nihil
2847 4714 2972 4767 mali
3012 4723 3131 4778 est;
3164 4714 3253 4768 ubi
3286 4729 3391 4767 non
3435 4714 3765 4780 honoratur,
3802 4714 3940 4771 nihil

2337 4805 2481 4859 boni.
2506 4803 2665 4859 Multa
2687 4806 2948 4860 securitas
2973 4807 3077 4861 erit
3100 4808 3261 4861 etiam
3284 4817 3337 4862 et
3362 4808 3499 4878 apud
3531 4809 3695 4863 Deum
3716 4819 3771 4865 et
3791 4812 3939 4879 apud

2338 4897 2603 4953 homines.
2641 4898 2815 4954 Etiam
2857 4915 3009 4971 rogo,
3038 4915 3142 4953 non
3172 4900 3381 4970 ignave,
3416 4902 3509 4957 sed
3540 4903 3787 4958 alacriter
3820 4919 3942 4959 rem

2337 4992 2613 5060 suscipite.
2643 4992 2774 5048 Nam
2826 4994 2870 5048 si
2915 4994 3003 5062 qui
3033 4994 3213 5049 educit
3242 4996 3533 5065 pretiosum
3564 5013 3593 5051 a
3624 4997 3748 5062 vili,
3775 4999 3940 5065 quasi

2338 5099 2399 5138 os
2429 5085 2517 5139 Dei
2550 5086 2651 5139 erit
2677 5084 2814 5156 (λετ.
2844 5086 2931 5140 15.
2964 5086 3051 5155 19)
3075 5103 3089 5152 ;
3113 5087 3202 5156 qui
3233 5097 3309 5142 tot
3333 5088 3635 5154 animabus,
3662 5099 3767 5142 tatn
3799 5104 3941 5155 pnn-

2338 5176 2579 5232 scntibus
2623 5192 2785 5247 quam
2834 5176 3026 5233 futuris
3069 5193 3237 5248 usque
3284 5179 3350 5233 ad
3399 5181 3687 5234 adventum
3732 5180 3943 5235 Christi

2339 5268 2575 5337 prodest,
2602 5277 2798 5338 quanta
2830 5270 2918 5323 Dei
2951 5270 3321 5325 benevolentia
3348 5272 3593 5326 fruetur?
3617 5272 3942 5329 Pra-sidiutn

2342 5370 2594 5414 construe
2636 5371 2823 5415 contra
2869 5360 3181 5426 diabolum;
3234 5362 3336 5418 hoc
3373 5372 3456 5417 est
3496 5365 3639 5418 cnim
3684 5367 3943 5421 ecclesia.

2344 5449 2476 5504 llinc
2506 5450 2767 5520 prodeant
2792 5467 2980 5507 manus
3005 5453 3071 5506 ad
3100 5453 3338 5508 laborem
3366 5472 3378 5507 :
3411 5454 3558 5522 prius
3582 5455 3947 5512 extendantur

2338 5540 2401 5593 ad
2436 5556 2642 5609 preces,
2670 5549 2726 5596 et
2756 5551 2880 5596 tunc
2904 5544 2968 5597 ad
2995 5559 3131 5613 opus
3156 5544 3369 5599 abeant.
3404 5546 3477 5599 Ita
3508 5548 3612 5601 erit
3643 5548 3747 5602 illis
3776 5551 3946 5604 rohur

2340 5636 2617 5702 corporis;
2650 5635 2729 5688 sic
2756 5634 2859 5689 erit
2888 5636 3209 5705 agricultura
3246 5637 3409 5692 multa
3434 5654 3451 5705 ;
3481 5638 3558 5693 sic
3587 5639 3769 5693 omnia
3804 5644 3946 5697 mala

2351 5760 2489 5870 min)
2510 5762 2700 5811 Nomina
2720 5766 3031 5824 patronorum
3057 5765 3104 5815 in
3124 5765 3275 5815 sacris
3288 5765 3613 5818 oblationibus
3623 5768 3939 5831 proferebatt-
