4094 6494
170 494 263 555 167

167 612 415 683 φρίττεις,
447 610 577 673 είπέ
616 629 730 682 μοι,
775 610 868 663 τὸν
898 606 1165 679 μέλλοντά
1207 623 1267 661 σε
1318 608 1412 660 «al
1464 605 1605 676 ὑπὲρ
1639 602 1846 655 τούτων

164 699 407 754 ἀπαιτεῖν
435 698 642 767 λόγον;
672 698 749 752 Οὐ
773 698 883 767 γὰρ
909 696 1078 767 ἐχρῆν
1103 696 1335 749 ἕκαστον
1384 694 1495 748 τῶν
1518 692 1728 746 πιστῶν
1759 692 1848 742 ἐκ-

164 785 384 855 κλησίαν
441 786 799 856 οίκοδομεῖν,
859 784 1184 837 διδάσκαλον
1236 782 1539 852 λαμϐάνειν
1588 778 1728 849 πρὸς
1781 778 1846 831 τὸ

166 870 516 941 συναίρεσθαι
546 885 599 935 ι,
640 871 749 942 πρὸ
786 872 1007 925 πάντων
1036 868 1198 924 τοῦτο
1230 870 1478 932 σκοπεῖν,
1500 868 1651 928 ὅπως
1671 866 1852 919 ἀπαν-

162 975 245 1022 τις
264 956 377 1011 εἷεν
403 958 759 1031 Χριστιανοί;
789 958 937 1024 Πῶς,
970 959 1094 1012 είπέ
1145 976 1261 1030 μοι,
1296 954 1619 1029 Χριστιανὸς
1648 954 1801 1007 ἔσται
1822 954 1851 1006 6

164 1048 421 1115 γεωργὸς.
474 1047 628 1117 ὀρῶν
660 1047 721 1099 σέ
767 1046 945 1110 οῦτως
992 1046 1301 1117 ἀμελοῦντα
1330 1046 1429 1116 τῆς
1478 1042 1644 1097 αὐτοῦ
1675 1058 1851 1111 σωτη-

165 1136 309 1204 ρίαςς
341 1136 419 1188 Οὐ
449 1135 689 1190 δύνασαι
716 1136 944 1207 ποιῆσαι
984 1136 1189 1205 σημεῖα
1217 1135 1312 1188 «al
1336 1136 1523 1186 πεῖσαι
1544 1149 1560 1197 ;
1585 1124 1679 1193 Οἷς
1704 1128 1849 1198 ἔχεις

161 1224 357 1284 nim.
421 1224 813 1296 φιλανθρωπίᾳ
843 1225 906 1289 δ,
953 1223 1281 1296 προστασίᾳ,
1326 1221 1649 1294 ἡμερότητι,
1678 1218 1846 1272 κολα-

161 1308 296 1379 κεία,
327 1312 444 1373 τοῖς
468 1310 659 1376 ἄλλοις
691 1311 883 1366 amat.

224 1397 329 1448 Καὶ
353 1398 578 1468 ἀγοράς
612 1399 712 1469 μὲν
735 1399 832 1453 «al
875 1397 1135 1468 βαλανεῖα
1160 1396 1408 1451 ποιοῦσιν
1432 1396 1481 1449 οί
1506 1394 1713 1457 πολλοὶ,
1750 1394 1845 1447 ἐκ-

160 1480 379 1551 κλησίας
396 1484 457 1537 δέ
482 1486 633 1556 οὐχί·
661 1486 757 1539 καὶ
790 1485 968 1539 πάντα
996 1485 1221 1556 μᾶλλον,
1268 1484 1303 1556 ἡ
1328 1483 1503 1537 τοῦτο.
1539 1483 1632 1537 Διὸ
1665 1498 1846 1552 παρα-

159 1568 303 1623 καλῶ
328 1571 425 1625 καὶ
450 1574 729 1627 ἀντιϐολῶ
758 1575 851 1628 «al
872 1576 1033 1646 χάριν
1056 1573 1213 1639 αίτῶ,
1244 1572 1447 1645 μᾶλλον
1466 1572 1524 1627 δὲ
1557 1572 1653 1627 «al
1680 1573 1846 1641 νόμον

159 1654 361 1727 τίθημι,
396 1659 550 1713 ῶστε
584 1661 792 1732 μηδένα
826 1662 1058 1731 ὀφθῆναι
1097 1661 1304 1731 ἔρημον
1330 1659 1629 1730 ἐκκλησίας
1646 1658 1846 1729 χωρίον

160 1741 361 1811 ἔχοντα.
395 1747 493 1819 Μή
529 1766 622 1819 μοι
647 1749 830 1821 εἴπῃς·
860 1748 1096 1819 Πλησίον
1120 1749 1289 1812 ἐστὶν,
1314 1751 1379 1801 ἐκ
1407 1747 1665 1815 γειτόνων
1692 1745 1842 1818 [I50]

158 1828 285 1882 ἐστί·
342 1832 525 1904 πολλή
597 1834 745 1889 ἐστιν
802 1837 836 1905 ἡ
871 1835 1120 1904 δαπάνη,
1167 1836 1229 1888 οὐ
1276 1834 1447 1905 πολλὴ
1482 1835 1516 1904 ἡ
1558 1831 1842 1904 πρόσοδος.

158 1915 223 1969 EI
244 1934 294 1971 τι
323 1918 476 1989 ἔχεις
506 1923 589 1985 είς
621 1921 861 1993 πένητας
896 1923 1193 1989 ἀναλῶσαι,
1227 1924 1346 1976 ἐκεῖ
1380 1922 1679 1976 ἀνάλωσαν·
1720 1920 1838 1991 βέλ-

157 2018 264 2055 τιον
293 2007 434 2071 ἐκεῖ,
468 2008 505 2078 ἡ
543 2009 804 2064 ἐνταῦθα·
839 2010 1037 2082 θρέψον
1059 2009 1403 2075 διδάσκαλον,
1439 2010 1639 2081 θρέψον
1663 2009 1846 2063 διάκο-

159 2107 240 2144 νον
265 2094 359 2147 καὶ
380 2096 668 2166 ἱερατικὸν
704 2096 980 2169 σύστημα.
1029 2099 1246 2153 Ὠσανεὶ
1273 2100 1512 2167 γυναῖκα
1548 2094 1778 2165 ἀγαγὼν
1807 2096 1841 2167 ἢ

159 2176 386 2248 νύμφην,
418 2182 453 2251 ἡ
482 2182 613 2247 δοὺς
644 2181 1116 2257 θυγατέρα,λ,οῦτω
1141 2188 1208 2257 τῇ
1250 2185 1555 2255 Ἐκκλησία
1575 2184 1841 2238 διάκεισα·

157 2266 349 2333 προῖκα
381 2268 576 2333 ἐπίδος
596 2272 762 2341 αὐτῇ.
788 2271 947 2325 υῦτω
981 2290 1065 2327 σοι
1088 2273 1339 2342 εὐλογίας
1361 2274 1424 2326 τὸ
1455 2272 1655 2344 χωρίον
1705 2272 1844 2342 πλη-

158 2350 486 2426 ρωθήσεται.
516 2356 582 2409 Τί
610 2358 721 2428 γὰρ
743 2359 843 2411 οὐκ
869 2360 1025 2414 ἔσται
1058 2362 1177 2414 ἐκεῖ
1198 2360 1307 2414 τῶν
1334 2360 1591 2430 ἀγαθῶν;
1620 2361 1842 2431 μικρὸν,

156 2441 267 2494 εἰπέ
306 2459 420 2511 μοι,
449 2444 549 2497 τὸν
585 2446 747 2517 ληνὸν
782 2449 1161 2518 εὐλογεῖσθαι;
1209 2451 1427 2523 μικρὸν,
1482 2452 1542 2518 ἐξ
1563 2451 1703 2505 ὅλων
1732 2452 1844 2506 τῶν

156 2528 374 2598 καρπῶν
402 2541 426 2569 ε
476 2532 590 2585 τῶν
640 2535 750 2587 σῶν
774 2536 866 2588 τὸν
909 2536 1046 2591 Θεὸν
1077 2539 1346 2611 πρότερον
1387 2540 1701 2613 ἀπόμοιραν
1748 2540 1845 2593 «al

154 2614 401 2685 ἀπαρχὰς
458 2617 801 2689 λαμϐάνειν;
843 2623 988 2693 Πρὸς
1042 2626 1268 2696 εἰρήνην
1296 2626 1407 2680 τῶν
1444 2627 1842 2697 γεωργούντων

156 2700 304 2756 τοῦτο
355 2707 657 2777 χρήσιμον.
722 2710 1011 2780 Λίδέσιμος
1057 2711 1212 2766 ἐσται
1246 2714 1342 2767 καὶ
1390 2715 1420 2768 6
1471 2715 1844 2786 πρεσϐύτερος

158 2788 353 2859 λοιπὸν,
388 2796 492 2847 «al
544 2796 683 2867 πρὸς
727 2799 1033 2868 ἀσφάλειαν
1081 2800 1180 2854 τοῦ
1216 2803 1417 2874 χωρίου
1480 2804 1843 2875 συμϐαλεῖται

156 2877 326 2933 τοῦτο.
367 2882 552 2953 Εὐχαὶ
582 2884 701 2937 ἐκεῖ
726 2885 997 2957 διηνεκεῖς
1029 2888 1121 2942 διά
1168 2890 1251 2953 σέ,
1284 2888 1445 2961 ὕμνοι
1470 2890 1567 2945 «al
1590 2892 1844 2957 συνάξεις

156 2962 234 3017 διά
260 2968 341 3030 σὲ,
386 2972 685 3043 προσφορά
720 2972 842 3027 καθ’
897 2977 1137 3048 ἑκάστην
1179 2979 1489 3049 Κυριακήν.
1527 2974 1652 3033 οἷόν
1691 2983 1843 3036 ἐστιν

157 3052 227 3139 εἷς
256 3054 446 3126 θαῦμα
476 3059 687 3130 μεῖζον,
727 3061 823 3114 τοῦ
856 3065 1061 3132 τάφους
1099 3066 1198 3135 μὲν
1242 3067 1462 3138 ἐτέρους
1480 3068 1841 3139 οἰκοδομῆσαι

157 3138 456 3212 λαμπροὺς,
516 3145 603 3200 ἵνα
634 3148 685 3201 οί
740 3152 880 3219 μετά
927 3152 1102 3207 ταῦτα
1134 3156 1429 3216 ἀκούωσιν,
1495 3156 1575 3209 ὅτι
1604 3158 1634 3209 6
1691 3138 1843 3212 δεῖνα

156 3227 497 3304 ᾠκοδόμησε,
529 3234 589 3287 σέ
618 3236 676 3290 δέ
708 3239 1005 3311 ἐκκλησίας
1050 3242 1382 3313 ἀναστῆσαιι
1426 3244 1734 3315 Ἐννόησον,
1759 3246 1841 3300 ὃτι

161 3323 310 3393 μέχρι
335 3325 442 3395 τῆς
465 3325 565 3379 τοῦ
591 3327 832 3398 Χριστοῦ
886 3330 1196 3400 παρουσίας
1226 3333 1292 3386 σὺ
1321 3332 1413 3387 τὸν
1449 3333 1643 3404 μισθὸν
1699 3335 1843 3401 ἕξεις

158 3410 184 3462 6
207 3412 522 3484 ἀναστήσας
550 3413 944 3486 θυσιαστήριον
972 3417 1067 3471 τοῦ
1095 3419 1255 3475 Θεοῦ.

220 3505 277 3553 ε’.
306 3500 447 3554 Εἰπὲ
470 3502 581 3570 γάρ
616 3520 728 3572 μοι,
762 3503 808 3556 εί
842 3502 1097 3573 βασιλεύς
1114 3524 1196 3559 σοι
1228 3508 1517 3563 ἐκέλευσεν
1547 3511 1840 3582 οἰκοδομῆ-

159 3600 238 3639 σαι
264 3590 470 3653 οἰκίαν,
504 3590 592 3642 ῐνα
618 3591 737 3643 ἐκεῖ
770 3592 1055 3654 καταλύοι,
1089 3594 1189 3648 οὐκ
1214 3595 1283 3649 ἀν
1320 3598 1499 3651 πάντα
1541 3599 1838 3669 ἐποίησας;

160 3672 263 3727 Νῦν
307 3671 404 3729 οῦν
452 3675 701 3745 βασίλειά
738 3678 854 3730 ἐστι
896 3678 995 3732 τοῦ
1025 3680 1290 3752 Χριστοῦ,
1318 3686 1419 3749 τῆς
1467 3682 1766 3756 ἐκκλησίας
1805 3688 1840 3758 ή

160 3762 430 3834 οἰκοδομή.
465 3764 558 3833 Μή
621 3765 682 3818 τὸ
714 3765 979 3837 ἀνάλωμα
1009 3766 1145 3841 ῑδῃς,
1191 3768 1329 3823 ἀλλά
1362 3770 1456 3823 τὸν
1503 3773 1719 3842 καρπὸν
1747 3772 1839 3825 λό-

161 3859 313 3915 γισαι·
340 3852 690 3922 γεωργοῦσιν
738 3854 935 3907 ἐκεῖνοι
960 3853 1060 3925 τὴν
1083 3855 1211 3925 γῆν,
1262 3857 1328 3910 σὺ
1378 3857 1700 3931 γεώργησον
1743 3861 1841 3914 αὐ-

160 3935 257 3987 τῶν
295 3938 400 4001 τὰς
435 3938 632 4008 ψυχάς·
674 3939 901 4009 φέρουσί
958 3957 1044 3995 σοι
1088 3944 1335 4015 καρποὺς
1386 3946 1607 4010 ἐκεῖνοι,
1654 3948 1720 4000 σὺ
1757 3948 1840 4014 είς

162 4020 241 4075 τὸν
264 4026 500 4096 οὐρανὸν
520 4027 721 4089 αὐτοὺς
741 4027 1008 4097 ἀνάγαγε.
1055 4028 1113 4083 '0
1136 4029 1237 4101 τὴν
1285 4032 1466 4103 ἀρχὴν
1490 4032 1637 4097 δοὺς,
1679 4026 1839 4100 οὗτος

164 4112 245 4164 καὶ
268 4113 376 4165 τῶν
402 4113 581 4167 ἀλλων
629 4113 803 4177 αἴτιος
833 4115 1075 4170 πάντων.
1111 4118 1257 4186 ’Δρα
1303 4120 1399 4172 καὶ
1431 4121 1496 4173 σὺ
1522 4122 1695 4185 αίτιος
1738 4123 1838 4195 ἐση

162 4198 257 4251 τῶν
293 4200 726 4270 κατηχουμένων
754 4203 893 4266 ἐκεῖ,
926 4202 1037 4256 τῶν
1063 4204 1123 4257 ἐν
1153 4206 1267 4268 τοῖς
1300 4206 1523 4276 χωρίοις
1546 4208 1662 4272 τοῖς
1699 4209 1839 4279 πλη-

166 4286 283 4342 σίον.
344 4287 548 4342 Καίτοι
602 4288 674 4341 τά
730 4288 832 4359 μὲν
891 4288 1148 4359 βαλανεῖα
1205 4292 1633 4366 μαλακωτέρους
1693 4300 1841 4350 ποιεῖ

163 4376 274 4438 τοὺς
293 4377 605 4445 γεωργοὺς,
627 4377 696 4428 τά
720 4378 996 4447 καπηλεῖα
1044 4370 1510 4453 τρυφηλοτέρους·
1543 4382 1663 4437 ἀλλ’
1684 4384 1839 4455 ὅμως

166 4467 347 4517 ποιεῖτε
373 4462 553 4516 ταῦτα
584 4463 673 4517 διά
720 4464 900 4530 δόξαν.
930 4467 999 4518 Δί
1029 4467 1227 4538 ἀγοραὶ
1254 4470 1348 4522 «al
1395 4470 1453 4523 αί
1498 4472 1838 4542 πανηγύρεις

164 4549 307 4601 πάλιν
358 4548 613 4618 ἰταμούς·
658 4550 726 4603 τά
769 4550 826 4603 δέ
859 4552 1116 4617 ἐνταῦθα,
1158 4555 1267 4607 πᾶν
1315 4556 1646 4609 τούναντίον.
1690 4558 1839 4611 Ἠλί-

166 4652 246 4688 «av
270 4640 379 4710 γάρ
427 4638 575 4691 ἐστιν
631 4639 761 4692 ίδεῖν
786 4639 1155 4711 πρεσϐύτερον
1204 4643 1285 4705 εἰς
1310 4644 1495 4696 εἰκόνα
1548 4642 1837 4714 βαδίζοντα

164 4724 244 4777 τοῦ
283 4726 565 4797 Ἁϐραάμ,
594 4727 801 4793 πολιὸν,
831 4728 1213 4801 ἀνεζωσμένον
1244 4733 1341 4785 «al
1398 4733 1713 4787 σκάπτοντα
1740 4738 1839 4790 καὶ

164 4817 590 4889 αὐτουργοῦνται
647 4818 712 4871 Τί
763 4818 861 4872 τοῦ
917 4820 1089 4889 ἀγροῦ
1146 4822 1527 4893 ποθεινότερον
1580 4825 1833 4893 ἐκείνους

174 4903 428 4960 Ἐνταῦθα
488 4905 692 4976 μείζων
723 4908 757 4977 ἡ
805 4908 995 4978 ἀρετή.
1036 4910 1153 4961 Οὐκ
1199 4910 1348 4963 ἐστιν
1380 4912 1642 4979 ἀσέλγεια
1694 4915 1834 4979 ἐκεῖ,

164 4990 264 5044 ἀλλ’
293 4991 660 5062 ἀπελήλαται·
686 4993 787 5046 οὐκ
813 4992 928 5045 ἐστι
955 4994 1094 5066 μέθη
1125 4996 1219 5049 «al
1260 4998 1461 5069 τρυφὴ.
1497 4999 1615 5053 ἀλλ’
1643 5000 1837 5072 ἐξώρι-

166 5095 289 5135 σται·
343 5082 446 5134 οὐκ
498 5081 617 5133 ἐστι
674 5080 971 5147 κενοδοξία,
1022 5083 1145 5136 ἀλλῗ
1198 5085 1474 5141 ἔσϐεσται·
1506 5089 1569 5143 τὸ
1612 5090 1711 5160 τῆς
1746 5092 1837 5143 εὐ-

164 5168 292 5233 νοίας
337 5169 499 5221 πλέον
540 5170 662 5221 ἐκεῖ
713 5169 1009 5241 διαλάμπει
1066 5171 1155 5227 διὰ
1210 5176 1313 5245 τὴν
1358 5176 1641 5245 ἀφέλειαν.
1706 5173 1834 5233 Οἷόν

166 5255 290 5310 ἐστιν
331 5258 588 5310 ἀπελθεῖν
618 5258 711 5310 «al
734 5259 996 5313 εἰσελθεῖν
1038 5263 1119 5324 είς
1176 5264 1269 5316 τὸν
1316 5261 1466 5318 οἷκον
1522 5266 1619 5319 τοῦ
1672 5267 1832 5334 Θεοῦ,

166 5347 245 5397 καὶ
295 5348 518 5411 ειδέναι,
572 5347 655 5399 ὅτι
704 5347 867 5410 αὐτὸς
921 5350 1086 5403 αὐτὸν
1134 5350 1475 5425 ᾠκοδόμησε,
1526 5356 1620 5408 «al
1680 5357 1835 5427 ῥῖψαι

168 5430 345 5486 ἐαυτδν
395 5432 611 5496 ὕπτιον,
670 5433 767 5485 «al
796 5434 936 5504 μετά
962 5436 1062 5507 τὴν
1120 5438 1331 5511 αίώραν
1359 5440 1459 5512 τὴν
1512 5446 1835 5515 σωματικὴν

169 5520 247 5572 «al
300 5520 571 5589 λυχνικοῖς
619 5520 646 5561 ἀ
704 5523 798 5574 «al
855 5524 1097 5589 ἑωθινοῖς
1152 5526 1344 5598 ὕμνοις
1397 5532 1831 5602 παραγενέσθαι,

168 5610 529 5681 ίμοτράπεζον
570 5613 716 5684 ἔχειν
762 5614 854 5666 τὸν
912 5615 1084 5687 ἱερέα,
1140 5620 1534 5691 συνομιλοῦντα
1583 5623 1833 5693 εὐλογίας

178 5850 200 5889 b
218 5805 247 5889 τ’
268 5804 399 5854 Sari!
450 5803 741 5889 Ragﬁcfvew,
768 5806 1098 5889 συναίρεσθαι,
1117 5810 1252 5889 Ullus
1271 5812 1386 5888 πρὸς
1408 5812 1463 5889 τὲ
1496 5815 1831 5889 συναιρεῖσθαι.

218 5866 346 5939 [Υρυε
512 5868 579 5925 οἷς
605 5872 728 5940 ἔχεις
767 5866 989 5940 ποίησον.
1030 5866 1382 5940 φιλανθριιηιίᾳς
1441 5878 1463 5940 f’
1504 5876 1603 5940 ᾼιὶί
1637 5866 1833 5940 ¹μικρὸν,

175 5926 256 6001 ιιμ
280 5946 377 5990 μοι,
397 5931 499 6001 τῶν
519 5926 731 6001 καρπῶν,
752 5997 771 6001 Α
796 5931 827 6001 ξι
858 5926 992 5981 Unus
1141 5926 1233 6001 «al
1256 5926 1381 6001 μεέὰ
1403 5938 1488 6001 τήν
1516 5926 1683 5995 ἐνάτην
1707 5926 1834 6001 ὤραν

175 5994 240 6045 τῆς
260 5998 531 6059 σωματικῆς
554 5995 841 6059 μεταλαϐεῖν
864 6010 910 6056 τι
922 6001 1054 6057 οφῆς,
1075 5998 1155 6045 καὶ
1179 5999 1226 6044 ἐν
1255 5994 1504 6059 λυχνικοῖς.
1540 5994 1661 6057 Quae
1686 5994 1834 6050 Ieélio

178 6059 256 6100 non
275 6057 545 6115 apernenda
573 6057 790 6109 \‘idelur.

1196 489 1263 545 IN
1302 487 1485 545 ACTA
1528 482 2072 540 APOSTOIDIIUM.
2118 484 2352 544 HOMIL.
2387 486 2579 542 XVIII.

3542 491 3651 550 I68

1955 601 2277 670 ἀπολαύειν,
2313 605 2533 675 ἐτέρους
2565 606 2698 675 ὁρᾷν
2718 605 3048 675 ιρκομένους
3073 606 3219 671 ἐκεῖὲ
3250 605 3425 662 Τοῦτο
3440 611 3645 681 τιῐχος.

1954 688 2116 743 τοῦτο
2166 692 2442 761 ἀσφάλεια
2475 692 2675 762 ἀγροῦ.
2711 685 2882 756 Οὗτός
2926 692 3080 747 ἐστιν
3128 696 3159 747 6
3199 694 3370 767 ἀγρὸς
3420 698 3549 768 περὶ
3581 692 3647 753 οῦ

1958 793 2126 847 φησιν
2188 780 2380 847 ’οσμὴ
2430 778 2619 848 ἀγροῦ
2646 779 2941 847 πλήρους,
2971 779 3048 834 δν
3071 781 3375 851 εὐλόγησε
3401 784 3643 851 Κύριος.

1954 863 2019 917 El
2047 865 2142 919 «al
2170 867 2342 939 χωρὶς
2365 866 2558 920 τούτου
2589 865 2757 929 καλὸς
2781 866 2811 919 6
2839 866 3012 938 ἀγρὸς
3036 864 3127 921 διά
3144 866 3245 939 τὴν
3271 868 3523 940 ἡσυχίαν,
3555 871 3646 926 διά

1950 950 2012 1004 τὸ
2044 952 2482 1025 ἀπραγμοσύνης
2517 953 2734 1026 γέμειν·
2784 954 2914 1007 ὅταν
2946 953 3044 1007 «al
3068 955 3228 1009 τοῦτο
3245 955 3367 1029 tm,
3397 956 3505 1009 τίνι
3541 957 3644 1012 οὐκ

1950 1038 2105 1093 ἔσται
2128 1042 2273 1105 ίσοςς
2311 1040 2507 1114 Ἀγρὸς
2543 1042 2654 1111 γὰρ
2682 1040 2983 1112 ἐκκλησίαν
3028 1041 3191 1113 ἔχων,
3221 1042 3301 1114 τῷ
3327 1044 3645 1115 παραδείσῳ

1950 1127 2097 1182 ἔοικε
2118 1128 2215 1183 τοῦ
2248 1129 2410 1184 Θεοῦ.
2461 1130 2577 1183 Οὐκ
2603 1128 2755 1183 ἔστιν
2786 1130 2905 1183 ἐκεῖ
2928 1126 3168 1202 κραυγὴ,
3202 1130 3303 1184 οὐκ
3332 1131 3448 1185 ἐστι
3477 1131 3643 1203 θόρυ-

1950 1214 2066 1280 ϐος,
2097 1212 2198 1271 οὐκ
2226 1217 2415 1289 ἐχθροὶ
2452 1217 2731 1289 διάφοροι,
2766 1218 2866 1289 οὐχ
2894 1218 3161 1289 αἱρέσεις·
3213 1218 3426 1283 πάντας
3453 1220 3644 1290 φίλους

1950 1302 2098 1357 ἐστιν
2130 1306 2281 1371 ίδεῖν,
2329 1304 2445 1359 τῶν
2487 1305 2669 1359 αὐτῶν
2702 1304 2994 1376 δογμάτων
3025 1302 3342 1371 κοινωνούς.
3389 1309 3553 1378 Ἀγει
3581 1326 3643 1363 σε

1948 1392 2031 1454 είς
2045 1392 2363 1462 φιλοσοφίαν
2381 1395 2416 1464 ἡ
2446 1392 2668 1465 ἡσυχία·
2686 1392 2872 1447 λαϐών
2898 1411 2959 1448 σε
2993 1392 3144 1467 [151]
3174 1394 3285 1448 ἀπὸ
3300 1395 3399 1465 τῆς
3426 1396 3646 1465 φιλοσο-

1949 1479 2079 1548 φίας
2099 1481 2304 1552 ταύτης
2337 1483 2366 1535 6
2394 1482 2791 1555 πρεσϐύτερος,
2846 1482 3182 1554 θεραπεύσει
3220 1483 3480 1547 εὐκόλως,
3524 1485 3643 1538 Ἐν-

1947 1567 2128 1622 ταῦθα
2161 1568 2263 1639 μὲν
2293 1569 2424 1639 γάρ,
2475 1571 2578 1624 ὅσα
2605 1570 2699 1625 ἐὰν
2732 1571 3007 1641 λέγωμεν,
3064 1572 3101 1641 ἡ
3136 1570 3313 1641 ἀγορά
3360 1572 3639 1643 ἐκκρούει·

1947 1655 2067 1709 ἐκεῖ
2094 1656 2151 1709 δὲ
2186 1658 2331 1732 ἅπερ
2361 1656 2429 1713 ἀν
2446 1658 2710 1731 ἀκούσῃς,
2745 1658 3035 1729 πεπηγότα
3063 1657 3209 1722 ἔξεις
3231 1658 3289 1709 ἐν
3308 1660 3376 1729 τῇ
3402 1659 3641 1731 διανοίᾳ,

1945 1744 2133 1816 ἕτερος
2189 1746 2251 1800 ἐν
2302 1744 2385 1815 τῷ
2417 1746 2574 1818 ἀγρῷ
2637 1746 2739 1819 ἔσῃ
2774 1746 2842 1800 δι’
2883 1745 3117 1799 ἐκείνου·
3170 1745 3267 1799 καὶ
3304 1746 3531 1801 ἐκείνων
3582 1747 3641 1801 ιι

1945 1835 2337 1904 προστήσεται,
2366 1834 2462 1888 «al
2492 1834 2649 1887 ἔσται
2670 1833 2849 1904 φύλαξ
2904 1832 2985 1905 τῷ
3032 1850 3094 1887 τε
3142 1837 3421 1905 παρεῖναι,
3469 1834 3550 1907 τῷ
3577 1853 3642 1889 τε

1946 1920 2233 1990 ῥυθμίζειν
2266 1921 2484 1985 αὐτούς.
2517 1924 2693 1977 Πόσον
2722 1922 2781 1976 δέ
2813 1924 2929 1975 ἐστι
2954 1922 3052 1976 καὶ
3084 1922 3149 1976 τὸ
3202 1923 3491 1994 ἀνάλωμα,
3517 1924 3641 1977 είπὲ

1949 2022 2075 2076 μοις
2105 2008 2340 2079 Ποίησον
2358 2008 2499 2073 τέως
2526 2010 2727 2081 μικρὸν
2774 2004 2926 2064 οἶκον
2969 2011 3029 2062 ἐν
3048 2009 3200 2076 τάξει
3251 2008 3404 2063 ναοῦ·
3435 2010 3466 2062 6
3499 2009 3644 2080 μετά

1947 2095 2007 2148 σέ
2036 2099 2255 2166 ποιήσει
2283 2096 2469 2160 στοὰν,
2506 2099 2535 2151 6
2564 2099 2683 2169 μετ’
2710 2097 2922 2151 ἐκεῖνον
2954 2096 3122 2169 ἐτερα
3154 2096 3481 2168 προσθήσει,
3545 2100 3643 2152 «al

1944 2181 2090 2235 οὕτω
2126 2185 2210 2236 σοὶ
2232 2183 2619 2256 λογισθήσεται
2649 2184 2712 2237 τὸ
2733 2186 2866 2238 πᾶν.
2894 2186 2969 2237 Σὺ
2993 2184 3153 2249 δίδως
3179 2184 3397 2255 μικρὸν,
3432 2185 3528 2237 «al
3545 2185 3641 2238 τοῦ

1944 2270 2147 2332 παντὸς
2170 2270 2472 2343 λαμϐάνεις
2504 2272 2598 2325 τὸν
2643 2272 2856 2343 μισθόν.
2898 2272 3111 2327 Οὐκοῦν
3140 2272 3317 2344 ἀρχὴν
3368 2272 3558 2337 ἐπίθες
3589 2284 3640 2338 ⁸,

1945 2355 2197 2428 θεμέλιον
2222 2358 2522 2413 κατάϐαλε·
2567 2359 2773 2431 μᾶλλον
2799 2359 2855 2412 δὲ
2896 2359 3162 2429 ἀλλήλους
3188 2360 3639 2432 παρακαλέσατε·

1944 2444 2180 2515 ἅμιλλαν
2225 2446 2527 2515 ποιήσασθε
2562 2446 2659 2500 τοῦ
2700 2447 3053 2518 πράγματος.
3083 2446 3201 2501 Νῦν
3248 2448 3327 2512 δὲ,
3359 2448 3488 2502 ἔνθα
3536 2448 3643 2520 μὲν

1943 2533 2126 2604 ἄχυρα
2152 2534 2247 2587 καὶ
2274 2536 2421 2587 σῖτον
2456 2535 2552 2587 «al
2580 2535 2761 2589 πάντα
2784 2536 2855 2589 τά
2885 2534 3117 2589 τοιαῦτα
3168 2533 3471 2590 ἀποθέσθαι
3535 2536 3639 2600 δεῖ.

1943 2620 2185 2683 εὐκόλως
2224 2621 2631 2692 οίκοδομοῦσιν·
2668 2621 2797 2676 ινθα
2826 2622 2883 2676 δὲ
2935 2623 3269 2694 συλλεγῆναι
3296 2622 3404 2694 χρὴ
3448 2623 3643 2695 ψυχῶν

1896 2752 1907 2761 .
1942 2710 2283 2781 γεννήματα,
2320 2710 2573 2783 οὐδαμῶς
2600 2712 3006 2784 φροντίζουσιν.
3062 2712 3179 2766 ἀλλ’
3232 2712 3643 2781 ἀναγκάζονται

1946 2798 2173 2870 μυρίους
2204 2797 2455 2862 σταδίους
2484 2797 2748 2869 βαδίζειν,
2774 2799 2870 2852 καὶ
2895 2799 3116 2871 μακράς
3145 2799 3463 2869 ἀποδημίας
3484 2800 3641 2853 στέλ-

1941 2883 2155 2945 λεσθαι.
2186 2884 2275 2938 ῐνα
2308 2886 2390 2949 είς
2418 2885 2718 2958 ἐκκλησίαν
2744 2885 3002 2941 ἀπίωσιν.
3039 2887 3207 2939 Ὅσον
3236 2886 3293 2940 δέ
3322 2888 3473 2940 ἐστιν
3498 2889 3640 2956 ἀγα-

1942 2969 2035 3024 θόν
2062 2971 2203 3042 μετά
2224 2972 2431 3042 πολλῆς
2462 2972 2693 3045 ἡσυχίας
2724 2974 2783 3025 ἐν
2807 2976 2873 3043 τῇ
2902 2973 3174 3044 ἐκκλησίᾳ
3226 2974 3318 3027 τὸν
3353 2974 3506 3043 ἱερέα
3536 2992 3641 3028 πα-

1943 3058 2289 3130 ραγίνεσθαι,
2355 3059 2443 3113 ῖνα
2475 3060 2680 3134 προσίῃ
2728 3059 2809 3129 τῷ
2838 3058 2979 3130 Θεῷ,
3017 3060 3115 3114 «al
3160 3052 3299 3133 λέγῃ
3332 3060 3479 3131 ὑπὲρ
3537 3061 3638 3132 τῆς

1940 3150 2137 3221 κώμης
2186 3150 2311 3203 καθ⁹
2359 3149 2603 3220 ἐκάστην
2653 3150 2894 3221 ἡμέραν,
2926 3148 3070 3221 ὑπὲρ
3102 3147 3199 3201 τοῦ
3254 3148 3636 3225 κεκτημένουί

1940 3239 2158 3310 Μικρόν
2190 3240 2361 3306 ἐστιν,
2388 3237 2513 3291 είπέ
2547 3253 2660 3309 μοι,
2677 3233 2748 3291 τὸ
2770 3238 2865 3291 «al
2893 3237 2952 3289 ἐν
2980 3240 3102 3301 ταῖς
3129 3236 3317 3305 ἁγίαις
3336 3238 3640 3309 ἀναφοραῖς

1939 3327 2029 3381 ἀεὶ
2063 3326 2126 3378 τὸ
2145 3327 2322 3397 δνομά
2348 3343 2442 3380 σου
2480 3324 2917 3394 ἐγκεῖσθαι,ηκαὶ
2960 3324 3086 3379 καθ’
3120 3325 3364 3395 ἑκάστην
3422 3326 3641 3398 ἡμέραν

1939 3414 2083 3486 ὑπὲρ
2104 3416 2206 3485 τῆς
2234 3412 2430 3485 κώμης
2462 3413 2631 3485 εὐχὰς
2675 3412 2923 3482 γίνεσθαι
2957 3412 3097 3484 πρὸς
3122 3413 3215 3465 τὸν
3259 3412 3428 3480 Θεόν;
3469 3414 3641 3468 πόσον

1942 3517 2031 3553 σοι
2070 3500 2165 3554 «al
2193 3502 2275 3565 είς
2302 3501 2373 3555 τά
2395 3500 2534 3555 ἀλλα
2558 3498 2721 3554 τοῦτο
2750 3499 3024 3553 λυσιτελεῖ
3058 3499 3079 3538 τ
3102 3502 3117 3554 ί
3163 3500 3463 3571 Συμϐαίνει
3483 3503 3641 3566 τινάς

1940 3590 2006 3641 ἐκ
2048 3590 2311 3656 γειτόνων
2340 3591 2514 3642 οίκεῖν
2562 3589 2659 3643 «al
2688 3588 2833 3659 ἔχειν
2860 3588 3214 3660 ἐπιτρόπους·
3256 3586 3394 3659 πρὸς
3441 3588 3501 3642 σέ
3536 3589 3640 3658 μὲν

1939 3670 2033 3728 οὖν
2068 3676 2162 3729 τὸν
2195 3676 2408 3747 πένητα
2436 3676 2539 3731 οὐκ
2562 3674 2789 3742 ἀξιώσει
2817 3693 2901 3740 τις
2925 3674 3154 3729 ἐκείνων
3173 3676 3297 3729 οὐδὲ
3324 3674 3520 3730 ἐλθεῖν·
3544 3676 3639 3731 τδν

1938 3761 1994 3815 δὲ
2046 3763 2422 3835 πρεσϐύτερον
2471 3764 2604 3829 ἴσως
2646 3764 2745 3817 καὶ
2776 3762 3019 3826 καλεσει,
3047 3762 3144 3816 «al
3194 3762 3477 3835 τραπέζης
3524 3781 3642 3818 κοι-

1938 3850 2109 3904 νωνὸν
2147 3854 2389 3922 ποιήσει.
2440 3851 2628 3924 Ὁρᾷς,
2656 3852 2801 3905 πόσα
2854 3850 3107 3905 ἐντεῦθεν
3139 3852 3434 3922 γενήσεται
3462 3852 3637 3918 καλάς

1940 3938 2130 4009 Πάσης
2162 3940 2317 3993 ἔσται
2338 3940 2478 4004 τέως
2509 3943 2543 4012 ἡ
2571 3942 2734 4011 κώμη
2783 3940 3031 4009 πονηράς
3062 3938 3303 4010 ὑποψίας
3350 3937 3634 4012 ἐλευθέραο

1937 4026 2119 4091 οὐδεὶς
2170 4027 2555 4098 ἀνδροφονίας,
2613 4027 2794 4087 οὐδεὶς
2848 4026 3059 4098 κλοπῆς
3092 4026 3281 4081 ἐνεκεν
3318 4026 3638 4097 ἐγκαλέσει,

1938 4116 2117 4178 οὐδεὶς
2148 4118 2391 4171 τοιοῦτον
2426 4116 2585 4171 οὐδὲν
2638 4115 2998 4170 ὑποπτεύσει.
3030 4115 3257 4185 Ἔχουσι
3305 4117 3401 4170 «al
3434 4116 3636 4187 ἐτέραν

1940 4204 2321 4275 παραμυθίαν,
2380 4204 2449 4258 ἂν
2502 4205 2660 4270 νόσος
2716 4203 3203 4277 παρακολουθήσῃ,
3253 4202 3322 4257 ἀν
3378 4202 3635 4267 θάνατος.

1939 4293 2054 4363 Οὐχ
2077 4292 2268 4356 ἀπλῶς
2318 4292 2439 4345 οὐδὲ
2486 4293 2565 4356 ὡς
2608 4292 2765 4363 ἔτυχε
2797 4292 2892 4347 «al
2918 4293 2993 4363 a1
3034 4291 3212 4357 φιλίαι
3255 4292 3499 4361 γίνονται
3527 4292 3639 4347 τῶν

1939 4362 2057 4433 ἐκεῖ
2097 4381 2228 4451 παρ’
2256 4380 2507 4453 ἀλλήλοις
2558 4362 2769 4433 ἰόντων·
2808 4362 2993 4433 καὶάί
3030 4380 3243 4433 σύνοδοι
3285 4380 3342 4433 δέ
3372 4381 3606 4450 γενήσον

1936 4482 2029 4519 ται
2060 4466 2242 4536 πολλῷ
2272 4466 2381 4520 τῶν
2422 4468 2480 4519 ἐν
2531 4468 2653 4529 ταῖς
2696 4465 3077 4535 πανηγύρεσιν
3109 4465 3309 4535 ἡδίους.
3343 4465 3419 4519 Οὐ
3473 4465 3639 4536 μόνον

1934 4554 1993 4608 δὲ
2020 4556 2076 4608 al
2108 4555 2339 4619 σύνοδοι,
2394 4554 2532 4608 ἀλλά
2588 4556 2684 4607 «al
2731 4554 2889 4607 αὐτοὶ
2933 4556 2981 4607 οί
3016 4554 3364 4626 προεστῶτες
3404 4554 3494 4607 διά
3544 4555 3639 4607 τὸν

1936 4641 2311 4712 πρεσϐύτερον
2362 4641 2779 4713 αίδεσιμώτεροι
2826 4642 3061 4718 ξσονται.
3112 4639 3339 4706 Πάντως
3391 4641 3641 4716 mam,

1934 4731 2020 4784 δτι
2042 4730 2113 4784 τά
2145 4730 2503 4802 Ἰεροσόλυμα
2554 4732 2705 4799 παρά
2727 4730 2827 4794 τὰς
2877 4730 3047 4796 ἄλλας
3104 4733 3291 4795 πόλεις
3328 4730 3637 4802 τιμιώτερα

1932 4814 2003 4889 ἦν
2051 4819 2205 4889 παρά
2257 4822 2372 4881 τοῖς
2430 4818 2706 4882 παλαιοῖς·
2770 4819 2887 4872 ἀλλ’
2937 4820 3038 4890 οὐχ
3090 4820 3300 4883 ἀπλῶς,
3362 4818 3501 4873 ἀλλά
3546 4820 3636 4873 διὰ

1934 4906 2036 4978 τήν
2068 4906 2190 4961 τότε
2226 4906 2534 4977 κρατοῦσαν
2590 4907 2896 4961 εὐσέϐειαν.
2951 4908 3052 4960 Διά
3082 4906 3245 4961 τοῦτο
3296 4905 3425 4960 ἔνθα
3472 4909 3637 4977 τιμᾶ-

1935 5012 2027 5049 ται
2056 4995 2214 5060 Θεὸς,
2266 4995 2422 5049 οὐδέν
2473 4998 2591 5048 ἐστι
2641 4994 2899 5065 πονηρόν·
2961 4993 3152 5065 ῶσπερ
3208 4994 3375 5049 πάλιν
3404 4993 3536 5049 ἔνθα
3572 4995 3635 5049 οὐ

1935 5085 2164 5155 τιμᾶται
2188 5125 2204 5149 ,
2259 5083 2414 5137 οὐδὲν
2472 5084 2701 5152 ἀγαθόν.
2764 5082 2945 5156 Πολλὴ
2998 5083 3271 5151 ἀσφάλεια
3324 5082 3477 5137 ἔσται
3538 5084 3636 5139 καὶ

1938 5172 2091 5243 παρὰ
2120 5171 2242 5241 Θεῷ
2296 5172 2391 5225 καὶ
2426 5171 2580 5243 παρά
2634 5170 2969 5243 ἀνθρώποις.
3023 5172 3135 5224 Nal
3182 5170 3511 5242 παρακαλῶ,
3555 5173 3635 5245 μὴ

1937 5258 2257 5328 παρέργως,
2308 5257 2444 5311 ἀλλά
2492 5257 2795 5329 προθύμως
2841 5256 2938 5309 τοῦ
2977 5257 3309 5327 πράγματος
3346 5256 3634 5311 ἀντιλάϐε-

1938 5345 2054 5399 σθε.
2092 5347 2153 5399 Εἰ
2184 5345 2295 5416 γάρ
2322 5347 2351 5398 6
2376 5346 2592 5414 ἐξάγων
2620 5345 2805 5417 τίμιον
2856 5345 2916 5411 ἐξ
2940 5345 3184 5412 ἀναξίου,
3215 5346 3291 5410 ὡς
3322 5346 3497 5416 στόμα
3536 5345 3632 5400 τοῦ

1934 5433 2073 5487 Θεοῦ
2103 5434 2278 5487 ἔσται·
2313 5435 2343 5486 6
2399 5434 2674 5499 τοσαύτας
2720 5433 2903 5504 ψυχάς
2934 5434 3037 5497 τάς
3082 5452 3145 5487 τε
3182 5434 3373 5503 οὐσας,
3426 5438 3526 5501 τάς
3569 5454 3632 5490 τε

1936 5523 2203 5595 ἐσομένας
2234 5524 2340 5588 ἓως
2368 5524 2471 5594 τῆς
2517 5524 2614 5578 τοῦ
2645 5526 2887 5595 Χριστοῦ
2920 5527 3233 5597 παρουσίας
3276 5526 3508 5597 ὠφελῶν
3536 5529 3635 5584 καὶ

1936 5611 2345 5683 ἀνακτώμενος,
2398 5611 2574 5683 πόσης
2623 5613 2725 5665 οὐκ
2781 5613 3155 5668 ἀπολαύσεται
3211 5614 3429 5679 εὐνοίας
3478 5617 3664 5686 παρὰ,

1933 5698 2030 5752 τοῦ
2086 5693 2257 5752 Θίοῦῑ
2318 5700 2585 5771 Φρούριον
2630 5702 3049 5754 κατασκεύασον
3095 5701 3241 5755 κατά
3292 5702 3387 5755 τοῦ
3442 5703 3631 5756 διαϐό-

1937 5786 2052 5839 λου·
2086 5780 2245 5839 τοῦτο
2275 5788 2387 5856 γάρ
2426 5787 2578 5838 ἐστιν
2612 5789 2645 5857 ή
2678 5788 2967 5858 ἐκκλησία.
3011 5790 3254 5843 Ἐκεῖθεν
3298 5791 3633 5861 ὁρμάτωσαν

1936 5876 1995 5929 al
2032 5877 2215 5946 χεῖρες
2260 5877 2340 5939 είς
2386 5875 2655 5944 κάματον·
2690 5874 2908 5946 πρῶτον
2964 5876 3403 5931 ἀνατεινέτωοαν
3458 5879 3634 5943 αὐτὰς

2003 5999 2028 6027 ⁸
2078 5996 2217 6107 {Illos
2268 5996 2457 6060 μισθόν·
2505 5997 2628 6052 ὅλως
2682 5998 2835 6061 ἀρχὴν
2872 5999 3042 6055 ἐπίθες.
3129 5999 3150 6037 ί
3182 5999 3316 6051 Unus
3350 6000 3457 6051 cod.
3482 5999 3631 6053 τοῦτο

2003 6076 2076 6107 ντε
2107 6076 2167 6107 ει.

1937 6076 2147 6109 συντελει
2156 6096 2167 6109 .
