  <div class='ocr_page' id='page_1' title='image "/cluster/home/n/w/nwhite01/storage/ocr_20150623/60/uva.x004246612/156.png"; bbox 0 0 4044 6488; ppageno 0'>
   <div class='ocr_carea' id='block_1_1' title="bbox 154 482 2428 557">
    <p class='ocr_par' dir='ltr' id='par_1_1' title="bbox 154 482 2428 557">
     <span class='ocr_line' id='line_1_1' title="bbox 154 482 2428 557; baseline -0.009 0"><span class='ocrx_word' id='word_1_1' title='bbox 154 501 231 557; x_wconf 69' lang='lat' dir='ltr'><strong>MS</strong></span> <span class='ocrx_word' id='word_1_2' title='bbox 1098 491 1162 547; x_wconf 86' lang='lat' dir='ltr'><strong>IN</strong></span> <span class='ocrx_word' id='word_1_3' title='bbox 1202 490 1381 547; x_wconf 73' lang='lat' dir='ltr'><strong>ACTA</strong></span> <span class='ocrx_word' id='word_1_4' title='bbox 1424 487 1955 546; x_wconf 73' lang='lat' dir='ltr'><strong>APOSTOLORUM.</strong></span> <span class='ocrx_word' id='word_1_5' title='bbox 2007 484 2236 541; x_wconf 78' lang='lat' dir='ltr'><strong>|l0.\lll..</strong></span> <span class='ocrx_word' id='word_1_6' title='bbox 2285 482 2428 540; x_wconf 72' lang='lat' dir='ltr'><strong>XIX.</strong></span> 
     </span>
    </p>
   </div>
   <div class='ocr_carea' id='block_1_2' title="bbox 147 605 1720 684">
    <p class='ocr_par' dir='ltr' id='par_1_2' title="bbox 147 605 1720 684">
     <span class='ocr_line' id='line_1_2' title="bbox 147 605 1720 684; baseline -0.008 -11"><span class='ocrx_word' id='word_1_7' title='bbox 147 621 259 673; x_wconf 80' lang='lat' dir='ltr'><strong>lat-as</strong></span> <span class='ocrx_word' id='word_1_8' title='bbox 284 615 580 672; x_wconf 72' lang='lat' dir='ltr'><strong>mittentur.</strong></span> <span class='ocrx_word' id='word_1_9' title='bbox 615 613 736 669; x_wconf 81' lang='lat' dir='ltr'><strong>Non</strong></span> <span class='ocrx_word' id='word_1_10' title='bbox 767 620 945 684; x_wconf 82' lang='lat' dir='ltr'><strong>potest</strong></span> <span class='ocrx_word' id='word_1_11' title='bbox 975 610 1098 665; x_wconf 88' lang='lat' dir='ltr'><strong>hinc</strong></span> <span class='ocrx_word' id='word_1_12' title='bbox 1122 618 1237 662; x_wconf 92' lang='lat' dir='ltr'><strong>orta</strong></span> <span class='ocrx_word' id='word_1_13' title='bbox 1265 608 1511 676; x_wconf 86' lang='lat' dir='ltr'><strong>voluptas</strong></span> <span class='ocrx_word' id='word_1_14' title='bbox 1542 605 1720 661; x_wconf 79' lang='lat' dir='ltr'><strong>verbis</strong></span> 
     </span>
    </p>
   </div>
   <div class='ocr_carea' id='block_1_3' title="bbox 148 701 1721 780">
    <p class='ocr_par' dir='ltr' id='par_1_3' title="bbox 148 701 1721 780">
     <span class='ocr_line' id='line_1_3' title="bbox 148 701 1721 780; baseline -0.007 -16"><span class='ocrx_word' id='word_1_15' title='bbox 148 710 385 780; x_wconf 77' lang='lat' dir='ltr'><strong>explicari,</strong></span> <span class='ocrx_word' id='word_1_16' title='bbox 416 710 596 764; x_wconf 80' lang='lat' dir='ltr'><strong>donec</strong></span> <span class='ocrx_word' id='word_1_17' title='bbox 625 722 793 778; x_wconf 86' lang='lat' dir='ltr'><strong>opere</strong></span> <span class='ocrx_word' id='word_1_18' title='bbox 821 706 893 758; x_wconf 85' lang='lat' dir='ltr'><strong>sit</strong></span> <span class='ocrx_word' id='word_1_19' title='bbox 920 714 1189 771; x_wconf 81' lang='lat' dir='ltr'><strong>suscepta.</strong></span> <span class='ocrx_word' id='word_1_20' title='bbox 1215 702 1290 756; x_wconf 86' lang='lat' dir='ltr'><strong>Ne</strong></span> <span class='ocrx_word' id='word_1_21' title='bbox 1320 701 1421 755; x_wconf 91' lang='lat' dir='ltr'><strong>hoe</strong></span> <span class='ocrx_word' id='word_1_22' title='bbox 1444 701 1721 769; x_wconf 69' lang='lat' dir='ltr'><strong>resttieias,</strong></span> 
     </span>
    </p>
   </div>
   <div class='ocr_carea' id='block_1_4' title="bbox 142 792 1719 873">
    <p class='ocr_par' dir='ltr' id='par_1_4' title="bbox 142 792 1719 873">
     <span class='ocr_line' id='line_1_4' title="bbox 142 792 1719 873; baseline -0.007 -18"><span class='ocrx_word' id='word_1_23' title='bbox 142 804 254 873; x_wconf 80' lang='lat' dir='ltr'><strong>quod</strong></span> <span class='ocrx_word' id='word_1_24' title='bbox 281 803 475 856; x_wconf 84' lang='lat' dir='ltr'><strong>nullum</strong></span> <span class='ocrx_word' id='word_1_25' title='bbox 508 800 711 855; x_wconf 86' lang='lat' dir='ltr'><strong>haheat</strong></span> <span class='ocrx_word' id='word_1_26' title='bbox 745 807 1066 869; x_wconf 82' lang='lat' dir='ltr'><strong>proventum</strong></span> <span class='ocrx_word' id='word_1_27' title='bbox 1096 816 1108 851; x_wconf 94' lang='lat'><strong>:</strong></span> <span class='ocrx_word' id='word_1_28' title='bbox 1141 797 1184 850; x_wconf 88' lang='lat' dir='ltr'><strong>si</strong></span> <span class='ocrx_word' id='word_1_29' title='bbox 1211 795 1433 851; x_wconf 81' lang='lat' dir='ltr'><strong>omnino</strong></span> <span class='ocrx_word' id='word_1_30' title='bbox 1459 792 1508 847; x_wconf 89' lang='lat' dir='ltr'><strong>id</strong></span> <span class='ocrx_word' id='word_1_31' title='bbox 1539 792 1719 856; x_wconf 82' lang='lat' dir='ltr'><strong>facias,</strong></span> 
     </span>
    </p>
   </div>
   <div class='ocr_carea' id='block_1_5' title="bbox 142 886 1721 960">
    <p class='ocr_par' dir='ltr' id='par_1_5' title="bbox 142 886 1721 960">
     <span class='ocr_line' id='line_1_5' title="bbox 142 886 1721 960; baseline -0.003 -15"><span class='ocrx_word' id='word_1_32' title='bbox 142 912 193 948; x_wconf 78' lang='lat' dir='ltr'><strong>ne</strong></span> <span class='ocrx_word' id='word_1_33' title='bbox 230 895 379 950; x_wconf 83' lang='lat' dir='ltr'><strong>iacias</strong></span> <span class='ocrx_word' id='word_1_34' title='bbox 420 904 606 948; x_wconf 86' lang='lat' dir='ltr'><strong>tamen</strong></span> <span class='ocrx_word' id='word_1_35' title='bbox 631 936 647 957; x_wconf 94' lang='lat'><strong>,</strong></span> <span class='ocrx_word' id='word_1_36' title='bbox 685 892 788 947; x_wconf 85' lang='lat' dir='ltr'><strong>nisi</strong></span> <span class='ocrx_word' id='word_1_37' title='bbox 835 902 990 960; x_wconf 94' lang='lat' dir='ltr'><strong>putes</strong></span> <span class='ocrx_word' id='word_1_38' title='bbox 1022 890 1279 958; x_wconf 85' lang='lat' dir='ltr'><strong>majorem</strong></span> <span class='ocrx_word' id='word_1_39' title='bbox 1321 887 1413 942; x_wconf 87' lang='lat' dir='ltr'><strong>tibi</strong></span> <span class='ocrx_word' id='word_1_40' title='bbox 1460 896 1567 942; x_wconf 87' lang='lat' dir='ltr'><strong>tota</strong></span> <span class='ocrx_word' id='word_1_41' title='bbox 1601 886 1721 941; x_wconf 86' lang='lat' dir='ltr'><strong>villa</strong></span> 
     </span>
    </p>
   </div>
   <div class='ocr_carea' id='block_1_6' title="bbox 143 978 1717 1055">
    <p class='ocr_par' dir='ltr' id='par_1_6' title="bbox 143 978 1717 1055">
     <span class='ocr_line' id='line_1_6' title="bbox 143 978 1717 1055; baseline -0.004 -18"><span class='ocrx_word' id='word_1_42' title='bbox 143 995 415 1055; x_wconf 77' lang='lat' dir='ltr'><strong>prnreutum</strong></span> <span class='ocrx_word' id='word_1_43' title='bbox 450 999 621 1047; x_wconf 86' lang='lat' dir='ltr'><strong>esse;</strong></span> <span class='ocrx_word' id='word_1_44' title='bbox 659 980 764 1036; x_wconf 74' lang='lat' dir='ltr'><strong>nisi</strong></span> <span class='ocrx_word' id='word_1_45' title='bbox 795 983 871 1035; x_wconf 90' lang='lat' dir='ltr'><strong>sic</strong></span> <span class='ocrx_word' id='word_1_46' title='bbox 902 980 1123 1035; x_wconf 68' lang='lat' dir='ltr'><strong>allectus</strong></span> <span class='ocrx_word' id='word_1_47' title='bbox 1162 980 1238 1034; x_wconf 87' lang='lat' dir='ltr'><strong>sis</strong></span> <span class='ocrx_word' id='word_1_48' title='bbox 1259 1019 1273 1040; x_wconf 85' lang='lat'><strong>,</strong></span> <span class='ocrx_word' id='word_1_49' title='bbox 1307 993 1407 1033; x_wconf 88' lang='lat' dir='ltr'><strong>nec</strong></span> <span class='ocrx_word' id='word_1_50' title='bbox 1436 978 1717 1047; x_wconf 88' lang='lat' dir='ltr'><strong>opercris;</strong></span> 
     </span>
    </p>
   </div>
   <div class='ocr_carea' id='block_1_7' title="bbox 143 1069 1713 1144">
    <p class='ocr_par' dir='ltr' id='par_1_7' title="bbox 143 1069 1713 1144">
     <span class='ocr_line' id='line_1_7' title="bbox 143 1069 1713 1144; baseline -0.005 -15"><span class='ocrx_word' id='word_1_51' title='bbox 143 1077 217 1129; x_wconf 69' lang='lat' dir='ltr'><strong>nisi</strong></span> <span class='ocrx_word' id='word_1_52' title='bbox 249 1089 392 1144; x_wconf 86' lang='lat' dir='ltr'><strong>putes</strong></span> <span class='ocrx_word' id='word_1_53' title='bbox 420 1076 528 1130; x_wconf 87' lang='lat' dir='ltr'><strong>hoc</strong></span> <span class='ocrx_word' id='word_1_54' title='bbox 557 1089 703 1143; x_wconf 86' lang='lat' dir='ltr'><strong>Opus</strong></span> <span class='ocrx_word' id='word_1_55' title='bbox 735 1074 839 1127; x_wconf 82' lang='lat' dir='ltr'><strong>tuis</strong></span> <span class='ocrx_word' id='word_1_56' title='bbox 870 1072 1120 1127; x_wconf 88' lang='lat' dir='ltr'><strong>omnibus</strong></span> <span class='ocrx_word' id='word_1_57' title='bbox 1146 1085 1267 1127; x_wconf 85' lang='lat' dir='ltr'><strong>esse</strong></span> <span class='ocrx_word' id='word_1_58' title='bbox 1298 1069 1713 1139; x_wconf 68' lang='lat' dir='ltr'><strong>prml&#39;erendum.</strong></span> 
     </span>
    </p>
   </div>
   <div class='ocr_carea' id='block_1_8' title="bbox 81 1160 1715 1237">
    <p class='ocr_par' dir='ltr' id='par_1_8' title="bbox 81 1160 1715 1237">
     <span class='ocr_line' id='line_1_8' title="bbox 81 1160 1715 1237; baseline -0.006 -15"><span class='ocrx_word' id='word_1_59' title='bbox 81 1174 92 1180; x_wconf 82' lang='grc'><em>’</em></span> <span class='ocrx_word' id='word_1_60' title='bbox 140 1167 242 1234; x_wconf 66' lang='lat' dir='ltr'><strong>Quid</strong></span> <span class='ocrx_word' id='word_1_61' title='bbox 276 1168 368 1221; x_wconf 67' lang='lat' dir='ltr'><strong>hrc</strong></span> <span class='ocrx_word' id='word_1_62' title='bbox 396 1175 674 1237; x_wconf 80' lang='lat' dir='ltr'><strong>proventu</strong></span> <span class='ocrx_word' id='word_1_63' title='bbox 704 1165 894 1233; x_wconf 76' lang='lat' dir='ltr'><strong>majus,</strong></span> <span class='ocrx_word' id='word_1_64' title='bbox 923 1163 1128 1216; x_wconf 75' lang='lat' dir='ltr'><strong>animus</strong></span> <span class='ocrx_word' id='word_1_65' title='bbox 1157 1162 1207 1215; x_wconf 90' lang='lat' dir='ltr'><strong>in</strong></span> <span class='ocrx_word' id='word_1_66' title='bbox 1237 1176 1416 1215; x_wconf 85' lang='lat' dir='ltr'><strong>aream</strong></span> <span class='ocrx_word' id='word_1_67' title='bbox 1444 1160 1715 1214; x_wconf 75' lang='lat' dir='ltr'><strong>caelestem</strong></span> 
     </span>
    </p>
   </div>
   <div class='ocr_carea' id='block_1_9' title="bbox 139 1250 1717 1323">
    <p class='ocr_par' dir='ltr' id='par_1_9' title="bbox 139 1250 1717 1323">
     <span class='ocr_line' id='line_1_9' title="bbox 139 1250 1717 1323; baseline -0.004 -14"><span class='ocrx_word' id='word_1_68' title='bbox 139 1257 395 1313; x_wconf 72' lang='lat' dir='ltr'><strong>inducere?</strong></span> <span class='ocrx_word' id='word_1_69' title='bbox 428 1256 525 1310; x_wconf 81' lang='grc' dir='ltr'><strong>ΙΙυί</strong></span> <span class='ocrx_word' id='word_1_70' title='bbox 562 1255 722 1321; x_wconf 88' lang='lat' dir='ltr'><strong>mihi,</strong></span> <span class='ocrx_word' id='word_1_71' title='bbox 757 1255 896 1323; x_wconf 83' lang='lat' dir='ltr'><strong>quod</strong></span> <span class='ocrx_word' id='word_1_72' title='bbox 932 1254 1183 1309; x_wconf 67' lang='lat' dir='ltr'><strong>nesciatis</strong></span> <span class='ocrx_word' id='word_1_73' title='bbox 1213 1263 1471 1323; x_wconf 87' lang='lat' dir='ltr'><strong>quantum</strong></span> <span class='ocrx_word' id='word_1_74' title='bbox 1504 1253 1571 1305; x_wconf 92' lang='lat' dir='ltr'><strong>sit</strong></span> <span class='ocrx_word' id='word_1_75' title='bbox 1601 1250 1717 1303; x_wconf 83' lang='lat' dir='ltr'><strong>ani-</strong></span> 
     </span>
    </p>
   </div>
   <div class='ocr_carea' id='block_1_10' title="bbox 140 1341 1716 1415">
    <p class='ocr_par' dir='ltr' id='par_1_10' title="bbox 140 1341 1716 1415">
     <span class='ocr_line' id='line_1_10' title="bbox 140 1341 1716 1415; baseline -0.003 -15"><span class='ocrx_word' id='word_1_76' title='bbox 140 1366 230 1401; x_wconf 78' lang='lat' dir='ltr'><strong>tnas</strong></span> <span class='ocrx_word' id='word_1_77' title='bbox 254 1347 581 1402; x_wconf 80' lang='lat' dir='ltr'><strong>lurrilicarel</strong></span> <span class='ocrx_word' id='word_1_78' title='bbox 621 1345 759 1402; x_wconf 78' lang='lat' dir='ltr'><strong>Audi</strong></span> <span class='ocrx_word' id='word_1_79' title='bbox 805 1344 929 1415; x_wconf 90' lang='lat' dir='ltr'><strong>quid</strong></span> <span class='ocrx_word' id='word_1_80' title='bbox 974 1344 1136 1399; x_wconf 83' lang='lat' dir='ltr'><strong>Petro</strong></span> <span class='ocrx_word' id='word_1_81' title='bbox 1166 1344 1308 1399; x_wconf 85' lang='lat' dir='ltr'><strong>dicat</strong></span> <span class='ocrx_word' id='word_1_82' title='bbox 1335 1342 1580 1399; x_wconf 87' lang='lat' dir='ltr'><strong>Christus</strong></span> <span class='ocrx_word' id='word_1_83' title='bbox 1610 1360 1622 1395; x_wconf 87' lang='lat'><strong>:</strong></span> <span class='ocrx_word' id='word_1_84' title='bbox 1655 1341 1716 1397; x_wconf 91' lang='lat' dir='ltr'><strong>Si</strong></span> 
     </span>
    </p>
   </div>
   <div class='ocr_carea' id='block_1_11' title="bbox 136 1434 1715 1511">
    <p class='ocr_par' dir='ltr' id='par_1_11' title="bbox 136 1434 1715 1511">
     <span class='ocr_line' id='line_1_11' title="bbox 136 1434 1715 1511; baseline -0.002 -19"><span class='ocrx_word' id='word_1_85' title='bbox 136 1441 274 1511; x_wconf 79' lang='lat' dir='ltr'><strong>diligis</strong></span> <span class='ocrx_word' id='word_1_86' title='bbox 297 1456 372 1493; x_wconf 84' lang='lat' dir='ltr'><strong>me</strong></span> <span class='ocrx_word' id='word_1_87' title='bbox 393 1481 406 1503; x_wconf 92' lang='lat'><strong>,</strong></span> <span class='ocrx_word' id='word_1_88' title='bbox 440 1455 604 1509; x_wconf 83' lang='lat' dir='ltr'><strong>pasce</strong></span> <span class='ocrx_word' id='word_1_89' title='bbox 630 1455 745 1493; x_wconf 83' lang='lat' dir='ltr'><strong>oves</strong></span> <span class='ocrx_word' id='word_1_90' title='bbox 783 1455 919 1492; x_wconf 88' lang='lat' dir='ltr'><strong>meas</strong></span> <span class='ocrx_word' id='word_1_91' title='bbox 949 1436 968 1507; x_wconf 90' lang='lat'>(</span> <span class='ocrx_word' id='word_1_92' title='bbox 985 1436 1263 1492; x_wconf 70' lang='lat' dir='ltr'><strong>Joan.21.</strong></span> <span class='ocrx_word' id='word_1_93' title='bbox 1297 1436 1421 1507; x_wconf 78' lang='grc'><strong>15).</strong></span> <span class='ocrx_word' id='word_1_94' title='bbox 1453 1436 1506 1491; x_wconf 89' lang='lat' dir='ltr'><strong>Si</strong></span> <span class='ocrx_word' id='word_1_95' title='bbox 1540 1434 1715 1504; x_wconf 87' lang='lat' dir='ltr'><strong>regias</strong></span> 
     </span>
    </p>
   </div>
   <div class='ocr_carea' id='block_1_12' title="bbox 134 1527 1711 1601">
    <p class='ocr_par' dir='ltr' id='par_1_12' title="bbox 134 1527 1711 1601">
     <span class='ocr_line' id='line_1_12' title="bbox 134 1527 1711 1601; baseline -0.004 -16"><span class='ocrx_word' id='word_1_96' title='bbox 134 1549 233 1586; x_wconf 78' lang='lat' dir='ltr'><strong>oves</strong></span> <span class='ocrx_word' id='word_1_97' title='bbox 264 1532 446 1587; x_wconf 79' lang='lat' dir='ltr'><strong>ridens</strong></span> <span class='ocrx_word' id='word_1_98' title='bbox 474 1542 571 1585; x_wconf 85' lang='lat' dir='ltr'><strong>aut</strong></span> <span class='ocrx_word' id='word_1_99' title='bbox 605 1546 870 1601; x_wconf 87' lang='lat' dir='ltr'><strong>equorum</strong></span> <span class='ocrx_word' id='word_1_100' title='bbox 899 1540 1199 1585; x_wconf 88' lang='lat' dir='ltr'><strong>armentum</strong></span> <span class='ocrx_word' id='word_1_101' title='bbox 1220 1570 1234 1594; x_wconf 94' lang='lat'><strong>,</strong></span> <span class='ocrx_word' id='word_1_102' title='bbox 1270 1527 1413 1598; x_wconf 90' lang='lat' dir='ltr'><strong>quod</strong></span> <span class='ocrx_word' id='word_1_103' title='bbox 1442 1527 1711 1581; x_wconf 75' lang='lat' dir='ltr'><strong>stabulum</strong></span> 
     </span>
    </p>
   </div>
   <div class='ocr_carea' id='block_1_13' title="bbox 135 1618 1748 1691">
    <p class='ocr_par' dir='ltr' id='par_1_13' title="bbox 135 1618 1748 1691">
     <span class='ocr_line' id='line_1_13' title="bbox 135 1618 1748 1691; baseline -0.002 -16"><span class='ocrx_word' id='word_1_104' title='bbox 135 1640 215 1676; x_wconf 86' lang='lat' dir='ltr'><strong>non</strong></span> <span class='ocrx_word' id='word_1_105' title='bbox 235 1621 504 1688; x_wconf 61' lang='lat' dir='ltr'><strong>haberent,</strong></span> <span class='ocrx_word' id='word_1_106' title='bbox 533 1622 750 1676; x_wconf 82' lang='lat' dir='ltr'><strong>insidiis</strong></span> <span class='ocrx_word' id='word_1_107' title='bbox 780 1631 979 1691; x_wconf 79' lang='lat' dir='ltr'><strong>patere,</strong></span> <span class='ocrx_word' id='word_1_108' title='bbox 1005 1620 1280 1689; x_wconf 89' lang='lat' dir='ltr'><strong>acciperes</strong></span> <span class='ocrx_word' id='word_1_109' title='bbox 1306 1620 1438 1688; x_wconf 88' lang='lat' dir='ltr'><strong>ipse,</strong></span> <span class='ocrx_word' id='word_1_110' title='bbox 1464 1628 1515 1673; x_wconf 90' lang='lat' dir='ltr'><strong>et</strong></span> <span class='ocrx_word' id='word_1_111' title='bbox 1537 1618 1712 1689; x_wconf 80' lang='lat' dir='ltr'><strong>equile</strong></span> <span class='ocrx_word' id='word_1_112' title='bbox 1742 1630 1748 1636; x_wconf 85' lang='lat'><strong><em>‘</em></strong></span> 
     </span>
    </p>
   </div>
   <div class='ocr_carea' id='block_1_14' title="bbox 132 1713 1713 1782">
    <p class='ocr_par' dir='ltr' id='par_1_14' title="bbox 132 1713 1713 1782">
     <span class='ocr_line' id='line_1_14' title="bbox 132 1713 1713 1782; baseline -0.001 -15"><span class='ocrx_word' id='word_1_113' title='bbox 132 1714 468 1782; x_wconf 77' lang='lat' dir='ltr'><strong>stabulnmque</strong></span> <span class='ocrx_word' id='word_1_114' title='bbox 490 1723 836 1779; x_wconf 78' lang='lat' dir='ltr'><strong>exstrueres,</strong></span> <span class='ocrx_word' id='word_1_115' title='bbox 861 1727 923 1766; x_wconf 90' lang='lat' dir='ltr'><strong>ac</strong></span> <span class='ocrx_word' id='word_1_116' title='bbox 945 1720 1213 1781; x_wconf 84' lang='lat' dir='ltr'><strong>pastorem</strong></span> <span class='ocrx_word' id='word_1_117' title='bbox 1237 1713 1541 1781; x_wconf 69' lang='lat' dir='ltr'><strong>praelicercs</strong></span> <span class='ocrx_word' id='word_1_118' title='bbox 1566 1729 1579 1763; x_wconf 86' lang='lat'><strong>:</strong></span> <span class='ocrx_word' id='word_1_119' title='bbox 1604 1726 1713 1781; x_wconf 92' lang='lat' dir='ltr'><strong>quo</strong></span> 
     </span>
    </p>
   </div>
   <div class='ocr_carea' id='block_1_15' title="bbox 131 1801 1708 1874">
    <p class='ocr_par' dir='ltr' id='par_1_15' title="bbox 131 1801 1708 1874">
     <span class='ocr_line' id='line_1_15' title="bbox 131 1801 1708 1874; baseline -0.002 -15"><span class='ocrx_word' id='word_1_120' title='bbox 131 1818 169 1859; x_wconf 81' lang='lat' dir='ltr'><strong>te</strong></span> <span class='ocrx_word' id='word_1_121' title='bbox 202 1821 278 1860; x_wconf 77' lang='lat' dir='ltr'><strong>rex</strong></span> <span class='ocrx_word' id='word_1_122' title='bbox 324 1820 553 1861; x_wconf 87' lang='lat' dir='ltr'><strong>munere</strong></span> <span class='ocrx_word' id='word_1_123' title='bbox 599 1819 710 1859; x_wconf 87' lang='lat' dir='ltr'><strong>non</strong></span> <span class='ocrx_word' id='word_1_124' title='bbox 751 1804 1011 1859; x_wconf 81' lang='lat' dir='ltr'><strong>donaret?</strong></span> <span class='ocrx_word' id='word_1_125' title='bbox 1055 1804 1208 1859; x_wconf 75' lang='lat' dir='ltr'><strong>Nunc</strong></span> <span class='ocrx_word' id='word_1_126' title='bbox 1248 1801 1445 1858; x_wconf 80' lang='lat' dir='ltr'><strong>Christi</strong></span> <span class='ocrx_word' id='word_1_127' title='bbox 1491 1810 1708 1874; x_wconf 84' lang='lat' dir='ltr'><strong>gregem</strong></span> 
     </span>
    </p>
   </div>
   <div class='ocr_carea' id='block_1_16' title="bbox 128 1898 1707 1968">
    <p class='ocr_par' dir='ltr' id='par_1_16' title="bbox 128 1898 1707 1968">
     <span class='ocr_line' id='line_1_16' title="bbox 128 1898 1707 1968; baseline -0.001 -17"><span class='ocrx_word' id='word_1_128' title='bbox 128 1901 296 1968; x_wconf 58' lang='lat' dir='ltr'><strong>colligis</strong></span> <span class='ocrx_word' id='word_1_129' title='bbox 315 1942 329 1962; x_wconf 91' lang='lat'><strong>,</strong></span> <span class='ocrx_word' id='word_1_130' title='bbox 358 1906 723 1968; x_wconf 61' lang='lat' dir='ltr'><strong>tat-pastorem</strong></span> <span class='ocrx_word' id='word_1_131' title='bbox 758 1898 986 1965; x_wconf 72' lang='lat' dir='ltr'><strong>prmlicis</strong></span> <span class='ocrx_word' id='word_1_132' title='bbox 1008 1938 1021 1961; x_wconf 92' lang='lat'><strong>,</strong></span> <span class='ocrx_word' id='word_1_133' title='bbox 1063 1912 1165 1952; x_wconf 87' lang='lat' dir='ltr'><strong>nec</strong></span> <span class='ocrx_word' id='word_1_134' title='bbox 1194 1906 1347 1966; x_wconf 82' lang='lat' dir='ltr'><strong>putas</strong></span> <span class='ocrx_word' id='word_1_135' title='bbox 1380 1907 1430 1953; x_wconf 92' lang='lat' dir='ltr'><strong>te</strong></span> <span class='ocrx_word' id='word_1_136' title='bbox 1459 1912 1707 1966; x_wconf 83' lang='lat' dir='ltr'><strong>maguum</strong></span> 
     </span>
    </p>
   </div>
   <div class='ocr_carea' id='block_1_17' title="bbox 127 1988 1709 2062">
    <p class='ocr_par' dir='ltr' id='par_1_17' title="bbox 127 1988 1709 2062">
     <span class='ocr_line' id='line_1_17' title="bbox 127 1988 1709 2062; baseline -0.001 -19"><span class='ocrx_word' id='word_1_137' title='bbox 127 1992 357 2062; x_wconf 77' lang='lat' dir='ltr'><strong>quidpiam</strong></span> <span class='ocrx_word' id='word_1_138' title='bbox 391 1988 622 2045; x_wconf 76' lang='lat' dir='ltr'><strong>facere?</strong></span> <span class='ocrx_word' id='word_1_139' title='bbox 654 1989 791 2055; x_wconf 80' lang='lat' dir='ltr'><strong>Quid</strong></span> <span class='ocrx_word' id='word_1_140' title='bbox 834 1990 995 2044; x_wconf 89' lang='lat' dir='ltr'><strong>dico?</strong></span> <span class='ocrx_word' id='word_1_141' title='bbox 1039 1990 1093 2044; x_wconf 86' lang='lat' dir='ltr'><strong>Si</strong></span> <span class='ocrx_word' id='word_1_142' title='bbox 1133 1991 1180 2044; x_wconf 91' lang='lat' dir='ltr'><strong>ei</strong></span> <span class='ocrx_word' id='word_1_143' title='bbox 1204 2030 1217 2053; x_wconf 91' lang='lat'><strong>,</strong></span> <span class='ocrx_word' id='word_1_144' title='bbox 1250 1988 1339 2059; x_wconf 87' lang='lat' dir='ltr'><strong>qui</strong></span> <span class='ocrx_word' id='word_1_145' title='bbox 1381 1988 1709 2043; x_wconf 74' lang='lat' dir='ltr'><strong>scandalizat</strong></span> 
     </span>
    </p>
   </div>
   <div class='ocr_carea' id='block_1_18' title="bbox 3346 485 3449 543">
    <p class='ocr_par' dir='ltr' id='par_1_18' title="bbox 3346 485 3449 543">
     <span class='ocr_line' id='line_1_18' title="bbox 3346 485 3449 543; baseline 0 -1"><span class='ocrx_word' id='word_1_146' title='bbox 3346 485 3371 543; x_wconf 77' lang='grc' dir='ltr'>ί</span> <span class='ocrx_word' id='word_1_147' title='bbox 3381 487 3449 543; x_wconf 85' lang='grc'><strong>50</strong></span> 
     </span>
    </p>
   </div>
   <div class='ocr_carea' id='block_1_19' title="bbox 1837 574 3463 670">
    <p class='ocr_par' dir='ltr' id='par_1_19' title="bbox 1837 574 3463 670">
     <span class='ocr_line' id='line_1_19' title="bbox 1837 574 3463 670; baseline -0.001 -13"><span class='ocrx_word' id='word_1_148' title='bbox 1837 604 1998 657; x_wconf 83' lang='lat' dir='ltr'><strong>etiam</strong></span> <span class='ocrx_word' id='word_1_149' title='bbox 2028 617 2214 665; x_wconf 90' lang='lat' dir='ltr'><strong>unum,</strong></span> <span class='ocrx_word' id='word_1_150' title='bbox 2246 610 2449 654; x_wconf 87' lang='lat' dir='ltr'><strong>tantum</strong></span> <span class='ocrx_word' id='word_1_151' title='bbox 2472 598 2797 670; x_wconf 88' lang='lat' dir='ltr'><strong>supplicium</strong></span> <span class='ocrx_word' id='word_1_152' title='bbox 2823 597 3182 654; x_wconf 78' lang='lat' dir='ltr'><strong>comminatur</strong></span> <span class='ocrx_word' id='word_1_153' title='bbox 3211 615 3224 650; x_wconf 76' lang='grc' dir='ltr'>ε</span> <span class='ocrx_word' id='word_1_154' title='bbox 3251 602 3342 670; x_wconf 91' lang='lat' dir='ltr'><strong>qui</strong></span> <span class='ocrx_word' id='word_1_155' title='bbox 3373 574 3463 656; x_wconf 34' lang='lat' dir='ltr'><strong>toti‘</strong></span> 
     </span>
    </p>
   </div>
   <div class='ocr_carea' id='block_1_20' title="bbox 1836 691 3447 758">
    <p class='ocr_par' dir='ltr' id='par_1_20' title="bbox 1836 691 3447 758">
     <span class='ocr_line' id='line_1_20' title="bbox 1836 691 3447 758; baseline -0.001 -9"><span class='ocrx_word' id='word_1_156' title='bbox 1836 704 2014 749; x_wconf 80' lang='lat' dir='ltr'><strong>servat</strong></span> <span class='ocrx_word' id='word_1_157' title='bbox 2046 694 2313 756; x_wconf 82' lang='lat' dir='ltr'><strong>homines,</strong></span> <span class='ocrx_word' id='word_1_158' title='bbox 2342 706 2521 745; x_wconf 80' lang='lat' dir='ltr'><strong>annon</strong></span> <span class='ocrx_word' id='word_1_159' title='bbox 2553 691 2783 745; x_wconf 80' lang='lat' dir='ltr'><strong>salutent</strong></span> <span class='ocrx_word' id='word_1_160' title='bbox 2812 691 3215 758; x_wconf 69' lang='lat' dir='ltr'><strong>consequetur?</strong></span> <span class='ocrx_word' id='word_1_161' title='bbox 3245 691 3447 747; x_wconf 76' lang='lat' dir='ltr'><strong>Conse-</strong></span> 
     </span>
    </p>
   </div>
   <div class='ocr_carea' id='block_1_21' title="bbox 1830 782 3445 855">
    <p class='ocr_par' dir='ltr' id='par_1_21' title="bbox 1830 782 3445 855">
     <span class='ocr_line' id='line_1_21' title="bbox 1830 782 3445 855; baseline -0.001 -15"><span class='ocrx_word' id='word_1_162' title='bbox 1830 798 2025 855; x_wconf 86' lang='lat' dir='ltr'><strong>quetur</strong></span> <span class='ocrx_word' id='word_1_163' title='bbox 2050 797 2215 841; x_wconf 87' lang='lat' dir='ltr'><strong>certe.</strong></span> <span class='ocrx_word' id='word_1_164' title='bbox 2246 784 2526 852; x_wconf 88' lang='lat' dir='ltr'><strong>Quodnam</strong></span> <span class='ocrx_word' id='word_1_165' title='bbox 2558 783 2701 839; x_wconf 88' lang='lat' dir='ltr'><strong>enim</strong></span> <span class='ocrx_word' id='word_1_166' title='bbox 2739 792 2921 852; x_wconf 84' lang='lat' dir='ltr'><strong>postea</strong></span> <span class='ocrx_word' id='word_1_167' title='bbox 2965 792 3243 851; x_wconf 79' lang='lat' dir='ltr'><strong>peccatum</strong></span> <span class='ocrx_word' id='word_1_168' title='bbox 3276 782 3445 838; x_wconf 84' lang='lat' dir='ltr'><strong>habe-</strong></span> 
     </span>
    </p>
   </div>
   <div class='ocr_carea' id='block_1_22' title="bbox 1830 872 3445 943">
    <p class='ocr_par' dir='ltr' id='par_1_22' title="bbox 1830 872 3445 943">
     <span class='ocr_line' id='line_1_22' title="bbox 1830 872 3445 943; baseline 0.001 -13"><span class='ocrx_word' id='word_1_169' title='bbox 1830 876 1946 940; x_wconf 89' lang='lat' dir='ltr'><strong>bit;</strong></span> <span class='ocrx_word' id='word_1_170' title='bbox 1976 877 2056 930; x_wconf 86' lang='lat' dir='ltr'><strong>vel</strong></span> <span class='ocrx_word' id='word_1_171' title='bbox 2088 877 2131 929; x_wconf 90' lang='lat' dir='ltr'><strong>si</strong></span> <span class='ocrx_word' id='word_1_172' title='bbox 2166 876 2398 940; x_wconf 88' lang='lat' dir='ltr'><strong>habeat,</strong></span> <span class='ocrx_word' id='word_1_173' title='bbox 2432 890 2609 927; x_wconf 87' lang='lat' dir='ltr'><strong>annon</strong></span> <span class='ocrx_word' id='word_1_174' title='bbox 2642 872 2846 928; x_wconf 87' lang='lat' dir='ltr'><strong>delebit</strong></span> <span class='ocrx_word' id='word_1_175' title='bbox 2884 872 3051 931; x_wconf 85' lang='lat' dir='ltr'><strong>illud?</strong></span> <span class='ocrx_word' id='word_1_176' title='bbox 3095 876 3137 927; x_wconf 78' lang='grc' dir='ltr'><strong>Α</strong></span> <span class='ocrx_word' id='word_1_177' title='bbox 3179 874 3445 943; x_wconf 84' lang='lat' dir='ltr'><strong>supplicio</strong></span> 
     </span>
    </p>
   </div>
   <div class='ocr_carea' id='block_1_23' title="bbox 1828 966 3445 1038">
    <p class='ocr_par' dir='ltr' id='par_1_23' title="bbox 1828 966 3445 1038">
     <span class='ocr_line' id='line_1_23' title="bbox 1828 966 3445 1038; baseline -0.001 -16"><span class='ocrx_word' id='word_1_178' title='bbox 1828 969 2245 1023; x_wconf 79' lang='lat' dir='ltr'><strong>scattdalizautis</strong></span> <span class='ocrx_word' id='word_1_179' title='bbox 2273 967 2421 1022; x_wconf 81' lang='lat' dir='ltr'><strong>disce</strong></span> <span class='ocrx_word' id='word_1_180' title='bbox 2451 967 2728 1038; x_wconf 66' lang='lat' dir='ltr'><strong>prcemium</strong></span> <span class='ocrx_word' id='word_1_181' title='bbox 2758 966 3047 1023; x_wconf 77' lang='lat' dir='ltr'><strong>servantis.</strong></span> <span class='ocrx_word' id='word_1_182' title='bbox 3074 966 3129 1021; x_wconf 87' lang='lat' dir='ltr'><strong>Si</strong></span> <span class='ocrx_word' id='word_1_183' title='bbox 3163 982 3267 1020; x_wconf 84' lang='lat' dir='ltr'><strong>non</strong></span> <span class='ocrx_word' id='word_1_184' title='bbox 3299 981 3445 1022; x_wconf 71' lang='lat' dir='ltr'><strong>curae</strong></span> 
     </span>
    </p>
   </div>
   <div class='ocr_carea' id='block_1_24' title="bbox 1826 1058 3443 1125">
    <p class='ocr_par' dir='ltr' id='par_1_24' title="bbox 1826 1058 3443 1125">
     <span class='ocr_line' id='line_1_24' title="bbox 1826 1058 3443 1125; baseline -0.002 -9"><span class='ocrx_word' id='word_1_185' title='bbox 1826 1071 1967 1116; x_wconf 82' lang='lat' dir='ltr'><strong>esset</strong></span> <span class='ocrx_word' id='word_1_186' title='bbox 2003 1062 2112 1115; x_wconf 76' lang='lat' dir='ltr'><strong>Duo</strong></span> <span class='ocrx_word' id='word_1_187' title='bbox 2145 1062 2227 1116; x_wconf 77' lang='lat' dir='ltr'><strong>vel</strong></span> <span class='ocrx_word' id='word_1_188' title='bbox 2259 1061 2415 1115; x_wconf 91' lang='lat' dir='ltr'><strong>unius</strong></span> <span class='ocrx_word' id='word_1_189' title='bbox 2446 1061 2642 1114; x_wconf 73' lang='lat' dir='ltr'><strong>anima:</strong></span> <span class='ocrx_word' id='word_1_190' title='bbox 2672 1060 2819 1114; x_wconf 89' lang='lat' dir='ltr'><strong>salus</strong></span> <span class='ocrx_word' id='word_1_191' title='bbox 2844 1100 2859 1125; x_wconf 90' lang='lat'><strong>,</strong></span> <span class='ocrx_word' id='word_1_192' title='bbox 2891 1075 2998 1113; x_wconf 88' lang='lat' dir='ltr'><strong>non</strong></span> <span class='ocrx_word' id='word_1_193' title='bbox 3035 1068 3142 1113; x_wconf 88' lang='lat' dir='ltr'><strong>tam</strong></span> <span class='ocrx_word' id='word_1_194' title='bbox 3178 1058 3443 1113; x_wconf 87' lang='lat' dir='ltr'><strong>irascere-</strong></span> 
     </span>
    </p>
   </div>
   <div class='ocr_carea' id='block_1_25' title="bbox 1827 1149 3513 1219">
    <p class='ocr_par' dir='ltr' id='par_1_25' title="bbox 1827 1149 3513 1219">
     <span class='ocr_line' id='line_1_25' title="bbox 1827 1149 3513 1219; baseline 0 -14"><span class='ocrx_word' id='word_1_195' title='bbox 1827 1163 1914 1206; x_wconf 93' lang='lat' dir='ltr'><strong>tur</strong></span> <span class='ocrx_word' id='word_1_196' title='bbox 1938 1152 2007 1207; x_wconf 92' lang='lat' dir='ltr'><strong>de</strong></span> <span class='ocrx_word' id='word_1_197' title='bbox 2039 1152 2176 1205; x_wconf 91' lang='lat' dir='ltr'><strong>illius</strong></span> <span class='ocrx_word' id='word_1_198' title='bbox 2206 1150 2460 1219; x_wconf 75' lang='lat' dir='ltr'><strong>pernicie.</strong></span> <span class='ocrx_word' id='word_1_199' title='bbox 2492 1150 2618 1204; x_wconf 82' lang='lat' dir='ltr'><strong>Haec</strong></span> <span class='ocrx_word' id='word_1_200' title='bbox 2648 1149 2830 1218; x_wconf 80' lang='lat' dir='ltr'><strong>itaque</strong></span> <span class='ocrx_word' id='word_1_201' title='bbox 2858 1164 2983 1204; x_wconf 90' lang='lat' dir='ltr'><strong>cum</strong></span> <span class='ocrx_word' id='word_1_202' title='bbox 3013 1150 3247 1203; x_wconf 86' lang='lat' dir='ltr'><strong>sciamus</strong></span> <span class='ocrx_word' id='word_1_203' title='bbox 3269 1190 3283 1214; x_wconf 92' lang='lat'><strong>,</strong></span> <span class='ocrx_word' id='word_1_204' title='bbox 3318 1149 3443 1205; x_wconf 87' lang='lat' dir='ltr'><strong>huic</strong></span> <span class='ocrx_word' id='word_1_205' title='bbox 3506 1172 3513 1181; x_wconf 84' lang='grc'><strong>·</strong></span> 
     </span>
    </p>
   </div>
   <div class='ocr_carea' id='block_1_26' title="bbox 1824 1244 3441 1315">
    <p class='ocr_par' dir='ltr' id='par_1_26' title="bbox 1824 1244 3441 1315">
     <span class='ocr_line' id='line_1_26' title="bbox 1824 1244 3441 1315; baseline 0.001 -15"><span class='ocrx_word' id='word_1_206' title='bbox 1824 1245 2084 1314; x_wconf 80' lang='lat' dir='ltr'><strong>Spit’itllali</strong></span> <span class='ocrx_word' id='word_1_207' title='bbox 2115 1245 2263 1315; x_wconf 77' lang='lat' dir='ltr'><strong>operi</strong></span> <span class='ocrx_word' id='word_1_208' title='bbox 2299 1245 2620 1307; x_wconf 76' lang='lat' dir='ltr'><strong>lunrcamus,</strong></span> <span class='ocrx_word' id='word_1_209' title='bbox 2656 1244 3144 1312; x_wconf 74' lang='lat' dir='ltr'><strong>me‘unusqnisque</strong></span> <span class='ocrx_word' id='word_1_210' title='bbox 3178 1255 3351 1306; x_wconf 83' lang='lat' dir='ltr'><strong>vocet,</strong></span> <span class='ocrx_word' id='word_1_211' title='bbox 3386 1254 3441 1301; x_wconf 87' lang='lat' dir='ltr'><strong>et</strong></span> 
     </span>
    </p>
   </div>
   <div class='ocr_carea' id='block_1_27' title="bbox 1826 1334 3437 1405">
    <p class='ocr_par' dir='ltr' id='par_1_27' title="bbox 1826 1334 3437 1405">
     <span class='ocr_line' id='line_1_27' title="bbox 1826 1334 3437 1405; baseline -0.002 -13"><span class='ocrx_word' id='word_1_212' title='bbox 1826 1355 1925 1392; x_wconf 89' lang='lat' dir='ltr'><strong>nos</strong></span> <span class='ocrx_word' id='word_1_213' title='bbox 1955 1338 2113 1391; x_wconf 85' lang='lat' dir='ltr'><strong>simul</strong></span> <span class='ocrx_word' id='word_1_214' title='bbox 2142 1353 2363 1405; x_wconf 81' lang='lat' dir='ltr'><strong>Operam</strong></span> <span class='ocrx_word' id='word_1_215' title='bbox 2401 1337 2649 1389; x_wconf 86' lang='lat' dir='ltr'><strong>dabimus</strong></span> <span class='ocrx_word' id='word_1_216' title='bbox 2700 1352 2795 1403; x_wconf 87' lang='lat' dir='ltr'><strong>pro</strong></span> <span class='ocrx_word' id='word_1_217' title='bbox 2840 1334 3001 1389; x_wconf 77' lang='lat' dir='ltr'><strong>virili.</strong></span> <span class='ocrx_word' id='word_1_218' title='bbox 3045 1334 3111 1388; x_wconf 86' lang='lat' dir='ltr'><strong>Et</strong></span> <span class='ocrx_word' id='word_1_219' title='bbox 3142 1336 3185 1388; x_wconf 91' lang='lat' dir='ltr'><strong>si</strong></span> <span class='ocrx_word' id='word_1_220' title='bbox 3218 1336 3437 1404; x_wconf 80' lang='lat' dir='ltr'><strong>quidem</strong></span> 
     </span>
    </p>
   </div>
   <div class='ocr_carea' id='block_1_28' title="bbox 1824 1425 3437 1497">
    <p class='ocr_par' dir='ltr' id='par_1_28' title="bbox 1824 1425 3437 1497">
     <span class='ocr_line' id='line_1_28' title="bbox 1824 1425 3437 1497; baseline -0.002 -13"><span class='ocrx_word' id='word_1_221' title='bbox 1824 1440 1933 1485; x_wconf 85' lang='lat' dir='ltr'><strong>tres</strong></span> <span class='ocrx_word' id='word_1_222' title='bbox 1978 1428 2171 1483; x_wconf 82' lang='lat' dir='ltr'><strong>iuerint</strong></span> <span class='ocrx_word' id='word_1_223' title='bbox 2220 1443 2559 1497; x_wconf 73' lang='lat' dir='ltr'><strong>possessores</strong></span> <span class='ocrx_word' id='word_1_224' title='bbox 2582 1470 2595 1486; x_wconf 84' lang='lat'><strong>.</strong></span> <span class='ocrx_word' id='word_1_225' title='bbox 2629 1429 2680 1481; x_wconf 92' lang='lat' dir='ltr'><strong>in</strong></span> <span class='ocrx_word' id='word_1_226' title='bbox 2718 1442 3005 1481; x_wconf 88' lang='lat' dir='ltr'><strong>commune</strong></span> <span class='ocrx_word' id='word_1_227' title='bbox 3036 1425 3359 1493; x_wconf 81' lang='lat' dir='ltr'><strong>conferant;</strong></span> <span class='ocrx_word' id='word_1_228' title='bbox 3390 1426 3437 1481; x_wconf 82' lang='lat' dir='ltr'><strong>si</strong></span> 
     </span>
    </p>
   </div>
   <div class='ocr_carea' id='block_1_29' title="bbox 1822 1518 3438 1591">
    <p class='ocr_par' dir='ltr' id='par_1_29' title="bbox 1822 1518 3438 1591">
     <span class='ocr_line' id='line_1_29' title="bbox 1822 1518 3438 1591; baseline -0.002 -16"><span class='ocrx_word' id='word_1_229' title='bbox 1822 1539 1957 1575; x_wconf 65' lang='lat' dir='ltr'><strong>unus</strong></span> <span class='ocrx_word' id='word_1_230' title='bbox 1984 1563 1996 1586; x_wconf 93' lang='lat'><strong>,</strong></span> <span class='ocrx_word' id='word_1_231' title='bbox 2028 1522 2147 1574; x_wconf 86' lang='lat' dir='ltr'><strong>aliis</strong></span> <span class='ocrx_word' id='word_1_232' title='bbox 2186 1535 2397 1591; x_wconf 89' lang='lat' dir='ltr'><strong>quoque</strong></span> <span class='ocrx_word' id='word_1_233' title='bbox 2437 1520 2625 1574; x_wconf 83' lang='lat' dir='ltr'><strong>vicinis</strong></span> <span class='ocrx_word' id='word_1_234' title='bbox 2671 1519 2720 1573; x_wconf 89' lang='lat' dir='ltr'><strong>id</strong></span> <span class='ocrx_word' id='word_1_235' title='bbox 2769 1518 3034 1573; x_wconf 83' lang='lat' dir='ltr'><strong>suadebit.</strong></span> <span class='ocrx_word' id='word_1_236' title='bbox 3071 1518 3302 1572; x_wconf 88' lang='lat' dir='ltr'><strong>Tantum</strong></span> <span class='ocrx_word' id='word_1_237' title='bbox 3337 1518 3438 1572; x_wconf 86' lang='lat' dir='ltr'><strong>hoc</strong></span> 
     </span>
    </p>
   </div>
   <div class='ocr_carea' id='block_1_30' title="bbox 1821 1610 3438 1684">
    <p class='ocr_par' dir='ltr' id='par_1_30' title="bbox 1821 1610 3438 1684">
     <span class='ocr_line' id='line_1_30' title="bbox 1821 1610 3438 1684; baseline -0.002 -16"><span class='ocrx_word' id='word_1_238' title='bbox 1821 1614 2080 1684; x_wconf 84' lang='lat' dir='ltr'><strong>perlicere</strong></span> <span class='ocrx_word' id='word_1_239' title='bbox 2116 1612 2374 1667; x_wconf 79' lang='lat' dir='ltr'><strong>studeatis</strong></span> <span class='ocrx_word' id='word_1_240' title='bbox 2401 1652 2414 1675; x_wconf 91' lang='lat'><strong>,</strong></span> <span class='ocrx_word' id='word_1_241' title='bbox 2448 1613 2676 1667; x_wconf 78' lang='lat' dir='ltr'><strong>obsecro</strong></span> <span class='ocrx_word' id='word_1_242' title='bbox 2702 1654 2716 1677; x_wconf 93' lang='lat'><strong>,</strong></span> <span class='ocrx_word' id='word_1_243' title='bbox 2752 1620 2807 1665; x_wconf 90' lang='lat' dir='ltr'><strong>ut</strong></span> <span class='ocrx_word' id='word_1_244' title='bbox 2848 1611 2993 1665; x_wconf 90' lang='lat' dir='ltr'><strong>onmi</strong></span> <span class='ocrx_word' id='word_1_245' title='bbox 3031 1626 3094 1664; x_wconf 77' lang='lat' dir='ltr'><strong>ex</strong></span> <span class='ocrx_word' id='word_1_246' title='bbox 3138 1621 3288 1679; x_wconf 67' lang='lat' dir='ltr'><strong>parte</strong></span> <span class='ocrx_word' id='word_1_247' title='bbox 3329 1610 3438 1664; x_wconf 86' lang='lat' dir='ltr'><strong>Deo</strong></span> 
     </span>
    </p>
   </div>
   <div class='ocr_carea' id='block_1_31' title="bbox 1821 1700 3439 1775">
    <p class='ocr_par' dir='ltr' id='par_1_31' title="bbox 1821 1700 3439 1775">
     <span class='ocr_line' id='line_1_31' title="bbox 1821 1700 3439 1775; baseline -0.004 -15"><span class='ocrx_word' id='word_1_248' title='bbox 1821 1708 2112 1775; x_wconf 71' lang='lat' dir='ltr'><strong>placentes,</strong></span> <span class='ocrx_word' id='word_1_249' title='bbox 2144 1713 2343 1758; x_wconf 76' lang='lat' dir='ltr'><strong>a-tcrna</strong></span> <span class='ocrx_word' id='word_1_250' title='bbox 2376 1718 2773 1772; x_wconf 73' lang='lat' dir='ltr'><strong>consrquamur</strong></span> <span class='ocrx_word' id='word_1_251' title='bbox 2806 1702 2970 1769; x_wconf 86' lang='lat' dir='ltr'><strong>bona,</strong></span> <span class='ocrx_word' id='word_1_252' title='bbox 2998 1700 3168 1769; x_wconf 86' lang='lat' dir='ltr'><strong>gratia</strong></span> <span class='ocrx_word' id='word_1_253' title='bbox 3200 1708 3255 1754; x_wconf 89' lang='lat' dir='ltr'><strong>et</strong></span> <span class='ocrx_word' id='word_1_254' title='bbox 3286 1700 3439 1754; x_wconf 78' lang='lat' dir='ltr'><strong>beni-</strong></span> 
     </span>
    </p>
   </div>
   <div class='ocr_carea' id='block_1_32' title="bbox 1815 1792 3436 1868">
    <p class='ocr_par' dir='ltr' id='par_1_32' title="bbox 1815 1792 3436 1868">
     <span class='ocr_line' id='line_1_32' title="bbox 1815 1792 3436 1868; baseline -0.005 -17"><span class='ocrx_word' id='word_1_255' title='bbox 1815 1801 2017 1868; x_wconf 80' lang='lat' dir='ltr'><strong>gnitate</strong></span> <span class='ocrx_word' id='word_1_256' title='bbox 2051 1798 2257 1851; x_wconf 79' lang='lat' dir='ltr'><strong>Domini</strong></span> <span class='ocrx_word' id='word_1_257' title='bbox 2289 1798 2457 1850; x_wconf 88' lang='lat' dir='ltr'><strong>nostri</strong></span> <span class='ocrx_word' id='word_1_258' title='bbox 2483 1795 2608 1849; x_wconf 82' lang='lat' dir='ltr'><strong>Jesu</strong></span> <span class='ocrx_word' id='word_1_259' title='bbox 2637 1792 2859 1861; x_wconf 82' lang='lat' dir='ltr'><strong>Christi,</strong></span> <span class='ocrx_word' id='word_1_260' title='bbox 2888 1794 3105 1863; x_wconf 83' lang='lat' dir='ltr'><strong>quicum</strong></span> <span class='ocrx_word' id='word_1_261' title='bbox 3135 1792 3277 1846; x_wconf 82' lang='lat' dir='ltr'><strong>Patri</strong></span> <span class='ocrx_word' id='word_1_262' title='bbox 3307 1806 3436 1846; x_wconf 54' lang='lat' dir='ltr'><strong>unae</strong></span> 
     </span>
    </p>
   </div>
   <div class='ocr_carea' id='block_1_33' title="bbox 1817 1886 3435 1962">
    <p class='ocr_par' dir='ltr' id='par_1_33' title="bbox 1817 1886 3435 1962">
     <span class='ocr_line' id='line_1_33' title="bbox 1817 1886 3435 1962; baseline -0.003 -18"><span class='ocrx_word' id='word_1_263' title='bbox 1817 1909 1923 1962; x_wconf 88' lang='lat' dir='ltr'><strong>que</strong></span> <span class='ocrx_word' id='word_1_264' title='bbox 1951 1891 2170 1961; x_wconf 82' lang='lat' dir='ltr'><strong>Spiritui</strong></span> <span class='ocrx_word' id='word_1_265' title='bbox 2201 1900 2387 1944; x_wconf 87' lang='lat' dir='ltr'><strong>sancto</strong></span> <span class='ocrx_word' id='word_1_266' title='bbox 2415 1887 2609 1959; x_wconf 80' lang='lat' dir='ltr'><strong>gloria,</strong></span> <span class='ocrx_word' id='word_1_267' title='bbox 2642 1888 2948 1957; x_wconf 88' lang='lat' dir='ltr'><strong>imperium,</strong></span> <span class='ocrx_word' id='word_1_268' title='bbox 2983 1886 3176 1953; x_wconf 90' lang='lat' dir='ltr'><strong>honor,</strong></span> <span class='ocrx_word' id='word_1_269' title='bbox 3213 1900 3355 1940; x_wconf 89' lang='lat' dir='ltr'><strong>nunc</strong></span> <span class='ocrx_word' id='word_1_270' title='bbox 3379 1894 3435 1940; x_wconf 88' lang='lat' dir='ltr'><strong>et</strong></span> 
     </span>
    </p>
   </div>
   <div class='ocr_carea' id='block_1_34' title="bbox 1816 1982 3042 2055">
    <p class='ocr_par' dir='ltr' id='par_1_34' title="bbox 1816 1982 3042 2055">
     <span class='ocr_line' id='line_1_34' title="bbox 1816 1982 3042 2055; baseline -0.006 -16"><span class='ocrx_word' id='word_1_271' title='bbox 1816 2000 2053 2055; x_wconf 87' lang='lat' dir='ltr'><strong>semper,</strong></span> <span class='ocrx_word' id='word_1_272' title='bbox 2081 1993 2135 2037; x_wconf 85' lang='lat' dir='ltr'><strong>et</strong></span> <span class='ocrx_word' id='word_1_273' title='bbox 2167 1984 2217 2037; x_wconf 88' lang='lat' dir='ltr'><strong>itt</strong></span> <span class='ocrx_word' id='word_1_274' title='bbox 2249 1983 2447 2037; x_wconf 77' lang='lat' dir='ltr'><strong>szecula</strong></span> <span class='ocrx_word' id='word_1_275' title='bbox 2476 1982 2818 2037; x_wconf 70' lang='lat' dir='ltr'><strong>smculorttm.</strong></span> <span class='ocrx_word' id='word_1_276' title='bbox 2850 1982 3042 2034; x_wconf 83' lang='lat' dir='ltr'><strong>Amen.</strong></span> 
     </span>
    </p>
   </div>
   <div class='ocr_carea' id='block_1_35' title="bbox 132 2107 3423 2145">
    <p class='ocr_par' dir='ltr' id='par_1_35' title="bbox 132 2107 3423 2145">
     <span class='ocr_line' id='line_1_35' title="bbox 132 2107 3423 2145; baseline 0.011 -22"><span class='ocrx_word' id='word_1_277' title='bbox 132 2107 3423 2145; x_wconf 52' lang='lat' dir='ltr'><strong>_.________——_———————-——————-—-e——-————————-—‘</strong></span> 
     </span>
    </p>
   </div>
   <div class='ocr_carea' id='block_1_36' title="bbox 1463 2195 2027 2257">
    <p class='ocr_par' dir='ltr' id='par_1_36' title="bbox 1463 2195 2027 2257">
     <span class='ocr_line' id='line_1_36' title="bbox 1463 2195 2027 2257; baseline -0.007 0"><span class='ocrx_word' id='word_1_278' title='bbox 1463 2196 1803 2257; x_wconf 84' lang='lat' dir='ltr'><strong>HOMILIA</strong></span> <span class='ocrx_word' id='word_1_279' title='bbox 1851 2195 2027 2255; x_wconf 81' lang='lat' dir='ltr'><strong>XIX.</strong></span> 
     </span>
    </p>
   </div>
   <div class='ocr_carea' id='block_1_37' title="bbox 123 2346 1699 2423">
    <p class='ocr_par' dir='ltr' id='par_1_37' title="bbox 123 2346 1699 2423">
     <span class='ocr_line' id='line_1_37' title="bbox 123 2346 1699 2423; baseline -0.007 -15"><span class='ocrx_word' id='word_1_280' title='bbox 123 2350 221 2408; x_wconf 63' lang='grc' dir='ltr'><strong>(Δι’.</strong></span> <span class='ocrx_word' id='word_1_281' title='bbox 266 2352 314 2409; x_wconf 82' lang='grc'><strong>8.</strong></span> <span class='ocrx_word' id='word_1_282' title='bbox 365 2369 419 2410; x_wconf 81' lang='lat' dir='ltr'><strong>v.</strong></span> <span class='ocrx_word' id='word_1_283' title='bbox 467 2354 567 2410; x_wconf 73' lang='lat'><strong>26.</strong></span> <span class='ocrx_word' id='word_1_284' title='bbox 631 2354 851 2423; x_wconf 76' lang='lat' dir='ltr'><strong>Angelus</strong></span> <span class='ocrx_word' id='word_1_285' title='bbox 905 2360 1075 2404; x_wconf 89' lang='lat' dir='ltr'><strong>autem</strong></span> <span class='ocrx_word' id='word_1_286' title='bbox 1120 2348 1323 2403; x_wconf 85' lang='lat' dir='ltr'><strong>Domini</strong></span> <span class='ocrx_word' id='word_1_287' title='bbox 1356 2346 1594 2416; x_wconf 85' lang='lat' dir='ltr'><strong>loquutus</strong></span> <span class='ocrx_word' id='word_1_288' title='bbox 1624 2353 1699 2397; x_wconf 84' lang='lat' dir='ltr'><strong>est</strong></span> 
     </span>
    </p>
   </div>
   <div class='ocr_carea' id='block_1_38' title="bbox 175 2439 1693 2516">
    <p class='ocr_par' dir='ltr' id='par_1_38' title="bbox 175 2439 1693 2516">
     <span class='ocr_line' id='line_1_38' title="bbox 175 2439 1693 2516; baseline -0.005 -21"><span class='ocrx_word' id='word_1_289' title='bbox 175 2445 234 2496; x_wconf 84' lang='lat' dir='ltr'><strong>ad</strong></span> <span class='ocrx_word' id='word_1_290' title='bbox 262 2443 587 2516; x_wconf 78' lang='lat' dir='ltr'><strong>Philippum,</strong></span> <span class='ocrx_word' id='word_1_291' title='bbox 620 2447 793 2499; x_wconf 84' lang='lat' dir='ltr'><strong>dicens</strong></span> <span class='ocrx_word' id='word_1_292' title='bbox 824 2461 841 2498; x_wconf 91' lang='lat'><strong><em>:</em></strong></span> <span class='ocrx_word' id='word_1_293' title='bbox 868 2443 1039 2513; x_wconf 81' lang='lat' dir='ltr'><strong>Surge</strong></span> <span class='ocrx_word' id='word_1_294' title='bbox 1080 2452 1125 2495; x_wconf 92' lang='lat' dir='ltr'><strong>et</strong></span> <span class='ocrx_word' id='word_1_295' title='bbox 1170 2440 1295 2495; x_wconf 87' lang='lat' dir='ltr'><strong>vade</strong></span> <span class='ocrx_word' id='word_1_296' title='bbox 1336 2447 1513 2492; x_wconf 77' lang='lat' dir='ltr'><strong>contra</strong></span> <span class='ocrx_word' id='word_1_297' title='bbox 1542 2439 1693 2489; x_wconf 84' lang='lat' dir='ltr'><strong>nteri-</strong></span> 
     </span>
    </p>
   </div>
   <div class='ocr_carea' id='block_1_39' title="bbox 175 2528 1697 2606">
    <p class='ocr_par' dir='ltr' id='par_1_39' title="bbox 175 2528 1697 2606">
     <span class='ocr_line' id='line_1_39' title="bbox 175 2528 1697 2606; baseline -0.001 -20"><span class='ocrx_word' id='word_1_298' title='bbox 175 2535 312 2599; x_wconf 73' lang='lat' dir='ltr'><strong>diem,</strong></span> <span class='ocrx_word' id='word_1_299' title='bbox 342 2536 410 2589; x_wconf 88' lang='lat' dir='ltr'><strong>ad</strong></span> <span class='ocrx_word' id='word_1_300' title='bbox 432 2540 573 2589; x_wconf 74' lang='lat' dir='ltr'><strong>viam</strong></span> <span class='ocrx_word' id='word_1_301' title='bbox 602 2552 715 2606; x_wconf 76' lang='lat' dir='ltr'><strong>qua:</strong></span> <span class='ocrx_word' id='word_1_302' title='bbox 736 2534 991 2588; x_wconf 87' lang='lat' dir='ltr'><strong>descendit</strong></span> <span class='ocrx_word' id='word_1_303' title='bbox 1017 2550 1049 2586; x_wconf 92' lang='lat' dir='ltr'><strong>a</strong></span> <span class='ocrx_word' id='word_1_304' title='bbox 1069 2531 1357 2586; x_wconf 78' lang='lat' dir='ltr'><strong>Jerusalem</strong></span> <span class='ocrx_word' id='word_1_305' title='bbox 1382 2532 1434 2583; x_wconf 88' lang='lat' dir='ltr'><strong>in</strong></span> <span class='ocrx_word' id='word_1_306' title='bbox 1467 2528 1659 2583; x_wconf 68' lang='lat' dir='ltr'><strong>Gazam</strong></span> <span class='ocrx_word' id='word_1_307' title='bbox 1676 2543 1697 2584; x_wconf 84' lang='lat'><strong>.&#39;</strong></span> 
     </span>
    </p>
   </div>
   <div class='ocr_carea' id='block_1_40' title="bbox 176 2625 1265 2697">
    <p class='ocr_par' dir='ltr' id='par_1_40' title="bbox 176 2625 1265 2697">
     <span class='ocr_line' id='line_1_40' title="bbox 176 2625 1265 2697; baseline -0.001 -20"><span class='ocrx_word' id='word_1_308' title='bbox 176 2627 268 2679; x_wconf 72' lang='lat' dir='ltr'><strong>hac</strong></span> <span class='ocrx_word' id='word_1_309' title='bbox 291 2640 359 2681; x_wconf 83' lang='lat' dir='ltr'><strong>est</strong></span> <span class='ocrx_word' id='word_1_310' title='bbox 403 2630 631 2682; x_wconf 82' lang='lat' dir='ltr'><strong>deserta.</strong></span> <span class='ocrx_word' id='word_1_311' title='bbox 674 2627 764 2681; x_wconf 69' lang='lat'><strong>27.</strong></span> <span class='ocrx_word' id='word_1_312' title='bbox 797 2626 861 2680; x_wconf 77' lang='lat' dir='ltr'><strong>Et</strong></span> <span class='ocrx_word' id='word_1_313' title='bbox 887 2642 1097 2697; x_wconf 76' lang='lat' dir='ltr'><strong>surgens</strong></span> <span class='ocrx_word' id='word_1_314' title='bbox 1125 2625 1265 2678; x_wconf 87' lang='lat' dir='ltr'><strong>abiit.</strong></span> 
     </span>
    </p>
   </div>
   <div class='ocr_carea' id='block_1_41' title="bbox 179 2717 1698 2787">
    <p class='ocr_par' dir='ltr' id='par_1_41' title="bbox 179 2717 1698 2787">
     <span class='ocr_line' id='line_1_41' title="bbox 179 2717 1698 2787; baseline 0 -16"><span class='ocrx_word' id='word_1_315' title='bbox 179 2718 219 2771; x_wconf 89' lang='lat' dir='ltr'><strong>l.</strong></span> <span class='ocrx_word' id='word_1_316' title='bbox 250 2719 465 2774; x_wconf 61' lang='lat' dir='ltr'><strong>Vidi-tur</strong></span> <span class='ocrx_word' id='word_1_317' title='bbox 498 2721 632 2775; x_wconf 86' lang='lat' dir='ltr'><strong>mihi</strong></span> <span class='ocrx_word' id='word_1_318' title='bbox 663 2722 763 2774; x_wconf 87' lang='lat' dir='ltr'><strong>hoc</strong></span> <span class='ocrx_word' id='word_1_319' title='bbox 787 2720 1096 2773; x_wconf 84' lang='lat' dir='ltr'><strong>mandatum</strong></span> <span class='ocrx_word' id='word_1_320' title='bbox 1136 2717 1429 2787; x_wconf 80' lang='lat' dir='ltr'><strong>accepisse,</strong></span> <span class='ocrx_word' id='word_1_321' title='bbox 1463 2732 1581 2771; x_wconf 86' lang='lat' dir='ltr'><strong>eum</strong></span> <span class='ocrx_word' id='word_1_322' title='bbox 1610 2732 1698 2771; x_wconf 90' lang='lat' dir='ltr'><strong>es-</strong></span> 
     </span>
    </p>
   </div>
   <div class='ocr_carea' id='block_1_42' title="bbox 125 2809 1697 2881">
    <p class='ocr_par' dir='ltr' id='par_1_42' title="bbox 125 2809 1697 2881">
     <span class='ocr_line' id='line_1_42' title="bbox 125 2809 1697 2881; baseline 0 -21"><span class='ocrx_word' id='word_1_323' title='bbox 125 2819 185 2861; x_wconf 81' lang='lat' dir='ltr'><strong>set</strong></span> <span class='ocrx_word' id='word_1_324' title='bbox 209 2811 253 2864; x_wconf 90' lang='lat' dir='ltr'><strong>in</strong></span> <span class='ocrx_word' id='word_1_325' title='bbox 273 2810 509 2866; x_wconf 67' lang='lat' dir='ltr'><strong>Sttttaria</strong></span> <span class='ocrx_word' id='word_1_326' title='bbox 537 2830 552 2878; x_wconf 94' lang='lat'><strong>;</strong></span> <span class='ocrx_word' id='word_1_327' title='bbox 585 2812 705 2881; x_wconf 88' lang='lat' dir='ltr'><strong>quia</strong></span> <span class='ocrx_word' id='word_1_328' title='bbox 729 2812 796 2864; x_wconf 90' lang='lat' dir='ltr'><strong>ab</strong></span> <span class='ocrx_word' id='word_1_329' title='bbox 816 2811 1168 2881; x_wconf 78' lang='lat' dir='ltr'><strong>Jcrosolytnis</strong></span> <span class='ocrx_word' id='word_1_330' title='bbox 1200 2826 1305 2863; x_wconf 88' lang='lat' dir='ltr'><strong>non</strong></span> <span class='ocrx_word' id='word_1_331' title='bbox 1333 2818 1519 2862; x_wconf 85' lang='lat' dir='ltr'><strong>contra</strong></span> <span class='ocrx_word' id='word_1_332' title='bbox 1541 2809 1697 2861; x_wconf 85' lang='lat' dir='ltr'><strong>meri-</strong></span> 
     </span>
    </p>
   </div>
   <div class='ocr_carea' id='block_1_43' title="bbox 123 2898 1695 2971">
    <p class='ocr_par' dir='ltr' id='par_1_43' title="bbox 123 2898 1695 2971">
     <span class='ocr_line' id='line_1_43' title="bbox 123 2898 1695 2971; baseline 0.001 -21"><span class='ocrx_word' id='word_1_333' title='bbox 123 2899 234 2951; x_wconf 85' lang='lat' dir='ltr'><strong>diem</strong></span> <span class='ocrx_word' id='word_1_334' title='bbox 252 2902 364 2969; x_wconf 79' lang='lat' dir='ltr'><strong>quis</strong></span> <span class='ocrx_word' id='word_1_335' title='bbox 380 2904 529 2956; x_wconf 80' lang='lat' dir='ltr'><strong>vadit</strong></span> <span class='ocrx_word' id='word_1_336' title='bbox 558 2903 595 2966; x_wconf 80' lang='grc'><strong>³,</strong></span> <span class='ocrx_word' id='word_1_337' title='bbox 620 2902 713 2957; x_wconf 87' lang='lat' dir='ltr'><strong>sed</strong></span> <span class='ocrx_word' id='word_1_338' title='bbox 738 2912 921 2956; x_wconf 89' lang='lat' dir='ltr'><strong>contra</strong></span> <span class='ocrx_word' id='word_1_339' title='bbox 942 2901 1386 2971; x_wconf 86' lang='lat' dir='ltr'><strong>septentriom-m;</strong></span> <span class='ocrx_word' id='word_1_340' title='bbox 1408 2916 1437 2951; x_wconf 87' lang='lat' dir='ltr'><strong>a</strong></span> <span class='ocrx_word' id='word_1_341' title='bbox 1457 2898 1695 2953; x_wconf 79' lang='lat' dir='ltr'><strong>Samaria</strong></span> 
     </span>
    </p>
   </div>
   <div class='ocr_carea' id='block_1_44' title="bbox 128 2988 1697 3053">
    <p class='ocr_par' dir='ltr' id='par_1_44' title="bbox 128 2988 1697 3053">
     <span class='ocr_line' id='line_1_44' title="bbox 128 2988 1697 3053; baseline 0.002 -15"><span class='ocrx_word' id='word_1_342' title='bbox 128 3006 226 3042; x_wconf 69' lang='lat' dir='ltr'><strong>vero</strong></span> <span class='ocrx_word' id='word_1_343' title='bbox 250 3005 429 3046; x_wconf 73' lang='lat' dir='ltr'><strong>contra</strong></span> <span class='ocrx_word' id='word_1_344' title='bbox 463 2993 771 3048; x_wconf 89' lang='lat' dir='ltr'><strong>meridiem.</strong></span> <span class='ocrx_word' id='word_1_345' title='bbox 810 2991 933 3046; x_wconf 79' lang='lat' dir='ltr'><strong>Htec</strong></span> <span class='ocrx_word' id='word_1_346' title='bbox 963 3000 1037 3045; x_wconf 87' lang='lat' dir='ltr'><strong>est</strong></span> <span class='ocrx_word' id='word_1_347' title='bbox 1057 2990 1276 3045; x_wconf 87' lang='lat' dir='ltr'><strong>deserta.</strong></span> <span class='ocrx_word' id='word_1_348' title='bbox 1307 2990 1417 3043; x_wconf 88' lang='lat' dir='ltr'><strong>lloe</strong></span> <span class='ocrx_word' id='word_1_349' title='bbox 1457 2988 1604 3053; x_wconf 89' lang='lat' dir='ltr'><strong>dicit,</strong></span> <span class='ocrx_word' id='word_1_350' title='bbox 1642 2997 1697 3042; x_wconf 90' lang='lat' dir='ltr'><strong>ttt</strong></span> 
     </span>
    </p>
   </div>
   <div class='ocr_carea' id='block_1_45' title="bbox 125 3082 1696 3151">
    <p class='ocr_par' dir='ltr' id='par_1_45' title="bbox 125 3082 1696 3151">
     <span class='ocr_line' id='line_1_45' title="bbox 125 3082 1696 3151; baseline 0.001 -20"><span class='ocrx_word' id='word_1_351' title='bbox 125 3096 173 3133; x_wconf 85' lang='lat' dir='ltr'><strong>ne</strong></span> <span class='ocrx_word' id='word_1_352' title='bbox 196 3084 359 3139; x_wconf 82' lang='lat' dir='ltr'><strong>timeat</strong></span> <span class='ocrx_word' id='word_1_353' title='bbox 400 3084 717 3140; x_wconf 71' lang='lat' dir='ltr'><strong>Judmornm</strong></span> <span class='ocrx_word' id='word_1_354' title='bbox 748 3084 1042 3139; x_wconf 90' lang='lat' dir='ltr'><strong>incursum.</strong></span> <span class='ocrx_word' id='word_1_355' title='bbox 1078 3082 1187 3137; x_wconf 86' lang='lat' dir='ltr'><strong>Nec</strong></span> <span class='ocrx_word' id='word_1_356' title='bbox 1214 3084 1535 3151; x_wconf 80' lang='lat' dir='ltr'><strong>interrogat,</strong></span> <span class='ocrx_word' id='word_1_357' title='bbox 1559 3096 1696 3150; x_wconf 88' lang='lat' dir='ltr'><strong>qua-</strong></span> 
     </span>
    </p>
   </div>
   <div class='ocr_carea' id='block_1_46' title="bbox 126 3172 1695 3247">
    <p class='ocr_par' dir='ltr' id='par_1_46' title="bbox 126 3172 1695 3247">
     <span class='ocr_line' id='line_1_46' title="bbox 126 3172 1695 3247; baseline 0.002 -25"><span class='ocrx_word' id='word_1_358' title='bbox 126 3173 197 3225; x_wconf 77' lang='lat' dir='ltr'><strong>te?</strong></span> <span class='ocrx_word' id='word_1_359' title='bbox 242 3175 326 3229; x_wconf 86' lang='lat' dir='ltr'><strong>sed</strong></span> <span class='ocrx_word' id='word_1_360' title='bbox 368 3190 604 3247; x_wconf 63' lang='lat' dir='ltr'><strong>surgens</strong></span> <span class='ocrx_word' id='word_1_361' title='bbox 657 3176 811 3231; x_wconf 90' lang='lat' dir='ltr'><strong>abiit.</strong></span> <span class='ocrx_word' id='word_1_362' title='bbox 843 3175 908 3229; x_wconf 86' lang='lat' dir='ltr'><strong>Et</strong></span> <span class='ocrx_word' id='word_1_363' title='bbox 949 3191 1082 3243; x_wconf 85' lang='lat' dir='ltr'><strong>ecce,</strong></span> <span class='ocrx_word' id='word_1_364' title='bbox 1117 3174 1307 3244; x_wconf 85' lang='lat' dir='ltr'><strong>inquit,</strong></span> <span class='ocrx_word' id='word_1_365' title='bbox 1341 3175 1417 3227; x_wconf 87' lang='lat' dir='ltr'><strong>vir</strong></span> <span class='ocrx_word' id='word_1_366' title='bbox 1441 3172 1695 3242; x_wconf 62' lang='lat' dir='ltr'><strong>Ai&#39;tltiops</strong></span> 
     </span>
    </p>
   </div>
   <div class='ocr_carea' id='block_1_47' title="bbox 124 3266 1695 3341">
    <p class='ocr_par' dir='ltr' id='par_1_47' title="bbox 124 3266 1695 3341">
     <span class='ocr_line' id='line_1_47' title="bbox 124 3266 1695 3341; baseline 0.003 -27"><span class='ocrx_word' id='word_1_367' title='bbox 124 3266 362 3332; x_wconf 72' lang='lat' dir='ltr'><strong>unuchus,</strong></span> <span class='ocrx_word' id='word_1_368' title='bbox 394 3280 578 3339; x_wconf 84' lang='lat' dir='ltr'><strong>potens</strong></span> <span class='ocrx_word' id='word_1_369' title='bbox 600 3267 853 3341; x_wconf 74' lang='lat' dir='ltr'><strong>Candacis</strong></span> <span class='ocrx_word' id='word_1_370' title='bbox 896 3271 1084 3339; x_wconf 70' lang='lat' dir='ltr'><strong>regina&#39;</strong></span> <span class='ocrx_word' id='word_1_371' title='bbox 1109 3266 1441 3338; x_wconf 63' lang='lat' dir='ltr'><strong>zEthiopum,</strong></span> <span class='ocrx_word' id='word_1_372' title='bbox 1471 3266 1557 3332; x_wconf 90' lang='lat' dir='ltr'><strong>qui</strong></span> <span class='ocrx_word' id='word_1_373' title='bbox 1586 3274 1695 3319; x_wconf 90' lang='lat' dir='ltr'><strong>erat</strong></span> 
     </span>
    </p>
   </div>
   <div class='ocr_carea' id='block_1_48' title="bbox 124 3358 1693 3432">
    <p class='ocr_par' dir='ltr' id='par_1_48' title="bbox 124 3358 1693 3432">
     <span class='ocr_line' id='line_1_48' title="bbox 124 3358 1693 3432; baseline 0.002 -24"><span class='ocrx_word' id='word_1_374' title='bbox 124 3370 244 3422; x_wconf 71' lang='lat' dir='ltr'><strong>super</strong></span> <span class='ocrx_word' id='word_1_375' title='bbox 269 3374 461 3414; x_wconf 87' lang='lat' dir='ltr'><strong>omnem</strong></span> <span class='ocrx_word' id='word_1_376' title='bbox 491 3377 676 3432; x_wconf 76' lang='lat' dir='ltr'><strong>gazam</strong></span> <span class='ocrx_word' id='word_1_377' title='bbox 708 3362 838 3428; x_wconf 89' lang='lat' dir='ltr'><strong>ejus,</strong></span> <span class='ocrx_word' id='word_1_378' title='bbox 867 3362 955 3430; x_wconf 87' lang='lat' dir='ltr'><strong>qui</strong></span> <span class='ocrx_word' id='word_1_379' title='bbox 985 3370 1191 3415; x_wconf 88' lang='lat' dir='ltr'><strong>venerat</strong></span> <span class='ocrx_word' id='word_1_380' title='bbox 1222 3361 1441 3414; x_wconf 86' lang='lat' dir='ltr'><strong>adorare</strong></span> <span class='ocrx_word' id='word_1_381' title='bbox 1460 3360 1512 3413; x_wconf 85' lang='lat' dir='ltr'><strong>in</strong></span> <span class='ocrx_word' id='word_1_382' title='bbox 1534 3358 1693 3413; x_wconf 82' lang='lat' dir='ltr'><strong>Jeru-</strong></span> 
     </span>
    </p>
   </div>
   <div class='ocr_carea' id='block_1_49' title="bbox 124 3446 1689 3521">
    <p class='ocr_par' dir='ltr' id='par_1_49' title="bbox 124 3446 1689 3521">
     <span class='ocr_line' id='line_1_49' title="bbox 124 3446 1689 3521; baseline 0.003 -23"><span class='ocrx_word' id='word_1_383' title='bbox 124 3446 263 3499; x_wconf 74' lang='lat' dir='ltr'><strong>talem.</strong></span> <span class='ocrx_word' id='word_1_384' title='bbox 283 3449 368 3503; x_wconf 71' lang='lat'><strong>28.</strong></span> <span class='ocrx_word' id='word_1_385' title='bbox 399 3451 467 3505; x_wconf 81' lang='lat' dir='ltr'><strong>Et</strong></span> <span class='ocrx_word' id='word_1_386' title='bbox 494 3452 841 3507; x_wconf 72' lang='lat' dir='ltr'><strong>revertebatur</strong></span> <span class='ocrx_word' id='word_1_387' title='bbox 877 3452 1056 3507; x_wconf 88' lang='lat' dir='ltr'><strong>sedens</strong></span> <span class='ocrx_word' id='word_1_388' title='bbox 1092 3467 1249 3521; x_wconf 81' lang='lat' dir='ltr'><strong>super</strong></span> <span class='ocrx_word' id='word_1_389' title='bbox 1275 3459 1652 3507; x_wconf 64' lang='lat' dir='ltr'><strong>cuﬂumsuum</strong></span> <span class='ocrx_word' id='word_1_390' title='bbox 1672 3490 1689 3517; x_wconf 89' lang='lat'><strong>,</strong></span> 
     </span>
    </p>
   </div>
   <div class='ocr_carea' id='block_1_50' title="bbox 123 3540 1694 3615">
    <p class='ocr_par' dir='ltr' id='par_1_50' title="bbox 123 3540 1694 3615">
     <span class='ocr_line' id='line_1_50' title="bbox 123 3540 1694 3615; baseline 0.007 -26"><span class='ocrx_word' id='word_1_391' title='bbox 123 3548 156 3587; x_wconf 77' lang='lat' dir='ltr'><strong>et</strong></span> <span class='ocrx_word' id='word_1_392' title='bbox 175 3540 343 3610; x_wconf 76' lang='lat' dir='ltr'><strong>legebat</strong></span> <span class='ocrx_word' id='word_1_393' title='bbox 368 3542 566 3598; x_wconf 84' lang='lat' dir='ltr'><strong>Isaiam</strong></span> <span class='ocrx_word' id='word_1_394' title='bbox 593 3547 915 3615; x_wconf 87' lang='lat' dir='ltr'><strong>prophetam.</strong></span> <span class='ocrx_word' id='word_1_395' title='bbox 936 3546 1139 3615; x_wconf 85' lang='lat' dir='ltr'><strong>Magnis</strong></span> <span class='ocrx_word' id='word_1_396' title='bbox 1164 3546 1249 3600; x_wconf 94' lang='lat' dir='ltr'><strong>hic</strong></span> <span class='ocrx_word' id='word_1_397' title='bbox 1276 3546 1523 3599; x_wconf 88' lang='lat' dir='ltr'><strong>laudibus</strong></span> <span class='ocrx_word' id='word_1_398' title='bbox 1552 3546 1694 3600; x_wconf 82' lang='lat' dir='ltr'><strong>cele—</strong></span> 
     </span>
    </p>
   </div>
   <div class='ocr_carea' id='block_1_51' title="bbox 126 3630 1693 3712">
    <p class='ocr_par' dir='ltr' id='par_1_51' title="bbox 126 3630 1693 3712">
     <span class='ocr_line' id='line_1_51' title="bbox 126 3630 1693 3712; baseline 0.007 -30"><span class='ocrx_word' id='word_1_399' title='bbox 126 3630 304 3688; x_wconf 75' lang='lat' dir='ltr'><strong>bratur:</strong></span> <span class='ocrx_word' id='word_1_400' title='bbox 329 3636 595 3708; x_wconf 86' lang='lat' dir='ltr'><strong>siquidem</strong></span> <span class='ocrx_word' id='word_1_401' title='bbox 634 3640 687 3693; x_wconf 90' lang='lat' dir='ltr'><strong>itt</strong></span> <span class='ocrx_word' id='word_1_402' title='bbox 715 3638 989 3709; x_wconf 68' lang='lat' dir='ltr'><strong>)Ethinpia</strong></span> <span class='ocrx_word' id='word_1_403' title='bbox 1016 3655 1261 3705; x_wconf 86' lang='lat' dir='ltr'><strong>manens,</strong></span> <span class='ocrx_word' id='word_1_404' title='bbox 1286 3650 1339 3695; x_wconf 90' lang='lat' dir='ltr'><strong>et</strong></span> <span class='ocrx_word' id='word_1_405' title='bbox 1365 3649 1441 3712; x_wconf 76' lang='lat' dir='ltr'><strong>tot</strong></span> <span class='ocrx_word' id='word_1_406' title='bbox 1465 3639 1693 3710; x_wconf 85' lang='lat' dir='ltr'><strong>neg0tiis</strong></span> 
     </span>
    </p>
   </div>
   <div class='ocr_carea' id='block_1_52' title="bbox 126 3726 1693 3803">
    <p class='ocr_par' dir='ltr' id='par_1_52' title="bbox 126 3726 1693 3803">
     <span class='ocr_line' id='line_1_52' title="bbox 126 3726 1693 3803; baseline 0.009 -27"><span class='ocrx_word' id='word_1_407' title='bbox 126 3726 327 3796; x_wconf 77' lang='lat' dir='ltr'><strong>obrutus,</strong></span> <span class='ocrx_word' id='word_1_408' title='bbox 359 3748 481 3789; x_wconf 89' lang='lat' dir='ltr'><strong>cum</strong></span> <span class='ocrx_word' id='word_1_409' title='bbox 515 3733 635 3789; x_wconf 88' lang='lat' dir='ltr'><strong>dies</strong></span> <span class='ocrx_word' id='word_1_410' title='bbox 659 3733 828 3790; x_wconf 81' lang='lat' dir='ltr'><strong>festus</strong></span> <span class='ocrx_word' id='word_1_411' title='bbox 860 3752 965 3790; x_wconf 89' lang='lat' dir='ltr'><strong>non</strong></span> <span class='ocrx_word' id='word_1_412' title='bbox 995 3736 1160 3802; x_wconf 87' lang='lat' dir='ltr'><strong>esset,</strong></span> <span class='ocrx_word' id='word_1_413' title='bbox 1193 3746 1247 3790; x_wconf 89' lang='lat' dir='ltr'><strong>et</strong></span> <span class='ocrx_word' id='word_1_414' title='bbox 1274 3736 1327 3791; x_wconf 90' lang='lat' dir='ltr'><strong>in</strong></span> <span class='ocrx_word' id='word_1_415' title='bbox 1350 3736 1693 3803; x_wconf 84' lang='lat' dir='ltr'><strong>superstitio-</strong></span> 
     </span>
    </p>
   </div>
   <div class='ocr_carea' id='block_1_53' title="bbox 128 3819 1691 3895">
    <p class='ocr_par' dir='ltr' id='par_1_53' title="bbox 128 3819 1691 3895">
     <span class='ocr_line' id='line_1_53' title="bbox 128 3819 1691 3895; baseline 0.011 -28"><span class='ocrx_word' id='word_1_416' title='bbox 128 3819 251 3876; x_wconf 88' lang='lat' dir='ltr'><strong>nibus</strong></span> <span class='ocrx_word' id='word_1_417' title='bbox 287 3824 460 3881; x_wconf 85' lang='lat' dir='ltr'><strong>dedita</strong></span> <span class='ocrx_word' id='word_1_418' title='bbox 493 3828 717 3884; x_wconf 86' lang='lat' dir='ltr'><strong>civitate</strong></span> <span class='ocrx_word' id='word_1_419' title='bbox 747 3838 1075 3895; x_wconf 80' lang='lat' dir='ltr'><strong>versaretur,</strong></span> <span class='ocrx_word' id='word_1_420' title='bbox 1105 3830 1249 3883; x_wconf 87' lang='lat' dir='ltr'><strong>venit</strong></span> <span class='ocrx_word' id='word_1_421' title='bbox 1294 3829 1612 3885; x_wconf 87' lang='lat' dir='ltr'><strong>adoraturus</strong></span> <span class='ocrx_word' id='word_1_422' title='bbox 1637 3830 1691 3884; x_wconf 90' lang='lat' dir='ltr'><strong>in</strong></span> 
     </span>
    </p>
   </div>
   <div class='ocr_carea' id='block_1_54' title="bbox 127 3907 1689 3990">
    <p class='ocr_par' dir='ltr' id='par_1_54' title="bbox 127 3907 1689 3990">
     <span class='ocr_line' id='line_1_54' title="bbox 127 3907 1689 3990; baseline 0.008 -27"><span class='ocrx_word' id='word_1_423' title='bbox 127 3907 404 3971; x_wconf 78' lang='lat' dir='ltr'><strong>Jerusalem.</strong></span> <span class='ocrx_word' id='word_1_424' title='bbox 433 3918 734 3989; x_wconf 76' lang='lat' dir='ltr'><strong>Magnaque</strong></span> <span class='ocrx_word' id='word_1_425' title='bbox 773 3929 891 3974; x_wconf 88' lang='lat' dir='ltr'><strong>erat</strong></span> <span class='ocrx_word' id='word_1_426' title='bbox 921 3920 1235 3990; x_wconf 82' lang='lat' dir='ltr'><strong>diligentia;</strong></span> <span class='ocrx_word' id='word_1_427' title='bbox 1277 3935 1398 3974; x_wconf 90' lang='lat' dir='ltr'><strong>nam</strong></span> <span class='ocrx_word' id='word_1_428' title='bbox 1449 3922 1500 3975; x_wconf 91' lang='lat' dir='ltr'><strong>in</strong></span> <span class='ocrx_word' id='word_1_429' title='bbox 1530 3936 1689 3976; x_wconf 89' lang='lat' dir='ltr'><strong>curru</strong></span> 
     </span>
    </p>
   </div>
   <div class='ocr_carea' id='block_1_55' title="bbox 128 4003 1690 4083">
    <p class='ocr_par' dir='ltr' id='par_1_55' title="bbox 128 4003 1690 4083">
     <span class='ocr_line' id='line_1_55' title="bbox 128 4003 1690 4083; baseline 0.006 -27"><span class='ocrx_word' id='word_1_430' title='bbox 128 4003 285 4060; x_wconf 76' lang='lat' dir='ltr'><strong>Sedens</strong></span> <span class='ocrx_word' id='word_1_431' title='bbox 318 4008 549 4080; x_wconf 79' lang='lat' dir='ltr'><strong>legebat.</strong></span> <span class='ocrx_word' id='word_1_432' title='bbox 586 4010 677 4067; x_wconf 74' lang='grc'><strong>29.</strong></span> <span class='ocrx_word' id='word_1_433' title='bbox 716 4011 856 4066; x_wconf 70' lang='lat' dir='ltr'><strong>Dixit</strong></span> <span class='ocrx_word' id='word_1_434' title='bbox 894 4023 1063 4066; x_wconf 86' lang='lat' dir='ltr'><strong>autem</strong></span> <span class='ocrx_word' id='word_1_435' title='bbox 1109 4012 1341 4082; x_wconf 83' lang='lat' dir='ltr'><strong>Spiritus</strong></span> <span class='ocrx_word' id='word_1_436' title='bbox 1394 4011 1641 4083; x_wconf 87' lang='lat' dir='ltr'><strong>Philippo</strong></span> <span class='ocrx_word' id='word_1_437' title='bbox 1671 4028 1690 4067; x_wconf 91' lang='lat'><strong><em>:</em></strong></span> 
     </span>
    </p>
   </div>
   <div class='ocr_carea' id='block_1_56' title="bbox 132 4090 1689 4174">
    <p class='ocr_par' dir='ltr' id='par_1_56' title="bbox 132 4090 1689 4174">
     <span class='ocr_line' id='line_1_56' title="bbox 132 4090 1689 4174; baseline 0.013 -32"><span class='ocrx_word' id='word_1_438' title='bbox 132 4090 303 4163; x_wconf 64' lang='lat' dir='ltr'><strong>Accede,</strong></span> <span class='ocrx_word' id='word_1_439' title='bbox 333 4111 376 4154; x_wconf 83' lang='lat' dir='ltr'><strong>et</strong></span> <span class='ocrx_word' id='word_1_440' title='bbox 400 4103 629 4174; x_wconf 72' lang='lat' dir='ltr'><strong>adiunge</strong></span> <span class='ocrx_word' id='word_1_441' title='bbox 656 4113 704 4157; x_wconf 86' lang='lat' dir='ltr'><strong>te</strong></span> <span class='ocrx_word' id='word_1_442' title='bbox 743 4104 813 4157; x_wconf 86' lang='lat' dir='ltr'><strong>ad</strong></span> <span class='ocrx_word' id='word_1_443' title='bbox 859 4121 1066 4157; x_wconf 86' lang='lat' dir='ltr'><strong>currum</strong></span> <span class='ocrx_word' id='word_1_444' title='bbox 1090 4105 1261 4158; x_wconf 85' lang='lat' dir='ltr'><strong>istum.</strong></span> <span class='ocrx_word' id='word_1_445' title='bbox 1295 4105 1381 4159; x_wconf 77' lang='lat'><strong>30.</strong></span> <span class='ocrx_word' id='word_1_446' title='bbox 1410 4106 1689 4162; x_wconf 84' lang='lat' dir='ltr'><strong>Accurrcns</strong></span> 
     </span>
    </p>
   </div>
   <div class='ocr_carea' id='block_1_57' title="bbox 130 4188 1688 4267">
    <p class='ocr_par' dir='ltr' id='par_1_57' title="bbox 130 4188 1688 4267">
     <span class='ocr_line' id='line_1_57' title="bbox 130 4188 1688 4267; baseline 0.012 -33"><span class='ocrx_word' id='word_1_447' title='bbox 130 4193 258 4239; x_wconf 76' lang='lat' dir='ltr'><strong>autem</strong></span> <span class='ocrx_word' id='word_1_448' title='bbox 294 4189 585 4264; x_wconf 82' lang='lat' dir='ltr'><strong>Philippus,</strong></span> <span class='ocrx_word' id='word_1_449' title='bbox 609 4194 802 4248; x_wconf 83' lang='lat' dir='ltr'><strong>audivit</strong></span> <span class='ocrx_word' id='word_1_450' title='bbox 830 4211 945 4248; x_wconf 85' lang='lat' dir='ltr'><strong>eum</strong></span> <span class='ocrx_word' id='word_1_451' title='bbox 974 4196 1218 4265; x_wconf 87' lang='lat' dir='ltr'><strong>legentem</strong></span> <span class='ocrx_word' id='word_1_452' title='bbox 1243 4195 1439 4250; x_wconf 79' lang='lat' dir='ltr'><strong>Isaiam</strong></span> <span class='ocrx_word' id='word_1_453' title='bbox 1465 4188 1688 4267; x_wconf 53' lang='lat' dir='ltr'><strong>praph&#39;e-</strong></span> 
     </span>
    </p>
   </div>
   <div class='ocr_carea' id='block_1_58' title="bbox 129 4284 1690 4362">
    <p class='ocr_par' dir='ltr' id='par_1_58' title="bbox 129 4284 1690 4362">
     <span class='ocr_line' id='line_1_58' title="bbox 129 4284 1690 4362; baseline 0.015 -38"><span class='ocrx_word' id='word_1_454' title='bbox 129 4284 225 4343; x_wconf 74' lang='lat' dir='ltr'><strong>tant,</strong></span> <span class='ocrx_word' id='word_1_455' title='bbox 262 4292 303 4335; x_wconf 78' lang='lat' dir='ltr'><strong>et</strong></span> <span class='ocrx_word' id='word_1_456' title='bbox 329 4285 453 4339; x_wconf 73' lang='lat' dir='ltr'><strong>dixit</strong></span> <span class='ocrx_word' id='word_1_457' title='bbox 486 4301 506 4340; x_wconf 91' lang='lat'><strong><em>:</em></strong></span> <span class='ocrx_word' id='word_1_458' title='bbox 539 4285 767 4341; x_wconf 84' lang='lat' dir='ltr'><strong>Putasne</strong></span> <span class='ocrx_word' id='word_1_459' title='bbox 809 4288 1053 4359; x_wconf 82' lang='lat' dir='ltr'><strong>intelligis</strong></span> <span class='ocrx_word' id='word_1_460' title='bbox 1094 4306 1208 4354; x_wconf 77' lang='lat' dir='ltr'><strong>qua:</strong></span> <span class='ocrx_word' id='word_1_461' title='bbox 1243 4291 1411 4362; x_wconf 81' lang='lat' dir='ltr'><strong>legis?</strong></span> <span class='ocrx_word' id='word_1_462' title='bbox 1457 4293 1544 4346; x_wconf 78' lang='lat' dir='ltr'><strong>3i.</strong></span> <span class='ocrx_word' id='word_1_463' title='bbox 1589 4292 1690 4348; x_wconf 87' lang='lat' dir='ltr'><strong>Ille</strong></span> 
     </span>
    </p>
   </div>
   <div class='ocr_carea' id='block_1_59' title="bbox 131 4372 1689 4449">
    <p class='ocr_par' dir='ltr' id='par_1_59' title="bbox 131 4372 1689 4449">
     <span class='ocr_line' id='line_1_59' title="bbox 131 4372 1689 4449; baseline 0.012 -30"><span class='ocrx_word' id='word_1_464' title='bbox 131 4381 216 4421; x_wconf 69' lang='lat' dir='ltr'><strong>vero</strong></span> <span class='ocrx_word' id='word_1_465' title='bbox 238 4372 383 4429; x_wconf 57' lang='lat' dir='ltr'><strong>dicit:</strong></span> <span class='ocrx_word' id='word_1_466' title='bbox 414 4375 483 4430; x_wconf 86' lang='lat' dir='ltr'><strong>Et</strong></span> <span class='ocrx_word' id='word_1_467' title='bbox 504 4378 757 4442; x_wconf 86' lang='lat' dir='ltr'><strong>quomodo</strong></span> <span class='ocrx_word' id='word_1_468' title='bbox 785 4379 993 4449; x_wconf 83' lang='lat' dir='ltr'><strong>possim,</strong></span> <span class='ocrx_word' id='word_1_469' title='bbox 1021 4381 1118 4434; x_wconf 85' lang='lat' dir='ltr'><strong>nisi</strong></span> <span class='ocrx_word' id='word_1_470' title='bbox 1134 4381 1247 4449; x_wconf 86' lang='lat' dir='ltr'><strong>quis</strong></span> <span class='ocrx_word' id='word_1_471' title='bbox 1272 4384 1502 4437; x_wconf 85' lang='lat' dir='ltr'><strong>ostendat</strong></span> <span class='ocrx_word' id='word_1_472' title='bbox 1522 4384 1689 4438; x_wconf 82' lang='lat' dir='ltr'><strong>mihi?</strong></span> 
     </span>
    </p>
   </div>
   <div class='ocr_carea' id='block_1_60' title="bbox 137 4456 1686 4542">
    <p class='ocr_par' dir='ltr' id='par_1_60' title="bbox 137 4456 1686 4542">
     <span class='ocr_line' id='line_1_60' title="bbox 137 4456 1686 4542; baseline 0.013 -30"><span class='ocrx_word' id='word_1_473' title='bbox 137 4456 234 4515; x_wconf 81' lang='lat' dir='ltr'><strong>Vide</strong></span> <span class='ocrx_word' id='word_1_474' title='bbox 257 4480 452 4522; x_wconf 88' lang='lat' dir='ltr'><strong>rursum</strong></span> <span class='ocrx_word' id='word_1_475' title='bbox 481 4469 643 4523; x_wconf 89' lang='lat' dir='ltr'><strong>aliam</strong></span> <span class='ocrx_word' id='word_1_476' title='bbox 683 4471 958 4540; x_wconf 89' lang='lat' dir='ltr'><strong>pietatem.</strong></span> <span class='ocrx_word' id='word_1_477' title='bbox 990 4471 1161 4540; x_wconf 85' lang='lat' dir='ltr'><strong>Quam</strong></span> <span class='ocrx_word' id='word_1_478' title='bbox 1192 4473 1378 4528; x_wconf 88' lang='lat' dir='ltr'><strong>illam?</strong></span> <span class='ocrx_word' id='word_1_479' title='bbox 1405 4474 1558 4542; x_wconf 90' lang='lat' dir='ltr'><strong>Quod</strong></span> <span class='ocrx_word' id='word_1_480' title='bbox 1589 4492 1686 4533; x_wconf 88' lang='lat' dir='ltr'><strong>ne-</strong></span> 
     </span>
    </p>
   </div>
   <div class='ocr_carea' id='block_1_61' title="bbox 132 4550 1688 4650">
    <p class='ocr_par' dir='ltr' id='par_1_61' title="bbox 132 4550 1688 4650">
     <span class='ocr_line' id='line_1_61' title="bbox 132 4550 1688 4650; baseline 0.012 -44"><span class='ocrx_word' id='word_1_481' title='bbox 132 4550 268 4650; x_wconf 51' lang='lat' dir='ltr'><strong>sciens</strong></span> <span class='ocrx_word' id='word_1_482' title='bbox 292 4558 515 4629; x_wconf 75' lang='lat' dir='ltr'><strong>legeret;</strong></span> <span class='ocrx_word' id='word_1_483' title='bbox 545 4571 601 4617; x_wconf 92' lang='lat' dir='ltr'><strong>et</strong></span> <span class='ocrx_word' id='word_1_484' title='bbox 629 4572 909 4634; x_wconf 86' lang='lat' dir='ltr'><strong>postquam</strong></span> <span class='ocrx_word' id='word_1_485' title='bbox 950 4565 1174 4636; x_wconf 85' lang='lat' dir='ltr'><strong>legerat,</strong></span> <span class='ocrx_word' id='word_1_486' title='bbox 1209 4568 1464 4637; x_wconf 90' lang='lat' dir='ltr'><strong>requirat.</strong></span> <span class='ocrx_word' id='word_1_487' title='bbox 1515 4570 1688 4641; x_wconf 67' lang='lat' dir='ltr'><strong>Roga.</strong></span> 
     </span>
    </p>
   </div>
   <div class='ocr_carea' id='block_1_62' title="bbox 132 4648 1683 4721">
    <p class='ocr_par' dir='ltr' id='par_1_62' title="bbox 132 4648 1683 4721">
     <span class='ocr_line' id='line_1_62' title="bbox 132 4648 1683 4721; baseline 0.018 -33"><span class='ocrx_word' id='word_1_488' title='bbox 132 4648 259 4711; x_wconf 72' lang='lat' dir='ltr'><strong>inque</strong></span> <span class='ocrx_word' id='word_1_489' title='bbox 283 4648 599 4721; x_wconf 79' lang='lat' dir='ltr'><strong>Philippum,</strong></span> <span class='ocrx_word' id='word_1_490' title='bbox 642 4665 698 4707; x_wconf 81' lang='lat' dir='ltr'><strong>ut</strong></span> <span class='ocrx_word' id='word_1_491' title='bbox 740 4656 1032 4711; x_wconf 83' lang='lat' dir='ltr'><strong>ascenderet</strong></span> <span class='ocrx_word' id='word_1_492' title='bbox 1066 4666 1112 4712; x_wconf 87' lang='lat' dir='ltr'><strong>et</strong></span> <span class='ocrx_word' id='word_1_493' title='bbox 1141 4658 1335 4713; x_wconf 87' lang='lat' dir='ltr'><strong>sederet</strong></span> <span class='ocrx_word' id='word_1_494' title='bbox 1374 4676 1561 4714; x_wconf 81' lang='lat' dir='ltr'><strong>secum.</strong></span> <span class='ocrx_word' id='word_1_495' title='bbox 1594 4662 1683 4717; x_wconf 72' lang='lat'><strong>52.</strong></span> 
     </span>
    </p>
   </div>
   <div class='ocr_carea' id='block_1_63' title="bbox 134 4730 1687 4821">
    <p class='ocr_par' dir='ltr' id='par_1_63' title="bbox 134 4730 1687 4821">
     <span class='ocr_line' id='line_1_63' title="bbox 134 4730 1687 4821; baseline 0.015 -35"><span class='ocrx_word' id='word_1_496' title='bbox 134 4730 261 4791; x_wconf 81' lang='lat' dir='ltr'><strong>Locus</strong></span> <span class='ocrx_word' id='word_1_497' title='bbox 280 4753 437 4797; x_wconf 85' lang='lat' dir='ltr'><strong>autem</strong></span> <span class='ocrx_word' id='word_1_498' title='bbox 469 4744 776 4815; x_wconf 71' lang='lat' dir='ltr'><strong>Scriptum,</strong></span> <span class='ocrx_word' id='word_1_499' title='bbox 825 4765 971 4818; x_wconf 84' lang='lat' dir='ltr'><strong>quem</strong></span> <span class='ocrx_word' id='word_1_500' title='bbox 996 4750 1211 4821; x_wconf 85' lang='lat' dir='ltr'><strong>legebat,</strong></span> <span class='ocrx_word' id='word_1_501' title='bbox 1249 4760 1356 4804; x_wconf 85' lang='lat' dir='ltr'><strong>erat</strong></span> <span class='ocrx_word' id='word_1_502' title='bbox 1381 4754 1462 4807; x_wconf 82' lang='lat' dir='ltr'><strong>hic</strong></span> <span class='ocrx_word' id='word_1_503' title='bbox 1487 4770 1505 4808; x_wconf 89' lang='lat'><strong><em>:</em></strong></span> <span class='ocrx_word' id='word_1_504' title='bbox 1530 4753 1687 4809; x_wconf 87' lang='lat' dir='ltr'><strong>Tam-</strong></span> 
     </span>
    </p>
   </div>
   <div class='ocr_carea' id='block_1_64' title="bbox 134 4838 1688 4919">
    <p class='ocr_par' dir='ltr' id='par_1_64' title="bbox 134 4838 1688 4919">
     <span class='ocr_line' id='line_1_64' title="bbox 134 4838 1688 4919; baseline 0.009 -29"><span class='ocrx_word' id='word_1_505' title='bbox 134 4844 248 4890; x_wconf 62' lang='lat' dir='ltr'><strong>quam</strong></span> <span class='ocrx_word' id='word_1_506' title='bbox 267 4838 361 4891; x_wconf 74' lang='lat' dir='ltr'><strong>ovis</strong></span> <span class='ocrx_word' id='word_1_507' title='bbox 387 4840 456 4893; x_wconf 82' lang='lat' dir='ltr'><strong>ad</strong></span> <span class='ocrx_word' id='word_1_508' title='bbox 481 4840 785 4894; x_wconf 82' lang='lat' dir='ltr'><strong>occisionem</strong></span> <span class='ocrx_word' id='word_1_509' title='bbox 816 4843 994 4896; x_wconf 87' lang='lat' dir='ltr'><strong>ductus</strong></span> <span class='ocrx_word' id='word_1_510' title='bbox 1024 4853 1095 4897; x_wconf 90' lang='lat' dir='ltr'><strong>est</strong></span> <span class='ocrx_word' id='word_1_511' title='bbox 1124 4860 1143 4897; x_wconf 90' lang='lat'><strong><em>:</em></strong></span> <span class='ocrx_word' id='word_1_512' title='bbox 1175 4854 1221 4898; x_wconf 91' lang='lat' dir='ltr'><strong>et</strong></span> <span class='ocrx_word' id='word_1_513' title='bbox 1252 4848 1380 4900; x_wconf 87' lang='lat' dir='ltr'><strong>sicut</strong></span> <span class='ocrx_word' id='word_1_514' title='bbox 1409 4864 1572 4919; x_wconf 87' lang='lat' dir='ltr'><strong>agnus</strong></span> <span class='ocrx_word' id='word_1_515' title='bbox 1601 4867 1688 4903; x_wconf 82' lang='lat' dir='ltr'><strong>co-</strong></span> 
     </span>
    </p>
   </div>
   <div class='ocr_carea' id='block_1_65' title="bbox 134 4932 1681 5009">
    <p class='ocr_par' dir='ltr' id='par_1_65' title="bbox 134 4932 1681 5009">
     <span class='ocr_line' id='line_1_65' title="bbox 134 4932 1681 5009; baseline 0.014 -34"><span class='ocrx_word' id='word_1_516' title='bbox 134 4936 215 4977; x_wconf 78' lang='lat' dir='ltr'><strong>ram</strong></span> <span class='ocrx_word' id='word_1_517' title='bbox 241 4932 457 4987; x_wconf 83' lang='lat' dir='ltr'><strong>tondente</strong></span> <span class='ocrx_word' id='word_1_518' title='bbox 477 4950 531 4987; x_wconf 88' lang='lat' dir='ltr'><strong>se</strong></span> <span class='ocrx_word' id='word_1_519' title='bbox 554 4935 664 4988; x_wconf 86' lang='lat' dir='ltr'><strong>sine</strong></span> <span class='ocrx_word' id='word_1_520' title='bbox 688 4951 823 4999; x_wconf 82' lang='lat' dir='ltr'><strong>voce,</strong></span> <span class='ocrx_word' id='word_1_521' title='bbox 855 4938 926 4989; x_wconf 86' lang='lat' dir='ltr'><strong>sic</strong></span> <span class='ocrx_word' id='word_1_522' title='bbox 958 4954 1058 4991; x_wconf 88' lang='lat' dir='ltr'><strong>non</strong></span> <span class='ocrx_word' id='word_1_523' title='bbox 1085 4940 1285 5009; x_wconf 87' lang='lat' dir='ltr'><strong>aperuit</strong></span> <span class='ocrx_word' id='word_1_524' title='bbox 1310 4958 1365 4994; x_wconf 88' lang='lat' dir='ltr'><strong>os</strong></span> <span class='ocrx_word' id='word_1_525' title='bbox 1390 4959 1557 4997; x_wconf 87' lang='lat' dir='ltr'><strong>suum.</strong></span> <span class='ocrx_word' id='word_1_526' title='bbox 1592 4944 1681 4999; x_wconf 76' lang='lat'><strong>35.</strong></span> 
     </span>
    </p>
   </div>
   <div class='ocr_carea' id='block_1_66' title="bbox 135 5010 1685 5097">
    <p class='ocr_par' dir='ltr' id='par_1_66' title="bbox 135 5010 1685 5097">
     <span class='ocr_line' id='line_1_66' title="bbox 135 5010 1685 5097; baseline 0.012 -29"><span class='ocrx_word' id='word_1_527' title='bbox 135 5010 180 5065; x_wconf 74' lang='lat' dir='ltr'><strong>In</strong></span> <span class='ocrx_word' id='word_1_528' title='bbox 204 5017 456 5079; x_wconf 75' lang='lat' dir='ltr'><strong>humilitate</strong></span> <span class='ocrx_word' id='word_1_529' title='bbox 482 5025 738 5095; x_wconf 82' lang='lat' dir='ltr'><strong>judicium</strong></span> <span class='ocrx_word' id='word_1_530' title='bbox 766 5028 874 5097; x_wconf 86' lang='lat' dir='ltr'><strong>ejus</strong></span> <span class='ocrx_word' id='word_1_531' title='bbox 893 5030 1146 5083; x_wconf 83' lang='lat' dir='ltr'><strong>sublatam</strong></span> <span class='ocrx_word' id='word_1_532' title='bbox 1176 5041 1269 5085; x_wconf 88' lang='lat' dir='ltr'><strong>est.</strong></span> <span class='ocrx_word' id='word_1_533' title='bbox 1300 5031 1685 5089; x_wconf 82' lang='lat' dir='ltr'><strong>Generationem</strong></span> 
     </span>
    </p>
   </div>
   <div class='ocr_carea' id='block_1_67' title="bbox 132 5106 1685 5197">
    <p class='ocr_par' dir='ltr' id='par_1_67' title="bbox 132 5106 1685 5197">
     <span class='ocr_line' id='line_1_67' title="bbox 132 5106 1685 5197; baseline 0.012 -33"><span class='ocrx_word' id='word_1_534' title='bbox 132 5106 215 5197; x_wconf 62' lang='lat' dir='ltr'><strong>fit&quot;</strong></span> <span class='ocrx_word' id='word_1_535' title='bbox 236 5114 332 5177; x_wconf 74' lang='lat' dir='ltr'><strong>quis</strong></span> <span class='ocrx_word' id='word_1_536' title='bbox 356 5116 655 5170; x_wconf 74' lang='lat' dir='ltr'><strong>enarrabit?</strong></span> <span class='ocrx_word' id='word_1_537' title='bbox 685 5120 920 5189; x_wconf 79' lang='lat' dir='ltr'><strong>quoniam</strong></span> <span class='ocrx_word' id='word_1_538' title='bbox 945 5122 1146 5177; x_wconf 85' lang='lat' dir='ltr'><strong>tolletur</strong></span> <span class='ocrx_word' id='word_1_539' title='bbox 1176 5125 1238 5177; x_wconf 85' lang='lat' dir='ltr'><strong>de</strong></span> <span class='ocrx_word' id='word_1_540' title='bbox 1267 5135 1401 5180; x_wconf 84' lang='lat' dir='ltr'><strong>terra</strong></span> <span class='ocrx_word' id='word_1_541' title='bbox 1436 5129 1537 5181; x_wconf 85' lang='lat' dir='ltr'><strong>vita</strong></span> <span class='ocrx_word' id='word_1_542' title='bbox 1575 5134 1685 5197; x_wconf 81' lang='lat' dir='ltr'><strong>ejus</strong></span> 
     </span>
    </p>
   </div>
   <div class='ocr_carea' id='block_1_68' title="bbox 137 5195 1684 5283">
    <p class='ocr_par' dir='ltr' id='par_1_68' title="bbox 137 5195 1684 5283">
     <span class='ocr_line' id='line_1_68' title="bbox 137 5195 1684 5283; baseline 0.01 -21"><span class='ocrx_word' id='word_1_543' title='bbox 137 5195 261 5262; x_wconf 73' lang='grc' dir='ltr'><strong>(Ιιαί.</strong></span> <span class='ocrx_word' id='word_1_544' title='bbox 285 5206 364 5262; x_wconf 77' lang='grc'><strong>55.</strong></span> <span class='ocrx_word' id='word_1_545' title='bbox 389 5210 442 5263; x_wconf 89' lang='lat'><strong>7.</strong></span> <span class='ocrx_word' id='word_1_546' title='bbox 472 5211 505 5265; x_wconf 90' lang='lat'><strong>8</strong></span> <span class='ocrx_word' id='word_1_547' title='bbox 531 5214 568 5279; x_wconf 94' lang='lat'><strong>).</strong></span> <span class='ocrx_word' id='word_1_548' title='bbox 598 5212 688 5266; x_wconf 74' lang='grc'><strong>34.</strong></span> <span class='ocrx_word' id='word_1_549' title='bbox 719 5210 1050 5283; x_wconf 75' lang='lat' dir='ltr'><strong>Respondeas</strong></span> <span class='ocrx_word' id='word_1_550' title='bbox 1069 5227 1236 5271; x_wconf 89' lang='lat' dir='ltr'><strong>autem</strong></span> <span class='ocrx_word' id='word_1_551' title='bbox 1264 5222 1526 5275; x_wconf 83' lang='lat' dir='ltr'><strong>eunuchus</strong></span> <span class='ocrx_word' id='word_1_552' title='bbox 1552 5195 1684 5276; x_wconf 77' lang='lat' dir='ltr'><strong>Phi-</strong></span> 
     </span>
    </p>
   </div>
   <div class='ocr_carea' id='block_1_69' title="bbox 133 5288 1686 5381">
    <p class='ocr_par' dir='ltr' id='par_1_69' title="bbox 133 5288 1686 5381">
     <span class='ocr_line' id='line_1_69' title="bbox 133 5288 1686 5381; baseline 0.015 -34"><span class='ocrx_word' id='word_1_553' title='bbox 133 5288 257 5360; x_wconf 71' lang='lat' dir='ltr'><strong>lippo,</strong></span> <span class='ocrx_word' id='word_1_554' title='bbox 281 5300 399 5355; x_wconf 72' lang='lat' dir='ltr'><strong>dixit</strong></span> <span class='ocrx_word' id='word_1_555' title='bbox 440 5320 459 5357; x_wconf 92' lang='lat'><em>:</em></span> <span class='ocrx_word' id='word_1_556' title='bbox 489 5302 710 5358; x_wconf 84' lang='lat' dir='ltr'><strong>Obsecro</strong></span> <span class='ocrx_word' id='word_1_557' title='bbox 732 5315 797 5368; x_wconf 87' lang='lat' dir='ltr'><strong>te,</strong></span> <span class='ocrx_word' id='word_1_558' title='bbox 830 5308 893 5360; x_wconf 87' lang='lat' dir='ltr'><strong>de</strong></span> <span class='ocrx_word' id='word_1_559' title='bbox 916 5324 1018 5378; x_wconf 86' lang='lat' dir='ltr'><strong>quo</strong></span> <span class='ocrx_word' id='word_1_560' title='bbox 1049 5312 1299 5379; x_wconf 85' lang='lat' dir='ltr'><strong>prapheta</strong></span> <span class='ocrx_word' id='word_1_561' title='bbox 1328 5315 1449 5367; x_wconf 87' lang='lat' dir='ltr'><strong>dicit</strong></span> <span class='ocrx_word' id='word_1_562' title='bbox 1479 5316 1591 5381; x_wconf 87' lang='lat' dir='ltr'><strong>hoc,</strong></span> <span class='ocrx_word' id='word_1_563' title='bbox 1622 5318 1686 5371; x_wconf 87' lang='lat' dir='ltr'><strong>de</strong></span> 
     </span>
    </p>
   </div>
   <div class='ocr_carea' id='block_1_70' title="bbox 134 5393 1685 5479">
    <p class='ocr_par' dir='ltr' id='par_1_70' title="bbox 134 5393 1685 5479">
     <span class='ocr_line' id='line_1_70' title="bbox 134 5393 1685 5479; baseline 0.017 -40"><span class='ocrx_word' id='word_1_564' title='bbox 134 5396 257 5445; x_wconf 70' lang='grc' dir='ltr'><strong>κιαη</strong></span> <span class='ocrx_word' id='word_1_565' title='bbox 295 5393 349 5445; x_wconf 83' lang='lat' dir='ltr'><strong>de</strong></span> <span class='ocrx_word' id='word_1_566' title='bbox 388 5396 492 5448; x_wconf 87' lang='lat' dir='ltr'><strong>alio</strong></span> <span class='ocrx_word' id='word_1_567' title='bbox 522 5397 737 5467; x_wconf 85' lang='lat' dir='ltr'><strong>aliqua?</strong></span> <span class='ocrx_word' id='word_1_568' title='bbox 774 5399 863 5454; x_wconf 80' lang='lat'><strong>&#39;55.</strong></span> <span class='ocrx_word' id='word_1_569' title='bbox 898 5400 1143 5470; x_wconf 78' lang='lat' dir='ltr'><strong>Aperiens</strong></span> <span class='ocrx_word' id='word_1_570' title='bbox 1188 5415 1355 5459; x_wconf 77' lang='lat' dir='ltr'><strong>autem</strong></span> <span class='ocrx_word' id='word_1_571' title='bbox 1406 5406 1685 5479; x_wconf 77' lang='lat' dir='ltr'><strong>Philippus</strong></span> 
     </span>
    </p>
   </div>
   <div class='ocr_carea' id='block_1_71' title="bbox 135 5488 1685 5568">
    <p class='ocr_par' dir='ltr' id='par_1_71' title="bbox 135 5488 1685 5568">
     <span class='ocr_line' id='line_1_71' title="bbox 135 5488 1685 5568; baseline 0.014 -36"><span class='ocrx_word' id='word_1_572' title='bbox 135 5488 329 5568; x_wconf 44' lang='lat' dir='ltr'><strong>litatum,</strong></span> <span class='ocrx_word' id='word_1_573' title='bbox 357 5496 403 5540; x_wconf 85' lang='lat' dir='ltr'><strong>el</strong></span> <span class='ocrx_word' id='word_1_574' title='bbox 433 5488 680 5557; x_wconf 84' lang='lat' dir='ltr'><strong>incipiens</strong></span> <span class='ocrx_word' id='word_1_575' title='bbox 706 5506 736 5542; x_wconf 90' lang='lat' dir='ltr'><strong>a</strong></span> <span class='ocrx_word' id='word_1_576' title='bbox 769 5491 1044 5561; x_wconf 85' lang='lat' dir='ltr'><strong>Scriptura</strong></span> <span class='ocrx_word' id='word_1_577' title='bbox 1073 5495 1188 5560; x_wconf 83' lang='lat' dir='ltr'><strong>ista,</strong></span> <span class='ocrx_word' id='word_1_578' title='bbox 1219 5498 1575 5568; x_wconf 72' lang='lat' dir='ltr'><strong>evangelisavtt</strong></span> <span class='ocrx_word' id='word_1_579' title='bbox 1606 5501 1685 5553; x_wconf 86' lang='lat' dir='ltr'><strong>illi</strong></span> 
     </span>
    </p>
   </div>
   <div class='ocr_carea' id='block_1_72' title="bbox 138 5563 1685 5659">
    <p class='ocr_par' dir='ltr' id='par_1_72' title="bbox 138 5563 1685 5659">
     <span class='ocr_line' id='line_1_72' title="bbox 138 5563 1685 5659; baseline 0.019 -40"><span class='ocrx_word' id='word_1_580' title='bbox 138 5563 290 5659; x_wconf 59' lang='lat' dir='ltr'><strong>lerunt.</strong></span> <span class='ocrx_word' id='word_1_581' title='bbox 320 5577 528 5644; x_wconf 80' lang='lat' dir='ltr'><strong>Viden’,</strong></span> <span class='ocrx_word' id='word_1_582' title='bbox 552 5584 823 5651; x_wconf 89' lang='lat' dir='ltr'><strong>quomodo</strong></span> <span class='ocrx_word' id='word_1_583' title='bbox 852 5601 941 5641; x_wconf 84' lang='lat' dir='ltr'><strong>res</strong></span> <span class='ocrx_word' id='word_1_584' title='bbox 964 5602 1086 5641; x_wconf 92' lang='lat' dir='ltr'><strong>cum</strong></span> <span class='ocrx_word' id='word_1_585' title='bbox 1116 5588 1205 5642; x_wconf 84' lang='lat' dir='ltr'><strong>illo</strong></span> <span class='ocrx_word' id='word_1_586' title='bbox 1235 5590 1511 5659; x_wconf 66' lang='lat' dir='ltr'><strong>dispositae.</strong></span> <span class='ocrx_word' id='word_1_587' title='bbox 1534 5596 1685 5650; x_wconf 85' lang='lat' dir='ltr'><strong>sint?</strong></span> 
     </span>
    </p>
   </div>
   <div class='ocr_carea' id='block_1_73' title="bbox 139 5653 1683 5753">
    <p class='ocr_par' dir='ltr' id='par_1_73' title="bbox 139 5653 1683 5753">
     <span class='ocr_line' id='line_1_73' title="bbox 139 5653 1683 5753; baseline 0.019 -39"><span class='ocrx_word' id='word_1_588' title='bbox 139 5653 281 5719; x_wconf 70' lang='lat' dir='ltr'><strong>Primo</strong></span> <span class='ocrx_word' id='word_1_589' title='bbox 302 5668 423 5742; x_wconf 80' lang='lat' dir='ltr'><strong>legit</strong></span> <span class='ocrx_word' id='word_1_590' title='bbox 448 5681 503 5727; x_wconf 91' lang='lat' dir='ltr'><strong>et</strong></span> <span class='ocrx_word' id='word_1_591' title='bbox 532 5674 776 5744; x_wconf 89' lang='lat' dir='ltr'><strong>ignorat;</strong></span> <span class='ocrx_word' id='word_1_592' title='bbox 806 5676 1005 5734; x_wconf 88' lang='lat' dir='ltr'><strong>deinde</strong></span> <span class='ocrx_word' id='word_1_593' title='bbox 1032 5680 1159 5751; x_wconf 84' lang='lat' dir='ltr'><strong>legit</strong></span> <span class='ocrx_word' id='word_1_594' title='bbox 1186 5653 1335 5738; x_wconf 81' lang='lat' dir='ltr'><strong>hunc</strong></span> <span class='ocrx_word' id='word_1_595' title='bbox 1365 5684 1566 5753; x_wconf 88' lang='lat' dir='ltr'><strong>locum,</strong></span> <span class='ocrx_word' id='word_1_596' title='bbox 1598 5691 1683 5745; x_wconf 87' lang='lat' dir='ltr'><strong>ubi</strong></span> 
     </span>
    </p>
   </div>
   <div class='ocr_carea' id='block_1_74' title="bbox 186 5821 1684 5911">
    <p class='ocr_par' dir='ltr' id='par_1_74' title="bbox 186 5821 1684 5911">
     <span class='ocr_line' id='line_1_74' title="bbox 186 5821 1684 5911; baseline 0.017 -37"><span class='ocrx_word' id='word_1_597' title='bbox 186 5821 646 5911; x_wconf 45' lang='lat' dir='ltr'><strong>:hgllimhabentaut</strong></span> <span class='ocrx_word' id='word_1_598' title='bbox 686 5833 809 5911; x_wconf 74' lang='lat' dir='ltr'><strong>mihi</strong></span> <span class='ocrx_word' id='word_1_599' title='bbox 846 5838 1056 5911; x_wconf 54' lang='lat' dir='ltr'><strong>titletm‘,</strong></span> <span class='ocrx_word' id='word_1_600' title='bbox 1087 5842 1337 5909; x_wconf 75' lang='lat' dir='ltr'><strong>Philippus</strong></span> <span class='ocrx_word' id='word_1_601' title='bbox 1358 5846 1438 5911; x_wconf 78' lang='lat' dir='ltr'><strong>de</strong></span> <span class='ocrx_word' id='word_1_602' title='bbox 1476 5862 1571 5911; x_wconf 86' lang='lat' dir='ltr'><strong>quo</strong></span> <span class='ocrx_word' id='word_1_603' title='bbox 1606 5849 1684 5899; x_wconf 83' lang='lat' dir='ltr'><strong>hic</strong></span> 
     </span>
    </p>
   </div>
   <div class='ocr_carea' id='block_1_75' title="bbox 138 5886 1680 6002">
    <p class='ocr_par' dir='ltr' id='par_1_75' title="bbox 138 5886 1680 6002">
     <span class='ocr_line' id='line_1_75' title="bbox 138 5886 1680 5986; baseline 0.013 -42"><span class='ocrx_word' id='word_1_604' title='bbox 138 5886 276 5986; x_wconf 59' lang='grc' dir='ltr'><strong>ξξηιιτν</strong></span> <span class='ocrx_word' id='word_1_605' title='bbox 298 5902 414 5942; x_wconf 67' lang='lat' dir='ltr'><strong>ultus</strong></span> <span class='ocrx_word' id='word_1_606' title='bbox 436 5901 543 5965; x_wconf 79' lang='lat' dir='ltr'><strong>crat</strong></span> <span class='ocrx_word' id='word_1_607' title='bbox 563 5909 591 5965; x_wconf 85' lang='lat' dir='ltr'><strong>_e</strong></span> <span class='ocrx_word' id='word_1_608' title='bbox 612 5886 825 5960; x_wconf 83' lang='lat' dir='ltr'><strong>septem;</strong></span> <span class='ocrx_word' id='word_1_609' title='bbox 961 5886 1098 5955; x_wconf 72' lang='lat' dir='ltr'><strong>enim</strong></span> <span class='ocrx_word' id='word_1_610' title='bbox 1117 5886 1680 5977; x_wconf 53' lang='lat' dir='ltr'><strong>ii&#39;iéib&#39;sbtgiiaé’H-o&#39;ﬁ:</strong></span> 
     </span>
     <span class='ocr_line' id='line_1_76' title="bbox 176 5954 999 6002; baseline 0.001 -1"><span class='ocrx_word' id='word_1_611' title='bbox 176 5954 216 5992; x_wconf 62' lang='grc' dir='ltr'><strong>πε</strong></span> <span class='ocrx_word' id='word_1_612' title='bbox 231 5959 378 6002; x_wconf 72' lang='lat' dir='ltr'><strong>mura</strong></span> <span class='ocrx_word' id='word_1_613' title='bbox 399 5959 650 6002; x_wconf 70' lang='lat' dir='ltr'><strong>mendum</strong></span> <span class='ocrx_word' id='word_1_614' title='bbox 676 5972 999 6002; x_wconf 61' lang='lat' dir='ltr'><strong>nrnrexmnpt,</strong></span> 
     </span>
    </p>
   </div>
   <div class='ocr_carea' id='block_1_76' title="bbox 346 5959 1002 6025">
    <p class='ocr_par' dir='ltr' id='par_1_76' title="bbox 346 5959 1002 6025">
     <span class='ocr_line' id='line_1_77' title="bbox 346 5959 1002 6025; baseline 0.014 -21"><span class='ocrx_word' id='word_1_615' title='bbox 346 5967 378 6004; x_wconf 87' lang='grc' dir='ltr'><em>α</em></span> <span class='ocrx_word' id='word_1_616' title='bbox 399 5959 650 6010; x_wconf 78' lang='lat' dir='ltr'><strong>meridiem</strong></span> <span class='ocrx_word' id='word_1_617' title='bbox 674 5962 1002 6025; x_wconf 78' lang='lat' dir='ltr'><strong>processisset.</strong></span> 
     </span>
    </p>
   </div>
   <div class='ocr_carea' id='block_1_77' title="bbox 1810 2337 3429 2411">
    <p class='ocr_par' dir='ltr' id='par_1_77' title="bbox 1810 2337 3429 2411">
     <span class='ocr_line' id='line_1_78' title="bbox 1810 2337 3429 2411; baseline -0.002 -16"><span class='ocrx_word' id='word_1_618' title='bbox 1810 2342 2138 2396; x_wconf 85' lang='lat' dir='ltr'><strong>narrabatur</strong></span> <span class='ocrx_word' id='word_1_619' title='bbox 2168 2341 2369 2411; x_wconf 86' lang='lat' dir='ltr'><strong>passio,</strong></span> <span class='ocrx_word' id='word_1_620' title='bbox 2401 2339 2731 2395; x_wconf 87' lang='lat' dir='ltr'><strong>resurrectio</strong></span> <span class='ocrx_word' id='word_1_621' title='bbox 2752 2347 2805 2392; x_wconf 83' lang='lat' dir='ltr'><strong>et</strong></span> <span class='ocrx_word' id='word_1_622' title='bbox 2830 2338 3055 2393; x_wconf 82' lang='lat' dir='ltr'><strong>donum.</strong></span> <span class='ocrx_word' id='word_1_623' title='bbox 3083 2337 3173 2393; x_wconf 78' lang='lat'><strong>36.</strong></span> <span class='ocrx_word' id='word_1_624' title='bbox 3218 2337 3285 2393; x_wconf 85' lang='lat' dir='ltr'><strong>Et</strong></span> <span class='ocrx_word' id='word_1_625' title='bbox 3310 2338 3429 2392; x_wconf 87' lang='lat' dir='ltr'><strong>dum</strong></span> 
     </span>
    </p>
   </div>
   <div class='ocr_carea' id='block_1_78' title="bbox 1808 2431 3431 2502">
    <p class='ocr_par' dir='ltr' id='par_1_78' title="bbox 1808 2431 3431 2502">
     <span class='ocr_line' id='line_1_79' title="bbox 1808 2431 3431 2502; baseline 0.001 -17"><span class='ocrx_word' id='word_1_626' title='bbox 1808 2433 1938 2486; x_wconf 84' lang='lat' dir='ltr'><strong>irent</strong></span> <span class='ocrx_word' id='word_1_627' title='bbox 1979 2450 2068 2502; x_wconf 90' lang='lat' dir='ltr'><strong>per</strong></span> <span class='ocrx_word' id='word_1_628' title='bbox 2107 2436 2261 2498; x_wconf 76' lang='lat' dir='ltr'><strong>riam,</strong></span> <span class='ocrx_word' id='word_1_629' title='bbox 2300 2443 2539 2487; x_wconf 88' lang='lat' dir='ltr'><strong>venerunt</strong></span> <span class='ocrx_word' id='word_1_630' title='bbox 2580 2432 2649 2485; x_wconf 86' lang='lat' dir='ltr'><strong>ad</strong></span> <span class='ocrx_word' id='word_1_631' title='bbox 2685 2431 2963 2501; x_wconf 85' lang='lat' dir='ltr'><strong>quamdam</strong></span> <span class='ocrx_word' id='word_1_632' title='bbox 3010 2448 3243 2499; x_wconf 84' lang='lat' dir='ltr'><strong>aquam:</strong></span> <span class='ocrx_word' id='word_1_633' title='bbox 3270 2441 3315 2485; x_wconf 90' lang='lat' dir='ltr'><strong>et</strong></span> <span class='ocrx_word' id='word_1_634' title='bbox 3356 2435 3431 2487; x_wconf 91' lang='lat' dir='ltr'><strong>ait</strong></span> 
     </span>
    </p>
   </div>
   <div class='ocr_carea' id='block_1_79' title="bbox 1812 2522 3429 2595">
    <p class='ocr_par' dir='ltr' id='par_1_79' title="bbox 1812 2522 3429 2595">
     <span class='ocr_line' id='line_1_80' title="bbox 1812 2522 3429 2595; baseline 0 -16"><span class='ocrx_word' id='word_1_635' title='bbox 1812 2528 2106 2582; x_wconf 85' lang='lat' dir='ltr'><strong>eunuchus:</strong></span> <span class='ocrx_word' id='word_1_636' title='bbox 2131 2523 2265 2578; x_wconf 82' lang='lat' dir='ltr'><strong>Ecce</strong></span> <span class='ocrx_word' id='word_1_637' title='bbox 2294 2541 2445 2595; x_wconf 86' lang='lat' dir='ltr'><strong>aqua,</strong></span> <span class='ocrx_word' id='word_1_638' title='bbox 2479 2524 2604 2594; x_wconf 83' lang='lat' dir='ltr'><strong>quid</strong></span> <span class='ocrx_word' id='word_1_639' title='bbox 2630 2522 2863 2595; x_wconf 73' lang='lat' dir='ltr'><strong>prohibet</strong></span> <span class='ocrx_word' id='word_1_640' title='bbox 2896 2540 2976 2577; x_wconf 87' lang='lat' dir='ltr'><strong>me</strong></span> <span class='ocrx_word' id='word_1_641' title='bbox 3016 2524 3312 2595; x_wconf 72' lang='lat' dir='ltr'><strong>baptizari?</strong></span> <span class='ocrx_word' id='word_1_642' title='bbox 3339 2525 3429 2579; x_wconf 83' lang='lat' dir='ltr'><strong>Vi-</strong></span> 
     </span>
    </p>
   </div>
   <div class='ocr_carea' id='block_1_80' title="bbox 1810 2618 3423 2692">
    <p class='ocr_par' dir='ltr' id='par_1_80' title="bbox 1810 2618 3423 2692">
     <span class='ocr_line' id='line_1_81' title="bbox 1810 2618 3423 2692; baseline -0.001 -16"><span class='ocrx_word' id='word_1_643' title='bbox 1810 2622 1990 2676; x_wconf 80' lang='lat' dir='ltr'><strong>distin&#39;</strong></span> <span class='ocrx_word' id='word_1_644' title='bbox 2022 2631 2330 2692; x_wconf 88' lang='lat' dir='ltr'><strong>promptum</strong></span> <span class='ocrx_word' id='word_1_645' title='bbox 2355 2619 2639 2675; x_wconf 87' lang='lat' dir='ltr'><strong>animum?</strong></span> <span class='ocrx_word' id='word_1_646' title='bbox 2670 2619 2907 2674; x_wconf 83' lang='lat' dir='ltr'><strong>vidiSIin&#39;</strong></span> <span class='ocrx_word' id='word_1_647' title='bbox 2929 2618 3304 2689; x_wconf 77' lang='lat' dir='ltr'><strong>diligentiam?</strong></span> <span class='ocrx_word' id='word_1_648' title='bbox 3330 2622 3423 2675; x_wconf 80' lang='lat'><strong>38.</strong></span> 
     </span>
    </p>
   </div>
   <div class='ocr_carea' id='block_1_81' title="bbox 1809 2706 3423 2783">
    <p class='ocr_par' dir='ltr' id='par_1_81' title="bbox 1809 2706 3423 2783">
     <span class='ocr_line' id='line_1_82' title="bbox 1809 2706 3423 2783; baseline 0 -18"><span class='ocrx_word' id='word_1_649' title='bbox 1809 2712 1877 2765; x_wconf 77' lang='lat' dir='ltr'><strong>Et</strong></span> <span class='ocrx_word' id='word_1_650' title='bbox 1898 2715 2043 2779; x_wconf 73' lang='lat' dir='ltr'><strong>iussit</strong></span> <span class='ocrx_word' id='word_1_651' title='bbox 2059 2724 2195 2767; x_wconf 87' lang='lat' dir='ltr'><strong>stare</strong></span> <span class='ocrx_word' id='word_1_652' title='bbox 2217 2730 2447 2776; x_wconf 87' lang='lat' dir='ltr'><strong>currunt,</strong></span> <span class='ocrx_word' id='word_1_653' title='bbox 2467 2724 2513 2766; x_wconf 89' lang='lat' dir='ltr'><strong>et</strong></span> <span class='ocrx_word' id='word_1_654' title='bbox 2536 2706 2905 2767; x_wconf 69' lang='lat' dir='ltr'><strong>descenderunt</strong></span> <span class='ocrx_word' id='word_1_655' title='bbox 2922 2723 3129 2783; x_wconf 85' lang='lat' dir='ltr'><strong>uterque</strong></span> <span class='ocrx_word' id='word_1_656' title='bbox 3143 2714 3194 2766; x_wconf 87' lang='lat' dir='ltr'><strong>in</strong></span> <span class='ocrx_word' id='word_1_657' title='bbox 3213 2730 3423 2781; x_wconf 86' lang='lat' dir='ltr'><strong>aquam,</strong></span> 
     </span>
    </p>
   </div>
   <div class='ocr_carea' id='block_1_82' title="bbox 1812 2802 3425 2874">
    <p class='ocr_par' dir='ltr' id='par_1_82' title="bbox 1812 2802 3425 2874">
     <span class='ocr_line' id='line_1_83' title="bbox 1812 2802 3425 2874; baseline 0 -18"><span class='ocrx_word' id='word_1_658' title='bbox 1812 2802 2088 2874; x_wconf 74' lang='lat' dir='ltr'><strong>Philippus</strong></span> <span class='ocrx_word' id='word_1_659' title='bbox 2118 2816 2163 2857; x_wconf 81' lang='lat' dir='ltr'><strong>ct</strong></span> <span class='ocrx_word' id='word_1_660' title='bbox 2191 2804 2472 2869; x_wconf 76' lang='lat' dir='ltr'><strong>eunuchus,</strong></span> <span class='ocrx_word' id='word_1_661' title='bbox 2502 2816 2547 2857; x_wconf 89' lang='lat' dir='ltr'><strong>et</strong></span> <span class='ocrx_word' id='word_1_662' title='bbox 2571 2804 2845 2873; x_wconf 80' lang='lat' dir='ltr'><strong>baptizavit</strong></span> <span class='ocrx_word' id='word_1_663' title='bbox 2872 2819 3008 2858; x_wconf 87' lang='lat' dir='ltr'><strong>eum.</strong></span> <span class='ocrx_word' id='word_1_664' title='bbox 3043 2803 3133 2858; x_wconf 83' lang='lat'><strong>59.</strong></span> <span class='ocrx_word' id='word_1_665' title='bbox 3164 2802 3291 2857; x_wconf 82' lang='lat' dir='ltr'><strong>Cant</strong></span> <span class='ocrx_word' id='word_1_666' title='bbox 3328 2820 3425 2856; x_wconf 83' lang='lat' dir='ltr'><strong>au-</strong></span> 
     </span>
    </p>
   </div>
   <div class='ocr_carea' id='block_1_83' title="bbox 1807 2896 3424 2967">
    <p class='ocr_par' dir='ltr' id='par_1_83' title="bbox 1807 2896 3424 2967">
     <span class='ocr_line' id='line_1_84' title="bbox 1807 2896 3424 2967; baseline 0.002 -19"><span class='ocrx_word' id='word_1_667' title='bbox 1807 2906 1903 2949; x_wconf 86' lang='lat' dir='ltr'><strong>tem</strong></span> <span class='ocrx_word' id='word_1_668' title='bbox 1928 2897 2267 2952; x_wconf 79' lang='lat' dir='ltr'><strong>ascendissent</strong></span> <span class='ocrx_word' id='word_1_669' title='bbox 2290 2898 2354 2951; x_wconf 85' lang='lat' dir='ltr'><strong>de</strong></span> <span class='ocrx_word' id='word_1_670' title='bbox 2388 2914 2544 2967; x_wconf 87' lang='lat' dir='ltr'><strong>aqua,</strong></span> <span class='ocrx_word' id='word_1_671' title='bbox 2570 2896 2799 2967; x_wconf 87' lang='lat' dir='ltr'><strong>Spiritus</strong></span> <span class='ocrx_word' id='word_1_672' title='bbox 2829 2896 3038 2951; x_wconf 87' lang='lat' dir='ltr'><strong>Domini</strong></span> <span class='ocrx_word' id='word_1_673' title='bbox 3085 2897 3258 2965; x_wconf 86' lang='lat' dir='ltr'><strong>rapuit</strong></span> <span class='ocrx_word' id='word_1_674' title='bbox 3291 2896 3424 2951; x_wconf 75' lang='lat' dir='ltr'><strong>Plii-</strong></span> 
     </span>
    </p>
   </div>
   <div class='ocr_carea' id='block_1_84' title="bbox 1806 2988 3424 3059">
    <p class='ocr_par' dir='ltr' id='par_1_84' title="bbox 1806 2988 3424 3059">
     <span class='ocr_line' id='line_1_85' title="bbox 1806 2988 3424 3059; baseline 0.002 -18"><span class='ocrx_word' id='word_1_675' title='bbox 1806 2989 2023 3057; x_wconf 83' lang='lat' dir='ltr'><strong>lippum,</strong></span> <span class='ocrx_word' id='word_1_676' title='bbox 2060 3000 2105 3041; x_wconf 90' lang='lat' dir='ltr'><strong>et</strong></span> <span class='ocrx_word' id='word_1_677' title='bbox 2136 2991 2360 3057; x_wconf 84' lang='lat' dir='ltr'><strong>amplius</strong></span> <span class='ocrx_word' id='word_1_678' title='bbox 2404 3006 2505 3043; x_wconf 86' lang='lat' dir='ltr'><strong>non</strong></span> <span class='ocrx_word' id='word_1_679' title='bbox 2548 2989 2669 3042; x_wconf 84' lang='lat' dir='ltr'><strong>vidit</strong></span> <span class='ocrx_word' id='word_1_680' title='bbox 2717 3006 2831 3043; x_wconf 88' lang='lat' dir='ltr'><strong>eum</strong></span> <span class='ocrx_word' id='word_1_681' title='bbox 2866 2990 3150 3044; x_wconf 87' lang='lat' dir='ltr'><strong>eunuchus.</strong></span> <span class='ocrx_word' id='word_1_682' title='bbox 3185 2988 3302 3043; x_wconf 87' lang='lat' dir='ltr'><strong>Ibat</strong></span> <span class='ocrx_word' id='word_1_683' title='bbox 3335 3008 3424 3059; x_wconf 81' lang='lat' dir='ltr'><strong>per</strong></span> 
     </span>
    </p>
   </div>
   <div class='ocr_carea' id='block_1_85' title="bbox 1806 3079 3422 3150">
    <p class='ocr_par' dir='ltr' id='par_1_85' title="bbox 1806 3079 3422 3150">
     <span class='ocr_line' id='line_1_86' title="bbox 1806 3079 3422 3150; baseline 0.003 -18"><span class='ocrx_word' id='word_1_684' title='bbox 1806 3080 1937 3132; x_wconf 86' lang='lat' dir='ltr'><strong>viam</strong></span> <span class='ocrx_word' id='word_1_685' title='bbox 1968 3096 2111 3132; x_wconf 88' lang='lat' dir='ltr'><strong>suam</strong></span> <span class='ocrx_word' id='word_1_686' title='bbox 2138 3082 2385 3149; x_wconf 85' lang='lat' dir='ltr'><strong>gaudens.</strong></span> <span class='ocrx_word' id='word_1_687' title='bbox 2419 3080 2548 3147; x_wconf 87' lang='lat' dir='ltr'><strong>Cur,</strong></span> <span class='ocrx_word' id='word_1_688' title='bbox 2581 3080 2810 3149; x_wconf 87' lang='lat' dir='ltr'><strong>inquies,</strong></span> <span class='ocrx_word' id='word_1_689' title='bbox 2863 3079 2983 3134; x_wconf 84' lang='lat' dir='ltr'><strong>tulit</strong></span> <span class='ocrx_word' id='word_1_690' title='bbox 3014 3094 3137 3135; x_wconf 88' lang='lat' dir='ltr'><strong>eum</strong></span> <span class='ocrx_word' id='word_1_691' title='bbox 3184 3080 3422 3150; x_wconf 84' lang='lat' dir='ltr'><strong>Spiritus</strong></span> 
     </span>
    </p>
   </div>
   <div class='ocr_carea' id='block_1_86' title="bbox 1810 3172 3421 3243">
    <p class='ocr_par' dir='ltr' id='par_1_86' title="bbox 1810 3172 3421 3243">
     <span class='ocr_line' id='line_1_87' title="bbox 1810 3172 3421 3243; baseline 0.002 -18"><span class='ocrx_word' id='word_1_692' title='bbox 1810 3172 2060 3226; x_wconf 85' lang='lat' dir='ltr'><strong>Domini?</strong></span> <span class='ocrx_word' id='word_1_693' title='bbox 2103 3174 2239 3239; x_wconf 89' lang='lat' dir='ltr'><strong>Quia</strong></span> <span class='ocrx_word' id='word_1_694' title='bbox 2273 3189 2369 3242; x_wconf 84' lang='lat' dir='ltr'><strong>per</strong></span> <span class='ocrx_word' id='word_1_695' title='bbox 2395 3173 2527 3227; x_wconf 82' lang='lat' dir='ltr'><strong>alias</strong></span> <span class='ocrx_word' id='word_1_696' title='bbox 2559 3174 2807 3227; x_wconf 82' lang='lat' dir='ltr'><strong>civitates</strong></span> <span class='ocrx_word' id='word_1_697' title='bbox 2830 3173 3156 3227; x_wconf 88' lang='lat' dir='ltr'><strong>transiturus</strong></span> <span class='ocrx_word' id='word_1_698' title='bbox 3190 3182 3244 3227; x_wconf 90' lang='lat' dir='ltr'><strong>et</strong></span> <span class='ocrx_word' id='word_1_699' title='bbox 3286 3190 3421 3243; x_wconf 69' lang='lat' dir='ltr'><strong>prte-</strong></span> 
     </span>
    </p>
   </div>
   <div class='ocr_carea' id='block_1_87' title="bbox 1803 3262 3422 3335">
    <p class='ocr_par' dir='ltr' id='par_1_87' title="bbox 1803 3262 3422 3335">
     <span class='ocr_line' id='line_1_88' title="bbox 1803 3262 3422 3335; baseline 0.006 -20"><span class='ocrx_word' id='word_1_700' title='bbox 1803 3262 2077 3319; x_wconf 84' lang='lat' dir='ltr'><strong>dieaturus</strong></span> <span class='ocrx_word' id='word_1_701' title='bbox 2099 3276 2231 3318; x_wconf 87' lang='lat' dir='ltr'><strong>erat.</strong></span> <span class='ocrx_word' id='word_1_702' title='bbox 2266 3264 2334 3321; x_wconf 89' lang='lat' dir='ltr'><strong>Ut</strong></span> <span class='ocrx_word' id='word_1_703' title='bbox 2358 3280 2487 3335; x_wconf 87' lang='lat' dir='ltr'><strong>ergo</strong></span> <span class='ocrx_word' id='word_1_704' title='bbox 2516 3265 2565 3318; x_wconf 91' lang='lat' dir='ltr'><strong>in</strong></span> <span class='ocrx_word' id='word_1_705' title='bbox 2595 3265 2951 3320; x_wconf 85' lang='lat' dir='ltr'><strong>admiratione</strong></span> <span class='ocrx_word' id='word_1_706' title='bbox 2983 3264 3291 3330; x_wconf 89' lang='lat' dir='ltr'><strong>haberetur,</strong></span> <span class='ocrx_word' id='word_1_707' title='bbox 3319 3267 3422 3325; x_wconf 90' lang='lat' dir='ltr'><strong>hoc</strong></span> 
     </span>
    </p>
   </div>
   <div class='ocr_carea' id='block_1_88' title="bbox 1804 3356 3420 3429">
    <p class='ocr_par' dir='ltr' id='par_1_88' title="bbox 1804 3356 3420 3429">
     <span class='ocr_line' id='line_1_89' title="bbox 1804 3356 3420 3429; baseline 0.005 -20"><span class='ocrx_word' id='word_1_708' title='bbox 1804 3356 2001 3411; x_wconf 79' lang='lat' dir='ltr'><strong>laetum</strong></span> <span class='ocrx_word' id='word_1_709' title='bbox 2024 3367 2128 3423; x_wconf 87' lang='lat' dir='ltr'><strong>est,</strong></span> <span class='ocrx_word' id='word_1_710' title='bbox 2162 3370 2326 3429; x_wconf 89' lang='lat' dir='ltr'><strong>utque</strong></span> <span class='ocrx_word' id='word_1_711' title='bbox 2349 3372 2456 3412; x_wconf 90' lang='lat' dir='ltr'><strong>non</strong></span> <span class='ocrx_word' id='word_1_712' title='bbox 2492 3360 2807 3422; x_wconf 89' lang='lat' dir='ltr'><strong>humamnn,</strong></span> <span class='ocrx_word' id='word_1_713' title='bbox 2842 3358 2937 3413; x_wconf 91' lang='lat' dir='ltr'><strong>sed</strong></span> <span class='ocrx_word' id='word_1_714' title='bbox 2961 3360 3205 3413; x_wconf 88' lang='lat' dir='ltr'><strong>divinum</strong></span> <span class='ocrx_word' id='word_1_715' title='bbox 3247 3361 3420 3417; x_wconf 85' lang='lat' dir='ltr'><strong>habe-</strong></span> 
     </span>
    </p>
   </div>
   <div class='ocr_carea' id='block_1_89' title="bbox 1803 3449 3422 3525">
    <p class='ocr_par' dir='ltr' id='par_1_89' title="bbox 1803 3449 3422 3525">
     <span class='ocr_line' id='line_1_90' title="bbox 1803 3449 3422 3525; baseline 0.006 -24"><span class='ocrx_word' id='word_1_716' title='bbox 1803 3458 1972 3513; x_wconf 88' lang='lat' dir='ltr'><strong>retur,</strong></span> <span class='ocrx_word' id='word_1_717' title='bbox 2008 3449 2151 3519; x_wconf 90' lang='lat' dir='ltr'><strong>quod</strong></span> <span class='ocrx_word' id='word_1_718' title='bbox 2201 3450 2343 3504; x_wconf 85' lang='lat' dir='ltr'><strong>circa</strong></span> <span class='ocrx_word' id='word_1_719' title='bbox 2392 3450 2567 3519; x_wconf 86' lang='lat' dir='ltr'><strong>ipsum</strong></span> <span class='ocrx_word' id='word_1_720' title='bbox 2603 3450 2800 3505; x_wconf 78' lang='lat' dir='ltr'><strong>factum</strong></span> <span class='ocrx_word' id='word_1_721' title='bbox 2856 3459 2959 3505; x_wconf 89' lang='lat' dir='ltr'><strong>est.</strong></span> <span class='ocrx_word' id='word_1_722' title='bbox 2994 3452 3083 3507; x_wconf 73' lang='grc'><strong>40.</strong></span> <span class='ocrx_word' id='word_1_723' title='bbox 3144 3450 3422 3525; x_wconf 76' lang='lat' dir='ltr'><strong>Philippus</strong></span> 
     </span>
    </p>
   </div>
   <div class='ocr_carea' id='block_1_90' title="bbox 1801 3541 3421 3617">
    <p class='ocr_par' dir='ltr' id='par_1_90' title="bbox 1801 3541 3421 3617">
     <span class='ocr_line' id='line_1_91' title="bbox 1801 3541 3421 3617; baseline 0.006 -25"><span class='ocrx_word' id='word_1_724' title='bbox 1801 3550 1971 3593; x_wconf 90' lang='lat' dir='ltr'><strong>autem</strong></span> <span class='ocrx_word' id='word_1_725' title='bbox 1998 3541 2230 3595; x_wconf 81' lang='lat' dir='ltr'><strong>inventus</strong></span> <span class='ocrx_word' id='word_1_726' title='bbox 2260 3551 2332 3595; x_wconf 80' lang='lat' dir='ltr'><strong>est</strong></span> <span class='ocrx_word' id='word_1_727' title='bbox 2354 3542 2405 3595; x_wconf 90' lang='lat' dir='ltr'><strong>in</strong></span> <span class='ocrx_word' id='word_1_728' title='bbox 2434 3542 2593 3595; x_wconf 77' lang='lat' dir='ltr'><strong>Azoto</strong></span> <span class='ocrx_word' id='word_1_729' title='bbox 2614 3557 2631 3595; x_wconf 91' lang='lat'><strong><em>:</em></strong></span> <span class='ocrx_word' id='word_1_730' title='bbox 2653 3551 2700 3596; x_wconf 93' lang='lat' dir='ltr'><strong>et</strong></span> <span class='ocrx_word' id='word_1_731' title='bbox 2732 3544 3074 3607; x_wconf 86' lang='lat' dir='ltr'><strong>pertransiens</strong></span> <span class='ocrx_word' id='word_1_732' title='bbox 3104 3547 3421 3617; x_wconf 75' lang='lat' dir='ltr'><strong>euangeliza-</strong></span> 
     </span>
    </p>
   </div>
   <div class='ocr_carea' id='block_1_91' title="bbox 1800 3629 3419 3697">
    <p class='ocr_par' dir='ltr' id='par_1_91' title="bbox 1800 3629 3419 3697">
     <span class='ocr_line' id='line_1_92' title="bbox 1800 3629 3419 3697; baseline 0.009 -14"><span class='ocrx_word' id='word_1_733' title='bbox 1800 3629 1884 3684; x_wconf 80' lang='lat' dir='ltr'><strong>bat</strong></span> <span class='ocrx_word' id='word_1_734' title='bbox 1922 3633 2208 3687; x_wconf 85' lang='lat' dir='ltr'><strong>civitatibus</strong></span> <span class='ocrx_word' id='word_1_735' title='bbox 2257 3636 2476 3696; x_wconf 84' lang='lat' dir='ltr'><strong>cunctis,</strong></span> <span class='ocrx_word' id='word_1_736' title='bbox 2504 3634 2664 3690; x_wconf 86' lang='lat' dir='ltr'><strong>donec</strong></span> <span class='ocrx_word' id='word_1_737' title='bbox 2689 3636 2878 3689; x_wconf 84' lang='lat' dir='ltr'><strong>veniret</strong></span> <span class='ocrx_word' id='word_1_738' title='bbox 2916 3634 3227 3692; x_wconf 65' lang='lat' dir='ltr'><strong>Caesaream.</strong></span> <span class='ocrx_word' id='word_1_739' title='bbox 3280 3639 3419 3697; x_wconf 88' lang='lat' dir='ltr'><strong>llittc</strong></span> 
     </span>
    </p>
   </div>
   <div class='ocr_carea' id='block_1_92' title="bbox 1800 3723 3417 3801">
    <p class='ocr_par' dir='ltr' id='par_1_92' title="bbox 1800 3723 3417 3801">
     <span class='ocr_line' id='line_1_93' title="bbox 1800 3723 3417 3801; baseline 0.007 -24"><span class='ocrx_word' id='word_1_740' title='bbox 1800 3723 1974 3791; x_wconf 82' lang='lat' dir='ltr'><strong>palam</strong></span> <span class='ocrx_word' id='word_1_741' title='bbox 2024 3734 2125 3791; x_wconf 91' lang='lat' dir='ltr'><strong>est,</strong></span> <span class='ocrx_word' id='word_1_742' title='bbox 2165 3725 2310 3779; x_wconf 90' lang='lat' dir='ltr'><strong>hunc</strong></span> <span class='ocrx_word' id='word_1_743' title='bbox 2338 3741 2401 3780; x_wconf 72' lang='lat' dir='ltr'><strong>ex</strong></span> <span class='ocrx_word' id='word_1_744' title='bbox 2435 3739 2641 3795; x_wconf 84' lang='lat' dir='ltr'><strong>septem</strong></span> <span class='ocrx_word' id='word_1_745' title='bbox 2676 3727 2782 3783; x_wconf 91' lang='lat' dir='ltr'><strong>illis</strong></span> <span class='ocrx_word' id='word_1_746' title='bbox 2808 3726 2973 3783; x_wconf 81' lang='lat' dir='ltr'><strong>fuisse</strong></span> <span class='ocrx_word' id='word_1_747' title='bbox 3008 3747 3021 3782; x_wconf 89' lang='lat'><strong>:</strong></span> <span class='ocrx_word' id='word_1_748' title='bbox 3057 3746 3179 3784; x_wconf 87' lang='lat' dir='ltr'><strong>nam</strong></span> <span class='ocrx_word' id='word_1_749' title='bbox 3232 3740 3417 3801; x_wconf 86' lang='lat' dir='ltr'><strong>postea</strong></span> 
     </span>
    </p>
   </div>
   <div class='ocr_carea' id='block_1_93' title="bbox 1799 3813 3415 3893">
    <p class='ocr_par' dir='ltr' id='par_1_93' title="bbox 1799 3813 3415 3893">
     <span class='ocr_line' id='line_1_94' title="bbox 1799 3813 3415 3893; baseline 0.006 -26"><span class='ocrx_word' id='word_1_750' title='bbox 1799 3813 1853 3867; x_wconf 91' lang='lat' dir='ltr'><strong>in</strong></span> <span class='ocrx_word' id='word_1_751' title='bbox 1876 3813 2123 3867; x_wconf 67' lang='lat' dir='ltr'><strong>Caesarea</strong></span> <span class='ocrx_word' id='word_1_752' title='bbox 2166 3816 2453 3884; x_wconf 87' lang='lat' dir='ltr'><strong>reperitur.</strong></span> <span class='ocrx_word' id='word_1_753' title='bbox 2487 3816 2529 3870; x_wconf 81' lang='grc' dir='ltr'>Ε</span> <span class='ocrx_word' id='word_1_754' title='bbox 2558 3832 2617 3870; x_wconf 87' lang='lat' dir='ltr'><strong>re</strong></span> <span class='ocrx_word' id='word_1_755' title='bbox 2638 3827 2818 3871; x_wconf 89' lang='lat' dir='ltr'><strong>autem</strong></span> <span class='ocrx_word' id='word_1_756' title='bbox 2856 3820 3035 3888; x_wconf 90' lang='lat' dir='ltr'><strong>rapuit</strong></span> <span class='ocrx_word' id='word_1_757' title='bbox 3060 3820 3213 3875; x_wconf 90' lang='lat' dir='ltr'><strong>illum</strong></span> <span class='ocrx_word' id='word_1_758' title='bbox 3241 3822 3415 3893; x_wconf 88' lang='lat' dir='ltr'><strong>Spiri-</strong></span> 
     </span>
    </p>
   </div>
   <div class='ocr_carea' id='block_1_94' title="bbox 1799 3910 3413 3979">
    <p class='ocr_par' dir='ltr' id='par_1_94' title="bbox 1799 3910 3413 3979">
     <span class='ocr_line' id='line_1_95' title="bbox 1799 3910 3413 3979; baseline 0.006 -17"><span class='ocrx_word' id='word_1_759' title='bbox 1799 3916 1885 3963; x_wconf 89' lang='lat' dir='ltr'><strong>tus</strong></span> <span class='ocrx_word' id='word_1_760' title='bbox 1914 3926 1928 3964; x_wconf 94' lang='lat'><strong>:</strong></span> <span class='ocrx_word' id='word_1_761' title='bbox 1962 3910 2201 3977; x_wconf 89' lang='lat' dir='ltr'><strong>alioquin</strong></span> <span class='ocrx_word' id='word_1_762' title='bbox 2230 3920 2473 3979; x_wconf 85' lang='lat' dir='ltr'><strong>rogasset</strong></span> <span class='ocrx_word' id='word_1_763' title='bbox 2502 3911 2785 3966; x_wconf 84' lang='lat' dir='ltr'><strong>eunuchus</strong></span> <span class='ocrx_word' id='word_1_764' title='bbox 2805 3953 2818 3976; x_wconf 90' lang='lat'><strong>,</strong></span> <span class='ocrx_word' id='word_1_765' title='bbox 2846 3920 2903 3967; x_wconf 91' lang='lat' dir='ltr'><strong>ut</strong></span> <span class='ocrx_word' id='word_1_766' title='bbox 2943 3928 3128 3969; x_wconf 88' lang='lat' dir='ltr'><strong>secum</strong></span> <span class='ocrx_word' id='word_1_767' title='bbox 3160 3915 3369 3972; x_wconf 85' lang='lat' dir='ltr'><strong>veniret</strong></span> <span class='ocrx_word' id='word_1_768' title='bbox 3398 3936 3413 3973; x_wconf 90' lang='lat'><strong>:</strong></span> 
     </span>
    </p>
   </div>
   <div class='ocr_carea' id='block_1_95' title="bbox 1796 4000 3413 4074">
    <p class='ocr_par' dir='ltr' id='par_1_95' title="bbox 1796 4000 3413 4074">
     <span class='ocr_line' id='line_1_96' title="bbox 1796 4000 3413 4074; baseline 0.006 -21"><span class='ocrx_word' id='word_1_769' title='bbox 1796 4015 1956 4070; x_wconf 88' lang='lat' dir='ltr'><strong>quem</strong></span> <span class='ocrx_word' id='word_1_770' title='bbox 1986 4000 2077 4056; x_wconf 92' lang='lat' dir='ltr'><strong>ille</strong></span> <span class='ocrx_word' id='word_1_771' title='bbox 2103 4000 2242 4057; x_wconf 80' lang='lat' dir='ltr'><strong>forte</strong></span> <span class='ocrx_word' id='word_1_772' title='bbox 2269 4002 2646 4057; x_wconf 88' lang='lat' dir='ltr'><strong>contristasset</strong></span> <span class='ocrx_word' id='word_1_773' title='bbox 2692 4004 2959 4074; x_wconf 85' lang='lat' dir='ltr'><strong>negando,</strong></span> <span class='ocrx_word' id='word_1_774' title='bbox 2996 4021 3119 4060; x_wconf 91' lang='lat' dir='ltr'><strong>cum</strong></span> <span class='ocrx_word' id='word_1_775' title='bbox 3172 4007 3413 4063; x_wconf 89' lang='lat' dir='ltr'><strong>nondum</strong></span> 
     </span>
    </p>
   </div>
   <div class='ocr_carea' id='block_1_96' title="bbox 1800 4092 3417 4170">
    <p class='ocr_par' dir='ltr' id='par_1_96' title="bbox 1800 4092 3417 4170">
     <span class='ocr_line' id='line_1_97' title="bbox 1800 4092 3417 4170; baseline 0.007 -25"><span class='ocrx_word' id='word_1_776' title='bbox 1800 4100 2009 4162; x_wconf 88' lang='lat' dir='ltr'><strong>tempus</strong></span> <span class='ocrx_word' id='word_1_777' title='bbox 2034 4103 2197 4148; x_wconf 86' lang='lat' dir='ltr'><strong>esset.</strong></span> <span class='ocrx_word' id='word_1_778' title='bbox 2240 4092 2431 4148; x_wconf 83' lang='lat' dir='ltr'><strong>Vidisti</strong></span> <span class='ocrx_word' id='word_1_779' title='bbox 2479 4096 2703 4164; x_wconf 88' lang='lat' dir='ltr'><strong>angelos</strong></span> <span class='ocrx_word' id='word_1_780' title='bbox 2756 4107 3113 4164; x_wconf 86' lang='lat' dir='ltr'><strong>cooperantes</strong></span> <span class='ocrx_word' id='word_1_781' title='bbox 3163 4101 3417 4170; x_wconf 68' lang='lat' dir='ltr'><strong>praedica-</strong></span> 
     </span>
    </p>
   </div>
   <div class='ocr_carea' id='block_1_97' title="bbox 1798 4170 3417 4256">
    <p class='ocr_par' dir='ltr' id='par_1_97' title="bbox 1798 4170 3417 4256">
     <span class='ocr_line' id='line_1_98' title="bbox 1798 4170 3417 4256; baseline 0.007 -19"><span class='ocrx_word' id='word_1_782' title='bbox 1798 4184 1951 4250; x_wconf 89' lang='lat' dir='ltr'><strong>tioni,</strong></span> <span class='ocrx_word' id='word_1_783' title='bbox 1971 4194 2024 4239; x_wconf 91' lang='lat' dir='ltr'><strong>et</strong></span> <span class='ocrx_word' id='word_1_784' title='bbox 2042 4186 2188 4254; x_wconf 79' lang='lat' dir='ltr'><strong>ipsos</strong></span> <span class='ocrx_word' id='word_1_785' title='bbox 2201 4170 2416 4255; x_wconf 77' lang='lat' dir='ltr'><strong>quidem</strong></span> <span class='ocrx_word' id='word_1_786' title='bbox 2443 4202 2547 4240; x_wconf 89' lang='lat' dir='ltr'><strong>non</strong></span> <span class='ocrx_word' id='word_1_787' title='bbox 2570 4188 2953 4256; x_wconf 75' lang='lat' dir='ltr'><strong>przedicantes;</strong></span> <span class='ocrx_word' id='word_1_788' title='bbox 2979 4191 3073 4246; x_wconf 84' lang='lat' dir='ltr'><strong>sed</strong></span> <span class='ocrx_word' id='word_1_789' title='bbox 3100 4191 3199 4246; x_wconf 86' lang='lat' dir='ltr'><strong>hos</strong></span> <span class='ocrx_word' id='word_1_790' title='bbox 3217 4208 3386 4248; x_wconf 81' lang='lat' dir='ltr'><strong>vocati</strong></span> <span class='ocrx_word' id='word_1_791' title='bbox 3400 4221 3417 4233; x_wconf 86' lang='lat'><strong>-</strong></span> 
     </span>
    </p>
   </div>
   <div class='ocr_carea' id='block_1_98' title="bbox 1797 4275 3410 4352">
    <p class='ocr_par' dir='ltr' id='par_1_98' title="bbox 1797 4275 3410 4352">
     <span class='ocr_line' id='line_1_99' title="bbox 1797 4275 3410 4352; baseline 0.007 -23"><span class='ocrx_word' id='word_1_792' title='bbox 1797 4275 1918 4330; x_wconf 81' lang='lat' dir='ltr'><strong>tes?</strong></span> <span class='ocrx_word' id='word_1_793' title='bbox 1947 4275 2059 4330; x_wconf 86' lang='lat' dir='ltr'><strong>Hoc</strong></span> <span class='ocrx_word' id='word_1_794' title='bbox 2086 4291 2247 4346; x_wconf 92' lang='lat' dir='ltr'><strong>porro</strong></span> <span class='ocrx_word' id='word_1_795' title='bbox 2275 4276 2523 4332; x_wconf 70' lang='lat' dir='ltr'><strong>mirabile</strong></span> <span class='ocrx_word' id='word_1_796' title='bbox 2557 4278 2680 4333; x_wconf 91' lang='lat' dir='ltr'><strong>hinc</strong></span> <span class='ocrx_word' id='word_1_797' title='bbox 2718 4280 3023 4335; x_wconf 85' lang='lat' dir='ltr'><strong>ostenditur</strong></span> <span class='ocrx_word' id='word_1_798' title='bbox 3054 4299 3068 4336; x_wconf 75' lang='grc' dir='ltr'>ε</span> <span class='ocrx_word' id='word_1_799' title='bbox 3097 4283 3240 4352; x_wconf 87' lang='lat' dir='ltr'><strong>quod</strong></span> <span class='ocrx_word' id='word_1_800' title='bbox 3266 4291 3410 4339; x_wconf 84' lang='lat' dir='ltr'><strong>enim</strong></span> 
     </span>
    </p>
   </div>
   <div class='ocr_carea' id='block_1_99' title="bbox 1795 4368 3413 4445">
    <p class='ocr_par' dir='ltr' id='par_1_99' title="bbox 1795 4368 3413 4445">
     <span class='ocr_line' id='line_1_100' title="bbox 1795 4368 3413 4445; baseline 0.007 -23"><span class='ocrx_word' id='word_1_801' title='bbox 1795 4382 1975 4422; x_wconf 87' lang='lat' dir='ltr'><strong>rarum</strong></span> <span class='ocrx_word' id='word_1_802' title='bbox 1999 4368 2130 4422; x_wconf 90' lang='lat' dir='ltr'><strong>olim</strong></span> <span class='ocrx_word' id='word_1_803' title='bbox 2161 4380 2300 4435; x_wconf 89' lang='lat' dir='ltr'><strong>erat,</strong></span> <span class='ocrx_word' id='word_1_804' title='bbox 2329 4379 2384 4424; x_wconf 87' lang='lat' dir='ltr'><strong>et</strong></span> <span class='ocrx_word' id='word_1_805' title='bbox 2410 4371 2495 4425; x_wconf 79' lang='lat' dir='ltr'><strong>vix</strong></span> <span class='ocrx_word' id='word_1_806' title='bbox 2522 4370 2700 4437; x_wconf 89' lang='lat' dir='ltr'><strong>iiebat,</strong></span> <span class='ocrx_word' id='word_1_807' title='bbox 2734 4371 2821 4428; x_wconf 92' lang='lat' dir='ltr'><strong>hic</strong></span> <span class='ocrx_word' id='word_1_808' title='bbox 2844 4373 2953 4443; x_wconf 87' lang='lat' dir='ltr'><strong>jam</strong></span> <span class='ocrx_word' id='word_1_809' title='bbox 3006 4376 3311 4445; x_wconf 63' lang='lat' dir='ltr'><strong>saepissime</strong></span> <span class='ocrx_word' id='word_1_810' title='bbox 3342 4378 3413 4434; x_wconf 81' lang='lat' dir='ltr'><strong>ef-</strong></span> 
     </span>
    </p>
   </div>
   <div class='ocr_carea' id='block_1_100' title="bbox 1796 4458 3407 4543">
    <p class='ocr_par' dir='ltr' id='par_1_100' title="bbox 1796 4458 3407 4543">
     <span class='ocr_line' id='line_1_101' title="bbox 1796 4458 3407 4543; baseline 0.011 -32"><span class='ocrx_word' id='word_1_811' title='bbox 1796 4458 1990 4515; x_wconf 83' lang='lat' dir='ltr'><strong>ﬁcitur.</strong></span> <span class='ocrx_word' id='word_1_812' title='bbox 2023 4462 2274 4531; x_wconf 86' lang='lat' dir='ltr'><strong>Alioquin</strong></span> <span class='ocrx_word' id='word_1_813' title='bbox 2306 4474 2484 4516; x_wconf 87' lang='lat' dir='ltr'><strong>autem</strong></span> <span class='ocrx_word' id='word_1_814' title='bbox 2526 4464 2640 4518; x_wconf 72' lang='lat' dir='ltr'><strong>bmc</strong></span> <span class='ocrx_word' id='word_1_815' title='bbox 2683 4467 3063 4534; x_wconf 77' lang='lat' dir='ltr'><strong>prmnuutiatio</strong></span> <span class='ocrx_word' id='word_1_816' title='bbox 3091 4480 3229 4537; x_wconf 88' lang='lat' dir='ltr'><strong>erat,</strong></span> <span class='ocrx_word' id='word_1_817' title='bbox 3261 4474 3407 4543; x_wconf 88' lang='lat' dir='ltr'><strong>quod</strong></span> 
     </span>
    </p>
   </div>
   <div class='ocr_carea' id='block_1_101' title="bbox 1796 4550 3408 4626">
    <p class='ocr_par' dir='ltr' id='par_1_101' title="bbox 1796 4550 3408 4626">
     <span class='ocr_line' id='line_1_102' title="bbox 1796 4550 3408 4626; baseline 0.011 -23"><span class='ocrx_word' id='word_1_818' title='bbox 1796 4550 1872 4604; x_wconf 91' lang='lat' dir='ltr'><strong>illi</strong></span> <span class='ocrx_word' id='word_1_819' title='bbox 1919 4551 2251 4624; x_wconf 83' lang='lat' dir='ltr'><strong>alienigenas</strong></span> <span class='ocrx_word' id='word_1_820' title='bbox 2278 4564 2483 4609; x_wconf 85' lang='lat' dir='ltr'><strong>.essent</strong></span> <span class='ocrx_word' id='word_1_821' title='bbox 2527 4559 2853 4626; x_wconf 83' lang='lat' dir='ltr'><strong>superaturi.</strong></span> <span class='ocrx_word' id='word_1_822' title='bbox 2905 4559 3037 4614; x_wconf 85' lang='lat' dir='ltr'><strong>Nam</strong></span> <span class='ocrx_word' id='word_1_823' title='bbox 3071 4562 3408 4620; x_wconf 85' lang='lat' dir='ltr'><strong>credentium</strong></span> 
     </span>
    </p>
   </div>
   <div class='ocr_carea' id='block_1_102' title="bbox 1795 4642 3413 4726">
    <p class='ocr_par' dir='ltr' id='par_1_102' title="bbox 1795 4642 3413 4726">
     <span class='ocr_line' id='line_1_103' title="bbox 1795 4642 3413 4726; baseline 0.007 -30"><span class='ocrx_word' id='word_1_824' title='bbox 1795 4642 1899 4699; x_wconf 80' lang='lat' dir='ltr'><strong>ﬁde</strong></span> <span class='ocrx_word' id='word_1_825' title='bbox 1925 4642 2145 4714; x_wconf 82' lang='lat' dir='ltr'><strong>dignum</strong></span> <span class='ocrx_word' id='word_1_826' title='bbox 2177 4648 2545 4701; x_wconf 88' lang='lat' dir='ltr'><strong>testimonium</strong></span> <span class='ocrx_word' id='word_1_827' title='bbox 2577 4660 2784 4718; x_wconf 83' lang='lat' dir='ltr'><strong>paterat</strong></span> <span class='ocrx_word' id='word_1_828' title='bbox 2827 4651 3156 4710; x_wconf 90' lang='lat' dir='ltr'><strong>discentibus</strong></span> <span class='ocrx_word' id='word_1_829' title='bbox 3188 4672 3413 4726; x_wconf 61' lang='lat' dir='ltr'><strong>pet-su..-</strong></span> 
     </span>
    </p>
   </div>
   <div class='ocr_carea' id='block_1_103' title="bbox 1793 4733 3411 4819">
    <p class='ocr_par' dir='ltr' id='par_1_103' title="bbox 1793 4733 3411 4819">
     <span class='ocr_line' id='line_1_104' title="bbox 1793 4733 3411 4819; baseline 0.011 -32"><span class='ocrx_word' id='word_1_830' title='bbox 1793 4733 1920 4789; x_wconf 89' lang='lat' dir='ltr'><strong>dere</strong></span> <span class='ocrx_word' id='word_1_831' title='bbox 1945 4777 1959 4801; x_wconf 93' lang='lat'><strong>,</strong></span> <span class='ocrx_word' id='word_1_832' title='bbox 1996 4744 2051 4789; x_wconf 91' lang='lat' dir='ltr'><strong>ut</strong></span> <span class='ocrx_word' id='word_1_833' title='bbox 2094 4737 2343 4791; x_wconf 90' lang='lat' dir='ltr'><strong>emndcm</strong></span> <span class='ocrx_word' id='word_1_834' title='bbox 2378 4738 2477 4809; x_wconf 84' lang='lat' dir='ltr'><strong>ipsi</strong></span> <span class='ocrx_word' id='word_1_835' title='bbox 2526 4740 2699 4795; x_wconf 87' lang='lat' dir='ltr'><strong>zelum</strong></span> <span class='ocrx_word' id='word_1_836' title='bbox 2732 4743 3060 4812; x_wconf 87' lang='lat' dir='ltr'><strong>arriperent.</strong></span> <span class='ocrx_word' id='word_1_837' title='bbox 3093 4745 3219 4802; x_wconf 86' lang='lat' dir='ltr'><strong>Ideo</strong></span> <span class='ocrx_word' id='word_1_838' title='bbox 3252 4750 3411 4819; x_wconf 81' lang='lat' dir='ltr'><strong>igitur</strong></span> 
     </span>
    </p>
   </div>
   <div class='ocr_carea' id='block_1_104' title="bbox 1792 4824 3411 4901">
    <p class='ocr_par' dir='ltr' id='par_1_104' title="bbox 1792 4824 3411 4901">
     <span class='ocr_line' id='line_1_105' title="bbox 1792 4824 3411 4901; baseline 0.011 -21"><span class='ocrx_word' id='word_1_839' title='bbox 1792 4824 1899 4880; x_wconf 90' lang='lat' dir='ltr'><strong>ibat</strong></span> <span class='ocrx_word' id='word_1_840' title='bbox 1929 4826 2201 4897; x_wconf 86' lang='lat' dir='ltr'><strong>gaudens;</strong></span> <span class='ocrx_word' id='word_1_841' title='bbox 2229 4838 2391 4898; x_wconf 85' lang='lat' dir='ltr'><strong>atque</strong></span> <span class='ocrx_word' id='word_1_842' title='bbox 2416 4830 2554 4885; x_wconf 91' lang='lat' dir='ltr'><strong>adeo</strong></span> <span class='ocrx_word' id='word_1_843' title='bbox 2583 4832 2626 4885; x_wconf 93' lang='lat' dir='ltr'><strong>si</strong></span> <span class='ocrx_word' id='word_1_844' title='bbox 2655 4834 2921 4901; x_wconf 82' lang='lat' dir='ltr'><strong>scivisset,</strong></span> <span class='ocrx_word' id='word_1_845' title='bbox 2952 4853 3057 4891; x_wconf 85' lang='lat' dir='ltr'><strong>non</strong></span> <span class='ocrx_word' id='word_1_846' title='bbox 3078 4840 3146 4892; x_wconf 89' lang='lat' dir='ltr'><strong>ita</strong></span> <span class='ocrx_word' id='word_1_847' title='bbox 3176 4840 3411 4897; x_wconf 83' lang='lat' dir='ltr'><strong>delecta-</strong></span> 
     </span>
    </p>
   </div>
   <div class='ocr_carea' id='block_1_105' title="bbox 1794 4919 3409 5000">
    <p class='ocr_par' dir='ltr' id='par_1_105' title="bbox 1794 4919 3409 5000">
     <span class='ocr_line' id='line_1_106' title="bbox 1794 4919 3409 5000; baseline 0.012 -29"><span class='ocrx_word' id='word_1_848' title='bbox 1794 4926 1877 4972; x_wconf 89' lang='lat' dir='ltr'><strong>tus</strong></span> <span class='ocrx_word' id='word_1_849' title='bbox 1899 4930 2058 4972; x_wconf 82' lang='lat' dir='ltr'><strong>esset.</strong></span> <span class='ocrx_word' id='word_1_850' title='bbox 2082 4919 2218 4988; x_wconf 87' lang='lat' dir='ltr'><strong>Quid</strong></span> <span class='ocrx_word' id='word_1_851' title='bbox 2239 4931 2418 4976; x_wconf 89' lang='lat' dir='ltr'><strong>autem</strong></span> <span class='ocrx_word' id='word_1_852' title='bbox 2446 4926 2678 4992; x_wconf 84' lang='lat' dir='ltr'><strong>vetabat,</strong></span> <span class='ocrx_word' id='word_1_853' title='bbox 2706 4928 2935 4998; x_wconf 85' lang='lat' dir='ltr'><strong>inquies,</strong></span> <span class='ocrx_word' id='word_1_854' title='bbox 2955 4933 3082 5000; x_wconf 88' lang='lat' dir='ltr'><strong>quin</strong></span> <span class='ocrx_word' id='word_1_855' title='bbox 3105 4935 3284 4988; x_wconf 86' lang='lat' dir='ltr'><strong>omnia</strong></span> <span class='ocrx_word' id='word_1_856' title='bbox 3318 4936 3409 4992; x_wconf 88' lang='lat' dir='ltr'><strong>ille</strong></span> 
     </span>
    </p>
   </div>
   <div class='ocr_carea' id='block_1_106' title="bbox 1792 5012 3410 5099">
    <p class='ocr_par' dir='ltr' id='par_1_106' title="bbox 1792 5012 3410 5099">
     <span class='ocr_line' id='line_1_107' title="bbox 1792 5012 3410 5099; baseline 0.011 -34"><span class='ocrx_word' id='word_1_857' title='bbox 1792 5022 2039 5066; x_wconf 88' lang='lat' dir='ltr'><strong>accurate</strong></span> <span class='ocrx_word' id='word_1_858' title='bbox 2065 5012 2318 5079; x_wconf 86' lang='lat' dir='ltr'><strong>disceret,</strong></span> <span class='ocrx_word' id='word_1_859' title='bbox 2352 5015 2403 5069; x_wconf 89' lang='lat' dir='ltr'><strong>itt</strong></span> <span class='ocrx_word' id='word_1_860' title='bbox 2428 5032 2589 5075; x_wconf 89' lang='lat' dir='ltr'><strong>curru</strong></span> <span class='ocrx_word' id='word_1_861' title='bbox 2619 5018 2840 5086; x_wconf 88' lang='lat' dir='ltr'><strong>sedens,</strong></span> <span class='ocrx_word' id='word_1_862' title='bbox 2874 5023 3215 5099; x_wconf 77' lang='lat' dir='ltr'><strong>maximeque</strong></span> <span class='ocrx_word' id='word_1_863' title='bbox 3240 5027 3289 5079; x_wconf 90' lang='lat' dir='ltr'><strong>itt</strong></span> <span class='ocrx_word' id='word_1_864' title='bbox 3314 5028 3410 5082; x_wconf 90' lang='lat' dir='ltr'><strong>de-</strong></span> 
     </span>
    </p>
   </div>
   <div class='ocr_carea' id='block_1_107' title="bbox 1792 5104 3408 5174">
    <p class='ocr_par' dir='ltr' id='par_1_107' title="bbox 1792 5104 3408 5174">
     <span class='ocr_line' id='line_1_108' title="bbox 1792 5104 3408 5174; baseline 0.013 -20"><span class='ocrx_word' id='word_1_865' title='bbox 1792 5110 1937 5156; x_wconf 87' lang='lat' dir='ltr'><strong>serto</strong></span> <span class='ocrx_word' id='word_1_866' title='bbox 1954 5104 1976 5154; x_wconf 67' lang='grc' dir='ltr'><strong>’ἶ</strong></span> <span class='ocrx_word' id='word_1_867' title='bbox 2001 5104 2133 5171; x_wconf 84' lang='lat' dir='ltr'><strong>Quia</strong></span> <span class='ocrx_word' id='word_1_868' title='bbox 2166 5120 2252 5160; x_wconf 91' lang='lat' dir='ltr'><strong>res</strong></span> <span class='ocrx_word' id='word_1_869' title='bbox 2295 5120 2401 5161; x_wconf 89' lang='lat' dir='ltr'><strong>non</strong></span> <span class='ocrx_word' id='word_1_870' title='bbox 2429 5119 2547 5163; x_wconf 86' lang='lat' dir='ltr'><strong>erat</strong></span> <span class='ocrx_word' id='word_1_871' title='bbox 2588 5110 2653 5166; x_wconf 88' lang='lat' dir='ltr'><strong>ad</strong></span> <span class='ocrx_word' id='word_1_872' title='bbox 2703 5115 3143 5171; x_wconf 79' lang='lat' dir='ltr'><strong>ostentationem.</strong></span> <span class='ocrx_word' id='word_1_873' title='bbox 3183 5116 3287 5173; x_wconf 90' lang='lat' dir='ltr'><strong>Sed</strong></span> <span class='ocrx_word' id='word_1_874' title='bbox 3318 5135 3408 5174; x_wconf 89' lang='lat' dir='ltr'><strong>su-</strong></span> 
     </span>
    </p>
   </div>
   <div class='ocr_carea' id='block_1_108' title="bbox 1791 5194 3408 5277">
    <p class='ocr_par' dir='ltr' id='par_1_108' title="bbox 1791 5194 3408 5277">
     <span class='ocr_line' id='line_1_109' title="bbox 1791 5194 3408 5277; baseline 0.011 -31"><span class='ocrx_word' id='word_1_875' title='bbox 1791 5194 1970 5261; x_wconf 82' lang='lat' dir='ltr'><strong>perius</strong></span> <span class='ocrx_word' id='word_1_876' title='bbox 2002 5194 2138 5250; x_wconf 75' lang='lat' dir='ltr'><strong>let-ta</strong></span> <span class='ocrx_word' id='word_1_877' title='bbox 2186 5198 2553 5267; x_wconf 75' lang='lat' dir='ltr'><strong>exploremus.</strong></span> <span class='ocrx_word' id='word_1_878' title='bbox 2609 5200 2675 5254; x_wconf 85' lang='lat' dir='ltr'><strong>Et</strong></span> <span class='ocrx_word' id='word_1_879' title='bbox 2714 5219 2829 5257; x_wconf 86' lang='lat' dir='ltr'><strong>ecce</strong></span> <span class='ocrx_word' id='word_1_880' title='bbox 2864 5209 2939 5257; x_wconf 82' lang='lat' dir='ltr'><strong>vir</strong></span> <span class='ocrx_word' id='word_1_881' title='bbox 2968 5206 3215 5277; x_wconf 61' lang='lat' dir='ltr'><strong>zEt/tiops</strong></span> <span class='ocrx_word' id='word_1_882' title='bbox 3245 5228 3408 5264; x_wconf 61' lang='lat' dir='ltr'><strong>cmm-</strong></span> 
     </span>
    </p>
   </div>
   <div class='ocr_carea' id='block_1_109' title="bbox 1791 5285 3407 5371">
    <p class='ocr_par' dir='ltr' id='par_1_109' title="bbox 1791 5285 3407 5371">
     <span class='ocr_line' id='line_1_110' title="bbox 1791 5285 3407 5371; baseline 0.014 -35"><span class='ocrx_word' id='word_1_883' title='bbox 1791 5285 1936 5347; x_wconf 81' lang='lat' dir='ltr'><strong>c/tus,</strong></span> <span class='ocrx_word' id='word_1_884' title='bbox 1974 5287 2160 5355; x_wconf 88' lang='lat' dir='ltr'><strong>inquit,</strong></span> <span class='ocrx_word' id='word_1_885' title='bbox 2212 5300 2389 5358; x_wconf 87' lang='lat' dir='ltr'><strong>potens</strong></span> <span class='ocrx_word' id='word_1_886' title='bbox 2416 5290 2669 5347; x_wconf 86' lang='lat' dir='ltr'><strong>Candacis</strong></span> <span class='ocrx_word' id='word_1_887' title='bbox 2697 5297 2887 5365; x_wconf 66' lang='lat' dir='ltr'><strong>reginae</strong></span> <span class='ocrx_word' id='word_1_888' title='bbox 2911 5297 3243 5371; x_wconf 73' lang='grc' dir='ltr'><strong>ΑΞιΙιὶοραηι.</strong></span> <span class='ocrx_word' id='word_1_889' title='bbox 3273 5302 3407 5360; x_wconf 78' lang='lat' dir='ltr'><strong>Hinc</strong></span> 
     </span>
    </p>
   </div>
   <div class='ocr_carea' id='block_1_110' title="bbox 1794 5375 3407 5454">
    <p class='ocr_par' dir='ltr' id='par_1_110' title="bbox 1794 5375 3407 5454">
     <span class='ocr_line' id='line_1_111' title="bbox 1794 5375 3407 5454; baseline 0.016 -27"><span class='ocrx_word' id='word_1_890' title='bbox 1794 5375 1996 5445; x_wconf 85' lang='lat' dir='ltr'><strong>liquet,</strong></span> <span class='ocrx_word' id='word_1_891' title='bbox 2047 5378 2189 5432; x_wconf 83' lang='lat' dir='ltr'><strong>illam</strong></span> <span class='ocrx_word' id='word_1_892' title='bbox 2252 5382 2381 5448; x_wconf 48' lang='lat' dir='ltr'><strong>ipsis</strong></span> <span class='ocrx_word' id='word_1_893' title='bbox 2430 5384 2746 5453; x_wconf 86' lang='lat' dir='ltr'><strong>imperasse.</strong></span> <span class='ocrx_word' id='word_1_894' title='bbox 2791 5387 2923 5442; x_wconf 84' lang='lat' dir='ltr'><strong>Nam</strong></span> <span class='ocrx_word' id='word_1_895' title='bbox 2980 5392 3107 5446; x_wconf 90' lang='lat' dir='ltr'><strong>olim</strong></span> <span class='ocrx_word' id='word_1_896' title='bbox 3150 5396 3407 5454; x_wconf 89' lang='lat' dir='ltr'><strong>mulieres</strong></span> 
     </span>
    </p>
   </div>
   <div class='ocr_carea' id='block_1_111' title="bbox 1794 5470 3408 5556">
    <p class='ocr_par' dir='ltr' id='par_1_111' title="bbox 1794 5470 3408 5556">
     <span class='ocr_line' id='line_1_112' title="bbox 1794 5470 3408 5556; baseline 0.016 -34"><span class='ocrx_word' id='word_1_897' title='bbox 1794 5470 2149 5541; x_wconf 69' lang='lat' dir='ltr'><strong>numerabant,</strong></span> <span class='ocrx_word' id='word_1_898' title='bbox 2179 5483 2233 5528; x_wconf 88' lang='lat' dir='ltr'><strong>et</strong></span> <span class='ocrx_word' id='word_1_899' title='bbox 2262 5473 2375 5529; x_wconf 82' lang='lat' dir='ltr'><strong>lnec</strong></span> <span class='ocrx_word' id='word_1_900' title='bbox 2402 5476 2483 5530; x_wconf 84' lang='lat' dir='ltr'><strong>lex</strong></span> <span class='ocrx_word' id='word_1_901' title='bbox 2509 5490 2624 5531; x_wconf 88' lang='lat' dir='ltr'><strong>erat</strong></span> <span class='ocrx_word' id='word_1_902' title='bbox 2647 5480 2787 5549; x_wconf 86' lang='lat' dir='ltr'><strong>apud</strong></span> <span class='ocrx_word' id='word_1_903' title='bbox 2821 5481 2940 5537; x_wconf 90' lang='lat' dir='ltr'><strong>illos</strong></span> <span class='ocrx_word' id='word_1_904' title='bbox 2965 5483 3060 5556; x_wconf 89' lang='lat' dir='ltr'><strong>(a).</strong></span> <span class='ocrx_word' id='word_1_905' title='bbox 3088 5487 3174 5541; x_wconf 90' lang='lat' dir='ltr'><strong>Sic</strong></span> <span class='ocrx_word' id='word_1_906' title='bbox 3202 5494 3408 5547; x_wconf 87' lang='lat' dir='ltr'><strong>nescie-</strong></span> 
     </span>
    </p>
   </div>
   <div class='ocr_carea' id='block_1_112' title="bbox 1866 5604 3406 5676">
    <p class='ocr_par' dir='ltr' id='par_1_112' title="bbox 1866 5604 3406 5676">
     <span class='ocr_line' id='line_1_113' title="bbox 1866 5604 3406 5676; baseline 0.012 -23"><span class='ocrx_word' id='word_1_907' title='bbox 1866 5606 1940 5666; x_wconf 72' lang='grc' dir='ltr'><strong>(τι)</strong></span> <span class='ocrx_word' id='word_1_908' title='bbox 1965 5604 2058 5676; x_wconf 81' lang='lat' dir='ltr'><strong>Hic</strong></span> <span class='ocrx_word' id='word_1_909' title='bbox 2082 5612 2219 5676; x_wconf 78' lang='lat' dir='ltr'><strong>notat</strong></span> <span class='ocrx_word' id='word_1_910' title='bbox 2254 5608 2506 5676; x_wconf 66' lang='lat' dir='ltr'><strong>Douttu&#39;us</strong></span> <span class='ocrx_word' id='word_1_911' title='bbox 2541 5613 2587 5659; x_wconf 90' lang='lat' dir='ltr'><strong>in</strong></span> <span class='ocrx_word' id='word_1_912' title='bbox 2613 5612 2720 5662; x_wconf 56' lang='lat' dir='ltr'><strong>haec</strong></span> <span class='ocrx_word' id='word_1_913' title='bbox 2744 5617 2913 5669; x_wconf 81' lang='lat' dir='ltr'><strong>verba.</strong></span> <span class='ocrx_word' id='word_1_914' title='bbox 2941 5619 3108 5668; x_wconf 76' lang='lat' dir='ltr'><strong>Strabo</strong></span> <span class='ocrx_word' id='word_1_915' title='bbox 3130 5618 3163 5669; x_wconf 91' lang='lat' dir='ltr'><strong>l.</strong></span> <span class='ocrx_word' id='word_1_916' title='bbox 3194 5622 3251 5670; x_wconf 87' lang='lat' dir='ltr'><strong>l7</strong></span> <span class='ocrx_word' id='word_1_917' title='bbox 3278 5632 3406 5672; x_wconf 70' lang='lat' dir='ltr'><strong>(“mt-</strong></span> 
     </span>
    </p>
   </div>
   <div class='ocr_carea' id='block_1_113' title="bbox 1793 5667 3409 5743">
    <p class='ocr_par' dir='ltr' id='par_1_113' title="bbox 1793 5667 3409 5743">
     <span class='ocr_line' id='line_1_114' title="bbox 1793 5667 3409 5743; baseline 0.012 -25"><span class='ocrx_word' id='word_1_918' title='bbox 1793 5667 1941 5718; x_wconf 69' lang='lat' dir='ltr'><strong>dtht‘b‘</strong></span> <span class='ocrx_word' id='word_1_919' title='bbox 1980 5670 2236 5743; x_wconf 64' lang='lat' dir='ltr'><strong>Mhiopnm</strong></span> <span class='ocrx_word' id='word_1_920' title='bbox 2272 5672 2568 5743; x_wconf 64' lang='lat' dir='ltr'><strong>regimesub</strong></span> <span class='ocrx_word' id='word_1_921' title='bbox 2598 5685 2807 5739; x_wconf 72' lang='lat' dir='ltr'><strong>.tttgusto</strong></span> <span class='ocrx_word' id='word_1_922' title='bbox 2829 5667 3046 5730; x_wconf 82' lang='lat' dir='ltr'><strong>meminit</strong></span> <span class='ocrx_word' id='word_1_923' title='bbox 3070 5667 3258 5743; x_wconf 15' lang='lat' dir='ltr'><strong>,iqna—n—t</strong></span> <span class='ocrx_word' id='word_1_924' title='bbox 3282 5667 3409 5737; x_wconf 76' lang='lat' dir='ltr'><strong>hanc</strong></span> 
     </span>
    </p>
   </div>
   <div class='ocr_carea' id='block_1_114' title="bbox 1790 5732 3403 5811">
    <p class='ocr_par' dir='ltr' id='par_1_114' title="bbox 1790 5732 3403 5811">
     <span class='ocr_line' id='line_1_115' title="bbox 1790 5732 3403 5811; baseline 0.012 -34"><span class='ocrx_word' id='word_1_925' title='bbox 1790 5744 2012 5811; x_wconf 49' lang='lat' dir='ltr'><strong>essetaut</strong></span> <span class='ocrx_word' id='word_1_926' title='bbox 2027 5732 2269 5811; x_wconf 34' lang='lat' dir='ltr'><strong>egi-“timo,</strong></span> <span class='ocrx_word' id='word_1_927' title='bbox 2297 5732 2557 5811; x_wconf 48' lang='lat' dir='ltr'><strong>sed/diam</strong></span> <span class='ocrx_word' id='word_1_928' title='bbox 2576 5732 2775 5811; x_wconf 48' lang='grc' dir='ltr'><strong>άλιιςτέιᾷηον.</strong></span> <span class='ocrx_word' id='word_1_929' title='bbox 2804 5748 2949 5811; x_wconf 67' lang='lat' dir='ltr'><strong>Reges</strong></span> <span class='ocrx_word' id='word_1_930' title='bbox 2973 5732 3099 5811; x_wconf 71' lang='lat' dir='ltr'><strong>enim</strong></span> <span class='ocrx_word' id='word_1_931' title='bbox 3124 5732 3403 5811; x_wconf 59' lang='lat' dir='ltr'><strong>i&#39;egitntéqne</strong></span> 
     </span>
    </p>
   </div>
   <div class='ocr_carea' id='block_1_115' title="bbox 1794 5796 3402 5863">
    <p class='ocr_par' dir='ltr' id='par_1_115' title="bbox 1794 5796 3402 5863">
     <span class='ocr_line' id='line_1_116' title="bbox 1794 5796 3402 5863; baseline 0.014 -25"><span class='ocrx_word' id='word_1_932' title='bbox 1794 5796 2013 5863; x_wconf 61' lang='lat' dir='ltr'><strong>eiusdem</strong></span> <span class='ocrx_word' id='word_1_933' title='bbox 2038 5796 2267 5863; x_wconf 39' lang='lat' dir='ltr'><strong>.regiouis</strong></span> <span class='ocrx_word' id='word_1_934' title='bbox 2306 5796 2792 5863; x_wconf 60' lang='lat' dir='ltr'><strong>iisdenrnominibus</strong></span> <span class='ocrx_word' id='word_1_935' title='bbox 2827 5796 2897 5852; x_wconf 78' lang='lat' dir='ltr'><strong>uti</strong></span> <span class='ocrx_word' id='word_1_936' title='bbox 2932 5804 3099 5854; x_wconf 85' lang='lat' dir='ltr'><strong>solent.</strong></span> <span class='ocrx_word' id='word_1_937' title='bbox 3134 5796 3333 5860; x_wconf 42' lang='lat' dir='ltr'><strong>Taurinis.</strong></span> <span class='ocrx_word' id='word_1_938' title='bbox 3353 5811 3402 5859; x_wconf 82' lang='lat' dir='ltr'><strong>in</strong></span> 
     </span>
    </p>
   </div>
   <div class='ocr_carea' id='block_1_116' title="bbox 1800 5851 3409 5927">
    <p class='ocr_par' dir='ltr' id='par_1_116' title="bbox 1800 5851 3409 5927">
     <span class='ocr_line' id='line_1_117' title="bbox 1800 5851 3409 5927; baseline 0.009 -25"><span class='ocrx_word' id='word_1_939' title='bbox 1800 5851 1906 5927; x_wconf 67' lang='lat' dir='ltr'><strong>lita</strong></span> <span class='ocrx_word' id='word_1_940' title='bbox 1930 5851 2165 5927; x_wconf 9' lang='lat' dir='ltr'><strong>aggtjcolvtc</strong></span> <span class='ocrx_word' id='word_1_941' title='bbox 2191 5860 2254 5907; x_wconf 89' lang='lat' dir='ltr'><strong>de</strong></span> <span class='ocrx_word' id='word_1_942' title='bbox 2283 5860 2528 5927; x_wconf 65' lang='lat' dir='ltr'><strong>Britannis</strong></span> <span class='ocrx_word' id='word_1_943' title='bbox 2560 5874 2575 5909; x_wconf 84' lang='lat'><strong>.&#39;</strong></span> <span class='ocrx_word' id='word_1_944' title='bbox 2600 5861 2690 5927; x_wconf 51' lang='lat' dir='ltr'><strong>iis</strong></span> <span class='ocrx_word' id='word_1_945' title='bbox 2709 5873 2859 5923; x_wconf 83' lang='lat' dir='ltr'><strong>atque</strong></span> <span class='ocrx_word' id='word_1_946' title='bbox 2884 5851 3409 5921; x_wconf 44' lang='lat' dir='ltr'><strong>manu;iniiiéiiftiil</strong></span> 
     </span>
    </p>
   </div>
   <div class='ocr_carea' id='block_1_117' title="bbox 1792 5921 3406 5995">
    <p class='ocr_par' dir='ltr' id='par_1_117' title="bbox 1792 5921 3406 5995">
     <span class='ocr_line' id='line_1_118' title="bbox 1792 5921 3406 5995; baseline 0.01 -32"><span class='ocrx_word' id='word_1_947' title='bbox 1792 5921 1980 5995; x_wconf 62' lang='lat' dir='ltr'><strong>stincti,</strong></span> <span class='ocrx_word' id='word_1_948' title='bbox 2008 5921 2208 5991; x_wconf 52' lang='lat' dir='ltr'><strong>isnatura</strong></span> <span class='ocrx_word' id='word_1_949' title='bbox 2242 5925 2460 5995; x_wconf 62' lang='lat' dir='ltr'><strong>generis</strong></span> <span class='ocrx_word' id='word_1_950' title='bbox 2499 5925 2633 5995; x_wconf 25' lang='lat' dir='ltr'><strong>regii.</strong></span> <span class='ocrx_word' id='word_1_951' title='bbox 2668 5921 2850 5975; x_wconf 79' lang='lat' dir='ltr'><strong>femina</strong></span> <span class='ocrx_word' id='word_1_952' title='bbox 2873 5930 3001 5978; x_wconf 87' lang='lat' dir='ltr'><strong>duce</strong></span> <span class='ocrx_word' id='word_1_953' title='bbox 3039 5934 3054 5990; x_wconf 93' lang='lat'><strong>(</strong></span> <span class='ocrx_word' id='word_1_954' title='bbox 3085 5944 3249 5995; x_wconf 80' lang='lat' dir='ltr'><strong>neque</strong></span> <span class='ocrx_word' id='word_1_955' title='bbox 3275 5932 3406 5979; x_wconf 86' lang='lat' dir='ltr'><strong>enim</strong></span> 
     </span>
    </p>
   </div>
   <div class='ocr_carea' id='block_1_118' title="bbox 1798 5984 3404 6058">
    <p class='ocr_par' dir='ltr' id='par_1_118' title="bbox 1798 5984 3404 6058">
     <span class='ocr_line' id='line_1_119' title="bbox 1798 5984 3404 6058; baseline 0.01 -29"><span class='ocrx_word' id='word_1_956' title='bbox 1798 5992 1979 6029; x_wconf 73' lang='lat' dir='ltr'><strong>sexum</strong></span> <span class='ocrx_word' id='word_1_957' title='bbox 2004 5984 2051 6030; x_wconf 86' lang='lat' dir='ltr'><strong>in</strong></span> <span class='ocrx_word' id='word_1_958' title='bbox 2079 5984 2296 6045; x_wconf 79' lang='lat' dir='ltr'><strong>imperiis</strong></span> <span class='ocrx_word' id='word_1_959' title='bbox 2312 5986 2600 6037; x_wconf 75' lang='lat' dir='ltr'><strong>discernunt</strong></span> <span class='ocrx_word' id='word_1_960' title='bbox 2626 5990 2643 6049; x_wconf 93' lang='lat'><strong>)</strong></span> <span class='ocrx_word' id='word_1_961' title='bbox 2669 6000 2933 6058; x_wconf 43' lang='lat' dir='ltr'><strong>sumpsere,</strong></span> <span class='ocrx_word' id='word_1_962' title='bbox 2956 5984 3404 6046; x_wconf 74' lang='lat' dir='ltr'><strong>universibcllum.</strong></span> 
     </span>
    </p>
   </div>
  </div>
