4094 6482
606 463 698 521 151

1376 452 1437 515 5.
1474 450 1751 513 JOANNIS
1784 443 2265 506 CHRYSOSTOMI
2307 440 2620 498 ARCHIEP.
2661 435 3199 497 CONSTAN'HNOP.

3791 439 3897 494 I5!

605 578 693 635 nat
720 571 1131 641 l’htlippusqua
1153 566 1225 624 de
1243 579 1409 623 caua
1433 565 1644 621 veniret
1667 563 1720 617 in
1743 562 2042 622 desertum,
2062 557 2188 628 quia
2298 556 2527 614 sionem.
2556 551 3032 616 resurrectionem,
3062 549 3517 641 assumptionem,
3538 548 3781 605 futurum
3816 550 3902 622 ju-

603 680 716 720 non
754 640 873 732 jam,
907 658 1169 731 angelus.
1214 658 1311 713 sed
1350 656 1583 727 Spiritus
1633 654 1808 724 ipsum
1860 651 2020 721 rapit.
2047 648 2193 704 Nihil
2298 645 2494 699 dicium
2523 660 2536 697 ε
2564 658 2685 714 qua:
2708 642 2807 713 ipsi
2838 656 3090 709 magnum
3116 640 3355 696 indidere
3374 640 3728 696 desiderium.
3762 642 3907 697 εω-

602 765 784 812 autem
830 753 1021 808 horum
1065 752 1213 807 videt
1236 749 1536 813 eunuchus,
1577 746 1926 816 imperfectus
1948 757 2071 799 cum
2100 743 2192 808 sit,

608 852 688 907 vel
716 850 877 904 etiam
906 847 1049 919 quod
1076 846 1191 902 haec
1217 860 1323 900 non
1344 842 1411 898 ad
1434 842 1767 911 corporales,
1794 839 1889 896 sed
1926 837 1994 892 ad
2033 836 2195 904 spiri-
2216 870 2223 901 η

606 943 781 997 tuales
811 940 1149 1012 pertineant;
1180 951 1355 1007 neque
1375 935 1538 991 etiam
1563 933 1721 989 discit
1748 948 1832 996 ea,
1851 946 1971 1001 quae
2000 928 2199 998 Philip-

611 1049 710 1104 pus
736 1029 1082 1088 edocebatur.
1115 1028 1185 1084 Et
1211 1043 1312 1083 cur
1353 1041 1460 1082 non
1488 1025 1565 1081 illi
1603 1032 1827 1095 apparet
1855 1021 2116 1093 angelus,
2139 1027 2200 1074 ut

605 1123 770 1182 ducat
792 1124 862 1179 ad
893 1121 1236 1192 Philippum?
1282 1120 1419 1189 Quia
1458 1117 1705 1173 fortassis
1726 1130 1835 1171 non
1862 1126 2153 1184 persuasus
2180 1152 2196 1176 ,

605 1220 701 1275 sed
731 1216 909 1289 potius
935 1213 1339 1286 obstupefactus
1358 1212 1568 1268 fuisset.
1606 1211 1735 1267 Vide
1755 1209 1987 1279 Philippi
2020 1207 2198 1278 philo-

604 1310 852 1381 sophiarn
878 1325 893 1363 :
924 1323 1031 1363 non
1072 1305 1364 1371 accusavit,
1396 1319 1501 1359 non
1528 1303 1680 1371 dixit,
1712 1301 1953 1372 Ignoras,
1998 1313 2100 1370 ego
2147 1308 2200 1353 te

604 1400 813 1455 docebo
836 1415 852 1464 ;
882 1414 988 1453 non
1009 1397 1166 1464 dixit,
1195 1396 1310 1466 Ego
1335 1395 1452 1450 haec
1475 1392 1725 1449 accurate
1753 1394 1902 1457 scio;
1932 1408 2038 1445 non
2067 1390 2201 1444 ado—

607 1494 890 1557 latusest,
923 1504 1023 1545 nec
1045 1489 1180 1545 dixit
1204 1489 1277 1553 ei,
1308 1489 1503 1544 Beatus
1524 1502 1586 1543 es
1622 1488 1713 1558 qui
1756 1487 1909 1558 legis.
1941 1485 2029 1540 Sic.
2049 1496 2104 1541 et
2131 1486 2202 1540 ab

605 1585 825 1641 audacia
846 1593 901 1640 et
928 1585 998 1639 ab
1024 1583 1336 1638 adulatione
1363 1592 1629 1638 remotum
1672 1589 1791 1636 erat
1816 1580 2039 1637 verbum
2061 1596 2077 1642 ;
2103 1579 2199 1634 sed

609 1677 787 1747 potius
806 1692 989 1732 curam
1012 1675 1251 1747 gerentis
1266 1684 1379 1731 erat
1403 1682 1459 1729 et
1478 1673 1714 1743 benigni.
1739 1671 2031 1743 Oportebat
2055 1670 2199 1727 enim

610 1764 760 1823 illum
784 1769 1138 1837 interrogare,
1165 1765 1450 1835 oportebat
1467 1763 1796 1820 desiderare.
1827 1763 2073 1818 Declarat
2102 1779 2201 1817 au-

609 1869 716 1914 tem
749 1874 809 1915 se
833 1860 974 1915 scire
1000 1860 1172 1929 ipsum
1200 1858 1332 1913 nihil
1363 1872 1541 1922 nosse,
1572 1873 1692 1911 cum
1714 1858 1828 1911 ait:
1863 1853 2089 1909 Putasne
2124 1856 2204 1908 in-

608 1951 795 2023 telligis
818 1966 932 2022 quat
955 1952 1121 2023 legis!
1148 1952 1415 2021 simulque
1455 1950 1689 2004 insinuat
1715 1965 1963 2019 magnum
1994 1946 2202 2017 reposi-

611 2051 722 2096 tum
748 2056 872 2097 esse
915 2041 1246 2097 thesaurum.

677 2131 734 2186 2.
772 2131 1007 2186 Eunuchi
1041 2132 1283 2186 modestia
1319 2141 1367 2186 et
1389 2133 1637 2186 studium.
1656 2131 1843 2187 -—Sed
1871 2132 2010 2194 vide,
2038 2146 2201 2202 quam

609 2224 901 2295 prudenter
930 2239 991 2279 se
1014 2233 1238 2280 excuset
1262 2228 1541 2280 eunuclms
1568 2243 1581 2279 :
1611 2224 1675 2278 Et
1708 2226 1961 2293 quomodo
1992 2226 2203 2295 possint,

608 2319 707 2371 nisi
727 2318 840 2383 quis
863 2316 1137 2373 ostenderit
1163 2317 1333 2372 mihi!
1372 2317 1487 2372 Non
1518 2318 1758 2389 respexit
1800 2316 2063 2380 habitum,
2096 2334 2203 2373 non

608 2411 749 2466 dixit
777 2428 793 2466 :
823 2410 901 2465 Tu
926 2411 1046 2482 quis
1065 2412 1165 2466 es?
1188 2427 1296 2465 non
1320 2409 1613 2481 redarguit,
1642 2426 1749 2465 non
1779 2421 2095 2481 arroganter
2122 2411 2201 2463 lu-

609 2502 813 2572 qnitur,
845 2517 952 2555 non
977 2516 1037 2556 se
1063 2502 1203 2556 scire
1225 2500 1378 2568 dicit,
1405 2501 1500 2557 sed
1524 2502 1772 2570 ignorate
1797 2500 2033 2557 fatetur:
2057 2501 2205 2555 ideo-

606 2608 713 2664 que
739 2592 918 2647 discit.
945 2592 1199 2647 Monstrat
1228 2592 1419 2647 vulnus
1440 2591 1685 2654 medico:
1714 2593 1861 2647 novit
1889 2594 2061 2663 ipsum
2089 2592 2205 2647 hinc

607 2685 768 2750 scire,
798 2693 854 2738 et
874 2684 1011 2739 velle
1034 2684 1249 2739 docere.
1284 2683 1360 2755 (a)
1391 2684 1534 2739 Vidit
1552 2685 1699 2739 illum
1722 2699 1843 2741 esse
1862 2699 1892 2739 a
1921 2684 2055 2739 fastu
2076 2684 2207 2739 alie-

610 2792 777 2841 num;
810 2790 983 2845 neque
1022 2775 1167 2831 enim
1197 2775 1536 2844 splendidum
1565 2775 1810 2847 gestabat
1833 2776 2102 2831 vestitmn.
2132 2774 2205 2830 Ita

608 2876 729 2929 erat
754 2866 995 2921 discendi
1023 2865 1251 2936 cupidus
1274 2876 1331 2921 et
1355 2867 1535 2922 verbis
1562 2868 1818 2933 intentus,
1841 2868 1963 2938 quia
1980 2877 2035 2922 et
2053 2869 2204 2935 illud,

612 2958 713 3023 Qui
732 2958 933 3027 φατι-ξε,
958 2957 1146 3011 invenit
1172 2958 1192 3029 (
1219 2956 1406 3011 Matth.
1438 2958 1493 3012 7.
1516 2957 1551 3012 8
1572 2969 1612 3025 ),
1638 2957 1689 3011 in
1718 2957 1835 3027 ipso
1862 2957 2203 3028 implebatur.

612 3048 944 3119 Rogavitqne,
978 3048 1168 3117 inquit,
1205 3046 1528 3118 Philippum.
1550 3059 1605 3102 ut
1624 3049 1916 3103 ascenderet
1942 3060 1991 3103 et
2013 3051 2207 3104 sederet

609 3156 801 3195 secum.
826 3139 1075 3194 Vidistin'
1096 3140 1331 3194 studium
1347 3141 1372 3193 Ἰ
1393 3140 1625 3194 vidistin’
1644 3141 2011 3196 desiderium?
2037 3142 2209 3211 Rogat

616 3240 675 3284 ut
696 3230 951 3285 ascendat
975 3241 1028 3285 et
1052 3230 1238 3285 sedeat
1263 3246 1447 3287 secum
1481 3247 1495 3285 :
1523 3232 1603 3286 sic
1632 3232 1924 3297 nesciebat,
1950 3234 2076 3304 quid
2104 3235 2207 3290 sibi

612 3324 853 3380 dicturus
880 3332 1059 3391 esset;
1081 3324 1174 3379 sed
1194 3323 1509 3394 simpliciter
1530 3325 1767 3394 putabat.
1790 3341 1850 3381 se
1872 3326 2207 3396 prophetiam

612 3417 843 3487 aliquam
872 3415 1179 3471 auditurum
1215 3430 1357 3471 esse.
1384 3414 1553 3486 Major
1588 3426 1769 3473 autem
1797 3417 1881 3472 hic
1904 3416 2076 3472 honor
2099 3427 2205 3483 est,

614 3508 761 3577 quod
788 3523 893 3562 non
924 3507 1240 3577 simpliciter
1261 3508 1556 3564 ascendere
1580 3519 1753 3573 curet,
1784 3508 1879 3564 sed
1910 3520 2081 3582 roget.
2104 3510 2208 3564 Ac-

616 3614 825 3653 currens
849 3606 1016 3652 autem
1036 3596 1314 3668 Philippus
1338 3600 1531 3653 audivit
1566 3616 1680 3655 eum
1707 3601 1970 3671 legentem.
2010 3602 2211 3657 Cursus

618 3694 870 3765 loquendi
916 3692 1170 3765 cupidum
1214 3692 1433 3757 iudicat,
1479 3693 1639 3749 lectio
1664 3694 1825 3750 studii
1867 3695 2077 3765 signum
2104 3705 2207 3750 est.

615 3786 714 3842 Illo
741 3787 883 3842 enim
912 3795 1150 3857 tempore
1174 3784 1402 3856 legebat,
1436 3801 1541 3856 quo
1565 3786 1738 3855 major
1764 3794 1849 3843 est
1874 3786 2006 3841 solis
2024 3798 2205 3843 a‘stus.

620 3879 795 3934 Locus
818 3887 996 3933 autem
1027 3879 1113 3933 hic
1141 3889 1292 3933 erat:
1312 3877 1589 3933 Sicut’ovis
1613 3879 1681 3933 ad
1705 3879 2007 3934 occisionem
2031 3883 2212 3937 ductus

616 3981 713 4027 est.
738 3970 806 4027 Et
834 3970 935 4026 hoc
961 3970 1103 4026 illius
1123 3970 1364 4026 discendi
1392 3971 1700 4040 cupiditatis
1713 3973 1923 4043 signum
1940 3981 2045 4038 est,
2068 3972 2211 4042 quod

622 4065 940 4136 prophetam
978 4063 1129 4119 illum
1160 4064 1282 4119 aliis
1309 4065 1674 4120 sublimiorem
1704 4081 1813 4136 pne
1842 4066 2090 4121 manibus
2116 4067 2211 4119 ha-

622 4158 818 4215 buerit.
843 4156 969 4213 Ideo
986 4172 1092 4211 non
1115 4172 1236 4212 cum
1262 4156 1595 4211 vehementia
1619 4156 1695 4212 illi
1717 4167 1920 4224 narrat,
1946 4158 2040 4213 sed
2059 4174 2211 4212 man.

620 4261 807 4314 aucte;
836 4250 947 4304 imo
968 4264 1067 4305 nec
1087 4248 1234 4319 prius
1258 4249 1513 4319 loquitur,
1540 4265 1699 4321 quam
1723 4251 2079 4321 interrogatus
2101 4253 2209 4306 luc-

624 4345 715 4409 rit,
766 4342 941 4397 donec
976 4342 1065 4397 ille
1095 4342 1380 4411 rogaverit.
1406 4340 1477 4398 Ut
1502 4352 1557 4396 et
1601 4341 1728 4396 illud
1774 4343 1966 4398 iterum
2014 4343 2215 4398 faciens

622 4437 701 4490 ait
738 4454 751 4489 :
784 4435 1003 4489 Obsecro
1045 4444 1122 4499 te,
1154 4435 1217 4487 de
1254 4450 1355 4503 quo
1385 4436 1632 4503 propheta
1659 4436 1782 4489 dicit
1827 4436 1966 4489 hoc?
1996 4434 2217 4491 Videtur

626 4526 755 4581 mihi
779 4527 1067 4581 nescivisse
1087 4526 1258 4593 illum,
1285 4525 1427 4597 quod
1456 4524 1729 4596 prophetae
1756 4527 1827 4583 de
1844 4528 1962 4582 aliis
1988 4529 2215 4598 loquan-

626 4628 747 4686 tur;
772 4620 855 4674 vel
882 4620 929 4675 si
961 4634 1065 4673 non
1094 4619 1215 4682 hoc,
1245 4618 1386 4688 quod
1413 4618 1482 4672 de
1508 4619 1699 4690 seipsis
1726 4618 2008 4691 loquantur
2034 4623 2085 4676 in
2112 4623 2214 4675 alia

629 4715 879 4782 persona.
918 4710 1311 4763 Erubescamus
1337 4718 1393 4764 et
1441 4724 1703 4779 pauperes
1729 4720 1784 4766 et
1812 4711 2005 4767 divites
2030 4714 2097 4767 de
2124 4713 2217 4768 illo

626 4801 907 4873 peunario.
937 4801 1132 4856 Deinde
1153 4814 1391 4857 venerunt
1417 4804 1485 4855 ad
1506 4803 1782 4873 quamdam
1808 4820 2015 4871 aquam,
2048 4816 2095 4859 et
2123 4809 2215 4871 ait,

633 4894 763 4948 Ecce
780 4910 932 4963 aqua.
960 4895 1083 4948 llaec
1113 4894 1264 4950 valde
1288 4894 1542 4949 ferventis
1561 4894 1753 4951 anima:
1774 4905 1920 4950 sunt.
1947 4897 2082 4962 Quid
2103 4916 2221 4963 pro-

630 4984 763 5037 hibet
786 5001 863 5038 me
888 4985 1136 5054 baptizari
1152 4988 1177 5039 .’
1197 4985 1378 5039 Videu'
1398 4988 1517 5054 ejus
1542 4986 1908 5042 desiderium?
1936 4988 2051 5044 Non
2065 4989 2218 5056 dicit,

631 5078 844 5146 Baptiza
878 5093 995 5139 me;
1026 5093 1199 5146 neque
1226 5087 1384 5143 tacet,
1405 5080 1500 5134 sed
1527 5082 1759 5135 medium
1782 5082 2055 5151 quidpiam
2081 5083 2222 5137 inter

626 5168 952 5225 desiderium
980 5177 1035 5222 et
1054 5172 1413 5224 reverentiam
1440 5171 1696 5241 loquitur.
1728 5171 1865 5235 Quid
1895 5173 2121 5242 prohibet
2142 5191 2220 5229 me

626 5262 878 5331 baptizari
896 5263 922 5316 .’
953 5260 1085 5317 Vide
1104 5304 1119 5327 ,
1150 5263 1421 5333 quomodo
1441 5264 1688 5320 absoluta
1718 5265 1966 5336 dogmata
1995 5266 2217 5323 habuit:

630 5370 754 5408 nam
783 5355 1044 5425 propheta
1070 5354 1249 5410 omnia
1271 5356 1600 5422 continebat,
1625 5356 2071 5425 incarnationem,
2094 5373 2221 5428 pas-

636 5520 987 5591 {ﬂagitatam
1015 5521 1321 5591 est._apingr,
1346 5536 1494 5591 quam
1522 5522 1801 5591 Jiphilnms
1826 5525 2115 5591 Βογδουίκην
2142 5525 2218 5578 in-

632 5584 827 5649 digitat.
1193 5598 1213 5634 ε
1234 5584 1507 5649 Ἰστὶρν-ὅτι
1522 5584 1773 5643 Κάνδάιην
1796 5588 2017 5644 Αἰθίοπες
2033 5584 2215 5649 πᾶσαν,

631 5643 719 5716 si);
737 5643 823 5716 ιεοῦ
839 5648 1075 5716 βᾳσιλέως
1092 5648 1274 5716 νεῃςέρᾳ
1291 5644 1536 5716 ιᾳλοῦσιγ,
1551 5650 1711 5716 inter}
1733 5651 1977 5716 πατέρανοζ
2000 5643 2219 5716 λὶθίοπεξ

632 5707 721 5777 dire
747 5707 1080 5777 uvaps'pwcty,
1097 5707 1294 5777 ⁷ἆλλῖῷς
1312 5710 1451 5777 duitas
1473 5711 1601 5765 υἱοὺς
1623 5710 1761 5767 ἡλίου
1775 5707 2117 5777 πιαραδιρὁασι.

693 5769 770 5828 (a)
798 5769 1075 5829 Sequentia
1098 5782 1209 5819 cum
1244 5769 1534 5831 ingentibus
1558 5769 1882 5822 varietatibus
1916 5776 2063 5822 etlert
2088 5789 2218 5823 unus

632 5828 819 5885 Codex,
844 5828 968 5891 quas
995 5831 1033 5875 si
1060 5832 1239 5899 alierre
1276 5828 1543 5891 véllemus,
1566 5833 1732 5885 omnia
1756 5834 2046 5886 exscribere
2074 5851 2217 5899 pror-

634 5904 719 5938 sus
744 5904 951 5941 nrccsse
975 5898 1129 5941 esset.

2301 737 2499 791 bescite
2522 744 2788 807 quotquot
2826 735 3064 791 nondum
3102 735 3384 791 illuminati
3425 736 3578 790 eatis.
3608 733 3677 789 Et
3705 736 3905 807 jussit,

2302 830 2493 901 inquit,
2522 840 2659 884 stare
2695 845 2923 891 currum.
2964 827 3134 884 Simul
3161 827 3297 883 dixit
3324 838 3381 884 et
3403 828 3717 897 imperavit,
3746 837 3904 884 ante;

2301 938 2461 991 quam
2487 921 2720 976 audiret.
2733 917 2867 975 Cum
2885 927 3055 973 autem
3079 919 3427 974 escendissent
3452 918 3516 973 de
3539 935 3697 989 aqua,
3728 918 3910 989 Spiri-

2303 1023 2384 1067 tus
2411 1012 2619 1066 Domini
2648 1012 2819 1081 rapuit
2848 1009 3176 1081 Philippum.
3204 1009 3349 1065 Bene
3396 1027 3409 1063 :
3445 1019 3505 1064 ut
3527 1010 3912 1065 ostenderetur

2303 1104 2539 1159 divinam
2570 1102 2735 1158 fuisse
2763 1117 2876 1157 rem
2906 1112 3106 1168 actam,
3147 1109 3205 1156 et
3252 1115 3321 1155 ne
3367 1109 3581 1169 putaret
3629 1098 3911 1154 hominem

2304 1212 2425 1251 esse
2446 1197 2741 1266 vulgarem.
2770 1193 2835 1248 Et
2856 1195 2984 1260 ibat,
3012 1193 3207 1263 inquit,
3228 1207 3318 1261 per
3334 1192 3468 1246 viam
3487 1206 3637 1243 uani
3656 1189 3887 1261 gaudens

2306 1289 2419 1345 Hoc
2443 1290 2596 1355 dicit,
2638 1287 2931 1343 ostendens
2970 1288 3145 1357 ipsum
3194 1300 3337 1357 agre
3384 1284 3618 1340 laturum
3646 1283 3834 1353 fuisse,
3866 1293 3918 1346 si

2306 1382 2552 1436 scivisset
2579 1398 2593 1434 :
2625 1382 2704 1437 sic
2726 1397 2794 1436 es
2817 1381 2986 1435 multo
3020 1379 3235 1451 gaudio,
3275 1378 3378 1435 etsi
3407 1377 3612 1449 Spiritu
3638 1376 3915 1448 dignatus,

2308 1474 2589 1544 praesentia
2611 1489 2715 1527 non
2735 1457 2968 1528 videbat.
2995 1471 3061 1525 Et
3077 1473 3310 1526 inuentus
3321 1479 3415 1535 est,
3438 1469 3631 1539 inquit,
3648 1469 3703 1522 in
3725 1469 3914 1527 Asoto.

2310 1567 2528 1621 Multum
2559 1566 2685 1620 hinc
2711 1563 2989 1634 Philippus
3006 1562 3246 1617 lucratus
3265 1571 3370 1617 est.
3394 1559 3528 1616 Nam
3554 1558 3699 1630 quod
3722 1557 3917 1613 audie-

2309 1666 2393 1711 rat
2410 1657 2477 1712 de
2505 1655 2801 1727 prophetis,
2827 1655 2894 1709 de
2918 1655 3153 1719 Abacuc,
3195 1662 3265 1709 de
3295 1651 3578 1708 Ezechiele
3606 1661 3663 1707 et
3689 1650 3837 1715 aliis,
3860 1650 3919 1705 in

2309 1763 2369 1803 se
2410 1749 2602 1802 factum
2657 1746 2823 1811 vidit,
2874 1746 2962 1816 qui
3016 1747 3068 1800 in
3110 1752 3382 1799 momento
3408 1742 3632 1798 multam
3659 1749 3922 1796 emensus

2310 1844 2450 1896 viam
2494 1841 2821 1905 ostenditur,
2866 1838 3131 1909 siquidem
3172 1839 3225 1891 in
3256 1841 3425 1892 Azoto
3454 1836 3704 1891 inventus
3728 1845 3837 1901 est,
3862 1845 3924 1890 et

2310 1933 2419 1986 illic
2444 1932 2661 1987 demum
2689 1941 2809 1995 stat,
2831 1930 2917 1985 ubi
2939 1929 3306 2001 evangelizare
3324 1926 3627 1999 oportebat.
3667 1923 3917 1997 (Cap.9-)

2311 2027 2362 2078 Ι.
2400 2024 2593 2079 Saulus
2618 2032 2786 2077 autent
2810 2022 2979 2075 adhuc
3007 2023 3213 2089 spirans
3262 2022 3517 2073 minarum
3567 2029 3611 2073 et
3654 2018 3813 2071 caedis
3862 2017 3918 2068 in

2308 2117 2585 2187 discipulos
2632 2114 2859 2182 Domini,
2905 2113 3113 2167 accessit
3137 2112 3206 2165 ad
3257 2112 3541 2181 principem
3571 2109 3919 2171 sacerdotum,

2308 2208 2366 2263 2.
2394 2218 2441 2263 et
2464 2208 2607 2279 petiit
2634 2207 2696 2260 ab
2723 2223 2782 2261 eo
2803 2206 3044 2275 epistolas
3070 2205 3122 2258 in
3147 2201 3459 2256 Damascum
3486 2200 3555 2254 ad
3578 2214 3870 2270 synagogas
3900 2212 3923 2250 :

2310 2310 2367 2354 ut
2393 2301 2439 2354 si
2461 2316 2586 2371 quos
2608 2299 2875 2354 invenisset
2905 2298 3061 2369 hujus
3080 2297 3175 2350 vite
3197 2295 3331 2349 viros
3356 2311 3418 2348 ac
3443 2294 3698 2357 mulieres,
3727 2293 3924 2346 vinctos

2313 2393 2609 2461 perduceret
2664 2394 2717 2444 in
2756 2388 3063 2444 Jerusalem.
3106 2386 3422 2460 Opportune
3450 2386 3598 2441 Pauli
3629 2386 3807 2440 selqu
3835 2385 3924 2439 hic

2311 2483 2537 2548 inducit,
2569 2491 2630 2536 ut
2660 2481 2807 2537 illum
2830 2479 3014 2534 medio
3039 2480 3157 2534 selo
3204 2489 3432 2533 tractum
3466 2477 3721 2532 ostendat
3771 2477 3922 2530 Non-

2309 2578 2435 2633 dmu
2456 2576 2600 2632 enim
2618 2578 2843 2631 satiatus
2860 2590 2991 2630 nece
3009 2571 3291 2644 Stephani,
3308 2586 3480 2643 neque
3504 2570 3925 2641 persequutioue

2311 2685 2375 2724 ac
2403 2669 2742 2738 dispersione
2764 2667 3041 2731 Ecclesiae,
3081 2663 3291 2720 accedit
3314 2662 3380 2718 ad
3409 2663 3707 2732 principem
3736 2675 3925 2716 sacer-

2312 2762 2521 2815 dotutu.
2542 2759 2641 2815 Hic
2662 2759 2913 2829 impletur
2940 2756 2992 2811 id
3008 2755 3151 2826 quod
3167 2753 3418 2809 Christus
3438 2751 3717 2822 discipulis
3743 2750 3883 2806 dixit
3905 2767 3921 2804 :

2324 2850 2470 2906 Venit
2498 2852 2649 2916 liora,
2676 2861 2731 2904 ut
2750 2850 2917 2903 omnis
2942 2850 3028 2916 qui
3046 2846 3286 2916 interﬁcit
3313 2860 3421 2908 vos,
3452 2844 3728 2898 arbitretur
3747 2859 3803 2897 se
3826 2843 3924 2896 ob-

2311 2943 2542 3013 sequium
2584 2950 2831 3013 prastare
2859 2938 2970 2994 Deo
3009 2936 3205 3008 (Joan.
3256 2937 3343 2991 ili.
3378 2932 3473 3008 2).
3520 2934 3617 2989 llic
3646 2933 3806 3003 igitur
3842 2934 3926 2989 sic

2312 3033 2579 3094 faciebat;
2609 3047 2715 3086 nou
2745 3039 2804 3085 ut
2828 3030 3022 3097 Judari,
3055 3029 3216 3085 absit.
3245 3027 3400 3093 Quod
3426 3027 3571 3082 enim
3616 3042 3682 3081 ex
3710 3026 3832 3079 uelo
3868 3025 3925 3080 id

2313 3123 2534 3189 faceret,
2563 3122 2689 3177 hinc
2717 3122 2890 3192 palam
2910 3130 3015 3188 est,
3042 3118 3186 3191 quod
3210 3117 3277 3174 ad
3305 3127 3522 3173 exteras
3544 3116 3790 3172 civitates
3815 3116 3926 3173 nii-

2314 3225 2513 3287 graret.
2544 3214 2654 3270 Illis
2682 3229 2812 3269 vero
2840 3229 3013 3285 neque
3038 3228 3126 3277 ea,
3147 3228 3269 3283 qua:
3295 3211 3651 3282 .lerosolymis
3696 3209 3925 3276 ﬁebant,

2313 3324 2459 3365 cura:
2484 3316 2660 3373 erant,
2686 3308 2781 3364 sed
2807 3322 2971 3361 unum
2997 3306 3343 3363 sectabantur
3369 3304 3655 3360 honorem.
3680 3302 3792 3357 Cur
3818 3318 3925 3357 au-

2315 3413 2421 3459 tem
2452 3403 2771 3457 Damascum
2819 3400 2989 3455 adiit?
3014 3399 3199 3469 Magna
3226 3399 3415 3453 civitas
3445 3405 3567 3452 erat
3607 3406 3662 3451 et
3716 3395 3866 3466 regia
3903 3412 3921 3449 :

2317 3494 2538 3550 timebat
2567 3509 2637 3549 ne
2664 3493 2752 3548 illa
2779 3507 2993 3562 quoque
3024 3500 3515 3561 przenecuparetur.
3568 3486 3637 3541 Et
3664 3486 3785 3541 vide
3808 3495 3931 3540 stu-

2315 3586 2463 3640 dium
2504 3587 2623 3654 cjus
2658 3585 3039 3654 ardoremque,
3088 3598 3152 3637 ac
3201 3596 3361 3651 quam
3406 3579 3701 3636 secundum
3748 3580 3928 3649 legem

2314 3693 2458 3750 agat.
2479 3679 2599 3735 Non
2620 3680 2733 3733 adit
2761 3677 3095 3748 praelectum,
3113 3675 3207 3731 sed
3230 3674 3531 3745 principem
3553 3671 3927 3734 uicerdotuin.

2319 3772 2453 3827 Petit
2474 3772 2539 3826 ab
2557 3773 2670 3843 ipso
2688 3771 2951 3839 epistolas,
2982 3779 3037 3821 ut
3070 3769 3115 3821 si
3147 3784 3271 3833 quos
3317 3766 3560 3820 inueniret
3606 3765 3763 3836 hujus
3806 3764 3928 3819 cite.

2319 3865 2471 3919 Viam
2502 3875 2655 3919 vocat
2678 3862 2983 3926 credentes,
3012 3863 3106 3932 qui
3133 3861 3213 3915 sic
3229 3861 3298 3914 ab
3323 3860 3575 3913 omnibus
3607 3868 3731 3912 tunc
3758 3873 3929 3913 voca-

2320 3958 2532 4021 bantur,
2567 3957 2706 4010 forte
2742 3956 2866 4026 quia
2900 3955 3038 4007 viam
3070 3954 3137 4007 ad
3167 3954 3359 4007 cadum
3404 3952 3713 4007 tendentem
3742 3964 3931 4009 secta-

2323 4049 2537 4103 bantur.
2570 4049 2680 4103 Cur
2705 4056 3026 4117 potestatein
3061 4061 3167 4098 non
3209 4044 3405 4115 accipit
3435 4044 3556 4098 illos
3591 4044 3792 4099 ibidem
3822 4061 3932 4116 pu-

2322 4139 2538 4206 niendi,
2602 4140 2697 4193 sed
2753 4138 3148 4208 Jerosolymatn
3197 4137 3385 4191 ducit?
3435 4137 3502 4193 Ut
3554 4152 3679 4191 cum
3733 4138 3932 4209 majori

2321 4240 2585 4302 potestate
2640 4230 2748 4284 illic
2794 4230 3121 4299 supplicium
3168 4229 3521 4298 inlligerctur.
3582 4230 3645 4282 Et
3693 4231 3843 4297 vide,
3876 4233 3931 4285 in

2321 4334 2581 4394 quantum
2609 4339 2668 4377 se
2711 4322 3007 4392 periculum
3038 4322 3324 4388 conjiciat;
3371 4330 3605 4375 attamen
3634 4324 3712 4375 sic
3751 4324 3932 4389 timet,

2323 4429 2391 4468 ne
2411 4413 2536 4483 quid
2564 4413 2666 4466 sibi
2698 4412 2823 4465 mali
2851 4411 3079 4465 accidat.
3106 4411 3229 4465 Ideo
3250 4428 3378 4481 ergo
3404 4414 3539 4467 alios
3558 4427 3740 4466 secum
3771 4430 3933 4469 assu-

2324 4506 2443 4569 mit,
2476 4503 2615 4559 forte
2644 4519 2753 4573 pra:
2790 4514 2935 4559 metu
2970 4522 2984 4559 :
3013 4504 3097 4558 vel
3126 4505 3250 4575 quia
3304 4514 3494 4559 contra
3550 4506 3747 4559 multos
3796 4509 3934 4573 ibat,

2325 4600 2521 4653 multos
2549 4600 2760 4668 accipit,
2792 4607 2849 4652 ut
2867 4599 3144 4663 audacius,
3177 4600 3237 4653 Si
3273 4615 3402 4670 quos
3434 4600 3682 4653 inveniret
3708 4602 3849 4655 uiros
3872 4619 3937 4655 ac

2325 4690 2584 4755 mulieres,
2608 4692 2798 4743 vinctos
2826 4689 3118 4760 perduceret
3138 4691 3191 4743 in
3220 4689 3530 4744 Jerusalem.
3557 4690 3808 4760 Alioquin
3836 4709 3938 4747 au-

2327 4794 2430 4837 tem
2482 4783 2595 4852 ipse
2635 4798 2731 4852 per
2760 4783 2899 4835 viam
2945 4783 3233 4835 Ostendere
3289 4782 3352 4835 iis
3401 4782 3655 4836 omnibus
3681 4784 3932 4850 volebat,

2328 4887 2497 4930 totum
2521 4877 2588 4931 ab
2618 4891 2677 4930 se
2698 4875 2963 4946 prolicisci
2992 4893 3005 4928 :
3030 4876 3099 4939 ita
3149 4874 3224 4928 illi
3254 4875 3386 4928 nihil
3414 4875 3516 4929 hoc
3544 4875 3831 4931 curabant.
3871 4878 3936 4932 [at

2326 4966 2447 5022 vide
2476 4967 2624 5021 illum
2646 4966 2876 5020 antehac
2897 4965 2949 5019 in
2968 4979 3237 5018 carcerein
3260 4966 3657 5035 conjicientem.
3672 4965 3746 5020 Illi
3769 4967 3936 5037 igitur

2329 5076 2433 5115 nou
2458 5060 2723 5122 valebant,
2760 5059 2844 5112 hic
2869 5071 2999 5111 vero
3022 5072 3130 5127 pra:
3154 5056 3365 5111 fervore
3390 5068 3622 5128 poterat.
3653 5059 3706 5111 5.
3728 5057 3935 5113 Etcum

2328 5155 2423 5207 iter
2462 5152 2648 5222 faceret
2673 5193 2687 5217 ,
2718 5150 2927 5219 contigit
2956 5160 3012 5203 ut
3064 5150 3497 5220 appropinquaret
3548 5148 3803 5203 Damasco
3839 5167 3859 5205 :
3888 5162 3933 5205 et

2327 5249 2489 5304 subito
2522 5246 2862 5316 circumfth
2887 5262 3002 5298 eum
3049 5245 3140 5298 lux
3167 5246 3231 5298 de
3257 5244 3418 5309 celo;
3466 5245 3521 5298 ι.
3554 5254 3601 5297 et
3644 5244 3837 5298 cadens
3880 5246 3934 5297 in

2329 5348 2515 5392 tenam
2544 5338 2737 5390 audivit
2767 5352 2935 5390 vocem
2956 5336 3203 5389 dicentem
3224 5334 3321 5389 sibi
3344 5350 3362 5388 :
3391 5333 3571 5399 Saule,
3596 5334 3779 5399 Saule,
3805 5336 3934 5406 quid

2328 5448 2409 5485 me
2457 5430 2770 5502 persequeris
2784 5430 2810 5483 .’

2404 5524 2459 5578 5.
2500 5524 2611 5579 Cur
2651 5537 2758 5575 non
2789 5521 3141 5593 Jerosolymis
3169 5520 3192 5574 ?
3222 5534 3321 5574 cur
3350 5534 3456 5574 non
3488 5518 3734 5574 Damasci
3767 5521 3821 5574 id
3858 5520 3934 5575 fa-

2329 5626 2473 5671 ctum
2516 5616 2646 5670 est?
2679 5615 2747 5669 Ut
2792 5632 2895 5668 non
2928 5624 3151 5685 possent
3191 5614 3279 5666 alii
3312 5614 3441 5668 illud
3473 5614 3632 5668 aliter
3658 5628 3932 5680 narrare;

2330 5720 2385 5765 et
2427 5717 2485 5762 ut
2521 5709 2659 5777 ipse,
2710 5707 2799 5776 qui
2834 5706 2920 5761 illa
2960 5706 3031 5761 de
3060 5720 3221 5761 causa
3255 5706 3495 5771 abierat,
3528 5704 3801 5759 narrando
3830 5705 3937 5760 title

2332 5801 2528 5870 dignus
2558 5810 2728 5855 esset.
2778 5799 2890 5854 ll'oc
2932 5814 3063 5867 ergo
3091 5798 3254 5861 dicit,
3299 5813 3419 5851 cum
3465 5795 3605 5866 apud
3638 5797 3931 5865 Agrippam

2334 5910 2457 5950 sese
2499 5892 2764 5949 defendit.
2792 5893 3023 5949 Laborat
3052 5902 3229 5947 autem
3262 5891 3453 5958 oculis,
3498 5890 3619 5960 quia
3643 5890 3809 5945 nimia
3840 5889 3929 5946 tut
