4094 6544
234 536 337 591 {63

236 649 434 705 hedera
476 646 663 713 solet;
699 659 1005 704 mensuram
1051 640 1196 699 enim
1236 653 1390 696 suam
1437 635 1631 690 habent
1672 629 1832 686 oculi.

241 741 446 797 Dicitur
472 740 644 795 etiam
683 739 833 795 vocis
877 746 933 793 et
966 734 1087 792 soni
1114 732 1513 790 vehementiam
1543 724 1737 782 surdos
1764 722 1847 778 fa-

244 851 367 892 cere
386 835 740 890 etattonitos.
764 831 869 889 Sed
892 831 1032 886 hunc
1056 826 1346 886 exemcavit
1370 835 1594 887 tantum,
1623 828 1678 876 et
1698 826 1846 873 metu

245 929 481 983 furorem
510 927 631 998 ejus
659 926 937 985 exstinxit,
958 924 1029 979 ita
1054 931 1112 977 ut
1136 921 1251 976 haec
1278 919 1367 974 ille
1392 915 1603 970 audiret
1630 911 1841 975 :Saule,

242 1020 429 1087 Saule,
458 1020 583 1091 quid
614 1036 694 1074 me
717 1016 1029 1090 persequeris
1057 1017 1083 1072 ?
1107 1014 1221 1070 Non
1249 1012 1379 1067 dicit
1410 1011 1506 1075 illi,
1527 1005 1717 1070 Crede,
1753 1019 1847 1059 ne-

242 1130 351 1184 que
394 1113 572 1169 simile
613 1110 929 1183 quidpiam;
965 1108 1061 1165 sed
1106 1108 1338 1163 incusat.
1392 1104 1517 1159 Haec
1562 1099 1675 1155 fere
1717 1097 1849 1153 dicit

241 1207 440 1277 quibus
466 1207 612 1261 illum
646 1206 855 1261 incusat
886 1224 902 1261 :
932 1201 1071 1272 Quid
1094 1242 1108 1267 ,
1140 1202 1220 1256 vel
1252 1212 1442 1270 parum
1482 1195 1568 1251 vel
1594 1193 1843 1255 multum,

240 1315 271 1349 ει
303 1314 390 1353 me
414 1298 593 1359 laesus,
622 1296 725 1351 hoc
751 1296 867 1367 agis
891 1294 916 1348 ‘l
944 1294 1085 1348 Dixit
1112 1299 1301 1350 autem.
1319 1288 1447 1359 Quis
1466 1304 1540 1353 es,
1574 1282 1792 1340 Domine
1820 1282 1848 1337 .’

242 1390 463 1447 Interim
490 1405 550 1445 se
570 1390 856 1445 confitetur
889 1402 1129 1443 servum.
1160 1384 1420 1440 Dominus
1446 1390 1626 1438 autem
1673 1379 1842 1435 dixit:

242 1484 360 1557 Ego
395 1503 511 1540 sunt
547 1484 722 1551 Jesus,
765 1500 915 1553 quem
948 1492 1000 1536 tu
1030 1479 1364 1553 persequeris.
1404 1478 1483 1533 Ac
1521 1474 1567 1531 si
1595 1473 1795 1528 diceret
1828 1488 1844 1527 :

238 1577 323 1633 Ne
352 1588 506 1648 putes
534 1576 627 1631 tibi
654 1590 778 1631 cum
807 1574 1115 1630 hominibus
1143 1586 1266 1628 esse
1289 1579 1588 1626 certamen.
1620 1565 1721 1634 Qui
1748 1580 1845 1619 an-

242 1682 353 1725 tem
386 1686 508 1726 cum
544 1671 635 1725 illo
669 1678 856 1733 erant,
884 1684 1072 1724 vocem
1098 1667 1314 1738 quidem
1359 1663 1510 1720 Pauli
1535 1661 1844 1725 audierunt,

240 1766 517 1820 neminem
547 1773 729 1818 autem
762 1763 1035 1827 viderunt,
1077 1760 1145 1815 ad
1177 1774 1338 1831 quem
1379 1754 1752 1826 reSponderet.
1783 1754 1849 1809 Et

233 1858 357 1927 jure
396 1857 592 1913 merito
624 1874 637 1910 :
673 1872 850 1912 rerum
880 1868 1115 1925 namque
1145 1854 1415 1907 minorum
1446 1851 1568 1905 illos
1600 1850 1723 1904 fecit
1753 1863 1849 1903 au-

236 1953 467 2008 ditores.
510 1951 645 2006 Nam
688 1951 734 2006 si
776 1965 966 2005 vocem
1016 1948 1159 2003 illam
1202 1945 1515 2011 audissent,
1547 1957 1721 2014 neque
1769 1941 1849 1997 sic

236 2046 600 2102 credidissent
629 2063 642 2098 :
670 2043 892 2099 Paulum
925 2052 1106 2098 autem
1129 2041 1377 2096 videntes
1403 2037 1845 2107 reSpondentem,

238 2144 597 2196 mirabantur.
638 2138 743 2195 Sed
772 2139 822 2192 7.
854 2138 1053 2209 Surge,
1099 2146 1147 2191 et
1188 2133 1457 2206 ingredere
1486 2132 1771 2195 civitatem,
1799 2138 1847 2182 et

236 2236 434 2287 ἀραιω-
478 2234 568 2287 tibi
606 2232 731 2303 quid
771 2241 819 2285 te
864 2239 1097 2302 Oporteat
1141 2229 1331 2299 facere.
1369 2226 1527 2289 Vide,
1574 2221 1848 2293 quomodo

237 2343 349 2382 non
378 2325 561 2381 statim
590 2324 771 2379 omnia
809 2323 911 2393 ipsi
939 2321 1168 2388 revelet,
1200 2320 1299 2376 sed
1330 2320 1481 2389 prius
1510 2326 1715 2371 tantum
1744 2315 1848 2369 mi-

240 2420 375 2490 tiget
395 2417 634 2471 animam
664 2416 803 2486 ejus,
831 2427 887 2470 et
913 2430 1011 2485 per
1035 2429 1119 2479 ea,
1149 2428 1271 2483 qua:
1288 2410 1443 2481 jubet
1474 2410 1621 2464 illum
1645 2407 1842 2472 facere,

238 2511 421 2565 statim
451 2522 606 2579 spent
632 2508 829 2563 bonam
862 2506 1019 2573 indit,
1044 2506 1189 2577 quod
1216 2506 1389 2560 visum
1420 2510 1736 2573 recepturus
1756 2500 1846 2555 sit.

250 2603 361 2658 Viri
376 2613 567 2670 autent,
588 2595 675 2669 qui
696 2600 836 2656 ibant
848 2619 977 2656 lcum
998 2618 1055 2656 eo
1074 2643 1089 2667 ,
1115 2600 1317 2655 stabant
1332 2599 1617 2671 stupefacti,
1637 2595 1850 2648 audien-

237 2711 317 2753 tes
342 2698 545 2768 quidem
570 2712 759 2762 vocem,
789 2697 1041 2749 neminem
1066 2704 1233 2749 autem
1254 2693 1499 2748 videntes.
1532 2690 1585 2746 8.
1608 2688 1850 2746 Surrexit

236 2801 409 2845 autem
431 2790 626 2845 Saulus
647 2793 709 2845 de
720 2800 873 2855 terra,
893 2789 1182 2859 apertisque
1196 2785 1357 2841 oculis
1383 2784 1511 2838 nihil
1530 2781 1749 2837 videbat.
1766 2779 1850 2833 Ad

236 2904 424 2942 manus
443 2896 615 2942 autem
637 2886 783 2941 illum
802 2884 1076 2951 trahentes,
1095 2880 1487 2935 introduxerunt
1512 2875 1845 2931 Damascum.

239 2980 425 3049 Spolia
466 2978 701 3044 diaboli,
735 2992 861 3032 vasa
890 2976 1007 3046 ejus
1031 3016 1045 3039 ,
1078 2972 1230 3045 quasi
1270 2982 1423 3042 capta
1451 2968 1682 3041 quadam
1714 2967 1849 3022 urbe

240 3074 333 3129 vel
379 3072 660 3142 metropoli
691 3068 1064 3126 introducunt.
1098 3066 1165 3122 Et
1191 3064 1335 3136 quod
1366 3063 1562 3118 mirum
1590 3068 1713 3125 est,
1748 3059 1848 3129 ipsi

242 3165 452 3219 inimici
482 3173 537 3219 ct
565 3162 751 3218 hostes
781 3160 1129 3216 introducunt
1161 3157 1313 3212 illum
1341 3154 1594 3211 omnibus
1622 3150 1851 3206 videnti-

236 3256 363 3313 bus.
397 3256 453 3311 9.
486 3254 552 3309 Et
583 3264 691 3308 erat
709 3252 866 3307 tribus
887 3251 1062 3305 diebus
1093 3265 1192 3304 non
1211 3248 1406 3312 videns,
1430 3255 1476 3299 et
1505 3262 1603 3298 non
1632 3242 1851 3296 mandu-

235 3353 376 3405 cavit
401 3366 560 3417 neque
583 3349 725 3402 bibit.
756 3347 892 3414 Quid
918 3344 1045 3400 huic
1072 3345 1147 3399 rei
1178 3358 1275 3415 par
1304 3340 1463 3396 fuerit
1492 3341 1516 3394 Ἰ
1542 3338 1851 3394 Consolatio

241 3446 366 3500 lt;ch
396 3444 592 3499 indueti
629 3442 773 3497 Pauli
806 3448 1125 3509 compensat
1161 3452 1452 3493 mcerorem
1478 3436 1545 3491 de
1576 3434 1850 3505 Stephano

237 3547 569 3607 conceptum
591 3578 606 3600 ,
644 3536 770 3590 licet
811 3534 897 3589 hic
924 3548 1077 3588 suam
1124 3531 1319 3586 habeat
1359 3531 1411 3584 in
1444 3544 1503 3585 se
1528 3514 1853 3583 consolatio-

242 3644 371 3683 nem
399 3672 411 3691 ,
442 3629 582 3698 quod
618 3628 707 3682 ille
749 3626 829 3681 sic
870 3624 1137 3683 obiisset;
1180 3632 1235 3678 et
1264 3622 1403 3676 hanc
1444 3621 1570 3675 item
1604 3619 1845 3684 haberet,

237 3722 388 3793 quod
429 3720 890 3776 Samaritanorum
920 3719 1020 3773 vici
1065 3716 1271 3774 reducti
1304 3729 1555 3785 inaguum
1593 3712 1852 3768 afferrent

237 3817 520 3874 solatium.

316 3911 424 3967 Cur
458 3910 654 3964 Paulus
676 3921 789 3979 post
816 3908 1004 3963 Christi
1024 3905 1441 3961 resurrectionem
1467 3917 1737 3956 conversus
1764 3900 1849 3956 sit.

239 4038 313 4049 —
340 4007 406 4061 Et
446 4021 563 4064 cur.
589 4003 831 4073 inquies,
866 4016 973 4056 non
1006 4000 1072 4055 ab
1119 3998 1273 4053 initio
1306 3996 1357 4050 id
1393 3996 1592 4050 factum
1621 4002 1726 4059 est,
1756 3992 1852 4049 sed

241 4100 483 4171 postea?
542 4096 613 4153 Ut
656 4094 1069 4158 osmuderetur,
1113 4106 1239 4147 vere
1278 4089 1554 4145 Christum
1603 4101 1854 4143 resurreo

244 4196 417 4248 xisse.
466 4191 567 4258 Qui
611 4188 757 4244 enim
790 4184 1216 4257 persequebatur
1246 4182 1395 4237 illum
1421 4223 1436 4247 ,
1469 4195 1568 4235 nec
1597 4178 1854 4254 credebat

243 4287 394 4341 illius
425 4292 655 4337 mortem
682 4296 744 4337 ac
778 4279 1232 4336 resurrectionem
1253 4318 1267 4342 ,
1295 4276 1386 4347 qui
1415 4273 1711 4345 discipulos
1736 4272 1854 4342 ejus

244 4375 699 4448 persequebatur,
729 4371 891 4438 unde,
914 4385 1121 4442 quaeso,
1153 4368 1491 4430 credidisset,
1528 4366 1631 4421 nisi
1661 4379 1853 4435 magna

242 4472 436 4526 fuisset
471 4466 723 4523 Crucilixi
756 4465 969 4520 virtus?
997 4463 1129 4518 Esto
1155 4506 1168 4528 ,
1203 4462 1279 4516 illi
1313 4461 1411 4531 ipsi
1445 4460 1857 4528 obtemperave-

242 4568 357 4621 rint
384 4606 397 4625 ,
429 4560 559 4632 quid
602 4559 669 4614 ad
702 4560 845 4613 hunc
884 4557 1032 4613 dices
1061 4557 1084 4609 ?
1114 4556 1364 4625 Alioquin
1410 4569 1539 4608 vero
1572 4551 1692 4605 idco
1733 4558 1856 4620 post

246 4657 707 4713 resurrectionem
756 4654 1007 4719 accessit,
1054 4666 1229 4722 neque
1259 4650 1477 4715 statim,
1516 4658 1574 4701 ut
1622 4645 1854 4701 manife-

243 4751 389 4807 slius
426 4749 595 4817 ipsius
625 4747 823 4802 bellum
853 4745 1113 4801 videatur.
1142 4743 1275 4799 Nam
1311 4743 1400 4813 qui
1441 4743 1521 4796 sic
1548 4740 1762 4805 insanit,
1795 4747 1857 4792 ut

246 4856 303 4901 et
328 4842 649 4914 sanguinem
678 4839 939 4904 effundat,
968 4849 1023 4894 et
1054 4840 1104 4893 in
1130 4852 1406 4893 carcerem
1435 4834 1708 4903 conjiciat,
1741 4841 1856 4887 sta-

245 4945 346 4999 tim
393 4941 587 4997 credit.
633 4938 748 4995 Non
795 4938 927 4993 satis
972 4944 1117 4998 erat,
1162 4932 1305 5005 quod
1350 4947 1471 4986 cum
1503 4930 1720 4986 Christo
1747 4943 1856 4983 non

241 5040 467 5101 fuisset,
514 5035 606 5089 sed
637 5034 872 5103 oportuit
902 5041 957 5087 ιιι
1003 5028 1185 5084 fideles
1216 5028 1285 5082 ab
1313 5028 1404 5081 illo
1447 5026 1654 5081 fortiter
1679 5024 1856 5093 impu-

240 5138 571 5205 gnarentur.
598 5128 810 5184 Nullum
846 5143 950 5180 non
983 5125 1217 5179 furorem
1249 5132 1396 5178 retro
1424 5121 1676 5192 relinquit
1700 5137 1714 5185 ;
1742 5134 1857 5174 om-

242 5230 415 5284 nibus
460 5224 545 5280 bic
594 5222 770 5277 acrior
811 5229 943 5275 erat.
994 5220 1125 5274 Cum
1164 5228 1343 5272 autem
1390 5225 1691 5272 exctecatus
1737 5213 1858 5278 fuit,

244 5333 387 5377 tunc
416 5316 798 5374 dominationis
820 5324 875 5370 et
893 5313 1200 5369 clementia:
1227 5312 1346 5382 ejus
1372 5310 1565 5366 iudicia
1596 5308 1815 5379 agnovit
1844 5325 1857 5362 :

244 5417 337 5470 vel
372 5415 559 5478 etiam,
586 5427 650 5467 ne
675 5410 795 5482 quis
822 5410 1027 5466 diceret
1049 5409 1223 5479 ipsum
1244 5406 1545 5462 simulasse.
1576 5403 1861 5472 Quomodo

245 5510 428 5573 enim,
475 5507 564 5578 qui
610 5508 927 5577 sanguinem
965 5503 1286 5574 expetierat.
1319 5500 1409 5568 qui
1454 5498 1521 5553 ad
1551 5496 1862 5553 sacerdotes

245 5611 594 5667 accesserat,
626 5602 713 5672 qui
748 5601 798 5655 in
828 5597 1062 5669 pericula
1089 5611 1150 5651 se
1178 5591 1530 5663 conjiciebat,
1564 5589 1653 5660 qui
1682 5599 1864 5645 exter-

253 5712 361 5752 nos
388 5695 546 5749 etiam
575 5693 807 5763 pellebat
832 5701 887 5747 et
908 5689 1181 5761 puniebat.
1212 5684 1552 5743 simulasset?
1582 5683 1679 5739 llic
1701 5682 1863 5753 igitur

250 5798 385 5861 post
410 5786 527 5843 haec
554 5787 731 5842 omnia
761 5785 1186 5840 dominationem
1212 5780 1520 5837 confitetur.
1546 5778 1655 5833 Cur
1682 5786 1861 5832 autem

256 5898 370 5938 non
411 5882 546 5937 intra
589 5879 758 5951 ipsum
792 5879 979 5933 urbem
1022 5876 1109 5931 lux
1148 5876 1295 5930 illum
1333 5870 1724 5935 eireumfulsit,
1767 5870 1864 5925 sed

258 5984 390 6034 ante
429 5973 609 6031 illam?
649 5972 784 6041 Quia
817 5969 973 6026 multi
1012 5985 1118 6023 non
1162 5966 1552 6031 credidissent,
1587 5965 1695 6019 imo
1725 5961 1866 6019 forte

264 6068 526 6136 risissent,
557 6062 991 6140 quandoquidem
1020 6071 1074 6118 et
1093 6075 1274 6133 supra,
1310 6060 1561 6116 emissam
1587 6056 1867 6115 audientes

1109 516 1126 527 ’
1214 525 1281 582 LV
1323 520 1501 579 ACTA
1544 509 2073 572 APOS'I'OLORUM.
2115 511 2349 568 liOillL.
2393 513 2533 570 XIX.

3455 526 3558 581 πει

1958 641 2145 684 vocem
2174 628 2440 691 dicebant.
2467 630 2709 686 Trom'lrn
2732 648 2799 687 es:
2828 635 3005 703 (Jomt.
3037 635 3122 690 12.
3152 636 3244 707 29)
3276 657 3291 695 :
3325 639 3412 697 hic
3435 659 3562 699 vero

1957 720 2063 776 lide
2088 722 2280 791 dignus
2299 724 2559 780 eratdum
2579 728 2813 784 mavime
2832 744 2928 785 sua
2956 731 3248 789 nuntiaret.
3275 734 3345 790 Et
3367 736 3564 806 ligatus

1956 812 2296 871 introductus
2324 827 2429 883 est,
2464 834 2569 873 non
2599 820 2827 876 vinculis
2857 823 3158 895 impositis;
3192 837 3247 882 et
3275 829 3567 887 trahebant

1958 904 2129 971 illttm,
2157 909 2327 977 quise
2343 910 2480 963 alios
2504 920 2797 967 tracturum
2820 917 3095 984 sperabat.
3118 918 3228 973 Cur
3248 929 3429 976 autem
3456 940 3563 978 non

1958 1001 2302 1059 manducavit
2334 1020 2509 1075 neque
2547 1008 2713 1063 bibit?
2739 1010 2845 1065 Sua
2878 1024 3025 1081 gesta
3051 1013 3364 1081 damnabat,
3395 1018 3569 1073 robii-

1960 1094 2190 1165 tebatur,
2222 1099 2444 1167 orabat,
2477 1103 2701 1173 rogabat
2741 1105 2933 1161 Deum.
2961 1105 3015 1163 Si
3048 1123 3178 1164 vero
3217 1111 3340 1183 quis
3367 1112 3569 1169 dixerit

1957 1190 2061 1247 hoc
2080 1209 2149 1270 ex
2180 1195 2503 1252 necessitate
2543 1198 2711 1255 fuisse
2742 1198 2888 1273 (nam
2916 1212 2972 1258 et
3000 1202 3222 1277 Elymas
3251 1207 3355 1263 hoc
3388 1207 3564 1278 ipsum

1958 1299 2149 1355 passus
2175 1295 2260 1342 est
2284 1286 2421 1360 [Αει.
2455 1288 2545 1364 15]
2576 1292 2617 1361 ),
2646 1292 3097 1362 respondebimus
3122 1315 3136 1350 :
3170 1296 3346 1354 Etiam
3372 1314 3565 1370 passus

1955 1388 2039 1434 est
2059 1420 2073 1443 ,
2106 1379 2200 1435 sed
2223 1382 2442 1447 mansit,
2467 1392 2523 1438 ut
2544 1394 2680 1439 erat.
2706 1385 2989 1455 Quomodo
3016 1389 3177 1460 igitur
3207 1407 3313 1447 non
3345 1402 3570 1450 coactus

1956 1476 2075 1528 est?
2106 1473 2310 1545 Ecquid
2336 1477 2506 1548 magis
2526 1491 2723 1548 cogere
2752 1490 2979 1549 poterat,
3012 1497 3173 1553 quam
3202 1493 3360 1540 teme
3387 1498 3568 1543 motus

1958 1566 2011 1620 in
2040 1568 2438 1625 resurrectione
2467 1570 2642 1627 factus
2666 1614 2679 1637 ,
2712 1573 2844 1643 ipsis
2875 1574 3139 1631 militibus
3169 1579 3564 1644 nuntiantibus.

1956 1658 2075 1713 aliis
2103 1661 2326 1729 patratis
2366 1663 2535 1733 signis
2558 1706 2572 1729 ,
2616 1666 2757 1734 quod
2787 1666 2963 1737 ipsum
3006 1669 3375 1727 resurrexisse
3414 1672 3569 1726 vide-

1958 1754 2118 1808 rent?
2149 1756 2219 1809 At
2248 1772 2354 1809 non
2388 1756 2476 1810 illa
2505 1758 2885 1814 necessitatem
2917 1760 3196 1825 inducunt,
3220 1763 3314 1820 sed
3345 1762 3566 1821 docent.

1956 1844 2065 1900 Cur
2101 1845 2272 1901 Judaei
2319 1847 2435 1903 hate
2469 1849 2750 1905 audientes
2789 1866 2897 1906 non
2944 1852 3337 1910 crediderunt?
3382 1856 3567 1912 Palam

1956 1950 2093 1997 erat.
2128 1939 2275 1994 illum
2312 1956 2441 1996 vera
2468 1942 2671 1999 dicere.
2698 1943 2886 2015 Neque
2913 1948 3058 2001 enim
3086 1958 3327 2004 mutatus
3353 1948 3565 2017 fuisset,

1957 2033 2059 2088 nisi
2084 2031 2186 2088 hoc
2204 2036 2503 2101 evenisset;
2535 2046 2693 2109 atque
2713 2038 2784 2093 ita
2806 2054 2997 2095 omnes
3017 2041 3240 2097 credere
3260 2043 3566 2113 Oportebat.

1958 2126 2072 2182 Non
2101 2128 2279 2182 minor
2305 2139 2421 2184 erat
2451 2129 2538 2197 iis,
2566 2132 2655 2201 qui
2679 2133 3136 2190 resurrectionem
3166 2134 3283 2206 ejus
3309 2135 3573 2207 praedica-

1958 2220 2118 2283 bant,
2154 2220 2262 2273 imo
2310 2221 2413 2278 rule
2439 2221 2652 2294 dignior
2688 2226 2775 2293 qui
2805 2236 3032 2294 repente
3062 2242 3357 2283 conversus
3396 2240 3568 2287 esset.

1956 2310 2071 2366 Non
2100 2328 2221 2368 cum
2261 2313 2418 2371 lidele
2442 2317 2695 2386 quapiam
2726 2329 2972 2373 versatus
3014 2318 3229 2388 fuerat,
3258 2321 3354 2378 sed
3382 2323 3433 2377 in
3469 2324 3572 2377 Da-

1958 2421 2141 2463 masco
2160 2422 2457 2464 conversus
2477 2421 2579 2473 est,
2606 2411 2714 2465 imo
2734 2421 2859 2468 ante
2885 2414 3207 2470 Damascum
3234 2415 3333 2472 hoc
3350 2418 3567 2473 accidit.

1960 2500 2234 2573 Interrogo
2259 2503 2504 2559 Judtcum
2531 2523 2544 2560 :
2576 2505 2749 2571 Unde,
2780 2523 2983 2577 qttmso,
3013 2525 3306 2567 conversus
3322 2523 3405 2569 est
3432 2513 3570 2568 Pau-

1959 2596 2079 2650 lus?
2110 2596 2213 2651 'l‘ot
2255 2599 2407 2668 signa
2438 2598 2604 2663 vidit,
2639 2609 2693 2655 et
2738 2616 3036 2657 conversus
3070 2621 3174 2658 non
3210 2615 3297 2659 est
3333 2624 3344 2659 :
3378 2605 3572 2661 doctor

1957 2688 2076 2759 ejus
2094 2701 2330 2745 mutatus
2346 2700 2429 2747 est
2450 2690 2530 2765 (a)
2549 2732 2565 2758 ,
2599 2702 2659 2747 et
2680 2690 2767 2747 hic
2796 2704 3034 2751 mutatus
3060 2712 3167 2750 non
3200 2706 3285 2753 est
3310 2699 3463 2769 :quis
3492 2699 3566 2753 illi

1962 2785 2248 2853 persuasit,
2280 2786 2390 2839 imo
2418 2787 2537 2856 quis
2564 2785 2637 2839 illi
2668 2794 2873 2842 tantum
2906 2799 3127 2858 repente
3156 2790 3377 2846 immisit
3404 2792 3571 2845 ardo—

1958 2894 2098 2944 rem,
2127 2889 2183 2933 ut
2204 2880 2491 2935 anathema
2514 2895 2613 2950 pro
2635 2879 2855 2936 Christo
2877 2881 2990 2938 fieri
3014 2883 3262 2952 optaret?
3287 2883 3566 2939 Manifesta

1956 2982 2041 3027 est
2072 2989 2249 3028 rerum
2282 2974 2502 3029 veritas.
2533 2973 2639 3031 Sed
2660 3017 2674 3040 ,
2710 2983 2767 3030 ut
2803 2977 2915 3046 jam
2947 2976 3093 3045 dixi,
3144 2978 3359 3035 interim
3391 2994 3569 3034 cunn-

1957 3065 2116 3119 chum
2164 3065 2406 3123 videntes
2456 3067 2812 3123 illuminatum
2862 3078 2919 3125 et
2959 3069 3227 3140 legentem
3271 3070 3568 3128 erubesca-

1959 3174 2100 3214 mus.
2133 3159 2338 3215 Videtis
2362 3202 2377 3227 ,
2421 3160 2473 3215 in
2503 3172 2704 3231 quanta
2737 3164 2996 3232 potentia,
3032 3164 3083 3218 in
3111 3164 3330 3233 quantis
3366 3164 3572 3221 divitiis

1958 3264 2287 3319 versaretur,
2320 3270 2383 3310 ac
2416 3272 2596 3333 neque
2634 3258 2684 3310 in
2726 3257 2807 3310 via
2839 3257 3196 3327 quiescebat?
3223 3257 3410 3327 Qualis
3438 3273 3571 3329 ergo

1957 3359 2074 3403 erat
2096 3347 2263 3411 domi,
2288 3349 2376 3421 qui
2405 3366 2475 3406 ne
2496 3352 2548 3405 in
2580 3351 2661 3405 via
2686 3350 2904 3421 quidem
2929 3352 3231 3407 otiarctur?
3256 3351 3431 3422 qualis
3453 3360 3576 3407 erat

1960 3442 2011 3511 in
2044 3450 2202 3498 nocte
2224 3441 2246 3496 ?

2030 3535 2085 3589 4.
2118 3534 2394 3605 Quotquot
2418 3534 2470 3589 in
2503 3535 2854 3606 dignitatibus
2881 3538 3043 3602 estis.
3075 3538 3279 3603 audite,
3312 3547 3368 3596 et
3396 3540 3576 3594 imite-

1958 3628 2087 3683 mini
2123 3628 2481 3685 humilitatem
2519 3638 2573 3684 et
2604 3631 2875 3699 pietatem.
2914 3632 3025 3686 Etsi
3064 3632 3287 3687 domum
3327 3640 3575 3688 reverte-

1960 3731 2127 3785 retur,
2162 3736 2268 3775 nou
2311 3720 2525 3775 dicebat
2564 3720 2701 3775 intra
2734 3724 3130 3791 semetipsum:
3162 3723 3347 3779 Redeo
3387 3724 3440 3779 in
3473 3740 3574 3795 pa-

1962 3815 2114 3867 triam
2141 3856 2155 3880 ,
2203 3814 2271 3867 ibi
2322 3814 2537 3869 lavacro
2583 3823 2729 3879 utar;
2775 3824 2833 3869 ut
2871 3825 2998 3869 sunt
3039 3814 3231 3886 frigida
3279 3817 3572 3871 multorum

1959 3909 2145 3963 verba.
2182 3906 2296 3962 Non
2323 3923 2461 3977 opus
2480 3907 2665 3962 habuit
2691 3909 2860 3979 signis
2888 3926 2987 3964 nec
3017 3910 3291 3965 miraculis
3321 3929 3334 3962 :
3369 3926 3430 3966 ex
3458 3911 3576 3964 solo

1960 4001 2221 4071 propheta
2267 4001 2519 4056 credidit.
2556 4002 2763 4057 Idcirco
2791 4004 3027 4074 seipsum
3060 4002 3304 4073 deplorat
3340 4004 3535 4058 f‘aulus
3557 4046 3572 4067 ,

1960 4096 2147 4150 dit-ens
2173 4114 2186 4150 :
2220 4096 2328 4151 Sed
2356 4097 2761 4151 misericordiam
2790 4096 2888 4152 Dei
2917 4108 3253 4167 consequutus
3290 4116 3424 4166 sum,
3456 4099 3579 4169 quia

1961 4190 2204 4259 ignorans
2234 4191 2331 4261 feci
2356 4191 2409 4243 in
2438 4190 2829 4258 incredulitate,
2859 4201 2907 4245 et
2936 4202 2989 4244 ut
3014 4192 3067 4244 in
3103 4208 3181 4245 me
3213 4193 3378 4262 primo
3405 4201 3575 4246 osten-

1962 4282 2101 4337 deret
2126 4282 2277 4337 Jesus
2306 4281 2536 4337 Christus
2561 4300 2762 4343 onmem
2794 4284 3093 4352 patientiam
3124 4282 3200 4355 (ι.
3234 4283 3369 4337 Tim.
3398 4285 3451 4339 1.
3484 4284 3576 4339 15.

1965 4376 2079 4448 16).
2115 4377 2317 4447 Dignus
2346 4389 2494 4433 certe
2520 4377 2881 4433 admiratione
2906 4390 2989 4433 est
3017 4378 3104 4433 hic
3127 4378 3431 4435 eunuchus.
3460 4378 3579 4433 Non

1966 4472 2095 4524 vidit
2121 4469 2419 4535 Christum,
2451 4486 2557 4527 non
2591 4472 2721 4525 vidit
2742 4472 2953 4542 signum
2981 4489 2994 4523 :
3030 4471 3206 4526 adhuc
3232 4479 3466 4527 Stantem
3490 4470 3580 4527 Je-

1965 4563 2292 4634 roSonmam
2322 4563 2562 4628 videbat,
2595 4573 2649 4618 et
2677 4563 2934 4619 credebat
2962 4563 3245 4634 Philippo;
3264 4562 3421 4620 Unde
3450 4578 3581 4633 ergo

1968 4658 2087 4711 talis
2117 4657 2340 4712 effectus
2364 4658 2487 4712 est?
2514 4658 2754 4713 Sollicita
2788 4668 2905 4713 erat
2930 4658 3107 4712 anima
3141 4658 3304 4723 illius,
3333 4656 3583 4712 attende-

1968 4751 2058 4805 bat
2086 4751 2401 4822 Scripturis,
2435 4751 2757 4807 lectionibus
2788 4767 3011 4821 operam
3037 4752 3220 4807 dabat.
3252 4751 3414 4820 Atqui
3440 4750 3581 4806 latro

1966 4845 2097 4899 vidit
2123 4844 2297 4914 signa,
2330 4855 2384 4899 et
2412 4844 2549 4914 magi
2579 4844 2825 4907 stellam;
2861 4844 2947 4899 hic
2975 4859 3106 4899 vero
3132 4844 3262 4899 nihil
3294 4843 3403 4899 tale
3424 4842 3580 4909 vidit,

1967 4948 2023 4992 et
2051 4936 2281 4993 credidit
2313 4954 2328 4993 :
2357 4953 2528 5006 usque
2560 4937 2698 4991 adeo
2736 4938 2879 4991 utilis
2924 4947 3009 4993 est
3051 4937 3457 5007 Scriptttrarum
3505 4935 3585 4989 lc-

1967 5028 2094 5083 ctio.
2119 5028 2257 5095 Quid
2277 5043 2378 5099 ego
2403 5029 2638 5083 Paulus?
2659 5045 2837 5083 annon
2863 5031 3037 5099 legem
3061 5029 3454 5085 meditabatur?
3475 5028 3583 5084 Sed

1970 5123 2101 5177 mihi
2130 5122 2343 5179 videtur
2375 5123 2461 5179 hic
2486 5124 2734 5179 consulto
2765 5132 3075 5178 reservatus
3097 5140 3219 5180 esse
3246 5134 3467 5195 propter
3494 5140 3581 5191 ea,

1970 5231 2091 5286 qua:
2119 5216 2269 5287 prius
2298 5215 2433 5279 dixi,
2466 5216 2607 5285 quod
2641 5215 2875 5284 undique
2904 5216 3065 5270 vellet
3088 5215 3306 5271 Jndreos
3330 5216 3583 5271 Christus

1972 5308 2264 5363 attrahere.
2290 5306 2423 5362 Nam
2443 5308 2487 5361 si
2510 5318 2690 5362 mente
2708 5308 3023 5371 valuissent,
3046 5307 3178 5361 nihil
3199 5308 3329 5379 ipsis
3357 5308 3584 5378 perinde

1971 5411 2132 5473 atque
2159 5401 2261 5457 hoc
2293 5402 2424 5456 utile
2458 5401 2667 5455 fuisset.
2703 5400 2814 5455 lloc
2837 5402 2980 5455 enim
3013 5401 3132 5471 plus
3162 5417 3322 5469 quam
3355 5402 3504 5473 signa
3528 5411 3585 5456 et

1972 5496 2075 5549 alia
2122 5494 2300 5549 omnia
2350 5503 2561 5564 poterat
2610 5493 2735 5549 illos
2774 5494 3090 5549 attrahere:
3124 5493 3583 5563 quemadmodum

1975 5588 2105 5644 nihil
2138 5588 2208 5643 ita
2235 5587 2373 5643 solet
2399 5587 2755 5643 crassioribus
2782 5585 3107 5642 oliendiculo
3138 5601 3279 5642 esse.
3313 5584 3451 5640 Vide
3478 5587 3583 5640 ita-

1974 5700 2079 5755 que
2116 5693 2236 5754 post
2274 5683 2669 5753 dispersionem
2711 5683 3084 5753 apostolorum
3117 5684 3282 5737 Deum
3314 5682 3479 5737 edere
3510 5688 3588 5736 si.

1972 5790 2099 5847 qua.
2133 5774 2569 5831 Criminabantur
2599 5773 2770 5829 indici
2801 5775 3100 5847 apostolos,
3131 5774 3495 5845 conjiciebant
3527 5777 3579 5829 in

2041 5937 2113 6000 (a)
2141 5934 2328 6000 Doctor
2362 5934 2493 5984 Pauli
2520 5932 2757 6000 Gamaliel
2782 5940 2997 6000 mutatus
3019 5932 3171 6000 luisse
3195 5932 3387 5988 dicitur,
3414 5941 3469 5979 ut
3487 5948 3583 6000 pu-

1978 5994 2184 6062 to,'quia
2206 5997 2407 6062 Judteos
2430 5998 2687 6058 repressit,
2713 6009 2779 6044 ne
2808 5998 2855 6043 in
2875 5994 3177 6062 Christianos
3196 5999 3447 6053 saevirent,
3468 5996 3583 6041 dum

1978 6056 2151 6116 l'aul'us
2174 6061 2283 6125 plus
2308 6073 2453 6125 quam
2477 6056 2653 6108 omnes
2675 6062 2875 6107 sa:viret
2900 6058 2945 6107 iu
2973 6056 3098 6109 illos.
