4094 6482
556 494 659 550 155

553 619 822 664 carcerem
850 623 864 659 :
890 600 1106 655 demum
1138 599 1278 652 Deus
1302 592 1554 650 miracula
1582 591 1708 646 edit.
1745 592 1798 643 l3}.
1834 583 2124 656 quomodo,

556 700 695 753 vide.
725 694 967 749 Educere
992 707 1056 747 ex
1079 703 1314 754 carcere,
1338 686 1453 754 ejus
1471 685 1681 753 signum
1705 689 1852 743 erat;
1881 675 2132 730 inducere

557 788 890 856 Philippum,
923 784 1039 853 ejus
1085 782 1292 852 signum
1321 787 1468 842 erat;
1503 775 1722 830 Paulum
1751 770 1940 826 adduci
1961 809 1974 828 .
2015 768 2133 835 ejus

557 888 766 956 signum
797 889 942 941 erat;
975 877 1206 947 seipsmn
1239 871 1510 941 Stephano
1547 865 1861 928 ostendere,
1903 862 2019 930 ejus
2058 861 2133 913 si-

557 993 720 1049 gnum
741 983 875 1031 erat.
899 973 964 1028 Et
984 968 1280 1028 considera,
1309 962 1576 1035 quomodo
1603 961 1799 1015 Paulus
1823 959 2131 1016 honoretur,

558 1045 827 1139 quomodo
865 1062 1158 1120 eunuchus.
1193 1058 1288 1114 llic
1330 1057 1570 1112 Christus
1607 1059 1848 1122 apparet,
1893 1047 2028 1101 forte
2067 1045 2137 1098 ob

559 1162 808 1217 duritiem
828 1201 844 1226 ,
873 1159 993 1230 quia
1026 1155 1130 1210 alio
1161 1152 1322 1208 modo
1345 1165 1449 1205 non
1477 1159 1762 1218 persuasus
1787 1150 1949 1198 esset.
1976 1139 2029 1193 lu
2056 1138 2138 1190 his

563 1271 659 1312 nos
686 1267 899 1326 quoque
927 1247 1200 1305 miraculis
1225 1252 1523 1306 versantes,
1557 1253 1655 1293 nos
1676 1237 1866 1306 dignos
1886 1232 2138 1288 exhibea-
2185 1267 2190 1273 .

565 1325 714 1404 mus.
736 1346 882 1402 Multi
913 1358 1086 1405 nunc,
1115 1339 1274 1396 etiam
1307 1338 1357 1390 in
1385 1332 1665 1390 ecclesiam
1700 1327 1956 1399 ingressi,
1993 1325 2140 1394 igno-

564 1452 683 1497 rant
707 1455 827 1511 quae
855 1437 1141 1492 dicuntur:
1172 1428 1450 1487 eunuchus
1474 1434 1650 1479 autem
1678 1431 1732 1477 et
1756 1423 1808 1475 in
1833 1418 1973 1483 foro,
2002 1426 2056 1471 et
2084 1414 2139 1470 in

565 1508 739 1588 curru-
756 1541 939 1585 vectus
960 1569 976 1593 ,
1012 1525 1226 1583 lectioni
1258 1523 1649 1591 Scripturarum
1680 1512 2006 1569 attendebat.
2036 1508 2141 1564 Sed

568 1642 664 1675 vos
695 1640 796 1678 non
831 1623 952 1678 item
978 1637 989 1672 :
1020 1635 1176 1673 nemo
1197 1615 1338 1671 enim
1363 1622 1592 1667 vestrum
1622 1609 1812 1663 librum
1842 1620 1951 1676 pra:
1976 1603 2145 1658 mani-

567 1717 667 1772 bus
699 1715 889 1780 habet,
936 1713 1028 1768 sed
1061 1709 1238 1765 omnia
1271 1706 1444 1777 potius
1471 1718 1631 1773 quam
1664 1700 1878 1755 librum.
1911 1697 2017 1750 Cur
2049 1712 2143 1748 au-

569 1820 679 1864 tem
719 1823 822 1860 non
855 1805 987 1859 vidit
1017 1804 1161 1857 illum
1191 1809 1315 1852 ante
1343 1795 1730 1866 Jerosolymam
1753 1833 1767 1854 ,
1807 1789 1898 1844 sed
1929 1787 2149 1859 postea?

570 1902 683 1957 Non
714 1899 987 1970 oportebat
1014 1897 1159 1951 illmn
1193 1893 1375 1948 videre
1406 1891 1584 1960 pulsos
1608 1885 1898 1956 apostolos,
1923 1897 1988 1936 eo
2010 1879 2148 1952 quod

573 1993 747 2048 adhuc
775 1992 1015 2046 inlirmus
1038 1995 1180 2043 esset
1207 2005 1218 2040 :
1264 1999 1434 2054 neque
1463 1981 1512 2036 id
1539 1990 1693 2033 antea
1724 1979 1793 2032 ita
1821 1975 1976 2030 facile
2001 1981 2152 2036 erat,

576 2094 636 2141 ut
655 2099 776 2141 cum
809 2080 1064 2153 preplieta
1098 2078 1244 2132 illum
1271 2073 1517 2141 erudivit.
1547 2070 1636 2126 Sic
1673 2077 1729 2124 et
1756 2081 1928 2132 nunc,
1959 2065 2003 2120 si
2033 2063 2153 2134 quis

575 2188 810 2233 \estrum
839 2174 951 2228 vult
991 2169 1270 2226 attendere
1302 2163 1607 2238 prophetis,
1643 2179 1750 2218 non
1781 2176 1916 2232 opus
1942 2157 2157 2213 habebit

577 2271 761 2340 signis.
797 2267 862 2321 Et
888 2267 932 2320 si
958 2265 1118 2319 vultis
1143 2262 1441 2324 videmnus,
1471 2258 1595 2330 quid
1629 2258 1740 2328 ipsa
1767 2252 2043 2326 pr0phetia
2072 2250 2156 2305 di-

577 2376 660 2418 cat
688 2380 700 2415 :
736 2361 882 2417 Sicut
912 2360 1016 2413 ovis
1036 2359 1106 2412 ad
1135 2357 1433 2410 occisionem
1463 2353 1642 2406 ductus
1666 2361 1772 2415 est,
1805 2359 1850 2402 et
1879 2350 1933 2402 in
1956 2345 2162 2400 Immiti-

581 2466 681 2508 tate
697 2456 804 2524 ejus
820 2452 1077 2524 judicium
1105 2452 1212 2519 ejus
1237 2447 1490 2502 sublatum
1517 2455 1606 2498 est.
1635 2443 1767 2497 Hinc
1787 2441 1991 2505 didicit,
2019 2437 2158 2509 quod

584 2548 865 2602 crucifixus
895 2545 982 2607 sit,
1014 2541 1154 2610 quod
1188 2539 1403 2594 tollatur
1427 2538 1494 2593 de
1524 2545 1665 2590 terra
1698 2535 1803 2588 vita
1832 2533 1949 2603 ejus
1973 2572 1986 2593 ,
2021 2528 2161 2601 quod

583 2647 855 2711 peccatum
889 2653 994 2691 non
1024 2634 1231 2699 fecerit,
1261 2631 1400 2700 quod
1435 2631 1665 2700 potuerit
1692 2637 1746 2682 et
1769 2627 1904 2681 alios
1924 2637 2162 2688 servare,

584 2732 725 2804 quod
768 2730 1044 2802 generatio
1090 2727 1204 2797 ejus
1248 2727 1319 2780 sit
1361 2721 1765 2787 inenarrabilis,
1815 2719 1958 2790 quod
2001 2727 2166 2788 petra:

587 2827 770 2881 scissre
800 2824 928 2887 sint,
953 2821 1095 2892 quod
1127 2821 1300 2874 velum
1329 2818 1553 2873 scissum
1580 2815 1668 2878 sit,
1702 2813 1844 2884 quod
1875 2810 2071 2866 mortui
2101 2824 2168 2864 ex

589 2917 850 2987 sepulcris
877 2914 1265 2970 resurrexerint
1293 2931 1305 2966 :
1341 2911 1447 2964 imo
1472 2909 1586 2964 lucc
1611 2909 1790 2964 omnia
1815 2905 1947 2960 dixit
1973 2905 2021 2960 ei
2046 2903 2171 2958 Phi-

588 3010 781 3079 lippus,
801 3024 864 3060 ex
887 3011 1138 3076 propheta
1157 3011 1365 3070 smnpta
1390 3002 1690 3056 occasione.
1716 2998 1901 3067 Magna
1928 3011 2013 3051 res
2040 3009 2168 3064 pro-

594 3104 732 3156 fecto
760 3109 841 3154 est
866 3100 1259 3168 Seripturarum
1295 3095 1475 3150 lectio.
1517 3094 1590 3148 Ita
1631 3092 1946 3162 implebatur
1982 3087 2110 3143 illud
2140 3103 2171 3142 a

597 3194 778 3263 Moyse
803 3193 1001 3247 dictmn
1031 3209 1041 3244 :
1078 3191 1290 3250 Sedens,
1320 3191 1370 3243 in
1397 3191 1521 3243 lecto
1555 3187 1759 3251 cubans,
1789 3200 2096 3256 exsurgens,
2127 3192 2174 3236 et

594 3285 890 3350 ambulans,
934 3284 1200 3338 recordare
1249 3281 1459 3336 Domini
1497 3280 1595 3334 Dei
1641 3279 1715 3333 tui
1759 3276 1951 3349 (Deut.
1992 3276 2048 3331 6.
2093 3277 2172 3344 7).

597 3378 820 3432 Maxime
839 3392 1063 3448 namque
1087 3378 1182 3431 via:
1207 3393 1327 3432 cum
1353 3375 1578 3430 deserta:
1600 3383 1742 3438 sunt,
1766 3369 2177 3442 cogitationibus

599 3470 796 3524 nostris
826 3469 954 3523 dant
975 3469 1170 3533 locum,
1200 3468 1413 3522 nemine
1441 3464 1804 3535 perturbante.
1831 3464 1894 3519 Et
1912 3462 1997 3519 hic
2019 3462 2071 3517 in
2093 3463 2178 3518 via

601 3559 806 3625 credit,
837 3570 890 3614 et
919 3560 1114 3614 Paulus
1145 3560 1194 3613 in
1227 3560 1342 3621 via;
1378 3557 1472 3613 sed
1511 3557 1652 3612 hunc
1687 3571 1848 3612 nemo
1887 3554 2049 3610 trahit
2078 3552 2180 3608 nisi

601 3654 864 3709 Christus.
899 3652 1066 3722 Majus
1104 3652 1204 3706 hoc
1229 3661 1343 3705 erat
1363 3693 1378 3716 ,
1408 3664 1566 3720 quam
1597 3648 1738 3719 quod
1770 3646 1999 3720 apostoli
2033 3645 2181 3700 face-

602 3756 754 3800 rent:
787 3745 958 3814 majus
989 3759 1114 3799 vero
1135 3743 1293 3813 quod,
1324 3759 1444 3797 eum
1472 3741 1698 3812 apostoli
1725 3739 2076 3811 Jerosolymis
2097 3752 2183 3793 es-

602 3849 752 3899 sent,
787 3849 841 3892 et
879 3854 941 3892 ex
978 3836 1059 3891 his
1089 3836 1268 3891 nullus
1304 3846 1446 3890 esset
1477 3834 1754 3898 Damasci,
1798 3832 1998 3888 isthinc
2027 3831 2185 3887 rediit

601 3931 866 3987 credens:
894 3941 948 3984 et
974 3929 1062 3996 qui
1103 3925 1345 3982 Damasci
1373 3935 1557 3991 erant,
1590 3916 1831 3980 sciebant
1871 3924 2045 3994 ipsum
2077 3938 2183 3978 non

604 4021 953 4092 Jcrosolymis
979 4021 1189 4075 venisse
1215 4032 1563 4090 persuasum;
1603 4015 1854 4085 epistolas
1881 4016 2023 4072 cnim
2047 4015 2186 4072 lere-

606 4116 714 4180 liat,
744 4123 803 4168 ut
821 4114 1103 4168 credentes
1130 4113 1334 4183 ligaret.
1361 4110 1511 4166 Sicut
1534 4109 1773 4165 medicus
1799 4108 2054 4180 optimus,
2073 4107 2186 4179 jam

606 4209 818 4277 vigente
845 4205 990 4260 febre
1013 4245 1027 4270 ,
1059 4219 1214 4275 opem
1257 4203 1329 4257 illi
1369 4202 1544 4257 attulit
1582 4197 1868 4256 Christus:
1905 4199 2190 4271 oportebat

608 4301 748 4353 enim
780 4315 900 4353 eum
930 4299 981 4352 in
1014 4297 1130 4367 ipso
1156 4296 1334 4352 furore
1355 4295 1756 4365 comprehendi.
1784 4293 1934 4349 Tunc
1958 4294 2190 4348 maxime

609 4391 826 4456 decidit,
858 4406 921 4444 ac
947 4390 1177 4459 seipsum
1199 4389 1592 4454 condemnavit,
1625 4397 1681 4442 ut
1699 4387 1786 4458 qui
1811 4386 1990 4457 gravia
2017 4393 2191 4441 alten-

612 4495 797 4540 tasset.
844 4485 948 4540 Sed
981 4501 1189 4539 rursum
1218 4499 1380 4554 opere
1429 4483 1657 4552 pretium
1687 4481 1847 4537 fuerit
1883 4498 2188 4538 sermonem

611 4593 904 4633 resumere.
936 4577 1063 4639 Cur,
1101 4591 1300 4647 qutcso,
1333 4573 1655 4642 Scripturze?
1681 4573 1828 4640 Quod
1855 4573 1920 4627 ad
1948 4588 2044 4628 vos
2064 4589 2189 4643 spe-

608 4683 716 4726 ctat
735 4712 748 4732 ,
780 4671 957 4724 omnia
983 4670 1188 4724 sublata
1216 4677 1358 4724 sunt.
1390 4667 1495 4722 Cur
1522 4666 1782 4721 ecclesia?
1811 4665 1999 4722 Libros
2023 4667 2190 4721 sun'o-

610 4768 719 4818 dito
745 4783 759 4818 :
790 4767 923 4818 forte
952 4779 1056 4817 non
1090 4763 1192 4816 tale
1217 4760 1474 4830 judicium
1503 4761 1624 4824 erit,
1658 4775 1762 4814 non
1791 4759 1912 4814 talis
1939 4774 2112 4828 pinna.
2135 4760 2190 4816 Si

614 4859 728 4926 quis
758 4860 808 4911 in
839 4858 961 4910 limo
991 4856 1250 4911 defoderit
1272 4855 1408 4915 illos,
1443 4866 1493 4908 et
1519 4871 1624 4907 non
1661 4853 1778 4907 illos
1805 4853 2052 4919 audierit,
2086 4869 2190 4907 non

615 4965 720 5005 tam
745 4951 1062 5004 contumelia
1088 4948 1269 5011 allicit,
1291 4958 1348 5001 ut
1371 4962 1509 5001 nunc
1533 4949 1609 5001 lit.
1633 4945 1769 5013 Quid
1792 4946 1959 5006 enim,
1986 4960 2188 5014 quaeso,

617 5046 721 5097 illic
737 5041 1178 5097 contumeliosum
1193 5047 1213 5091 t
1237 5039 1386 5105 Quod
1415 5041 1532 5092 illos
1553 5038 1835 5093 deludet-it.
1855 5038 1990 5105 Quid
2015 5049 2192 5093 autem

616 5141 739 5193 hic?
765 5136 913 5205 Quod
946 5152 1048 5189 non
1071 5134 1351 5188 audiamus
1376 5132 1514 5187 illos.
1542 5131 1637 5187 Dic
1667 5132 1942 5192 tnihi,uter
1967 5134 2195 5186 maxime

615 5231 936 5285 contumelia
967 5229 1124 5282 allicit
1149 5269 1162 5290 ,
1209 5226 1298 5297 qui
1331 5227 1544 5292 silenti,
1595 5242 1660 5280 an
1692 5226 1779 5295 qui
1813 5225 2046 5295 loquenti
2090 5241 2194 5280 non

617 5321 1126 5392 respondet?Certe
1164 5323 1252 5391 qui
1298 5321 1554 5390 loquenti.
1605 5319 1788 5388 itaque
1838 5319 2008 5388 major
2055 5336 2196 5375 nunc

617 5427 698 5470 est
739 5415 1092 5479 contumelia,
1140 5429 1257 5468 cum
1300 5413 1603 5482 loquentem
1645 5428 1751 5467 non
1792 5411 1978 5475 audis,
2027 5414 2198 5480 major

618 5519 972 5575 contemptus.
1007 5505 1087 5562 Ne
1113 5506 1390 5576 loquamini
1431 5504 1605 5568 nobis,
1635 5501 1904 5574 quondam
1948 5502 2199 5558 dicebant

620 5601 896 5673 prophetis
921 5599 1089 5655 Judaei
1122 5619 1134 5655 :
1169 5614 1264 5653 vos
1290 5610 1466 5652 autem
1498 5597 1647 5669 pejus
1677 5597 1880 5663 facitis,
1913 5597 2194 5651 dicentes:

621 5694 698 5749 Ne
726 5692 1050 5763 loquamini,
1083 5709 1188 5748 non
1211 5692 1450 5747 facimus.
1484 5691 1560 5745 llli
1588 5706 1718 5759 ergo
1745 5689 2058 5744 avertebant
2080 5705 2197 5755 eos,

621 5798 680 5842 ut
702 5803 769 5842 ne
796 5787 1156 5858 loquerentur,
1183 5787 1333 5857 quasi
1364 5801 1425 5839 ex
1451 5785 1661 5840 illorum
1695 5799 1825 5838 voce
1852 5784 2081 5854 aliquam
2114 5799 2202 5838 ac-

628 5884 872 5954 ciperent
895 5882 1102 5952 pietatis
1132 5880 1466 5935 occasionem
1495 5897 1507 5933 :
1537 5894 1633 5934 vos
1671 5889 1846 5933 autem
1880 5895 1986 5948 pne
2034 5876 2203 5932 multo

618 5988 924 6047 etmtemptu
952 5990 1122 6046 neque
1151 5974 1249 6031 hoc
1283 5973 1470 6030 facitis.
1502 5970 1728 6039 Credite,
1762 5972 1803 6025 si
1834 5971 2075 6027 manibus
2110 5983 2202 6026 ora

1261 479 1317 536 S.
1355 473 1628 534 JOANNIS
1650 464 2117 528 CllltiSOSTlllil
2159 457 2474 516 Allllllllil.
2513 448 3044 512 CONSTANTINOP.

3728 428 3844 485 158

2240 573 2584 633 obturaretis,
2615 586 2720 625 non
2754 578 2896 622 tanta
2922 574 3064 622 esset
3084 557 3404 618 contumelia
3435 561 3630 624 quanta
3664 565 3842 606 nime.

2241 667 2332 721 Dic
2353 664 2494 719 enim
2524 661 2676 725 tnihi,
2705 659 2794 729 qui
2823 657 2968 711 audit
3000 664 3054 710 et
3079 669 3183 708 non
3211 651 3567 717 obtemperat,
3593 652 3846 712 magtsue

2238 756 2550 817 contemnit,
2577 769 2737 824 quant
2764 751 2853 822 qui
2878 767 2985 805 non
3011 746 3197 802 audit?

2310 849 2362 906 5.
2404 847 2506 904 Sed
2531 863 2657 916 age,
2687 842 3064 899 contumeliam
3109 835 3413 907 hujusmodi
3457 831 3835 901 exploremus.

2243 943 2298 997 Si
2327 941 2445 1011 quis
2467 956 2590 995 eum
2611 981 2625 1004 ,
2649 938 2736 1008 qni
2788 935 3109 992 contumelia
3155 931 3340 995 allicit,
3390 930 3664 982 contineat
3690 931 3746 976 et
3775 934 3851 973 os

2242 1035 2454 1089 obturet
2481 1035 2553 1098 ei,
2597 1043 2867 1102 tamquam
2897 1042 3038 1097 mgre
3069 1026 3251 1082 ferens
3285 1018 3672 1081 contumelias;
3703 1015 3853 1068 alius

2246 1143 2374 1183 vero
2421 1143 2591 1197 neque
2633 1133 2805 1191 curet,
2855 1136 3026 1192 neque
3072 1119 3354 1173 advertere
3399 1115 3686 1169 videatur:
3719 1117 3854 1162 uter

2245 1224 2415 1292 magis
2443 1217 2778 1275 contemnit?
2826 1231 3001 1270 annon
3036 1213 3155 1267 hic?
3200 1210 3290 1265 Ille
3335 1222 3563 1278 namque
3601 1204 3856 1261 declarat

2246 1332 2307 1370 se
2350 1315 2553 1384 plagam
2597 1311 2879 1380 accipere;
2928 1306 3016 1362 hic
3061 1320 3189 1360 vero
3234 1301 3346 1356 fere
3389 1315 3451 1354 os
3478 1299 3695 1354 obturat
3722 1293 3850 1350 Dei.

2253 1407 2491 1462 Horretis
2515 1405 2718 1459 dictum
2745 1419 2760 1466 ;
2793 1401 2887 1456 sed
2912 1399 3038 1454 audi
3062 1396 3332 1468 quomodo
3364 1395 3465 1447 hoc
3492 1391 3601 1446 fiat.
3629 1387 3724 1454 Os,
3745 1400 3857 1456 per

2251 1501 2391 1570 quod
2437 1499 2670 1568 loquitur
2719 1495 2862 1550 Deus
2887 1536 2902 1559 ,
2935 1509 2998 1548 os
3025 1492 3120 1547 Dei
3149 1499 3250 1545 est.
3307 1488 3456 1541 Sicut
3481 1485 3625 1540 enim
3654 1481 3758 1536 hoc

2253 1595 2445 1648 animae
2477 1600 2675 1645 nostra:
2704 1596 2788 1643 est
2810 1628 2826 1653 ,
2856 1586 2956 1641 etsi
2985 1585 3160 1639 anima
3195 1601 3254 1634 os
3286 1597 3390 1634 non
3422 1579 3611 1631 haheat
3644 1592 3656 1628 :
3687 1573 3764 1626 sic
3793 1578 3859 1625 et

2254 1701 2316 1740 os
2357 1684 2735 1755 prophetarum
2775 1688 2860 1734 est
2902 1693 2965 1734 os
3015 1678 3132 1733 Dei.
3191 1674 3385 1728 Audite
3427 1681 3482 1725 ct
3527 1665 3855 1723 horrescite.

2255 1779 2567 1836 Communis
2595 1786 2677 1831 est
2702 1774 2961 1830 diaconus
3004 1771 3095 1826 ille
3118 1814 3130 1834 ,
3159 1770 3247 1838 qui
3289 1777 3395 1822 stat
3425 1775 3476 1820 et
3504 1764 3719 1825 clamat,
3749 1758 3857 1812 AI-

2259 1877 2552 1939 tendamus;
2581 1872 2739 1943 idque
2760 1885 2904 1940 sa'pe
2925 1870 3138 1938 repetit.
3167 1867 3290 1919 llaJc
3311 1879 3412 1918 vox
3434 1859 3682 1916 Ecclesia:
3705 1872 3862 1910 com-

2260 1969 2438 2025 munis
2469 1979 2571 2033 est,
2600 1976 2652 2022 et
2677 1981 2835 2020 nemo
2861 1962 3110 2016 attendit.
3139 1961 3263 2014 Post
3294 1958 3440 2012 illum
3469 1954 3655 2022 iueipit
3683 1951 3864 2004 lector

2263 2063 2596 2135 prophetiam
2630 2060 2778 2115 Isaia:
2808 2077 2821 2113 :
2852 2073 3026 2128 neque
3052 2057 3128 2110 sic
3152 2053 3380 2109 attendit
3421 2049 3686 2120 quispiam
3707 2087 3720 2107 ,
3750 2044 3862 2099 etsi

2264 2133 2543 2228 prophetia
2597 2155 2888 2209 humanum
2930 2150 3060 2205 nihil
3101 2146 3316 2203 habeat.
3369 2140 3574 2197 Deinde
3625 2133 3865 2191 auditori

2265 2226 2542 2310 enuntiat,
2579 2245 2704 2300 Hinc
2756 2245 2875 2298 dicit
2925 2241 3210 2304 Dominus;
3261 2236 3550 2304 nullusque
3602 2226 3864 2285 attendit.

2267 2341 2406 2410 Quid
2433 2341 2592 2394 dico?
2639 2335 2942 2393 Trenienda
2975 2333 3219 2404 qumdam
3251 2340 3302 2386 et
3327 2325 3592 2383 horrenda
3633 2331 3813 2378 narrat
3849 2339 3866 2374 :

2268 2449 2440 2504 neque
2459 2432 2598 2486 ullus
2616 2439 2700 2485 est
2720 2430 2809 2498 qui
2829 2427 3089 2482 attendat.
3111 2423 3307 2478 Verum
3329 2419 3454 2491 quid
3477 2418 3658 2472 dicunt
3676 2411 3871 2468 multi?

2270 2527 2497 2593 Semper
2523 2521 2708 2578 eadem
2750 2521 2896 2590 legit.
2930 2518 3043 2573 lloc
3071 2515 3301 2570 maxime
3327 2526 3422 2564 vos
3453 2508 3644 2580 perdit.
3672 2505 3726 2560 Si
3758 2505 3870 2557 ita

2271 2633 2374 2689 que
2397 2617 2486 2670 illa
2515 2613 2747 2678 sciretis,
2773 2625 2945 2683 neque
2969 2611 3048 2666 sic
3071 2614 3344 2677 oporteret
3375 2603 3542 2658 averti
3573 2617 3586 2654 :
3615 2595 3871 2669 quando-

2274 2710 2486 2781 quidem
2520 2709 2571 2762 in
2606 2707 2830 2762 theatris
2882 2703 3068 2760 eadem
3107 2703 3219 2771 ipsa
3247 2711 3461 2768 semper
3507 2695 3661 2756 fiunt,
3689 2703 3876 2758 neque

2278 2815 2453 2858 tamen
2479 2801 2768 2856 satiamini.
2797 2798 2984 2866 Qualia
3014 2795 3196 2851 dicere
3222 2792 3408 2854 audes,
3431 2789 3521 2860 qui
3544 2803 3613 2842 ne
3636 2783 3881 2856 prophe

2277 2907 2450 2952 tarum
2484 2895 2700 2950 nomina
2752 2892 2968 2964 quidem
3017 2890 3196 2944 nosti?
3244 2886 3361 2941 Non
3392 2892 3443 2939 te
3475 2882 3634 2954 pudet
3659 2879 3873 2942 dicere,

2278 2999 2329 3045 te
2359 2988 2480 3044 ideo
2511 3003 2617 3042 non
2646 2985 2850 3049 audire,
2882 2983 3005 3054 quia
3032 2980 3220 3036 eadem
3247 2993 3461 3046 semper
3490 2976 3752 3045 leguntur,
3776 2970 3879 3038 qui

2278 3097 2347 3138 ne
2377 3082 2592 3137 nomina
2615 3079 2832 3150 quidem
2859 3077 3180 3147 scriptorum
3207 3073 3369 3136 nosti,
3399 3071 3521 3125 licet
3544 3067 3634 3122 illa
3657 3078 3882 3132 semper

2280 3174 2500 3231 audias?
2541 3173 2672 3228 Nam
2705 3182 2759 3226 tu
2789 3184 3002 3241 quoque
3031 3166 3340 3231 confiteris,
3369 3163 3558 3220 eadem
3601 3161 3708 3230 ipsa
3741 3157 3879 3210 diei.

2283 3269 2394 3338 Ego
2405 3267 2448 3324 si
2464 3277 2513 3322 te
2525 3263 2826 3321 accusando
2846 3262 2958 3317 haec
2976 3260 3251 3320 dixissem,
3272 3265 3542 3326 oporteret
3563 3262 3616 3308 te
3631 3251 3694 3306 ad
3712 3249 3883 3304 aliam

2283 3360 2647 3416 defensionem
2673 3354 2986 3426 confugere,
3015 3361 3070 3408 et
3096 3366 3200 3406 non
3222 3349 3288 3405 ad
3310 3348 3700 3403 accusationem
3729 3351 3888 3398 tuam

2283 3455 2485 3510 venire.
2524 3452 2618 3507 Dic
2641 3450 2794 3517 mihi,
2818 3463 2996 3504 annon
3019 3446 3278 3502 admenes
3299 3443 3465 3498 lilium
3493 3438 3679 3496 tuum?
3707 3437 3762 3491 Si
3787 3435 3888 3490 di-

2286 3554 2433 3603 ceret
2459 3547 2581 3612 ille,
2607 3545 2836 3615 Semper
2874 3543 3097 3607 eadem;
3130 3555 3308 3595 annon
3360 3549 3575 3608 putares
3603 3543 3893 3589 contume-

2288 3639 2411 3693 liam
2437 3638 2600 3694 esse?
2644 3637 2796 3692 Tunc
2822 3651 2921 3706 par
2951 3643 3095 3691 esset
3122 3648 3225 3686 non
3258 3630 3447 3688 eadem
3493 3629 3692 3694 dicere,
3717 3625 3761 3680 si
3789 3624 3891 3680 illa

2288 3735 2568 3800 sciremus,
2600 3742 2654 3788 et
2684 3731 2937 3803 operibus
2977 3727 3390 3790 exhiberemus;
3419 3725 3526 3778 imo
3558 3736 3730 3792 neque
3752 3729 3893 3774 tunc

2289 3829 2557 3901 superua
2614 3827 2773 3881 lectio
2819 3833 2982 3880 esset.
3031 3822 3167 3890 Quid
3218 3836 3314 3891 par
3363 3814 3685 3872 Timotheo?
3727 3814 3891 3866 Atta-

2291 3937 2413 3977 men
2445 3921 2522 3975 illi
2548 3919 2790 3974 scribcns
2831 3915 3029 3972 Paulus
3067 3913 3318 3968 dicebat:
3367 3907 3582 3965 Attende
3834 3911 3894 3957 et

2291 4014 2628 4072 exhortatiom
2655 4012 2743 4084 (l.
2774 4009 2910 4065 Tim.
2939 4010 2990 4064 4.
3024 4008 3143 4077 15).
3177 4005 3359 4075 Neque
3389 4003 3532 4059 enim
3559 4006 3740 4071 potest
3767 4011 3893 4050 um-

2292 4123 2449 4180 quam
2478 4121 2669 4162 sensus
2708 4103 3110 4172 Scripturarum
3141 4095 3413 4152 exhauriri
3445 4112 3458 4148 :
3489 4091 3611 4148 fons
3653 4099 3738 4146 est
3781 4089 3894 4142 im-

2292 4215 2532 4260 mensus.
2592 4199 2780 4254 Dicere
2809 4197 2985 4252 solent
3005 4231 3021 4256 ,
3054 4193 3208 4260 Novi,
3237 4191 3504 4262 inquiunt,
3532 4197 3587 4244 et
3617 4197 3729 4242 tum
3755 4182 3894 4240 mihi

2296 4295 2523 4352 eflluxit.
2544 4293 2720 4349 Vultis
2740 4291 3044 4354 ostendam,
3072 4288 3188 4343 haec
3213 4303 3320 4342 non
3349 4301 3469 4342 esse
3497 4283 3724 4341 eadem?
3749 4281 3897 4349 Quot

2295 4390 2493 4461 putatis
2535 4403 2601 4444 ex
2639 4385 2942 4456 Evangeliis
2982 4383 3234 4453 loquutos
3283 4383 3442 4437 esse?
3481 4377 3589 4435 Sed
3618 4378 3671 4433 hi
3700 4391 3895 4432 omnes

2297 4499 2432 4540 nova
2457 4481 2700 4553 qumdam
2727 4479 3004 4534 dixerunt.
3049 4476 3262 4544 Quanto
3292 4476 3436 4530 enim
3473 4473 3645 4543 magis
3687 4472 3740 4527 in
3786 4469 3898 4526 illis

2297 4586 2565 4641 versatur,
2594 4583 2744 4629 tanto
2766 4573 2976 4629 acutius
3007 4571 3173 4636 videt,
3211 4580 3360 4626 tanto
3403 4568 3671 4640 puriorem
3701 4566 3898 4637 aspicit

2299 4671 2493 4726 lucem.
2515 4668 2651 4722 Ecce
2675 4677 2873 4736 quanta
2904 4665 3044 4719 dico.
3071 4663 3208 4731 Quid
3236 4674 3318 4718 est
3347 4660 3665 4732 prephetia?
3690 4658 3850 4714 dicite
3878 4679 3895 4717 :

2300 4763 2425 4832 quid
2468 4759 2870 4816 enarrationcs?
2911 4757 3037 4828 quid
3089 4757 3374 4827 parabola?
3425 4755 3550 4825 quid
3603 4753 3900 4824 allegoria?

2300 4856 2426 4927 quid
2476 4855 2666 4927 typus?
2698 4853 2822 4924 quid
2879 4851 3219 4924 symbolum?
3269 4851 3394 4919 quid
3440 4847 3751 4919 evangelia?
3781 4846 3900 4904 Hoc

2307 4966 2432 5004 vero
2453 4960 2655 5003 tantum
2681 4946 2805 5001 mihi
2837 4946 3018 5010 dicite,
3049 4945 3190 5015 quod
3222 4943 3424 4998 clarum
3452 4951 3570 5010 est,
3597 4956 3693 4997 cur
3721 4940 3902 4996 Evan-

2302 5043 2438 5113 gelia
2465 5043 2603 5095 dicta
2631 5042 2794 5094 sunt?
2819 5038 2982 5109 Atqui
3009 5053 3152 5107 saepe
3187 5035 3432 5099 audistis,
3457 5033 3600 5106 quod
3623 5034 3900 5103 evangelia

2304 5136 2436 5191 nihil
2479 5145 2726 5191 mmstmn
2760 5133 2957 5188 habere
2983 5131 3216 5186 debeant
3245 5148 3257 5184 :
3290 5131 3404 5185 haec
3446 5145 3575 5183 vero
3605 5128 3768 5182 multa
3796 5142 3899 5182 au-

2300 5229 2544 5284 steritate
2593 5228 2746 5298 plena
2795 5224 2960 5279 sunt?
2985 5222 3132 5294 Ignis
3168 5223 3375 5278 illorum
3405 5238 3506 5276 non
3531 5221 3898 5292 exstinguetur,

2305 5324 2494 5392 inquit,
2523 5333 2567 5375 et
2593 5321 2772 5373 renuis
2818 5335 2989 5372 eorum
3021 5335 3121 5371 non
3148 5317 3390 5371 morietur
3431 5314 3636 5386 (Marc.
3666 5313 3722 5369 9.
3752 5314 3896 5382 4'5);

2305 5414 2535 5482 tlluthue
2563 5453 2577 5478 ,
2612 5411 2888 5465 Dissccabit
2917 5425 3053 5476 eum,
3093 5417 3139 5462 et
3165 5418 3314 5478 ponet
3344 5407 3623 5476 porticum
3648 5405 3759 5474 ejus
3783 5420 3902 5459 cum

2307 5506 2578 5576 hypocritis
2623 5503 2849 5574 (Matth.
2897 5501 2987 5556 24.
3036 5501 3172 5572 5i);
3208 5509 3263 5556 et
3295 5498 3444 5566 illud,
3495 5497 3685 5552 Dicet:
3712 5496 3904 5553 Nescio

2306 5615 2413 5666 eos,
2442 5598 2679 5652 discedite
2705 5613 2735 5649 a
2765 5612 2863 5660 me,
2886 5597 2971 5668 qui
3016 5594 3295 5665 operamini
3336 5595 3652 5666 iniquitatem
3681 5591 3702 5665 (
3720 5591 3810 5647 Id.
3844 5594 3899 5647 7.

2307 5695 2379 5749 25
2399 5694 2442 5762 ).
2474 5693 2636 5765 igitur
2661 5707 2728 5747 ne
2755 5691 3084 5762 decipiamus
3101 5692 3480 5762 nosmetipsos,
3511 5697 3759 5760 putantes
3785 5688 3904 5744 haec

2305 5785 2497 5844 Graeco
2523 5800 2671 5840 more
2693 5783 2817 5839 dici.
2838 5783 3053 5839 Nihilne
3079 5784 3193 5839 haec
3210 5783 3275 5838 ad
3307 5798 3404 5839 nos
3423 5784 3446 5836 l
3467 5782 3575 5836 Vos
3600 5797 3730 5836 vero
3751 5780 3900 5836 surdi

2311 5880 2463 5944 estis,
2486 5889 2539 5934 et
2556 5877 2704 5947 quasi
2728 5876 2936 5931 attoniti
2959 5886 3120 5946 caput
3143 5876 3431 5932 inclinatis.
3454 5873 3741 5946 Evangelia
3766 5873 3901 5928 nihil

2315 5969 2514 6026 habere
2554 5967 2748 6025 debent
2795 5983 3005 6037 eorum,
3037 5984 3153 6041 qua:
3181 5968 3382 6040 agenda
3429 5976 3571 6037 sunt,
3605 5964 3698 6024 sed
3728 5967 3906 6023 solum
