4094 6478
213 338 332 398 557

214 455 364 510 bona
387 464 670 509 consulere
699 470 712 506 :
744 450 860 505 haec
882 463 1008 503 vero
1028 446 1307 502 innumera
1328 444 1525 499 habent
1551 441 1828 506 iacienda;

212 545 524 620 cnjusmodi
552 529 685 600 sunt
704 543 820 598 haec
850 559 862 595 :
895 541 959 596 Si
981 543 1094 610 quis
1122 555 1224 593 non
1251 539 1358 593 edit
1388 547 1583 606 patrem
1607 551 1755 590 suam
1782 543 1830 587 et

213 649 470 706 matrem,
502 655 605 693 non
644 648 717 690 est
753 651 830 688 me
861 635 1045 705 dignus
1071 631 1089 703 (
1111 631 1238 686 Luc.
1283 633 1368 685 :4.
1415 628 1559 697 £6);
1593 636 1678 691 et,
1708 625 1830 680 Non

211 736 340 790 mi
360 751 538 804 pacem
569 733 766 785 mittere
793 730 846 784 in
875 741 1084 792 terram,
1116 726 1204 780 sed
1229 723 1461 797 gladium
1484 720 1708 791 (Matth.
1738 718 1826 776 10.

212 829 318 884 54.
365 826 490 881 Luc.
528 825 615 881 12.
645 826 708 878 51
733 828 750 892 )
777 840 791 885 ς
843 832 924 887 et,
957 819 1352 874 Tribulationem
1379 817 1431 870 in
1461 815 1650 868 mundo
1677 811 1832 866 liabe-

213 923 341 976 bitis
367 919 556 992 (Joan.
615 919 701 974 16.
751 916 874 990 55).
911 914 1138 971 Pulchra
1167 911 1414 982 quidem;
1443 912 1538 964 sed
1570 923 1676 962 non
1704 915 1831 961 sunt

217 1013 522 1084 evangelia.
579 1010 927 1081 Evangelium
989 1021 1219 1076 namque
1267 1003 1370 1059 hoc
1413 1011 1538 1057 est:
1569 999 1695 1054 llaec
1734 997 1829 1052 tibi

212 1106 363 1160 bona
387 1114 547 1161 erunt
577 1122 590 1158 :
618 1112 676 1159 ut
702 1104 876 1158 solent
908 1100 1155 1156 homines
1187 1099 1325 1152 inter
1351 1110 1409 1152 se
1430 1094 1612 1150 dicere
1644 1111 1657 1147 :
1690 1090 1826 1159 Quid

213 1198 354 1252 inihi
381 1206 458 1252 est
491 1193 934 1267 evangeliorum?
961 1202 1112 1262 pater
1155 1201 1278 1245 tuus
1304 1188 1507 1251 veniet,
1535 1185 1619 1261 vel
1656 1193 1829 1239 mater

212 1300 338 1344 tua.
380 1289 497 1345 Non
525 1291 730 1356 dicunt,
763 1287 888 1341 llzrc
926 1286 1106 1341 facito.
1158 1284 1390 1338 Rursum
1417 1281 1503 1335 dic
1525 1279 1674 1341 mihi,
1699 1277 1826 1349 quid

212 1383 478 1439 diﬂ‘erant
502 1385 616 1439 haec
640 1398 672 1438 a
696 1379 1024 1453 prolibeticis
1050 1398 1064 1436 :
1088 1396 1184 1434 cur
1212 1394 1318 1432 non
1350 1385 1406 1432 et
1435 1375 1520 1430 illa
1553 1374 1826 1444 evangelia

209 1477 517 1535 dicuntur?
557 1489 681 1530 nam
721 1485 777 1530 et
818 1475 906 1530 illa
949 1473 1136 1529 eadem
1177 1471 1391 1535 dicunt;
1445 1469 1592 1523 verbi
1641 1483 1820 1526 causa.

213 1569 387 1624 Saliet
434 1569 565 1623 sicut
615 1583 789 1622 cervus
835 1568 1046 1621 claudus
1075 1567 1091 1634 (
1116 1563 1243 1618 lsai.
1301 1563 1390 1619 ὃὸ.
1427 1563 1498 1632 6)
1530 1582 1543 1617 :
1577 1559 1828 1612 Dominus

211 1663 360 1716 dabit
385 1663 588 1714 verbum
618 1659 1076 1731 euangelizantibus
1122 1655 1308 1730 (I’sal.
1357 1654 1446 1710 67.
1498 1653 1600 1723 l2)
1633 1671 1644 1706 :
1677 1650 1824 1704 Dabo

210 1758 357 1809 vobis
395 1757 579 1809 ca'lum
622 1771 805 1810 novam
833 1764 880 1808 et
911 1765 1098 1807 terram
1126 1748 1496 1822 novamUsai.
1555 1748 1645 1802 65.
1695 1747 1761 1801 17
1785 1750 1822 1814 ).

210 1848 328 1901 (Zur
370 1863 477 1901 non
505 1857 562 1902 et
595 1847 685 1901 illa
715 1846 992 1915 evangelia
1037 1843 1333 1899 vocantur?
1378 1858 1475 1897 cur
1505 1855 1612 1896 non
1641 1851 1691 1894 et
1727 1840 1827 1892 hoc

211 1939 497 2010 prophetia
518 1937 756 1994 dicitur?
783 1937 935 2003 Quod
963 1938 1007 1990 si
1041 1935 1345 1990 nescientes
1375 1931 1506 2003 quid
1528 1932 1636 1986 sint
1658 1946 1825 1984 evan-

210 2033 353 2101 gelia
375 2075 390 2098 ,
422 2033 502 2087 sic
548 2031 836 2087 lectionem
888 2029 1289 2097 Scripturarutn
1345 2025 1626 2096 despicitis
1649 2066 1664 2090 ,
1697 2023 1824 2094 quid

209 2127 393 2179 dicam
419 2125 608 2180 vobis?
634 2124 813 2179 Dicam
837 2133 890 2178 et
909 2123 1057 2177 aliud
1082 2141 1097 2176 :
1121 2118 1229 2176 Cur
1253 2130 1483 2191 quatuor
1500 2119 1826 2188 Evangelia?

207 2234 314 2272 cur
335 2232 440 2270 non
463 2216 689 2272 decem?
709 2231 806 2270 cur
832 2229 936 2269 non
963 2213 1193 2284 viginti?
1218 2227 1316 2267 cur
1338 2225 1444 2266 non
1474 2210 1624 2264 multi
1651 2210 1826 2263 Evan-

208 2311 352 2382 gelia
383 2311 622 2367 scribere
665 2320 792 2365 sunt
816 2309 1053 2380 aggressi
1081 2309 1132 2362 ‘?
1159 2323 1256 2363 cur
1282 2321 1387 2362 non
1412 2306 1590 2362 unus?
1615 2321 1710 2360 cur
1737 2305 1822 2359 di-

207 2403 450 2474 scipuli?
497 2417 597 2458 cur
650 2417 758 2458 non
811 2401 872 2470 ii,
905 2401 997 2473 qui
1037 2398 1284 2470 discipuli
1325 2413 1433 2454 non
1481 2397 1680 2454 erant?
1727 2411 1826 2450 cur

274 2608 296 2640 ¹
336 2608 475 2677 Altus
509 2607 662 2656 habet
681 2641 697 2664 ,
732 2620 820 2677 cur
843 2619 935 2656 non
969 2604 1138 2669 uiginti
1165 2603 1189 2654 ?
1221 2601 1465 2666 siquidem
1497 2601 1639 2651 multi
1663 2598 1826 2650 conati

211 2677 328 2722 sum
350 2675 580 2720 ordinare
599 2675 944 2718 narrationem.

1134 329 1148 340 ⁸
1221 329 1284 385 IN
1324 325 1501 382 ACTA
1545 321 2069 379 Aposrotontzu.
2115 323 2346 379 llOMlL.
2391 322 2509 378 XX.

3439 329 3558 390 158

1942 439 2164 494 omnino
2193 439 2526 510 Scriptum?
2547 441 2706 511 Atqui
2729 440 3056 497 contrarium
3083 441 3218 500 dicit
3243 447 3504 504 vetuslex
3531 465 3548 502 :

1937 529 2084 586 Dabo
2131 533 2266 587 vobis
2313 532 2687 587 Testamentum
2745 532 2949 588 Novum
2972 535 2990 605 (
3011 534 3122 590 Jer.
3153 537 3242 592 51.
3275 538 3337 594 51
3367 539 3408 606 ).
3443 539 3549 597 ΠΜ

1935 634 2061 678 sunt
2090 624 2146 686 ii,
2178 624 2270 695 qui
2298 625 2502 691 dicunt,
2527 624 2755 695 Semper
2803 627 3031 681 eadem?
3080 627 3136 683 Si
3167 628 3284 685 haec
3306 631 3546 691 sciretis.

1934 716 2077 786 quod
2106 717 2150 772 si
2180 717 2340 772 homo
2361 717 2548 774 decem
2575 719 2719 774 mille
2744 720 2900 775 annis
2929 721 3161 791 viveret,
3183 739 3290 778 non
3320 724 3429 780 sint
3459 733 3546 779 ta-

1936 827 2059 866 men
2083 812 2296 880 eadem,
2328 813 2445 868 haec
2469 829 2574 868 non
2611 813 2886 869 diceretis.
2915 814 3156 881 Credite,
3183 817 3316 872 nihil
3346 818 3542 875 hormn

1935 903 2089 958 vobis
2115 904 2288 959 dicam
2311 946 2325 968 ,
2359 921 2464 960 non
2499 906 2771 975 privatim,
2805 923 2911 962 non
2943 907 3189 978 publice;
3222 909 3317 965 sed
3347 913 3392 967 si
3424 914 3544 982 quis

1937 997 2228 1065 invenerit,
2259 1014 2530 1066 annuam;
2561 1001 2643 1056 sin
2678 1003 2878 1070 minus,
2929 1003 3126 1059 sinam.
3161 1005 3250 1061 Sic
3281 1022 3379 1062 vos
3413 1008 3544 1063 feci-

1935 1105 2057 1146 mus
2095 1090 2348 1158 inutiles,
2378 1107 2594 1164 semper
2639 1095 2820 1150 omnia
2853 1104 3101 1168 prompte
3129 1097 3373 1154 dicentes
3398 1142 3413 1165 ,
3446 1115 3546 1156 nec

1935 1184 2149 1256 quando
2191 1194 2404 1254 oportet
2438 1196 2755 1244 renuentes.
2809 1189 2951 1244 Ecce
2981 1189 3189 1245 habetis
3217 1192 3548 1264 qumstioues

1936 1279 2133 1333 multas
2161 1297 2173 1333 :
2205 1280 2566 1344 considerate,
2593 1279 2758 1338 dicite
2788 1297 3028 1338 causam.
3079 1280 3188 1338 Cur
3217 1284 3547 1356 Evangelia?

1935 1386 2033 1424 cur
2074 1387 2180 1424 non
2212 1372 2571 1441 prophetiae?
2624 1388 2722 1427 cur
2757 1388 2842 1438 ca,
2875 1389 2995 1444 qua:
3028 1372 3274 1431 facienda
3320 1385 3466 1444 sunt,
3491 1378 3550 1433 iu

1937 1463 2278 1535 Evangeliis?
2333 1464 2402 1518 Et
2446 1465 2490 1518 si
2544 1464 2630 1519 hic
2675 1465 2907 1529 dubitet,
2938 1465 3078 1521 alius
3108 1477 3336 1536 quaerat,
3369 1477 3426 1524 et
3449 1484 3546 1524 sua

1934 1557 2055 1612 aliis
2092 1569 2281 1612 mutuo
2324 1556 2651 1612 conferant:
2686 1557 2904 1613 demum
2936 1573 3035 1614 nos
3062 1559 3362 1616 silebimus.
3410 1559 3545 1616 Nam

1937 1651 1980 1705 si
2024 1650 2168 1706 dicta
2218 1649 2370 1704 vobis
2398 1650 2526 1704 nihil
2560 1649 2899 1720 profuerunt,
2931 1651 3102 1705 multo
3133 1653 3311 1706 minus
3352 1653 3546 1723 prode-

1935 1754 2094 1808 runt,
2125 1759 2246 1816 qua:
2275 1743 2621 1813 adjicieutur.
2676 1743 2811 1799 Vere
2835 1743 2983 1798 dolio
3011 1760 3076 1800 ex
3109 1755 3328 1814 pertuso
3358 1745 3546 1803 hauri-

1937 1851 2056 1891 mus
2088 1855 2101 1892 :
2129 1837 2273 1892 unde
2305 1836 2478 1905 majus
2520 1835 2676 1892 vobis
2715 1834 3035 1906 supplicium
3067 1837 3194 1893 erit.
3245 1836 3372 1892 Ideo
3416 1855 3547 1910 ergo

1937 1929 2253 1984 tacebimus.
2284 1927 2438 1996 Quod
2472 1943 2540 1984 ne
2580 1927 2696 1994 ﬁat,
2722 1928 2775 1982 in
2809 1928 2962 1984 nobis
2994 1929 3156 1983 situm
3184 1939 3286 1985 est.
3315 1929 3370 1986 Si
3399 1932 3545 1985 enim

1933 2023 1989 2078 in
2018 2020 2172 2075 vobis
2197 2020 2432 2076 studium
2487 2020 2804 2084 viderimus,
2839 2019 2978 2077 forte
3010 2021 3204 2078 iterum
3239 2023 3542 2094 loquemur,

1936 2125 1992 2169 ut
2017 2124 2072 2170 et
2100 2129 2198 2169 vos
2226 2113 2396 2184 magis
2418 2128 2482 2168 ac
2507 2114 2678 2184 magis
2705 2116 2910 2184 accepti
2941 2115 3081 2182 sitis,
3106 2126 3162 2171 et
3188 2133 3287 2172 nos
3315 2119 3367 2172 in
3397 2119 3547 2174 vobis

1936 2208 2200 2268 laetemur,
2232 2207 2283 2259 in
2315 2206 2567 2260 omnibus
2618 2204 2987 2275 glorificantes
3043 2207 3210 2263 Deum
3241 2218 3297 2264 ct
3327 2209 3543 2265 Patrem

1937 2300 2150 2356 Domini
2187 2301 2354 2354 nOstri
2399 2299 2528 2354 Jesn
2567 2298 2769 2353 Christi
2803 2317 2815 2351 :
2848 2301 2934 2354 cui
2980 2300 3150 2371 gloria
3175 2344 3192 2370 ,
3222 2303 3506 2373 imperium
3528 2347 3545 2369 ,

1935 2393 2331 2464 magniﬁcentia
2360 2404 2416 2448 ct
2444 2393 2619 2449 boum-
2646 2409 2782 2449 cum'
2799 2394 2959 2451 Patre
2989 2397 3257 2468 principio
3286 2409 3509 2454 carente
3528 2440 3545 2466 ,

1933 2498 1987 2542 et
2017 2488 2133 2556 ejus
2159 2486 2362 2556 Spiritu
2403 2497 2624 2552 sancto,
2657 2502 2801 2541 nunc
2827 2502 2883 2544 et
2912 2503 3152 2559 semper,
3182 2501 3238 2546 et
3263 2491 3318 2546 in
3348 2494 3548 2548 saecula

1933 2581 2276 2636 saeculorum.
2307 2582 2502 2634 Anien.

1618 2867 1968 2931 HOMILIA
2015 2867 2167 2928 XX.

216 3021 345 3080 Cn.
397 3020 450 3077 9.
496 3037 546 3076 v.
596 3019 685 3076 10.
735 3018 858 3073 Erat
899 3028 1068 3072 autent
1113 3015 1322 3087 quidam
1378 3015 1658 3085 discipulus
1707 3013 1818 3067 Da-

290 3116 480 3180 masci,
509 3114 715 3168 nomine
753 3112 981 3166 Ananias
1010 3125 1029 3164 :
1059 3118 1106 3163 et
1141 3109 1270 3163 dixit
1311 3108 1378 3161 ad
1419 3108 1567 3162 illum
1610 3108 1666 3161 in
1715 3108 1824 3160 visu

289 3204 544 3260 Dominus
575 3221 594 3258 :
633 3204 856 3259 Anania.
899 3201 966 3256 Et
1003 3202 1090 3256 ille
1114 3202 1186 3254 ait
1218 3217 1237 3255 :
1278 3199 1410 3254 Ecce
1437 3215 1550 3271 ego,
1582 3197 1816 3253 Domine.

291 3299 380 3354 11.
409 3297 478 3352 Et
503 3297 756 3352 Dominus
782 3298 849 3350 ad
895 3313 1010 3351 eum
1033 3311 1056 3354 :
1091 3295 1320 3366 Surgens
1354 3294 1482 3348 vade
1527 3294 1580 3346 in
1622 3294 1820 3356 vicum,

289 3392 379 3460 qui
399 3381 608 3446 vo‘catur
631 3389 820 3444 Rectus
850 3407 870 3445 :
896 3399 942 3444 et
965 3405 1134 3460 quivre
1158 3391 1211 3443 in
1239 3389 1390 3443 domo
1409 3387 1441 3441 J
1451 3388 1566 3441 uda:
1603 3387 1823 3441 Saulam

292 3487 530 3551 nomine,
567 3483 901 3549 Tarsensem;
934 3500 1049 3538 ecce
1079 3483 1216 3536 enim
1246 3491 1378 3536 orat.
1411 3481 1497 3536 12.
1535 3479 1605 3534 Et
1630 3481 1750 3533 vidit
1772 3481 1823 3533 in

292 3579 486 3631 uisione
510 3578 674 3630 virum
701 3576 954 3630 Ananiam
975 3576 1181 3630 nomine
1208 3575 1544 3628 introeuntem
1573 3583 1618 3627 et
1653 3574 1823 3644 impo-

297 3679 494 3724 nentem
514 3668 610 3723 sibi
631 3685 838 3722 manum
855 3707 874 3735 ,
910 3677 965 3721 ut
992 3669 1151 3721 uisum
1173 3669 1403 3738 recipiat.

296 3765 348 3818 1.
377 3763 486 3818 Cur
534 3763 808 3818 neminem
851 3777 920 3818 ex
963 3761 1267 3833 coryphteis
1305 3759 1566 3830 apostolis
1615 3759 1826 3814 vocavit

221 3857 310 3911 vel
343 3857 490 3911 misit
518 3855 583 3910 ad
613 3855 765 3910 Pauli
811 3853 1242 3910 institutionem?
1269 3853 1402 3920 Quia
1455 3869 1561 3908 non
1611 3861 1826 3923 operte-

224 3947 319 4002 bat
362 3947 509 4001 illum
544 3962 638 4016 per
669 3945 950 4009 homines,
983 3943 1078 4004 sed
1113 3959 1209 4014 per
1235 3945 1407 4014 ipsum
1438 3943 1710 3998 Christum
1753 3944 1825 3996 in.

223 4039 395 4095 stitui.
415 4037 544 4092 Nam
570 4037 656 4092 hic
688 4037 821 4090 nihil
850 4037 1024 4106 ipsum
1055 4035 1266 4101 docuit,
1292 4037 1384 4090 Sed
1416 4045 1618 4089 tantum
1649 4035 1822 4104 bapti-

232 4131 394 4184 zavit.
429 4129 619 4184 Statim
650 4140 829 4183 autem
862 4128 952 4183 ubi
985 4128 1285 4197 baptizatus
1326 4137 1443 4194 est,
1494 4129 1717 4182 multam
1758 4143 1824 4182 ex

226 4222 346 4274 zelo
367 4229 422 4275 et
453 4219 634 4274 studio
682 4220 850 4274 multo
897 4218 998 4273 sibi
1038 4221 1257 4273 attraxit
1300 4219 1532 4288 Spiritus
1572 4221 1819 4289 gratiam.

227 4313 380 4380 Quod
407 4325 584 4369 autem
612 4314 847 4368 Auanias
876 4327 943 4368 ex
999 4313 1381 4383 insignioribus
1420 4322 1600 4381 esset,
1652 4315 1823 4384 palam

228 4420 312 4466 est
339 4424 404 4464 ex
433 4409 498 4464 iis
521 4449 536 4474 ,
560 4423 680 4479 qua:
706 4407 807 4477 ipsi
833 4407 1034 4463 revelat
1059 4417 1112 4461 et
1138 4407 1304 4472 dicit;
1335 4408 1568 4477 iten-que
1609 4425 1674 4462 ex
1723 4407 1788 4462 iis
1810 4449 1823 4472 ,

228 4519 349 4573 qua:
379 4501 472 4556 ille
501 4501 832 4570 respondet,
887 4500 1076 4555 dicens
1108 4517 1123 4554 ε
1158 4501 1243 4555 15.
1289 4499 1536 4564 Domine,
1579 4503 1749 4554 audivi
1797 4519 1827 4553 a

230 4593 404 4646 multis
429 4591 494 4645 de
512 4593 620 4645 viro
641 4591 768 4658 hoc,
797 4603 988 4661 quanta
1008 4592 1148 4644 mala
1176 4593 1350 4662 fecerit
1385 4595 1574 4647 sanctis
1621 4593 1720 4646 tuis
1774 4594 1826 4646 in

228 4685 539 4740 Jerusalem.
571 4685 628 4740 Si
661 4686 844 4756 itaque
878 4687 1103 4740 Domino
1125 4686 1489 4754 contradixit,
1521 4689 1686 4742 multo
1717 4705 1828 4741 ma-

229 4780 312 4850 gis
335 4821 349 4841 .
382 4780 427 4834 si
452 4781 702 4849 angelum
731 4781 985 4836 misisset.
1018 4780 1247 4851 Ideoque
1274 4781 1500 4836 antehac
1549 4781 1828 4851 Philippus

232 4890 340 4930 non
370 4873 614 4942 audivit,
655 4875 783 4946 quid
825 4877 1058 4930 futurum
1100 4887 1280 4943 esset,
1329 4875 1424 4930 sed
1471 4876 1645 4930 solum
1696 4877 1828 4930 vidit

231 4966 481 5036 angelum
511 4984 524 5020 :
554 4977 611 5022 et
652 4968 731 5022 sic
785 4967 1016 5037 Spiritus
1055 4967 1212 5037 jubet
1256 4967 1404 5021 illum
1433 4967 1693 5022 accedere
1719 5009 1731 5030 ,
1775 4976 1830 5022 et

230 5061 414 5117 currui
446 5059 673 5116 haerere.
707 5060 805 5116 llic
834 5077 961 5116 vero
989 5061 1201 5116 interim
1244 5070 1444 5115 metum
1490 5061 1606 5130 ejus
1648 5061 1826 5114 sucei-

232 5151 334 5218 dit,
364 5166 430 5205 ac
452 5153 496 5208 si
525 5152 728 5207 diceret
757 5170 770 5205 :
803 5153 940 5207 Ecce
966 5162 1104 5218 orat,
1136 5168 1310 5207 eiecus
1339 5162 1440 5219 est,
1471 5162 1525 5207 et
1553 5162 1604 5205 tu
1636 5153 1829 5208 times?

235 5246 308 5300 Ita
338 5255 393 5299 et
436 5244 646 5318 Moyses
699 5247 869 5300 timet.
924 5247 1106 5316 Itaque
1159 5247 1319 5300 verba
1373 5247 1613 5299 timentis
1661 5248 1829 5310 magis

233 5347 399 5404 sunt,
429 5352 586 5407 quam
613 5352 718 5392 non
745 5337 1038 5393 credentis.
1070 5337 1136 5392 Et
1163 5337 1285 5391 audi
1329 5339 1488 5392 verba
1528 5340 1638 5407 ipsa
1669 5357 1680 5394 :
1713 5339 1829 5392 Do-

232 5430 389 5496 mine,
418 5428 589 5483 audivi
615 5447 646 5484 a
675 5430 849 5484 multis
871 5430 936 5485 de
955 5432 1060 5484 viro
1085 5433 1200 5484 hoc.
1229 5430 1364 5498 Quid
1390 5431 1560 5485 dicis?
1593 5433 1728 5486 Deus
1753 5433 1828 5486 lo-

233 5521 432 5594 quitur,
451 5533 507 5579 et
533 5533 590 5578 tu
618 5523 871 5578 dubitas?
896 5523 984 5579 Sic
1006 5524 1239 5578 nondum
1267 5525 1508 5580 sciebant
1536 5526 1828 5593 potentium

233 5614 448 5672 Christi.
473 5615 562 5672 N.
589 5612 661 5668 Et
689 5617 772 5670 hic
799 5615 947 5669 habet
972 5625 1264 5687 potestatem
1307 5633 1339 5669 α
1383 5616 1695 5686 principibus
1739 5634 1827 5669 sa-

232 5709 487 5764 cerdotum
521 5709 782 5782 alligandi
821 5726 993 5764 omnes
1035 5712 1122 5780 qui
1168 5713 1398 5763 invocant
1443 5727 1623 5763 nomen
1663 5722 1826 5765 tuum.

234 5799 504 5860 Uudenaut
538 5804 646 5861 hoc
676 5803 1052 5859 nutumcrat?
1101 5801 1400 5858 Verisimile
1448 5812 1570 5867 est,
1622 5820 1715 5858 eos
1770 5807 1822 5858 in

1937 3020 2084 3066 metu
2117 3010 2376 3080 degentes
2423 3009 2639 3064 curiose
2682 3009 3044 3081 inquisivisse.
3091 3009 3210 3067 Non
3266 3011 3368 3070 hoc
3417 3029 3551 3084 ergo

1935 3109 2099 3175 dicit,
2137 3109 2291 3178 quasi
2318 3106 2565 3162 Christus
2591 3105 2644 3162 id
2677 3108 2926 3177 ignoret;
2972 3107 3069 3164 sed
3103 3107 3357 3177 dubitat,
3407 3127 3545 3180 quo-

1935 3205 2100 3262 modo
2128 3205 2181 3259 in
2212 3204 2301 3259 tali
2335 3220 2514 3259 rerum
2543 3213 2687 3258 statu
2714 3203 2888 3274 possit
2915 3203 3017 3258 hoc
3051 3203 3188 3259 ﬁeri.
3223 3202 3313 3260 Sic
3338 3215 3391 3259 ct
3420 3205 3548 3260 alibi

1935 3298 2183 3369 discipuli
2216 3297 2404 3352 dicunt
2437 3316 2451 3352 :
2489 3296 2614 3364 Quis
2639 3305 2804 3368 potest
2841 3297 3035 3350 salvari
3056 3298 3074 3368 (
3095 3295 3263 3351 Marc.
3295 3297 3382 3352 10.
3412 3295 3552 3368 26)?

1937 3391 2043 3447 Sed
2074 3392 2196 3446 vide
2217 3433 2233 3459 ,
2265 3400 2396 3459 quot
2427 3406 2516 3446 res
2544 3391 2937 3459 diSponantur,
2971 3398 3028 3443 ut
3064 3389 3251 3445 credat
3299 3400 3549 3445 venturo.

1936 3484 1994 3539 In
2023 3485 2236 3539 somnio
2268 3483 2439 3551 vidit,
2470 3481 2720 3552 praedixit
2752 3483 2829 3537 illi
2861 3500 2873 3531 :
2913 3481 3076 3550 Orat,
3121 3482 3339 3552 inquit;
3390 3483 3552 3552 igitur

1935 3593 2005 3633 ne
2027 3578 2239 3632 timeas.
2277 3576 2345 3630 Et
2370 3592 2467 3631 cur
2497 3591 2604 3631 non
2631 3575 2764 3633 dicit
2791 3575 2865 3630 illi
2895 3590 3009 3630 rem
3046 3575 3396 3644 pnnclaram,
3427 3593 3550 3647 qurc

1935 3678 2088 3741 gesta
2117 3670 2237 3725 est?
2266 3667 2336 3725 Ut
2367 3683 2467 3723 nos
2491 3667 2707 3729 doceat,
2738 3683 2806 3721 ne
2836 3666 3193 3738 prmdicemus
3224 3667 3364 3722 bona
3387 3683 3555 3738 opera

1938 3771 2158 3827 nostra;
2205 3763 2315 3816 imo
2365 3771 2420 3815 et
2467 3761 2611 3831 quod
2667 3762 2946 3824 timentem
2996 3760 3196 3815 videat.
3246 3759 3436 3831 Neque
3472 3762 3553 3816 sic

1937 3853 2108 3918 dixit,
2143 3852 2305 3907 Fides
2340 3852 2431 3905 tibi
2467 3868 2571 3906 non
2605 3851 2934 3922 negabitur:
2968 3851 3064 3906 sed
3103 3851 3275 3922 quid?
3318 3851 3558 3924 Snrgens

1937 3947 2082 3997 vade.
2147 3944 2281 3997 Vidit
2321 3945 2456 3997 enim
2503 3945 2556 3998 in
2602 3945 2796 3999 visione
2841 3945 3006 3999 virum
3058 3945 3403 4022 iutpoonentem
3457 3948 3553 4000 sibi

1937 4056 2138 4091 manus.
2173 4039 2295 4092 Ideo
2327 4040 2379 4092 in
2412 4038 2654 4102 visione,
2683 4039 2806 4108 quia
2836 4053 3012 4093 caicus
3042 4048 3177 4092 erat.
3230 4038 3417 4109 Neque
3449 4039 3554 4093 mi-

1941 4131 2104 4185 raculi
2133 4129 2448 4201 magnitudo
2477 4130 2655 4201 rapuit
2682 4130 3006 4198 discipulum
3031 4147 3046 4197 ;
3078 4132 3145 4184 ita
3177 4131 3420 4186 timebat.
3455 4136 3552 4186 At-

1940 4233 2118 4278 tamen
2153 4239 2248 4293 per
2277 4225 2450 4294 ipsum
2486 4224 2627 4280 Deus
2658 4223 2829 4280 Paulo
2879 4239 3024 4278 czeco
3071 4227 3244 4280 visum
3294 4228 3550 4283 restituit.

1940 4317 2028 4372 15.
2072 4316 2216 4371 Dixit
2245 4329 2416 4372 autem
2446 4316 2696 4372 Dominus
2725 4319 2796 4371 ad
2842 4318 2989 4372 illum
3022 4333 3041 4373 :
3083 4317 3254 4384 Vade,
3298 4321 3419 4389 quia
3465 4336 3557 4374 vas

1938 4410 2195 4464 electionis
2221 4420 2293 4463 est
2322 4410 2447 4462 mihi
2477 4409 2588 4476 hic,
2620 4419 2678 4462 ut
2723 4419 2889 4481 portet
2935 4426 3118 4463 nomen
3164 4427 3332 4464 meum
3377 4428 3555 4468 corans

1939 4503 2168 4572 gentibus
2195 4511 2241 4555 et
2269 4496 2470 4573 regibus
2496 4512 2541 4556 et
2569 4502 2692 4571 [iliis
2718 4501 2909 4555 Israel.
2943 4503 3029 4557 16.
3071 4501 3178 4574 Ego
3209 4506 3344 4557 enim
3371 4515 3548 4559 osten-

1939 4596 2059 4647 dam
2086 4595 2192 4657 illi,
2227 4605 2420 4666 quanta
2450 4604 2683 4665 oporteat
2731 4611 2846 4648 eum
2889 4611 2981 4665 pro
3015 4598 3219 4649 nomine
3264 4614 3374 4650 meo
3422 4601 3549 4669 pati.

1940 4687 2056 4741 Non
2085 4687 2258 4741 solum
2291 4687 2465 4742 ﬁdelis
2496 4688 2600 4742 erit
2624 4730 2638 4752 ,
2672 4688 2876 4757 inquit,
2908 4688 3001 4743 sed
3031 4691 3193 4744 etiam
3222 4691 3413 4745 doctor
3441 4734 3456 4757 ,
3500 4702 3557 4747 et

1941 4783 2107 4835 multa
2129 4791 2310 4836 utetur
2335 4781 2549 4837 dicendi
2578 4781 2850 4836 libertate.
2875 4784 3059 4836 Coram
3087 4785 3319 4854 gentibus
3342 4797 3388 4839 et
3417 4789 3554 4858 regi-

1940 4875 2053 4928 bus.
2089 4875 2162 4929 lta
2200 4885 2408 4930 crescet
2431 4875 2709 4942 doctrina,
2746 4877 2948 4946 inquit,
2981 4886 3039 4932 ut
3063 4889 3115 4931 et
3141 4891 3330 4947 gentes
3372 4891 3424 4934 et
3471 4897 3551 4937 re-

1941 4982 2035 5036 ges
2064 4983 2254 5022 omttes
2283 4977 2522 5038 superet.
2556 4969 2643 5022 17.
2676 4968 2809 5022 Abiit
2831 4980 3000 5022 autem
3023 4971 3255 5026 Ananias
3283 4982 3328 5026 et
3352 4975 3558 5028 intrarit

1942 5060 1993 5112 in
2027 5061 2254 5125 domum,
2285 5073 2332 5113 et
2361 5062 2626 5131 imponens
2655 5062 2733 5115 illi
2762 5079 2944 5115 manus
2982 5065 3112 5116 dixit
3147 5081 3165 5118 ε
3201 5065 3394 5130 Saule,
3448 5071 3557 5139 [ra-

1943 5162 2050 5216 ter,
2080 5151 2332 5205 Dominus
2359 5154 2493 5206 misit
2521 5171 2632 5219 me,
2663 5152 2817 5207 Jesas
2847 5157 2934 5225 qui
2968 5159 3210 5225 apparuit
3250 5159 3338 5211 tibi
3382 5160 3434 5213 in
3476 5164 3557 5214 riu

1941 5261 2040 5312 qua
2068 5244 2334 5310 veniebas,
2386 5254 2441 5298 ut
2485 5246 2657 5300 videas
2702 5256 2749 5300 et
2793 5247 3058 5316 implearis
3097 5248 3306 5317 Spiritu
3354 5264 3554 5306 sancto.

1941 5335 2133 5391 Statim
2165 5337 2317 5391 illum
2351 5338 2672 5393 familiarem
2701 5339 2919 5395 nomine
2952 5341 3096 5395 facit.
3132 5342 3286 5398 Iesus
3311 5387 3326 5410 ,
3358 5346 3554 5415 inquit,

1941 5432 2030 5500 qui
2069 5433 2314 5500 apparuit
2357 5433 2448 5485 tibi
2489 5433 2541 5486 in
2591 5433 2693 5488 via.
2749 5430 2909 5489 Certe
2965 5452 3068 5488 non
3119 5435 3223 5491 hoc
3252 5440 3299 5490 ei
3346 5440 3560 5494 dirimat

1942 5525 2222 5586 Christus;
2273 5525 2366 5578 sed
2398 5541 2425 5577 a
2459 5525 2660 5594 Spiritu
2692 5537 2881 5581 sancto
2909 5528 3190 5582 didicerat.
3233 5530 3321 5584 l8.
3352 5529 3419 5584 Et
3447 5544 3555 5587 sta-

1943 5619 2033 5670 tim
2065 5619 2358 5672 decidcrunt
2384 5621 2446 5672 ab
2472 5622 2634 5674 oculis
2663 5621 2772 5690 ejus
2801 5631 3061 5692 tamquam
3090 5640 3318 5691 squama
3341 5667 3354 5686 ,
3399 5637 3450 5679 et
3477 5628 3556 5678 ri-

1943 5727 2056 5763 sum
2087 5713 2272 5779 recepit
2299 5712 2470 5766 statim
2494 5754 2506 5775 ,
2538 5723 2584 5766 et
2611 5730 2822 5783 surgens
2869 5715 3159 5782 baptizatus
3208 5727 3302 5770 est.
3355 5718 3439 5772 l9.
3492 5720 3557 5774 Et

1955 5820 2069 5857 cum
2101 5805 2372 5875 accepisset
2399 5806 2593 5870 cibum,
2627 5811 2939 5876 confortatus
2973 5816 3066 5862 est.
3098 5807 3283 5864 Solum
3315 5813 3389 5864 illi
3439 5826 3553 5866 ma-
