  <div class='ocr_page' id='page_1' title='image "/cluster/home/n/w/nwhite01/storage/ocr_20150623/60/uva.x004246612/165.png"; bbox 0 0 4094 6474; ppageno 0'>
   <div class='ocr_carea' id='block_1_1' title="bbox 590 366 688 421">
    <p class='ocr_par' dir='ltr' id='par_1_1' title="bbox 590 366 688 421">
     <span class='ocr_line' id='line_1_1' title="bbox 590 366 688 421; baseline 0.02 -2"><span class='ocrx_word' id='word_1_1' title='bbox 590 366 688 421; x_wconf 73' lang='grc'><strong>159</strong></span> 
     </span>
    </p>
   </div>
   <div class='ocr_carea' id='block_1_2' title="bbox 588 465 2166 550">
    <p class='ocr_par' dir='ltr' id='par_1_2' title="bbox 588 465 2166 550">
     <span class='ocr_line' id='line_1_2' title="bbox 588 465 2166 550; baseline -0.012 -13"><span class='ocrx_word' id='word_1_2' title='bbox 588 497 687 537; x_wconf 88' lang='lat' dir='ltr'><strong>nus</strong></span> <span class='ocrx_word' id='word_1_3' title='bbox 718 479 997 550; x_wconf 80' lang='lat' dir='ltr'><strong>imposuit,</strong></span> <span class='ocrx_word' id='word_1_4' title='bbox 1025 484 1082 533; x_wconf 84' lang='lat' dir='ltr'><strong>et</strong></span> <span class='ocrx_word' id='word_1_5' title='bbox 1106 478 1282 529; x_wconf 86' lang='lat' dir='ltr'><strong>statim</strong></span> <span class='ocrx_word' id='word_1_6' title='bbox 1310 489 1545 545; x_wconf 73' lang='lat' dir='ltr'><strong>squama:</strong></span> <span class='ocrx_word' id='word_1_7' title='bbox 1570 471 1636 525; x_wconf 89' lang='lat' dir='ltr'><strong>ab</strong></span> <span class='ocrx_word' id='word_1_8' title='bbox 1668 470 1838 523; x_wconf 85' lang='lat' dir='ltr'><strong>oculis</strong></span> <span class='ocrx_word' id='word_1_9' title='bbox 1868 468 1982 538; x_wconf 74' lang='lat' dir='ltr'><strong>ejus</strong></span> <span class='ocrx_word' id='word_1_10' title='bbox 2023 465 2166 520; x_wconf 80' lang='lat' dir='ltr'><strong>deci-</strong></span> 
     </span>
    </p>
   </div>
   <div class='ocr_carea' id='block_1_3' title="bbox 587 557 2166 640">
    <p class='ocr_par' dir='ltr' id='par_1_3' title="bbox 587 557 2166 640">
     <span class='ocr_line' id='line_1_3' title="bbox 587 557 2166 640; baseline -0.011 -11"><span class='ocrx_word' id='word_1_11' title='bbox 587 575 799 629; x_wconf 87' lang='lat' dir='ltr'><strong>derunt.</strong></span> <span class='ocrx_word' id='word_1_12' title='bbox 859 571 963 625; x_wconf 86' lang='lat' dir='ltr'><strong>llas</strong></span> <span class='ocrx_word' id='word_1_13' title='bbox 1008 568 1225 640; x_wconf 84' lang='lat' dir='ltr'><strong>quidam</strong></span> <span class='ocrx_word' id='word_1_14' title='bbox 1281 567 1465 621; x_wconf 91' lang='lat' dir='ltr'><strong>dicunt</strong></span> <span class='ocrx_word' id='word_1_15' title='bbox 1511 562 1767 619; x_wconf 63' lang='lat' dir='ltr'><strong>caecitatis</strong></span> <span class='ocrx_word' id='word_1_16' title='bbox 1812 561 1953 614; x_wconf 87' lang='lat' dir='ltr'><strong>illius</strong></span> <span class='ocrx_word' id='word_1_17' title='bbox 2002 557 2166 611; x_wconf 84' lang='lat' dir='ltr'><strong>luisse</strong></span> 
     </span>
    </p>
   </div>
   <div class='ocr_carea' id='block_1_4' title="bbox 586 650 2169 719">
    <p class='ocr_par' dir='ltr' id='par_1_4' title="bbox 586 650 2169 719">
     <span class='ocr_line' id='line_1_4' title="bbox 586 650 2169 719; baseline -0.011 0"><span class='ocrx_word' id='word_1_18' title='bbox 586 678 795 719; x_wconf 85' lang='lat' dir='ltr'><strong>causas.</strong></span> <span class='ocrx_word' id='word_1_19' title='bbox 830 663 895 718; x_wconf 87' lang='lat' dir='ltr'><strong>Et</strong></span> <span class='ocrx_word' id='word_1_20' title='bbox 924 677 1020 717; x_wconf 90' lang='lat' dir='ltr'><strong>cur</strong></span> <span class='ocrx_word' id='word_1_21' title='bbox 1048 675 1153 715; x_wconf 92' lang='lat' dir='ltr'><strong>non</strong></span> <span class='ocrx_word' id='word_1_22' title='bbox 1181 657 1469 715; x_wconf 62' lang='lat' dir='ltr'><strong>cxcaicavit</strong></span> <span class='ocrx_word' id='word_1_23' title='bbox 1498 656 1639 710; x_wconf 89' lang='lat' dir='ltr'><strong>illius</strong></span> <span class='ocrx_word' id='word_1_24' title='bbox 1668 652 1894 709; x_wconf 88' lang='lat' dir='ltr'><strong>oculos?</strong></span> <span class='ocrx_word' id='word_1_25' title='bbox 1924 650 2033 704; x_wconf 88' lang='lat' dir='ltr'><strong>Hoc</strong></span> <span class='ocrx_word' id='word_1_26' title='bbox 2068 650 2169 703; x_wconf 89' lang='lat' dir='ltr'><strong>tui-</strong></span> 
     </span>
    </p>
   </div>
   <div class='ocr_carea' id='block_1_5' title="bbox 587 742 2166 823">
    <p class='ocr_par' dir='ltr' id='par_1_5' title="bbox 587 742 2166 823">
     <span class='ocr_line' id='line_1_5' title="bbox 587 742 2166 823; baseline -0.01 -11"><span class='ocrx_word' id='word_1_27' title='bbox 587 757 804 812; x_wconf 86' lang='lat' dir='ltr'><strong>rabilius</strong></span> <span class='ocrx_word' id='word_1_28' title='bbox 853 763 1009 811; x_wconf 88' lang='lat' dir='ltr'><strong>erat:</strong></span> <span class='ocrx_word' id='word_1_29' title='bbox 1046 769 1166 808; x_wconf 90' lang='lat' dir='ltr'><strong>nam</strong></span> <span class='ocrx_word' id='word_1_30' title='bbox 1211 752 1408 823; x_wconf 86' lang='lat' dir='ltr'><strong>apertis</strong></span> <span class='ocrx_word' id='word_1_31' title='bbox 1453 747 1620 804; x_wconf 87' lang='lat' dir='ltr'><strong>oculis</strong></span> <span class='ocrx_word' id='word_1_32' title='bbox 1670 763 1775 802; x_wconf 91' lang='lat' dir='ltr'><strong>non</strong></span> <span class='ocrx_word' id='word_1_33' title='bbox 1826 745 2038 799; x_wconf 91' lang='lat' dir='ltr'><strong>videbat</strong></span> <span class='ocrx_word' id='word_1_34' title='bbox 2068 760 2085 797; x_wconf 89' lang='lat'><strong>:</strong></span> <span class='ocrx_word' id='word_1_35' title='bbox 2112 742 2166 797; x_wconf 98' lang='lat' dir='ltr'><strong>id</strong></span> 
     </span>
    </p>
   </div>
   <div class='ocr_carea' id='block_1_6' title="bbox 585 838 2164 918">
    <p class='ocr_par' dir='ltr' id='par_1_6' title="bbox 585 838 2164 918">
     <span class='ocr_line' id='line_1_6' title="bbox 585 838 2164 918; baseline -0.008 -16"><span class='ocrx_word' id='word_1_36' title='bbox 585 846 727 918; x_wconf 84' lang='lat' dir='ltr'><strong>quod</strong></span> <span class='ocrx_word' id='word_1_37' title='bbox 760 848 1056 917; x_wconf 89' lang='lat' dir='ltr'><strong>patiebatur</strong></span> <span class='ocrx_word' id='word_1_38' title='bbox 1085 846 1137 899; x_wconf 92' lang='lat' dir='ltr'><strong>in</strong></span> <span class='ocrx_word' id='word_1_39' title='bbox 1177 845 1325 914; x_wconf 79' lang='lat' dir='ltr'><strong>lege,</strong></span> <span class='ocrx_word' id='word_1_40' title='bbox 1377 842 1549 898; x_wconf 86' lang='lat' dir='ltr'><strong>donec</strong></span> <span class='ocrx_word' id='word_1_41' title='bbox 1598 840 1673 894; x_wconf 88' lang='lat' dir='ltr'><strong>illi</strong></span> <span class='ocrx_word' id='word_1_42' title='bbox 1724 838 2028 908; x_wconf 89' lang='lat' dir='ltr'><strong>impositum</strong></span> <span class='ocrx_word' id='word_1_43' title='bbox 2081 846 2164 891; x_wconf 87' lang='lat' dir='ltr'><strong>est</strong></span> 
     </span>
    </p>
   </div>
   <div class='ocr_carea' id='block_1_7' title="bbox 589 930 2162 1012">
    <p class='ocr_par' dir='ltr' id='par_1_7' title="bbox 589 930 2162 1012">
     <span class='ocr_line' id='line_1_7' title="bbox 589 930 2162 1012; baseline -0.009 -17"><span class='ocrx_word' id='word_1_44' title='bbox 589 959 783 998; x_wconf 87' lang='lat' dir='ltr'><strong>nomen</strong></span> <span class='ocrx_word' id='word_1_45' title='bbox 814 942 936 997; x_wconf 80' lang='lat' dir='ltr'><strong>Jesu</strong></span> <span class='ocrx_word' id='word_1_46' title='bbox 968 940 1065 1012; x_wconf 92' lang='lat' dir='ltr'><strong>(a).</strong></span> <span class='ocrx_word' id='word_1_47' title='bbox 1095 938 1161 992; x_wconf 85' lang='lat' dir='ltr'><strong>Et</strong></span> <span class='ocrx_word' id='word_1_48' title='bbox 1191 937 1358 991; x_wconf 89' lang='lat' dir='ltr'><strong>statim</strong></span> <span class='ocrx_word' id='word_1_49' title='bbox 1387 936 1669 1004; x_wconf 74' lang='lat' dir='ltr'><strong>baptizatus</strong></span> <span class='ocrx_word' id='word_1_50' title='bbox 1689 944 1780 987; x_wconf 88' lang='lat' dir='ltr'><strong>est.</strong></span> <span class='ocrx_word' id='word_1_51' title='bbox 1807 930 1997 984; x_wconf 82' lang='lat' dir='ltr'><strong>Etcum</strong></span> <span class='ocrx_word' id='word_1_52' title='bbox 2018 946 2162 982; x_wconf 76' lang='lat' dir='ltr'><strong>acce-</strong></span> 
     </span>
    </p>
   </div>
   <div class='ocr_carea' id='block_1_8' title="bbox 590 1024 2162 1104">
    <p class='ocr_par' dir='ltr' id='par_1_8' title="bbox 590 1024 2162 1104">
     <span class='ocr_line' id='line_1_8' title="bbox 590 1024 2162 1104; baseline -0.007 -19"><span class='ocrx_word' id='word_1_53' title='bbox 590 1039 741 1104; x_wconf 78' lang='lat' dir='ltr'><strong>pisset</strong></span> <span class='ocrx_word' id='word_1_54' title='bbox 764 1033 967 1097; x_wconf 88' lang='lat' dir='ltr'><strong>cibum,</strong></span> <span class='ocrx_word' id='word_1_55' title='bbox 997 1032 1307 1100; x_wconf 76' lang='lat' dir='ltr'><strong>confortatus</strong></span> <span class='ocrx_word' id='word_1_56' title='bbox 1330 1038 1426 1083; x_wconf 80' lang='lat' dir='ltr'><strong>est.</strong></span> <span class='ocrx_word' id='word_1_57' title='bbox 1470 1028 1611 1097; x_wconf 78' lang='lat' dir='ltr'><strong>Ergo</strong></span> <span class='ocrx_word' id='word_1_58' title='bbox 1662 1024 1898 1079; x_wconf 89' lang='lat' dir='ltr'><strong>inﬁrmus</strong></span> <span class='ocrx_word' id='word_1_59' title='bbox 1943 1031 2057 1077; x_wconf 90' lang='lat' dir='ltr'><strong>erat</strong></span> <span class='ocrx_word' id='word_1_60' title='bbox 2096 1036 2162 1075; x_wconf 81' lang='lat' dir='ltr'><strong>ex</strong></span> 
     </span>
    </p>
   </div>
   <div class='ocr_carea' id='block_1_9' title="bbox 585 1114 2161 1190">
    <p class='ocr_par' dir='ltr' id='par_1_9' title="bbox 585 1114 2161 1190">
     <span class='ocr_line' id='line_1_9' title="bbox 585 1114 2161 1190; baseline -0.01 -10"><span class='ocrx_word' id='word_1_61' title='bbox 585 1127 809 1190; x_wconf 89' lang='lat' dir='ltr'><strong>itinere,</strong></span> <span class='ocrx_word' id='word_1_62' title='bbox 842 1141 905 1178; x_wconf 85' lang='lat' dir='ltr'><strong>ex</strong></span> <span class='ocrx_word' id='word_1_63' title='bbox 934 1132 1073 1177; x_wconf 90' lang='lat' dir='ltr'><strong>metu</strong></span> <span class='ocrx_word' id='word_1_64' title='bbox 1097 1163 1113 1187; x_wconf 91' lang='lat'><strong>,</strong></span> <span class='ocrx_word' id='word_1_65' title='bbox 1145 1136 1209 1175; x_wconf 85' lang='lat' dir='ltr'><strong>ex</strong></span> <span class='ocrx_word' id='word_1_66' title='bbox 1241 1120 1383 1175; x_wconf 77' lang='lat' dir='ltr'><strong>fame</strong></span> <span class='ocrx_word' id='word_1_67' title='bbox 1408 1161 1422 1186; x_wconf 91' lang='lat'><strong>,</strong></span> <span class='ocrx_word' id='word_1_68' title='bbox 1450 1134 1513 1174; x_wconf 86' lang='lat' dir='ltr'><strong>ex</strong></span> <span class='ocrx_word' id='word_1_69' title='bbox 1551 1131 1802 1171; x_wconf 64' lang='lat' dir='ltr'><strong>mturare.</strong></span> <span class='ocrx_word' id='word_1_70' title='bbox 1841 1114 2034 1169; x_wconf 72' lang='lat' dir='ltr'><strong>Voleus</strong></span> <span class='ocrx_word' id='word_1_71' title='bbox 2064 1115 2161 1183; x_wconf 80' lang='lat' dir='ltr'><strong>igi-</strong></span> 
     </span>
    </p>
   </div>
   <div class='ocr_carea' id='block_1_10' title="bbox 586 1208 2158 1286">
    <p class='ocr_par' dir='ltr' id='par_1_10' title="bbox 586 1208 2158 1286">
     <span class='ocr_line' id='line_1_10' title="bbox 586 1208 2158 1286; baseline -0.006 -18"><span class='ocrx_word' id='word_1_72' title='bbox 586 1230 668 1272; x_wconf 80' lang='lat' dir='ltr'><strong>t.ir</strong></span> <span class='ocrx_word' id='word_1_73' title='bbox 696 1218 833 1272; x_wconf 85' lang='lat' dir='ltr'><strong>illius</strong></span> <span class='ocrx_word' id='word_1_74' title='bbox 859 1231 1052 1286; x_wconf 77' lang='lat' dir='ltr'><strong>augere</strong></span> <span class='ocrx_word' id='word_1_75' title='bbox 1078 1230 1360 1271; x_wconf 72' lang='lat' dir='ltr'><strong>mterorem</strong></span> <span class='ocrx_word' id='word_1_76' title='bbox 1385 1254 1399 1278; x_wconf 93' lang='lat'><strong>,</strong></span> <span class='ocrx_word' id='word_1_77' title='bbox 1430 1226 1632 1268; x_wconf 64' lang='lat' dir='ltr'><strong>cxcnm</strong></span> <span class='ocrx_word' id='word_1_78' title='bbox 1660 1226 1875 1264; x_wconf 88' lang='lat' dir='ltr'><strong>manere</strong></span> <span class='ocrx_word' id='word_1_79' title='bbox 1898 1208 2158 1279; x_wconf 88' lang='lat' dir='ltr'><strong>permisit,</strong></span> 
     </span>
    </p>
   </div>
   <div class='ocr_carea' id='block_1_11' title="bbox 580 1302 2161 1375">
    <p class='ocr_par' dir='ltr' id='par_1_11' title="bbox 580 1302 2161 1375">
     <span class='ocr_line' id='line_1_11' title="bbox 580 1302 2161 1375; baseline -0.006 -13"><span class='ocrx_word' id='word_1_80' title='bbox 580 1314 751 1365; x_wconf 85' lang='lat' dir='ltr'><strong>donec</strong></span> <span class='ocrx_word' id='word_1_81' title='bbox 782 1311 926 1365; x_wconf 90' lang='lat' dir='ltr'><strong>venit</strong></span> <span class='ocrx_word' id='word_1_82' title='bbox 952 1310 1205 1363; x_wconf 80' lang='lat' dir='ltr'><strong>Ananias.</strong></span> <span class='ocrx_word' id='word_1_83' title='bbox 1241 1309 1305 1362; x_wconf 85' lang='lat' dir='ltr'><strong>Et</strong></span> <span class='ocrx_word' id='word_1_84' title='bbox 1334 1315 1390 1361; x_wconf 90' lang='lat' dir='ltr'><strong>ut</strong></span> <span class='ocrx_word' id='word_1_85' title='bbox 1420 1321 1486 1362; x_wconf 87' lang='lat' dir='ltr'><strong>ne</strong></span> <span class='ocrx_word' id='word_1_86' title='bbox 1506 1306 1625 1375; x_wconf 85' lang='lat' dir='ltr'><strong>quis</strong></span> <span class='ocrx_word' id='word_1_87' title='bbox 1658 1313 1805 1374; x_wconf 89' lang='lat' dir='ltr'><strong>putet</strong></span> <span class='ocrx_word' id='word_1_88' title='bbox 1830 1302 2161 1372; x_wconf 74' lang='lat' dir='ltr'><strong>phantasiam</strong></span> 
     </span>
    </p>
   </div>
   <div class='ocr_carea' id='block_1_12' title="bbox 582 1394 2159 1468">
    <p class='ocr_par' dir='ltr' id='par_1_12' title="bbox 582 1394 2159 1468">
     <span class='ocr_line' id='line_1_12' title="bbox 582 1394 2159 1468; baseline -0.006 -14"><span class='ocrx_word' id='word_1_89' title='bbox 582 1401 745 1456; x_wconf 77' lang='lat' dir='ltr'><strong>fuisse</strong></span> <span class='ocrx_word' id='word_1_90' title='bbox 774 1402 1067 1455; x_wconf 67' lang='lat' dir='ltr'><strong>cmeitatem</strong></span> <span class='ocrx_word' id='word_1_91' title='bbox 1093 1442 1108 1467; x_wconf 90' lang='lat'><strong>,</strong></span> <span class='ocrx_word' id='word_1_92' title='bbox 1144 1400 1261 1454; x_wconf 88' lang='lat' dir='ltr'><strong>ideo</strong></span> <span class='ocrx_word' id='word_1_93' title='bbox 1285 1412 1521 1468; x_wconf 69' lang='lat' dir='ltr'><strong>squama:</strong></span> <span class='ocrx_word' id='word_1_94' title='bbox 1562 1394 1797 1450; x_wconf 81' lang='lat' dir='ltr'><strong>fuerunt.</strong></span> <span class='ocrx_word' id='word_1_95' title='bbox 1844 1394 2007 1463; x_wconf 84' lang='lat' dir='ltr'><strong>Igitur</strong></span> <span class='ocrx_word' id='word_1_96' title='bbox 2054 1408 2159 1445; x_wconf 91' lang='lat' dir='ltr'><strong>non</strong></span> 
     </span>
    </p>
   </div>
   <div class='ocr_carea' id='block_1_13' title="bbox 585 1482 2159 1561">
    <p class='ocr_par' dir='ltr' id='par_1_13' title="bbox 585 1482 2159 1561">
     <span class='ocr_line' id='line_1_13' title="bbox 585 1482 2159 1561; baseline -0.006 -18"><span class='ocrx_word' id='word_1_97' title='bbox 585 1508 721 1561; x_wconf 79' lang='lat' dir='ltr'><strong>opus</strong></span> <span class='ocrx_word' id='word_1_98' title='bbox 770 1492 997 1546; x_wconf 76' lang='lat' dir='ltr'><strong>habebat</strong></span> <span class='ocrx_word' id='word_1_99' title='bbox 1044 1492 1143 1545; x_wconf 86' lang='lat' dir='ltr'><strong>alia</strong></span> <span class='ocrx_word' id='word_1_100' title='bbox 1194 1490 1477 1553; x_wconf 86' lang='lat' dir='ltr'><strong>doctrina;</strong></span> <span class='ocrx_word' id='word_1_101' title='bbox 1528 1486 1621 1541; x_wconf 89' lang='lat' dir='ltr'><strong>sed</strong></span> <span class='ocrx_word' id='word_1_102' title='bbox 1670 1484 1719 1539; x_wconf 88' lang='lat' dir='ltr'><strong>id</strong></span> <span class='ocrx_word' id='word_1_103' title='bbox 1762 1484 1902 1554; x_wconf 86' lang='lat' dir='ltr'><strong>quod</strong></span> <span class='ocrx_word' id='word_1_104' title='bbox 1929 1482 2159 1548; x_wconf 87' lang='lat' dir='ltr'><strong>accidit,</strong></span> 
     </span>
    </p>
   </div>
   <div class='ocr_carea' id='block_1_14' title="bbox 581 1577 2163 1650">
    <p class='ocr_par' dir='ltr' id='par_1_14' title="bbox 581 1577 2163 1650">
     <span class='ocr_line' id='line_1_14' title="bbox 581 1577 2163 1650; baseline -0.006 -11"><span class='ocrx_word' id='word_1_105' title='bbox 581 1588 819 1640; x_wconf 73' lang='lat' dir='ltr'><strong>doctrina</strong></span> <span class='ocrx_word' id='word_1_106' title='bbox 850 1585 968 1639; x_wconf 84' lang='lat' dir='ltr'><strong>fuit.</strong></span> <span class='ocrx_word' id='word_1_107' title='bbox 1010 1584 1134 1637; x_wconf 82' lang='lat' dir='ltr'><strong>Fuit</strong></span> <span class='ocrx_word' id='word_1_108' title='bbox 1178 1595 1346 1637; x_wconf 88' lang='lat' dir='ltr'><strong>autem</strong></span> <span class='ocrx_word' id='word_1_109' title='bbox 1389 1599 1500 1634; x_wconf 88' lang='lat' dir='ltr'><strong>cum</strong></span> <span class='ocrx_word' id='word_1_110' title='bbox 1547 1580 1848 1650; x_wconf 76' lang='lat' dir='ltr'><strong>discipulis,</strong></span> <span class='ocrx_word' id='word_1_111' title='bbox 1898 1577 1983 1648; x_wconf 85' lang='lat' dir='ltr'><strong>qui</strong></span> <span class='ocrx_word' id='word_1_112' title='bbox 2020 1586 2163 1630; x_wconf 89' lang='lat' dir='ltr'><strong>erant</strong></span> 
     </span>
    </p>
   </div>
   <div class='ocr_carea' id='block_1_15' title="bbox 584 1671 2160 1746">
    <p class='ocr_par' dir='ltr' id='par_1_15' title="bbox 584 1671 2160 1746">
     <span class='ocr_line' id='line_1_15' title="bbox 584 1671 2160 1746; baseline -0.006 -15"><span class='ocrx_word' id='word_1_113' title='bbox 584 1680 857 1742; x_wconf 91' lang='lat' dir='ltr'><strong>Damasci,</strong></span> <span class='ocrx_word' id='word_1_114' title='bbox 889 1694 977 1746; x_wconf 88' lang='lat' dir='ltr'><strong>per</strong></span> <span class='ocrx_word' id='word_1_115' title='bbox 1001 1679 1104 1732; x_wconf 87' lang='lat' dir='ltr'><strong>dies</strong></span> <span class='ocrx_word' id='word_1_116' title='bbox 1132 1677 1345 1745; x_wconf 85' lang='lat' dir='ltr'><strong>aliquot.</strong></span> <span class='ocrx_word' id='word_1_117' title='bbox 1370 1674 1460 1730; x_wconf 66' lang='grc' dir='ltr'><strong>ΞΟ.</strong></span> <span class='ocrx_word' id='word_1_118' title='bbox 1494 1672 1561 1726; x_wconf 82' lang='lat' dir='ltr'><strong>Et</strong></span> <span class='ocrx_word' id='word_1_119' title='bbox 1591 1674 1827 1725; x_wconf 86' lang='lat' dir='ltr'><strong>continuo</strong></span> <span class='ocrx_word' id='word_1_120' title='bbox 1858 1671 1909 1723; x_wconf 88' lang='lat' dir='ltr'><strong>in</strong></span> <span class='ocrx_word' id='word_1_121' title='bbox 1938 1685 2160 1740; x_wconf 80' lang='lat' dir='ltr'><strong>synago-</strong></span> 
     </span>
    </p>
   </div>
   <div class='ocr_carea' id='block_1_16' title="bbox 582 1762 2180 1842">
    <p class='ocr_par' dir='ltr' id='par_1_16' title="bbox 582 1762 2180 1842">
     <span class='ocr_line' id='line_1_16' title="bbox 582 1762 2180 1842; baseline -0.004 -20"><span class='ocrx_word' id='word_1_122' title='bbox 582 1772 656 1842; x_wconf 75' lang='lat' dir='ltr'><strong>gis</strong></span> <span class='ocrx_word' id='word_1_123' title='bbox 687 1769 992 1840; x_wconf 81' lang='lat' dir='ltr'><strong>prtedicabat</strong></span> <span class='ocrx_word' id='word_1_124' title='bbox 1020 1769 1271 1822; x_wconf 78' lang='lat' dir='ltr'><strong>Christum</strong></span> <span class='ocrx_word' id='word_1_125' title='bbox 1294 1810 1308 1832; x_wconf 93' lang='lat'><strong>,</strong></span> <span class='ocrx_word' id='word_1_126' title='bbox 1335 1768 1453 1836; x_wconf 90' lang='lat' dir='ltr'><strong>quia</strong></span> <span class='ocrx_word' id='word_1_127' title='bbox 1481 1767 1560 1819; x_wconf 92' lang='lat' dir='ltr'><strong>hic</strong></span> <span class='ocrx_word' id='word_1_128' title='bbox 1585 1775 1657 1818; x_wconf 85' lang='lat' dir='ltr'><strong>est</strong></span> <span class='ocrx_word' id='word_1_129' title='bbox 1684 1763 1853 1818; x_wconf 81' lang='lat' dir='ltr'><strong>Filius</strong></span> <span class='ocrx_word' id='word_1_130' title='bbox 1882 1762 1997 1817; x_wconf 85' lang='lat' dir='ltr'><strong>Dei.</strong></span> <span class='ocrx_word' id='word_1_131' title='bbox 2038 1762 2180 1825; x_wconf 76' lang='lat' dir='ltr'><strong>Vide,</strong></span> 
     </span>
    </p>
   </div>
   <div class='ocr_carea' id='block_1_17' title="bbox 584 1854 2163 1930">
    <p class='ocr_par' dir='ltr' id='par_1_17' title="bbox 584 1854 2163 1930">
     <span class='ocr_line' id='line_1_17' title="bbox 584 1854 2163 1930; baseline -0.006 -13"><span class='ocrx_word' id='word_1_132' title='bbox 584 1866 762 1917; x_wconf 81' lang='lat' dir='ltr'><strong>statim</strong></span> <span class='ocrx_word' id='word_1_133' title='bbox 792 1864 979 1917; x_wconf 87' lang='lat' dir='ltr'><strong>doctor</strong></span> <span class='ocrx_word' id='word_1_134' title='bbox 1006 1870 1122 1916; x_wconf 90' lang='lat' dir='ltr'><strong>erat</strong></span> <span class='ocrx_word' id='word_1_135' title='bbox 1150 1861 1201 1914; x_wconf 93' lang='lat' dir='ltr'><strong>in</strong></span> <span class='ocrx_word' id='word_1_136' title='bbox 1228 1861 1530 1930; x_wconf 80' lang='lat' dir='ltr'><strong>synagogis.</strong></span> <span class='ocrx_word' id='word_1_137' title='bbox 1564 1858 1677 1913; x_wconf 89' lang='lat' dir='ltr'><strong>Non</strong></span> <span class='ocrx_word' id='word_1_138' title='bbox 1708 1856 2059 1911; x_wconf 72' lang='lat' dir='ltr'><strong>erubescebat</strong></span> <span class='ocrx_word' id='word_1_139' title='bbox 2098 1854 2163 1907; x_wconf 90' lang='lat' dir='ltr'><strong>de</strong></span> 
     </span>
    </p>
   </div>
   <div class='ocr_carea' id='block_1_18' title="bbox 584 1948 2163 2024">
    <p class='ocr_par' dir='ltr' id='par_1_18' title="bbox 584 1948 2163 2024">
     <span class='ocr_line' id='line_1_18' title="bbox 584 1948 2163 2024; baseline -0.004 -15"><span class='ocrx_word' id='word_1_140' title='bbox 584 1955 896 2019; x_wconf 72' lang='lat' dir='ltr'><strong>mutatione,</strong></span> <span class='ocrx_word' id='word_1_141' title='bbox 929 1970 1099 2024; x_wconf 87' lang='lat' dir='ltr'><strong>neque</strong></span> <span class='ocrx_word' id='word_1_142' title='bbox 1128 1954 1402 2007; x_wconf 83' lang='lat' dir='ltr'><strong>metuebat</strong></span> <span class='ocrx_word' id='word_1_143' title='bbox 1427 1953 1709 2007; x_wconf 86' lang='lat' dir='ltr'><strong>destruere</strong></span> <span class='ocrx_word' id='word_1_144' title='bbox 1738 1951 1823 2005; x_wconf 88' lang='lat' dir='ltr'><strong>illa</strong></span> <span class='ocrx_word' id='word_1_145' title='bbox 1845 1991 1860 2015; x_wconf 93' lang='lat'><strong>,</strong></span> <span class='ocrx_word' id='word_1_146' title='bbox 1892 1950 1942 2003; x_wconf 92' lang='lat' dir='ltr'><strong>in</strong></span> <span class='ocrx_word' id='word_1_147' title='bbox 1970 1948 2163 2018; x_wconf 88' lang='lat' dir='ltr'><strong>quibus</strong></span> 
     </span>
    </p>
   </div>
   <div class='ocr_carea' id='block_1_19' title="bbox 580 2039 2159 2107">
    <p class='ocr_par' dir='ltr' id='par_1_19' title="bbox 580 2039 2159 2107">
     <span class='ocr_line' id='line_1_19' title="bbox 580 2039 2159 2107; baseline -0.003 -9"><span class='ocrx_word' id='word_1_148' title='bbox 580 2056 736 2102; x_wconf 79' lang='lat' dir='ltr'><strong>antea</strong></span> <span class='ocrx_word' id='word_1_149' title='bbox 765 2047 939 2100; x_wconf 90' lang='lat' dir='ltr'><strong>clarus</strong></span> <span class='ocrx_word' id='word_1_150' title='bbox 964 2052 1098 2099; x_wconf 88' lang='lat' dir='ltr'><strong>erat.</strong></span> <span class='ocrx_word' id='word_1_151' title='bbox 1130 2043 1238 2098; x_wconf 82' lang='lat' dir='ltr'><strong>Nec</strong></span> <span class='ocrx_word' id='word_1_152' title='bbox 1265 2044 1436 2107; x_wconf 83' lang='lat' dir='ltr'><strong>solum</strong></span> <span class='ocrx_word' id='word_1_153' title='bbox 1458 2042 1650 2097; x_wconf 92' lang='lat' dir='ltr'><strong>doctor</strong></span> <span class='ocrx_word' id='word_1_154' title='bbox 1678 2049 1795 2095; x_wconf 86' lang='lat' dir='ltr'><strong>erat</strong></span> <span class='ocrx_word' id='word_1_155' title='bbox 1818 2082 1835 2107; x_wconf 90' lang='lat'><strong>,</strong></span> <span class='ocrx_word' id='word_1_156' title='bbox 1867 2040 1959 2095; x_wconf 89' lang='lat' dir='ltr'><strong>scd</strong></span> <span class='ocrx_word' id='word_1_157' title='bbox 2000 2039 2159 2095; x_wconf 86' lang='lat' dir='ltr'><strong>etiam</strong></span> 
     </span>
    </p>
   </div>
   <div class='ocr_carea' id='block_1_20' title="bbox 579 2132 2161 2208">
    <p class='ocr_par' dir='ltr' id='par_1_20' title="bbox 579 2132 2161 2208">
     <span class='ocr_line' id='line_1_20' title="bbox 579 2132 2161 2208; baseline -0.003 -18"><span class='ocrx_word' id='word_1_158' title='bbox 579 2139 631 2190; x_wconf 87' lang='lat' dir='ltr'><strong>in</strong></span> <span class='ocrx_word' id='word_1_159' title='bbox 660 2137 961 2208; x_wconf 79' lang='lat' dir='ltr'><strong>synagugis.</strong></span> <span class='ocrx_word' id='word_1_160' title='bbox 994 2137 1068 2192; x_wconf 84' lang='lat' dir='ltr'><strong>Ita</strong></span> <span class='ocrx_word' id='word_1_161' title='bbox 1092 2135 1159 2190; x_wconf 91' lang='lat' dir='ltr'><strong>ab</strong></span> <span class='ocrx_word' id='word_1_162' title='bbox 1187 2136 1337 2190; x_wconf 88' lang='lat' dir='ltr'><strong>initio</strong></span> <span class='ocrx_word' id='word_1_163' title='bbox 1362 2133 1522 2189; x_wconf 89' lang='lat' dir='ltr'><strong>homo</strong></span> <span class='ocrx_word' id='word_1_164' title='bbox 1552 2144 1667 2189; x_wconf 90' lang='lat' dir='ltr'><strong>erat</strong></span> <span class='ocrx_word' id='word_1_165' title='bbox 1697 2142 1749 2188; x_wconf 90' lang='lat' dir='ltr'><strong>et</strong></span> <span class='ocrx_word' id='word_1_166' title='bbox 1777 2132 2061 2198; x_wconf 89' lang='lat' dir='ltr'><strong>occidens,</strong></span> <span class='ocrx_word' id='word_1_167' title='bbox 2105 2139 2161 2185; x_wconf 90' lang='lat' dir='ltr'><strong>et</strong></span> 
     </span>
    </p>
   </div>
   <div class='ocr_carea' id='block_1_21' title="bbox 588 2224 2163 2298">
    <p class='ocr_par' dir='ltr' id='par_1_21' title="bbox 588 2224 2163 2298">
     <span class='ocr_line' id='line_1_21' title="bbox 588 2224 2163 2298; baseline -0.004 -15"><span class='ocrx_word' id='word_1_168' title='bbox 588 2230 653 2283; x_wconf 89' lang='lat' dir='ltr'><strong>ad</strong></span> <span class='ocrx_word' id='word_1_169' title='bbox 681 2230 855 2284; x_wconf 74' lang='lat' dir='ltr'><strong>czedes</strong></span> <span class='ocrx_word' id='word_1_170' title='bbox 880 2230 1229 2298; x_wconf 67' lang='lat' dir='ltr'><strong>compositus.</strong></span> <span class='ocrx_word' id='word_1_171' title='bbox 1264 2227 1425 2282; x_wconf 75' lang='lat' dir='ltr'><strong>Vides</strong></span> <span class='ocrx_word' id='word_1_172' title='bbox 1451 2242 1608 2297; x_wconf 86' lang='lat' dir='ltr'><strong>quam</strong></span> <span class='ocrx_word' id='word_1_173' title='bbox 1637 2228 1837 2280; x_wconf 90' lang='lat' dir='ltr'><strong>clarum</strong></span> <span class='ocrx_word' id='word_1_174' title='bbox 1870 2225 2077 2295; x_wconf 85' lang='lat' dir='ltr'><strong>signum</strong></span> <span class='ocrx_word' id='word_1_175' title='bbox 2110 2224 2163 2277; x_wconf 90' lang='lat' dir='ltr'><strong>in</strong></span> 
     </span>
    </p>
   </div>
   <div class='ocr_carea' id='block_1_22' title="bbox 583 2317 2165 2392">
    <p class='ocr_par' dir='ltr' id='par_1_22' title="bbox 583 2317 2165 2392">
     <span class='ocr_line' id='line_1_22' title="bbox 583 2317 2165 2392; baseline -0.001 -17"><span class='ocrx_word' id='word_1_176' title='bbox 583 2323 674 2375; x_wconf 88' lang='lat' dir='ltr'><strong>illo</strong></span> <span class='ocrx_word' id='word_1_177' title='bbox 707 2322 899 2376; x_wconf 76' lang='lat' dir='ltr'><strong>factum</strong></span> <span class='ocrx_word' id='word_1_178' title='bbox 927 2324 1030 2376; x_wconf 82' lang='lat' dir='ltr'><strong>sit?</strong></span> <span class='ocrx_word' id='word_1_179' title='bbox 1080 2321 1193 2376; x_wconf 80' lang='lat' dir='ltr'><strong>Hoc</strong></span> <span class='ocrx_word' id='word_1_180' title='bbox 1243 2322 1359 2392; x_wconf 89' lang='lat' dir='ltr'><strong>ipso</strong></span> <span class='ocrx_word' id='word_1_181' title='bbox 1403 2335 1592 2375; x_wconf 90' lang='lat' dir='ltr'><strong>omnes</strong></span> <span class='ocrx_word' id='word_1_182' title='bbox 1646 2317 1989 2390; x_wconf 87' lang='lat' dir='ltr'><strong>percellebat.</strong></span> <span class='ocrx_word' id='word_1_183' title='bbox 2040 2317 2165 2373; x_wconf 89' lang='lat' dir='ltr'><strong>Ideo</strong></span> 
     </span>
    </p>
   </div>
   <div class='ocr_carea' id='block_1_23' title="bbox 584 2411 2164 2483">
    <p class='ocr_par' dir='ltr' id='par_1_23' title="bbox 584 2411 2164 2483">
     <span class='ocr_line' id='line_1_23' title="bbox 584 2411 2164 2483; baseline -0.002 -17"><span class='ocrx_word' id='word_1_184' title='bbox 584 2414 697 2468; x_wconf 65' lang='lat' dir='ltr'><strong>hinc</strong></span> <span class='ocrx_word' id='word_1_185' title='bbox 728 2414 1033 2483; x_wconf 75' lang='lat' dir='ltr'><strong>signiﬁcans</strong></span> <span class='ocrx_word' id='word_1_186' title='bbox 1061 2414 1242 2483; x_wconf 86' lang='lat' dir='ltr'><strong>adjicit</strong></span> <span class='ocrx_word' id='word_1_187' title='bbox 1270 2430 1285 2466; x_wconf 87' lang='lat'><strong>:</strong></span> <span class='ocrx_word' id='word_1_188' title='bbox 1317 2412 1407 2466; x_wconf 73' lang='lat'><strong>2|.</strong></span> <span class='ocrx_word' id='word_1_189' title='bbox 1455 2411 1737 2480; x_wconf 81' lang='lat' dir='ltr'><strong>Stupebant</strong></span> <span class='ocrx_word' id='word_1_190' title='bbox 1780 2421 1948 2463; x_wconf 87' lang='lat' dir='ltr'><strong>autem</strong></span> <span class='ocrx_word' id='word_1_191' title='bbox 1992 2426 2164 2463; x_wconf 85' lang='lat' dir='ltr'><strong>omnes</strong></span> 
     </span>
    </p>
   </div>
   <div class='ocr_carea' id='block_1_24' title="bbox 582 2500 2161 2572">
    <p class='ocr_par' dir='ltr' id='par_1_24' title="bbox 582 2500 2161 2572">
     <span class='ocr_line' id='line_1_24' title="bbox 582 2500 2161 2572; baseline -0.001 -16"><span class='ocrx_word' id='word_1_192' title='bbox 582 2506 667 2571; x_wconf 87' lang='lat' dir='ltr'><strong>qui</strong></span> <span class='ocrx_word' id='word_1_193' title='bbox 692 2505 997 2569; x_wconf 85' lang='lat' dir='ltr'><strong>audiebant,</strong></span> <span class='ocrx_word' id='word_1_194' title='bbox 1029 2514 1075 2558; x_wconf 79' lang='lat' dir='ltr'><strong>et</strong></span> <span class='ocrx_word' id='word_1_195' title='bbox 1102 2503 1332 2559; x_wconf 85' lang='lat' dir='ltr'><strong>dicebant</strong></span> <span class='ocrx_word' id='word_1_196' title='bbox 1361 2519 1378 2559; x_wconf 87' lang='lat'><strong><em>:</em></strong></span> <span class='ocrx_word' id='word_1_197' title='bbox 1407 2500 1595 2556; x_wconf 86' lang='lat' dir='ltr'><strong>Nonne</strong></span> <span class='ocrx_word' id='word_1_198' title='bbox 1618 2503 1699 2556; x_wconf 89' lang='lat' dir='ltr'><strong>hic</strong></span> <span class='ocrx_word' id='word_1_199' title='bbox 1728 2511 1801 2556; x_wconf 88' lang='lat' dir='ltr'><strong>est</strong></span> <span class='ocrx_word' id='word_1_200' title='bbox 1821 2541 1838 2568; x_wconf 92' lang='lat'><strong>,</strong></span> <span class='ocrx_word' id='word_1_201' title='bbox 1869 2502 1954 2572; x_wconf 84' lang='lat' dir='ltr'><strong>qui</strong></span> <span class='ocrx_word' id='word_1_202' title='bbox 1996 2518 2161 2569; x_wconf 76' lang='lat' dir='ltr'><strong>expu-</strong></span> 
     </span>
    </p>
   </div>
   <div class='ocr_carea' id='block_1_25' title="bbox 582 2594 2162 2664">
    <p class='ocr_par' dir='ltr' id='par_1_25' title="bbox 582 2594 2162 2664">
     <span class='ocr_line' id='line_1_25' title="bbox 582 2594 2162 2664; baseline -0.001 -17"><span class='ocrx_word' id='word_1_203' title='bbox 582 2596 765 2664; x_wconf 61' lang='lat' dir='ltr'><strong>gnabat</strong></span> <span class='ocrx_word' id='word_1_204' title='bbox 795 2597 844 2649; x_wconf 91' lang='lat' dir='ltr'><strong>in</strong></span> <span class='ocrx_word' id='word_1_205' title='bbox 873 2597 1157 2650; x_wconf 75' lang='lat' dir='ltr'><strong>Jerusalem</strong></span> <span class='ocrx_word' id='word_1_206' title='bbox 1182 2597 1467 2649; x_wconf 82' lang='lat' dir='ltr'><strong>invocantes</strong></span> <span class='ocrx_word' id='word_1_207' title='bbox 1490 2596 1544 2648; x_wconf 89' lang='lat' dir='ltr'><strong>in</strong></span> <span class='ocrx_word' id='word_1_208' title='bbox 1582 2595 1781 2648; x_wconf 83' lang='lat' dir='ltr'><strong>nomine</strong></span> <span class='ocrx_word' id='word_1_209' title='bbox 1824 2594 1945 2661; x_wconf 86' lang='lat' dir='ltr'><strong>hoc,</strong></span> <span class='ocrx_word' id='word_1_210' title='bbox 1990 2604 2038 2648; x_wconf 88' lang='lat' dir='ltr'><strong>et</strong></span> <span class='ocrx_word' id='word_1_211' title='bbox 2081 2594 2162 2646; x_wconf 90' lang='lat' dir='ltr'><strong>hic</strong></span> 
     </span>
    </p>
   </div>
   <div class='ocr_carea' id='block_1_26' title="bbox 583 2686 2164 2755">
    <p class='ocr_par' dir='ltr' id='par_1_26' title="bbox 583 2686 2164 2755">
     <span class='ocr_line' id='line_1_26' title="bbox 583 2686 2164 2755; baseline -0.003 -12"><span class='ocrx_word' id='word_1_212' title='bbox 583 2692 694 2743; x_wconf 78' lang='lat' dir='ltr'><strong>ideo</strong></span> <span class='ocrx_word' id='word_1_213' title='bbox 720 2691 879 2752; x_wconf 74' lang='lat' dir='ltr'><strong>venit,</strong></span> <span class='ocrx_word' id='word_1_214' title='bbox 912 2700 964 2742; x_wconf 88' lang='lat' dir='ltr'><strong>ut</strong></span> <span class='ocrx_word' id='word_1_215' title='bbox 994 2691 1179 2742; x_wconf 88' lang='lat' dir='ltr'><strong>vinctos</strong></span> <span class='ocrx_word' id='word_1_216' title='bbox 1208 2689 1324 2742; x_wconf 89' lang='lat' dir='ltr'><strong>illos</strong></span> <span class='ocrx_word' id='word_1_217' title='bbox 1354 2690 1554 2741; x_wconf 84' lang='lat' dir='ltr'><strong>duceret</strong></span> <span class='ocrx_word' id='word_1_218' title='bbox 1596 2686 1661 2739; x_wconf 88' lang='lat' dir='ltr'><strong>ad</strong></span> <span class='ocrx_word' id='word_1_219' title='bbox 1704 2687 1953 2755; x_wconf 80' lang='lat' dir='ltr'><strong>principes</strong></span> <span class='ocrx_word' id='word_1_220' title='bbox 1991 2702 2164 2740; x_wconf 89' lang='lat' dir='ltr'><strong>sacer-</strong></span> 
     </span>
    </p>
   </div>
   <div class='ocr_carea' id='block_1_27' title="bbox 582 2778 2165 2851">
    <p class='ocr_par' dir='ltr' id='par_1_27' title="bbox 582 2778 2165 2851">
     <span class='ocr_line' id='line_1_27' title="bbox 582 2778 2165 2851; baseline -0.003 -15"><span class='ocrx_word' id='word_1_221' title='bbox 582 2784 755 2836; x_wconf 71' lang='lat' dir='ltr'><strong>dotum</strong></span> <span class='ocrx_word' id='word_1_222' title='bbox 775 2781 903 2836; x_wconf 66' lang='grc'><strong>722.</strong></span> <span class='ocrx_word' id='word_1_223' title='bbox 930 2780 1120 2835; x_wconf 85' lang='lat' dir='ltr'><strong>Saulus</strong></span> <span class='ocrx_word' id='word_1_224' title='bbox 1141 2790 1307 2834; x_wconf 86' lang='lat' dir='ltr'><strong>autem</strong></span> <span class='ocrx_word' id='word_1_225' title='bbox 1327 2780 1487 2851; x_wconf 89' lang='lat' dir='ltr'><strong>magis</strong></span> <span class='ocrx_word' id='word_1_226' title='bbox 1496 2778 1865 2833; x_wconf 76' lang='lat' dir='ltr'><strong>convalescebat</strong></span> <span class='ocrx_word' id='word_1_227' title='bbox 1887 2789 1930 2833; x_wconf 89' lang='lat' dir='ltr'><strong>et</strong></span> <span class='ocrx_word' id='word_1_228' title='bbox 1947 2782 2165 2849; x_wconf 87' lang='lat' dir='ltr'><strong>confun-</strong></span> 
     </span>
    </p>
   </div>
   <div class='ocr_carea' id='block_1_28' title="bbox 582 2871 2166 2941">
    <p class='ocr_par' dir='ltr' id='par_1_28' title="bbox 582 2871 2166 2941">
     <span class='ocr_line' id='line_1_28' title="bbox 582 2871 2166 2941; baseline -0.001 -16"><span class='ocrx_word' id='word_1_229' title='bbox 582 2876 723 2927; x_wconf 74' lang='lat' dir='ltr'><strong>debat</strong></span> <span class='ocrx_word' id='word_1_230' title='bbox 751 2873 979 2937; x_wconf 77' lang='lat' dir='ltr'><strong>Judteos,</strong></span> <span class='ocrx_word' id='word_1_231' title='bbox 1007 2874 1092 2941; x_wconf 86' lang='lat' dir='ltr'><strong>qui</strong></span> <span class='ocrx_word' id='word_1_232' title='bbox 1121 2871 1411 2925; x_wconf 78' lang='lat' dir='ltr'><strong>habitabant</strong></span> <span class='ocrx_word' id='word_1_233' title='bbox 1440 2871 1674 2925; x_wconf 81' lang='lat' dir='ltr'><strong>Damasci</strong></span> <span class='ocrx_word' id='word_1_234' title='bbox 1696 2912 1711 2935; x_wconf 91' lang='lat'><strong>,</strong></span> <span class='ocrx_word' id='word_1_235' title='bbox 1740 2872 1997 2941; x_wconf 73' lang='lat' dir='ltr'><strong>affirmans</strong></span> <span class='ocrx_word' id='word_1_236' title='bbox 2034 2888 2166 2941; x_wconf 88' lang='lat' dir='ltr'><strong>quo-</strong></span> 
     </span>
    </p>
   </div>
   <div class='ocr_carea' id='block_1_29' title="bbox 586 2962 2164 3034">
    <p class='ocr_par' dir='ltr' id='par_1_29' title="bbox 586 2962 2164 3034">
     <span class='ocr_line' id='line_1_29' title="bbox 586 2962 2164 3034; baseline -0.001 -16"><span class='ocrx_word' id='word_1_237' title='bbox 586 2968 719 3019; x_wconf 86' lang='lat' dir='ltr'><strong>uiam</strong></span> <span class='ocrx_word' id='word_1_238' title='bbox 734 2966 813 3018; x_wconf 88' lang='lat' dir='ltr'><strong>hic</strong></span> <span class='ocrx_word' id='word_1_239' title='bbox 831 2976 901 3019; x_wconf 82' lang='lat' dir='ltr'><strong>est</strong></span> <span class='ocrx_word' id='word_1_240' title='bbox 918 2964 1169 3019; x_wconf 78' lang='lat' dir='ltr'><strong>Christus.</strong></span> <span class='ocrx_word' id='word_1_241' title='bbox 1205 2964 1399 3034; x_wconf 88' lang='lat' dir='ltr'><strong>Utpote</strong></span> <span class='ocrx_word' id='word_1_242' title='bbox 1421 2964 1552 3033; x_wconf 82' lang='lat' dir='ltr'><strong>legis</strong></span> <span class='ocrx_word' id='word_1_243' title='bbox 1579 2964 1783 3034; x_wconf 91' lang='lat' dir='ltr'><strong>peritus</strong></span> <span class='ocrx_word' id='word_1_244' title='bbox 1805 2962 2164 3018; x_wconf 78' lang='lat' dir='ltr'><strong>confundebat</strong></span> 
     </span>
    </p>
   </div>
   <div class='ocr_carea' id='block_1_30' title="bbox 586 3052 2165 3124">
    <p class='ocr_par' dir='ltr' id='par_1_30' title="bbox 586 3052 2165 3124">
     <span class='ocr_line' id='line_1_30' title="bbox 586 3052 2165 3124; baseline -0.001 -15"><span class='ocrx_word' id='word_1_245' title='bbox 586 3058 747 3119; x_wconf 86' lang='lat' dir='ltr'><strong>illos,</strong></span> <span class='ocrx_word' id='word_1_246' title='bbox 794 3071 891 3109; x_wconf 87' lang='lat' dir='ltr'><strong>nec</strong></span> <span class='ocrx_word' id='word_1_247' title='bbox 939 3055 1082 3124; x_wconf 84' lang='lat' dir='ltr'><strong>loqui</strong></span> <span class='ocrx_word' id='word_1_248' title='bbox 1125 3054 1354 3108; x_wconf 86' lang='lat' dir='ltr'><strong>sinebat.</strong></span> <span class='ocrx_word' id='word_1_249' title='bbox 1404 3052 1671 3108; x_wconf 83' lang='lat' dir='ltr'><strong>Putabant</strong></span> <span class='ocrx_word' id='word_1_250' title='bbox 1714 3069 1773 3109; x_wconf 88' lang='lat' dir='ltr'><strong>se</strong></span> <span class='ocrx_word' id='word_1_251' title='bbox 1820 3070 1849 3107; x_wconf 91' lang='lat' dir='ltr'><strong>a</strong></span> <span class='ocrx_word' id='word_1_252' title='bbox 1894 3054 2165 3124; x_wconf 84' lang='lat' dir='ltr'><strong>Stephano</strong></span> 
     </span>
    </p>
   </div>
   <div class='ocr_carea' id='block_1_31' title="bbox 585 3146 2165 3218">
    <p class='ocr_par' dir='ltr' id='par_1_31' title="bbox 585 3146 2165 3218">
     <span class='ocr_line' id='line_1_31' title="bbox 585 3146 2165 3218; baseline 0 -17"><span class='ocrx_word' id='word_1_253' title='bbox 585 3149 871 3213; x_wconf 73' lang='lat' dir='ltr'><strong>Lberutos,</strong></span> <span class='ocrx_word' id='word_1_254' title='bbox 900 3166 926 3199; x_wconf 93' lang='lat' dir='ltr'><strong>a</strong></span> <span class='ocrx_word' id='word_1_255' title='bbox 957 3147 1049 3201; x_wconf 89' lang='lat' dir='ltr'><strong>tali</strong></span> <span class='ocrx_word' id='word_1_256' title='bbox 1076 3146 1440 3218; x_wconf 85' lang='lat' dir='ltr'><strong>disputatione</strong></span> <span class='ocrx_word' id='word_1_257' title='bbox 1467 3156 1682 3215; x_wconf 88' lang='lat' dir='ltr'><strong>ereptos</strong></span> <span class='ocrx_word' id='word_1_258' title='bbox 1716 3161 1869 3213; x_wconf 84' lang='lat' dir='ltr'><strong>esse,</strong></span> <span class='ocrx_word' id='word_1_259' title='bbox 1912 3159 1965 3202; x_wconf 92' lang='lat' dir='ltr'><strong>ct</strong></span> <span class='ocrx_word' id='word_1_260' title='bbox 2002 3147 2165 3201; x_wconf 89' lang='lat' dir='ltr'><strong>alium</strong></span> 
     </span>
    </p>
   </div>
   <div class='ocr_carea' id='block_1_32' title="bbox 586 3240 1715 3310">
    <p class='ocr_par' dir='ltr' id='par_1_32' title="bbox 586 3240 1715 3310">
     <span class='ocr_line' id='line_1_32' title="bbox 586 3240 1715 3310; baseline -0.002 -16"><span class='ocrx_word' id='word_1_261' title='bbox 586 3243 904 3296; x_wconf 73' lang='lat' dir='ltr'><strong>iitVCllCl‘Ulll</strong></span> <span class='ocrx_word' id='word_1_262' title='bbox 932 3241 1201 3310; x_wconf 86' lang='lat' dir='ltr'><strong>Stephano</strong></span> <span class='ocrx_word' id='word_1_263' title='bbox 1233 3240 1715 3295; x_wconf 82' lang='lat' dir='ltr'><strong>vehementiorem.</strong></span> 
     </span>
    </p>
   </div>
   <div class='ocr_carea' id='block_1_33' title="bbox 658 3332 2161 3403">
    <p class='ocr_par' dir='ltr' id='par_1_33' title="bbox 658 3332 2161 3403">
     <span class='ocr_line' id='line_1_33' title="bbox 658 3332 2161 3403; baseline 0.002 -19"><span class='ocrx_word' id='word_1_264' title='bbox 658 3332 709 3384; x_wconf 74' lang='grc' dir='ltr'><strong>Ξ.</strong></span> <span class='ocrx_word' id='word_1_265' title='bbox 745 3332 847 3387; x_wconf 86' lang='lat' dir='ltr'><strong>Sed</strong></span> <span class='ocrx_word' id='word_1_266' title='bbox 876 3348 958 3398; x_wconf 88' lang='lat' dir='ltr'><strong>ea,</strong></span> <span class='ocrx_word' id='word_1_267' title='bbox 987 3347 1106 3402; x_wconf 75' lang='lat' dir='ltr'><strong>quae</strong></span> <span class='ocrx_word' id='word_1_268' title='bbox 1136 3332 1391 3386; x_wconf 84' lang='lat' dir='ltr'><strong>Ananium</strong></span> <span class='ocrx_word' id='word_1_269' title='bbox 1420 3342 1681 3401; x_wconf 87' lang='lat' dir='ltr'><strong>spectant,</strong></span> <span class='ocrx_word' id='word_1_270' title='bbox 1702 3342 2022 3403; x_wconf 88' lang='lat' dir='ltr'><strong>repetamus.</strong></span> <span class='ocrx_word' id='word_1_271' title='bbox 2046 3332 2161 3388; x_wconf 87' lang='lat' dir='ltr'><strong>Non</strong></span> 
     </span>
    </p>
   </div>
   <div class='ocr_carea' id='block_1_34' title="bbox 592 3424 2166 3492">
    <p class='ocr_par' dir='ltr' id='par_1_34' title="bbox 592 3424 2166 3492">
     <span class='ocr_line' id='line_1_34' title="bbox 592 3424 2166 3492; baseline 0.002 -15"><span class='ocrx_word' id='word_1_272' title='bbox 592 3424 724 3477; x_wconf 68' lang='lat' dir='ltr'><strong>dixit</strong></span> <span class='ocrx_word' id='word_1_273' title='bbox 755 3424 829 3477; x_wconf 89' lang='lat' dir='ltr'><strong>illi</strong></span> <span class='ocrx_word' id='word_1_274' title='bbox 858 3441 869 3474; x_wconf 90' lang='lat'><strong>:</strong></span> <span class='ocrx_word' id='word_1_275' title='bbox 899 3425 1184 3492; x_wconf 82' lang='lat' dir='ltr'><strong>Alloquere</strong></span> <span class='ocrx_word' id='word_1_276' title='bbox 1225 3433 1279 3478; x_wconf 90' lang='lat' dir='ltr'><strong>et</strong></span> <span class='ocrx_word' id='word_1_277' title='bbox 1321 3424 1539 3479; x_wconf 85' lang='lat' dir='ltr'><strong>institue</strong></span> <span class='ocrx_word' id='word_1_278' title='bbox 1579 3426 1747 3479; x_wconf 90' lang='lat' dir='ltr'><strong>illum.</strong></span> <span class='ocrx_word' id='word_1_279' title='bbox 1780 3425 1833 3479; x_wconf 90' lang='lat' dir='ltr'><strong>Si</strong></span> <span class='ocrx_word' id='word_1_280' title='bbox 1872 3426 2015 3481; x_wconf 91' lang='lat' dir='ltr'><strong>enim</strong></span> <span class='ocrx_word' id='word_1_281' title='bbox 2045 3441 2166 3480; x_wconf 91' lang='lat' dir='ltr'><strong>cum</strong></span> 
     </span>
    </p>
   </div>
   <div class='ocr_carea' id='block_1_35' title="bbox 586 3516 2165 3588">
    <p class='ocr_par' dir='ltr' id='par_1_35' title="bbox 586 3516 2165 3588">
     <span class='ocr_line' id='line_1_35' title="bbox 586 3516 2165 3588; baseline 0.002 -18"><span class='ocrx_word' id='word_1_282' title='bbox 586 3519 827 3581; x_wconf 73' lang='lat' dir='ltr'><strong>dixisset,</strong></span> <span class='ocrx_word' id='word_1_283' title='bbox 868 3516 1025 3582; x_wconf 82' lang='lat' dir='ltr'><strong>Orat,</strong></span> <span class='ocrx_word' id='word_1_284' title='bbox 1055 3527 1100 3570; x_wconf 92' lang='lat' dir='ltr'><strong>et</strong></span> <span class='ocrx_word' id='word_1_285' title='bbox 1130 3518 1252 3571; x_wconf 83' lang='lat' dir='ltr'><strong>vidit</strong></span> <span class='ocrx_word' id='word_1_286' title='bbox 1281 3519 1441 3571; x_wconf 79' lang='lat' dir='ltr'><strong>virum</strong></span> <span class='ocrx_word' id='word_1_287' title='bbox 1468 3520 1806 3588; x_wconf 71' lang='lat' dir='ltr'><strong>impatientem</strong></span> <span class='ocrx_word' id='word_1_288' title='bbox 1835 3521 1927 3573; x_wconf 86' lang='lat' dir='ltr'><strong>sibi</strong></span> <span class='ocrx_word' id='word_1_289' title='bbox 1953 3536 2131 3573; x_wconf 84' lang='lat' dir='ltr'><strong>manus</strong></span> <span class='ocrx_word' id='word_1_290' title='bbox 2152 3562 2165 3583; x_wconf 89' lang='lat'><strong>,</strong></span> 
     </span>
    </p>
   </div>
   <div class='ocr_carea' id='block_1_36' title="bbox 587 3610 2165 3679">
    <p class='ocr_par' dir='ltr' id='par_1_36' title="bbox 587 3610 2165 3679">
     <span class='ocr_line' id='line_1_36' title="bbox 587 3610 2165 3679; baseline 0.002 -17"><span class='ocrx_word' id='word_1_291' title='bbox 587 3625 689 3662; x_wconf 84' lang='lat' dir='ltr'><strong>non</strong></span> <span class='ocrx_word' id='word_1_292' title='bbox 736 3610 993 3677; x_wconf 80' lang='lat' dir='ltr'><strong>persuasit</strong></span> <span class='ocrx_word' id='word_1_293' title='bbox 1018 3626 1032 3662; x_wconf 89' lang='lat'>:</span> <span class='ocrx_word' id='word_1_294' title='bbox 1057 3610 1221 3664; x_wconf 91' lang='lat' dir='ltr'><strong>multo</strong></span> <span class='ocrx_word' id='word_1_295' title='bbox 1248 3612 1418 3679; x_wconf 77' lang='lat' dir='ltr'><strong>magis</strong></span> <span class='ocrx_word' id='word_1_296' title='bbox 1443 3652 1456 3673; x_wconf 89' lang='lat'><strong>,</strong></span> <span class='ocrx_word' id='word_1_297' title='bbox 1489 3611 1534 3664; x_wconf 88' lang='lat' dir='ltr'><strong>si</strong></span> <span class='ocrx_word' id='word_1_298' title='bbox 1576 3610 1675 3665; x_wconf 90' lang='lat' dir='ltr'><strong>hoc</strong></span> <span class='ocrx_word' id='word_1_299' title='bbox 1704 3610 1943 3666; x_wconf 82' lang='lat' dir='ltr'><strong>dixisset.</strong></span> <span class='ocrx_word' id='word_1_300' title='bbox 2000 3612 2165 3677; x_wconf 75' lang='lat' dir='ltr'><strong>Vidit,</strong></span> 
     </span>
    </p>
   </div>
   <div class='ocr_carea' id='block_1_37' title="bbox 588 3702 2168 3775">
    <p class='ocr_par' dir='ltr' id='par_1_37' title="bbox 588 3702 2168 3775">
     <span class='ocr_line' id='line_1_37' title="bbox 588 3702 2168 3775; baseline 0.004 -22"><span class='ocrx_word' id='word_1_301' title='bbox 588 3702 787 3772; x_wconf 88' lang='lat' dir='ltr'><strong>inquit,</strong></span> <span class='ocrx_word' id='word_1_302' title='bbox 828 3702 879 3755; x_wconf 89' lang='lat' dir='ltr'><strong>in</strong></span> <span class='ocrx_word' id='word_1_303' title='bbox 918 3702 1123 3756; x_wconf 83' lang='lat' dir='ltr'><strong>visione.</strong></span> <span class='ocrx_word' id='word_1_304' title='bbox 1164 3702 1343 3772; x_wconf 86' lang='lat' dir='ltr'><strong>Itaque</strong></span> <span class='ocrx_word' id='word_1_305' title='bbox 1374 3719 1479 3755; x_wconf 86' lang='lat' dir='ltr'><strong>non</strong></span> <span class='ocrx_word' id='word_1_306' title='bbox 1510 3702 1665 3757; x_wconf 80' lang='lat' dir='ltr'><strong>[idem</strong></span> <span class='ocrx_word' id='word_1_307' title='bbox 1696 3704 1785 3757; x_wconf 88' lang='lat' dir='ltr'><strong>tibi</strong></span> <span class='ocrx_word' id='word_1_308' title='bbox 1818 3704 2069 3775; x_wconf 82' lang='lat' dir='ltr'><strong>negabit:</strong></span> <span class='ocrx_word' id='word_1_309' title='bbox 2102 3721 2168 3760; x_wconf 89' lang='lat' dir='ltr'><strong>ne</strong></span> 
     </span>
    </p>
   </div>
   <div class='ocr_carea' id='block_1_38' title="bbox 591 3793 2165 3865">
    <p class='ocr_par' dir='ltr' id='par_1_38' title="bbox 591 3793 2165 3865">
     <span class='ocr_line' id='line_1_38' title="bbox 591 3793 2165 3865; baseline 0.002 -18"><span class='ocrx_word' id='word_1_310' title='bbox 591 3796 745 3864; x_wconf 68' lang='lat' dir='ltr'><strong>ig‘tur</strong></span> <span class='ocrx_word' id='word_1_311' title='bbox 777 3796 960 3848; x_wconf 82' lang='lat' dir='ltr'><strong>timeas</strong></span> <span class='ocrx_word' id='word_1_312' title='bbox 981 3836 995 3857; x_wconf 90' lang='lat'><strong>,</strong></span> <span class='ocrx_word' id='word_1_313' title='bbox 1027 3794 1117 3848; x_wconf 85' lang='lat' dir='ltr'><strong>sed</strong></span> <span class='ocrx_word' id='word_1_314' title='bbox 1151 3794 1301 3847; x_wconf 88' lang='lat' dir='ltr'><strong>vade.</strong></span> <span class='ocrx_word' id='word_1_315' title='bbox 1344 3793 1433 3849; x_wconf 90' lang='lat' dir='ltr'><strong>Sic</strong></span> <span class='ocrx_word' id='word_1_316' title='bbox 1464 3810 1635 3864; x_wconf 90' lang='lat' dir='ltr'><strong>neque</strong></span> <span class='ocrx_word' id='word_1_317' title='bbox 1674 3795 1946 3865; x_wconf 85' lang='lat' dir='ltr'><strong>Philippus</strong></span> <span class='ocrx_word' id='word_1_318' title='bbox 1989 3798 2165 3850; x_wconf 87' lang='lat' dir='ltr'><strong>statim</strong></span> 
     </span>
    </p>
   </div>
   <div class='ocr_carea' id='block_1_39' title="bbox 592 3886 2168 3954">
    <p class='ocr_par' dir='ltr' id='par_1_39' title="bbox 592 3886 2168 3954">
     <span class='ocr_line' id='line_1_39' title="bbox 592 3886 2168 3954; baseline 0.002 -13"><span class='ocrx_word' id='word_1_319' title='bbox 592 3898 755 3942; x_wconf 89' lang='lat' dir='ltr'><strong>totutu</strong></span> <span class='ocrx_word' id='word_1_320' title='bbox 784 3886 948 3941; x_wconf 81' lang='lat' dir='ltr'><strong>audit.</strong></span> <span class='ocrx_word' id='word_1_321' title='bbox 982 3888 1114 3954; x_wconf 88' lang='lat' dir='ltr'><strong>Quia</strong></span> <span class='ocrx_word' id='word_1_322' title='bbox 1137 3902 1223 3941; x_wconf 88' lang='lat' dir='ltr'><strong>vas</strong></span> <span class='ocrx_word' id='word_1_323' title='bbox 1244 3887 1495 3941; x_wconf 86' lang='lat' dir='ltr'><strong>electionis</strong></span> <span class='ocrx_word' id='word_1_324' title='bbox 1517 3898 1589 3941; x_wconf 89' lang='lat' dir='ltr'><strong>est</strong></span> <span class='ocrx_word' id='word_1_325' title='bbox 1610 3888 1733 3941; x_wconf 87' lang='lat' dir='ltr'><strong>mihi</strong></span> <span class='ocrx_word' id='word_1_326' title='bbox 1754 3889 1852 3941; x_wconf 89' lang='lat' dir='ltr'><strong>hic.</strong></span> <span class='ocrx_word' id='word_1_327' title='bbox 1882 3888 2006 3944; x_wconf 68' lang='lat' dir='ltr'><strong>llzcc</strong></span> <span class='ocrx_word' id='word_1_328' title='bbox 2027 3888 2168 3944; x_wconf 84' lang='lat' dir='ltr'><strong>dicta</strong></span> 
     </span>
    </p>
   </div>
   <div class='ocr_carea' id='block_1_40' title="bbox 589 3978 2167 4049">
    <p class='ocr_par' dir='ltr' id='par_1_40' title="bbox 589 3978 2167 4049">
     <span class='ocr_line' id='line_1_40' title="bbox 589 3978 2167 4049; baseline 0 -16"><span class='ocrx_word' id='word_1_329' title='bbox 589 3981 731 4033; x_wconf 88' lang='lat' dir='ltr'><strong>iilius</strong></span> <span class='ocrx_word' id='word_1_330' title='bbox 760 3988 916 4044; x_wconf 87' lang='lat' dir='ltr'><strong>sunt,</strong></span> <span class='ocrx_word' id='word_1_331' title='bbox 939 3980 1027 4049; x_wconf 90' lang='lat' dir='ltr'><strong>qui</strong></span> <span class='ocrx_word' id='word_1_332' title='bbox 1058 3978 1303 4034; x_wconf 84' lang='lat' dir='ltr'><strong>timorem</strong></span> <span class='ocrx_word' id='word_1_333' title='bbox 1334 3979 1553 4033; x_wconf 89' lang='lat' dir='ltr'><strong>omnino</strong></span> <span class='ocrx_word' id='word_1_334' title='bbox 1581 3980 1812 4045; x_wconf 78' lang='lat' dir='ltr'><strong>excutit,</strong></span> <span class='ocrx_word' id='word_1_335' title='bbox 1841 3991 1894 4033; x_wconf 91' lang='lat' dir='ltr'><strong>et</strong></span> <span class='ocrx_word' id='word_1_336' title='bbox 1922 3980 2167 4035; x_wconf 89' lang='lat' dir='ltr'><strong>ﬁduciam</strong></span> 
     </span>
    </p>
   </div>
   <div class='ocr_carea' id='block_1_41' title="bbox 589 4071 2171 4142">
    <p class='ocr_par' dir='ltr' id='par_1_41' title="bbox 589 4071 2171 4142">
     <span class='ocr_line' id='line_1_41' title="bbox 589 4071 2171 4142; baseline 0.001 -17"><span class='ocrx_word' id='word_1_337' title='bbox 589 4074 723 4125; x_wconf 76' lang='lat' dir='ltr'><strong>indit</strong></span> <span class='ocrx_word' id='word_1_338' title='bbox 752 4090 765 4126; x_wconf 86' lang='lat'><strong>:</strong></span> <span class='ocrx_word' id='word_1_339' title='bbox 793 4073 1049 4142; x_wconf 88' lang='lat' dir='ltr'><strong>siquidem</strong></span> <span class='ocrx_word' id='word_1_340' title='bbox 1096 4072 1165 4125; x_wconf 93' lang='lat' dir='ltr'><strong>ita</strong></span> <span class='ocrx_word' id='word_1_341' title='bbox 1216 4086 1311 4140; x_wconf 92' lang='lat' dir='ltr'><strong>pro</strong></span> <span class='ocrx_word' id='word_1_342' title='bbox 1350 4072 1527 4141; x_wconf 89' lang='lat' dir='ltr'><strong>seipso</strong></span> <span class='ocrx_word' id='word_1_343' title='bbox 1566 4071 1878 4126; x_wconf 81' lang='lat' dir='ltr'><strong>afﬁciendus</strong></span> <span class='ocrx_word' id='word_1_344' title='bbox 1921 4082 2067 4139; x_wconf 76' lang='lat' dir='ltr'><strong>erat,</strong></span> <span class='ocrx_word' id='word_1_345' title='bbox 2115 4082 2171 4128; x_wconf 90' lang='lat' dir='ltr'><strong>ut</strong></span> 
     </span>
    </p>
   </div>
   <div class='ocr_carea' id='block_1_42' title="bbox 592 4162 2171 4234">
    <p class='ocr_par' dir='ltr' id='par_1_42' title="bbox 592 4162 2171 4234">
     <span class='ocr_line' id='line_1_42' title="bbox 592 4162 2171 4234; baseline 0.001 -16"><span class='ocrx_word' id='word_1_346' title='bbox 592 4166 750 4218; x_wconf 53' lang='lat' dir='ltr'><strong>etiam</strong></span> <span class='ocrx_word' id='word_1_347' title='bbox 782 4165 941 4218; x_wconf 83' lang='lat' dir='ltr'><strong>multa</strong></span> <span class='ocrx_word' id='word_1_348' title='bbox 971 4174 1259 4234; x_wconf 89' lang='lat' dir='ltr'><strong>pateretur.</strong></span> <span class='ocrx_word' id='word_1_349' title='bbox 1292 4162 1423 4218; x_wconf 90' lang='lat' dir='ltr'><strong>Cum</strong></span> <span class='ocrx_word' id='word_1_350' title='bbox 1454 4163 1698 4230; x_wconf 82' lang='lat' dir='ltr'><strong>dixisset,</strong></span> <span class='ocrx_word' id='word_1_351' title='bbox 1736 4163 1851 4230; x_wconf 83' lang='lat' dir='ltr'><strong>Vas,</strong></span> <span class='ocrx_word' id='word_1_352' title='bbox 1885 4166 2171 4221; x_wconf 88' lang='lat' dir='ltr'><strong>ostendens</strong></span> 
     </span>
    </p>
   </div>
   <div class='ocr_carea' id='block_1_43' title="bbox 593 4255 2170 4324">
    <p class='ocr_par' dir='ltr' id='par_1_43' title="bbox 593 4255 2170 4324">
     <span class='ocr_line' id='line_1_43' title="bbox 593 4255 2170 4324; baseline 0 -17"><span class='ocrx_word' id='word_1_353' title='bbox 593 4256 705 4322; x_wconf 77' lang='lat' dir='ltr'><strong>ejus</strong></span> <span class='ocrx_word' id='word_1_354' title='bbox 728 4257 979 4313; x_wconf 86' lang='lat' dir='ltr'><strong>malitiam</strong></span> <span class='ocrx_word' id='word_1_355' title='bbox 1009 4272 1112 4311; x_wconf 93' lang='lat' dir='ltr'><strong>non</strong></span> <span class='ocrx_word' id='word_1_356' title='bbox 1141 4271 1260 4312; x_wconf 87' lang='lat' dir='ltr'><strong>esse</strong></span> <span class='ocrx_word' id='word_1_357' title='bbox 1289 4255 1583 4310; x_wconf 87' lang='lat' dir='ltr'><strong>naturalem</strong></span> <span class='ocrx_word' id='word_1_358' title='bbox 1615 4274 1627 4308; x_wconf 87' lang='lat'><strong>:</strong></span> <span class='ocrx_word' id='word_1_359' title='bbox 1658 4255 1839 4318; x_wconf 88' lang='lat' dir='ltr'><strong>addit,</strong></span> <span class='ocrx_word' id='word_1_360' title='bbox 1881 4255 2170 4324; x_wconf 81' lang='lat' dir='ltr'><strong>Eleclionis,</strong></span> 
     </span>
    </p>
   </div>
   <div class='ocr_carea' id='block_1_44' title="bbox 595 4347 2175 4418">
    <p class='ocr_par' dir='ltr' id='par_1_44' title="bbox 595 4347 2175 4418">
     <span class='ocr_line' id='line_1_44' title="bbox 595 4347 2175 4418; baseline 0.002 -17"><span class='ocrx_word' id='word_1_361' title='bbox 595 4359 649 4401; x_wconf 87' lang='lat' dir='ltr'><strong>ut</strong></span> <span class='ocrx_word' id='word_1_362' title='bbox 683 4347 923 4402; x_wconf 86' lang='lat' dir='ltr'><strong>ostendat</strong></span> <span class='ocrx_word' id='word_1_363' title='bbox 963 4349 1135 4418; x_wconf 73' lang='lat' dir='ltr'><strong>ipsum</strong></span> <span class='ocrx_word' id='word_1_364' title='bbox 1171 4358 1444 4418; x_wconf 88' lang='lat' dir='ltr'><strong>acceptum</strong></span> <span class='ocrx_word' id='word_1_365' title='bbox 1486 4362 1645 4403; x_wconf 90' lang='lat' dir='ltr'><strong>esse:</strong></span> <span class='ocrx_word' id='word_1_366' title='bbox 1678 4364 1800 4402; x_wconf 83' lang='lat' dir='ltr'><strong>nam</strong></span> <span class='ocrx_word' id='word_1_367' title='bbox 1840 4348 1983 4417; x_wconf 88' lang='lat' dir='ltr'><strong>quod</strong></span> <span class='ocrx_word' id='word_1_368' title='bbox 2022 4363 2175 4404; x_wconf 85' lang='lat' dir='ltr'><strong>acce-</strong></span> 
     </span>
    </p>
   </div>
   <div class='ocr_carea' id='block_1_45' title="bbox 599 4439 2170 4509">
    <p class='ocr_par' dir='ltr' id='par_1_45' title="bbox 599 4439 2170 4509">
     <span class='ocr_line' id='line_1_45' title="bbox 599 4439 2170 4509; baseline 0.001 -18"><span class='ocrx_word' id='word_1_369' title='bbox 599 4450 745 4508; x_wconf 78' lang='lat' dir='ltr'><strong>ptum</strong></span> <span class='ocrx_word' id='word_1_370' title='bbox 772 4448 873 4506; x_wconf 89' lang='lat' dir='ltr'><strong>est,</strong></span> <span class='ocrx_word' id='word_1_371' title='bbox 903 4439 1166 4509; x_wconf 81' lang='lat' dir='ltr'><strong>eligimus.</strong></span> <span class='ocrx_word' id='word_1_372' title='bbox 1193 4439 1270 4495; x_wconf 86' lang='lat' dir='ltr'><strong>Ne</strong></span> <span class='ocrx_word' id='word_1_373' title='bbox 1298 4441 1417 4509; x_wconf 88' lang='lat' dir='ltr'><strong>quis</strong></span> <span class='ocrx_word' id='word_1_374' title='bbox 1443 4454 1570 4494; x_wconf 90' lang='lat' dir='ltr'><strong>vero</strong></span> <span class='ocrx_word' id='word_1_375' title='bbox 1598 4448 1747 4509; x_wconf 87' lang='lat' dir='ltr'><strong>putet</strong></span> <span class='ocrx_word' id='word_1_376' title='bbox 1773 4439 1887 4493; x_wconf 64' lang='lat' dir='ltr'><strong>hinc</strong></span> <span class='ocrx_word' id='word_1_377' title='bbox 1915 4439 2170 4507; x_wconf 90' lang='lat' dir='ltr'><strong>audiens,</strong></span> 
     </span>
    </p>
   </div>
   <div class='ocr_carea' id='block_1_46' title="bbox 594 4531 2173 4603">
    <p class='ocr_par' dir='ltr' id='par_1_46' title="bbox 594 4531 2173 4603">
     <span class='ocr_line' id='line_1_46' title="bbox 594 4531 2173 4603; baseline 0 -17"><span class='ocrx_word' id='word_1_378' title='bbox 594 4533 848 4587; x_wconf 81' lang='lat' dir='ltr'><strong>Ananiam</strong></span> <span class='ocrx_word' id='word_1_379' title='bbox 875 4531 993 4587; x_wconf 91' lang='lat' dir='ltr'><strong>ideo</strong></span> <span class='ocrx_word' id='word_1_380' title='bbox 1016 4532 1130 4587; x_wconf 68' lang='lat' dir='ltr'><strong>lucc</strong></span> <span class='ocrx_word' id='word_1_381' title='bbox 1151 4532 1350 4598; x_wconf 89' lang='lat' dir='ltr'><strong>dicere,</strong></span> <span class='ocrx_word' id='word_1_382' title='bbox 1375 4532 1515 4603; x_wconf 91' lang='lat' dir='ltr'><strong>quod</strong></span> <span class='ocrx_word' id='word_1_383' title='bbox 1547 4533 1702 4587; x_wconf 90' lang='lat' dir='ltr'><strong>dictis</strong></span> <span class='ocrx_word' id='word_1_384' title='bbox 1734 4547 1836 4586; x_wconf 92' lang='lat' dir='ltr'><strong>non</strong></span> <span class='ocrx_word' id='word_1_385' title='bbox 1864 4533 2066 4597; x_wconf 86' lang='lat' dir='ltr'><strong>credat,</strong></span> <span class='ocrx_word' id='word_1_386' title='bbox 2091 4534 2173 4587; x_wconf 91' lang='lat' dir='ltr'><strong>vel</strong></span> 
     </span>
    </p>
   </div>
   <div class='ocr_carea' id='block_1_47' title="bbox 594 4622 2173 4694">
    <p class='ocr_par' dir='ltr' id='par_1_47' title="bbox 594 4622 2173 4694">
     <span class='ocr_line' id='line_1_47' title="bbox 594 4622 2173 4694; baseline 0 -17"><span class='ocrx_word' id='word_1_387' title='bbox 594 4624 734 4693; x_wconf 88' lang='lat' dir='ltr'><strong>quod</strong></span> <span class='ocrx_word' id='word_1_388' title='bbox 774 4633 924 4694; x_wconf 82' lang='lat' dir='ltr'><strong>putet</strong></span> <span class='ocrx_word' id='word_1_389' title='bbox 971 4623 1255 4694; x_wconf 85' lang='lat' dir='ltr'><strong>deceptum</strong></span> <span class='ocrx_word' id='word_1_390' title='bbox 1299 4622 1464 4678; x_wconf 73' lang='lat' dir='ltr'><strong>fuisse</strong></span> <span class='ocrx_word' id='word_1_391' title='bbox 1505 4623 1804 4689; x_wconf 87' lang='lat' dir='ltr'><strong>Christum;</strong></span> <span class='ocrx_word' id='word_1_392' title='bbox 1850 4623 2029 4679; x_wconf 88' lang='lat' dir='ltr'><strong>absit:</strong></span> <span class='ocrx_word' id='word_1_393' title='bbox 2081 4623 2173 4678; x_wconf 92' lang='lat' dir='ltr'><strong>sed</strong></span> 
     </span>
    </p>
   </div>
   <div class='ocr_carea' id='block_1_48' title="bbox 594 4714 2176 4785">
    <p class='ocr_par' dir='ltr' id='par_1_48' title="bbox 594 4714 2176 4785">
     <span class='ocr_line' id='line_1_48' title="bbox 594 4714 2176 4785; baseline 0 -16"><span class='ocrx_word' id='word_1_394' title='bbox 594 4716 733 4785; x_wconf 89' lang='lat' dir='ltr'><strong>quod</strong></span> <span class='ocrx_word' id='word_1_395' title='bbox 766 4717 975 4771; x_wconf 91' lang='lat' dir='ltr'><strong>timeret</strong></span> <span class='ocrx_word' id='word_1_396' title='bbox 1005 4726 1057 4771; x_wconf 90' lang='lat' dir='ltr'><strong>et</strong></span> <span class='ocrx_word' id='word_1_397' title='bbox 1090 4725 1378 4781; x_wconf 88' lang='lat' dir='ltr'><strong>tremeret,</strong></span> <span class='ocrx_word' id='word_1_398' title='bbox 1422 4715 1581 4768; x_wconf 91' lang='lat' dir='ltr'><strong>dictis</strong></span> <span class='ocrx_word' id='word_1_399' title='bbox 1607 4729 1713 4767; x_wconf 92' lang='lat' dir='ltr'><strong>non</strong></span> <span class='ocrx_word' id='word_1_400' title='bbox 1744 4714 2051 4769; x_wconf 87' lang='lat' dir='ltr'><strong>attendebat</strong></span> <span class='ocrx_word' id='word_1_401' title='bbox 2072 4756 2086 4780; x_wconf 95' lang='lat'><strong>,</strong></span> <span class='ocrx_word' id='word_1_402' title='bbox 2120 4724 2176 4769; x_wconf 92' lang='lat' dir='ltr'><strong>ut</strong></span> 
     </span>
    </p>
   </div>
   <div class='ocr_carea' id='block_1_49' title="bbox 595 4806 2177 4876">
    <p class='ocr_par' dir='ltr' id='par_1_49' title="bbox 595 4806 2177 4876">
     <span class='ocr_line' id='line_1_49' title="bbox 595 4806 2177 4876; baseline 0.003 -17"><span class='ocrx_word' id='word_1_403' title='bbox 595 4808 793 4861; x_wconf 86' lang='lat' dir='ltr'><strong>audivit</strong></span> <span class='ocrx_word' id='word_1_404' title='bbox 831 4824 1021 4863; x_wconf 89' lang='lat' dir='ltr'><strong>nomen</strong></span> <span class='ocrx_word' id='word_1_405' title='bbox 1071 4807 1219 4863; x_wconf 86' lang='lat' dir='ltr'><strong>Pauli</strong></span> <span class='ocrx_word' id='word_1_406' title='bbox 1252 4824 1265 4861; x_wconf 89' lang='lat'>:</span> <span class='ocrx_word' id='word_1_407' title='bbox 1296 4807 1373 4861; x_wconf 91' lang='lat' dir='ltr'><strong>sic</strong></span> <span class='ocrx_word' id='word_1_408' title='bbox 1401 4806 1490 4860; x_wconf 90' lang='lat' dir='ltr'><strong>illo</strong></span> <span class='ocrx_word' id='word_1_409' title='bbox 1518 4807 1733 4861; x_wconf 89' lang='lat' dir='ltr'><strong>nomine</strong></span> <span class='ocrx_word' id='word_1_410' title='bbox 1776 4816 2177 4876; x_wconf 82' lang='lat' dir='ltr'><strong>praeoccupatus</strong></span> 
     </span>
    </p>
   </div>
   <div class='ocr_carea' id='block_1_50' title="bbox 597 4899 2173 4970">
    <p class='ocr_par' dir='ltr' id='par_1_50' title="bbox 597 4899 2173 4970">
     <span class='ocr_line' id='line_1_50' title="bbox 597 4899 2173 4970; baseline -0.002 -14"><span class='ocrx_word' id='word_1_411' title='bbox 597 4911 675 4956; x_wconf 86' lang='lat' dir='ltr'><strong>est</strong></span> <span class='ocrx_word' id='word_1_412' title='bbox 706 4900 915 4955; x_wconf 90' lang='lat' dir='ltr'><strong>timore.</strong></span> <span class='ocrx_word' id='word_1_413' title='bbox 945 4900 1102 4969; x_wconf 83' lang='lat' dir='ltr'><strong>Atqui</strong></span> <span class='ocrx_word' id='word_1_414' title='bbox 1129 4900 1216 4953; x_wconf 90' lang='lat' dir='ltr'><strong>ubi</strong></span> <span class='ocrx_word' id='word_1_415' title='bbox 1246 4899 1465 4960; x_wconf 87' lang='lat' dir='ltr'><strong>audivit,</strong></span> <span class='ocrx_word' id='word_1_416' title='bbox 1490 4899 1629 4970; x_wconf 89' lang='lat' dir='ltr'><strong>quod</strong></span> <span class='ocrx_word' id='word_1_417' title='bbox 1657 4911 1977 4954; x_wconf 73' lang='lat' dir='ltr'><strong>excmcasset</strong></span> <span class='ocrx_word' id='word_1_418' title='bbox 2002 4900 2173 4966; x_wconf 76' lang='lat' dir='ltr'><strong>illum,</strong></span> 
     </span>
    </p>
   </div>
   <div class='ocr_carea' id='block_1_51' title="bbox 592 4991 2174 5065">
    <p class='ocr_par' dir='ltr' id='par_1_51' title="bbox 592 4991 2174 5065">
     <span class='ocr_line' id='line_1_51' title="bbox 592 4991 2174 5065; baseline 0 -18"><span class='ocrx_word' id='word_1_419' title='bbox 592 4992 861 5047; x_wconf 84' lang='lat' dir='ltr'><strong>conﬁdere</strong></span> <span class='ocrx_word' id='word_1_420' title='bbox 892 4992 1189 5061; x_wconf 89' lang='lat' dir='ltr'><strong>oportebat.</strong></span> <span class='ocrx_word' id='word_1_421' title='bbox 1222 4991 1284 5047; x_wconf 83' lang='lat' dir='ltr'><strong>Et</strong></span> <span class='ocrx_word' id='word_1_422' title='bbox 1314 4993 1413 5056; x_wconf 80' lang='lat' dir='ltr'><strong>hic,</strong></span> <span class='ocrx_word' id='word_1_423' title='bbox 1448 4992 1635 5062; x_wconf 91' lang='lat' dir='ltr'><strong>inquit,</strong></span> <span class='ocrx_word' id='word_1_424' title='bbox 1664 4992 1779 5045; x_wconf 86' lang='lat' dir='ltr'><strong>ideo</strong></span> <span class='ocrx_word' id='word_1_425' title='bbox 1804 4995 1952 5058; x_wconf 85' lang='lat' dir='ltr'><strong>venit,</strong></span> <span class='ocrx_word' id='word_1_426' title='bbox 1976 5003 2029 5046; x_wconf 87' lang='lat' dir='ltr'><strong>ut</strong></span> <span class='ocrx_word' id='word_1_427' title='bbox 2055 4994 2174 5065; x_wconf 84' lang='lat' dir='ltr'><strong>liget</strong></span> 
     </span>
    </p>
   </div>
   <div class='ocr_carea' id='block_1_52' title="bbox 595 5084 2173 5154">
    <p class='ocr_par' dir='ltr' id='par_1_52' title="bbox 595 5084 2173 5154">
     <span class='ocr_line' id='line_1_52' title="bbox 595 5084 2173 5154; baseline 0.004 -20"><span class='ocrx_word' id='word_1_428' title='bbox 595 5102 782 5147; x_wconf 79' lang='lat' dir='ltr'><strong>mnnes,</strong></span> <span class='ocrx_word' id='word_1_429' title='bbox 804 5086 887 5154; x_wconf 86' lang='lat' dir='ltr'><strong>qui</strong></span> <span class='ocrx_word' id='word_1_430' title='bbox 908 5084 1136 5138; x_wconf 84' lang='lat' dir='ltr'><strong>invocant</strong></span> <span class='ocrx_word' id='word_1_431' title='bbox 1164 5100 1342 5137; x_wconf 85' lang='lat' dir='ltr'><strong>nomen</strong></span> <span class='ocrx_word' id='word_1_432' title='bbox 1368 5092 1525 5137; x_wconf 87' lang='lat' dir='ltr'><strong>tuum.</strong></span> <span class='ocrx_word' id='word_1_433' title='bbox 1559 5086 1637 5139; x_wconf 84' lang='lat' dir='ltr'><strong>Ac</strong></span> <span class='ocrx_word' id='word_1_434' title='bbox 1658 5084 1702 5138; x_wconf 88' lang='lat' dir='ltr'><strong>si</strong></span> <span class='ocrx_word' id='word_1_435' title='bbox 1725 5085 1945 5150; x_wconf 88' lang='lat' dir='ltr'><strong>diceret,</strong></span> <span class='ocrx_word' id='word_1_436' title='bbox 1966 5086 2173 5153; x_wconf 85' lang='lat' dir='ltr'><strong>Timeo,</strong></span> 
     </span>
    </p>
   </div>
   <div class='ocr_carea' id='block_1_53' title="bbox 597 5176 2178 5237">
    <p class='ocr_par' dir='ltr' id='par_1_53' title="bbox 597 5176 2178 5237">
     <span class='ocr_line' id='line_1_53' title="bbox 597 5176 2178 5237; baseline 0.004 -9"><span class='ocrx_word' id='word_1_437' title='bbox 597 5196 656 5228; x_wconf 80' lang='lat' dir='ltr'><strong>ne</strong></span> <span class='ocrx_word' id='word_1_438' title='bbox 688 5180 822 5231; x_wconf 84' lang='lat' dir='ltr'><strong>torte</strong></span> <span class='ocrx_word' id='word_1_439' title='bbox 854 5192 939 5231; x_wconf 89' lang='lat' dir='ltr'><strong>me</strong></span> <span class='ocrx_word' id='word_1_440' title='bbox 974 5177 1025 5231; x_wconf 92' lang='lat' dir='ltr'><strong>iu</strong></span> <span class='ocrx_word' id='word_1_441' title='bbox 1060 5176 1357 5232; x_wconf 85' lang='lat' dir='ltr'><strong>Jerusalem</strong></span> <span class='ocrx_word' id='word_1_442' title='bbox 1381 5177 1539 5232; x_wconf 89' lang='lat' dir='ltr'><strong>ducat</strong></span> <span class='ocrx_word' id='word_1_443' title='bbox 1568 5195 1581 5231; x_wconf 89' lang='lat'><strong><em>:</em></strong></span> <span class='ocrx_word' id='word_1_444' title='bbox 1613 5194 1710 5232; x_wconf 87' lang='lat' dir='ltr'><strong>cur</strong></span> <span class='ocrx_word' id='word_1_445' title='bbox 1736 5194 1820 5233; x_wconf 92' lang='lat' dir='ltr'><strong>me</strong></span> <span class='ocrx_word' id='word_1_446' title='bbox 1846 5178 1899 5233; x_wconf 90' lang='lat' dir='ltr'><strong>in</strong></span> <span class='ocrx_word' id='word_1_447' title='bbox 1926 5193 1987 5233; x_wconf 91' lang='lat' dir='ltr'><strong>os</strong></span> <span class='ocrx_word' id='word_1_448' title='bbox 2010 5180 2178 5237; x_wconf 86' lang='lat' dir='ltr'><strong>leonis</strong></span> 
     </span>
    </p>
   </div>
   <div class='ocr_carea' id='block_1_54' title="bbox 598 5269 2179 5341">
    <p class='ocr_par' dir='ltr' id='par_1_54' title="bbox 598 5269 2179 5341">
     <span class='ocr_line' id='line_1_54' title="bbox 598 5269 2179 5341; baseline 0.003 -17"><span class='ocrx_word' id='word_1_449' title='bbox 598 5271 799 5338; x_wconf 87' lang='lat' dir='ltr'><strong>iujicis?</strong></span> <span class='ocrx_word' id='word_1_450' title='bbox 828 5286 924 5325; x_wconf 90' lang='lat' dir='ltr'><strong>cur</strong></span> <span class='ocrx_word' id='word_1_451' title='bbox 960 5285 1049 5325; x_wconf 82' lang='lat' dir='ltr'><strong>me</strong></span> <span class='ocrx_word' id='word_1_452' title='bbox 1088 5270 1211 5326; x_wconf 88' lang='lat' dir='ltr'><strong>huic</strong></span> <span class='ocrx_word' id='word_1_453' title='bbox 1251 5271 1464 5340; x_wconf 79' lang='lat' dir='ltr'><strong>prodis?</strong></span> <span class='ocrx_word' id='word_1_454' title='bbox 1505 5269 1681 5329; x_wconf 84' lang='lat' dir='ltr'><strong>Timet</strong></span> <span class='ocrx_word' id='word_1_455' title='bbox 1711 5281 1763 5326; x_wconf 91' lang='lat' dir='ltr'><strong>et</strong></span> <span class='ocrx_word' id='word_1_456' title='bbox 1794 5274 1906 5326; x_wconf 70' lang='lat' dir='ltr'><strong>hare</strong></span> <span class='ocrx_word' id='word_1_457' title='bbox 1934 5273 2085 5341; x_wconf 80' lang='lat' dir='ltr'><strong>dicit,</strong></span> <span class='ocrx_word' id='word_1_458' title='bbox 2123 5283 2179 5328; x_wconf 93' lang='lat' dir='ltr'><strong>ut</strong></span> 
     </span>
    </p>
   </div>
   <div class='ocr_carea' id='block_1_55' title="bbox 596 5362 2177 5431">
    <p class='ocr_par' dir='ltr' id='par_1_55' title="bbox 596 5362 2177 5431">
     <span class='ocr_line' id='line_1_55' title="bbox 596 5362 2177 5431; baseline 0.003 -15"><span class='ocrx_word' id='word_1_459' title='bbox 596 5362 830 5431; x_wconf 80' lang='lat' dir='ltr'><strong>undique</strong></span> <span class='ocrx_word' id='word_1_460' title='bbox 852 5362 1120 5418; x_wconf 84' lang='lat' dir='ltr'><strong>discamus</strong></span> <span class='ocrx_word' id='word_1_461' title='bbox 1146 5362 1393 5417; x_wconf 88' lang='lat' dir='ltr'><strong>virtutem</strong></span> <span class='ocrx_word' id='word_1_462' title='bbox 1418 5364 1537 5417; x_wconf 91' lang='lat' dir='ltr'><strong>viri.</strong></span> <span class='ocrx_word' id='word_1_463' title='bbox 1582 5362 1712 5417; x_wconf 87' lang='lat' dir='ltr'><strong>Nam</strong></span> <span class='ocrx_word' id='word_1_464' title='bbox 1759 5362 1873 5418; x_wconf 65' lang='lat' dir='ltr'><strong>haec</strong></span> <span class='ocrx_word' id='word_1_465' title='bbox 1910 5380 1939 5418; x_wconf 91' lang='lat' dir='ltr'><strong>a</strong></span> <span class='ocrx_word' id='word_1_466' title='bbox 1979 5364 2177 5421; x_wconf 78' lang='lat' dir='ltr'><strong>Judaeis</strong></span> 
     </span>
    </p>
   </div>
   <div class='ocr_carea' id='block_1_56' title="bbox 596 5454 2177 5526">
    <p class='ocr_par' dir='ltr' id='par_1_56' title="bbox 596 5454 2177 5526">
     <span class='ocr_line' id='line_1_56' title="bbox 596 5454 2177 5526; baseline 0.004 -19"><span class='ocrx_word' id='word_1_467' title='bbox 596 5455 722 5520; x_wconf 89' lang='lat' dir='ltr'><strong>dici,</strong></span> <span class='ocrx_word' id='word_1_468' title='bbox 765 5454 894 5508; x_wconf 89' lang='lat' dir='ltr'><strong>nihil</strong></span> <span class='ocrx_word' id='word_1_469' title='bbox 939 5455 1134 5509; x_wconf 90' lang='lat' dir='ltr'><strong>mirum</strong></span> <span class='ocrx_word' id='word_1_470' title='bbox 1176 5464 1322 5510; x_wconf 87' lang='lat' dir='ltr'><strong>esset</strong></span> <span class='ocrx_word' id='word_1_471' title='bbox 1353 5472 1366 5507; x_wconf 88' lang='lat'><strong>:</strong></span> <span class='ocrx_word' id='word_1_472' title='bbox 1396 5454 1536 5526; x_wconf 89' lang='lat' dir='ltr'><strong>quod</strong></span> <span class='ocrx_word' id='word_1_473' title='bbox 1576 5467 1753 5511; x_wconf 90' lang='lat' dir='ltr'><strong>autem</strong></span> <span class='ocrx_word' id='word_1_474' title='bbox 1781 5456 1847 5509; x_wconf 87' lang='lat' dir='ltr'><strong>ab</strong></span> <span class='ocrx_word' id='word_1_475' title='bbox 1878 5456 2001 5523; x_wconf 88' lang='lat' dir='ltr'><strong>hoc,</strong></span> <span class='ocrx_word' id='word_1_476' title='bbox 2028 5467 2080 5512; x_wconf 89' lang='lat' dir='ltr'><strong>et</strong></span> <span class='ocrx_word' id='word_1_477' title='bbox 2106 5459 2177 5513; x_wconf 84' lang='lat' dir='ltr'><strong>ita</strong></span> 
     </span>
    </p>
   </div>
   <div class='ocr_carea' id='block_1_57' title="bbox 697 5589 2179 5651">
    <p class='ocr_par' dir='ltr' id='par_1_57' title="bbox 697 5589 2179 5651">
     <span class='ocr_line' id='line_1_57' title="bbox 697 5589 2179 5651; baseline 0.003 -13"><span class='ocrx_word' id='word_1_478' title='bbox 697 5589 771 5649; x_wconf 89' lang='lat' dir='ltr'><strong>(a)</strong></span> <span class='ocrx_word' id='word_1_479' title='bbox 821 5590 1125 5647; x_wconf 80' lang='lat' dir='ltr'><strong>Quandonam</strong></span> <span class='ocrx_word' id='word_1_480' title='bbox 1156 5589 1301 5639; x_wconf 75' lang='lat' dir='ltr'><strong>Paulo</strong></span> <span class='ocrx_word' id='word_1_481' title='bbox 1339 5589 1613 5651; x_wconf 89' lang='lat' dir='ltr'><strong>impositum</strong></span> <span class='ocrx_word' id='word_1_482' title='bbox 1639 5596 1717 5639; x_wconf 90' lang='lat' dir='ltr'><strong>est</strong></span> <span class='ocrx_word' id='word_1_483' title='bbox 1755 5602 1931 5639; x_wconf 86' lang='lat' dir='ltr'><strong>nomen</strong></span> <span class='ocrx_word' id='word_1_484' title='bbox 1956 5589 1983 5638; x_wconf 82' lang='lat' dir='ltr'><strong>J</strong></span> <span class='ocrx_word' id='word_1_485' title='bbox 1990 5604 2096 5648; x_wconf 81' lang='lat' dir='ltr'><strong>esu,</strong></span> <span class='ocrx_word' id='word_1_486' title='bbox 2123 5599 2179 5643; x_wconf 91' lang='lat' dir='ltr'><strong>ut</strong></span> 
     </span>
    </p>
   </div>
   <div class='ocr_carea' id='block_1_58' title="bbox 600 5651 2178 5711">
    <p class='ocr_par' dir='ltr' id='par_1_58' title="bbox 600 5651 2178 5711">
     <span class='ocr_line' id='line_1_58' title="bbox 600 5651 2178 5711; baseline 0.004 -13"><span class='ocrx_word' id='word_1_487' title='bbox 600 5655 751 5700; x_wconf 68' lang='lat' dir='ltr'><strong>visum</strong></span> <span class='ocrx_word' id='word_1_488' title='bbox 775 5651 1054 5711; x_wconf 83' lang='lat' dir='ltr'><strong>reciperet?</strong></span> <span class='ocrx_word' id='word_1_489' title='bbox 1078 5655 1159 5701; x_wconf 83' lang='lat' dir='ltr'><strong>Hic</strong></span> <span class='ocrx_word' id='word_1_490' title='bbox 1183 5651 1261 5701; x_wconf 89' lang='lat' dir='ltr'><strong>vel</strong></span> <span class='ocrx_word' id='word_1_491' title='bbox 1293 5652 1457 5701; x_wconf 85' lang='lat' dir='ltr'><strong>vitium</strong></span> <span class='ocrx_word' id='word_1_492' title='bbox 1481 5654 1529 5699; x_wconf 88' lang='lat' dir='ltr'><strong>in</strong></span> <span class='ocrx_word' id='word_1_493' title='bbox 1552 5653 1719 5700; x_wconf 83' lang='lat' dir='ltr'><strong>verbis</strong></span> <span class='ocrx_word' id='word_1_494' title='bbox 1739 5660 1834 5710; x_wconf 85' lang='lat' dir='ltr'><strong>est,</strong></span> <span class='ocrx_word' id='word_1_495' title='bbox 1859 5651 1938 5701; x_wconf 88' lang='lat' dir='ltr'><strong>vel</strong></span> <span class='ocrx_word' id='word_1_496' title='bbox 1962 5654 2178 5704; x_wconf 83' lang='lat' dir='ltr'><strong>dicamus</strong></span> 
     </span>
    </p>
   </div>
   <div class='ocr_carea' id='block_1_59' title="bbox 593 5712 2177 5778">
    <p class='ocr_par' dir='ltr' id='par_1_59' title="bbox 593 5712 2177 5778">
     <span class='ocr_line' id='line_1_59' title="bbox 593 5712 2177 5778; baseline 0.002 -16"><span class='ocrx_word' id='word_1_497' title='bbox 593 5720 803 5773; x_wconf 67' lang='lat' dir='ltr'><strong>Oportet,</strong></span> <span class='ocrx_word' id='word_1_498' title='bbox 816 5722 930 5761; x_wconf 85' lang='lat' dir='ltr'><strong>tunc</strong></span> <span class='ocrx_word' id='word_1_499' title='bbox 946 5715 1167 5778; x_wconf 79' lang='lat' dir='ltr'><strong>Ananiam</strong></span> <span class='ocrx_word' id='word_1_500' title='bbox 1186 5716 1471 5778; x_wconf 85' lang='lat' dir='ltr'><strong>imposuisse</strong></span> <span class='ocrx_word' id='word_1_501' title='bbox 1487 5714 1631 5778; x_wconf 77' lang='lat' dir='ltr'><strong>Paulo</strong></span> <span class='ocrx_word' id='word_1_502' title='bbox 1644 5726 1823 5778; x_wconf 81' lang='lat' dir='ltr'><strong>nomen</strong></span> <span class='ocrx_word' id='word_1_503' title='bbox 1835 5712 1859 5762; x_wconf 82' lang='lat' dir='ltr'><strong>J</strong></span> <span class='ocrx_word' id='word_1_504' title='bbox 1869 5728 1973 5773; x_wconf 83' lang='lat' dir='ltr'><strong>esu,</strong></span> <span class='ocrx_word' id='word_1_505' title='bbox 1987 5718 2177 5778; x_wconf 82' lang='lat' dir='ltr'><strong>quando</strong></span> 
     </span>
    </p>
   </div>
   <div class='ocr_carea' id='block_1_60' title="bbox 596 5775 2177 5845">
    <p class='ocr_par' dir='ltr' id='par_1_60' title="bbox 596 5775 2177 5845">
     <span class='ocr_line' id='line_1_60' title="bbox 596 5775 2177 5845; baseline 0.004 -21"><span class='ocrx_word' id='word_1_506' title='bbox 596 5778 767 5845; x_wconf 71' lang='lat' dir='ltr'><strong>positis</strong></span> <span class='ocrx_word' id='word_1_507' title='bbox 804 5788 953 5838; x_wconf 85' lang='lat' dir='ltr'><strong>super</strong></span> <span class='ocrx_word' id='word_1_508' title='bbox 978 5775 1112 5845; x_wconf 78' lang='lat' dir='ltr'><strong>illum</strong></span> <span class='ocrx_word' id='word_1_509' title='bbox 1152 5777 1374 5827; x_wconf 80' lang='lat' dir='ltr'><strong>manibus</strong></span> <span class='ocrx_word' id='word_1_510' title='bbox 1395 5777 1518 5827; x_wconf 83' lang='lat' dir='ltr'><strong>dixit</strong></span> <span class='ocrx_word' id='word_1_511' title='bbox 1558 5775 1849 5834; x_wconf 79' lang='lat' dir='ltr'><strong>illi,.lesum</strong></span> <span class='ocrx_word' id='word_1_512' title='bbox 1894 5775 2055 5827; x_wconf 58' lang='lat' dir='ltr'><strong>essu&#39;a</strong></span> <span class='ocrx_word' id='word_1_513' title='bbox 2081 5794 2177 5841; x_wconf 81' lang='lat' dir='ltr'><strong>que</strong></span> 
     </span>
    </p>
   </div>
   <div class='ocr_carea' id='block_1_61' title="bbox 596 5842 1176 5900">
    <p class='ocr_par' dir='ltr' id='par_1_61' title="bbox 596 5842 1176 5900">
     <span class='ocr_line' id='line_1_61' title="bbox 596 5842 1176 5900; baseline 0 -15"><span class='ocrx_word' id='word_1_514' title='bbox 596 5850 700 5893; x_wconf 63' lang='lat' dir='ltr'><strong>ipse</strong></span> <span class='ocrx_word' id='word_1_515' title='bbox 727 5842 883 5889; x_wconf 85' lang='lat' dir='ltr'><strong>visum</strong></span> <span class='ocrx_word' id='word_1_516' title='bbox 908 5842 1176 5900; x_wconf 79' lang='lat' dir='ltr'><strong>reciperet.</strong></span> 
     </span>
    </p>
   </div>
   <div class='ocr_carea' id='block_1_62' title="bbox 1318 342 3107 413">
    <p class='ocr_par' dir='ltr' id='par_1_62' title="bbox 1318 342 3107 413">
     <span class='ocr_line' id='line_1_62' title="bbox 1318 342 3107 413; baseline -0.01 1"><span class='ocrx_word' id='word_1_517' title='bbox 1318 358 1377 413; x_wconf 88' lang='lat' dir='ltr'><strong>S.</strong></span> <span class='ocrx_word' id='word_1_518' title='bbox 1407 356 1682 413; x_wconf 65' lang='lat' dir='ltr'><strong>JOANN‘IS</strong></span> <span class='ocrx_word' id='word_1_519' title='bbox 1719 345 2189 408; x_wconf 76' lang='lat' dir='ltr'><strong>CHRYSUSTUMI</strong></span> <span class='ocrx_word' id='word_1_520' title='bbox 2234 342 2545 398; x_wconf 66' lang='lat' dir='ltr'><strong>AELCIIIEP.</strong></span> <span class='ocrx_word' id='word_1_521' title='bbox 2576 342 3107 399; x_wconf 69' lang='lat' dir='ltr'><strong>CONSTANTINOP.</strong></span> 
     </span>
    </p>
   </div>
   <div class='ocr_carea' id='block_1_63' title="bbox 3754 340 3889 400">
    <p class='ocr_par' dir='ltr' id='par_1_63' title="bbox 3754 340 3889 400">
     <span class='ocr_line' id='line_1_63' title="bbox 3754 340 3889 400; baseline -0.037 -1"><span class='ocrx_word' id='word_1_522' title='bbox 3754 340 3889 400; x_wconf 66' lang='lat'><strong>160</strong></span> 
     </span>
    </p>
   </div>
   <div class='ocr_carea' id='block_1_64' title="bbox 2278 461 3888 533">
    <p class='ocr_par' dir='ltr' id='par_1_64' title="bbox 2278 461 3888 533">
     <span class='ocr_line' id='line_1_64' title="bbox 2278 461 3888 533; baseline 0.004 -19"><span class='ocrx_word' id='word_1_523' title='bbox 2278 462 2559 529; x_wconf 83' lang='lat' dir='ltr'><strong>perterrito</strong></span> <span class='ocrx_word' id='word_1_524' title='bbox 2580 504 2594 523; x_wconf 84' lang='lat'><strong>,</strong></span> <span class='ocrx_word' id='word_1_525' title='bbox 2628 477 2872 530; x_wconf 81' lang='lat' dir='ltr'><strong>maguum</strong></span> <span class='ocrx_word' id='word_1_526' title='bbox 2900 461 3093 517; x_wconf 72' lang='lat' dir='ltr'><strong>divina)</strong></span> <span class='ocrx_word' id='word_1_527' title='bbox 3127 462 3333 515; x_wconf 78' lang='lat' dir='ltr'><strong>virtutis</strong></span> <span class='ocrx_word' id='word_1_528' title='bbox 3362 462 3574 533; x_wconf 82' lang='lat' dir='ltr'><strong>signum</strong></span> <span class='ocrx_word' id='word_1_529' title='bbox 3607 466 3709 520; x_wconf 81' lang='lat' dir='ltr'><strong>hoc</strong></span> <span class='ocrx_word' id='word_1_530' title='bbox 3737 478 3888 520; x_wconf 84' lang='lat' dir='ltr'><strong>esse</strong></span> 
     </span>
    </p>
   </div>
   <div class='ocr_carea' id='block_1_65' title="bbox 2275 551 3884 625">
    <p class='ocr_par' dir='ltr' id='par_1_65' title="bbox 2275 551 3884 625">
     <span class='ocr_line' id='line_1_65' title="bbox 2275 551 3884 625; baseline 0.004 -23"><span class='ocrx_word' id='word_1_531' title='bbox 2275 553 2551 621; x_wconf 82' lang='lat' dir='ltr'><strong>probatur.</strong></span> <span class='ocrx_word' id='word_1_532' title='bbox 2592 551 2753 607; x_wconf 86' lang='lat' dir='ltr'><strong>Saulc</strong></span> <span class='ocrx_word' id='word_1_533' title='bbox 2781 557 2956 624; x_wconf 77' lang='lat' dir='ltr'><strong>frater.</strong></span> <span class='ocrx_word' id='word_1_534' title='bbox 3001 554 3097 608; x_wconf 89' lang='lat' dir='ltr'><strong>Hic</strong></span> <span class='ocrx_word' id='word_1_535' title='bbox 3123 570 3333 624; x_wconf 83' lang='lat' dir='ltr'><strong>quoque</strong></span> <span class='ocrx_word' id='word_1_536' title='bbox 3360 570 3583 625; x_wconf 76' lang='lat' dir='ltr'><strong>magnus</strong></span> <span class='ocrx_word' id='word_1_537' title='bbox 3603 556 3759 611; x_wconf 84' lang='lat' dir='ltr'><strong>adest</strong></span> <span class='ocrx_word' id='word_1_538' title='bbox 3797 567 3884 609; x_wconf 82' lang='lat' dir='ltr'><strong>tt-</strong></span> 
     </span>
    </p>
   </div>
   <div class='ocr_carea' id='block_1_66' title="bbox 2274 646 3886 719">
    <p class='ocr_par' dir='ltr' id='par_1_66' title="bbox 2274 646 3886 719">
     <span class='ocr_line' id='line_1_66' title="bbox 2274 646 3886 719; baseline 0.004 -21"><span class='ocrx_word' id='word_1_539' title='bbox 2274 659 2411 711; x_wconf 91' lang='lat' dir='ltr'><strong>mor,</strong></span> <span class='ocrx_word' id='word_1_540' title='bbox 2440 655 2493 698; x_wconf 89' lang='lat' dir='ltr'><strong>et</strong></span> <span class='ocrx_word' id='word_1_541' title='bbox 2524 654 2641 713; x_wconf 88' lang='lat' dir='ltr'><strong>post</strong></span> <span class='ocrx_word' id='word_1_542' title='bbox 2669 646 2911 701; x_wconf 90' lang='lat' dir='ltr'><strong>timorem</strong></span> <span class='ocrx_word' id='word_1_543' title='bbox 2943 647 3113 716; x_wconf 84' lang='lat' dir='ltr'><strong>major</strong></span> <span class='ocrx_word' id='word_1_544' title='bbox 3132 648 3452 703; x_wconf 87' lang='lat' dir='ltr'><strong>obedientia.</strong></span> <span class='ocrx_word' id='word_1_545' title='bbox 3486 650 3707 713; x_wconf 88' lang='lat' dir='ltr'><strong>Deinde,</strong></span> <span class='ocrx_word' id='word_1_546' title='bbox 3735 652 3886 719; x_wconf 73' lang='lat' dir='ltr'><strong>quia</strong></span> 
     </span>
    </p>
   </div>
   <div class='ocr_carea' id='block_1_67' title="bbox 2287 736 3879 809">
    <p class='ocr_par' dir='ltr' id='par_1_67' title="bbox 2287 736 3879 809">
     <span class='ocr_line' id='line_1_67' title="bbox 2287 736 3879 809; baseline 0.004 -20"><span class='ocrx_word' id='word_1_547' title='bbox 2287 736 2382 790; x_wconf 85' lang='lat' dir='ltr'><strong>Vas</strong></span> <span class='ocrx_word' id='word_1_548' title='bbox 2405 737 2657 790; x_wconf 83' lang='lat' dir='ltr'><strong>electionis</strong></span> <span class='ocrx_word' id='word_1_549' title='bbox 2680 736 2833 802; x_wconf 81' lang='lat' dir='ltr'><strong>dixit,</strong></span> <span class='ocrx_word' id='word_1_550' title='bbox 2870 755 2936 793; x_wconf 88' lang='lat' dir='ltr'><strong>ne</strong></span> <span class='ocrx_word' id='word_1_551' title='bbox 2962 739 3172 795; x_wconf 89' lang='lat' dir='ltr'><strong>diceres</strong></span> <span class='ocrx_word' id='word_1_552' title='bbox 3198 781 3211 805; x_wconf 94' lang='lat'><strong>,</strong></span> <span class='ocrx_word' id='word_1_553' title='bbox 3253 750 3419 796; x_wconf 92' lang='lat' dir='ltr'><strong>totum</strong></span> <span class='ocrx_word' id='word_1_554' title='bbox 3462 757 3528 798; x_wconf 88' lang='lat' dir='ltr'><strong>ex</strong></span> <span class='ocrx_word' id='word_1_555' title='bbox 3572 742 3683 797; x_wconf 87' lang='lat' dir='ltr'><strong>Deo</strong></span> <span class='ocrx_word' id='word_1_556' title='bbox 3711 757 3879 809; x_wconf 87' lang='lat' dir='ltr'><strong>esse,</strong></span> 
     </span>
    </p>
   </div>
   <div class='ocr_carea' id='block_1_68' title="bbox 2273 829 3884 904">
    <p class='ocr_par' dir='ltr' id='par_1_68' title="bbox 2273 829 3884 904">
     <span class='ocr_line' id='line_1_68' title="bbox 2273 829 3884 904; baseline 0.003 -21"><span class='ocrx_word' id='word_1_557' title='bbox 2273 838 2327 883; x_wconf 91' lang='lat' dir='ltr'><strong>ut</strong></span> <span class='ocrx_word' id='word_1_558' title='bbox 2354 830 2420 883; x_wconf 85' lang='lat' dir='ltr'><strong>ab</strong></span> <span class='ocrx_word' id='word_1_559' title='bbox 2451 829 2550 884; x_wconf 90' lang='lat' dir='ltr'><strong>hoc</strong></span> <span class='ocrx_word' id='word_1_560' title='bbox 2577 840 2628 885; x_wconf 92' lang='lat' dir='ltr'><strong>te</strong></span> <span class='ocrx_word' id='word_1_561' title='bbox 2657 830 2917 897; x_wconf 89' lang='lat' dir='ltr'><strong>abducat,</strong></span> <span class='ocrx_word' id='word_1_562' title='bbox 2948 832 3131 900; x_wconf 89' lang='lat' dir='ltr'><strong>adjicit</strong></span> <span class='ocrx_word' id='word_1_563' title='bbox 3165 852 3177 887; x_wconf 76' lang='grc' dir='ltr'><strong><em>ι</em></strong></span> <span class='ocrx_word' id='word_1_564' title='bbox 3211 832 3278 888; x_wconf 89' lang='lat' dir='ltr'><strong>Ut</strong></span> <span class='ocrx_word' id='word_1_565' title='bbox 3303 845 3464 904; x_wconf 84' lang='lat' dir='ltr'><strong>portet</strong></span> <span class='ocrx_word' id='word_1_566' title='bbox 3489 852 3669 890; x_wconf 87' lang='lat' dir='ltr'><strong>nomen</strong></span> <span class='ocrx_word' id='word_1_567' title='bbox 3693 853 3884 889; x_wconf 80' lang='lat' dir='ltr'><strong>incum</strong></span> 
     </span>
    </p>
   </div>
   <div class='ocr_carea' id='block_1_69' title="bbox 2270 922 3881 995">
    <p class='ocr_par' dir='ltr' id='par_1_69' title="bbox 2270 922 3881 995">
     <span class='ocr_line' id='line_1_69' title="bbox 2270 922 3881 995; baseline 0.006 -22"><span class='ocrx_word' id='word_1_568' title='bbox 2270 936 2439 974; x_wconf 88' lang='lat' dir='ltr'><strong>coram</strong></span> <span class='ocrx_word' id='word_1_569' title='bbox 2455 922 2677 992; x_wconf 86' lang='lat' dir='ltr'><strong>gentibus</strong></span> <span class='ocrx_word' id='word_1_570' title='bbox 2697 935 2742 977; x_wconf 89' lang='lat' dir='ltr'><strong>et</strong></span> <span class='ocrx_word' id='word_1_571' title='bbox 2767 923 2964 995; x_wconf 85' lang='lat' dir='ltr'><strong>regibus</strong></span> <span class='ocrx_word' id='word_1_572' title='bbox 2980 934 3025 977; x_wconf 89' lang='lat' dir='ltr'><strong>et</strong></span> <span class='ocrx_word' id='word_1_573' title='bbox 3041 925 3162 992; x_wconf 80' lang='lat' dir='ltr'><strong>ﬁliis</strong></span> <span class='ocrx_word' id='word_1_574' title='bbox 3174 923 3360 979; x_wconf 86' lang='lat' dir='ltr'><strong>Israel.</strong></span> <span class='ocrx_word' id='word_1_575' title='bbox 3380 928 3495 982; x_wconf 81' lang='lat' dir='ltr'><strong>Aud</strong></span> <span class='ocrx_word' id='word_1_576' title='bbox 3503 929 3597 982; x_wconf 89' lang='lat' dir='ltr'><strong>ivit</strong></span> <span class='ocrx_word' id='word_1_577' title='bbox 3618 930 3881 984; x_wconf 79' lang='lat' dir='ltr'><strong>Ananins</strong></span> 
     </span>
    </p>
   </div>
   <div class='ocr_carea' id='block_1_70' title="bbox 2270 1013 3881 1087">
    <p class='ocr_par' dir='ltr' id='par_1_70' title="bbox 2270 1013 3881 1087">
     <span class='ocr_line' id='line_1_70' title="bbox 2270 1013 3881 1087; baseline 0.007 -20"><span class='ocrx_word' id='word_1_578' title='bbox 2270 1013 2321 1067; x_wconf 91' lang='lat' dir='ltr'><strong>id</strong></span> <span class='ocrx_word' id='word_1_579' title='bbox 2361 1014 2503 1083; x_wconf 88' lang='lat' dir='ltr'><strong>quod</strong></span> <span class='ocrx_word' id='word_1_580' title='bbox 2532 1015 2683 1071; x_wconf 89' lang='lat' dir='ltr'><strong>valde</strong></span> <span class='ocrx_word' id='word_1_581' title='bbox 2709 1017 2991 1085; x_wconf 87' lang='lat' dir='ltr'><strong>cupiebat,</strong></span> <span class='ocrx_word' id='word_1_582' title='bbox 3036 1019 3209 1087; x_wconf 91' lang='lat' dir='ltr'><strong>ipsum</strong></span> <span class='ocrx_word' id='word_1_583' title='bbox 3238 1020 3397 1074; x_wconf 89' lang='lat' dir='ltr'><strong>etiam</strong></span> <span class='ocrx_word' id='word_1_584' title='bbox 3425 1031 3608 1075; x_wconf 90' lang='lat' dir='ltr'><strong>contra</strong></span> <span class='ocrx_word' id='word_1_585' title='bbox 3634 1022 3881 1079; x_wconf 65' lang='lat' dir='ltr'><strong>.Iudaaos</strong></span> 
     </span>
    </p>
   </div>
   <div class='ocr_carea' id='block_1_71' title="bbox 2270 1110 3875 1181">
    <p class='ocr_par' dir='ltr' id='par_1_71' title="bbox 2270 1110 3875 1181">
     <span class='ocr_line' id='line_1_71' title="bbox 2270 1110 3875 1181; baseline 0.009 -26"><span class='ocrx_word' id='word_1_586' title='bbox 2270 1117 2626 1175; x_wconf 80' lang='lat' dir='ltr'><strong>pugnaturum</strong></span> <span class='ocrx_word' id='word_1_587' title='bbox 2656 1123 2775 1164; x_wconf 87' lang='lat' dir='ltr'><strong>esse</strong></span> <span class='ocrx_word' id='word_1_588' title='bbox 2804 1125 2817 1162; x_wconf 92' lang='lat'>:</span> <span class='ocrx_word' id='word_1_589' title='bbox 2852 1110 2970 1164; x_wconf 88' lang='lat' dir='ltr'><strong>ideo</strong></span> <span class='ocrx_word' id='word_1_590' title='bbox 3001 1126 3106 1164; x_wconf 88' lang='lat' dir='ltr'><strong>non</strong></span> <span class='ocrx_word' id='word_1_591' title='bbox 3136 1111 3309 1165; x_wconf 91' lang='lat' dir='ltr'><strong>solum</strong></span> <span class='ocrx_word' id='word_1_592' title='bbox 3331 1114 3545 1181; x_wconf 77' lang='lat' dir='ltr'><strong>gaudio,</strong></span> <span class='ocrx_word' id='word_1_593' title='bbox 3568 1114 3662 1169; x_wconf 88' lang='lat' dir='ltr'><strong>sed</strong></span> <span class='ocrx_word' id='word_1_594' title='bbox 3692 1117 3875 1170; x_wconf 85' lang='lat' dir='ltr'><strong>etiam</strong></span> 
     </span>
    </p>
   </div>
   <div class='ocr_carea' id='block_1_72' title="bbox 2270 1196 3875 1277">
    <p class='ocr_par' dir='ltr' id='par_1_72' title="bbox 2270 1196 3875 1277">
     <span class='ocr_line' id='line_1_72' title="bbox 2270 1196 3875 1277; baseline 0.006 -28"><span class='ocrx_word' id='word_1_595' title='bbox 2270 1196 2454 1251; x_wconf 87' lang='lat' dir='ltr'><strong>ﬁducia</strong></span> <span class='ocrx_word' id='word_1_596' title='bbox 2482 1200 2739 1267; x_wconf 88' lang='lat' dir='ltr'><strong>repletur.</strong></span> <span class='ocrx_word' id='word_1_597' title='bbox 2768 1199 2881 1271; x_wconf 83' lang='lat' dir='ltr'><strong>Ego</strong></span> <span class='ocrx_word' id='word_1_598' title='bbox 2909 1203 3062 1270; x_wconf 89' lang='lat' dir='ltr'><strong>enim,</strong></span> <span class='ocrx_word' id='word_1_599' title='bbox 3098 1204 3284 1274; x_wconf 84' lang='lat' dir='ltr'><strong>inquit,</strong></span> <span class='ocrx_word' id='word_1_600' title='bbox 3312 1208 3571 1260; x_wconf 85' lang='lat' dir='ltr'><strong>ostendam</strong></span> <span class='ocrx_word' id='word_1_601' title='bbox 3597 1208 3642 1261; x_wconf 91' lang='lat' dir='ltr'><strong>ei</strong></span> <span class='ocrx_word' id='word_1_602' title='bbox 3670 1221 3875 1277; x_wconf 80' lang='lat' dir='ltr'><strong>quanta</strong></span> 
     </span>
    </p>
   </div>
   <div class='ocr_carea' id='block_1_73' title="bbox 2267 1295 3877 1369">
    <p class='ocr_par' dir='ltr' id='par_1_73' title="bbox 2267 1295 3877 1369">
     <span class='ocr_line' id='line_1_73' title="bbox 2267 1295 3877 1369; baseline 0.008 -29"><span class='ocrx_word' id='word_1_603' title='bbox 2267 1297 2493 1357; x_wconf 79' lang='lat' dir='ltr'><strong>Oporteat</strong></span> <span class='ocrx_word' id='word_1_604' title='bbox 2531 1307 2643 1343; x_wconf 88' lang='lat' dir='ltr'><strong>eum</strong></span> <span class='ocrx_word' id='word_1_605' title='bbox 2688 1308 2782 1360; x_wconf 89' lang='lat' dir='ltr'><strong>pro</strong></span> <span class='ocrx_word' id='word_1_606' title='bbox 2820 1295 3021 1348; x_wconf 89' lang='lat' dir='ltr'><strong>nomine</strong></span> <span class='ocrx_word' id='word_1_607' title='bbox 3045 1312 3151 1349; x_wconf 90' lang='lat' dir='ltr'><strong>meo</strong></span> <span class='ocrx_word' id='word_1_608' title='bbox 3179 1298 3305 1366; x_wconf 89' lang='lat' dir='ltr'><strong>pati.</strong></span> <span class='ocrx_word' id='word_1_609' title='bbox 3344 1297 3470 1353; x_wconf 65' lang='lat' dir='ltr'><strong>Hinc</strong></span> <span class='ocrx_word' id='word_1_610' title='bbox 3511 1300 3877 1369; x_wconf 65' lang='lat' dir='ltr'><strong>pra-dicentis</strong></span> 
     </span>
    </p>
   </div>
   <div class='ocr_carea' id='block_1_74' title="bbox 2267 1382 3871 1462">
    <p class='ocr_par' dir='ltr' id='par_1_74' title="bbox 2267 1382 3871 1462">
     <span class='ocr_line' id='line_1_74' title="bbox 2267 1382 3871 1462; baseline 0.01 -29"><span class='ocrx_word' id='word_1_611' title='bbox 2267 1391 2391 1435; x_wconf 91' lang='lat' dir='ltr'><strong>sunt</strong></span> <span class='ocrx_word' id='word_1_612' title='bbox 2414 1382 2571 1436; x_wconf 88' lang='lat' dir='ltr'><strong>simul</strong></span> <span class='ocrx_word' id='word_1_613' title='bbox 2599 1393 2652 1438; x_wconf 90' lang='lat' dir='ltr'><strong>et</strong></span> <span class='ocrx_word' id='word_1_614' title='bbox 2681 1384 2975 1455; x_wconf 87' lang='lat' dir='ltr'><strong>hortantis,</strong></span> <span class='ocrx_word' id='word_1_615' title='bbox 3017 1387 3059 1442; x_wconf 89' lang='lat' dir='ltr'><strong>si</strong></span> <span class='ocrx_word' id='word_1_616' title='bbox 3091 1389 3307 1458; x_wconf 90' lang='lat' dir='ltr'><strong>quidem</strong></span> <span class='ocrx_word' id='word_1_617' title='bbox 3339 1390 3425 1445; x_wconf 86' lang='lat' dir='ltr'><strong>ille</strong></span> <span class='ocrx_word' id='word_1_618' title='bbox 3451 1392 3627 1445; x_wconf 91' lang='lat' dir='ltr'><strong>omnia</strong></span> <span class='ocrx_word' id='word_1_619' title='bbox 3662 1407 3829 1462; x_wconf 87' lang='lat' dir='ltr'><strong>passu</strong></span> <span class='ocrx_word' id='word_1_620' title='bbox 3850 1422 3871 1430; x_wconf 62' lang='grc' dir='ltr'><strong>ι</strong></span> 
     </span>
    </p>
   </div>
   <div class='ocr_carea' id='block_1_75' title="bbox 2269 1475 3867 1554">
    <p class='ocr_par' dir='ltr' id='par_1_75' title="bbox 2269 1475 3867 1554">
     <span class='ocr_line' id='line_1_75' title="bbox 2269 1475 3867 1554; baseline 0.009 -27"><span class='ocrx_word' id='word_1_621' title='bbox 2269 1488 2359 1527; x_wconf 90' lang='lat' dir='ltr'><strong>rus</strong></span> <span class='ocrx_word' id='word_1_622' title='bbox 2385 1484 2486 1537; x_wconf 91' lang='lat' dir='ltr'><strong>est,</strong></span> <span class='ocrx_word' id='word_1_623' title='bbox 2519 1476 2609 1546; x_wconf 92' lang='lat' dir='ltr'><strong>qui</strong></span> <span class='ocrx_word' id='word_1_624' title='bbox 2639 1475 2709 1530; x_wconf 89' lang='lat' dir='ltr'><strong>ita</strong></span> <span class='ocrx_word' id='word_1_625' title='bbox 2737 1477 2981 1544; x_wconf 87' lang='lat' dir='ltr'><strong>insaniit;</strong></span> <span class='ocrx_word' id='word_1_626' title='bbox 3013 1480 3097 1534; x_wconf 90' lang='lat' dir='ltr'><strong>hic</strong></span> <span class='ocrx_word' id='word_1_627' title='bbox 3124 1496 3252 1535; x_wconf 88' lang='lat' dir='ltr'><strong>vero</strong></span> <span class='ocrx_word' id='word_1_628' title='bbox 3278 1482 3425 1537; x_wconf 87' lang='lat' dir='ltr'><strong>illum</strong></span> <span class='ocrx_word' id='word_1_629' title='bbox 3451 1483 3721 1554; x_wconf 88' lang='lat' dir='ltr'><strong>baptizare</strong></span> <span class='ocrx_word' id='word_1_630' title='bbox 3745 1502 3867 1541; x_wconf 84' lang='lat' dir='ltr'><strong>non</strong></span> 
     </span>
    </p>
   </div>
   <div class='ocr_carea' id='block_1_76' title="bbox 2267 1567 3865 1645">
    <p class='ocr_par' dir='ltr' id='par_1_76' title="bbox 2267 1567 3865 1645">
     <span class='ocr_line' id='line_1_76' title="bbox 2267 1567 3865 1645; baseline 0.009 -26"><span class='ocrx_word' id='word_1_631' title='bbox 2267 1567 2397 1631; x_wconf 87' lang='lat' dir='ltr'><strong>vult,</strong></span> <span class='ocrx_word' id='word_1_632' title='bbox 2428 1576 2487 1621; x_wconf 92' lang='lat' dir='ltr'><strong>ut</strong></span> <span class='ocrx_word' id='word_1_633' title='bbox 2511 1569 2680 1624; x_wconf 88' lang='lat' dir='ltr'><strong>visum</strong></span> <span class='ocrx_word' id='word_1_634' title='bbox 2705 1572 2941 1642; x_wconf 87' lang='lat' dir='ltr'><strong>recipiat.</strong></span> <span class='ocrx_word' id='word_1_635' title='bbox 2984 1572 3148 1638; x_wconf 83' lang='lat' dir='ltr'><strong>Bene,</strong></span> <span class='ocrx_word' id='word_1_636' title='bbox 3181 1575 3384 1645; x_wconf 88' lang='lat' dir='ltr'><strong>inquit;</strong></span> <span class='ocrx_word' id='word_1_637' title='bbox 3417 1577 3535 1632; x_wconf 88' lang='lat' dir='ltr'><strong>sine</strong></span> <span class='ocrx_word' id='word_1_638' title='bbox 3562 1577 3712 1633; x_wconf 90' lang='lat' dir='ltr'><strong>illum</strong></span> <span class='ocrx_word' id='word_1_639' title='bbox 3743 1595 3865 1633; x_wconf 80' lang='lat' dir='ltr'><strong>ca:-</strong></span> 
     </span>
    </p>
   </div>
   <div class='ocr_carea' id='block_1_77' title="bbox 2267 1663 3869 1739">
    <p class='ocr_par' dir='ltr' id='par_1_77' title="bbox 2267 1663 3869 1739">
     <span class='ocr_line' id='line_1_77' title="bbox 2267 1663 3869 1739; baseline 0.01 -25"><span class='ocrx_word' id='word_1_640' title='bbox 2267 1675 2388 1715; x_wconf 91' lang='lat' dir='ltr'><strong>cum</strong></span> <span class='ocrx_word' id='word_1_641' title='bbox 2420 1676 2541 1718; x_wconf 88' lang='lat' dir='ltr'><strong>esse</strong></span> <span class='ocrx_word' id='word_1_642' title='bbox 2571 1681 2586 1718; x_wconf 90' lang='lat'><strong>:</strong></span> <span class='ocrx_word' id='word_1_643' title='bbox 2613 1663 2734 1719; x_wconf 87' lang='lat' dir='ltr'><strong>ideo</strong></span> <span class='ocrx_word' id='word_1_644' title='bbox 2764 1680 2901 1720; x_wconf 92' lang='lat' dir='ltr'><strong>nunc</strong></span> <span class='ocrx_word' id='word_1_645' title='bbox 2936 1667 3078 1722; x_wconf 88' lang='lat' dir='ltr'><strong>mitis</strong></span> <span class='ocrx_word' id='word_1_646' title='bbox 3114 1678 3223 1735; x_wconf 88' lang='lat' dir='ltr'><strong>est,</strong></span> <span class='ocrx_word' id='word_1_647' title='bbox 3259 1670 3381 1739; x_wconf 90' lang='lat' dir='ltr'><strong>quia</strong></span> <span class='ocrx_word' id='word_1_648' title='bbox 3409 1685 3581 1726; x_wconf 69' lang='lat' dir='ltr'><strong>circus</strong></span> <span class='ocrx_word' id='word_1_649' title='bbox 3608 1691 3621 1726; x_wconf 92' lang='lat'>:</span> <span class='ocrx_word' id='word_1_650' title='bbox 3648 1687 3743 1727; x_wconf 90' lang='lat' dir='ltr'><strong>cur</strong></span> <span class='ocrx_word' id='word_1_651' title='bbox 3770 1689 3869 1730; x_wconf 86' lang='lat' dir='ltr'><strong>mc</strong></span> 
     </span>
    </p>
   </div>
   <div class='ocr_carea' id='block_1_78' title="bbox 2261 1752 3868 1836">
    <p class='ocr_par' dir='ltr' id='par_1_78' title="bbox 2261 1752 3868 1836">
     <span class='ocr_line' id='line_1_78' title="bbox 2261 1752 3868 1836; baseline 0.009 -29"><span class='ocrx_word' id='word_1_652' title='bbox 2261 1752 2422 1821; x_wconf 90' lang='lat' dir='ltr'><strong>jubes</strong></span> <span class='ocrx_word' id='word_1_653' title='bbox 2459 1757 2668 1824; x_wconf 82' lang='lat' dir='ltr'><strong>aperire</strong></span> <span class='ocrx_word' id='word_1_654' title='bbox 2700 1758 2886 1813; x_wconf 89' lang='lat' dir='ltr'><strong>oculos</strong></span> <span class='ocrx_word' id='word_1_655' title='bbox 2915 1760 3066 1829; x_wconf 82' lang='lat' dir='ltr'><strong>ejus?</strong></span> <span class='ocrx_word' id='word_1_656' title='bbox 3103 1777 3169 1817; x_wconf 87' lang='lat' dir='ltr'><strong>an</strong></span> <span class='ocrx_word' id='word_1_657' title='bbox 3208 1771 3265 1817; x_wconf 91' lang='lat' dir='ltr'><strong>ut</strong></span> <span class='ocrx_word' id='word_1_658' title='bbox 3298 1778 3507 1818; x_wconf 88' lang='lat' dir='ltr'><strong>rursum</strong></span> <span class='ocrx_word' id='word_1_659' title='bbox 3537 1764 3757 1836; x_wconf 81' lang='lat' dir='ltr'><strong>alliget?</strong></span> <span class='ocrx_word' id='word_1_660' title='bbox 3789 1768 3868 1821; x_wconf 80' lang='lat' dir='ltr'><strong>At</strong></span> 
     </span>
    </p>
   </div>
   <div class='ocr_carea' id='block_1_79' title="bbox 2266 1843 3864 1922">
    <p class='ocr_par' dir='ltr' id='par_1_79' title="bbox 2266 1843 3864 1922">
     <span class='ocr_line' id='line_1_79' title="bbox 2266 1843 3864 1922; baseline 0.009 -26"><span class='ocrx_word' id='word_1_661' title='bbox 2266 1858 2336 1897; x_wconf 90' lang='lat' dir='ltr'><strong>ne</strong></span> <span class='ocrx_word' id='word_1_662' title='bbox 2381 1843 2613 1900; x_wconf 82' lang='lat' dir='ltr'><strong>futurum</strong></span> <span class='ocrx_word' id='word_1_663' title='bbox 2656 1847 2843 1905; x_wconf 89' lang='lat' dir='ltr'><strong>timeas</strong></span> <span class='ocrx_word' id='word_1_664' title='bbox 2869 1869 2883 1904; x_wconf 91' lang='lat'><strong>:</strong></span> <span class='ocrx_word' id='word_1_665' title='bbox 2909 1866 3031 1906; x_wconf 89' lang='lat' dir='ltr'><strong>nam</strong></span> <span class='ocrx_word' id='word_1_666' title='bbox 3078 1853 3277 1922; x_wconf 90' lang='lat' dir='ltr'><strong>apertis</strong></span> <span class='ocrx_word' id='word_1_667' title='bbox 3310 1855 3477 1910; x_wconf 89' lang='lat' dir='ltr'><strong>oculis</strong></span> <span class='ocrx_word' id='word_1_668' title='bbox 3517 1872 3625 1911; x_wconf 92' lang='lat' dir='ltr'><strong>non</strong></span> <span class='ocrx_word' id='word_1_669' title='bbox 3665 1866 3864 1912; x_wconf 74' lang='lat' dir='ltr'><strong>contra</strong></span> 
     </span>
    </p>
   </div>
   <div class='ocr_carea' id='block_1_80' title="bbox 2267 1938 3867 2019">
    <p class='ocr_par' dir='ltr' id='par_1_80' title="bbox 2267 1938 3867 2019">
     <span class='ocr_line' id='line_1_80' title="bbox 2267 1938 3867 2019; baseline 0.008 -26"><span class='ocrx_word' id='word_1_670' title='bbox 2267 1953 2387 2003; x_wconf 91' lang='lat' dir='ltr'><strong>nos,</strong></span> <span class='ocrx_word' id='word_1_671' title='bbox 2416 1938 2510 1995; x_wconf 86' lang='lat' dir='ltr'><strong>sed</strong></span> <span class='ocrx_word' id='word_1_672' title='bbox 2538 1956 2636 2011; x_wconf 91' lang='lat' dir='ltr'><strong>pro</strong></span> <span class='ocrx_word' id='word_1_673' title='bbox 2664 1942 2821 1998; x_wconf 89' lang='lat' dir='ltr'><strong>nobis</strong></span> <span class='ocrx_word' id='word_1_674' title='bbox 2845 1953 3024 2000; x_wconf 91' lang='lat' dir='ltr'><strong>utetur</strong></span> <span class='ocrx_word' id='word_1_675' title='bbox 3053 1964 3067 2000; x_wconf 90' lang='lat'><strong>:</strong></span> <span class='ocrx_word' id='word_1_676' title='bbox 3099 1946 3168 2001; x_wconf 88' lang='lat' dir='ltr'><strong>ad</strong></span> <span class='ocrx_word' id='word_1_677' title='bbox 3198 1947 3319 2012; x_wconf 88' lang='lat' dir='ltr'><strong>hoc,</strong></span> <span class='ocrx_word' id='word_1_678' title='bbox 3348 1947 3415 2004; x_wconf 89' lang='lat' dir='ltr'><strong>Ut</strong></span> <span class='ocrx_word' id='word_1_679' title='bbox 3438 1950 3674 2019; x_wconf 84' lang='lat' dir='ltr'><strong>respiciat</strong></span> <span class='ocrx_word' id='word_1_680' title='bbox 3693 1991 3708 2014; x_wconf 93' lang='lat'><strong>,</strong></span> <span class='ocrx_word' id='word_1_681' title='bbox 3738 1950 3867 2005; x_wconf 71' lang='lat' dir='ltr'><strong>lucc</strong></span> 
     </span>
    </p>
   </div>
   <div class='ocr_carea' id='block_1_81' title="bbox 2266 2031 3866 2103">
    <p class='ocr_par' dir='ltr' id='par_1_81' title="bbox 2266 2031 3866 2103">
     <span class='ocr_line' id='line_1_81' title="bbox 2266 2031 3866 2103; baseline 0.008 -19"><span class='ocrx_word' id='word_1_682' title='bbox 2266 2045 2477 2102; x_wconf 88' lang='lat' dir='ltr'><strong>quoque</strong></span> <span class='ocrx_word' id='word_1_683' title='bbox 2513 2031 2851 2103; x_wconf 90' lang='lat' dir='ltr'><strong>adjiciantur.</strong></span> <span class='ocrx_word' id='word_1_684' title='bbox 2896 2035 2975 2092; x_wconf 85' lang='lat' dir='ltr'><strong>Ne</strong></span> <span class='ocrx_word' id='word_1_685' title='bbox 3022 2036 3206 2094; x_wconf 87' lang='lat' dir='ltr'><strong>timeas</strong></span> <span class='ocrx_word' id='word_1_686' title='bbox 3237 2057 3251 2094; x_wconf 89' lang='lat'>:</span> <span class='ocrx_word' id='word_1_687' title='bbox 3285 2039 3414 2094; x_wconf 90' lang='lat' dir='ltr'><strong>nihil</strong></span> <span class='ocrx_word' id='word_1_688' title='bbox 3441 2041 3589 2096; x_wconf 90' lang='lat' dir='ltr'><strong>vobis</strong></span> <span class='ocrx_word' id='word_1_689' title='bbox 3620 2042 3742 2097; x_wconf 88' lang='lat' dir='ltr'><strong>mali</strong></span> <span class='ocrx_word' id='word_1_690' title='bbox 3772 2041 3866 2096; x_wconf 65' lang='grc' dir='ltr'><strong>[ιι-</strong></span> 
     </span>
    </p>
   </div>
   <div class='ocr_carea' id='block_1_82' title="bbox 2267 2122 3866 2202">
    <p class='ocr_par' dir='ltr' id='par_1_82' title="bbox 2267 2122 3866 2202">
     <span class='ocr_line' id='line_1_82' title="bbox 2267 2122 3866 2202; baseline 0.008 -26"><span class='ocrx_word' id='word_1_691' title='bbox 2267 2122 2401 2189; x_wconf 90' lang='lat' dir='ltr'><strong>ciet;</strong></span> <span class='ocrx_word' id='word_1_692' title='bbox 2446 2123 2554 2179; x_wconf 93' lang='lat' dir='ltr'><strong>imo</strong></span> <span class='ocrx_word' id='word_1_693' title='bbox 2580 2127 2808 2196; x_wconf 91' lang='lat' dir='ltr'><strong>patietur</strong></span> <span class='ocrx_word' id='word_1_694' title='bbox 2834 2127 3019 2184; x_wconf 90' lang='lat' dir='ltr'><strong>multa.</strong></span> <span class='ocrx_word' id='word_1_695' title='bbox 3056 2129 3125 2184; x_wconf 87' lang='lat' dir='ltr'><strong>Et</strong></span> <span class='ocrx_word' id='word_1_696' title='bbox 3156 2131 3296 2201; x_wconf 91' lang='lat' dir='ltr'><strong>quod</strong></span> <span class='ocrx_word' id='word_1_697' title='bbox 3325 2132 3566 2188; x_wconf 87' lang='lat' dir='ltr'><strong>mirabile</strong></span> <span class='ocrx_word' id='word_1_698' title='bbox 3592 2142 3710 2201; x_wconf 89' lang='lat' dir='ltr'><strong>est,</strong></span> <span class='ocrx_word' id='word_1_699' title='bbox 3740 2134 3866 2202; x_wconf 85' lang='lat' dir='ltr'><strong>pri-</strong></span> 
     </span>
    </p>
   </div>
   <div class='ocr_carea' id='block_1_83' title="bbox 2268 2216 3859 2294">
    <p class='ocr_par' dir='ltr' id='par_1_83' title="bbox 2268 2216 3859 2294">
     <span class='ocr_line' id='line_1_83' title="bbox 2268 2216 3859 2294; baseline 0.006 -25"><span class='ocrx_word' id='word_1_700' title='bbox 2268 2229 2357 2269; x_wconf 92' lang='lat' dir='ltr'><strong>mo</strong></span> <span class='ocrx_word' id='word_1_701' title='bbox 2384 2216 2634 2285; x_wconf 88' lang='lat' dir='ltr'><strong>patietur,</strong></span> <span class='ocrx_word' id='word_1_702' title='bbox 2654 2227 2707 2273; x_wconf 88' lang='lat' dir='ltr'><strong>et</strong></span> <span class='ocrx_word' id='word_1_703' title='bbox 2736 2228 2861 2289; x_wconf 74' lang='lat' dir='ltr'><strong>tunc</strong></span> <span class='ocrx_word' id='word_1_704' title='bbox 2890 2220 2941 2275; x_wconf 92' lang='lat' dir='ltr'><strong>in</strong></span> <span class='ocrx_word' id='word_1_705' title='bbox 2970 2221 3202 2289; x_wconf 87' lang='lat' dir='ltr'><strong>pericula</strong></span> <span class='ocrx_word' id='word_1_706' title='bbox 3227 2223 3441 2279; x_wconf 89' lang='lat' dir='ltr'><strong>incidet.</strong></span> <span class='ocrx_word' id='word_1_707' title='bbox 3472 2224 3631 2279; x_wconf 86' lang='lat' dir='ltr'><strong>Saule</strong></span> <span class='ocrx_word' id='word_1_708' title='bbox 3656 2225 3859 2294; x_wconf 78' lang='lat' dir='ltr'><strong>frater,</strong></span> 
     </span>
    </p>
   </div>
   <div class='ocr_carea' id='block_1_84' title="bbox 2267 2303 3861 2385">
    <p class='ocr_par' dir='ltr' id='par_1_84' title="bbox 2267 2303 3861 2385">
     <span class='ocr_line' id='line_1_84' title="bbox 2267 2303 3861 2385; baseline 0.009 -27"><span class='ocrx_word' id='word_1_709' title='bbox 2267 2303 2419 2359; x_wconf 86' lang='lat' dir='ltr'><strong>Jesus</strong></span> <span class='ocrx_word' id='word_1_710' title='bbox 2446 2307 2531 2375; x_wconf 89' lang='lat' dir='ltr'><strong>qui</strong></span> <span class='ocrx_word' id='word_1_711' title='bbox 2552 2308 2793 2377; x_wconf 79' lang='lat' dir='ltr'><strong>apparuit</strong></span> <span class='ocrx_word' id='word_1_712' title='bbox 2820 2311 2909 2365; x_wconf 86' lang='lat' dir='ltr'><strong>tibi</strong></span> <span class='ocrx_word' id='word_1_713' title='bbox 2934 2312 2986 2365; x_wconf 87' lang='lat' dir='ltr'><strong>in</strong></span> <span class='ocrx_word' id='word_1_714' title='bbox 3007 2313 3107 2378; x_wconf 80' lang='lat' dir='ltr'><strong>uia,</strong></span> <span class='ocrx_word' id='word_1_715' title='bbox 3133 2314 3266 2367; x_wconf 86' lang='lat' dir='ltr'><strong>misit</strong></span> <span class='ocrx_word' id='word_1_716' title='bbox 3292 2331 3389 2369; x_wconf 86' lang='lat' dir='ltr'><strong>me.</strong></span> <span class='ocrx_word' id='word_1_717' title='bbox 3422 2314 3539 2370; x_wconf 82' lang='lat' dir='ltr'><strong>Non</strong></span> <span class='ocrx_word' id='word_1_718' title='bbox 3566 2315 3721 2381; x_wconf 83' lang='lat' dir='ltr'><strong>dixit,</strong></span> <span class='ocrx_word' id='word_1_719' title='bbox 3748 2316 3861 2385; x_wconf 84' lang='lat' dir='ltr'><strong>Qui</strong></span> 
     </span>
    </p>
   </div>
   <div class='ocr_carea' id='block_1_85' title="bbox 2268 2401 3863 2481">
    <p class='ocr_par' dir='ltr' id='par_1_85' title="bbox 2268 2401 3863 2481">
     <span class='ocr_line' id='line_1_85' title="bbox 2268 2401 3863 2481; baseline 0.009 -30"><span class='ocrx_word' id='word_1_720' title='bbox 2268 2401 2574 2467; x_wconf 74' lang='lat' dir='ltr'><strong>cxcmcavit,</strong></span> <span class='ocrx_word' id='word_1_721' title='bbox 2603 2401 2695 2455; x_wconf 89' lang='lat' dir='ltr'><strong>sed</strong></span> <span class='ocrx_word' id='word_1_722' title='bbox 2721 2444 2736 2469; x_wconf 92' lang='lat'><strong>,</strong></span> <span class='ocrx_word' id='word_1_723' title='bbox 2773 2403 2874 2468; x_wconf 86' lang='lat' dir='ltr'><strong>Qui</strong></span> <span class='ocrx_word' id='word_1_724' title='bbox 2894 2413 3135 2475; x_wconf 82' lang='lat' dir='ltr'><strong>apparuit</strong></span> <span class='ocrx_word' id='word_1_725' title='bbox 3164 2407 3254 2460; x_wconf 88' lang='lat' dir='ltr'><strong>tibi</strong></span> <span class='ocrx_word' id='word_1_726' title='bbox 3280 2424 3300 2462; x_wconf 88' lang='lat'><strong><em>:</em></strong></span> <span class='ocrx_word' id='word_1_727' title='bbox 3323 2408 3396 2463; x_wconf 90' lang='lat' dir='ltr'><strong>ita</strong></span> <span class='ocrx_word' id='word_1_728' title='bbox 3427 2409 3666 2465; x_wconf 88' lang='lat' dir='ltr'><strong>modeste</strong></span> <span class='ocrx_word' id='word_1_729' title='bbox 3692 2425 3863 2481; x_wconf 80' lang='lat' dir='ltr'><strong>agere</strong></span> 
     </span>
    </p>
   </div>
   <div class='ocr_carea' id='block_1_86' title="bbox 2267 2488 3863 2571">
    <p class='ocr_par' dir='ltr' id='par_1_86' title="bbox 2267 2488 3863 2571">
     <span class='ocr_line' id='line_1_86' title="bbox 2267 2488 3863 2571; baseline 0.011 -30"><span class='ocrx_word' id='word_1_730' title='bbox 2267 2488 2486 2556; x_wconf 89' lang='lat' dir='ltr'><strong>sciebat,</strong></span> <span class='ocrx_word' id='word_1_731' title='bbox 2532 2490 2772 2562; x_wconf 73' lang='lat' dir='ltr'><strong>nihilque</strong></span> <span class='ocrx_word' id='word_1_732' title='bbox 2810 2506 3126 2566; x_wconf 76' lang='lat' dir='ltr'><strong>arroganter</strong></span> <span class='ocrx_word' id='word_1_733' title='bbox 3166 2498 3314 2553; x_wconf 92' lang='lat' dir='ltr'><strong>dicit.</strong></span> <span class='ocrx_word' id='word_1_734' title='bbox 3365 2499 3433 2556; x_wconf 90' lang='lat' dir='ltr'><strong>Ut</strong></span> <span class='ocrx_word' id='word_1_735' title='bbox 3476 2501 3634 2571; x_wconf 74' lang='lat' dir='ltr'><strong>igitur</strong></span> <span class='ocrx_word' id='word_1_736' title='bbox 3663 2502 3863 2559; x_wconf 86' lang='lat' dir='ltr'><strong>Petrus</strong></span> 
     </span>
    </p>
   </div>
   <div class='ocr_carea' id='block_1_87' title="bbox 2267 2584 3865 2666">
    <p class='ocr_par' dir='ltr' id='par_1_87' title="bbox 2267 2584 3865 2666">
     <span class='ocr_line' id='line_1_87' title="bbox 2267 2584 3865 2666; baseline 0.011 -31"><span class='ocrx_word' id='word_1_737' title='bbox 2267 2593 2453 2636; x_wconf 90' lang='lat' dir='ltr'><strong>curato</strong></span> <span class='ocrx_word' id='word_1_738' title='bbox 2474 2584 2664 2640; x_wconf 90' lang='lat' dir='ltr'><strong>claudo</strong></span> <span class='ocrx_word' id='word_1_739' title='bbox 2686 2586 2896 2643; x_wconf 89' lang='lat' dir='ltr'><strong>dicebat</strong></span> <span class='ocrx_word' id='word_1_740' title='bbox 2921 2606 2933 2643; x_wconf 90' lang='lat'><strong>:</strong></span> <span class='ocrx_word' id='word_1_741' title='bbox 2964 2588 3103 2656; x_wconf 82' lang='lat' dir='ltr'><strong>Quid</strong></span> <span class='ocrx_word' id='word_1_742' title='bbox 3128 2594 3269 2647; x_wconf 87' lang='lat' dir='ltr'><strong>nobis</strong></span> <span class='ocrx_word' id='word_1_743' title='bbox 3294 2596 3571 2663; x_wconf 85' lang='lat' dir='ltr'><strong>attenditis,</strong></span> <span class='ocrx_word' id='word_1_744' title='bbox 3594 2598 3735 2666; x_wconf 88' lang='lat' dir='ltr'><strong>quasi</strong></span> <span class='ocrx_word' id='word_1_745' title='bbox 3758 2615 3865 2652; x_wconf 81' lang='lat' dir='ltr'><strong>no-</strong></span> 
     </span>
    </p>
   </div>
   <div class='ocr_carea' id='block_1_88' title="bbox 2269 2679 3861 2761">
    <p class='ocr_par' dir='ltr' id='par_1_88' title="bbox 2269 2679 3861 2761">
     <span class='ocr_line' id='line_1_88' title="bbox 2269 2679 3861 2761; baseline 0.011 -32"><span class='ocrx_word' id='word_1_746' title='bbox 2269 2686 2374 2729; x_wconf 87' lang='lat' dir='ltr'><strong>stra</strong></span> <span class='ocrx_word' id='word_1_747' title='bbox 2402 2679 2580 2733; x_wconf 82' lang='lat' dir='ltr'><strong>virtute</strong></span> <span class='ocrx_word' id='word_1_748' title='bbox 2606 2683 2683 2735; x_wconf 82' lang='lat' dir='ltr'><strong>uel</strong></span> <span class='ocrx_word' id='word_1_749' title='bbox 2701 2684 2884 2752; x_wconf 87' lang='lat' dir='ltr'><strong>pietate</strong></span> <span class='ocrx_word' id='word_1_750' title='bbox 2902 2685 3168 2754; x_wconf 79' lang='lat' dir='ltr'><strong>fecerimus</strong></span> <span class='ocrx_word' id='word_1_751' title='bbox 3193 2689 3327 2741; x_wconf 88' lang='lat' dir='ltr'><strong>hunc</strong></span> <span class='ocrx_word' id='word_1_752' title='bbox 3352 2688 3611 2745; x_wconf 84' lang='lat' dir='ltr'><strong>ambulare</strong></span> <span class='ocrx_word' id='word_1_753' title='bbox 3637 2690 3769 2761; x_wconf 79' lang='lat' dir='ltr'><strong>(Act.</strong></span> <span class='ocrx_word' id='word_1_754' title='bbox 3797 2693 3861 2747; x_wconf 78' lang='lat'><strong>3.</strong></span> 
     </span>
    </p>
   </div>
   <div class='ocr_carea' id='block_1_89' title="bbox 2272 2768 3864 2854">
    <p class='ocr_par' dir='ltr' id='par_1_89' title="bbox 2272 2768 3864 2854">
     <span class='ocr_line' id='line_1_89' title="bbox 2272 2768 3864 2854; baseline 0.011 -32"><span class='ocrx_word' id='word_1_755' title='bbox 2272 2768 2400 2839; x_wconf 70' lang='lat'><strong>12)?</strong></span> <span class='ocrx_word' id='word_1_756' title='bbox 2424 2770 2501 2825; x_wconf 89' lang='lat' dir='ltr'><strong>sic</strong></span> <span class='ocrx_word' id='word_1_757' title='bbox 2530 2782 2583 2827; x_wconf 90' lang='lat' dir='ltr'><strong>et</strong></span> <span class='ocrx_word' id='word_1_758' title='bbox 2611 2774 2731 2840; x_wconf 90' lang='lat' dir='ltr'><strong>iste,</strong></span> <span class='ocrx_word' id='word_1_759' title='bbox 2760 2774 2909 2830; x_wconf 85' lang='lat' dir='ltr'><strong>.lcsus</strong></span> <span class='ocrx_word' id='word_1_760' title='bbox 2938 2779 3023 2845; x_wconf 88' lang='lat' dir='ltr'><strong>qui</strong></span> <span class='ocrx_word' id='word_1_761' title='bbox 3050 2782 3287 2850; x_wconf 88' lang='lat' dir='ltr'><strong>apparuit</strong></span> <span class='ocrx_word' id='word_1_762' title='bbox 3314 2782 3420 2835; x_wconf 88' lang='lat' dir='ltr'><strong>tibi.</strong></span> <span class='ocrx_word' id='word_1_763' title='bbox 3452 2782 3713 2853; x_wconf 85' lang='lat' dir='ltr'><strong>Impositis</strong></span> <span class='ocrx_word' id='word_1_764' title='bbox 3736 2784 3864 2854; x_wconf 83' lang='lat' dir='ltr'><strong>jam</strong></span> 
     </span>
    </p>
   </div>
   <div class='ocr_carea' id='block_1_90' title="bbox 2271 2864 3865 2944">
    <p class='ocr_par' dir='ltr' id='par_1_90' title="bbox 2271 2864 3865 2944">
     <span class='ocr_line' id='line_1_90' title="bbox 2271 2864 3865 2944; baseline 0.011 -29"><span class='ocrx_word' id='word_1_765' title='bbox 2271 2864 2516 2920; x_wconf 84' lang='lat' dir='ltr'><strong>manibus</strong></span> <span class='ocrx_word' id='word_1_766' title='bbox 2545 2867 2659 2923; x_wconf 64' lang='lat' dir='ltr'><strong>haec</strong></span> <span class='ocrx_word' id='word_1_767' title='bbox 2690 2869 3025 2939; x_wconf 88' lang='lat' dir='ltr'><strong>loquebatur,</strong></span> <span class='ocrx_word' id='word_1_768' title='bbox 3057 2882 3111 2928; x_wconf 92' lang='lat' dir='ltr'><strong>et</strong></span> <span class='ocrx_word' id='word_1_769' title='bbox 3139 2873 3331 2944; x_wconf 84' lang='lat' dir='ltr'><strong>duplex</strong></span> <span class='ocrx_word' id='word_1_770' title='bbox 3364 2876 3576 2932; x_wconf 66' lang='lat' dir='ltr'><strong>carcitas</strong></span> <span class='ocrx_word' id='word_1_771' title='bbox 3606 2876 3865 2932; x_wconf 78' lang='lat' dir='ltr'><strong>solveba-</strong></span> 
     </span>
    </p>
   </div>
   <div class='ocr_carea' id='block_1_91' title="bbox 2272 2958 3867 3036">
    <p class='ocr_par' dir='ltr' id='par_1_91' title="bbox 2272 2958 3867 3036">
     <span class='ocr_line' id='line_1_91' title="bbox 2272 2958 3867 3036; baseline 0.009 -26"><span class='ocrx_word' id='word_1_772' title='bbox 2272 2966 2373 3011; x_wconf 90' lang='lat' dir='ltr'><strong>tur.</strong></span> <span class='ocrx_word' id='word_1_773' title='bbox 2406 2958 2537 3012; x_wconf 85' lang='lat' dir='ltr'><strong>Cum</strong></span> <span class='ocrx_word' id='word_1_774' title='bbox 2560 2958 2688 3015; x_wconf 89' lang='lat' dir='ltr'><strong>dicit</strong></span> <span class='ocrx_word' id='word_1_775' title='bbox 2713 2972 2911 3027; x_wconf 90' lang='lat' dir='ltr'><strong>autem,</strong></span> <span class='ocrx_word' id='word_1_776' title='bbox 2942 2961 3069 3018; x_wconf 86' lang='lat' dir='ltr'><strong>Cum</strong></span> <span class='ocrx_word' id='word_1_777' title='bbox 3094 2966 3304 3033; x_wconf 86' lang='lat' dir='ltr'><strong>cepisset</strong></span> <span class='ocrx_word' id='word_1_778' title='bbox 3328 2967 3513 3033; x_wconf 89' lang='lat' dir='ltr'><strong>cibum,</strong></span> <span class='ocrx_word' id='word_1_779' title='bbox 3538 2967 3867 3036; x_wconf 85' lang='lat' dir='ltr'><strong>confortatus</strong></span> 
     </span>
    </p>
   </div>
   <div class='ocr_carea' id='block_1_92' title="bbox 2271 3051 3871 3121">
    <p class='ocr_par' dir='ltr' id='par_1_92' title="bbox 2271 3051 3871 3121">
     <span class='ocr_line' id='line_1_92' title="bbox 2271 3051 3871 3121; baseline 0.011 -18"><span class='ocrx_word' id='word_1_780' title='bbox 2271 3060 2377 3113; x_wconf 87' lang='lat' dir='ltr'><strong>est,</strong></span> <span class='ocrx_word' id='word_1_781' title='bbox 2420 3051 2680 3121; x_wconf 80' lang='lat' dir='ltr'><strong>signiﬁcat</strong></span> <span class='ocrx_word' id='word_1_782' title='bbox 2710 3054 2857 3110; x_wconf 91' lang='lat' dir='ltr'><strong>illum</strong></span> <span class='ocrx_word' id='word_1_783' title='bbox 2890 3056 3212 3113; x_wconf 84' lang='lat' dir='ltr'><strong>inﬁrmatum</strong></span> <span class='ocrx_word' id='word_1_784' title='bbox 3241 3074 3360 3115; x_wconf 89' lang='lat' dir='ltr'><strong>esse</strong></span> <span class='ocrx_word' id='word_1_785' title='bbox 3385 3076 3415 3115; x_wconf 85' lang='lat' dir='ltr'><strong>a</strong></span> <span class='ocrx_word' id='word_1_786' title='bbox 3446 3076 3676 3117; x_wconf 82' lang='lat' dir='ltr'><strong>mterore</strong></span> <span class='ocrx_word' id='word_1_787' title='bbox 3699 3065 3871 3119; x_wconf 70' lang='lat' dir='ltr'><strong>carci-</strong></span> 
     </span>
    </p>
   </div>
   <div class='ocr_carea' id='block_1_93' title="bbox 2274 3143 3868 3223">
    <p class='ocr_par' dir='ltr' id='par_1_93' title="bbox 2274 3143 3868 3223">
     <span class='ocr_line' id='line_1_93' title="bbox 2274 3143 3868 3223; baseline 0.01 -30"><span class='ocrx_word' id='word_1_788' title='bbox 2274 3143 2430 3208; x_wconf 87' lang='lat' dir='ltr'><strong>tatis,</strong></span> <span class='ocrx_word' id='word_1_789' title='bbox 2460 3160 2488 3196; x_wconf 87' lang='lat' dir='ltr'><strong>a</strong></span> <span class='ocrx_word' id='word_1_790' title='bbox 2527 3144 2716 3201; x_wconf 88' lang='lat' dir='ltr'><strong>timore</strong></span> <span class='ocrx_word' id='word_1_791' title='bbox 2749 3157 2802 3202; x_wconf 89' lang='lat' dir='ltr'><strong>et</strong></span> <span class='ocrx_word' id='word_1_792' title='bbox 2826 3164 2855 3201; x_wconf 88' lang='lat' dir='ltr'><strong>a</strong></span> <span class='ocrx_word' id='word_1_793' title='bbox 2888 3148 3045 3205; x_wconf 81' lang='lat' dir='ltr'><strong>fame.</strong></span> <span class='ocrx_word' id='word_1_794' title='bbox 3090 3150 3274 3220; x_wconf 88' lang='lat' dir='ltr'><strong>Neque</strong></span> <span class='ocrx_word' id='word_1_795' title='bbox 3313 3153 3457 3207; x_wconf 87' lang='lat' dir='ltr'><strong>enim</strong></span> <span class='ocrx_word' id='word_1_796' title='bbox 3499 3154 3645 3223; x_wconf 88' lang='lat' dir='ltr'><strong>prius</strong></span> <span class='ocrx_word' id='word_1_797' title='bbox 3676 3154 3868 3210; x_wconf 84' lang='lat' dir='ltr'><strong>cibutn</strong></span> 
     </span>
    </p>
   </div>
   <div class='ocr_carea' id='block_1_94' title="bbox 2273 3238 3873 3315">
    <p class='ocr_par' dir='ltr' id='par_1_94' title="bbox 2273 3238 3873 3315">
     <span class='ocr_line' id='line_1_94' title="bbox 2273 3238 3873 3315; baseline 0.009 -28"><span class='ocrx_word' id='word_1_798' title='bbox 2273 3249 2485 3290; x_wconf 88' lang='lat' dir='ltr'><strong>sumere</strong></span> <span class='ocrx_word' id='word_1_799' title='bbox 2530 3238 2732 3304; x_wconf 88' lang='lat' dir='ltr'><strong>voluit,</strong></span> <span class='ocrx_word' id='word_1_800' title='bbox 2783 3256 2941 3310; x_wconf 91' lang='lat' dir='ltr'><strong>quam</strong></span> <span class='ocrx_word' id='word_1_801' title='bbox 2997 3241 3290 3313; x_wconf 85' lang='lat' dir='ltr'><strong>baptizatus</strong></span> <span class='ocrx_word' id='word_1_802' title='bbox 3342 3260 3534 3315; x_wconf 81' lang='lat' dir='ltr'><strong>magna</strong></span> <span class='ocrx_word' id='word_1_803' title='bbox 3576 3248 3873 3302; x_wconf 87' lang='lat' dir='ltr'><strong>sortiretur</strong></span> 
     </span>
    </p>
   </div>
   <div class='ocr_carea' id='block_1_95' title="bbox 2273 3324 3874 3407">
    <p class='ocr_par' dir='ltr' id='par_1_95' title="bbox 2273 3324 3874 3407">
     <span class='ocr_line' id='line_1_95' title="bbox 2273 3324 3874 3407; baseline 0.009 -29"><span class='ocrx_word' id='word_1_804' title='bbox 2273 3324 2432 3378; x_wconf 82' lang='lat' dir='ltr'><strong>dona.</strong></span> <span class='ocrx_word' id='word_1_805' title='bbox 2461 3326 2641 3399; x_wconf 83' lang='lat' dir='ltr'><strong>Neque</strong></span> <span class='ocrx_word' id='word_1_806' title='bbox 2662 3328 2809 3395; x_wconf 86' lang='lat' dir='ltr'><strong>dicit,</strong></span> <span class='ocrx_word' id='word_1_807' title='bbox 2832 3331 2988 3387; x_wconf 87' lang='lat' dir='ltr'><strong>Jesus</strong></span> <span class='ocrx_word' id='word_1_808' title='bbox 3009 3334 3313 3401; x_wconf 86' lang='lat' dir='ltr'><strong>cruciﬁxus,</strong></span> <span class='ocrx_word' id='word_1_809' title='bbox 3345 3333 3511 3391; x_wconf 86' lang='lat' dir='ltr'><strong>Filius</strong></span> <span class='ocrx_word' id='word_1_810' title='bbox 3536 3337 3648 3404; x_wconf 88' lang='lat' dir='ltr'><strong>Dei,</strong></span> <span class='ocrx_word' id='word_1_811' title='bbox 3671 3338 3758 3407; x_wconf 91' lang='lat' dir='ltr'><strong>qui</strong></span> <span class='ocrx_word' id='word_1_812' title='bbox 3784 3339 3874 3392; x_wconf 84' lang='lat' dir='ltr'><strong>si-</strong></span> 
     </span>
    </p>
   </div>
   <div class='ocr_carea' id='block_1_96' title="bbox 2271 3420 3871 3503">
    <p class='ocr_par' dir='ltr' id='par_1_96' title="bbox 2271 3420 3871 3503">
     <span class='ocr_line' id='line_1_96' title="bbox 2271 3420 3871 3503; baseline 0.01 -32"><span class='ocrx_word' id='word_1_813' title='bbox 2271 3433 2373 3488; x_wconf 77' lang='lat' dir='ltr'><strong>gna</strong></span> <span class='ocrx_word' id='word_1_814' title='bbox 2405 3420 2563 3487; x_wconf 79' lang='lat' dir='ltr'><strong>facit;</strong></span> <span class='ocrx_word' id='word_1_815' title='bbox 2591 3424 2684 3478; x_wconf 90' lang='lat' dir='ltr'><strong>sed</strong></span> <span class='ocrx_word' id='word_1_816' title='bbox 2707 3425 2868 3495; x_wconf 89' lang='lat' dir='ltr'><strong>quid?</strong></span> <span class='ocrx_word' id='word_1_817' title='bbox 2895 3426 2996 3499; x_wconf 89' lang='lat' dir='ltr'><strong>Qui</strong></span> <span class='ocrx_word' id='word_1_818' title='bbox 3015 3431 3252 3496; x_wconf 83' lang='lat' dir='ltr'><strong>apparuit</strong></span> <span class='ocrx_word' id='word_1_819' title='bbox 3274 3428 3395 3503; x_wconf 80' lang='lat' dir='ltr'><strong>tibi;</strong></span> <span class='ocrx_word' id='word_1_820' title='bbox 3426 3445 3487 3485; x_wconf 87' lang='lat' dir='ltr'><strong>ea</strong></span> <span class='ocrx_word' id='word_1_821' title='bbox 3517 3430 3716 3495; x_wconf 87' lang='lat' dir='ltr'><strong>dicens,</strong></span> <span class='ocrx_word' id='word_1_822' title='bbox 3735 3446 3871 3500; x_wconf 70' lang='lat' dir='ltr'><strong>qua:</strong></span> 
     </span>
    </p>
   </div>
   <div class='ocr_carea' id='block_1_97' title="bbox 2274 3502 3872 3591">
    <p class='ocr_par' dir='ltr' id='par_1_97' title="bbox 2274 3502 3872 3591">
     <span class='ocr_line' id='line_1_97' title="bbox 2274 3502 3872 3591; baseline 0.008 -28"><span class='ocrx_word' id='word_1_823' title='bbox 2274 3511 2347 3564; x_wconf 89' lang='lat' dir='ltr'><strong>illi</strong></span> <span class='ocrx_word' id='word_1_824' title='bbox 2381 3522 2504 3565; x_wconf 90' lang='lat' dir='ltr'><strong>nota</strong></span> <span class='ocrx_word' id='word_1_825' title='bbox 2530 3525 2703 3567; x_wconf 89' lang='lat' dir='ltr'><strong>erant.</strong></span> <span class='ocrx_word' id='word_1_826' title='bbox 2750 3502 3190 3588; x_wconf 83' lang='lat' dir='ltr'><strong>Quandoquidem</strong></span> <span class='ocrx_word' id='word_1_827' title='bbox 3218 3535 3285 3575; x_wconf 89' lang='lat' dir='ltr'><strong>ne</strong></span> <span class='ocrx_word' id='word_1_828' title='bbox 3314 3520 3429 3590; x_wconf 88' lang='lat' dir='ltr'><strong>ipse</strong></span> <span class='ocrx_word' id='word_1_829' title='bbox 3457 3521 3671 3591; x_wconf 89' lang='lat' dir='ltr'><strong>quidem</strong></span> <span class='ocrx_word' id='word_1_830' title='bbox 3698 3519 3872 3576; x_wconf 84' lang='lat' dir='ltr'><strong>Chri-</strong></span> 
     </span>
    </p>
   </div>
   <div class='ocr_carea' id='block_1_98' title="bbox 2275 3604 3877 3683">
    <p class='ocr_par' dir='ltr' id='par_1_98' title="bbox 2275 3604 3877 3683">
     <span class='ocr_line' id='line_1_98' title="bbox 2275 3604 3877 3683; baseline 0.01 -30"><span class='ocrx_word' id='word_1_831' title='bbox 2275 3613 2388 3655; x_wconf 91' lang='lat' dir='ltr'><strong>stus</strong></span> <span class='ocrx_word' id='word_1_832' title='bbox 2428 3604 2569 3658; x_wconf 89' lang='lat' dir='ltr'><strong>aliud</strong></span> <span class='ocrx_word' id='word_1_833' title='bbox 2611 3605 2845 3675; x_wconf 88' lang='lat' dir='ltr'><strong>adjecit,</strong></span> <span class='ocrx_word' id='word_1_834' title='bbox 2887 3625 3058 3679; x_wconf 91' lang='lat' dir='ltr'><strong>neque</strong></span> <span class='ocrx_word' id='word_1_835' title='bbox 3090 3610 3222 3666; x_wconf 82' lang='lat' dir='ltr'><strong>dixit</strong></span> <span class='ocrx_word' id='word_1_836' title='bbox 3252 3629 3264 3665; x_wconf 89' lang='lat'><strong>:</strong></span> <span class='ocrx_word' id='word_1_837' title='bbox 3296 3612 3407 3683; x_wconf 80' lang='lat' dir='ltr'><strong>Ego</strong></span> <span class='ocrx_word' id='word_1_838' title='bbox 3433 3629 3548 3667; x_wconf 90' lang='lat' dir='ltr'><strong>sum</strong></span> <span class='ocrx_word' id='word_1_839' title='bbox 3576 3613 3663 3668; x_wconf 91' lang='lat' dir='ltr'><strong>ille</strong></span> <span class='ocrx_word' id='word_1_840' title='bbox 3688 3614 3877 3668; x_wconf 85' lang='lat' dir='ltr'><strong>cruci-</strong></span> 
     </span>
    </p>
   </div>
   <div class='ocr_carea' id='block_1_99' title="bbox 2276 3696 3878 3778">
    <p class='ocr_par' dir='ltr' id='par_1_99' title="bbox 2276 3696 3878 3778">
     <span class='ocr_line' id='line_1_99' title="bbox 2276 3696 3878 3778; baseline 0.009 -29"><span class='ocrx_word' id='word_1_841' title='bbox 2276 3696 2412 3750; x_wconf 81' lang='lat' dir='ltr'><strong>ﬁxus</strong></span> <span class='ocrx_word' id='word_1_842' title='bbox 2432 3740 2445 3762; x_wconf 91' lang='lat'><strong>,</strong></span> <span class='ocrx_word' id='word_1_843' title='bbox 2478 3700 2566 3768; x_wconf 89' lang='lat' dir='ltr'><strong>qui</strong></span> <span class='ocrx_word' id='word_1_844' title='bbox 2596 3704 2890 3767; x_wconf 86' lang='lat' dir='ltr'><strong>resurrexi;</strong></span> <span class='ocrx_word' id='word_1_845' title='bbox 2930 3704 3023 3759; x_wconf 89' lang='lat' dir='ltr'><strong>sed</strong></span> <span class='ocrx_word' id='word_1_846' title='bbox 3045 3746 3059 3771; x_wconf 93' lang='lat'><strong>,</strong></span> <span class='ocrx_word' id='word_1_847' title='bbox 3092 3706 3249 3770; x_wconf 87' lang='lat' dir='ltr'><strong>Quem</strong></span> <span class='ocrx_word' id='word_1_848' title='bbox 3276 3717 3328 3759; x_wconf 91' lang='lat' dir='ltr'><strong>tu</strong></span> <span class='ocrx_word' id='word_1_849' title='bbox 3362 3708 3693 3778; x_wconf 83' lang='lat' dir='ltr'><strong>persequeris.</strong></span> <span class='ocrx_word' id='word_1_850' title='bbox 3741 3705 3878 3762; x_wconf 77' lang='lat' dir='ltr'><strong>Non</strong></span> 
     </span>
    </p>
   </div>
   <div class='ocr_carea' id='block_1_100' title="bbox 2274 3789 3874 3867">
    <p class='ocr_par' dir='ltr' id='par_1_100' title="bbox 2274 3789 3874 3867">
     <span class='ocr_line' id='line_1_100' title="bbox 2274 3789 3874 3867; baseline 0.008 -25"><span class='ocrx_word' id='word_1_851' title='bbox 2274 3789 2424 3856; x_wconf 84' lang='lat' dir='ltr'><strong>dixit,</strong></span> <span class='ocrx_word' id='word_1_852' title='bbox 2448 3791 2544 3859; x_wconf 85' lang='lat' dir='ltr'><strong>Qui</strong></span> <span class='ocrx_word' id='word_1_853' title='bbox 2580 3798 3043 3864; x_wconf 84' lang='lat' dir='ltr'><strong>perscquutioncm</strong></span> <span class='ocrx_word' id='word_1_854' title='bbox 3068 3799 3266 3867; x_wconf 87' lang='lat' dir='ltr'><strong>patior;</strong></span> <span class='ocrx_word' id='word_1_855' title='bbox 3298 3815 3363 3853; x_wconf 88' lang='lat' dir='ltr'><strong>ne</strong></span> <span class='ocrx_word' id='word_1_856' title='bbox 3385 3799 3656 3855; x_wconf 88' lang='lat' dir='ltr'><strong>videretur</strong></span> <span class='ocrx_word' id='word_1_857' title='bbox 3686 3801 3734 3852; x_wconf 93' lang='lat' dir='ltr'><strong>in</strong></span> <span class='ocrx_word' id='word_1_858' title='bbox 3763 3815 3874 3854; x_wconf 83' lang='lat' dir='ltr'><strong>ex-</strong></span> 
     </span>
    </p>
   </div>
   <div class='ocr_carea' id='block_1_101' title="bbox 2276 3888 3873 3963">
    <p class='ocr_par' dir='ltr' id='par_1_101' title="bbox 2276 3888 3873 3963">
     <span class='ocr_line' id='line_1_101' title="bbox 2276 3888 3873 3963; baseline 0.007 -26"><span class='ocrx_word' id='word_1_859' title='bbox 2276 3898 2429 3939; x_wconf 88' lang='lat' dir='ltr'><strong>cessu</strong></span> <span class='ocrx_word' id='word_1_860' title='bbox 2453 3889 2646 3942; x_wconf 89' lang='lat' dir='ltr'><strong>mentis</strong></span> <span class='ocrx_word' id='word_1_861' title='bbox 2675 3888 2917 3945; x_wconf 86' lang='lat' dir='ltr'><strong>irridere.</strong></span> <span class='ocrx_word' id='word_1_862' title='bbox 2950 3891 3048 3956; x_wconf 90' lang='lat' dir='ltr'><strong>Qui</strong></span> <span class='ocrx_word' id='word_1_863' title='bbox 3076 3893 3315 3963; x_wconf 88' lang='lat' dir='ltr'><strong>apparuit</strong></span> <span class='ocrx_word' id='word_1_864' title='bbox 3338 3893 3445 3959; x_wconf 90' lang='lat' dir='ltr'><strong>tibi,</strong></span> <span class='ocrx_word' id='word_1_865' title='bbox 3473 3893 3663 3963; x_wconf 88' lang='lat' dir='ltr'><strong>inquit,</strong></span> <span class='ocrx_word' id='word_1_866' title='bbox 3683 3895 3732 3947; x_wconf 86' lang='lat' dir='ltr'><strong>in</strong></span> <span class='ocrx_word' id='word_1_867' title='bbox 3758 3896 3873 3949; x_wconf 83' lang='lat' dir='ltr'><strong>via.</strong></span> 
     </span>
    </p>
   </div>
   <div class='ocr_carea' id='block_1_102' title="bbox 2278 3978 3871 4054">
    <p class='ocr_par' dir='ltr' id='par_1_102' title="bbox 2278 3978 3871 4054">
     <span class='ocr_line' id='line_1_102' title="bbox 2278 3978 3871 4054; baseline 0.004 -24"><span class='ocrx_word' id='word_1_868' title='bbox 2278 3978 2439 4046; x_wconf 76' lang='lat' dir='ltr'><strong>Atqui</strong></span> <span class='ocrx_word' id='word_1_869' title='bbox 2472 3994 2577 4032; x_wconf 86' lang='lat' dir='ltr'><strong>tmn</strong></span> <span class='ocrx_word' id='word_1_870' title='bbox 2602 3981 2881 4048; x_wconf 78' lang='lat' dir='ltr'><strong>apparuit,</strong></span> <span class='ocrx_word' id='word_1_871' title='bbox 2912 3982 3005 4037; x_wconf 88' lang='lat' dir='ltr'><strong>sed</strong></span> <span class='ocrx_word' id='word_1_872' title='bbox 3044 3998 3140 4053; x_wconf 88' lang='lat' dir='ltr'><strong>per</strong></span> <span class='ocrx_word' id='word_1_873' title='bbox 3170 3999 3333 4054; x_wconf 89' lang='lat' dir='ltr'><strong>opera</strong></span> <span class='ocrx_word' id='word_1_874' title='bbox 3362 3986 3507 4040; x_wconf 89' lang='lat' dir='ltr'><strong>visus</strong></span> <span class='ocrx_word' id='word_1_875' title='bbox 3540 3995 3640 4040; x_wconf 89' lang='lat' dir='ltr'><strong>est.</strong></span> <span class='ocrx_word' id='word_1_876' title='bbox 3676 3987 3742 4040; x_wconf 68' lang='lat' dir='ltr'><strong>lit</strong></span> <span class='ocrx_word' id='word_1_877' title='bbox 3763 4004 3871 4039; x_wconf 80' lang='lat' dir='ltr'><strong>vu-</strong></span> 
     </span>
    </p>
   </div>
   <div class='ocr_carea' id='block_1_103' title="bbox 2278 4069 3874 4146">
    <p class='ocr_par' dir='ltr' id='par_1_103' title="bbox 2278 4069 3874 4146">
     <span class='ocr_line' id='line_1_103' title="bbox 2278 4069 3874 4146; baseline 0.008 -25"><span class='ocrx_word' id='word_1_878' title='bbox 2278 4069 2392 4122; x_wconf 89' lang='lat' dir='ltr'><strong>lens</strong></span> <span class='ocrx_word' id='word_1_879' title='bbox 2417 4072 2679 4125; x_wconf 86' lang='lat' dir='ltr'><strong>sermonis</strong></span> <span class='ocrx_word' id='word_1_880' title='bbox 2704 4073 2999 4127; x_wconf 88' lang='lat' dir='ltr'><strong>molestiam</strong></span> <span class='ocrx_word' id='word_1_881' title='bbox 3028 4074 3273 4145; x_wconf 81' lang='lat' dir='ltr'><strong>mitigare</strong></span> <span class='ocrx_word' id='word_1_882' title='bbox 3294 4118 3308 4139; x_wconf 89' lang='lat'><strong>,</strong></span> <span class='ocrx_word' id='word_1_883' title='bbox 3337 4076 3515 4131; x_wconf 84' lang='lat' dir='ltr'><strong>statim</strong></span> <span class='ocrx_word' id='word_1_884' title='bbox 3544 4077 3758 4146; x_wconf 80' lang='lat' dir='ltr'><strong>adjicit,</strong></span> <span class='ocrx_word' id='word_1_885' title='bbox 3795 4077 3874 4133; x_wconf 87' lang='lat' dir='ltr'><strong>Ut</strong></span> 
     </span>
    </p>
   </div>
   <div class='ocr_carea' id='block_1_104' title="bbox 2277 4162 3872 4236">
    <p class='ocr_par' dir='ltr' id='par_1_104' title="bbox 2277 4162 3872 4236">
     <span class='ocr_line' id='line_1_104' title="bbox 2277 4162 3872 4236; baseline 0.008 -23"><span class='ocrx_word' id='word_1_886' title='bbox 2277 4162 2466 4227; x_wconf 77' lang='lat' dir='ltr'><strong>rideas,</strong></span> <span class='ocrx_word' id='word_1_887' title='bbox 2496 4173 2541 4215; x_wconf 88' lang='lat' dir='ltr'><strong>et</strong></span> <span class='ocrx_word' id='word_1_888' title='bbox 2568 4165 2824 4234; x_wconf 74' lang='lat' dir='ltr'><strong>impleatis</strong></span> <span class='ocrx_word' id='word_1_889' title='bbox 2855 4166 3054 4235; x_wconf 81' lang='lat' dir='ltr'><strong>Spiritu</strong></span> <span class='ocrx_word' id='word_1_890' title='bbox 3079 4178 3274 4222; x_wconf 91' lang='lat' dir='ltr'><strong>sancto.</strong></span> <span class='ocrx_word' id='word_1_891' title='bbox 3307 4168 3421 4223; x_wconf 79' lang='lat' dir='ltr'><strong>Non</strong></span> <span class='ocrx_word' id='word_1_892' title='bbox 3452 4171 3630 4236; x_wconf 90' lang='lat' dir='ltr'><strong>venit,</strong></span> <span class='ocrx_word' id='word_1_893' title='bbox 3663 4180 3719 4224; x_wconf 93' lang='lat' dir='ltr'><strong>ut</strong></span> <span class='ocrx_word' id='word_1_894' title='bbox 3747 4187 3872 4227; x_wconf 87' lang='lat' dir='ltr'><strong>rem</strong></span> 
     </span>
    </p>
   </div>
   <div class='ocr_carea' id='block_1_105' title="bbox 2278 4252 3868 4334">
    <p class='ocr_par' dir='ltr' id='par_1_105' title="bbox 2278 4252 3868 4334">
     <span class='ocr_line' id='line_1_105' title="bbox 2278 4252 3868 4334; baseline 0.008 -29"><span class='ocrx_word' id='word_1_895' title='bbox 2278 4252 2472 4309; x_wconf 81' lang='lat' dir='ltr'><strong>factam</strong></span> <span class='ocrx_word' id='word_1_896' title='bbox 2498 4267 2763 4325; x_wconf 81' lang='lat' dir='ltr'><strong>argueret,</strong></span> <span class='ocrx_word' id='word_1_897' title='bbox 2793 4259 2886 4312; x_wconf 89' lang='lat' dir='ltr'><strong>sed</strong></span> <span class='ocrx_word' id='word_1_898' title='bbox 2917 4258 2983 4313; x_wconf 89' lang='lat' dir='ltr'><strong>ad</strong></span> <span class='ocrx_word' id='word_1_899' title='bbox 3010 4260 3211 4314; x_wconf 88' lang='lat' dir='ltr'><strong>donum</strong></span> <span class='ocrx_word' id='word_1_900' title='bbox 3237 4262 3641 4328; x_wconf 77' lang='lat' dir='ltr'><strong>conferendum,</strong></span> <span class='ocrx_word' id='word_1_901' title='bbox 3675 4265 3868 4334; x_wconf 90' lang='lat' dir='ltr'><strong>inquit.</strong></span> 
     </span>
    </p>
   </div>
   <div class='ocr_carea' id='block_1_106' title="bbox 2280 4346 3873 4427">
    <p class='ocr_par' dir='ltr' id='par_1_106' title="bbox 2280 4346 3873 4427">
     <span class='ocr_line' id='line_1_106' title="bbox 2280 4346 3873 4427; baseline 0.009 -28"><span class='ocrx_word' id='word_1_902' title='bbox 2280 4346 2503 4401; x_wconf 79' lang='lat' dir='ltr'><strong>Videtur</strong></span> <span class='ocrx_word' id='word_1_903' title='bbox 2542 4349 2670 4403; x_wconf 91' lang='lat' dir='ltr'><strong>mihi</strong></span> <span class='ocrx_word' id='word_1_904' title='bbox 2715 4360 2767 4404; x_wconf 92' lang='lat' dir='ltr'><strong>et</strong></span> <span class='ocrx_word' id='word_1_905' title='bbox 2808 4351 2947 4406; x_wconf 91' lang='lat' dir='ltr'><strong>hunc</strong></span> <span class='ocrx_word' id='word_1_906' title='bbox 2975 4362 3027 4407; x_wconf 90' lang='lat' dir='ltr'><strong>et</strong></span> <span class='ocrx_word' id='word_1_907' title='bbox 3053 4352 3357 4409; x_wconf 89' lang='lat' dir='ltr'><strong>Cornelium</strong></span> <span class='ocrx_word' id='word_1_908' title='bbox 3385 4356 3561 4410; x_wconf 91' lang='lat' dir='ltr'><strong>statim</strong></span> <span class='ocrx_word' id='word_1_909' title='bbox 3595 4367 3713 4427; x_wconf 84' lang='lat' dir='ltr'><strong>post</strong></span> <span class='ocrx_word' id='word_1_910' title='bbox 3752 4360 3873 4414; x_wconf 77' lang='lat' dir='ltr'><strong>lucc</strong></span> 
     </span>
    </p>
   </div>
   <div class='ocr_carea' id='block_1_107' title="bbox 2281 4438 3872 4518">
    <p class='ocr_par' dir='ltr' id='par_1_107' title="bbox 2281 4438 3872 4518">
     <span class='ocr_line' id='line_1_107' title="bbox 2281 4438 3872 4518; baseline 0.009 -25"><span class='ocrx_word' id='word_1_911' title='bbox 2281 4438 2417 4493; x_wconf 88' lang='lat' dir='ltr'><strong>dicta</strong></span> <span class='ocrx_word' id='word_1_912' title='bbox 2450 4442 2607 4495; x_wconf 83' lang='lat' dir='ltr'><strong>verba</strong></span> <span class='ocrx_word' id='word_1_913' title='bbox 2640 4442 2893 4511; x_wconf 84' lang='lat' dir='ltr'><strong>Spiritum</strong></span> <span class='ocrx_word' id='word_1_914' title='bbox 2925 4445 3228 4514; x_wconf 86' lang='lat' dir='ltr'><strong>recepisse;</strong></span> <span class='ocrx_word' id='word_1_915' title='bbox 3275 4449 3374 4502; x_wconf 91' lang='lat' dir='ltr'><strong>etsi</strong></span> <span class='ocrx_word' id='word_1_916' title='bbox 3414 4449 3506 4518; x_wconf 92' lang='lat' dir='ltr'><strong>qui</strong></span> <span class='ocrx_word' id='word_1_917' title='bbox 3552 4449 3729 4512; x_wconf 86' lang='lat' dir='ltr'><strong>dabat,</strong></span> <span class='ocrx_word' id='word_1_918' title='bbox 3760 4467 3872 4506; x_wconf 85' lang='lat' dir='ltr'><strong>non</strong></span> 
     </span>
    </p>
   </div>
   <div class='ocr_carea' id='block_1_108' title="bbox 2282 4531 3873 4612">
    <p class='ocr_par' dir='ltr' id='par_1_108' title="bbox 2282 4531 3873 4612">
     <span class='ocr_line' id='line_1_108' title="bbox 2282 4531 3873 4612; baseline 0.009 -28"><span class='ocrx_word' id='word_1_919' title='bbox 2282 4546 2346 4585; x_wconf 90' lang='lat' dir='ltr'><strong>ex</strong></span> <span class='ocrx_word' id='word_1_920' title='bbox 2373 4531 2650 4587; x_wconf 88' lang='lat' dir='ltr'><strong>duodecim</strong></span> <span class='ocrx_word' id='word_1_921' title='bbox 2678 4545 2837 4590; x_wconf 88' lang='lat' dir='ltr'><strong>esset.</strong></span> <span class='ocrx_word' id='word_1_922' title='bbox 2880 4535 2967 4591; x_wconf 91' lang='lat' dir='ltr'><strong>Sic</strong></span> <span class='ocrx_word' id='word_1_923' title='bbox 2997 4538 3129 4591; x_wconf 90' lang='lat' dir='ltr'><strong>nihil</strong></span> <span class='ocrx_word' id='word_1_924' title='bbox 3162 4539 3450 4594; x_wconf 90' lang='lat' dir='ltr'><strong>humanum</strong></span> <span class='ocrx_word' id='word_1_925' title='bbox 3490 4541 3607 4607; x_wconf 90' lang='lat' dir='ltr'><strong>hic,</strong></span> <span class='ocrx_word' id='word_1_926' title='bbox 3644 4556 3743 4597; x_wconf 90' lang='lat' dir='ltr'><strong>nec</strong></span> <span class='ocrx_word' id='word_1_927' title='bbox 3776 4559 3873 4612; x_wconf 84' lang='lat' dir='ltr'><strong>per</strong></span> 
     </span>
    </p>
   </div>
   <div class='ocr_carea' id='block_1_109' title="bbox 2284 4623 3870 4704">
    <p class='ocr_par' dir='ltr' id='par_1_109' title="bbox 2284 4623 3870 4704">
     <span class='ocr_line' id='line_1_109' title="bbox 2284 4623 3870 4704; baseline 0.009 -28"><span class='ocrx_word' id='word_1_928' title='bbox 2284 4623 2554 4679; x_wconf 91' lang='lat' dir='ltr'><strong>hominem</strong></span> <span class='ocrx_word' id='word_1_929' title='bbox 2595 4628 2787 4681; x_wconf 82' lang='lat' dir='ltr'><strong>factum</strong></span> <span class='ocrx_word' id='word_1_930' title='bbox 2820 4640 2932 4693; x_wconf 89' lang='lat' dir='ltr'><strong>est;</strong></span> <span class='ocrx_word' id='word_1_931' title='bbox 2975 4629 3069 4685; x_wconf 88' lang='lat' dir='ltr'><strong>sed</strong></span> <span class='ocrx_word' id='word_1_932' title='bbox 3100 4631 3239 4687; x_wconf 89' lang='lat' dir='ltr'><strong>Deus</strong></span> <span class='ocrx_word' id='word_1_933' title='bbox 3268 4632 3453 4687; x_wconf 86' lang='lat' dir='ltr'><strong>aderat</strong></span> <span class='ocrx_word' id='word_1_934' title='bbox 3477 4633 3567 4702; x_wconf 91' lang='lat' dir='ltr'><strong>qui</strong></span> <span class='ocrx_word' id='word_1_935' title='bbox 3600 4634 3714 4687; x_wconf 71' lang='lat' dir='ltr'><strong>lucc</strong></span> <span class='ocrx_word' id='word_1_936' title='bbox 3743 4652 3870 4704; x_wconf 80' lang='lat' dir='ltr'><strong>age-</strong></span> 
     </span>
    </p>
   </div>
   <div class='ocr_carea' id='block_1_110' title="bbox 2284 4714 3870 4789">
    <p class='ocr_par' dir='ltr' id='par_1_110' title="bbox 2284 4714 3870 4789">
     <span class='ocr_line' id='line_1_110' title="bbox 2284 4714 3870 4789; baseline 0.007 -20"><span class='ocrx_word' id='word_1_937' title='bbox 2284 4723 2384 4771; x_wconf 90' lang='lat' dir='ltr'><strong>ret.</strong></span> <span class='ocrx_word' id='word_1_938' title='bbox 2413 4714 2684 4787; x_wconf 89' lang='lat' dir='ltr'><strong>Simulque</strong></span> <span class='ocrx_word' id='word_1_939' title='bbox 2712 4718 2860 4773; x_wconf 83' lang='lat' dir='ltr'><strong>illum</strong></span> <span class='ocrx_word' id='word_1_940' title='bbox 2893 4722 3120 4775; x_wconf 84' lang='lat' dir='ltr'><strong>instituit</strong></span> <span class='ocrx_word' id='word_1_941' title='bbox 3147 4731 3202 4775; x_wconf 95' lang='lat' dir='ltr'><strong>ut</strong></span> <span class='ocrx_word' id='word_1_942' title='bbox 3232 4724 3472 4778; x_wconf 63' lang='lat' dir='ltr'><strong>modeste</strong></span> <span class='ocrx_word' id='word_1_943' title='bbox 3501 4724 3717 4789; x_wconf 87' lang='lat' dir='ltr'><strong>sentiat,</strong></span> <span class='ocrx_word' id='word_1_944' title='bbox 3747 4741 3870 4781; x_wconf 87' lang='lat' dir='ltr'><strong>eum</strong></span> 
     </span>
    </p>
   </div>
   <div class='ocr_carea' id='block_1_111' title="bbox 2285 4808 3873 4887">
    <p class='ocr_par' dir='ltr' id='par_1_111' title="bbox 2285 4808 3873 4887">
     <span class='ocr_line' id='line_1_111' title="bbox 2285 4808 3873 4887; baseline 0.008 -26"><span class='ocrx_word' id='word_1_945' title='bbox 2285 4808 2431 4863; x_wconf 89' lang='lat' dir='ltr'><strong>illum</strong></span> <span class='ocrx_word' id='word_1_946' title='bbox 2480 4824 2584 4862; x_wconf 86' lang='lat' dir='ltr'><strong>non</strong></span> <span class='ocrx_word' id='word_1_947' title='bbox 2630 4810 2775 4864; x_wconf 85' lang='lat' dir='ltr'><strong>ducit</strong></span> <span class='ocrx_word' id='word_1_948' title='bbox 2820 4811 2883 4865; x_wconf 84' lang='lat' dir='ltr'><strong>ad</strong></span> <span class='ocrx_word' id='word_1_949' title='bbox 2930 4814 3229 4882; x_wconf 67' lang='lat' dir='ltr'><strong>prmcipuos</strong></span> <span class='ocrx_word' id='word_1_950' title='bbox 3272 4816 3574 4885; x_wconf 84' lang='lat' dir='ltr'><strong>apostolus,</strong></span> <span class='ocrx_word' id='word_1_951' title='bbox 3608 4817 3873 4887; x_wconf 81' lang='lat' dir='ltr'><strong>docetque</strong></span> 
     </span>
    </p>
   </div>
   <div class='ocr_carea' id='block_1_112' title="bbox 2284 4900 3861 4979">
    <p class='ocr_par' dir='ltr' id='par_1_112' title="bbox 2284 4900 3861 4979">
     <span class='ocr_line' id='line_1_112' title="bbox 2284 4900 3861 4979; baseline 0.006 -26"><span class='ocrx_word' id='word_1_952' title='bbox 2284 4900 2415 4953; x_wconf 89' lang='lat' dir='ltr'><strong>nihil</strong></span> <span class='ocrx_word' id='word_1_953' title='bbox 2445 4901 2528 4954; x_wconf 89' lang='lat' dir='ltr'><strong>hic</strong></span> <span class='ocrx_word' id='word_1_954' title='bbox 2555 4900 2842 4957; x_wconf 85' lang='lat' dir='ltr'><strong>humanum</strong></span> <span class='ocrx_word' id='word_1_955' title='bbox 2874 4920 3012 4959; x_wconf 90' lang='lat' dir='ltr'><strong>esse.</strong></span> <span class='ocrx_word' id='word_1_956' title='bbox 3044 4904 3227 4974; x_wconf 84' lang='lat' dir='ltr'><strong>Neque</strong></span> <span class='ocrx_word' id='word_1_957' title='bbox 3256 4917 3381 4962; x_wconf 89' lang='lat' dir='ltr'><strong>tunc</strong></span> <span class='ocrx_word' id='word_1_958' title='bbox 3404 4906 3683 4979; x_wconf 85' lang='lat' dir='ltr'><strong>Spiritum,</strong></span> <span class='ocrx_word' id='word_1_959' title='bbox 3713 4920 3769 4963; x_wconf 91' lang='lat' dir='ltr'><strong>ut</strong></span> <span class='ocrx_word' id='word_1_960' title='bbox 3798 4912 3861 4965; x_wconf 56' lang='lat' dir='ltr'><strong>si»</strong></span> 
     </span>
    </p>
   </div>
   <div class='ocr_carea' id='block_1_113' title="bbox 2284 4993 3869 5067">
    <p class='ocr_par' dir='ltr' id='par_1_113' title="bbox 2284 4993 3869 5067">
     <span class='ocr_line' id='line_1_113' title="bbox 2284 4993 3869 5067; baseline 0.009 -24"><span class='ocrx_word' id='word_1_961' title='bbox 2284 5008 2384 5061; x_wconf 80' lang='lat' dir='ltr'><strong>gna</strong></span> <span class='ocrx_word' id='word_1_962' title='bbox 2425 4993 2633 5057; x_wconf 87' lang='lat' dir='ltr'><strong>ederet,</strong></span> <span class='ocrx_word' id='word_1_963' title='bbox 2671 4997 2911 5066; x_wconf 88' lang='lat' dir='ltr'><strong>accepit,</strong></span> <span class='ocrx_word' id='word_1_964' title='bbox 2949 5008 2999 5050; x_wconf 92' lang='lat' dir='ltr'><strong>ul</strong></span> <span class='ocrx_word' id='word_1_965' title='bbox 3037 4998 3114 5051; x_wconf 89' lang='lat' dir='ltr'><strong>sic</strong></span> <span class='ocrx_word' id='word_1_966' title='bbox 3144 4999 3258 5067; x_wconf 85' lang='lat' dir='ltr'><strong>ejus</strong></span> <span class='ocrx_word' id='word_1_967' title='bbox 3286 5000 3418 5055; x_wconf 87' lang='lat' dir='ltr'><strong>lides</strong></span> <span class='ocrx_word' id='word_1_968' title='bbox 3449 5001 3825 5055; x_wconf 84' lang='lat' dir='ltr'><strong>ostenderetur</strong></span> <span class='ocrx_word' id='word_1_969' title='bbox 3856 5020 3869 5057; x_wconf 88' lang='lat'><strong>:</strong></span> 
     </span>
    </p>
   </div>
   <div class='ocr_carea' id='block_1_114' title="bbox 2285 5088 3872 5165">
    <p class='ocr_par' dir='ltr' id='par_1_114' title="bbox 2285 5088 3872 5165">
     <span class='ocr_line' id='line_1_114' title="bbox 2285 5088 3872 5165; baseline 0.004 -26"><span class='ocrx_word' id='word_1_970' title='bbox 2285 5101 2457 5155; x_wconf 87' lang='lat' dir='ltr'><strong>neque</strong></span> <span class='ocrx_word' id='word_1_971' title='bbox 2483 5088 2623 5141; x_wconf 87' lang='lat' dir='ltr'><strong>enim</strong></span> <span class='ocrx_word' id='word_1_972' title='bbox 2654 5104 2801 5158; x_wconf 78' lang='lat' dir='ltr'><strong>Signa</strong></span> <span class='ocrx_word' id='word_1_973' title='bbox 2835 5090 2977 5142; x_wconf 74' lang='lat' dir='ltr'><strong>fecit.</strong></span> <span class='ocrx_word' id='word_1_974' title='bbox 3009 5089 3076 5143; x_wconf 87' lang='lat' dir='ltr'><strong>Et</strong></span> <span class='ocrx_word' id='word_1_975' title='bbox 3108 5092 3294 5156; x_wconf 86' lang='lat' dir='ltr'><strong>statim,</strong></span> <span class='ocrx_word' id='word_1_976' title='bbox 3330 5094 3528 5162; x_wconf 90' lang='lat' dir='ltr'><strong>inquit,</strong></span> <span class='ocrx_word' id='word_1_977' title='bbox 3566 5094 3616 5146; x_wconf 87' lang='lat' dir='ltr'><strong>in</strong></span> <span class='ocrx_word' id='word_1_978' title='bbox 3648 5112 3872 5165; x_wconf 78' lang='lat' dir='ltr'><strong>synago-</strong></span> 
     </span>
    </p>
   </div>
   <div class='ocr_carea' id='block_1_115' title="bbox 2285 5184 3871 5257">
    <p class='ocr_par' dir='ltr' id='par_1_115' title="bbox 2285 5184 3871 5257">
     <span class='ocr_line' id='line_1_115' title="bbox 2285 5184 3871 5257; baseline 0.006 -24"><span class='ocrx_word' id='word_1_979' title='bbox 2285 5184 2362 5253; x_wconf 87' lang='lat' dir='ltr'><strong>gis</strong></span> <span class='ocrx_word' id='word_1_980' title='bbox 2393 5185 2697 5252; x_wconf 65' lang='lat' dir='ltr'><strong>praedicabat</strong></span> <span class='ocrx_word' id='word_1_981' title='bbox 2724 5184 2977 5240; x_wconf 81' lang='lat' dir='ltr'><strong>Christum</strong></span> <span class='ocrx_word' id='word_1_982' title='bbox 2998 5226 3011 5251; x_wconf 92' lang='lat'><strong>,</strong></span> <span class='ocrx_word' id='word_1_983' title='bbox 3044 5190 3162 5257; x_wconf 85' lang='lat' dir='ltr'><strong>quia</strong></span> <span class='ocrx_word' id='word_1_984' title='bbox 3192 5189 3273 5241; x_wconf 88' lang='lat' dir='ltr'><strong>hic</strong></span> <span class='ocrx_word' id='word_1_985' title='bbox 3311 5201 3382 5243; x_wconf 87' lang='lat' dir='ltr'><strong>est</strong></span> <span class='ocrx_word' id='word_1_986' title='bbox 3412 5187 3579 5242; x_wconf 79' lang='lat' dir='ltr'><strong>Filius</strong></span> <span class='ocrx_word' id='word_1_987' title='bbox 3611 5189 3720 5243; x_wconf 88' lang='lat' dir='ltr'><strong>Dci.</strong></span> <span class='ocrx_word' id='word_1_988' title='bbox 3756 5190 3871 5244; x_wconf 80' lang='lat' dir='ltr'><strong>Non</strong></span> 
     </span>
    </p>
   </div>
   <div class='ocr_carea' id='block_1_116' title="bbox 2287 5278 3871 5353">
    <p class='ocr_par' dir='ltr' id='par_1_116' title="bbox 2287 5278 3871 5353">
     <span class='ocr_line' id='line_1_116' title="bbox 2287 5278 3871 5353; baseline 0.013 -26"><span class='ocrx_word' id='word_1_989' title='bbox 2287 5278 2605 5346; x_wconf 64' lang='lat' dir='ltr'><strong>prmdiéabnt</strong></span> <span class='ocrx_word' id='word_1_990' title='bbox 2632 5280 2772 5349; x_wconf 90' lang='lat' dir='ltr'><strong>quod</strong></span> <span class='ocrx_word' id='word_1_991' title='bbox 2805 5285 3183 5337; x_wconf 67' lang='lat' dir='ltr'><strong>rectm-exisset</strong></span> <span class='ocrx_word' id='word_1_992' title='bbox 3206 5325 3221 5347; x_wconf 88' lang='lat'><strong>,</strong></span> <span class='ocrx_word' id='word_1_993' title='bbox 3254 5298 3426 5352; x_wconf 84' lang='lat' dir='ltr'><strong>neque</strong></span> <span class='ocrx_word' id='word_1_994' title='bbox 3455 5285 3595 5353; x_wconf 86' lang='lat' dir='ltr'><strong>quod</strong></span> <span class='ocrx_word' id='word_1_995' title='bbox 3625 5287 3828 5339; x_wconf 74' lang='lat' dir='ltr'><strong>viverel</strong></span> <span class='ocrx_word' id='word_1_996' title='bbox 3856 5302 3871 5348; x_wconf 74' lang='grc' dir='ltr'>ς</span> 
     </span>
    </p>
   </div>
   <div class='ocr_carea' id='block_1_117' title="bbox 2286 5371 3877 5446">
    <p class='ocr_par' dir='ltr' id='par_1_117' title="bbox 2286 5371 3877 5446">
     <span class='ocr_line' id='line_1_117' title="bbox 2286 5371 3877 5446; baseline 0.004 -23"><span class='ocrx_word' id='word_1_997' title='bbox 2286 5371 2379 5425; x_wconf 88' lang='lat' dir='ltr'><strong>sed</strong></span> <span class='ocrx_word' id='word_1_998' title='bbox 2408 5372 2571 5438; x_wconf 87' lang='lat' dir='ltr'><strong>quid?</strong></span> <span class='ocrx_word' id='word_1_999' title='bbox 2601 5374 3010 5429; x_wconf 81' lang='lat' dir='ltr'><strong>Accuratissime</strong></span> <span class='ocrx_word' id='word_1_1000' title='bbox 3044 5385 3236 5445; x_wconf 78' lang='lat' dir='ltr'><strong>dogma</strong></span> <span class='ocrx_word' id='word_1_1001' title='bbox 3267 5377 3600 5446; x_wconf 79' lang='lat' dir='ltr'><strong>exponebat,</strong></span> <span class='ocrx_word' id='word_1_1002' title='bbox 3635 5376 3765 5442; x_wconf 81' lang='lat' dir='ltr'><strong>Quia</strong></span> <span class='ocrx_word' id='word_1_1003' title='bbox 3793 5378 3877 5430; x_wconf 80' lang='lat' dir='ltr'><strong>hic</strong></span> 
     </span>
    </p>
   </div>
   <div class='ocr_carea' id='block_1_118' title="bbox 2287 5465 3876 5526">
    <p class='ocr_par' dir='ltr' id='par_1_118' title="bbox 2287 5465 3876 5526">
     <span class='ocr_line' id='line_1_118' title="bbox 2287 5465 3876 5526; baseline 0.005 -8"><span class='ocrx_word' id='word_1_1004' title='bbox 2287 5476 2358 5518; x_wconf 85' lang='lat' dir='ltr'><strong>est</strong></span> <span class='ocrx_word' id='word_1_1005' title='bbox 2409 5465 2570 5520; x_wconf 88' lang='lat' dir='ltr'><strong>Filius</strong></span> <span class='ocrx_word' id='word_1_1006' title='bbox 2615 5466 2731 5520; x_wconf 87' lang='lat' dir='ltr'><strong>Dei.</strong></span> <span class='ocrx_word' id='word_1_1007' title='bbox 2787 5467 2858 5521; x_wconf 92' lang='lat' dir='ltr'><strong>Illi</strong></span> <span class='ocrx_word' id='word_1_1008' title='bbox 2900 5485 3026 5524; x_wconf 82' lang='lat' dir='ltr'><strong>vero</strong></span> <span class='ocrx_word' id='word_1_1009' title='bbox 3070 5470 3151 5524; x_wconf 91' lang='lat' dir='ltr'><strong>his</strong></span> <span class='ocrx_word' id='word_1_1010' title='bbox 3192 5469 3384 5524; x_wconf 89' lang='lat' dir='ltr'><strong>auditis</strong></span> <span class='ocrx_word' id='word_1_1011' title='bbox 3416 5472 3466 5525; x_wconf 91' lang='lat' dir='ltr'><strong>in</strong></span> <span class='ocrx_word' id='word_1_1012' title='bbox 3502 5470 3876 5526; x_wconf 82' lang='lat' dir='ltr'><strong>incredulitate</strong></span> 
     </span>
    </p>
   </div>
   <div class='ocr_carea' id='block_1_119' title="bbox 2291 5564 3877 5629">
    <p class='ocr_par' dir='ltr' id='par_1_119' title="bbox 2291 5564 3877 5629">
     <span class='ocr_line' id='line_1_119' title="bbox 2291 5564 3877 5629; baseline 0.005 -18"><span class='ocrx_word' id='word_1_1013' title='bbox 2291 5568 2556 5625; x_wconf 77' lang='lat' dir='ltr'><strong>perstant,</strong></span> <span class='ocrx_word' id='word_1_1014' title='bbox 2590 5574 2710 5612; x_wconf 87' lang='lat' dir='ltr'><strong>eum</strong></span> <span class='ocrx_word' id='word_1_1015' title='bbox 2759 5564 3079 5629; x_wconf 82' lang='lat' dir='ltr'><strong>Oportuisset</strong></span> <span class='ocrx_word' id='word_1_1016' title='bbox 3131 5578 3235 5617; x_wconf 90' lang='lat' dir='ltr'><strong>non</strong></span> <span class='ocrx_word' id='word_1_1017' title='bbox 3286 5564 3445 5618; x_wconf 88' lang='lat' dir='ltr'><strong>modo</strong></span> <span class='ocrx_word' id='word_1_1018' title='bbox 3483 5564 3736 5628; x_wconf 87' lang='lat' dir='ltr'><strong>credere,</strong></span> <span class='ocrx_word' id='word_1_1019' title='bbox 3779 5564 3877 5619; x_wconf 86' lang='lat' dir='ltr'><strong>sed</strong></span> 
     </span>
    </p>
   </div>
   <div class='ocr_carea' id='block_1_120' title="bbox 2288 5650 3877 5726">
    <p class='ocr_par' dir='ltr' id='par_1_120' title="bbox 2288 5650 3877 5726">
     <span class='ocr_line' id='line_1_120' title="bbox 2288 5650 3877 5726; baseline 0.004 -23"><span class='ocrx_word' id='word_1_1020' title='bbox 2288 5653 2443 5703; x_wconf 88' lang='lat' dir='ltr'><strong>etiam</strong></span> <span class='ocrx_word' id='word_1_1021' title='bbox 2473 5650 2869 5719; x_wconf 76' lang='lat' dir='ltr'><strong>obstupescere.</strong></span> <span class='ocrx_word' id='word_1_1022' title='bbox 2900 5653 2965 5707; x_wconf 82' lang='lat' dir='ltr'><strong>Et</strong></span> <span class='ocrx_word' id='word_1_1023' title='bbox 2987 5670 3082 5708; x_wconf 87' lang='lat' dir='ltr'><strong>cur</strong></span> <span class='ocrx_word' id='word_1_1024' title='bbox 3106 5669 3207 5708; x_wconf 89' lang='lat' dir='ltr'><strong>non</strong></span> <span class='ocrx_word' id='word_1_1025' title='bbox 3236 5656 3565 5722; x_wconf 75' lang='lat' dir='ltr'><strong>simpliciter,</strong></span> <span class='ocrx_word' id='word_1_1026' title='bbox 3590 5658 3729 5726; x_wconf 52' lang='lat' dir='ltr'><strong>quid</strong></span> <span class='ocrx_word' id='word_1_1027' title='bbox 3756 5674 3877 5726; x_wconf 65' lang='lat' dir='ltr'><strong>prr-</strong></span> 
     </span>
    </p>
   </div>
   <div class='ocr_carea' id='block_1_121' title="bbox 2287 5741 3881 5817">
    <p class='ocr_par' dir='ltr' id='par_1_121' title="bbox 2287 5741 3881 5817">
     <span class='ocr_line' id='line_1_121' title="bbox 2287 5741 3881 5817; baseline 0.006 -24"><span class='ocrx_word' id='word_1_1028' title='bbox 2287 5751 2541 5807; x_wconf 82' lang='lat' dir='ltr'><strong>seqnutor</strong></span> <span class='ocrx_word' id='word_1_1029' title='bbox 2581 5741 2771 5797; x_wconf 85' lang='lat' dir='ltr'><strong>luerit.</strong></span> <span class='ocrx_word' id='word_1_1030' title='bbox 2808 5746 3027 5805; x_wconf 80' lang='lat' dir='ltr'><strong>dicunt;</strong></span> <span class='ocrx_word' id='word_1_1031' title='bbox 3061 5748 3152 5800; x_wconf 70' lang='lat' dir='ltr'><strong>sed</strong></span> <span class='ocrx_word' id='word_1_1032' title='bbox 3196 5748 3334 5816; x_wconf 88' lang='lat' dir='ltr'><strong>quod</strong></span> <span class='ocrx_word' id='word_1_1033' title='bbox 3376 5759 3701 5817; x_wconf 73' lang='lat' dir='ltr'><strong>expugnaret</strong></span> <span class='ocrx_word' id='word_1_1034' title='bbox 3743 5765 3881 5815; x_wconf 70' lang='lat' dir='ltr'><strong>eos,</strong></span> 
     </span>
    </p>
   </div>
   <div class='ocr_carea' id='block_1_122' title="bbox 2292 5836 3880 5907">
    <p class='ocr_par' dir='ltr' id='par_1_122' title="bbox 2292 5836 3880 5907">
     <span class='ocr_line' id='line_1_122' title="bbox 2292 5836 3880 5907; baseline 0.006 -21"><span class='ocrx_word' id='word_1_1035' title='bbox 2292 5837 2372 5905; x_wconf 79' lang='lat' dir='ltr'><strong>qui</strong></span> <span class='ocrx_word' id='word_1_1036' title='bbox 2406 5836 2501 5889; x_wconf 80' lang='lat' dir='ltr'><strong>huc</strong></span> <span class='ocrx_word' id='word_1_1037' title='bbox 2535 5852 2726 5890; x_wconf 64' lang='lat' dir='ltr'><strong>nomen</strong></span> <span class='ocrx_word' id='word_1_1038' title='bbox 2761 5839 3105 5894; x_wconf 75' lang='lat' dir='ltr'><strong>invocarent?</strong></span> <span class='ocrx_word' id='word_1_1039' title='bbox 3141 5841 3378 5907; x_wconf 64' lang='lat' dir='ltr'><strong>Magnum</strong></span> <span class='ocrx_word' id='word_1_1040' title='bbox 3413 5842 3642 5896; x_wconf 69' lang='lat' dir='ltr'><strong>furorem</strong></span> <span class='ocrx_word' id='word_1_1041' title='bbox 3678 5842 3759 5896; x_wconf 81' lang='lat' dir='ltr'><strong>his</strong></span> <span class='ocrx_word' id='word_1_1042' title='bbox 3787 5838 3880 5896; x_wconf 66' lang='grc' dir='ltr'><strong>ιιύ»</strong></span> 
     </span>
    </p>
   </div>
  </div>
