4094 6488
163 389 247 447 161
1118 382 1181 438 DN
1223 382 1399 437 ACTA
1433 376 1958 435 AI’USTOIMIIUSI.
2003 377 2232 433 IIUMIL.
2281 378 2400 434 XX.

160 504 442 558 ciui-alunt.
481 500 595 558 Nec
634 497 818 557 Jesnm
861 497 1245 563 nominabant,
1271 493 1414 566 quod
1449 509 1516 547 ex
1552 491 1750 546 invidia

164 613 223 651 nc
264 612 456 654 nomen
503 593 725 666 quidem
767 591 955 648 audire
996 590 1330 646 sustinerent
1371 605 1384 642 :
1428 587 1508 642 sic
1545 585 1751 642 elferati

160 699 324 745 erant.
358 689 424 743 Et
457 691 561 743 huc
593 699 860 758 propterea
888 686 1039 740 venit.
1069 683 1184 739 Non
1225 696 1510 754 possumus
1538 680 1748 745 dicere,

163 783 340 851 inquit,
371 781 517 852 quod
549 781 696 852 prius
728 795 848 836 cum
885 777 1144 850 apostolis
1172 775 1354 832 fuerit.

224 877 274 930 3.
315 874 452 930 Vide
476 918 492 941 ,
531 890 691 946 quam
736 873 920 929 multis
962 871 1281 928 testimoniis
1315 885 1382 926 ex
1413 869 1751 924 inimicorum

160 985 372 1024 numero
403 970 571 1025 fuisse
602 968 799 1026 Paulus
823 967 1145 1022 declaretur.
1176 965 1269 1021 Ille
1298 980 1426 1020 vero
1455 979 1560 1017 non
1590 963 1751 1018 modo

160 1060 234 1114 bis
259 1076 360 1114 non
386 1060 844 1124 confundebatur,
874 1057 968 1114 sed
995 1066 1050 1113 et
1073 1055 1419 1126 gloriabatur.
1442 1055 1533 1108 22.
1558 1053 1754 1110 Saulus

161 1164 314 1206 autem
340 1154 506 1223 magis
533 1151 944 1226 convalescebat,
977 1159 1024 1205 et
1052 1149 1393 1222 confundebat
1420 1147 1632 1202 Iudicas
1654 1189 1668 1212 ,
1699 1146 1751 1201 id

162 1255 254 1309 est,
281 1243 618 1311 confutabat,
653 1259 752 1299 nec
782 1242 926 1314 loqui
957 1241 1187 1308 sinebat,
1225 1241 1482 1312 afﬁrmans
1509 1238 1750 1310 quoniam

162 1340 234 1392 hic
267 1351 336 1393 est
372 1337 629 1394 Christus.
663 1339 907 1402 Doceus,
938 1337 1111 1410 inquit
1141 1353 1154 1390 :
1187 1353 1309 1392 nam
1351 1337 1536 1392 statim
1562 1335 1751 1390 doctor

163 1434 266 1486 fuit.
292 1432 379 1488 23.
411 1433 540 1488 Cum
570 1446 737 1487 autem
765 1433 1096 1504 implerentur
1129 1432 1237 1488 dies
1265 1432 1446 1495 multi,
1486 1430 1752 1502 conspira-

161 1535 316 1579 rerunt
341 1523 542 1592 Iudici,
572 1534 626 1578 ut
655 1524 803 1578 illum
828 1525 1186 1593 interﬁcerent.
1217 1524 1300 1579 Ad
1327 1522 1560 1578 validum
1587 1521 1751 1594 syllo-

161 1618 369 1686 gistnum
422 1632 614 1672 rursus
661 1617 883 1673 veniunt
925 1616 1119 1672 Judazi.
1165 1616 1280 1672 Non
1326 1616 1470 1670 enim
1516 1615 1750 1685 amplius

161 1712 537 1780 sycophantas.
571 1719 912 1765 accusatores
953 1721 1008 1765 et
1055 1708 1221 1765 falsos
1266 1718 1428 1765 testes
1466 1716 1748 1780 quaerunt,

162 1818 315 1870 neque
351 1802 490 1856 ultra
537 1803 658 1857 illos
689 1801 904 1867 fetnnt;
941 1801 1036 1856 sed
1064 1801 1230 1873 quid?
1259 1802 1482 1856 Demum
1525 1802 1623 1873 ipsi
1653 1817 1751 1872 per

162 1896 349 1963 seipses
379 1895 484 1950 hoe
509 1907 824 1965 operantur.
857 1895 993 1962 Quia
1021 1896 1165 1951 enim
1208 1896 1462 1950 videbant
1504 1911 1617 1951 rem
1648 1910 1748 1950 an-

160 1988 290 2056 geri,
333 2006 438 2043 non
487 1989 625 2044 ultra
668 1988 927 2059 judicium
957 1989 1230 2044 adhibent.
1275 1988 1366 2044 01.
1402 1987 1552 2043 Natta
1577 1998 1748 2043 autem

163 2085 292 2150 facta
329 2094 450 2139 sunt
496 2083 664 2139 Saulo
707 2084 907 2138 insidiis
943 2099 1139 2138 eorum.
1177 2082 1540 2138 Custodiebant
1578 2092 1748 2137 autem

164 2187 315 2243 portas
343 2179 424 2232 die
450 2195 512 2231 ac
541 2188 687 2231 nocte
712 2218 726 2240 ,
760 2187 817 2231 ut
842 2194 954 2231 eum
994 2177 1351 2244 interﬁcerent.
1384 2176 1599 2245 Quare?
1625 2175 1747 2246 quia

161 2268 249 2323 hoc
284 2270 386 2326 illis
427 2269 823 2325 intolerabilius
848 2277 965 2325 erat
989 2269 1238 2322 omnibus
1263 2310 1277 2332 ,
1305 2283 1423 2338 quae
1465 2269 1598 2321 tacta
1630 2265 1749 2322 fue-

163 2373 282 2430 11111,
312 2363 502 2434 signis,
537 2365 750 2435 illisque
777 2363 1013 2434 quinque
1041 2361 1295 2428 millibus,
1329 2361 1604 2432 tribusque
1631 2361 1751 2416 mil-

164 2458 249 2511 bus
273 2459 572 2512 conversis.
601 2456 671 2512 Et
699 2456 820 2514 vide
845 2457 994 2512 illum
1023 2457 1131 2529 jam
1163 2472 1269 2512 non
1297 2457 1491 2528 gratia,
1519 2455 1613 2510 sed
1646 2455 1748 2509 bu-

167 2565 302 2604 mana
330 2550 596 2620 sapientia
623 2550 850 2614 servari,
874 2558 934 2606 ut
958 2549 1136 2605 discas
1164 2550 1262 2604 viri
1291 2550 1566 2615 virtutem,
1586 2548 1747 2602 etiam

165 2644 342 2711 absque
360 2643 640 2699 miraculis
663 2643 972 2714 fulgentem.
995 2643 1083 2698 25.
1110 2641 1426 2710 Accipientes
1447 2652 1614 2694 autem
1635 2657 1749 2694 eum

167 2735 382 2805 discipuli
404 2747 583 2798 noctu,
611 2752 700 2805 per
728 2751 926 2789 murum
953 2735 1259 2789 demiserunt
1289 2750 1425 2798 eum,
1449 2734 1747 2787 submitten-

168 2834 227 2877 tes
247 2828 295 2879 in
320 2835 514 2898 sporta.
550 2825 700 2890 Jure.
733 2827 809 2881 sic
834 2837 892 2882 ut
919 2842 1006 2882 res
1032 2826 1338 2896 suspicione
1358 2832 1584 2881 careret.
1611 2823 1749 2891 Quid

168 2921 313 2990 ergo?
345 2936 412 2975 an
461 2922 570 2977 hoc
610 2921 826 2991 elapsus
874 2920 1114 2990 periculo
1154 2919 1453 2975 desistit‘?
1493 2917 1748 2984 Minime;

168 3015 364 3070 sedillo
393 3013 546 3078 abit,
578 3015 664 3069 ubi
697 3013 865 3083 magis
903 3013 1024 3068 illos
1051 3011 1410 3083 aggrediatur.
1443 3009 1577 3065 Nam
1608 3009 1751 3080 quod

171 3123 278 3162 vere
296 3108 565 3176 crederet,
587 3106 762 3164 adhuc
785 3106 936 3162 multi
962 3105 1184 3162 credere
1206 3120 1312 3160 non
1337 3112 1602 3174 poterant.
1626 3102 1752 3158 Ideo

170 3211 275 3272 pust
301 3203 495 3257 multos
523 3202 642 3256 dies
682 3201 783 3255 hoc
827 3199 1027 3256 evenit.
1058 3197 1324 3266 Quidnam
1357 3197 1460 3253 hoc
1490 3197 1613 3253 est?
1644 3195 1751 3252 Ve-

172 3295 371 3350 risimile
395 3305 478 3350 est
508 3293 659 3349 illum
691 3292 927 3348 nondum
971 3291 1210 3347 voluisse
1242 3291 1404 3346 istinc
1441 3287 1748 3361 proficisci,

174 3386 331 3441 multis
374 3387 561 3442 forsan
606 3385 950 3440 monentibus
982 3401 997 3438 :
1031 3383 1120 3439 ubi
1160 3391 1337 3438 autem
1384 3384 1503 3438 haec
1529 3381 1748 3447 didicit,

175 3488 282 3533 tunc
310 3476 548 3548 permisit
577 3477 850 3548 discipulis
890 3478 1002 3532 suis
1034 3496 1049 3532 :
1080 3491 1203 3532 nam
1241 3476 1420 3530 statim
1459 3474 1752 3545 discipulos

176 3570 354 3625 habuit.
382 3571 496 3626 IIoe
527 3570 874 3626 subiudicans
902 3569 1154 3625 dicebat:
1180 3566 1422 3622 Damasci
1450 3566 1753 3637 prwposims

175 3664 311 3731 gentis
338 3665 502 3718 Areta!
527 3664 662 3735 regis
691 3662 1001 3717 custodiebat
1022 3663 1272 3715 civitatem
1292 3659 1750 3724 Damascenomm,

174 3758 321 3810 colens
359 3774 438 3812 me
472 3756 903 3826 comprehendere
942 3753 1039 3825 (9..
1072 3752 1192 3809 Cor.
1229 3754 1315 3807 11.
1361 3751 1429 3807 '59.
1453 3754 1493 3821 ).
1537 3753 1601 3806 Et
1632 3753 1753 3808 vide

177 3848 528 3919 evangelistam
566 3847 698 3903 nihil
727 3847 1014 3902 ambitiose
1042 3846 1376 3916 loquentem,
1407 3861 1579 3916 neque
1610 3846 1751 3900 Pau-

178 3939 269 3994 lum
295 3944 490 3998 clarum
523 3941 871 3998 exhibentem
898 3982 912 4005 ,
940 3939 1036 3996 sed
1066 3941 1239 3995 solum
1269 3938 1412 4009 quod
1444 3954 1622 4010 regem
1654 3954 1752 3993 ex-

179 4035 448 4091 citaverint.
481 4036 638 4090 Illum
671 4034 831 4104 igitur
864 4032 1040 4087 solum
1071 4031 1397 4098 emiserunt,
1426 4041 1479 4086 et
1508 4047 1628 4085 cum
1662 4031 1753 4085 illo

177 4128 438 4182 neminem.
468 4126 524 4183 Id
554 4139 768 4197 quoque
793 4132 1170 4196 congruenter,
1197 4133 1254 4176 ut
1279 4123 1392 4193 ipse
1417 4123 1675 4194 apostolis
1700 4124 1752 4179 in

179 4218 447 4276 Jerusalem
485 4235 611 4278 sese
641 4219 998 4276 ostenderet:
1030 4218 1140 4273 imo
1178 4217 1253 4272 illi
1292 4217 1512 4289 quidem
1552 4219 1754 4273 emise-

181 4324 303 4380 runt,
325 4325 378 4368 ut
402 4313 599 4369 deinde
631 4313 747 4383 ipse
769 4312 996 4367 salutem
1023 4325 1173 4366 suam
1200 4321 1414 4366 curaret
1438 4325 1454 4378 ;
1485 4312 1598 4380 ipse
1626 4327 1754 4366 vero

180 4406 476 4460 contrarium
501 4405 727 4471 faciens,
754 4403 820 4459 ad
846 4405 1083 4459 furentes
1107 4403 1286 4458 statim
1312 4404 1618 4459 transilivit.
1642 4403 1755 4461 1100

181 4506 248 4549 est
273 4497 472 4552 incendi
500 4541 514 4560 ,
547 4498 650 4552 hoc
680 4497 911 4550 maxime
943 4496 1171 4551 fervere.
1215 4496 1280 4550 Et
1320 4495 1591 4566 perpende
1615 4511 1753 4567 quo-

183 4589 319 4644 modo
337 4599 614 4661 sequatur,
637 4604 665 4641 a
691 4589 863 4658 primo
884 4587 972 4643 die
995 4597 1320 4657 praeceptum
1344 4601 1587 4652 servans,
1611 4589 1753 4659 quod

181 4681 438 4736 audierunt
477 4681 709 4753 apostoli
744 4699 756 4735 :
793 4680 909 4735 Nisi
937 4681 1052 4751 quis
1090 4681 1236 4734 tollat
1265 4697 1466 4734 crucem
1495 4698 1640 4734 suam
1660 4724 1673 4746 ,
1706 4692 1756 4737 et

181 4784 391 4843 seruatur
419 4791 498 4828 me
525 4773 742 4842 (Matth.
770 4773 857 4828 10.
1025 4773 1176 4840 Quod
1207 4789 1333 4843 ergo
1365 4783 1480 4845 post
1505 4774 1640 4829 alios
1666 4791 1756 4830 ve-

184 4867 364 4934 nisset,
407 4867 510 4924 hoc
557 4868 708 4923 illum
752 4869 1127 4924 ferventiorem
1172 4869 1449 4939 reddebat.
1495 4870 1562 4925 Et
1591 4887 1754 4942 opere

184 4956 292 5012 illud
321 4960 638 5030 implebatur
662 4979 675 5014 :
701 4959 796 5016 Cui
825 4961 1038 5014 multant
1065 4962 1357 5028 dimittitur,
1381 4963 1425 5017 is
1446 4963 1563 5032 plus
1582 4964 1755 5036 diliget

187 5047 316 5118 (Luc.
343 5053 393 5106 7.
422 5053 535 5124 47).
569 5054 751 5123 Itaque
779 5063 980 5124 quanto
1010 5055 1215 5109 tardius
1245 5057 1426 5120 venit,
1458 5065 1605 5110 tanto
1636 5057 1754 5127 plus

184 5144 374 5200 amavit.
399 5145 631 5218 Ideoque
655 5147 889 5217 priorem
914 5148 1076 5202 vitam
1099 5164 1248 5202 suam
1272 5158 1454 5220 aperte
1470 5149 1751 5218 damnans,

186 5247 380 5307 seseque
405 5249 618 5303 notans,
653 5240 783 5294 nihil
812 5241 943 5294 satis
970 5255 1089 5294 esse
1120 5241 1355 5309 putabat,
1389 5251 1444 5296 ut
1471 5242 1648 5310 priora
1679 5251 1754 5296 te-

186 5339 331 5394 geret.
360 5328 696 5400 Con/irmans.
729 5332 899 5402 inquit
932 5349 945 5386 :
980 5332 1030 5385 id
1057 5341 1157 5390 est.
1188 5349 1308 5386 cum
1341 5332 1756 5389 mansuetudine

187 5417 380 5475 docens.
406 5421 474 5477 Et
501 5423 625 5479 vide
654 5442 667 5478 :
696 5440 802 5479 non
830 5423 1014 5479 dicunt
1040 5425 1086 5478 ei
1117 5444 1128 5478 :
1157 5424 1236 5480 Tu
1273 5439 1332 5485 es
1372 5426 1463 5495 qui
1504 5426 1754 5480 devasta-

187 5509 297 5580 bas;
333 5531 424 5571 cur
461 5527 701 5574 mutatus
729 5519 820 5572 es?
861 5518 1250 5574 erubescebant
1279 5519 1458 5585 enim;
1491 5520 1585 5574 sed
1617 5521 1756 5574 inter

189 5617 240 5659 se
270 5606 524 5666 dicebant.
569 5611 802 5665 Dixisset
843 5612 986 5666 enim
1035 5611 1202 5665 multo
1243 5611 1474 5680 justius,
1508 5611 1619 5667 Iloc
1660 5627 1754 5666 vos

190 5701 334 5770 magis
355 5702 545 5760 docere
570 5713 784 5775 oportet
814 5723 826 5760 :
855 5721 975 5761 nam
1001 5704 1141 5776 apud
1173 5705 1462 5777 Agrippam
1491 5704 1562 5761 ita
1590 5705 1756 5760 ratio-

245 5857 260 5887 ‘
289 5858 372 5910 Alii
395 5860 585 5926 legunt,
611 5862 752 5926 fugit,
776 5876 878 5929 pro,
903 5861 1108 5914 desistit.

3366 378 3471 442 1δῖ

1866 506 1989 546 nem
2018 493 2213 549 reddit.
2245 493 2400 548 IIune
2424 493 2698 548 imitemur
2722 503 2775 548 et
2800 507 2917 560 nos,
2947 510 3154 566 qnteso,
3184 504 3240 553 et
3262 497 3331 550 ad
3353 512 3460 551 om-

1863 587 1951 640 nia
1985 586 2154 641 simus
2198 586 2434 656 pericula
2475 587 2744 642 instructi.
2778 587 2846 642 Et
2876 589 3185 658 quomodo,
3220 592 3468 662 inquies.

1864 676 1956 732 ille
1984 679 2116 748 fugit
2137 680 2191 733 '1'
2220 679 2334 734 Non
2366 695 2432 733 ex
2465 679 2781 746 timiditate,
2808 684 2904 737 sed
2939 697 2999 736 se
3029 683 3094 737 ad
3130 685 3468 754 0101111οε110)-

1862 784 1986 824 nem
2016 769 2285 825 servabat.
2314 769 2371 827 Si
2401 772 2617 826 timidus
2658 771 2878 841 fuisset,
2920 789 3030 829 non
3070 774 3467 847 Jerosolymam

1861 861 2116 927 venisset.
2149 877 2255 918 non
2285 864 2464 918 statim
2493 863 2793 919 doctrinam
2820 867 3178 938 suscepisset;
3209 881 3275 922 ex
3306 868 3472 922 velte.

1861 955 2064 1010 mentia
2101 955 2303 1026 aliquid
2342 958 2662 1014 remisisset.
2696 958 2896 1016 Verum
2927 975 3033 1016 non
3065 969 3184 1016 erat
3213 961 3464 1032 timidus,

1859 1046 1955 1102 sed
1987 1047 2225 1118 prudens
2244 1089 2260 1113 ,
2288 1047 2552 1120 Stephani
2579 1051 2730 1108 caede
2755 1052 3001 1110 edoctus.
3034 1053 3159 1111 Ideo
3189 1055 3320 1110 nihil
3350 1071 3454 1109 nia.

1859 1155 2022 1210 gnum
2053 1140 2273 1210 putabat
2299 1156 2422 1198 esse
2462 1157 2562 1213 pro
2591 1143 2978 1213 praedicatione
3008 1147 3180 1214 mori,
3214 1145 3314 1200 nisi
3343 1162 3466 1201 cum

1859 1246 2055 1302 magno
2081 1232 2232 1288 lucro
2261 1233 2315 1291 id
2344 1233 2496 1291 fieret
2524 1255 2538 1291 :
2564 1234 2725 1293 homo
2756 1252 2825 1292 ne
2849 1237 3126 1294 Christum
3148 1237 3366 1309 quidem
3390 1238 3466 1292 vi-

1859 1322 1989 1379 dere
2016 1324 2220 1392 volens,
2254 1342 2414 1397 quem
2445 1329 2681 1384 maxime
2703 1329 2945 1386 omnium
2971 1329 3157 1387 videre
3181 1331 3463 1402 cupiebat;

1857 1418 2108 1488 quoniam
2155 1421 2391 1476 nondum
2431 1437 2588 1477 suum
2634 1439 2760 1494 erga
2812 1423 3058 1488 homines
3104 1425 3463 1482 ministerium

1858 1510 2137 1580 impletum
2157 1524 2291 1569 erat.
2316 1514 2501 1570 Talem
2524 1526 2737 1587 oportet
2756 1533 2879 1574 esse
2893 1519 3181 1576 Christiani
3204 1524 3461 1579 animam.

1929 1606 1984 1661 4.
2017 1607 2100 1662 Ab
2139 1607 2292 1662 initio
2318 1620 2372 1664 et
2401 1609 2469 1665 ab
2495 1611 2612 1681 ipso
2640 1627 2834 1668 cursus
2877 1615 3142 1687 principio
3183 1617 3465 1677 character

1856 1695 2010 1753 Pauli
2037 1698 2413 1756 declarabatur
2439 1720 2454 1757 :
2484 1702 2592 1758 imo
2619 1712 2675 1760 et
2712 1715 2871 1761 antea
2901 1724 2913 1760 :
2947 1723 3067 1764 nam
3099 1709 3152 1764 in
3181 1710 3247 1766 iis
3276 1713 3462 1778 etiam,

1857 1806 1979 1861 quae
2007 1807 2113 1847 non
2141 1794 2440 1850 secundum
2466 1797 2750 1852 scientiam
2782 1797 3049 1869 faciebat,
3080 1800 3317 1860 11010000
3343 1821 3464 1861 mo-

1858 1891 1944 1939 tus
1971 1885 2254 1942 ratiocinio
2281 1901 2340 1942 se
2363 1888 2603 1958 gerebat.
2629 1890 2684 1946 Si
2714 1891 2856 1946 enim
2880 1905 3002 1963 post
3024 1905 3231 1956 tantum
3255 1906 3467 1970 tempus

1856 1995 1963 2035 non
1995 1982 2246 2051 cupiebat
2275 1985 2508 2055 resolvi,
2541 1990 2710 2043 multo
2737 1990 2910 2061 magis
2951 1991 3104 2047 initio
3143 1996 3467 2066 negotiatio—

1856 2072 1976 2138 nis,
2009 2089 2180 2144 nuper
2204 2093 2236 2131 e
2262 2088 2422 2148 portu
2455 2094 2729 2150 egressus.
2761 2079 2879 2137 Non
2911 2084 3073 2156 eripit
3101 2096 3283 2142 autem
3314 2088 3462 2145 illum

1855 2169 2104 2226 Christus
2130 2188 2159 2226 a
2192 2173 2452 2242 periculo,
2486 2174 2583 2229 sed
2617 2175 2842 2232 dimittit
2871 2195 2884 2234 :
2915 2180 3036 2250 quia
3065 2181 3178 2237 vult
3205 2185 3370 2242 multa
3398 2203 3466 2246 ex

1856 2262 2089 2319 humana
2121 2266 2404 2337 prudentia
2443 2267 2581 2322 fieri.
2624 2269 2876 2340 Alioquin
2915 2272 3175 2341 dimittit,
3207 2285 3264 2332 01
3288 2277 3468 2335 disca-

1856 2373 1977 2413 mus
2003 2359 2148 2430 ipsos
2169 2362 2331 2417 etiam
2361 2361 2610 2420 homines
2637 2363 2825 2433 fuisse,
2849 2382 3024 2437 neque
3049 2383 3266 2441 semper
3285 2374 3466 2430 omnia

1854 2453 2079 2522 gratiam
2109 2455 2342 2523 operari.
2374 2455 2488 2513 Nisi
2505 2447 2667 2513 ‘enim
2693 2460 2797 2514 hoc
2823 2468 2987 2522 esset.
3015 2461 3158 2532 ligna
3185 2480 3308 2521 esse
3335 2468 3467 2523 sim-

1855 2544 2069 2614 pliciter
2103 2546 2394 2603 existimati
2432 2548 2678 2606 fuissent.
2722 2551 2849 2608 Ideo
2893 2555 3060 2611 multa
3103 2557 3202 2628 ipsi
3234 2559 3469 2618 admini-

1857 2640 2117 2696 strabant.
2146 2643 2258 2698 Iloc
2286 2653 2341 2699 et
2367 2659 2467 2700 nos
2492 2645 2776 2714 faciamus,
2801 2657 2858 2704 et
2885 2648 2957 2703 ita
2984 2649 3208 2708 fratrum
3236 2656 3467 2714 salutem

1815 2761 1821 2767 -
1855 2749 2128 2790 curemus.
2144 2736 2262 2793 Non
2290 2747 2372 2793 est
2402 2741 2664 2813 martyrio
2688 2742 2888 2809 minus,
2921 2744 3053 2799 nihil
3078 2748 3184 2816 pati
3213 2764 3470 2811 recusare

1855 2827 1927 2885 ob
1955 2830 2244 2886 inultornm
2277 2834 2544 2900 salutem;
2574 2835 2707 2890 nihil
2742 2836 2813 2891 ita
2844 2836 3011 2892 Deum
3041 2839 3297 2897 laetiﬁcat.
3330 2843 3471 2899 Rur-

1855 2929 1974 2969 sum
2005 2915 2176 2970 dicam
2206 2917 2291 2982 id,
2318 2919 2462 2990 quod
2492 2934 2638 2989 saepe
2666 2921 2812 2988 dixi;
2839 2922 3015 2978 dicam
3035 2966 3049 2990 ,
3080 2927 3204 2995 quia
3233 2927 3283 2982 id
3313 2929 3471 2988 valde

1856 3009 2016 3078 cupio
2044 3028 2058 3065 :
2084 3011 2337 3081 quoniam
2367 3021 2424 3068 et
2445 3012 2697 3070 Christus
2723 3015 2955 3087 idipsum
2988 3017 3253 3087 faciebat,
3283 3021 3352 3078 de
3378 3039 3468 3085 re-

1857 3103 2116 3158 missione
2144 3104 2444 3161 admouens
2466 3117 2521 3164 et
2544 3108 2734 3164 dicens
2762 3129 2774 3165 :
2807 3111 3028 3179 Quando
3053 3116 3212 3169 oratis
3242 3131 3326 3172 vos
3347 3160 3361 3182 ,
3389 3135 3472 3174 re.

1856 3197 2040 3250 mittite
2067 3197 2111 3250 si
2135 3199 2260 3267 quid
2291 3209 2471 3254 contra
2507 3201 2729 3272 aliquem
2762 3203 2957 3260 habetis
2983 3207 3002 3277 (
3027 3206 3218 3263 Matth.
3251 3211 3304 3266 5.
3337 3211 3465 3284 25).

1858 3286 2092 3343 Rursum
2124 3289 2287 3347 Petro
2312 3292 2556 3363 loquens,
2581 3295 2793 3366 inquit:
2822 3296 2942 3353 Non
2972 3299 3088 3355 dico
3114 3302 3222 3368 tibi,
3251 3301 3474 3360 Remitte

1857 3397 2019 3452 usque
2067 3384 2284 3453 septies,
2329 3387 2419 3440 sed
2460 3402 2622 3455 usque
2668 3391 2957 3460 septuagies
3004 3396 3189 3462 septies
3221 3395 3342 3469 (Id.
3377 3399 3466 3454 18.

1858 3471 1992 3545 22);
2036 3490 2202 3547 reque
2244 3477 2357 3548 ipsa
2397 3479 2640 3548 dimisit,
2679 3499 2798 3553 qua:
2835 3496 3022 3541 contra
3056 3487 3231 3556 ipsum
3263 3501 3470 3561 patrata

1857 3575 2005 3624 sunt.
2031 3568 2102 3622 lla
2129 3578 2181 3624 et
2207 3585 2304 3625 nos
2328 3571 2450 3642 quia
2478 3574 2726 3630 novimus
2749 3574 2890 3632 hunc
2917 3593 3039 3633 esse
3067 3595 3293 3651 scopum
3316 3583 3474 3640 Chri-

1859 3661 2149 3728 stianismi,
2178 3662 2246 3719 de
2272 3662 2375 3719 hac
2403 3680 2462 3720 re
2489 3681 2706 3737 semper
2729 3668 3066 3726 disserimus.

1933 3754 2253 3811 Christianus
2296 3758 2517 3812 aliorum
2557 3761 2770 3815 salutem
2809 3780 2989 3818 curare
3025 3766 3188 3821 debet.
3217 3799 3291 3809 —
3327 3769 3469 3826 Nihil

1855 3849 2102 3922 frigidius
2129 3851 2470 3919 Christiano,
2501 3854 2590 3925 qui
2628 3856 2855 3913 aliorum
2888 3859 3116 3916 salutem
3149 3878 3254 3917 non
3293 3876 3469 3920 curat.

1857 3942 1976 4016 Non
2009 3956 2160 4014 petes
2190 3948 2274 4003 hic
2301 3956 2670 4019 paupertatem
2703 3952 3003 4008 obtendere
3029 3972 3041 4008 :
3069 3971 3191 4010 nam
3221 3959 3473 4027 quaeduo

1861 4040 2065 4095 minuta
2095 4041 2310 4112 injecit,
2341 4051 2394 4098 te
2423 4045 2716 4100 accusabit.
2749 4045 2817 4099 Et
2861 4046 3052 4102 Petrus
3090 4047 3338 4117 dicebat,
3370 4054 3472 4107 Ar-

1860 4142 2063 4204 gentum
2090 4143 2135 4186 et
2163 4151 2345 4188 aurum
2369 4151 2471 4190 non
2501 4145 2573 4192 est
2602 4139 2728 4191 mihi
2754 4138 2891 4208 (Act.
2924 4139 2980 4194 3.
3011 4140 3091 4210 6).
3124 4141 3318 4198 Paulus
3344 4145 3471 4200 item

1860 4227 1997 4281 adeo
2020 4242 2223 4296 pauper
2242 4237 2378 4296 erat,
2405 4237 2463 4283 ut
2488 4245 2635 4299 Stepe
2655 4231 2907 4298 esuriret,
2935 4241 2989 4288 et
3015 4237 3325 4291 necessario
3352 4239 3475 4293 cibo

1860 4328 2090 4375 careret.
2125 4319 2241 4374 Non
2285 4330 2440 4390 potes
2483 4321 2871 4392 ignobilitatem
2919 4325 3165 4394 proferre
3198 4344 3211 4379 :
3246 4343 3366 4382 nam
3396 4331 3473 4385 illi

1862 4411 2126 4481 ignobiles
2153 4420 2344 4475 erant,
2375 4429 2440 4467 ex
2470 4414 2795 4483 ignobilibus
2822 4417 2950 4472 orti.
2978 4416 3096 4473 Non
3135 4428 3290 4488 potes
3331 4436 3475 4492 pne-

1863 4512 2047 4559 texcre
2087 4514 2137 4559 te
2179 4504 2400 4559 idiotam
2437 4521 2604 4560 esse:
2641 4523 2761 4560 nam
2803 4518 2856 4563 et
2901 4509 2978 4563 illi
3021 4511 3261 4566 illiterati
3294 4524 3471 4570 erant.

1864 4596 1975 4650 Etsi
2007 4611 2194 4651 servus
2235 4598 2309 4651 sis
2333 4639 2348 4663 ,
2385 4599 2485 4653 etsi
2518 4599 2770 4668 fugitivus
2791 4642 2805 4665 ,
2841 4609 2928 4654 tua
2971 4603 3173 4672 poteris
3202 4608 3424 4676 exsequi
3455 4627 3471 4664 :

1862 4689 2126 4759 siquidem
2165 4699 2219 4744 et
2258 4689 2546 4745 Onesimus
2586 4692 2709 4748 talis
2746 4703 2882 4748 erat.
2911 4694 3017 4750 Sed
3047 4695 3169 4752 vide
3192 4740 3205 4762 ,
3235 4714 3470 4768 quonam

1865 4789 2018 4836 vocet
2047 4780 2218 4850 illum,
2248 4792 2302 4838 et
2326 4783 2391 4837 ad
2420 4799 2579 4854 quam
2613 4795 2736 4855 agat
2761 4786 3077 4856 dignitatem
3116 4807 3128 4843 :
3157 4788 3224 4844 Ut
3245 4807 3470 4848 commu-

1862 4874 1991 4928 nicet
2020 4891 2236 4938 mecum,
2272 4875 2464 4946 inquit,
2496 4879 2550 4930 in
2579 4879 2795 4932 vinculis
2836 4881 2959 4934 meis
2991 4879 3238 4952 (Philem.
3273 4885 3326 4938 1.
3359 4886 3467 4958 10).

1863 4967 1977 5022 Non
2015 4977 2167 5037 potes
2213 4967 2578 5027 infirmitatem
2626 4972 2865 5041 objicere
2897 4991 2908 5026 :
2946 4991 3068 5029 nam
3109 4977 3232 5031 talis
3259 4993 3475 5049 quoque

1863 5061 2178 5117 Timotheus
2205 5071 2351 5129 erat,
2378 5065 2468 5134 qui
2501 5063 2811 5135 frequenter
2844 5067 3078 5123 habebat
3104 5070 3469 5132 infirmitates.

1863 5153 2015 5219 Quod
2048 5155 2190 5209 enim
2235 5155 2483 5210 infirmus
2519 5166 2664 5212 esset
2702 5159 2825 5212 audi
2861 5179 2874 5213 :
2918 5158 3046 5214 Vino
3093 5163 3294 5217 modico
3335 5176 3476 5221 utere

1863 5257 2072 5314 prapter
2097 5247 2419 5301 stomachum
2451 5261 2591 5302 tuum
2619 5261 2666 5303 et
2697 5252 2979 5322 frequentes
3007 5263 3121 5308 tuas
3149 5256 3474 5322 inﬁrmitates

1865 5340 1911 5411 (l
1929 5380 1941 5392 .
1969 5338 2103 5394 Tim.
2129 5341 2183 5396 5.
2216 5339 2330 5407 25).
2363 5340 2550 5396 Potest
2577 5345 2946 5413 unusquisque
2971 5348 3224 5414 proximo
3249 5350 3476 5418 prodeo-

1863 5447 1943 5496 se,
1979 5431 2021 5485 si
2055 5431 2184 5485 velit
2216 5448 2336 5502 qua:
2366 5447 2459 5486 sua
2490 5444 2616 5487 sunt
2645 5437 2889 5506 implere.
2932 5436 3051 5492 Non
3082 5439 3276 5495 videtis
3307 5440 3469 5497 11111οο

1863 5535 2078 5579 ctuosas
2119 5526 2372 5591 arbores,
2416 5543 2574 5597 quam
2619 5528 2785 5584 firmae
2822 5531 2966 5596 sint,
2997 5547 3157 5601 quam
3196 5533 3471 5602 pulchrze,

1867 5636 2124 5690 procerae,
2152 5621 2317 5677 larves
2340 5632 2392 5676 et
2413 5622 2706 5677 sublimes?
2729 5625 2795 5677 At
2815 5624 2859 5679 si
2884 5623 3098 5680 hortum
3122 5624 3474 5698 haberemus,

1864 5866 1893 5912 ὁ
1927 5804 1948 5836 τ
1985 5798 2125 5861 110ιο,
2147 5808 2196 5851 ει
2221 5798 2475 5861 quomodo,
2501 5796 2706 5860 inquies,
2736 5798 2816 5850 ille
2839 5799 2980 5866 fugit,
3001 5799 3184 5855 desunt
3203 5810 3250 5853 ta
3267 5802 3477 5866 quinne-

1897 5878 1972 5912 aut

1897 5878 1972 5914 alii
