4094 6500
667 413 763 466 1³53

656 529 910 581 vellemus
957 527 1358 593 matogranata,
1405 530 1455 574 et
1501 519 1671 572 olivas
1717 513 2022 569 fructiferas
2066 510 2242 581 potius

653 635 811 691 quam
841 620 956 673 illas
976 614 1175 672 habere
1196 632 1209 669 :
1236 607 1340 668 inte
1361 612 1503 667 enim
1528 609 1593 664 ad
1618 608 1941 677 voluptatem
1965 613 2109 669 sunt,
2133 619 2240 657 non

652 714 717 766 ad
750 712 1053 775 utilitatem,
1083 716 1137 761 et
1163 708 1206 761 si
1234 721 1334 775 qua
1373 704 1442 759 sit
1468 702 1687 768 utilitas,
1717 715 1779 755 ea
1809 714 1968 770 parva
2006 708 2109 752 est.
2141 696 2243 750 Ta-

654 803 733 859 les
757 811 879 856 sunt
906 803 960 864 ii,
990 799 1081 870 qui
1110 814 1201 853 sua
1231 799 1402 852 solum
1429 802 1702 865 Spectant;
1734 795 1841 847 imo
1864 807 1931 847 ne
1963 792 2096 845 tales
2119 790 2241 859 qui-

655 896 777 949 dem
804 936 818 958 ,
855 893 949 949 sed
978 893 1043 946 ad
1071 891 1330 945 ultionem
1362 889 1536 942 solum
1566 887 1695 957 apti.
1724 885 1853 939 Nam
1884 884 1986 938 illae
2018 882 2241 936 arbores

652 987 719 1039 ad
750 985 1028 1039 aedilicium
1070 991 1127 1038 et
1167 982 1233 1035 ad
1278 996 1456 1034 rerum
1488 979 1705 1034 tutelam
1745 987 1883 1047 aptae
1911 985 2054 1029 sunt.
2084 973 2242 1029 Tales

652 1086 806 1133 erant
836 1077 937 1130 illa:
976 1076 1209 1144 virgines
1227 1116 1240 1137 ,
1270 1082 1431 1128 easta:
1450 1112 1465 1135 ,
1492 1082 1693 1125 ornatae
1714 1111 1727 1135 ,
1752 1068 2121 1131 continentes;
2146 1065 2241 1121 seti

651 1172 848 1224 nemini
892 1170 1087 1231 utiles,
1132 1167 1251 1221 ideo
1301 1165 1706 1221 comburuntur.
1753 1162 1911 1216 Tales
1951 1169 2107 1226 sunt,
2150 1157 2239 1229 qui

654 1260 923 1314 Christum
951 1274 1054 1313 non
1086 1258 1343 1312 nutriunt.
1375 1254 1653 1324 Perpende
1679 1263 1855 1307 autem
1884 1253 2153 1306 neminem
2180 1250 2242 1303 il-

651 1354 822 1407 lorum
850 1351 915 1406 de
944 1351 1181 1421 peccatis
1206 1350 1316 1404 suis
1342 1348 1613 1413 accusari,
1644 1362 1749 1401 non
1774 1345 1917 1416 quod
1945 1344 2238 1400 fornicatus

649 1444 752 1508 sit,
786 1459 889 1497 non
929 1443 1071 1511 quod
1105 1441 1451 1510 pejeraverit,
1478 1440 1546 1494 de
1586 1438 1733 1493 nullo
1765 1446 1946 1501 certe;
1974 1436 2067 1492 sed
2098 1435 2240 1507 quod

648 1536 805 1590 alteri
834 1551 937 1587 non
966 1533 1242 1602 profuerit.
1275 1532 1419 1585 Talis
1444 1540 1559 1587 erat
1587 1530 1676 1585 ille
1695 1572 1709 1594 ,
1734 1530 1824 1600 qui
1856 1529 2113 1584 talentum
2141 1527 2239 1581 de-

648 1628 808 1693 fodit,
839 1627 1161 1695 inculpatum
1195 1624 1454 1679 exhibens
1481 1622 1666 1688 vitam,
1695 1622 1790 1678 sed
1824 1622 1977 1678 alteri
2008 1637 2114 1676 non
2142 1621 2241 1674 uti-

649 1720 736 1774 lis.
764 1718 1080 1786 Quomodo,
1109 1732 1292 1788 quaeso
1312 1758 1327 1783 ,
1356 1715 1696 1771 Christianus
1734 1715 1805 1769 sit
1839 1715 1930 1785 qui
1973 1713 2093 1769 talis
2126 1713 2239 1768 est?

648 1811 703 1866 Si
742 1810 1061 1864 fermentum
1104 1811 1324 1863 mixtum
1358 1806 1576 1870 farinm,
1606 1822 1711 1861 non
1750 1807 2035 1862 mutaverit
2073 1816 2237 1859 totum

650 1904 703 1958 in
731 1902 1367 1958 eatndetrrconditionem
1388 1943 1403 1966 ,
1434 1917 1502 1955 an
1532 1899 1849 1955 fermentum
1887 1914 2011 1955 vere
2044 1898 2240 1954 fuerit?

649 1998 785 2066 Quid
813 2014 940 2052 vero
961 2039 975 2063 ,
1006 1997 1049 2050 si
1083 2004 1408 2065 unguentum
1437 1993 1754 2049 accedentes
1781 2008 1886 2047 non
1918 1993 2085 2048 odore
2115 2007 2237 2061 per-

646 2092 881 2157 fuderit,
908 2108 974 2145 an
1014 2090 1064 2145 id
1095 2099 1417 2159 unguentum
1453 2089 1744 2144 vocemus?
1771 2087 1847 2143 Ne
1874 2089 2094 2155 dixeris,
2123 2087 2239 2143 Non

648 2202 863 2257 possunt
887 2186 1019 2239 alios
1044 2185 1294 2239 inducere
1321 2202 1332 2237 :
1361 2199 1483 2238 nam
1505 2183 1550 2237 si
1572 2182 1905 2237 Christianus
1929 2181 2112 2247 fueris,
2142 2182 2240 2235 im-

646 2280 905 2350 possibile
935 2289 1018 2333 est
1057 2288 1113 2332 ut
1151 2295 1257 2332 non
1296 2277 1406 2331 iiut.
1445 2276 1577 2332 Nam
1609 2286 1665 2331 ιιι
1700 2292 1763 2331 ea
1792 2292 1910 2348 qua:
1954 2277 2007 2331 in
2052 2284 2238 2331 natura

649 2382 772 2425 sunt
812 2371 1282 2425 contradictionem
1329 2384 1433 2423 non
1479 2368 1677 2424 habent
1712 2387 1723 2421 :
1759 2369 1829 2423 ita
1866 2378 1921 2424 et
1966 2367 2080 2422 hiBC
2119 2384 2239 2439 qua:

648 2465 873 2518 dicimus
904 2481 916 2516 :
947 2464 999 2516 in
1039 2472 1226 2516 natura
1268 2462 1410 2514 enim
1442 2461 1728 2515 Christiani
1771 2476 1860 2515 res
1900 2461 1999 2515 sita
2028 2471 2129 2516 est.
2159 2460 2239 2515 Ne

654 2556 813 2609 lteum
838 2555 1157 2610 contumelia
1184 2553 1403 2609 aflieias.
1428 2553 1482 2607 Si
1505 2553 1723 2619 dixeris,
1754 2568 1858 2607 non
1889 2568 2043 2622 posse
2066 2553 2237 2609 solem

647 2648 845 2713 lucere,
870 2649 1189 2703 contumelia
1222 2649 1370 2701 illum
1402 2647 1602 2711 alﬁcis;
1628 2648 1673 2701 si
1694 2647 1911 2713 dixeris,
1942 2663 2046 2701 non
2079 2662 2238 2717 posse

1368 404 1424 459 S.
1464 402 1736 458 JUANEIS
1774 393 2248 455 CllllYSOSTOMl
2292 390 2603 447 .‘.llC.tlF.P.
2634 388 3161 447 CONSTA’N'I‘lNOP.

2334 504 2697 561 Christianum
2737 504 2993 575 prodesse
3018 547 3032 570 ,
3068 504 3232 558 Deum
3265 498 3589 554 contumelia
3631 495 3861 551 ath-cisti
3895 508 3948 550 et

3844 384 3948 437 164

2345 598 2654 652 mendacem
2684 596 2885 651 dixisti.
2917 596 3143 651 Facilius
3166 595 3309 649 enim
3335 603 3438 657 est,
3470 591 3637 645 solem
3669 607 3773 643 non
3804 590 3888 643 Cal
3914 616 3952 628 ~-

2346 689 2524 744 facere
2565 703 2665 743 nec
2703 689 2922 755 lucere,
2973 703 3133 758 quam
3171 685 3532 741 Christianum
3575 698 3679 736 non
3726 683 3946 739 luet-re;

2343 783 2551 837 facilius
2581 790 2683 848 est,
2716 782 2889 835 lucem
2918 795 3037 836 esse
3069 778 3336 846 tenebras,
3364 793 3521 848 quam
3564 775 3665 830 hoc
3698 774 3835 827 lieri.
3869 773 3949 825 διε

2345 875 2526 941 dicas,
2560 889 2674 928 rem
2711 887 2831 927 esse
2877 871 3261 939 impossibilem
3298 888 3310 922 :
3346 884 3465 923 nam
3498 867 3826 921 contrarium
3862 874 3949 918 cst

2346 965 2695 1035 impossibile.
2740 964 2815 1020 Ne
2856 964 3023 1020 Deum
3055 961 3377 1018 centumclia
3406 958 3627 1014 afficias.
3662 958 3717 1012 Si
3759 968 3946 1011 nostra

2345 1071 2491 1117 recte
2535 1072 2953 1129 componamus,
2991 1057 3077 1111 illa
3114 1056 3335 1109 omnino
3374 1061 3564 1116 erunt,
3592 1061 3645 1107 et
3669 1051 3821 1121 quasi
3858 1064 3949 1103 nes

2344 1156 2607 1224 quzeplam
2646 1151 2902 1207 naturalis
2945 1159 3255 1221 sequentur.
3288 1146 3405 1200 Non
3450 1156 3621 1216 potest
3654 1145 3820 1199 latere
3854 1144 3949 1197 lux

2343 1248 2632 1303 Christiani
2670 1266 2683 1301 :
2716 1263 2821 1301 non
2854 1254 3033 1316 potest
3061 1242 3317 1299 occultari
3350 1248 3455 1295 tam
3486 1241 3679 1311 fulgida
3712 1240 3946 1308 lampas.

2343 1340 2422 1395 Ne
2452 1340 2629 1410 itaque
2656 1339 2830 1410 ignavi
2860 1339 3049 1392 simus.
3074 1334 3224 1392 Sicut
3249 1334 3391 1390 enim
3418 1333 3629 1388 virtutis
3655 1332 3862 1386 lucrum
3894 1338 3953 1384 et

2345 1439 2399 1493 in
2430 1452 2529 1492 nos
2557 1446 2611 1491 et
2640 1436 2692 1489 in
2722 1450 2816 1491 eos
2836 1477 2850 1501 ,
2882 1435 2970 1502 qui
3012 1434 3099 1487 illa
3139 1433 3421 1501 iuvantur,
3456 1429 3647 1485 transit
3678 1446 3689 1480 :
3720 1427 3798 1481 sic
3828 1434 3887 1481 et
3917 1441 3951 1479 ει

2345 1530 2546 1583 malitia
2577 1528 2773 1599 duplex
2810 1526 3188 1581 detrimentum
3218 1532 3273 1578 et
3311 1524 3361 1577 in
3396 1537 3493 1579 nos
3522 1530 3578 1575 et
3607 1522 3657 1574 in
3690 1534 3782 1574 eos
3803 1562 3817 1581 ,
3854 1518 3948 1588 qui

2345 1623 2633 1691 lmduutur,
2663 1621 2976 1694 pertransit.
3003 1620 3083 1676 Sit
3106 1618 3392 1689 quispiam,
3425 1616 3467 1670 si
3500 1615 3601 1679 vis,
3635 1613 3823 1675 idiota,
3854 1613 3947 1681 qui

2344 1730 2373 1769 a
2408 1717 2658 1786 quopiam
2703 1717 2979 1771 innumera
3018 1715 3253 1785 patiatur
3290 1711 3464 1775 mala,
3497 1723 3763 1778 nemoque
3794 1707 3947 1761 illum

2345 1809 2666 1875 ulciscatur,
2698 1808 2793 1865 sed
2838 1819 2893 1863 et
2936 1805 3192 1863 beneﬁcia
3238 1811 3456 1876 prrestet
3485 1820 3497 1856 :
3530 1816 3632 1872 qua
3661 1800 3908 1855 doctrina
3928 1841 3946 1863 ,

2344 1902 2537 1972 quibus
2568 1901 2764 1970 verbis,
2793 1910 2924 1973 quot
2952 1898 3404 1956 admonitionibus
3434 1912 3539 1952 non
3566 1904 3649 1951 est
3688 1893 3791 1949 hoc
3829 1893 3947 1948 for-

2347 1995 2493 2049 tius?
2522 2011 2682 2066 quem
2722 1993 2958 2050 furorem
2990 2010 3096 2048 non
3133 1993 3474 2061 exstinguere
3498 2031 3513 2053 ,
3551 2004 3658 2043 non
3698 1987 3949 2056 mitigare

2345 2088 2560 2142 valeat?
2598 2087 2722 2142 ilzce
2752 2102 2881 2157 ergo
2922 2101 3042 2141 cum
3088 2086 3351 2143 sciamus.
3380 2081 3563 2135 virtuti
3596 2079 3900 2134 hrcreamns
3926 2119 3943 2141 ,

2343 2197 2464 2237 cum
2497 2196 2603 2235 non
2633 2181 2904 2251 possimus
2930 2179 3037 2233 alio
3068 2177 3227 2232 modo
3257 2176 3485 2230 salutem
3517 2172 3772 2242 ronsequi
3796 2214 3811 2237 ,
3841 2171 3944 2224 nisi

2344 2274 2398 2328 in
2423 2275 2568 2330 hisce
2598 2275 2753 2329 bonis
2776 2274 3026 2343 operibus
3054 2273 3213 2326 vitam
3245 2278 3564 2340 praesentem
3592 2267 3797 2322 emensi
3827 2264 3947 2319 iue-

2344 2370 2544 2434 rimus,
2574 2378 2631 2423 ut
2672 2367 2847 2421 futura
2878 2380 3270 2437 consequamur
3300 2363 3435 2418 bona
3460 2404 3474 2424 ,
3502 2359 3670 2431 gratia
3702 2367 3755 2414 et
3789 2358 3944 2413 beni-

2342 2464 2546 2533 gnitate
2577 2462 2785 2515 Domini
2827 2460 2995 2515 nostri
3037 2460 3163 2515 Jesu
3193 2458 3390 2512 Christi
3412 2500 3425 2521 ,
3458 2440 3672 2525 quicum
3716 2453 3857 2506 l-‘atri
3886 2461 3943 2505 et

2341 2554 2559 2625 Spiritui
2588 2563 2772 2609 sancto
2791 2554 2980 2624 gloria,
3010 2552 3316 2619 imperium,
3345 2549 3536 2614 honor,
3562 2560 3704 2601 nunc
3724 2557 3780 2601 et
3801 2560 3943 2601 sem-

2344 2662 2459 2717 per,
2490 2656 2543 2701 ct
2570 2648 2621 2701 in
2651 2649 2846 2701 saecula
2871 2646 3211 2702 smeulorum.
3243 2647 3434 2699 Amen.

2002 2860 2350 2920 HOMILIA
2395 2861 2573 2921 XXI.

641 3012 773 3071 (ἶλῐθ.
820 3013 873 3068 9.
905 3027 957 3065 v.
988 3010 1082 3065 26.
1111 3010 1238 3065 Cum
1282 3018 1447 3063 autem
1476 3010 1684 3063 venisset
1717 3006 1911 3061 Paulus
1936 3006 1989 3060 in
2018 3005 2234 3059 Jerusa-

721 3106 816 3159 lem
840 3144 856 3169 ,
902 3102 1120 3155 tentabat
1145 3117 1197 3156 se
1215 3104 1436 3171 jungere
1470 3100 1734 3168 discipulis
1765 3114 1783 3152 :
1814 3111 1863 3152 et
1892 3114 2061 3151 omnes
2092 3097 2236 3150 time-

720 3196 838 3247 bant
865 3211 998 3258 eum,
1041 3209 1141 3245 non
1172 3191 1429 3245 credentes
1464 3192 1598 3259 quod
1642 3200 1768 3244 esset
1810 3190 2109 3259 discipulus.
2140 3187 2231 3242 27.

718 3285 979 3339 Barnabas
995 3295 1163 3337 autem
1190 3285 1558 3353 apprehensum
1587 3284 1731 3335 illum
1757 3282 1902 3335 duxit
1928 3283 1997 3334 ad
2024 3291 2231 3352 aposto-

717 3381 812 3441 los,
838 3390 883 3430 et
906 3380 1128 3431 narravit
1148 3378 1250 3432 illis
1271 3379 1524 3447 quomodo
1544 3377 1690 3430 invia
1712 3377 1912 3430 vidisset
1938 3375 2229 3430 Dominum.

716 3476 766 3527 1.
804 3472 952 3525 Pauli
977 3474 1110 3525 dicta
1128 3470 1691 3525 conciliantun—Jurti
1719 3471 1806 3525 hic
1843 3469 1988 3525 dubii
2018 3485 2230 3539 quaera-

645 3580 763 3619 mus
786 3607 800 3628 ,
849 3564 1116 3633 quomodo
1146 3564 1200 3617 in
1233 3563 1470 3633 Epistola
1501 3563 1566 3615 ad
1590 3562 1804 3618 Galatas
1833 3562 2039 3616 dicatur
2070 3579 2084 3615 :
2110 3561 2231 3616 Non

644 3658 747 3710 abii
771 3657 1162 3726 Jerosolymam,
1190 3656 1279 3710 sed
1320 3657 1372 3707 in
1412 3655 1654 3708 Arabiam
1697 3665 1741 3707 et
1785 3652 2139 3717 Damascum;
2184 3662 2231 3707 et

645 3759 755 3819 post
779 3760 874 3801 tres
900 3764 1060 3801 annos
1090 3748 1292 3800 ascendi
1318 3746 1690 3815 Jerosolymam
1720 3746 1889 3798 videre
1922 3743 2152 3809 Petrum;
2182 3754 2230 3798 et

646 3842 893 3894 neminem
934 3839 1275 3908 apostolorum
1322 3838 1423 3889 vidi
1452 3836 1596 3905 (Gal.
1630 3838 1680 3891 1.
1714 3835 1903 3904 17-19)
1934 3854 1945 3889 :
1974 3836 2059 3890 hic
2098 3850 2229 3891 vero

641 3942 823 3985 contra
849 3931 1073 3992 dicatur,
1099 3929 1393 3983 Ba‘rnabam
1417 3929 1588 3998 ipsum
1605 3928 1821 3983 duxisse
1842 3928 1907 3981 ad
1933 3927 2223 3996 apostolo<.

644 4024 735 4078 Vel
771 4024 867 4077 hoc
896 4022 1053 4092 igitur
1074 4022 1183 4073 vult
1206 4022 1384 4074 dicere
1420 4038 1432 4073 :
1459 4019 1572 4073 Non
1596 4020 1722 4085 abii,
1752 4031 1806 4073 ut
1836 4021 1903 4073 ibi
1929 4036 2222 4081 manerem;

637 4116 710 4170 ibi
741 4131 967 4184 namque
998 4114 1148 4179 dicit,
1180 4111 1300 4167 Non
1325 4113 1517 4165 adlapsi
1544 4113 1687 4165 carni
1713 4122 1759 4164 el
1779 4113 2013 4182 sanguini
2044 4110 2221 4183 (Ibid.

639 4224 687 4259 v.
725 4207 836 4276 16');
871 4222 1041 4275 neque
1064 4206 1169 4260 abii
1192 4204 1581 4276 Jerosolymam
1600 4205 1664 4259 ad
1683 4214 2052 4259 antecessores
2076 4219 2224 4259 meos

638 4299 913 4365 apostolos
944 4316 955 4350 :
988 4299 1068 4351 vel
1101 4298 1204 4351 alio
1234 4295 1394 4350 modo
1422 4314 1436 4349 :
1470 4297 1592 4366 quia
1620 4296 1824 4350 insidia:
1850 4296 1953 4351 illa:
1985 4297 2223 4352 Damasci

638 4400 763 4460 post
787 4390 887 4444 iter
915 4392 965 4443 iu
997 4390 1245 4444 Arabiam
1267 4388 1435 4453 fuere,
1464 4406 1525 4443 ac
1546 4389 1739 4444 deinde
1759 4390 2032 4455 ascendit,
2078 4400 2226 4459 post-

638 4496 797 4548 quam
833 4480 1026 4533 isthinc
1062 4480 1312 4533 redierat.
1360 4479 1477 4548 lpse
1504 4479 1659 4549 igitur
1686 4494 1790 4533 non
1829 4481 1959 4535 abiit
1987 4480 2053 4534 ad
2093 4496 2225 4550 apo-

633 4575 822 4635 stolos,
840 4573 931 4627 sed
950 4573 1224 4643 discipulis
1247 4573 1451 4629 hmrere
1472 4575 1764 4644 satagebat,
1784 4586 1968 4645 utpote
1990 4576 2077 4647 qui
2095 4592 2223 4632 non-

634 4666 758 4721 dum
787 4666 995 4729 doctor,
1029 4667 1122 4720 sed
1153 4666 1443 4737 discipulus
1473 4679 1635 4723 esset.
1682 4668 1822 4738 Ergo
1849 4684 1955 4724 non
1987 4670 2105 4725 ideo
2132 4685 2219 4725 as-

634 4758 831 4823 cendit,
860 4768 916 4813 ut
937 4768 1304 4813 antecessores
1330 4774 1455 4814 suos
1482 4758 1654 4815 adiret
1678 4780 1689 4815 :
1716 4776 1887 4832 neque
1904 4762 2045 4817 enim
2063 4762 2220 4833 quid-

636 4850 774 4919 piam
812 4850 877 4903 ab
919 4851 1020 4904 illis
1056 4852 1255 4906 didicit.
1315 4851 1411 4907 Vel
1443 4852 1509 4906 de
1539 4853 1638 4908 hoc
1667 4868 1892 4909 ascensu
1928 4870 2031 4909 non
2068 4856 2216 4921 dicit,

635 4944 726 4995 sed
754 4942 946 4995 omittit
973 4942 1154 5008 illum;
1193 4942 1325 4997 adeo
1358 4955 1413 4998 ut
1438 4960 1525 4999 res
1554 4946 1621 5000 ita
1651 4961 1706 5000 se
1735 4945 1963 5001 habeat:
1994 4947 2135 5001 Abiit
2164 4949 2215 5001 in

632 5034 903 5095 Arabiam,
937 5034 1129 5088 deinde
1162 5034 1306 5088 venit
1336 5036 1687 5104 Damascum,
1732 5026 1912 5108 postea
1941 5039 2216 5111 Jerosoly-

635 5142 796 5189 mam,
824 5124 943 5177 hinc
966 5126 1015 5179 in
1045 5124 1273 5197 Syriam.
1298 5126 1392 5181 Vel
1418 5129 1461 5182 si
1485 5144 1589 5183 non
1614 5131 1681 5183 iui
1705 5142 1804 5195 est,
1830 5133 1905 5186 sic
1932 5148 2017 5187 res
2041 5148 2099 5187 se
2123 5134 2217 5188 ha-

634 5218 748 5271 buit
780 5237 790 5270 :
819 5218 1071 5271 Ascendit
1095 5217 1497 5290 Jerosolymam,
1536 5220 1658 5275 hinc
1679 5224 1729 5275 in
1755 5225 2064 5278 Damascum
2089 5227 2215 5280 mis-

635 5325 723 5363 sus
752 5320 854 5376 est,
881 5309 1075 5364 deinde
1107 5310 1157 5365 in
1184 5310 1409 5383 Syriam,
1442 5312 1636 5368 deinde
1660 5330 1845 5368 rursus
1872 5316 2210 5387 Damascom,

631 5415 810 5473 postea
842 5405 1139 5459 Cmsaream
1167 5447 1180 5470 ,
1225 5418 1276 5460 et
1310 5417 1431 5460 tunc
1464 5424 1556 5474 per
1582 5410 1982 5477 qnatnordecim
2020 5425 2208 5479 annos,

629 5497 767 5551 ferte
786 5496 994 5565 quando
1023 5496 1211 5551 fratres
1236 5486 1453 5552 adduxit
1477 5516 1597 5552 cum
1625 5500 1883 5555 Barnaba.
1914 5500 2011 5557 Vel
2032 5502 2074 5556 si
2105 5518 2209 5557 non

629 5590 751 5650 hoc,
781 5588 917 5641 aliud
942 5590 1067 5642 dicit
1096 5599 1320 5659 tempus.
1356 5590 1484 5644 Nam
1511 5591 1961 5665 bistoriographus
1986 5597 2208 5649 multum

625 5682 947 5751 compendio
974 5684 1178 5746 studet,
1230 5692 1283 5737 ct
1310 5687 1471 5737 multa
1505 5693 1738 5754 tempora
1772 5691 2031 5757 congerit.
2079 5688 2210 5743 Vide

627 5790 907 5847 quamnon
929 5776 997 5829 sit
1020 5776 1350 5839 ambitiosus,
1372 5794 1544 5847 neque
1566 5788 1745 5833 narret
1760 5779 2015 5834 visionem
2041 5780 2204 5848 illam,

636 5871 728 5928 sed
755 5882 1096 5929 transcurrat.
1132 5874 1331 5931 Rursus
1364 5877 1437 5931 sic
1464 5877 1643 5948 incipit
1669 5887 1721 5933 ct
1752 5879 1822 5933 ait
1855 5897 1866 5932 :
1894 5878 2015 5933 Cum
2041 5893 2207 5934 autem

2341 3007 2553 3060 venisset
2584 3007 2635 3058 in
2660 3003 2968 3069 Jerusalem,
3014 3006 3235 3058 tentabat
3276 3020 3330 3057 se
3362 3004 3582 3072 jungere
3627 3001 3894 3072 discipulis
3924 3019 3941 3053 :

2339 3101 2413 3153 illi
2451 3116 2565 3153 vero
2611 3100 2849 3151 timebant
2878 3114 3011 3151 eunt.
3059 3097 3126 3151 Et
3160 3096 3284 3151 hinc
3322 3110 3533 3150 rursum
3565 3094 3715 3148 Pauli
3758 3094 3942 3147 fervor

2340 3193 2661 3253 ostenditur;
2690 3208 2793 3246 non
2824 3192 2890 3245 ab
2920 3192 3146 3257 Anauia,
3175 3206 3280 3245 non
3309 3190 3376 3245 ab
3403 3190 3487 3255 iis,
3517 3188 3605 3259 qui
3638 3188 3759 3243 istic
3777 3188 3942 3241 mira-

2340 3287 2534 3340 bantur
2563 3301 2716 3345 eum.
2760 3284 2853 3338 sed
2883 3284 3043 3337 etiam
3074 3284 3140 3337 ab
3170 3283 3257 3348 iis,
3289 3297 3407 3353 qua:
3437 3280 3791 3352 Jerosolymis
3820 3291 3940 3334 acta

2337 3390 2481 3433 sunt.
2516 3378 2696 3448 Neque
2738 3379 2877 3432 enim
2911 3377 3013 3432 hoc
3056 3378 3299 3430 humanae
3343 3386 3460 3431 erat
3486 3376 3929 3445 exspectationis.

2334 3473 2399 3525 Et
2426 3470 2546 3526 vide
2576 3472 2723 3525 illuni
2758 3486 2860 3524 non
2893 3472 3165 3539 apostolos
3190 3468 3336 3523 adire
3366 3485 3474 3537 prre
3502 3470 3787 3532 modestia,
3838 3472 3938 3522 sed

2337 3562 2651 3633 discipulos,
2675 3572 2858 3631 utpote
2880 3564 2967 3631 qui
2990 3561 3283 3631 discipulus
3310 3569 3489 3615 esset:
3520 3560 3758 3615 nondum
3790 3559 3940 3615 enim

2336 3656 2473 3709 lidus
2524 3670 2645 3711 esse
2692 3655 2993 3725 putabatur.
3047 3653 3310 3709 Barnabas
3350 3666 3516 3707 autem
3559 3653 3941 3725 apprehensum

2334 3749 2477 3801 illum
2503 3748 2648 3801 duxit
2668 3749 2738 3801 ad
2767 3750 3024 3817 apostolos
3044 3792 3058 3814 ,
3088 3758 3133 3802 et
3172 3749 3395 3801 narravit
3420 3750 3525 3801 illis
3547 3790 3563 3814 ,
3604 3750 3861 3818 quomodo
3883 3750 3939 3801 in

2324 3843 2413 3895 via
2446 3844 2645 3897 vidisset
2679 3841 2970 3897 Damimnn.
3006 3842 3275 3896 Barnabas
3309 3842 3395 3896 hic.
3424 3843 3567 3896 mitis
3592 3851 3646 3896 et
3672 3858 3936 3898 mansue-

2335 3942 2419 3987 tus
2449 3933 2608 3986 homo
2637 3942 2774 3987 erat.
2806 3933 3011 3987 Nomen
3040 3942 3218 3987 autem
3250 3933 3366 4003 ejus
3394 3934 3563 3987 lilium
3599 3934 3938 3989 consolatio.

2333 4027 2413 4077 nis
2442 4025 2703 4094 significat
2733 4024 2910 4079 :unde
2934 4034 2987 4078 et
3007 4026 3211 4079 amicus
3234 4026 3395 4080 Paulo
3417 4024 3532 4081 fuit.
3560 4025 3712 4092 Quod
3744 4036 3933 4082 autem

2332 4116 2483 4170 valde
2512 4116 2655 4170 mitis
2684 4126 2825 4171 esset
2855 4125 2910 4171 et
2943 4131 3161 4172 accessu
3194 4116 3387 4183 facilis,
3434 4126 3489 4171 et
3516 4133 3581 4172 ex
3611 4118 3734 4185 hoc,
3775 4128 3832 4174 et
3861 4136 3934 4175 ex

2331 4210 2393 4262 iis
2418 4225 2537 4280 qua:
2559 4210 2697 4264 circa
2719 4209 2978 4265 Joannem
3005 4217 3120 4264 acta
3147 4218 3291 4275 sunt,
3318 4211 3501 4280 liquet.
3536 4208 3687 4264 Unde
3711 4211 3797 4265 hic
3821 4226 3933 4266 non

2331 4302 2542 4367 metuit,
2574 4300 2668 4355 sed
2694 4313 2897 4365 narrat,
2921 4300 3189 4371 quomodo
3214 4302 3267 4354 in
3296 4302 3376 4355 via
3400 4300 3592 4355 viderit
3614 4301 3931 4369 Dominum,

2329 4404 2382 4449 et
2411 4394 2551 4462 quod
2581 4394 2831 4464 loquutus
2859 4394 2926 4447 sit
2960 4394 3054 4457 illi,
3099 4409 3162 4448 ac
3188 4394 3455 4463 quomodo
3484 4394 3727 4450 Damasci
3758 4394 3934 4452 libere

2328 4486 2499 4555 egerit
2525 4486 2574 4539 in
2607 4485 2824 4541 nomine
2856 4485 3064 4539 Domini
3096 4484 3245 4541 Jesu.
3305 4484 3609 4541 Verisimile
3651 4487 3796 4541 enim
3844 4497 3934 4542 est

2326 4577 2477 4631 illum
2505 4577 2747 4631 Damasci
2768 4576 3036 4631 audivisse
3056 4576 3123 4631 de
3151 4575 3261 4630 illo.
3289 4576 3412 4631 ldeo
3440 4577 3555 4632 lucc
3581 4577 3645 4631 ad
3669 4578 3757 4632 illa
3786 4593 3933 4649 prae-

2326 4679 2554 4740 parant,
2608 4669 2733 4723 dum
2766 4669 2855 4724 ille
2884 4668 3135 4738 Operibus
3181 4668 3319 4722 dicta
3369 4669 3673 4724 confirmat.
3704 4668 3795 4724 28.
3859 4670 3932 4723 Et

2325 4778 2565 4821 eratcum
2594 4766 2697 4819 illis
2726 4767 2921 4819 intrans
2948 4774 2993 4817 et
3016 4764 3186 4816 exiens
3216 4765 3266 4815 in
3286 4763 3595 4828 Jerusalem,
3628 4772 3674 4817 et
3701 4764 3932 4831 ﬁducia-

2324 4863 2442 4914 liler
2484 4876 2638 4929 agcns
2678 4860 2727 4911 in
2764 4858 2963 4911 nomine
2988 4856 3133 4911 Jcsu.
3160 4856 3253 4911 ‘29.
3287 4856 3605 4922 Loqucbatur
3643 4874 3845 4927 quoque
3874 4872 3930 4912 et

2324 4955 2610 5023 disputabat
2666 4972 2778 5008 cum
2838 4952 3049 5008 Cra'cis.
3112 4953 3243 5021 Quia
3307 4953 3552 5021 discipuli
3606 4954 3931 5008 metuebant

2324 5047 2504 5110 illum,
2550 5048 2779 5116 apostoli
2811 5062 2938 5101 vero
2968 5031 3072 5099 non
3103 5047 3172 5098 illi
3217 5045 3559 5100 confidebant
3591 5063 3604 5098 :
3642 5042 3761 5098 ideo
3791 5044 3928 5099 hinc

2321 5142 2533 5197 illorum
2558 5152 2755 5195 metum
2775 5140 2952 5195 solvit.
2977 5139 3313 5209 Loquebatur,
3342 5140 3529 5208 inquit,
3554 5148 3602 5192 et
3622 5139 3925 5206 disputabat

2320 5252 2431 5288 cum
2455 5232 2667 5288 Graecis.
2701 5234 2795 5287 llic
2820 5233 3037 5288 Grmcos
3064 5242 3220 5287 vocat
3248 5246 3361 5296 eos,
3397 5232 3483 5301 qui
3512 5230 3697 5286 ϐττιτςο
3728 5232 3920 5300 loque-

2319 5326 2512 5380 bantur
2537 5344 2548 5379 :
2578 5325 2750 5380 ethoc
2770 5324 3055 5379 admodum
3085 5326 3374 5394 sapienter.
3401 5323 3477 5377 llli
3506 5324 3646 5378 enim
3674 5323 3761 5377 alii
3808 5323 3908 5380 lle~

2318 5419 2444 5473 brari
2470 5434 2535 5474 ne
2565 5419 2747 5473 videre
2772 5418 2985 5488 quidem
3012 5419 3159 5472 illttm
3187 5418 3453 5472 volebant.
3481 5416 3568 5471 Illi
3592 5429 3757 5471 autem
3779 5434 3928 5486 quas-

2316 5511 2487 5563 rebant
2514 5511 2739 5564 occidere
2784 5526 2916 5564 eum.
2950 5509 3313 5565 Vehementim
3344 5524 3406 5563 ac
3456 5508 3707 5578 perfectae
3736 5510 3907 5564 victo-

2315 5603 2407 5657 rirc
2441 5603 2539 5656 hoc
2568 5603 2778 5671 signum
2825 5611 2960 5669 erat,
3011 5612 3066 5658 et
3094 5602 3233 5673 quod
3266 5601 3337 5655 illi
3370 5602 3467 5656 bac
3497 5602 3563 5656 de
3592 5618 3649 5656 re
3680 5602 3913 5657 multum

2315 5696 2579 5751 dolerent.
2613 5696 2699 5749 50.
2738 5696 2887 5763 Quod
2918 5713 3031 5749 cum
3061 5696 3405 5764 cognovissent
3438 5697 3643 5766 fratres,
3677 5696 3915 5749 deditte-

2314 5800 2428 5842 runt
2446 5807 2556 5844 eum
2578 5788 2878 5844 Cwsaream.
2910 5790 3027 5845 Pra:
3057 5790 3246 5844 timore
3274 5790 3372 5842 hoc
3395 5790 3592 5842 fat-Iunt
3618 5808 3631 5843 :
3657 5790 3913 5843 timentes

2315 5882 2456 5936 enim
2484 5898 2547 5938 ne
2570 5880 2800 5953 idipsum
2822 5880 3110 5950 accideret,
3139 5882 3277 5953 quod
3310 5880 3606 5951 Stephano,
3634 5881 3910 5937 deducunt
