4094 6490
206 526 297 584 165
1164 518 1227 575 IN
1304 512 1487 571 ACTA
1528 507 2063 568 APOSTOLORUM.
2105 508 2341 567 llOMlL.
2366 508 2528 567 ‘XXt.

201 642 510 696 Creusam.
538 637 613 694 Et
636 638 881 692 miserunt
903 634 1136 691 fanum.
1160 633 1268 689 Etsi
1287 642 1503 704 propter
1520 631 1791 697 timorem,

199 737 405 791 mittunt
437 745 650 798 tamen,
690 741 747 786 ut
786 729 1062 800 praedicet,
1092 738 1148 783 et
1174 728 1224 781 in
1252 736 1366 781 tuto
1391 726 1481 792 sit,
1522 732 1711 795 utpote
1738 722 1791 779 in

200 828 356 897 patria
378 844 501 881 sua.
540 825 675 881 Vide
694 834 895 890 autem,
924 820 1193 894 quomodo
1214 836 1323 876 non
1344 819 1523 875 omnia
1553 833 1650 889 per
1671 832 1795 888 gra-

199 921 312 973 tiam
344 918 495 985 fiant,
528 917 629 973 sed
660 917 931 989 permittat
966 915 1127 979 Deus,
1157 922 1216 969 ut
1245 912 1410 968 multa
1436 928 1503 968 ex
1532 910 1793 982 sapientia

196 1028 282 1066 sua
309 1024 361 1067 et
389 1016 633 1067 humano
674 1026 824 1067 more
852 1011 1182 1079 dispcttsent.
1213 1008 1269 1065 Si
1292 1017 1468 1063 autem
1495 1006 1546 1061 in
1577 1006 1694 1076 ipso
1718 1004 1793 1059 fa-

194 1118 326 1160 ctum
353 1117 435 1161 εει
466 1106 596 1172 huc,
629 1105 796 1161 multo
824 1106 993 1176 magis
1021 1104 1073 1159 in
1104 1104 1230 1158 illis.
1262 1103 1529 1158 Permittit
1555 1115 1707 1171 ergo,
1738 1110 1795 1155 ut

196 1199 503 1265 ignavorum
535 1202 819 1255 obtentum
834 1201 1061 1255 auferat.
1085 1198 1145 1253 3|
1161 1238 1173 1251 .
1212 1196 1456 1252 Ecclesia
1479 1195 1682 1269 quidem
1703 1214 1794 1265 per

194 1302 340 1345 totam
365 1289 615 1345 Judwam
645 1303 690 1343 et
721 1290 1014 1347 Samariam
1038 1306 1214 1361 pacem
1246 1289 1516 1353 habebant,
1545 1299 1591 1343 et
1620 1290 1789 1355 (ediﬁ-

193 1386 451 1448 cabantur,
495 1382 741 1448 ibantque
766 1386 819 1437 in
848 1384 1029 1437 timore
1062 1382 1303 1447 Domini,
1355 1394 1403 1437 et
1448 1382 1793 1436 consolatione

194 1475 409 1546 Spiritus
439 1477 614 1530 sancti
640 1476 985 1545 replebantur.
1020 1475 1271 1532 Dicturus
1300 1484 1383 1533 est
1412 1476 1481 1532 de
1511 1475 1652 1531 Petri
1680 1477 1790 1531 dis-

192 1586 335 1624 cessu
365 1571 431 1624 ad
462 1580 707 1625 sanctos.
740 1570 817 1626 Ne
856 1572 975 1641 quis
1020 1588 1149 1642 ergo
1190 1579 1399 1643 putaret
1442 1571 1495 1627 id
1533 1587 1597 1628 ex
1643 1582 1789 1628 metu

192 1664 498 1732 provenisse
520 1704 536 1725 ,
590 1664 762 1734 primo
808 1673 991 1719 narrat
1028 1674 1088 1720 ut
1129 1680 1188 1719 se
1219 1664 1479 1720 haberent
1511 1665 1787 1732 Ecclesiae;

191 1757 472 1812 ostendens
502 1756 682 1827 ipsum
711 1756 1140 1827 persequutionis
1169 1765 1409 1829 tempore
1437 1757 1789 1829 Jerosolymze

192 1852 445 1905 mansisse
472 1868 485 1901 :
511 1865 639 1905 cum
669 1860 847 1905 autem
876 1851 930 1904 in
964 1859 1079 1905 tuto
1103 1859 1261 1906 erant
1282 1850 1479 1922 ubique
1508 1851 1786 1917 Ecclesiae,

194 1954 310 1998 tunc
334 1943 739 2017 Jernsolymam
768 1944 1085 2015 reliquisse;
1119 1945 1254 2002 adeo
1284 1945 1504 2002 fervens
1530 1958 1585 2003 et
1610 1948 1791 2003 alacer

192 2046 314 2089 erat.
343 2034 462 2090 Non
493 2037 641 2092 enim
670 2037 791 2107 quia
824 2052 925 2107 pax
954 2047 1089 2103 erat,
1124 2038 1343 2109 putabat
1372 2055 1479 2095 non
1506 2055 1643 2111 opus
1666 2055 1789 2096 esse

193 2142 282 2180 suo
306 2128 567 2183 adventu.
599 2129 665 2183 Et
698 2144 817 2196 cur,
846 2129 1077 2200 inquies,
1111 2130 1161 2185 id
1189 2130 1333 2197 facit,
1358 2134 1611 2205 venitque
1644 2135 1788 2203 pacis

193 2228 446 2289 tempore,
476 2231 533 2276 et
562 2230 842 2291 postquam
871 2221 1069 2277 Paulus
1090 2222 1333 2278 abierat?
1362 2224 1494 2292 Quia
1524 2227 1644 2280 illos
1668 2243 1785 2282 ma-

192 2310 327 2366 xime
362 2312 765 2367 venerabantur
794 2312 835 2380 ¹,
880 2322 1065 2383 utpote
1105 2314 1193 2383 qui
1234 2331 1378 2385 smpe
1406 2317 1690 2386 adessent,
1733 2330 1790 2375 et

193 2402 512 2458 multitudini
544 2404 855 2473 mirabiles;
890 2407 1036 2461 illum
1069 2423 1197 2463 vero
1224 2412 1684 2479 contemnebant,
1733 2423 1788 2470 et

195 2495 241 2551 in
269 2512 387 2553 eum
420 2499 596 2571 magis
626 2501 1113 2572 exasperabaotur.

256 2589 308 2645 2.
339 2589 529 2646 Petrus
571 2594 719 2664 quasi
762 2599 871 2650 dua:
905 2596 1154 2651 circuibat
1193 2598 1418 2654 ordines.
1444 2630 1515 2641 —
1544 2598 1786 2657 Vidistin’

195 2682 451 2747 quosnodo
483 2701 587 2754 pax
620 2685 817 2741 bellum
848 2698 1069 2758 sequuta
1101 2689 1216 2744 sit?
1258 2690 1366 2745 itno
1395 2691 1629 2750 vidistin’
1659 2694 1787 2764 quid

197 2773 369 2830 iecerit
397 2777 605 2832 bellum
636 2778 801 2833 illud?
844 2780 1105 2849 Dispersit
1142 2782 1390 2851 paciﬁcos
1427 2785 1567 2841 illos.
1600 2786 1657 2842 In
1689 2786 1787 2843 Sa-

198 2868 348 2921 maria
381 2869 591 2938 pudore
607 2869 843 2927 suﬂ'usus
864 2883 946 2927 est
967 2873 1153 2929 Simon
1176 2891 1191 2929 :
1223 2876 1273 2930 in
1300 2875 1484 2932 Judtea
1506 2877 1786 2950 Sappbira:

196 2973 338 3014 casus
366 2962 588 3017 accidit.
617 2963 733 3019 Non
768 2980 898 3037 ergo
939 2966 1062 3037 quia
1104 2982 1204 3037 pax
1248 2979 1396 3036 erat,
1426 2972 1667 3027 remissa:
1697 2986 1786 3029 res

198 3064 370 3118 eram;
397 3054 495 3109 sed
529 3056 654 3111 talis
682 3068 799 3112 erat
831 3073 961 3129 pax,
994 3074 1114 3129 qua:
1156 3062 1523 3117 consolatione
1561 3063 1785 3121 haberet

196 3158 341 3211 opus.
368 3145 459 3200 32.
490 3145 707 3201 Factum
732 3159 805 3202 est
828 3160 1017 3214 autem,
1046 3160 1101 3203 ut
1139 3149 1345 3216 Petrus,
1373 3152 1495 3207 dum
1520 3165 1782 3224 pertrem-

198 3233 281 3288 iret
332 3237 596 3292 universos
619 3278 637 3304 ,
680 3238 934 3294 deueniret
973 3242 1041 3294 ad
1080 3251 1281 3297 sanctos
1301 3284 1316 3307 ,
1360 3246 1448 3313 qui
1491 3244 1782 3302 habitabant

198 3324 403 3397 Lyddte.
437 3329 603 3399 Quasi
649 3332 755 3387 dux
804 3333 1105 3400 circuibat,
1138 3336 1357 3392 ordines
1396 3340 1779 3409 considerans,

197 3435 306 3488 quas
358 3437 484 3493 pars
526 3435 673 3481 esset
708 3426 1040 3491 coadunata,
1081 3444 1201 3499 quas
1240 3441 1464 3500 ornata,
1514 3448 1635 3502 quas
1684 3449 1783 3491 sua

198 3518 466 3582 pmsentia
498 3528 704 3590 egeret.
737 3519 875 3576 Vide
912 3521 1062 3576 illum
1110 3522 1309 3593 ubique
1343 3526 1781 3596 circumcursan-

198 3616 331 3674 tem,
360 3619 417 3667 et
448 3614 683 3682 primum
718 3615 1015 3670 inventum.
1052 3614 1149 3671 Ubi
1187 3616 1465 3687 eligendus
1506 3629 1624 3676 erat
1661 3636 1786 3692 apo.

197 3702 389 3771 stolas,
421 3706 509 3761 hic
538 3707 746 3776 primus
774 3706 907 3773 fuit;
933 3723 1055 3764 cum
1095 3708 1381 3765 dicendum
1426 3722 1543 3767 erat
1581 3713 1783 3770 Iudaeis

198 3809 293 3851 non
338 3814 458 3857 esse
502 3802 685 3857 ebrios
725 3803 1037 3871 apostolos,
1088 3818 1209 3858 cum
1252 3804 1472 3861 claudus
1511 3807 1783 3863 sanandus

197 3886 285 3943 iuit
302 3932 315 3953 .
337 3895 553 3963 quando
574 3895 1008 3950 concionandum
1028 3905 1176 3963 erat,
1201 3896 1287 3952 hic
1313 3907 1441 3954 ante
1467 3900 1602 3955 alios
1629 3910 1779 3967 erat;

195 3986 391 4050 quando
418 3986 689 4058 agendum
721 4002 842 4043 cum
874 3988 1144 4057 praefectis
1166 4031 1181 4057 ,
1220 3990 1436 4060 quando
1474 4007 1595 4047 cum
1633 3993 1778 4047 Ana-

197 4075 305 4142 nia,
331 4092 451 4133 cum
482 4094 553 4135 ex
584 4079 772 4135 umbra
815 4081 1124 4137 sanationes
1169 4081 1377 4137 ﬁerent.
1422 4083 1524 4139 Ubi
1566 4087 1781 4155 pericu-

198 4162 293 4221 lum
334 4179 454 4236 est,
508 4171 601 4226 hic
640 4172 831 4235 adest,
880 4181 936 4227 et
990 4173 1076 4227 ubi
1123 4174 1368 4243 quaedam
1418 4176 1781 4245 dispensanda

197 4270 341 4315 sunt:
374 4264 463 4320 ubi
492 4278 625 4319 vero
654 4265 959 4335 tranquillae
986 4280 1075 4321 res
1102 4273 1227 4320 sunt
1246 4306 1260 4329 ,
1292 4267 1343 4320 in
1374 4271 1643 4325 cauunuui
1667 4286 1784 4323 om-

198 4365 318 4417 nes;
348 4356 482 4412 adeo
514 4371 624 4411 non
666 4358 873 4427 appetit
913 4358 1170 4428 majorem
1219 4357 1501 4414 honorem.
1547 4359 1778 4414 Rursum

192 4459 305 4502 cum
351 4450 611 4506 miracula
666 4450 828 4507 edere
862 4452 1166 4521 oportebat,
1216 4452 1304 4507 ille
1343 4452 1655 4523 prosiliebat
1684 4469 1697 4506 :
1729 4463 1783 4508 et

196 4535 273 4593 hic
298 4540 485 4597 iterum
520 4544 637 4612 ipse
665 4557 762 4613 per
788 4557 847 4599 se
876 4542 1119 4609 laborat,
1149 4554 1203 4598 et
1235 4543 1335 4599 iter
1357 4544 1483 4614 agit.
1514 4544 1782 4600 53.1nve-

199 4629 262 4681 nit
286 4645 447 4689 autem
472 4634 545 4687 ibi
575 4634 829 4689 hominem
870 4636 1141 4705 quandam
1176 4638 1380 4691 nomine
1412 4634 1670 4703 Emam,
1719 4639 1781 4690 ab

194 4724 329 4779 antiis
353 4737 465 4782 octo
482 4729 743 4799 jacentem
766 4728 820 4782 in
847 4730 1060 4801 grabato
1084 4770 1099 4795 ,
1120 4731 1227 4801 ,qui
1269 4739 1375 4785 erat
1418 4732 1733 4802 paralyticus
1763 4747 1782 4786 :

200 4812 275 4868 δι.
301 4828 345 4870 et
370 4820 442 4873 ait
463 4820 547 4874 illi
580 4818 766 4875 Petrus
794 4836 814 4875 :
845 4820 919 4875 ΛΕ
926 4838 1039 4888 nea,
1073 4830 1223 4876 sanat
1253 4831 1300 4877 te
1322 4821 1479 4878 Iesus
1507 4821 1736 4877 Christus
1763 4840 1781 4877 :

196 4920 363 4976 surge,
399 4921 452 4964 et
490 4921 658 4965 stans
701 4913 808 4967 tibi.
853 4910 921 4966 Et
960 4914 1133 4968 statim
1177 4916 1419 4970 surrexit.
1450 4915 1518 4970 Et
1546 4931 1644 4970 cur
1675 4932 1780 4971 non

198 5002 522 5067 exspectavit
562 5004 660 5058 viri
699 5003 857 5060 ﬁdem
883 5046 899 5071 ,
946 5021 1047 5061 nec
1093 5007 1442 5078 interrogavit
1485 5023 1553 5062 an
1604 5012 1785 5064 curari

200 5090 386 5148 vellet?
410 5095 558 5151 Sane
585 5098 706 5167 quia
729 5098 796 5153 ad
820 5100 1107 5154 multorum
1132 5103 1555 5157 consolationem
1585 5103 1783 5160 factum

200 5191 275 5235 est
302 5186 639 5243 miraculum.
679 5188 862 5260 Itaque
905 5191 1031 5246 audi
1075 5202 1332 5263 quantum
1372 5195 1581 5249 lucrum
1615 5214 1629 5250 :
1658 5198 1788 5250 sub-

197 5268 357 5346 iungit
384 5280 533 5333 enim
562 5280 749 5336 dicetis
773 5300 787 5336 :
814 5283 905 5338 35.
936 5283 1002 5338 Et
1030 5285 1259 5338 viderunt
1288 5302 1460 5341 omnes
1480 5328 1494 5351 ,
1523 5289 1610 5357 qui
1637 5289 1785 5343 habi-

204 5368 358 5426 tabant
384 5374 650 5445 Lgddteet
678 5376 923 5432 Assaroni
948 5421 962 5445 ,
993 5380 1079 5450 qui
1100 5381 1329 5437 conversi
1349 5391 1465 5435 sunt
1498 5383 1567 5434 ad
1606 5381 1786 5436 Domi-

205 5476 328 5519 num.
346 5466 494 5524 Bene
516 5469 595 5524 sic
613 5469 747 5525 dixit
774 5489 788 5525 :
815 5471 1038 5543 insignis
1057 5472 1201 5528 enim
1222 5482 1338 5528 erat
1356 5473 1471 5539 vir;
1495 5487 1787 5543 argumen-

209 5561 411 5629 tumque
442 5559 535 5615 dat
562 5562 741 5631 signi,
774 5563 916 5633 quod
946 5564 1097 5619 tollat
1123 5565 1425 5635 grabattIm.
1460 5564 1577 5620 Non
1610 5567 1783 5622 solum

208 5649 329 5704 enim
354 5667 381 5705 a
408 5654 616 5709 morbis
648 5655 1053 5724 liberaverunt,
1084 5656 1181 5712 sed
1210 5658 1371 5712 etiam
1404 5672 1527 5712 cum
1559 5660 1789 5715 sanitate

212 5737 333 5797 vires
356 5744 751 5815 prsestiterunt.
797 5748 1046 5819 Alioquin
1082 5760 1261 5804 autem
1303 5748 1543 5804 nondum
1579 5750 1791 5805 virtutis

212 5842 305 5885 sua!
328 5837 476 5908 signa
502 5837 803 5906 dederant;
838 5840 911 5895 ita
953 5849 1011 5895 ut
1048 5842 1241 5897 merito
1276 5856 1384 5896 non
1426 5840 1734 5912 exigeretur
1760 5856 1791 5895 a

267 5925 291 6001 ‘_
311 5932 437 5979 Unus
453 5928 595 6001 00d._
613 5930 827 6001 habet...
872 5943 962 5981 sita
976 5931 1215 6001 aduentu.
1240 5930 1431 6001 Abierat
1459 5927 1637 6001 Paulus
1659 5937 1793 5983 crot-

216 5992 438 6104 m.
454 6005 554 6107 ang
564 5993 677 6056 jam
696 5992 876 6046 bellum
899 6000 984 6045 aut
1006 5993 1231 6047 turbatio.
1256 5996 1369 6047 Illos
1391 5993 1607 6047 maxime
1641 6007 1787 6048 seue-

417 6089 435 6117 1

1900 624 2019 679 viro
2050 622 2220 690 ﬁdes,
2251 626 2687 700 quandoquidem
2726 645 2831 686 non
2873 642 3168 704 exegerunt
3214 649 3244 692 a
3285 634 3507 696 claudo.

1900 713 2367 785 Quemadmodum
2420 720 2581 793 igitur
2619 732 2674 779 et
2718 722 2967 781 Christus
3023 728 3180 785 initio
3226 732 3504 803 signorum

1903 809 2063 867 iidem
2090 827 2199 868 non
2226 816 2475 887 exigebat
2502 834 2519 873 :
2547 817 2627 874 sic
2649 835 2822 891 neque
2845 822 2954 879 isti.
2977 822 3335 898 Jerosolymis
3359 831 3504 887 enim

1902 902 2036 962 ﬁdes
2055 910 2250 965 merito
2271 911 2421 981 prius
2441 913 2758 984 exigebatur
2780 935 2792 970 :
2822 918 2963 973 unde
2986 917 3040 974 et
3063 931 3286 991 propter
3310 924 3465 980 ﬁdem
3481 956 3500 985 ι

1902 1008 2166 1071 quotquot
2191 1005 2395 1060 morbis
2418 1007 2796 1065 detinebantur
2818 1054 2834 1079 ,
2860 1014 2912 1067 in
2943 1014 3045 1069 viis
3072 1020 3503 1089 exponebantur,

1903 1104 1953 1148 ut
1987 1097 2251 1154 venientis
2288 1100 2431 1156 Petri
2472 1103 2665 1159 saltem
2704 1108 2892 1163 umbra
2933 1114 3241 1181 quempiam
3290 1116 3503 1174 illorum

1899 1188 2269 1246 obumbraret.
2313 1192 2473 1247 Multa
2506 1198 2647 1251 enim
2693 1200 2801 1256 illic
2840 1204 2990 1275 signa
3030 1207 3370 1277 edebantur;
3420 1216 3506 1272 hic

1898 1288 2079 1334 autem
2110 1280 2216 1337 hoc
2246 1284 2471 1352 primum
2500 1292 2747 1361 contigit.
2778 1294 2908 1350 Nam
2937 1299 3087 1369 signa
3128 1303 3232 1357 alia
3272 1306 3337 1360 ad
3370 1308 3503 1364 alios

1898 1369 2212 1428 alliciendos
2240 1376 2578 1444 edebantur,
2612 1384 2715 1437 alia
2761 1386 2827 1439 ad
2871 1393 3208 1448 credentium
3251 1402 3503 1456 eun~ola-

1900 1464 2121 1519 tionem.
2152 1468 2241 1522 36.
2284 1468 2355 1524 In
2400 1470 2572 1544 lappe
2624 1488 2791 1531 autem
2832 1484 2929 1551 fuit
2970 1488 3207 1554 quaedam
3251 1491 3505 1561 discipula

1898 1557 2104 1613 nomine
2131 1559 2351 1618 Tabitha
2374 1606 2388 1628 ,
2417 1582 2531 1637 qua:
2556 1569 2599 1622 si
2630 1570 2983 1641 interpretetur
3001 1619 3015 1637 .
3065 1582 3254 1636 dicitur
3282 1557 3500 1643 Dorcas.

1900 1646 2028 1705 Hac
2051 1662 2161 1707 erat
2190 1654 2342 1724 plena
2369 1659 2605 1727 aper-ibus
2634 1665 2776 1719 bonis
2800 1708 2816 1732 ,
2862 1679 2909 1721 et
2957 1671 3288 1745 eleemosynis
3312 1720 3327 1743 ,
3378 1694 3505 1749 quas

1898 1743 2133 1813 faciebat.
2168 1748 2256 1803 37.
2296 1748 2512 1805 Factum
2541 1766 2612 1808 est
2638 1768 2807 1811 autem
2847 1762 2900 1813 in
2928 1762 3103 1841 diebus
3138 1743 3241 1821 illis
3271 1784 3326 1823 ut
3351 1743 3501 1840 iri/ir-

1897 1849 2037 1893 mata
2076 1853 2374 1898 moreretur.
2415 1844 2586 1912 Quom
2613 1867 2726 1903 cum
2764 1854 3036 1921 lavissent,
3074 1876 3353 1930 posuerunt
3390 1883 3520 1922 eam.

1896 1928 1951 1982 in
1989 1934 2273 1987 caenaculo.
2319 1936 2411 1992 38.
2453 1937 2579 1994 Cum
2622 1950 2793 1997 autem
2824 1963 2983 2018 prope
3028 1928 3154 2006 esset
3198 1953 3385 2026 Lycida
3434 1958 3523 2015 ad'

1895 2022 2102 2094 Joppen
2124 2065 2141 2094 ,
2189 2027 2433 2101 discipuli
2455 2035 2718 2091 audientes
2740 2080 2754 2103 ,
2795 2043 2930 2110 quod
2960 2041 3144 2100 Petrus
3169 2022 3294 2104 esset
3322 2053 3375 2107 in
3406 2070 3466 2110 ea
3485 2096 3502 2125 ,

1897 2116 2142 2173 miserunt
2171 2122 2300 2177 duos
2326 2126 2460 2180 viros
2479 2168 2495 2190 ,
2526 2141 2763 2200 rogantes
2788 2174 2801 2197 ,
2828 2151 2891 2188 ne
2907 2136 3137 2206 cli/ferret
3156 2145 3324 2200 uenire
3348 2148 3507 2221 usque

1897 2208 1966 2262 ad
1988 2209 2146 2278 ipsos.
2172 2212 2282 2268 Cur
2303 2229 2683 2287 exspectarunt
2704 2224 2879 2281 donec
2905 2236 3251 2289 moreretur?
3274 2252 3372 2294 cur
3394 2208 3505 2298 non

1896 2309 2022 2357 ante
2052 2315 2270 2373 rogatus
2304 2307 2403 2363 iuit
2443 2310 2679 2369 Petrus?
2717 2316 2998 2390 Indignum
3050 2336 3301 2394 putantes
3340 2340 3503 2400 tunc,

1896 2408 2018 2449 cum
2052 2396 2596 2471 philosopharentur,
2629 2407 2923 2481 discipulos
2959 2416 3026 2472 ad
3066 2434 3154 2475 res
3195 2396 3505 2495 hujusmodi

1894 2500 2153 2556 gravare,
2208 2500 2262 2547 et
2307 2508 2339 2548 a
2387 2496 2771 2565 praedicatione
2818 2505 3156 2567 abstrahere.
3198 2513 3333 2574 Nam
3381 2520 3507 2579 ideo

1895 2576 2027 2631 dicit
2053 2593 2219 2650 prope
2248 2583 2417 2641 fuisse
2441 2628 2458 2653 ,
2495 2597 2552 2644 ut
2586 2593 2836 2655 ostendat
2864 2597 2985 2657 illos
3016 2605 3168 2673 quasi
3196 2622 3311 2664 rem

1895 2669 2047 2731 sione
2074 2670 2256 2770 oblata
2285 2677 2506 2770 petiisse
2536 2682 2556 2750 (
2581 2683 2842 2757 discipula
2871 2691 3015 2747 enim
3032 2669 3161 2752 verat
3182 2698 3225 2770 ),
3269 2718 3376 2759 non
3403 2721 3505 2763 au-

1896 2766 2003 2814 tem
2037 2765 2307 2834 praecipuo
2337 2768 2478 2825 loco.
2509 2772 2602 2829 39.
2633 2774 2931 2850 Exsurgens
2958 2797 3128 2843 autem
3158 2765 3347 2850 Petrus
3371 2798 3506 2854 venit

1894 2866 2012 2905 cum
2037 2854 2160 2911 illis.
2196 2856 2262 2911 Et
2294 2875 2409 2913 cum
2440 2864 2721 2921 advenisset
2753 2871 3011 2931 duxerunt
3052 2879 3202 2935 illum
3238 2884 3293 2939 in
3335 2903 3507 2945 cama-

1894 2944 2091 3046 culum.
2124 2948 2242 3005 Non
2270 2965 2500 3023 rogant,
2530 2959 2625 3015 sed
2672 2977 2785 3017 rem
2834 2967 2909 3021 illi
2958 2975 3279 3039 permittunt
3302 3022 3317 3046 ,
3350 2994 3407 3039 ut
3434 3000 3504 3042 ex

1894 3036 2077 3147 s'e'ipso
2120 3042 2291 3147 vitam
2317 3045 2409 3147 .illi
2454 3047 2733 3119 largiatur.
2777 3056 2853 3111 lta
2896 3036 2981 3116 hic
3025 3036 3503 3147 impletur'illud",

1895 3124 2239 3205 Eleemosyna
2271 3135 2447 3193 liberat
2475 3158 2509 3195 a
2537 3148 2737 3214 mortc(
2765 3146 2889 3205 Tob.
2924 3154 3010 3209 12.
3040 3124 3138 3231 9

1894 3231 2138 3279 steterunt
2176 3227 2324 3284 illum
2364 3249 2539 3291 omnes
2581 3237 2749 3293 vidule
2771 3281 2785 3306 ,
2824 3244 3003 3314 ﬂentes
3033 3227 3432 3316 et'ostendentes
3463 3265 3513 3319 ei

1896 3316 2096 3373 tunicas
2121 3329 2168 3372 et
2190 3332 2350 3379 uestes
2370 3367 2387 3392 ,
2416 3344 2543 3398 quas
2571 3331 2791 3401 faciebat
2819 3334 3017 3394 Dorcas
3041 3383 3057 3408 ,
3090 3359 3208 3410 cum
3232 3361 3358 3405 esset
3385 3316 3505 3411 cunt

1893 3405 2018 3516 illis.
2056 3409 2269 3468 Ducunt
2296 3413 2514 3473 Petrum
2544 3436 2611 3478 eo
2634 3463 2649 3489 ,
2684 3427 2773 3481 ubi
2804 3440 2922 3484 erat
2964 3405 3175 3493 mortua
3220 3405 3502 3516 exposita;

1892 3495 2036 3554 forte
2067 3512 2352 3599 putantes,
2387 3510 2463 3563 illi
2489 3513 2765 3585 quidpiam
2815 3522 2881 3574 ad
2928 3495 3506 3599 pltilosophiamwexbi:

1894 3595 2043 3653 bere.
2070 3597 2259 3655 Viden‘.
2281 3614 2481 3673 quanta
2507 3612 2749 3667 accessio
2773 3613 2909 3670 facta
2932 3618 3046 3674 sit?
3068 3595 3179 3680 Nec
3202 3628 3318 3683 sine
3339 3645 3503 3691 causa

1892 3704 2092 3747 nomen
2123 3695 2365 3751 mulieris
2394 3700 2664 3766 profertur
2687 3745 2702 3768 ,
2750 3706 2846 3761 sed
2875 3718 2932 3762 ut
2960 3715 3281 3773 ostendatur
3322 3725 3500 3779 nomi-

1892 3782 1976 3836 nis
2004 3797 2126 3839 cum
2164 3787 2272 3841 vita
2300 3794 2651 3849 consonantia
2676 3813 2689 3859 ;
2719 3797 2789 3851 ita
2837 3816 3033 3872 nempe
3072 3808 3200 3877 vigil
3244 3822 3299 3865 et
3338 3828 3503 3884 expe-

1890 3874 2000 3930 dita
2019 3886 2137 3931 erat
2161 3922 2175 3940 ,
2201 3889 2259 3934 ut
2282 3880 2477 3938 dorcas
2497 3886 2611 3942 sive
2629 3904 2845 3958 caprea.
2877 3893 3037 3951 Multa
3061 3874 3260 3971 quippe
3281 3874 3499 3963 ttntnina

1891 3984 2012 4023 cum
2045 3972 2255 4027 ratione
2282 3972 2481 4037 dantur
2503 4018 2518 4043 ,
2550 3990 2607 4031 ut
2638 3994 2783 4052 saepe
2808 3986 2964 4040 Vobis
2994 3988 3249 4049 diximus.
3291 3994 3456 4051 Plena
3482 4042 3499 4068 ,

1890 4063 2067 4132 inquit
2087 4106 2100 4127 ,
2126 4075 2235 4119 erat
2260 4069 2404 4122 bonis
2426 4072 2662 4137 aperibus
2687 4116 2702 4139 ,
2727 4085 2773 4129 et
2794 4077 3126 4153 eleemosynis
3150 4126 3164 4150 ,
3189 4103 3315 4157 quas
3340 4063 3501 4161 facie;

1889 4154 1994 4209 but.
2030 4155 2281 4226 Magnum
2324 4160 2565 4216 mulieris
2594 4169 2902 4224 encomium
2926 4210 2940 4234 ,
2975 4154 3239 4244 siquidem
3273 4154 3502 4255 utraque

1890 4248 1969 4303 sic
2004 4247 2236 4305 faciebat
2260 4293 2276 4318 ,
2320 4259 2376 4307 ut
2413 4255 2657 4325 utrisque
2698 4259 2857 4327 plena
2904 4274 3069 4321 esset.
3104 4268 3287 4327 Palam
3316 4247 3498 4335 autem

1890 4352 1974 4399 est
1997 4387 2012 4409 ,
2049 4346 2192 4399 illam
2223 4347 2373 4415 prius
2402 4348 2667 4405 bonorum
2690 4369 2915 4422 operum
2942 4401 2956 4425 ,
2981 4359 3179 4419 deinde
3198 4367 3504 4444 eleetnosy-

1892 4451 2083 4493 narum
2113 4454 2298 4492 curam
2331 4439 2604 4496 habuisse.
2628 4444 2758 4511 Qua:
2780 4450 2995 4518 faciebat
3019 4495 3035 4519 ,
3067 4456 3271 4527 inquit,
3306 4439 3506 4523 Dorcas

1890 4544 2010 4581 cum
2052 4527 2156 4582 illis
2194 4546 2422 4586 uersam.
2468 4533 2632 4590 Multa
2684 4537 2980 4597 lnunilitas.
3012 4545 3130 4603 Non
3180 4553 3323 4608 enim
3365 4558 3505 4614 sicut

1894 4636 2025 4686 nos;
2060 4622 2154 4678 sed
2184 4625 2345 4680 simul
2389 4642 2583 4683 omnes
2623 4643 2811 4699 erant,
2855 4650 3104 4708 magnam
3140 4642 3503 4718 eleemosynte

1891 4730 2077 4771 curant
2124 4717 2409 4776 habentes.
2461 4721 2553 4777 40.
2604 4722 2797 4793 Ejectis
2836 4740 3005 4784 autem
3046 4736 3279 4792 omnibus
3320 4717 3461 4811 foras
3488 4787 3504 4807 ,

1896 4810 2083 4864 Petrus
2111 4828 2303 4881 ponens
2331 4830 2498 4885 genua
2524 4819 2688 4871 oravit
2719 4834 2737 4871 :
2767 4830 2813 4873 et
2858 4839 3130 4881 conversus
3165 4829 3234 4881 ad
3278 4810 3463 4903 corpus
3486 4879 3504 4904 ,

1891 4906 2022 4959 dixit
2050 4920 2067 4959 :
2102 4904 2321 4960 Tabitha
2344 4949 2359 4971 ,
2385 4924 2556 4979 surge.
2586 4910 2651 4963 At
2680 4911 2775 4965 illa
2816 4918 3016 4983 aperuit
3057 4920 3231 4975 oculos
3271 4941 3391 4980 suos
3417 4968 3430 4991 ,
3458 4939 3509 4983 et

1891 5002 1997 5054 uiso
2018 5000 2177 5055 Petro
2199 5003 2405 5056 resedit.
2428 5004 2539 5058 Cur
2559 5020 2751 5061 omnes
2770 5006 2919 5077 ejicit
2939 5010 2961 5063 ’ξ’
2981 5011 3061 5066 Ne
3089 5013 3343 5087 laerymis
3367 5036 3503 5075 coo-

1896 5094 2141 5148 turbetur
2170 5106 2223 5150 et
2251 5106 2552 5151 moveatur.
2589 5097 2655 5151 Et
2701 5102 2878 5169 positis
2928 5106 3138 5173 genibus
3184 5113 3365 5165 oravit.
3395 5112 3506 5171 Hoc

1893 5195 2010 5240 erat
2040 5187 2268 5247 itttensae
2298 5190 2563 5244 uratiOuis
2595 5190 2872 5245 indicium.
2925 5196 3016 5249 bl.
3064 5196 3208 5254 Dans
3252 5214 3422 5258 autem
3461 5208 3509 5261 ei

1892 5294 2103 5333 manum
2123 5321 2139 5344 ,
2172 5279 2362 5351 inquit.
2395 5280 2495 5336 Hic
2516 5282 2824 5353 singﬁllatim
2852 5289 3092 5343 ostendit
3120 5292 3282 5347 vitam
3307 5338 3321 5362 ,
3350 5296 3511 5353 deiti-

1894 5370 2071 5442 deque
2094 5372 2349 5427 virtutem
2376 5374 2648 5430 inductam
2676 5418 2691 5442 ,
2720 5378 2880 5433 aliam
2910 5382 3077 5437 verbo
3100 5426 3116 5451 ,
3137 5386 3295 5441 aliam
3322 5406 3504 5447 manu.

1893 5461 2041 5520 Dans
2063 5478 2233 5521 autem
2263 5469 2307 5521 ei
2336 5485 2583 5535 manum,
2632 5474 2790 5526 erexit
2843 5491 2977 5531 eam.
3029 5475 3095 5531 Et
3132 5498 3245 5534 cum
3283 5498 3512 5541 vocasset

1893 5569 2096 5613 sanctos
2116 5570 2163 5613 et
2188 5561 2369 5615 viduas
2392 5603 2408 5626 ,
2442 5565 2719 5635 assignavit
2748 5582 2861 5621 eam
2892 5571 3057 5624 vivam
3082 5612 3096 5636 ,
3128 5574 3248 5629 aliis
3277 5578 3342 5631 ad
3378 5595 3509 5635 cou-

1895 5654 2216 5709 solationem
2241 5696 2256 5717 ,
2303 5656 2447 5724 quod
2497 5674 2740 5715 sororem
2770 5667 3079 5734 accipereut
3106 5680 3160 5722 et
3192 5672 3509 5732 miraculum

1895 5746 2182 5813 viderent;
2213 5747 2387 5803 viduis
2409 5766 2537 5804 vero
2564 5752 2633 5806 ad
2659 5758 3043 5823 patrocinium.
3072 5763 3164 5816 42.
3196 5763 3391 5819 Notum
3418 5788 3514 5823 au-

1898 5846 1997 5890 tem
2026 5842 2219 5909 factum
2247 5849 2320 5895 est
2350 5858 2440 5911 per
2470 5844 2757 5898 universam
2799 5848 3007 5921 lappen
3033 5894 3047 5918 ,
3093 5866 3141 5909 et
3183 5860 3511 5916 crediderunt

1895 5931 2042 5987 multi
2062 5934 2115 5987 in
2135 5933 2375 5993 Domino.
2392 5936 2479 5991 45.
2492 5935 2708 5991 Factum
2721 5949 2793 5993 est
2811 5953 3002 6013 autem,
3027 5958 3082 6001 ut
3096 5967 3185 6019 per
3200 5954 3387 6005 multos
3406 5954 3515 6010 dies

1896 6038 2122 6084 maneret
2148 6028 2201 6084 in
2230 6028 2401 6101 lo'ppe
2427 6030 2567 6102 apud
2606 6029 2869 6089 Simonem
2909 6042 3179 6107 quemdam
3209 6046 3507 6101 curiarium.
