  <div class='ocr_page' id='page_1' title='image "/cluster/home/n/w/nwhite01/storage/ocr_20150623/60/uva.x004246612/173.png"; bbox 0 0 4094 6480; ppageno 0'>
   <div class='ocr_carea' id='block_1_1' title="bbox 594 442 3163 510">
    <p class='ocr_par' dir='ltr' id='par_1_1' title="bbox 594 442 3163 510">
     <span class='ocr_line' id='line_1_1' title="bbox 594 442 3163 510; baseline -0.002 0"><span class='ocrx_word' id='word_1_1' title='bbox 594 456 694 510; x_wconf 75' lang='lat' dir='ltr'><strong>lli?</strong></span> <span class='ocrx_word' id='word_1_2' title='bbox 1367 447 1425 505; x_wconf 88' lang='lat' dir='ltr'><strong>S.</strong></span> <span class='ocrx_word' id='word_1_3' title='bbox 1464 445 1736 504; x_wconf 81' lang='lat' dir='ltr'><strong>JOANNIS</strong></span> <span class='ocrx_word' id='word_1_4' title='bbox 1771 442 2240 502; x_wconf 71' lang='lat' dir='ltr'><strong>CIIRVSOSTOMI</strong></span> <span class='ocrx_word' id='word_1_5' title='bbox 2281 446 2595 503; x_wconf 76' lang='lat' dir='ltr'><strong>ARCIIIEP.</strong></span> <span class='ocrx_word' id='word_1_6' title='bbox 2636 446 3163 507; x_wconf 74' lang='lat' dir='ltr'><strong>CONSTANTINOP.</strong></span> 
     </span>
    </p>
   </div>
   <div class='ocr_carea' id='block_1_2' title="bbox 667 560 2172 622">
    <p class='ocr_par' dir='ltr' id='par_1_2' title="bbox 667 560 2172 622">
     <span class='ocr_line' id='line_1_2' title="bbox 667 560 2172 622; baseline -0.006 0"><span class='ocrx_word' id='word_1_7' title='bbox 667 570 717 622; x_wconf 84' lang='grc'><strong>5.</strong></span> <span class='ocrx_word' id='word_1_8' title='bbox 761 562 905 619; x_wconf 77' lang='lat' dir='ltr'><strong>Petri</strong></span> <span class='ocrx_word' id='word_1_9' title='bbox 927 562 1257 619; x_wconf 76' lang='lat' dir='ltr'><strong>mansuetudo</strong></span> <span class='ocrx_word' id='word_1_10' title='bbox 1274 571 1319 616; x_wconf 89' lang='lat' dir='ltr'><strong>et</strong></span> <span class='ocrx_word' id='word_1_11' title='bbox 1340 562 1601 616; x_wconf 84' lang='lat' dir='ltr'><strong>modestia.</strong></span> <span class='ocrx_word' id='word_1_12' title='bbox 1619 592 1690 600; x_wconf 90' lang='lat'><strong>——</strong></span> <span class='ocrx_word' id='word_1_13' title='bbox 1710 560 1839 618; x_wconf 86' lang='lat' dir='ltr'><strong>Vide</strong></span> <span class='ocrx_word' id='word_1_14' title='bbox 1858 560 2172 615; x_wconf 81' lang='lat' dir='ltr'><strong>modestiam</strong></span> 
     </span>
    </p>
   </div>
   <div class='ocr_carea' id='block_1_3' title="bbox 593 653 2169 723">
    <p class='ocr_par' dir='ltr' id='par_1_3' title="bbox 593 653 2169 723">
     <span class='ocr_line' id='line_1_3' title="bbox 593 653 2169 723; baseline -0.004 -11"><span class='ocrx_word' id='word_1_15' title='bbox 593 671 645 712; x_wconf 75' lang='lat' dir='ltr'><strong>et</strong></span> <span class='ocrx_word' id='word_1_16' title='bbox 677 657 1135 712; x_wconf 89' lang='lat' dir='ltr'><strong>mansuetudinem</strong></span> <span class='ocrx_word' id='word_1_17' title='bbox 1171 655 1349 721; x_wconf 78' lang='lat' dir='ltr'><strong>Petri,</strong></span> <span class='ocrx_word' id='word_1_18' title='bbox 1382 654 1651 723; x_wconf 90' lang='lat' dir='ltr'><strong>quomodo</strong></span> <span class='ocrx_word' id='word_1_19' title='bbox 1678 668 1785 709; x_wconf 87' lang='lat' dir='ltr'><strong>non</strong></span> <span class='ocrx_word' id='word_1_20' title='bbox 1816 654 1954 723; x_wconf 78' lang='lat' dir='ltr'><strong>apud</strong></span> <span class='ocrx_word' id='word_1_21' title='bbox 1985 653 2131 707; x_wconf 89' lang='lat' dir='ltr'><strong>illam</strong></span> <span class='ocrx_word' id='word_1_22' title='bbox 2154 695 2169 717; x_wconf 89' lang='lat'><strong>,</strong></span> 
     </span>
    </p>
   </div>
   <div class='ocr_carea' id='block_1_4' title="bbox 593 747 2174 821">
    <p class='ocr_par' dir='ltr' id='par_1_4' title="bbox 593 747 2174 821">
     <span class='ocr_line' id='line_1_4' title="bbox 593 747 2174 821; baseline -0.002 -16"><span class='ocrx_word' id='word_1_23' title='bbox 593 767 766 821; x_wconf 78' lang='lat' dir='ltr'><strong>noque</strong></span> <span class='ocrx_word' id='word_1_24' title='bbox 811 752 949 821; x_wconf 88' lang='lat' dir='ltr'><strong>apud</strong></span> <span class='ocrx_word' id='word_1_25' title='bbox 980 751 1139 804; x_wconf 89' lang='lat' dir='ltr'><strong>alium</strong></span> <span class='ocrx_word' id='word_1_26' title='bbox 1169 750 1470 819; x_wconf 79' lang='lat' dir='ltr'><strong>quempiam</strong></span> <span class='ocrx_word' id='word_1_27' title='bbox 1502 748 1766 819; x_wconf 82' lang='lat' dir='ltr'><strong>insignem</strong></span> <span class='ocrx_word' id='word_1_28' title='bbox 1799 760 2047 812; x_wconf 88' lang='lat' dir='ltr'><strong>maneat,</strong></span> <span class='ocrx_word' id='word_1_29' title='bbox 2080 747 2174 802; x_wconf 86' lang='lat' dir='ltr'><strong>sed</strong></span> 
     </span>
    </p>
   </div>
   <div class='ocr_carea' id='block_1_5' title="bbox 591 837 2173 913">
    <p class='ocr_par' dir='ltr' id='par_1_5' title="bbox 591 837 2173 913">
     <span class='ocr_line' id='line_1_5' title="bbox 591 837 2173 913; baseline -0.005 -16"><span class='ocrx_word' id='word_1_30' title='bbox 591 844 731 913; x_wconf 83' lang='lat' dir='ltr'><strong>apud</strong></span> <span class='ocrx_word' id='word_1_31' title='bbox 760 843 1068 907; x_wconf 84' lang='lat' dir='ltr'><strong>curiarium,</strong></span> <span class='ocrx_word' id='word_1_32' title='bbox 1100 857 1191 908; x_wconf 83' lang='lat' dir='ltr'><strong>per</strong></span> <span class='ocrx_word' id='word_1_33' title='bbox 1219 840 1393 894; x_wconf 80' lang='lat' dir='ltr'><strong>omnia</strong></span> <span class='ocrx_word' id='word_1_34' title='bbox 1418 839 1483 893; x_wconf 93' lang='lat' dir='ltr'><strong>ad</strong></span> <span class='ocrx_word' id='word_1_35' title='bbox 1510 837 1865 893; x_wconf 68' lang='lat' dir='ltr'><strong>humilitatem</strong></span> <span class='ocrx_word' id='word_1_36' title='bbox 1896 838 2173 902; x_wconf 83' lang='lat' dir='ltr'><strong>inducens,</strong></span> 
     </span>
    </p>
   </div>
   <div class='ocr_carea' id='block_1_6' title="bbox 594 929 2173 1000">
    <p class='ocr_par' dir='ltr' id='par_1_6' title="bbox 594 929 2173 1000">
     <span class='ocr_line' id='line_1_6' title="bbox 594 929 2173 1000; baseline -0.003 -13"><span class='ocrx_word' id='word_1_37' title='bbox 594 949 697 987; x_wconf 85' lang='lat' dir='ltr'><strong>non</strong></span> <span class='ocrx_word' id='word_1_38' title='bbox 730 935 909 988; x_wconf 89' lang='lat' dir='ltr'><strong>sinens</strong></span> <span class='ocrx_word' id='word_1_39' title='bbox 941 934 1155 987; x_wconf 92' lang='lat' dir='ltr'><strong>viliores</strong></span> <span class='ocrx_word' id='word_1_40' title='bbox 1182 932 1537 996; x_wconf 82' lang='lat' dir='ltr'><strong>erubescere,</strong></span> <span class='ocrx_word' id='word_1_41' title='bbox 1567 945 1665 985; x_wconf 91' lang='lat' dir='ltr'><strong>nec</strong></span> <span class='ocrx_word' id='word_1_42' title='bbox 1695 929 1927 1000; x_wconf 80' lang='lat' dir='ltr'><strong>majores</strong></span> <span class='ocrx_word' id='word_1_43' title='bbox 1952 930 2131 983; x_wconf 75' lang='lat' dir='ltr'><strong>extolli</strong></span> <span class='ocrx_word' id='word_1_44' title='bbox 2160 947 2173 983; x_wconf 91' lang='lat'>:</span> 
     </span>
    </p>
   </div>
   <div class='ocr_carea' id='block_1_7' title="bbox 591 1019 2177 1095">
    <p class='ocr_par' dir='ltr' id='par_1_7' title="bbox 591 1019 2177 1095">
     <span class='ocr_line' id='line_1_7' title="bbox 591 1019 2177 1095; baseline -0.002 -17"><span class='ocrx_word' id='word_1_45' title='bbox 591 1028 678 1095; x_wconf 91' lang='lat' dir='ltr'><strong>qui</strong></span> <span class='ocrx_word' id='word_1_46' title='bbox 701 1027 859 1081; x_wconf 89' lang='lat' dir='ltr'><strong>etiam</strong></span> <span class='ocrx_word' id='word_1_47' title='bbox 885 1025 1003 1080; x_wconf 92' lang='lat' dir='ltr'><strong>ideo</strong></span> <span class='ocrx_word' id='word_1_48' title='bbox 1025 1022 1410 1078; x_wconf 80' lang='lat' dir='ltr'><strong>transeundum</strong></span> <span class='ocrx_word' id='word_1_49' title='bbox 1434 1037 1553 1077; x_wconf 89' lang='lat' dir='ltr'><strong>esse</strong></span> <span class='ocrx_word' id='word_1_50' title='bbox 1571 1021 1806 1091; x_wconf 89' lang='lat' dir='ltr'><strong>putavit,</strong></span> <span class='ocrx_word' id='word_1_51' title='bbox 1824 1019 1965 1091; x_wconf 88' lang='lat' dir='ltr'><strong>quod</strong></span> <span class='ocrx_word' id='word_1_52' title='bbox 1992 1021 2177 1076; x_wconf 91' lang='lat' dir='ltr'><strong>ﬁdeles</strong></span> 
     </span>
    </p>
   </div>
   <div class='ocr_carea' id='block_1_8' title="bbox 588 1112 2171 1186">
    <p class='ocr_par' dir='ltr' id='par_1_8' title="bbox 588 1112 2171 1186">
     <span class='ocr_line' id='line_1_8' title="bbox 588 1112 2171 1186; baseline -0.005 -13"><span class='ocrx_word' id='word_1_53' title='bbox 588 1118 828 1173; x_wconf 72' lang='lat' dir='ltr'><strong>doctrinm</strong></span> <span class='ocrx_word' id='word_1_54' title='bbox 858 1131 950 1171; x_wconf 90' lang='lat' dir='ltr'><strong>sua</strong></span> <span class='ocrx_word' id='word_1_55' title='bbox 996 1122 1236 1186; x_wconf 80' lang='lat' dir='ltr'><strong>egerent.</strong></span> <span class='ocrx_word' id='word_1_56' title='bbox 1290 1114 1454 1185; x_wconf 89' lang='lat' dir='ltr'><strong>Igitur</strong></span> <span class='ocrx_word' id='word_1_57' title='bbox 1482 1113 1725 1183; x_wconf 87' lang='lat' dir='ltr'><strong>superius</strong></span> <span class='ocrx_word' id='word_1_58' title='bbox 1767 1112 1907 1167; x_wconf 88' lang='lat' dir='ltr'><strong>dicta</strong></span> <span class='ocrx_word' id='word_1_59' title='bbox 1956 1120 2171 1182; x_wconf 89' lang='lat' dir='ltr'><strong>repeta-</strong></span> 
     </span>
    </p>
   </div>
   <div class='ocr_carea' id='block_1_9' title="bbox 587 1206 2172 1279">
    <p class='ocr_par' dir='ltr' id='par_1_9' title="bbox 587 1206 2172 1279">
     <span class='ocr_line' id='line_1_9' title="bbox 587 1206 2172 1279; baseline -0.002 -15"><span class='ocrx_word' id='word_1_60' title='bbox 587 1227 725 1267; x_wconf 88' lang='lat' dir='ltr'><strong>mus.</strong></span> <span class='ocrx_word' id='word_1_61' title='bbox 759 1208 1037 1273; x_wconf 82' lang='lat' dir='ltr'><strong>Tentabat,</strong></span> <span class='ocrx_word' id='word_1_62' title='bbox 1089 1208 1301 1278; x_wconf 86' lang='lat' dir='ltr'><strong>inquit,</strong></span> <span class='ocrx_word' id='word_1_63' title='bbox 1356 1225 1409 1262; x_wconf 86' lang='lat' dir='ltr'><strong>se</strong></span> <span class='ocrx_word' id='word_1_64' title='bbox 1452 1209 1668 1279; x_wconf 87' lang='lat' dir='ltr'><strong>jungere</strong></span> <span class='ocrx_word' id='word_1_65' title='bbox 1718 1208 2004 1273; x_wconf 73' lang='lat' dir='ltr'><strong>discipulis.</strong></span> <span class='ocrx_word' id='word_1_66' title='bbox 2059 1206 2172 1261; x_wconf 89' lang='lat' dir='ltr'><strong>Non</strong></span> 
     </span>
    </p>
   </div>
   <div class='ocr_carea' id='block_1_10' title="bbox 588 1298 2173 1371">
    <p class='ocr_par' dir='ltr' id='par_1_10' title="bbox 588 1298 2173 1371">
     <span class='ocr_line' id='line_1_10' title="bbox 588 1298 2173 1371; baseline -0.001 -18"><span class='ocrx_word' id='word_1_67' title='bbox 588 1300 926 1371; x_wconf 89' lang='lat' dir='ltr'><strong>impudenter</strong></span> <span class='ocrx_word' id='word_1_68' title='bbox 956 1300 1218 1365; x_wconf 86' lang='lat' dir='ltr'><strong>accessit,</strong></span> <span class='ocrx_word' id='word_1_69' title='bbox 1248 1298 1343 1355; x_wconf 88' lang='lat' dir='ltr'><strong>sed</strong></span> <span class='ocrx_word' id='word_1_70' title='bbox 1372 1299 1633 1354; x_wconf 85' lang='lat' dir='ltr'><strong>modeste.</strong></span> <span class='ocrx_word' id='word_1_71' title='bbox 1668 1298 1965 1367; x_wconf 83' lang='lat' dir='ltr'><strong>Discipulos</strong></span> <span class='ocrx_word' id='word_1_72' title='bbox 1994 1309 2173 1353; x_wconf 90' lang='lat' dir='ltr'><strong>autem</strong></span> 
     </span>
    </p>
   </div>
   <div class='ocr_carea' id='block_1_11' title="bbox 586 1388 2170 1461">
    <p class='ocr_par' dir='ltr' id='par_1_11' title="bbox 586 1388 2170 1461">
     <span class='ocr_line' id='line_1_11' title="bbox 586 1388 2170 1461; baseline 0.002 -20"><span class='ocrx_word' id='word_1_73' title='bbox 586 1402 738 1445; x_wconf 74' lang='lat' dir='ltr'><strong>Vocat</strong></span> <span class='ocrx_word' id='word_1_74' title='bbox 769 1392 929 1447; x_wconf 87' lang='lat' dir='ltr'><strong>etiam</strong></span> <span class='ocrx_word' id='word_1_75' title='bbox 957 1406 1051 1448; x_wconf 92' lang='lat' dir='ltr'><strong>eos</strong></span> <span class='ocrx_word' id='word_1_76' title='bbox 1072 1433 1086 1457; x_wconf 95' lang='lat'><strong>,</strong></span> <span class='ocrx_word' id='word_1_77' title='bbox 1120 1390 1211 1461; x_wconf 87' lang='lat' dir='ltr'><strong>qui</strong></span> <span class='ocrx_word' id='word_1_78' title='bbox 1256 1407 1364 1446; x_wconf 90' lang='lat' dir='ltr'><strong>non</strong></span> <span class='ocrx_word' id='word_1_79' title='bbox 1393 1400 1548 1445; x_wconf 90' lang='lat' dir='ltr'><strong>erant</strong></span> <span class='ocrx_word' id='word_1_80' title='bbox 1596 1390 1648 1444; x_wconf 92' lang='lat' dir='ltr'><strong>in</strong></span> <span class='ocrx_word' id='word_1_81' title='bbox 1686 1388 1852 1445; x_wconf 92' lang='lat' dir='ltr'><strong>choro</strong></span> <span class='ocrx_word' id='word_1_82' title='bbox 1890 1389 2170 1445; x_wconf 85' lang='lat' dir='ltr'><strong>duodecim</strong></span> 
     </span>
    </p>
   </div>
   <div class='ocr_carea' id='block_1_12' title="bbox 584 1483 2169 1555">
    <p class='ocr_par' dir='ltr' id='par_1_12' title="bbox 584 1483 2169 1555">
     <span class='ocr_line' id='line_1_12' title="bbox 584 1483 2169 1555; baseline 0 -18"><span class='ocrx_word' id='word_1_83' title='bbox 584 1485 793 1541; x_wconf 88' lang='lat' dir='ltr'><strong>illorum</strong></span> <span class='ocrx_word' id='word_1_84' title='bbox 839 1504 853 1541; x_wconf 90' lang='lat'><strong>:</strong></span> <span class='ocrx_word' id='word_1_85' title='bbox 887 1487 1009 1555; x_wconf 83' lang='lat' dir='ltr'><strong>quia</strong></span> <span class='ocrx_word' id='word_1_86' title='bbox 1043 1497 1165 1540; x_wconf 91' lang='lat' dir='ltr'><strong>tunc</strong></span> <span class='ocrx_word' id='word_1_87' title='bbox 1194 1500 1382 1539; x_wconf 90' lang='lat' dir='ltr'><strong>omnes</strong></span> <span class='ocrx_word' id='word_1_88' title='bbox 1429 1485 1499 1539; x_wconf 90' lang='lat' dir='ltr'><strong>ob</strong></span> <span class='ocrx_word' id='word_1_89' title='bbox 1543 1483 1757 1537; x_wconf 90' lang='lat' dir='ltr'><strong>virtutis</strong></span> <span class='ocrx_word' id='word_1_90' title='bbox 1798 1483 2169 1539; x_wconf 83' lang='lat' dir='ltr'><strong>excellentiam</strong></span> 
     </span>
    </p>
   </div>
   <div class='ocr_carea' id='block_1_13' title="bbox 3785 453 3907 511">
    <p class='ocr_par' dir='ltr' id='par_1_13' title="bbox 3785 453 3907 511">
     <span class='ocr_line' id='line_1_13' title="bbox 3785 453 3907 511; baseline -0.008 -1"><span class='ocrx_word' id='word_1_91' title='bbox 3785 453 3907 511; x_wconf 74' lang='grc'><strong>168</strong></span> 
     </span>
    </p>
   </div>
   <div class='ocr_carea' id='block_1_14' title="bbox 2285 565 3902 639">
    <p class='ocr_par' dir='ltr' id='par_1_14' title="bbox 2285 565 3902 639">
     <span class='ocr_line' id='line_1_14' title="bbox 2285 565 3902 639; baseline 0.006 -24"><span class='ocrx_word' id='word_1_92' title='bbox 2285 573 2495 616; x_wconf 89' lang='lat' dir='ltr'><strong>mortuo</strong></span> <span class='ocrx_word' id='word_1_93' title='bbox 2525 565 2924 633; x_wconf 81' lang='lat' dir='ltr'><strong>competebant.</strong></span> <span class='ocrx_word' id='word_1_94' title='bbox 2972 566 3267 639; x_wconf 72' lang='lat' dir='ltr'><strong>Exsurgens</strong></span> <span class='ocrx_word' id='word_1_95' title='bbox 3314 584 3429 623; x_wconf 80' lang='lat' dir='ltr'><strong>vero</strong></span> <span class='ocrx_word' id='word_1_96' title='bbox 3478 567 3698 637; x_wconf 80' lang='lat' dir='ltr'><strong>Petrus,</strong></span> <span class='ocrx_word' id='word_1_97' title='bbox 3745 572 3902 626; x_wconf 77' lang='lat' dir='ltr'><strong>venit</strong></span> 
     </span>
    </p>
   </div>
   <div class='ocr_carea' id='block_1_15' title="bbox 2283 654 3900 733">
    <p class='ocr_par' dir='ltr' id='par_1_15' title="bbox 2283 654 3900 733">
     <span class='ocr_line' id='line_1_15' title="bbox 2283 654 3900 733; baseline 0.007 -27"><span class='ocrx_word' id='word_1_98' title='bbox 2283 654 2553 723; x_wconf 85' lang='lat' dir='ltr'><strong>cum_illis.</strong></span> <span class='ocrx_word' id='word_1_99' title='bbox 2592 654 2657 707; x_wconf 85' lang='lat' dir='ltr'><strong>Et</strong></span> <span class='ocrx_word' id='word_1_100' title='bbox 2699 673 2813 709; x_wconf 87' lang='lat' dir='ltr'><strong>cum</strong></span> <span class='ocrx_word' id='word_1_101' title='bbox 2839 660 3145 714; x_wconf 72' lang='lat' dir='ltr'><strong>ascendisset</strong></span> <span class='ocrx_word' id='word_1_102' title='bbox 3191 660 3245 713; x_wconf 87' lang='lat' dir='ltr'><strong>in</strong></span> <span class='ocrx_word' id='word_1_103' title='bbox 3290 664 3607 715; x_wconf 63' lang='lat' dir='ltr'><strong>cenaculum</strong></span> <span class='ocrx_word' id='word_1_104' title='bbox 3632 704 3649 727; x_wconf 92' lang='lat'><strong>,</strong></span> <span class='ocrx_word' id='word_1_105' title='bbox 3698 664 3900 733; x_wconf 83' lang='lat' dir='ltr'><strong>positis</strong></span> 
     </span>
    </p>
   </div>
   <div class='ocr_carea' id='block_1_16' title="bbox 2281 746 3897 822">
    <p class='ocr_par' dir='ltr' id='par_1_16' title="bbox 2281 746 3897 822">
     <span class='ocr_line' id='line_1_16' title="bbox 2281 746 3897 822; baseline 0.006 -21"><span class='ocrx_word' id='word_1_106' title='bbox 2281 746 2490 818; x_wconf 84' lang='lat' dir='ltr'><strong>genibus</strong></span> <span class='ocrx_word' id='word_1_107' title='bbox 2519 750 2680 803; x_wconf 78' lang='lat' dir='ltr'><strong>oravit</strong></span> <span class='ocrx_word' id='word_1_108' title='bbox 2703 790 2720 814; x_wconf 94' lang='lat'><strong>,</strong></span> <span class='ocrx_word' id='word_1_109' title='bbox 2749 760 2797 803; x_wconf 92' lang='lat' dir='ltr'><strong>et</strong></span> <span class='ocrx_word' id='word_1_110' title='bbox 2826 768 3092 807; x_wconf 86' lang='lat' dir='ltr'><strong>conversus</strong></span> <span class='ocrx_word' id='word_1_111' title='bbox 3120 754 3188 807; x_wconf 90' lang='lat' dir='ltr'><strong>ad</strong></span> <span class='ocrx_word' id='word_1_112' title='bbox 3212 772 3397 820; x_wconf 87' lang='lat' dir='ltr'><strong>corpus</strong></span> <span class='ocrx_word' id='word_1_113' title='bbox 3426 756 3555 809; x_wconf 73' lang='lat' dir='ltr'><strong>dixit</strong></span> <span class='ocrx_word' id='word_1_114' title='bbox 3580 772 3597 810; x_wconf 90' lang='lat'><strong><em>:</em></strong></span> <span class='ocrx_word' id='word_1_115' title='bbox 3626 756 3858 811; x_wconf 83' lang='lat' dir='ltr'><strong>Tabitha</strong></span> <span class='ocrx_word' id='word_1_116' title='bbox 3878 799 3897 822; x_wconf 90' lang='lat'><strong>,</strong></span> 
     </span>
    </p>
   </div>
   <div class='ocr_carea' id='block_1_17' title="bbox 2282 838 3897 917">
    <p class='ocr_par' dir='ltr' id='par_1_17' title="bbox 2282 838 3897 917">
     <span class='ocr_line' id='line_1_17' title="bbox 2282 838 3897 917; baseline 0.006 -26"><span class='ocrx_word' id='word_1_117' title='bbox 2282 854 2449 909; x_wconf 83' lang='lat' dir='ltr'><strong>surge.</strong></span> <span class='ocrx_word' id='word_1_118' title='bbox 2496 838 2611 893; x_wconf 89' lang='lat' dir='ltr'><strong>Non</strong></span> <span class='ocrx_word' id='word_1_119' title='bbox 2642 842 2818 894; x_wconf 85' lang='lat' dir='ltr'><strong>omnia</strong></span> <span class='ocrx_word' id='word_1_120' title='bbox 2848 844 3112 913; x_wconf 87' lang='lat' dir='ltr'><strong>permittit</strong></span> <span class='ocrx_word' id='word_1_121' title='bbox 3144 846 3285 900; x_wconf 82' lang='lat' dir='ltr'><strong>Deus</strong></span> <span class='ocrx_word' id='word_1_122' title='bbox 3327 847 3477 917; x_wconf 84' lang='lat' dir='ltr'><strong>signa</strong></span> <span class='ocrx_word' id='word_1_123' title='bbox 3518 862 3640 902; x_wconf 88' lang='lat' dir='ltr'><strong>cum</strong></span> <span class='ocrx_word' id='word_1_124' title='bbox 3684 849 3897 903; x_wconf 84' lang='lat' dir='ltr'><strong>eadem</strong></span> 
     </span>
    </p>
   </div>
   <div class='ocr_carea' id='block_1_18' title="bbox 2282 928 3895 1009">
    <p class='ocr_par' dir='ltr' id='par_1_18' title="bbox 2282 928 3895 1009">
     <span class='ocr_line' id='line_1_18' title="bbox 2282 928 3895 1009; baseline 0.006 -26"><span class='ocrx_word' id='word_1_125' title='bbox 2282 928 2532 986; x_wconf 78' lang='lat' dir='ltr'><strong>facilitate</strong></span> <span class='ocrx_word' id='word_1_126' title='bbox 2575 933 2710 987; x_wconf 90' lang='lat' dir='ltr'><strong>ﬁeri.</strong></span> <span class='ocrx_word' id='word_1_127' title='bbox 2760 934 2869 988; x_wconf 87' lang='lat' dir='ltr'><strong>Hoc</strong></span> <span class='ocrx_word' id='word_1_128' title='bbox 2907 946 3088 991; x_wconf 89' lang='lat' dir='ltr'><strong>autem</strong></span> <span class='ocrx_word' id='word_1_129' title='bbox 3117 928 3223 991; x_wconf 84' lang='lat' dir='ltr'><strong>illis</strong></span> <span class='ocrx_word' id='word_1_130' title='bbox 3252 941 3526 1009; x_wconf 85' lang='lat' dir='ltr'><strong>proderat.</strong></span> <span class='ocrx_word' id='word_1_131' title='bbox 3570 940 3684 995; x_wconf 89' lang='lat' dir='ltr'><strong>Non</strong></span> <span class='ocrx_word' id='word_1_132' title='bbox 3732 942 3895 995; x_wconf 81' lang='lat' dir='ltr'><strong>enim</strong></span> 
     </span>
    </p>
   </div>
   <div class='ocr_carea' id='block_1_19' title="bbox 2282 1026 3897 1106">
    <p class='ocr_par' dir='ltr' id='par_1_19' title="bbox 2282 1026 3897 1106">
     <span class='ocr_line' id='line_1_19' title="bbox 2282 1026 3897 1106; baseline 0.007 -29"><span class='ocrx_word' id='word_1_133' title='bbox 2282 1031 2486 1079; x_wconf 86' lang='lat' dir='ltr'><strong>tantum</strong></span> <span class='ocrx_word' id='word_1_134' title='bbox 2520 1026 2747 1082; x_wconf 89' lang='lat' dir='ltr'><strong>aliorum</strong></span> <span class='ocrx_word' id='word_1_135' title='bbox 2776 1028 3001 1084; x_wconf 84' lang='lat' dir='ltr'><strong>salutem</strong></span> <span class='ocrx_word' id='word_1_136' title='bbox 3025 1032 3269 1098; x_wconf 87' lang='lat' dir='ltr'><strong>curabat,</strong></span> <span class='ocrx_word' id='word_1_137' title='bbox 3300 1036 3393 1089; x_wconf 89' lang='lat' dir='ltr'><strong>sed</strong></span> <span class='ocrx_word' id='word_1_138' title='bbox 3422 1036 3582 1090; x_wconf 90' lang='lat' dir='ltr'><strong>etiam</strong></span> <span class='ocrx_word' id='word_1_139' title='bbox 3613 1038 3897 1106; x_wconf 79' lang='lat' dir='ltr'><strong>ipSnrum.</strong></span> 
     </span>
    </p>
   </div>
   <div class='ocr_carea' id='block_1_20' title="bbox 2280 1115 3897 1190">
    <p class='ocr_par' dir='ltr' id='par_1_20' title="bbox 2280 1115 3897 1190">
     <span class='ocr_line' id='line_1_20' title="bbox 2280 1115 3897 1190; baseline 0.01 -22"><span class='ocrx_word' id='word_1_140' title='bbox 2280 1115 2381 1182; x_wconf 88' lang='lat' dir='ltr'><strong>Qui</strong></span> <span class='ocrx_word' id='word_1_141' title='bbox 2409 1132 2538 1187; x_wconf 89' lang='lat' dir='ltr'><strong>ergo</strong></span> <span class='ocrx_word' id='word_1_142' title='bbox 2566 1119 2752 1174; x_wconf 88' lang='lat' dir='ltr'><strong>umbra</strong></span> <span class='ocrx_word' id='word_1_143' title='bbox 2781 1137 2872 1175; x_wconf 86' lang='lat' dir='ltr'><strong>sua</strong></span> <span class='ocrx_word' id='word_1_144' title='bbox 2913 1132 2990 1176; x_wconf 92' lang='lat' dir='ltr'><strong>tot</strong></span> <span class='ocrx_word' id='word_1_145' title='bbox 3025 1123 3272 1178; x_wconf 88' lang='lat' dir='ltr'><strong>homines</strong></span> <span class='ocrx_word' id='word_1_146' title='bbox 3311 1128 3568 1190; x_wconf 85' lang='lat' dir='ltr'><strong>curabat,</strong></span> <span class='ocrx_word' id='word_1_147' title='bbox 3613 1145 3756 1183; x_wconf 89' lang='lat' dir='ltr'><strong>nunc</strong></span> <span class='ocrx_word' id='word_1_148' title='bbox 3802 1139 3897 1184; x_wconf 87' lang='lat' dir='ltr'><strong>tot</strong></span> 
     </span>
    </p>
   </div>
   <div class='ocr_carea' id='block_1_21' title="bbox 2280 1212 3892 1281">
    <p class='ocr_par' dir='ltr' id='par_1_21' title="bbox 2280 1212 3892 1281">
     <span class='ocr_line' id='line_1_21' title="bbox 2280 1212 3892 1281; baseline 0.009 -19"><span class='ocrx_word' id='word_1_149' title='bbox 2280 1217 2535 1281; x_wconf 88' lang='lat' dir='ltr'><strong>tantaque</strong></span> <span class='ocrx_word' id='word_1_150' title='bbox 2575 1212 2700 1266; x_wconf 81' lang='lat' dir='ltr'><strong>facit</strong></span> <span class='ocrx_word' id='word_1_151' title='bbox 2736 1213 2803 1267; x_wconf 90' lang='lat' dir='ltr'><strong>ad</strong></span> <span class='ocrx_word' id='word_1_152' title='bbox 2835 1214 2980 1268; x_wconf 86' lang='lat' dir='ltr'><strong>illam</strong></span> <span class='ocrx_word' id='word_1_153' title='bbox 3009 1216 3370 1271; x_wconf 81' lang='lat' dir='ltr'><strong>excitandam.</strong></span> <span class='ocrx_word' id='word_1_154' title='bbox 3402 1218 3672 1274; x_wconf 89' lang='lat' dir='ltr'><strong>Interdum</strong></span> <span class='ocrx_word' id='word_1_155' title='bbox 3710 1223 3892 1276; x_wconf 85' lang='lat' dir='ltr'><strong>etiam</strong></span> 
     </span>
    </p>
   </div>
   <div class='ocr_carea' id='block_1_22' title="bbox 2279 1300 3892 1382">
    <p class='ocr_par' dir='ltr' id='par_1_22' title="bbox 2279 1300 3892 1382">
     <span class='ocr_line' id='line_1_22' title="bbox 2279 1300 3892 1382; baseline 0.009 -28"><span class='ocrx_word' id='word_1_156' title='bbox 2279 1300 2411 1355; x_wconf 90' lang='lat' dir='ltr'><strong>ﬁdes</strong></span> <span class='ocrx_word' id='word_1_157' title='bbox 2448 1304 2821 1360; x_wconf 88' lang='lat' dir='ltr'><strong>accedentium</strong></span> <span class='ocrx_word' id='word_1_158' title='bbox 2865 1308 3277 1378; x_wconf 88' lang='lat' dir='ltr'><strong>cooperabatur.</strong></span> <span class='ocrx_word' id='word_1_159' title='bbox 3312 1308 3458 1365; x_wconf 85' lang='lat' dir='ltr'><strong>IIanc</strong></span> <span class='ocrx_word' id='word_1_160' title='bbox 3489 1327 3620 1381; x_wconf 91' lang='lat' dir='ltr'><strong>ergo</strong></span> <span class='ocrx_word' id='word_1_161' title='bbox 3648 1314 3892 1382; x_wconf 84' lang='lat' dir='ltr'><strong>primam</strong></span> 
     </span>
    </p>
   </div>
   <div class='ocr_carea' id='block_1_23' title="bbox 2276 1398 3891 1474">
    <p class='ocr_par' dir='ltr' id='par_1_23' title="bbox 2276 1398 3891 1474">
     <span class='ocr_line' id='line_1_23' title="bbox 2276 1398 3891 1474; baseline 0.008 -27"><span class='ocrx_word' id='word_1_162' title='bbox 2276 1403 2543 1449; x_wconf 90' lang='lat' dir='ltr'><strong>mortuam</strong></span> <span class='ocrx_word' id='word_1_163' title='bbox 2586 1398 2847 1464; x_wconf 91' lang='lat' dir='ltr'><strong>suscitat,</strong></span> <span class='ocrx_word' id='word_1_164' title='bbox 2881 1400 3099 1455; x_wconf 87' lang='lat' dir='ltr'><strong>nomine</strong></span> <span class='ocrx_word' id='word_1_165' title='bbox 3142 1416 3383 1457; x_wconf 89' lang='lat' dir='ltr'><strong>vocans:</strong></span> <span class='ocrx_word' id='word_1_166' title='bbox 3432 1418 3553 1473; x_wconf 64' lang='lat' dir='ltr'><strong>quae</strong></span> <span class='ocrx_word' id='word_1_167' title='bbox 3605 1406 3757 1474; x_wconf 87' lang='lat' dir='ltr'><strong>quasi</strong></span> <span class='ocrx_word' id='word_1_168' title='bbox 3809 1421 3891 1460; x_wconf 78' lang='lat' dir='ltr'><strong>ex</strong></span> 
     </span>
    </p>
   </div>
   <div class='ocr_carea' id='block_1_24' title="bbox 2275 1488 3891 1562">
    <p class='ocr_par' dir='ltr' id='par_1_24' title="bbox 2275 1488 3891 1562">
     <span class='ocr_line' id='line_1_24' title="bbox 2275 1488 3891 1562; baseline 0.007 -22"><span class='ocrx_word' id='word_1_169' title='bbox 2275 1500 2465 1541; x_wconf 88' lang='lat' dir='ltr'><strong>somno</strong></span> <span class='ocrx_word' id='word_1_170' title='bbox 2490 1488 2885 1559; x_wconf 74' lang='lat' dir='ltr'><strong>expergefacta,</strong></span> <span class='ocrx_word' id='word_1_171' title='bbox 2919 1491 3146 1559; x_wconf 89' lang='lat' dir='ltr'><strong>primum</strong></span> <span class='ocrx_word' id='word_1_172' title='bbox 3176 1494 3389 1562; x_wconf 88' lang='lat' dir='ltr'><strong>aperuit</strong></span> <span class='ocrx_word' id='word_1_173' title='bbox 3423 1494 3610 1548; x_wconf 90' lang='lat' dir='ltr'><strong>oculos</strong></span> <span class='ocrx_word' id='word_1_174' title='bbox 3629 1536 3646 1559; x_wconf 90' lang='lat'><strong>,</strong></span> <span class='ocrx_word' id='word_1_175' title='bbox 3676 1494 3891 1551; x_wconf 82' lang='lat' dir='ltr'><strong>deinde</strong></span> 
     </span>
    </p>
   </div>
   <div class='ocr_carea' id='block_1_25' title="bbox 580 1575 2169 1647">
    <p class='ocr_par' dir='ltr' id='par_1_25' title="bbox 580 1575 2169 1647">
     <span class='ocr_line' id='line_1_25' title="bbox 580 1575 2169 1647; baseline -0.001 -15"><span class='ocrx_word' id='word_1_176' title='bbox 580 1581 825 1647; x_wconf 79' lang='lat' dir='ltr'><strong>discipuli</strong></span> <span class='ocrx_word' id='word_1_177' title='bbox 872 1579 1237 1634; x_wconf 88' lang='lat' dir='ltr'><strong>vocabantur:</strong></span> <span class='ocrx_word' id='word_1_178' title='bbox 1285 1575 1563 1632; x_wconf 87' lang='lat' dir='ltr'><strong>manifesta</strong></span> <span class='ocrx_word' id='word_1_179' title='bbox 1612 1577 1755 1632; x_wconf 91' lang='lat' dir='ltr'><strong>enim</strong></span> <span class='ocrx_word' id='word_1_180' title='bbox 1797 1588 1913 1631; x_wconf 89' lang='lat' dir='ltr'><strong>erat</strong></span> <span class='ocrx_word' id='word_1_181' title='bbox 1959 1577 2169 1632; x_wconf 90' lang='lat' dir='ltr'><strong>illorum</strong></span> 
     </span>
    </p>
   </div>
   <div class='ocr_carea' id='block_1_26' title="bbox 581 1668 2170 1741">
    <p class='ocr_par' dir='ltr' id='par_1_26' title="bbox 581 1668 2170 1741">
     <span class='ocr_line' id='line_1_26' title="bbox 581 1668 2170 1741; baseline -0.002 -17"><span class='ocrx_word' id='word_1_182' title='bbox 581 1671 775 1741; x_wconf 74' lang='lat' dir='ltr'><strong>imago.</strong></span> <span class='ocrx_word' id='word_1_183' title='bbox 812 1671 874 1725; x_wconf 84' lang='lat' dir='ltr'><strong>Et</strong></span> <span class='ocrx_word' id='word_1_184' title='bbox 903 1688 1073 1725; x_wconf 84' lang='lat' dir='ltr'><strong>omnes</strong></span> <span class='ocrx_word' id='word_1_185' title='bbox 1111 1670 1349 1724; x_wconf 81' lang='lat' dir='ltr'><strong>timebant</strong></span> <span class='ocrx_word' id='word_1_186' title='bbox 1390 1686 1538 1736; x_wconf 89' lang='lat' dir='ltr'><strong>eum,</strong></span> <span class='ocrx_word' id='word_1_187' title='bbox 1574 1669 1766 1740; x_wconf 88' lang='lat' dir='ltr'><strong>inquit.</strong></span> <span class='ocrx_word' id='word_1_188' title='bbox 1816 1668 1951 1724; x_wconf 83' lang='lat' dir='ltr'><strong>Vide</strong></span> <span class='ocrx_word' id='word_1_189' title='bbox 1975 1711 1990 1734; x_wconf 93' lang='lat'><strong>,</strong></span> <span class='ocrx_word' id='word_1_190' title='bbox 2034 1684 2170 1739; x_wconf 91' lang='lat' dir='ltr'><strong>quo-</strong></span> 
     </span>
    </p>
   </div>
   <div class='ocr_carea' id='block_1_27' title="bbox 586 1761 2167 1835">
    <p class='ocr_par' dir='ltr' id='par_1_27' title="bbox 586 1761 2167 1835">
     <span class='ocr_line' id='line_1_27' title="bbox 586 1761 2167 1835; baseline -0.004 -14"><span class='ocrx_word' id='word_1_191' title='bbox 586 1767 746 1821; x_wconf 87' lang='lat' dir='ltr'><strong>modo</strong></span> <span class='ocrx_word' id='word_1_192' title='bbox 773 1766 947 1821; x_wconf 90' lang='lat' dir='ltr'><strong>adhuc</strong></span> <span class='ocrx_word' id='word_1_193' title='bbox 975 1764 1205 1835; x_wconf 89' lang='lat' dir='ltr'><strong>pericula</strong></span> <span class='ocrx_word' id='word_1_194' title='bbox 1234 1772 1564 1830; x_wconf 86' lang='lat' dir='ltr'><strong>metuerent,</strong></span> <span class='ocrx_word' id='word_1_195' title='bbox 1599 1762 1867 1832; x_wconf 89' lang='lat' dir='ltr'><strong>quomodo</strong></span> <span class='ocrx_word' id='word_1_196' title='bbox 1896 1761 2070 1816; x_wconf 86' lang='lat' dir='ltr'><strong>adhuc</strong></span> <span class='ocrx_word' id='word_1_197' title='bbox 2100 1762 2167 1815; x_wconf 61' lang='lat' dir='ltr'><strong>tio</strong></span> 
     </span>
    </p>
   </div>
   <div class='ocr_carea' id='block_1_28' title="bbox 580 1852 2168 1926">
    <p class='ocr_par' dir='ltr' id='par_1_28' title="bbox 580 1852 2168 1926">
     <span class='ocr_line' id='line_1_28' title="bbox 580 1852 2168 1926; baseline -0.004 -15"><span class='ocrx_word' id='word_1_198' title='bbox 580 1873 699 1914; x_wconf 75' lang='lat' dir='ltr'><strong>mor</strong></span> <span class='ocrx_word' id='word_1_199' title='bbox 725 1859 945 1926; x_wconf 83' lang='lat' dir='ltr'><strong>vigeret.</strong></span> <span class='ocrx_word' id='word_1_200' title='bbox 968 1855 1236 1909; x_wconf 80' lang='lat' dir='ltr'><strong>Barnabas</strong></span> <span class='ocrx_word' id='word_1_201' title='bbox 1262 1863 1428 1908; x_wconf 82' lang='lat' dir='ltr'><strong>autem</strong></span> <span class='ocrx_word' id='word_1_202' title='bbox 1454 1853 1827 1922; x_wconf 78' lang='lat' dir='ltr'><strong>apprehensum</strong></span> <span class='ocrx_word' id='word_1_203' title='bbox 1852 1853 1996 1906; x_wconf 80' lang='lat' dir='ltr'><strong>illum</strong></span> <span class='ocrx_word' id='word_1_204' title='bbox 2024 1852 2168 1905; x_wconf 75' lang='lat' dir='ltr'><strong>duxit</strong></span> 
     </span>
    </p>
   </div>
   <div class='ocr_carea' id='block_1_29' title="bbox 578 1944 2169 2017">
    <p class='ocr_par' dir='ltr' id='par_1_29' title="bbox 578 1944 2169 2017">
     <span class='ocr_line' id='line_1_29' title="bbox 578 1944 2169 2017; baseline -0.003 -15"><span class='ocrx_word' id='word_1_205' title='bbox 578 1949 648 2002; x_wconf 85' lang='lat' dir='ltr'><strong>ad</strong></span> <span class='ocrx_word' id='word_1_206' title='bbox 674 1949 928 2017; x_wconf 78' lang='lat' dir='ltr'><strong>apostolos</strong></span> <span class='ocrx_word' id='word_1_207' title='bbox 946 1988 961 2012; x_wconf 91' lang='lat'><strong>,</strong></span> <span class='ocrx_word' id='word_1_208' title='bbox 992 1957 1039 1999; x_wconf 90' lang='lat' dir='ltr'><strong>et</strong></span> <span class='ocrx_word' id='word_1_209' title='bbox 1060 1947 1284 2000; x_wconf 85' lang='lat' dir='ltr'><strong>narravit</strong></span> <span class='ocrx_word' id='word_1_210' title='bbox 1314 1945 1441 1999; x_wconf 83' lang='lat' dir='ltr'><strong>illis.</strong></span> <span class='ocrx_word' id='word_1_211' title='bbox 1464 1944 1689 1999; x_wconf 83' lang='lat' dir='ltr'><strong>Videtur</strong></span> <span class='ocrx_word' id='word_1_212' title='bbox 1714 1956 1891 1999; x_wconf 84' lang='lat' dir='ltr'><strong>autem</strong></span> <span class='ocrx_word' id='word_1_213' title='bbox 1923 1944 2019 2015; x_wconf 90' lang='lat' dir='ltr'><strong>ipsi</strong></span> <span class='ocrx_word' id='word_1_214' title='bbox 2042 1944 2169 1997; x_wconf 87' lang='lat' dir='ltr'><strong>Bar-</strong></span> 
     </span>
    </p>
   </div>
   <div class='ocr_carea' id='block_1_30' title="bbox 580 2038 2164 2106">
    <p class='ocr_par' dir='ltr' id='par_1_30' title="bbox 580 2038 2164 2106">
     <span class='ocr_line' id='line_1_30' title="bbox 580 2038 2164 2106; baseline -0.006 -11"><span class='ocrx_word' id='word_1_215' title='bbox 580 2042 745 2095; x_wconf 81' lang='lat' dir='ltr'><strong>nabas</strong></span> <span class='ocrx_word' id='word_1_216' title='bbox 781 2051 937 2095; x_wconf 85' lang='lat' dir='ltr'><strong>antea</strong></span> <span class='ocrx_word' id='word_1_217' title='bbox 996 2041 1156 2094; x_wconf 81' lang='lat' dir='ltr'><strong>fuisse</strong></span> <span class='ocrx_word' id='word_1_218' title='bbox 1200 2040 1434 2105; x_wconf 88' lang='lat' dir='ltr'><strong>amicus,</strong></span> <span class='ocrx_word' id='word_1_219' title='bbox 1468 2038 1695 2106; x_wconf 88' lang='lat' dir='ltr'><strong>ideoque</strong></span> <span class='ocrx_word' id='word_1_220' title='bbox 1728 2046 1910 2092; x_wconf 89' lang='lat' dir='ltr'><strong>narrat</strong></span> <span class='ocrx_word' id='word_1_221' title='bbox 1952 2038 2164 2101; x_wconf 90' lang='lat' dir='ltr'><strong>omnia,</strong></span> 
     </span>
    </p>
   </div>
   <div class='ocr_carea' id='block_1_31' title="bbox 576 2127 2169 2203">
    <p class='ocr_par' dir='ltr' id='par_1_31' title="bbox 576 2127 2169 2203">
     <span class='ocr_line' id='line_1_31' title="bbox 576 2127 2169 2203; baseline -0.001 -19"><span class='ocrx_word' id='word_1_222' title='bbox 576 2148 697 2203; x_wconf 62' lang='lat' dir='ltr'><strong>qum</strong></span> <span class='ocrx_word' id='word_1_223' title='bbox 744 2131 811 2189; x_wconf 80' lang='lat' dir='ltr'><strong>ad</strong></span> <span class='ocrx_word' id='word_1_224' title='bbox 859 2133 1031 2201; x_wconf 89' lang='lat' dir='ltr'><strong>ipsum</strong></span> <span class='ocrx_word' id='word_1_225' title='bbox 1064 2131 1399 2199; x_wconf 76' lang='lat' dir='ltr'><strong>Spectabant.</strong></span> <span class='ocrx_word' id='word_1_226' title='bbox 1446 2129 1589 2185; x_wconf 83' lang='lat' dir='ltr'><strong>Nihil</strong></span> <span class='ocrx_word' id='word_1_227' title='bbox 1631 2138 1807 2183; x_wconf 89' lang='lat' dir='ltr'><strong>autem</strong></span> <span class='ocrx_word' id='word_1_228' title='bbox 1856 2130 2043 2181; x_wconf 88' lang='lat' dir='ltr'><strong>horum</strong></span> <span class='ocrx_word' id='word_1_229' title='bbox 2082 2127 2169 2182; x_wconf 90' lang='lat' dir='ltr'><strong>ille</strong></span> 
     </span>
    </p>
   </div>
   <div class='ocr_carea' id='block_1_32' title="bbox 575 2224 2166 2298">
    <p class='ocr_par' dir='ltr' id='par_1_32' title="bbox 575 2224 2166 2298">
     <span class='ocr_line' id='line_1_32' title="bbox 575 2224 2166 2298; baseline -0.006 -17"><span class='ocrx_word' id='word_1_230' title='bbox 575 2228 745 2283; x_wconf 86' lang='lat' dir='ltr'><strong>dicit:</strong></span> <span class='ocrx_word' id='word_1_231' title='bbox 796 2238 923 2298; x_wconf 92' lang='lat' dir='ltr'><strong>puto</strong></span> <span class='ocrx_word' id='word_1_232' title='bbox 953 2243 1051 2282; x_wconf 89' lang='lat' dir='ltr'><strong>nec</strong></span> <span class='ocrx_word' id='word_1_233' title='bbox 1083 2227 1149 2281; x_wconf 88' lang='lat' dir='ltr'><strong>ad</strong></span> <span class='ocrx_word' id='word_1_234' title='bbox 1180 2226 1313 2281; x_wconf 88' lang='lat' dir='ltr'><strong>alios</strong></span> <span class='ocrx_word' id='word_1_235' title='bbox 1343 2234 1526 2295; x_wconf 88' lang='lat' dir='ltr'><strong>postea</strong></span> <span class='ocrx_word' id='word_1_236' title='bbox 1557 2225 1810 2278; x_wconf 78' lang='lat' dir='ltr'><strong>extulisse</strong></span> <span class='ocrx_word' id='word_1_237' title='bbox 1831 2262 1844 2286; x_wconf 89' lang='lat'><strong>,</strong></span> <span class='ocrx_word' id='word_1_238' title='bbox 1890 2224 1987 2276; x_wconf 85' lang='lat' dir='ltr'><strong>nisi</strong></span> <span class='ocrx_word' id='word_1_239' title='bbox 2017 2239 2166 2292; x_wconf 68' lang='lat' dir='ltr'><strong>qum-</strong></span> 
     </span>
    </p>
   </div>
   <div class='ocr_carea' id='block_1_33' title="bbox 574 2314 2167 2374">
    <p class='ocr_par' dir='ltr' id='par_1_33' title="bbox 574 2314 2167 2374">
     <span class='ocr_line' id='line_1_33' title="bbox 574 2314 2167 2374; baseline -0.003 -3"><span class='ocrx_word' id='word_1_240' title='bbox 574 2319 701 2373; x_wconf 81' lang='lat' dir='ltr'><strong>dam</strong></span> <span class='ocrx_word' id='word_1_241' title='bbox 746 2320 903 2374; x_wconf 88' lang='lat' dir='ltr'><strong>fuerit</strong></span> <span class='ocrx_word' id='word_1_242' title='bbox 942 2320 1255 2374; x_wconf 84' lang='lat' dir='ltr'><strong>necessitas.</strong></span> <span class='ocrx_word' id='word_1_243' title='bbox 1315 2316 1381 2371; x_wconf 87' lang='lat' dir='ltr'><strong>Et</strong></span> <span class='ocrx_word' id='word_1_244' title='bbox 1422 2326 1529 2370; x_wconf 89' lang='lat' dir='ltr'><strong>erat</strong></span> <span class='ocrx_word' id='word_1_245' title='bbox 1574 2333 1687 2370; x_wconf 90' lang='lat' dir='ltr'><strong>cum</strong></span> <span class='ocrx_word' id='word_1_246' title='bbox 1731 2316 1833 2368; x_wconf 82' lang='lat' dir='ltr'><strong>illis</strong></span> <span class='ocrx_word' id='word_1_247' title='bbox 1876 2316 2071 2367; x_wconf 81' lang='lat' dir='ltr'><strong>intrans</strong></span> <span class='ocrx_word' id='word_1_248' title='bbox 2116 2314 2167 2366; x_wconf 87' lang='lat' dir='ltr'><strong>in</strong></span> 
     </span>
    </p>
   </div>
   <div class='ocr_carea' id='block_1_34' title="bbox 575 2405 2163 2481">
    <p class='ocr_par' dir='ltr' id='par_1_34' title="bbox 575 2405 2163 2481">
     <span class='ocr_line' id='line_1_34' title="bbox 575 2405 2163 2481; baseline -0.004 -16"><span class='ocrx_word' id='word_1_249' title='bbox 575 2412 882 2477; x_wconf 80' lang='lat' dir='ltr'><strong>Jerusalem,</strong></span> <span class='ocrx_word' id='word_1_250' title='bbox 914 2421 960 2465; x_wconf 88' lang='lat' dir='ltr'><strong>et</strong></span> <span class='ocrx_word' id='word_1_251' title='bbox 981 2412 1288 2479; x_wconf 81' lang='lat' dir='ltr'><strong>ﬁducialiter</strong></span> <span class='ocrx_word' id='word_1_252' title='bbox 1306 2426 1460 2481; x_wconf 83' lang='lat' dir='ltr'><strong>agens</strong></span> <span class='ocrx_word' id='word_1_253' title='bbox 1483 2410 1537 2461; x_wconf 87' lang='lat' dir='ltr'><strong>in</strong></span> <span class='ocrx_word' id='word_1_254' title='bbox 1560 2409 1765 2462; x_wconf 88' lang='lat' dir='ltr'><strong>nomine</strong></span> <span class='ocrx_word' id='word_1_255' title='bbox 1793 2406 2001 2460; x_wconf 85' lang='lat' dir='ltr'><strong>Domini</strong></span> <span class='ocrx_word' id='word_1_256' title='bbox 2018 2405 2163 2460; x_wconf 79' lang='lat' dir='ltr'><strong>Iesu.</strong></span> 
     </span>
    </p>
   </div>
   <div class='ocr_carea' id='block_1_35' title="bbox 579 2502 2165 2563">
    <p class='ocr_par' dir='ltr' id='par_1_35' title="bbox 579 2502 2165 2563">
     <span class='ocr_line' id='line_1_35' title="bbox 579 2502 2165 2563; baseline -0.006 0"><span class='ocrx_word' id='word_1_257' title='bbox 579 2508 693 2563; x_wconf 87' lang='lat' dir='ltr'><strong>IIoc</strong></span> <span class='ocrx_word' id='word_1_258' title='bbox 714 2516 773 2562; x_wconf 82' lang='lat' dir='ltr'><strong>et</strong></span> <span class='ocrx_word' id='word_1_259' title='bbox 795 2507 915 2561; x_wconf 88' lang='lat' dir='ltr'><strong>aliis</strong></span> <span class='ocrx_word' id='word_1_260' title='bbox 935 2505 1102 2561; x_wconf 84' lang='lat' dir='ltr'><strong>dabat</strong></span> <span class='ocrx_word' id='word_1_261' title='bbox 1131 2505 1401 2559; x_wconf 92' lang='lat' dir='ltr'><strong>ﬁduciam.</strong></span> <span class='ocrx_word' id='word_1_262' title='bbox 1434 2503 1595 2559; x_wconf 84' lang='lat' dir='ltr'><strong>Vides</strong></span> <span class='ocrx_word' id='word_1_263' title='bbox 1611 2502 1675 2557; x_wconf 85' lang='lat' dir='ltr'><strong>‘et</strong></span> <span class='ocrx_word' id='word_1_264' title='bbox 1703 2503 1789 2557; x_wconf 91' lang='lat' dir='ltr'><strong>hic</strong></span> <span class='ocrx_word' id='word_1_265' title='bbox 1817 2510 1873 2557; x_wconf 91' lang='lat' dir='ltr'><strong>et</strong></span> <span class='ocrx_word' id='word_1_266' title='bbox 1901 2502 2006 2555; x_wconf 89' lang='lat' dir='ltr'><strong>illic</strong></span> <span class='ocrx_word' id='word_1_267' title='bbox 2032 2502 2165 2555; x_wconf 88' lang='lat' dir='ltr'><strong>alios</strong></span> 
     </span>
    </p>
   </div>
   <div class='ocr_carea' id='block_1_36' title="bbox 579 2593 2164 2669">
    <p class='ocr_par' dir='ltr' id='par_1_36' title="bbox 579 2593 2164 2669">
     <span class='ocr_line' id='line_1_36' title="bbox 579 2593 2164 2669; baseline -0.004 -16"><span class='ocrx_word' id='word_1_268' title='bbox 579 2598 925 2669; x_wconf 79' lang='lat' dir='ltr'><strong>providentes</strong></span> <span class='ocrx_word' id='word_1_269' title='bbox 953 2606 1007 2653; x_wconf 83' lang='lat' dir='ltr'><strong>et</strong></span> <span class='ocrx_word' id='word_1_270' title='bbox 1048 2606 1301 2651; x_wconf 87' lang='lat' dir='ltr'><strong>curantes</strong></span> <span class='ocrx_word' id='word_1_271' title='bbox 1329 2606 1390 2650; x_wconf 90' lang='lat' dir='ltr'><strong>ut</strong></span> <span class='ocrx_word' id='word_1_272' title='bbox 1423 2596 1513 2650; x_wconf 86' lang='lat' dir='ltr'><strong>ille</strong></span> <span class='ocrx_word' id='word_1_273' title='bbox 1550 2596 1751 2660; x_wconf 89' lang='lat' dir='ltr'><strong>abiret,</strong></span> <span class='ocrx_word' id='word_1_274' title='bbox 1776 2610 1897 2649; x_wconf 89' lang='lat' dir='ltr'><strong>cum</strong></span> <span class='ocrx_word' id='word_1_275' title='bbox 1930 2593 2164 2648; x_wconf 78' lang='lat' dir='ltr'><strong>nondum</strong></span> 
     </span>
    </p>
   </div>
   <div class='ocr_carea' id='block_1_37' title="bbox 582 2680 2203 2759">
    <p class='ocr_par' dir='ltr' id='par_1_37' title="bbox 582 2680 2203 2759">
     <span class='ocr_line' id='line_1_37' title="bbox 582 2680 2203 2759; baseline -0.004 -15"><span class='ocrx_word' id='word_1_276' title='bbox 582 2690 677 2745; x_wconf 87' lang='lat' dir='ltr'><strong>Dei</strong></span> <span class='ocrx_word' id='word_1_277' title='bbox 708 2689 931 2759; x_wconf 80' lang='lat' dir='ltr'><strong>gratiam</strong></span> <span class='ocrx_word' id='word_1_278' title='bbox 960 2688 1293 2758; x_wconf 83' lang='lat' dir='ltr'><strong>accepisset?</strong></span> <span class='ocrx_word' id='word_1_279' title='bbox 1318 2687 1497 2758; x_wconf 86' lang='lat' dir='ltr'><strong>Itaque</strong></span> <span class='ocrx_word' id='word_1_280' title='bbox 1519 2687 1597 2740; x_wconf 89' lang='lat' dir='ltr'><strong>sic</strong></span> <span class='ocrx_word' id='word_1_281' title='bbox 1624 2685 1762 2741; x_wconf 89' lang='lat' dir='ltr'><strong>illius</strong></span> <span class='ocrx_word' id='word_1_282' title='bbox 1789 2684 1968 2739; x_wconf 88' lang='lat' dir='ltr'><strong>fervor</strong></span> <span class='ocrx_word' id='word_1_283' title='bbox 1986 2694 2169 2739; x_wconf 81' lang='lat' dir='ltr'><strong>osten—</strong></span> <span class='ocrx_word' id='word_1_284' title='bbox 2200 2680 2203 2683; x_wconf 33' lang='grc' dir='ltr'><strong><em>λ</em></strong></span> 
     </span>
    </p>
   </div>
   <div class='ocr_carea' id='block_1_38' title="bbox 575 2776 2167 2851">
    <p class='ocr_par' dir='ltr' id='par_1_38' title="bbox 575 2776 2167 2851">
     <span class='ocr_line' id='line_1_38' title="bbox 575 2776 2167 2851; baseline -0.005 -14"><span class='ocrx_word' id='word_1_285' title='bbox 575 2782 739 2837; x_wconf 82' lang='lat' dir='ltr'><strong>ditur.</strong></span> <span class='ocrx_word' id='word_1_286' title='bbox 788 2780 971 2851; x_wconf 82' lang='lat' dir='ltr'><strong>Neque</strong></span> <span class='ocrx_word' id='word_1_287' title='bbox 1012 2779 1122 2847; x_wconf 89' lang='lat' dir='ltr'><strong>jam</strong></span> <span class='ocrx_word' id='word_1_288' title='bbox 1153 2778 1364 2833; x_wconf 88' lang='lat' dir='ltr'><strong>videtur</strong></span> <span class='ocrx_word' id='word_1_289' title='bbox 1392 2777 1519 2831; x_wconf 87' lang='lat' dir='ltr'><strong>mihi</strong></span> <span class='ocrx_word' id='word_1_290' title='bbox 1567 2777 1657 2831; x_wconf 90' lang='lat' dir='ltr'><strong>ille</strong></span> <span class='ocrx_word' id='word_1_291' title='bbox 1697 2792 1793 2846; x_wconf 89' lang='lat' dir='ltr'><strong>per</strong></span> <span class='ocrx_word' id='word_1_292' title='bbox 1825 2787 2020 2831; x_wconf 89' lang='lat' dir='ltr'><strong>terram</strong></span> <span class='ocrx_word' id='word_1_293' title='bbox 2066 2776 2167 2829; x_wconf 84' lang='lat' dir='ltr'><strong>iter</strong></span> 
     </span>
    </p>
   </div>
   <div class='ocr_carea' id='block_1_39' title="bbox 582 2867 2168 2940">
    <p class='ocr_par' dir='ltr' id='par_1_39' title="bbox 582 2867 2168 2940">
     <span class='ocr_line' id='line_1_39' title="bbox 582 2867 2168 2940; baseline -0.004 -12"><span class='ocrx_word' id='word_1_294' title='bbox 582 2875 815 2938; x_wconf 87' lang='lat' dir='ltr'><strong>habere;</strong></span> <span class='ocrx_word' id='word_1_295' title='bbox 857 2872 949 2927; x_wconf 88' lang='lat' dir='ltr'><strong>scd</strong></span> <span class='ocrx_word' id='word_1_296' title='bbox 994 2871 1187 2925; x_wconf 90' lang='lat' dir='ltr'><strong>deinde</strong></span> <span class='ocrx_word' id='word_1_297' title='bbox 1217 2870 1514 2940; x_wconf 84' lang='lat' dir='ltr'><strong>navigabat.</strong></span> <span class='ocrx_word' id='word_1_298' title='bbox 1562 2867 1673 2922; x_wconf 90' lang='lat' dir='ltr'><strong>IIoc</strong></span> <span class='ocrx_word' id='word_1_299' title='bbox 1712 2883 1924 2937; x_wconf 86' lang='lat' dir='ltr'><strong>quoque</strong></span> <span class='ocrx_word' id='word_1_300' title='bbox 1967 2868 2023 2920; x_wconf 90' lang='lat' dir='ltr'><strong>ﬁt</strong></span> <span class='ocrx_word' id='word_1_301' title='bbox 2071 2883 2168 2936; x_wconf 57' lang='lat' dir='ltr'><strong>per</strong></span> 
     </span>
    </p>
   </div>
   <div class='ocr_carea' id='block_1_40' title="bbox 577 2957 2167 3035">
    <p class='ocr_par' dir='ltr' id='par_1_40' title="bbox 577 2957 2167 3035">
     <span class='ocr_line' id='line_1_40' title="bbox 577 2957 2167 3035; baseline -0.005 -14"><span class='ocrx_word' id='word_1_302' title='bbox 577 2965 1031 3035; x_wconf 85' lang='lat' dir='ltr'><strong>dispensationem</strong></span> <span class='ocrx_word' id='word_1_303' title='bbox 1056 3003 1072 3028; x_wconf 93' lang='lat'><strong>,</strong></span> <span class='ocrx_word' id='word_1_304' title='bbox 1112 2972 1171 3017; x_wconf 91' lang='lat' dir='ltr'><strong>ut</strong></span> <span class='ocrx_word' id='word_1_305' title='bbox 1202 2962 1269 3016; x_wconf 91' lang='lat' dir='ltr'><strong>ibi</strong></span> <span class='ocrx_word' id='word_1_306' title='bbox 1301 2961 1462 3016; x_wconf 87' lang='lat' dir='ltr'><strong>etiam</strong></span> <span class='ocrx_word' id='word_1_307' title='bbox 1494 2960 1829 3030; x_wconf 66' lang='lat' dir='ltr'><strong>prmdiearet.</strong></span> <span class='ocrx_word' id='word_1_308' title='bbox 1864 2957 1986 3013; x_wconf 88' lang='lat' dir='ltr'><strong>Ideo</strong></span> <span class='ocrx_word' id='word_1_309' title='bbox 2010 2957 2167 3029; x_wconf 85' lang='lat' dir='ltr'><strong>igitur</strong></span> 
     </span>
    </p>
   </div>
   <div class='ocr_carea' id='block_1_41' title="bbox 581 3050 2165 3124">
    <p class='ocr_par' dir='ltr' id='par_1_41' title="bbox 581 3050 2165 3124">
     <span class='ocr_line' id='line_1_41' title="bbox 581 3050 2165 3124; baseline -0.006 -13"><span class='ocrx_word' id='word_1_310' title='bbox 581 3058 789 3111; x_wconf 73' lang='lat' dir='ltr'><strong>iusidim</strong></span> <span class='ocrx_word' id='word_1_311' title='bbox 829 3056 1135 3124; x_wconf 89' lang='lat' dir='ltr'><strong>contigere,</strong></span> <span class='ocrx_word' id='word_1_312' title='bbox 1178 3062 1231 3108; x_wconf 90' lang='lat' dir='ltr'><strong>et</strong></span> <span class='ocrx_word' id='word_1_313' title='bbox 1277 3054 1378 3108; x_wconf 85' lang='lat' dir='ltr'><strong>iter</strong></span> <span class='ocrx_word' id='word_1_314' title='bbox 1405 3051 1793 3123; x_wconf 83' lang='lat' dir='ltr'><strong>.Ierosnlymam</strong></span> <span class='ocrx_word' id='word_1_315' title='bbox 1826 3065 1919 3119; x_wconf 88' lang='lat' dir='ltr'><strong>per</strong></span> <span class='ocrx_word' id='word_1_316' title='bbox 1947 3050 2165 3120; x_wconf 64' lang='lat' dir='ltr'><strong>dispen.</strong></span> 
     </span>
    </p>
   </div>
   <div class='ocr_carea' id='block_1_42' title="bbox 582 3141 2165 3214">
    <p class='ocr_par' dir='ltr' id='par_1_42' title="bbox 582 3141 2165 3214">
     <span class='ocr_line' id='line_1_42' title="bbox 582 3141 2165 3214; baseline -0.005 -11"><span class='ocrx_word' id='word_1_317' title='bbox 582 3150 865 3213; x_wconf 86' lang='lat' dir='ltr'><strong>sationem,</strong></span> <span class='ocrx_word' id='word_1_318' title='bbox 890 3156 949 3200; x_wconf 93' lang='lat' dir='ltr'><strong>ut</strong></span> <span class='ocrx_word' id='word_1_319' title='bbox 976 3161 1041 3199; x_wconf 90' lang='lat' dir='ltr'><strong>ne</strong></span> <span class='ocrx_word' id='word_1_320' title='bbox 1071 3145 1207 3198; x_wconf 89' lang='lat' dir='ltr'><strong>ultra</strong></span> <span class='ocrx_word' id='word_1_321' title='bbox 1234 3152 1510 3214; x_wconf 87' lang='lat' dir='ltr'><strong>suspectus</strong></span> <span class='ocrx_word' id='word_1_322' title='bbox 1536 3154 1697 3197; x_wconf 90' lang='lat' dir='ltr'><strong>esset.</strong></span> <span class='ocrx_word' id='word_1_323' title='bbox 1726 3141 2043 3211; x_wconf 83' lang='lat' dir='ltr'><strong>Loquebatur</strong></span> <span class='ocrx_word' id='word_1_324' title='bbox 2068 3159 2165 3195; x_wconf 81' lang='lat' dir='ltr'><strong>au-</strong></span> 
     </span>
    </p>
   </div>
   <div class='ocr_carea' id='block_1_43' title="bbox 582 3233 2161 3309">
    <p class='ocr_par' dir='ltr' id='par_1_43' title="bbox 582 3233 2161 3309">
     <span class='ocr_line' id='line_1_43' title="bbox 582 3233 2161 3309; baseline -0.002 -18"><span class='ocrx_word' id='word_1_325' title='bbox 582 3252 678 3293; x_wconf 81' lang='lat' dir='ltr'><strong>tem</strong></span> <span class='ocrx_word' id='word_1_326' title='bbox 707 3250 753 3293; x_wconf 87' lang='lat' dir='ltr'><strong>et</strong></span> <span class='ocrx_word' id='word_1_327' title='bbox 793 3238 1081 3309; x_wconf 79' lang='lat' dir='ltr'><strong>disputabat</strong></span> <span class='ocrx_word' id='word_1_328' title='bbox 1122 3253 1235 3290; x_wconf 85' lang='lat' dir='ltr'><strong>cum</strong></span> <span class='ocrx_word' id='word_1_329' title='bbox 1267 3235 1475 3291; x_wconf 62' lang='lat' dir='ltr'><strong>Graecis.</strong></span> <span class='ocrx_word' id='word_1_330' title='bbox 1529 3233 1597 3288; x_wconf 87' lang='lat' dir='ltr'><strong>Et</strong></span> <span class='ocrx_word' id='word_1_331' title='bbox 1637 3234 1919 3300; x_wconf 74' lang='lat' dir='ltr'><strong>Ecclesiae,</strong></span> <span class='ocrx_word' id='word_1_332' title='bbox 1958 3235 2161 3305; x_wconf 88' lang='lat' dir='ltr'><strong>inquit,</strong></span> 
     </span>
    </p>
   </div>
   <div class='ocr_carea' id='block_1_44' title="bbox 582 3326 2168 3399">
    <p class='ocr_par' dir='ltr' id='par_1_44' title="bbox 582 3326 2168 3399">
     <span class='ocr_line' id='line_1_44' title="bbox 582 3326 2168 3399; baseline -0.003 -15"><span class='ocrx_word' id='word_1_333' title='bbox 582 3330 824 3385; x_wconf 78' lang='lat' dir='ltr'><strong>habebant</strong></span> <span class='ocrx_word' id='word_1_334' title='bbox 850 3345 1040 3399; x_wconf 84' lang='lat' dir='ltr'><strong>pacem,</strong></span> <span class='ocrx_word' id='word_1_335' title='bbox 1070 3326 1457 3396; x_wconf 68' lang='lat' dir='ltr'><strong>adiﬁcabantur</strong></span> <span class='ocrx_word' id='word_1_336' title='bbox 1472 3336 1519 3380; x_wconf 88' lang='lat' dir='ltr'><strong>et</strong></span> <span class='ocrx_word' id='word_1_337' title='bbox 1551 3326 1878 3379; x_wconf 81' lang='lat' dir='ltr'><strong>ambulabant</strong></span> <span class='ocrx_word' id='word_1_338' title='bbox 1911 3326 1962 3379; x_wconf 89' lang='lat' dir='ltr'><strong>in</strong></span> <span class='ocrx_word' id='word_1_339' title='bbox 1990 3328 2168 3380; x_wconf 86' lang='lat' dir='ltr'><strong>timore</strong></span> 
     </span>
    </p>
   </div>
   <div class='ocr_carea' id='block_1_45' title="bbox 585 3418 2167 3488">
    <p class='ocr_par' dir='ltr' id='par_1_45' title="bbox 585 3418 2167 3488">
     <span class='ocr_line' id='line_1_45' title="bbox 585 3418 2167 3488; baseline -0.003 -12"><span class='ocrx_word' id='word_1_340' title='bbox 585 3421 790 3476; x_wconf 85' lang='lat' dir='ltr'><strong>Domini</strong></span> <span class='ocrx_word' id='word_1_341' title='bbox 812 3439 830 3486; x_wconf 88' lang='lat'><strong><em>;</em></strong></span> <span class='ocrx_word' id='word_1_342' title='bbox 858 3421 907 3475; x_wconf 90' lang='lat' dir='ltr'><strong>id</strong></span> <span class='ocrx_word' id='word_1_343' title='bbox 936 3429 1048 3483; x_wconf 87' lang='lat' dir='ltr'><strong>est,</strong></span> <span class='ocrx_word' id='word_1_344' title='bbox 1075 3419 1426 3481; x_wconf 83' lang='lat' dir='ltr'><strong>crescebant,</strong></span> <span class='ocrx_word' id='word_1_345' title='bbox 1445 3427 1506 3472; x_wconf 92' lang='lat' dir='ltr'><strong>et</strong></span> <span class='ocrx_word' id='word_1_346' title='bbox 1528 3433 1710 3488; x_wconf 87' lang='lat' dir='ltr'><strong>pacem</strong></span> <span class='ocrx_word' id='word_1_347' title='bbox 1728 3458 1745 3483; x_wconf 94' lang='lat'><strong>,</strong></span> <span class='ocrx_word' id='word_1_348' title='bbox 1774 3433 1955 3471; x_wconf 84' lang='lat' dir='ltr'><strong>veram</strong></span> <span class='ocrx_word' id='word_1_349' title='bbox 1986 3418 2167 3486; x_wconf 88' lang='lat' dir='ltr'><strong>utique</strong></span> 
     </span>
    </p>
   </div>
   <div class='ocr_carea' id='block_1_46' title="bbox 588 3508 2169 3583">
    <p class='ocr_par' dir='ltr' id='par_1_46' title="bbox 588 3508 2169 3583">
     <span class='ocr_line' id='line_1_46' title="bbox 588 3508 2169 3583; baseline -0.001 -18"><span class='ocrx_word' id='word_1_350' title='bbox 588 3529 794 3583; x_wconf 85' lang='lat' dir='ltr'><strong>pacem,</strong></span> <span class='ocrx_word' id='word_1_351' title='bbox 814 3513 951 3566; x_wconf 87' lang='lat' dir='ltr'><strong>inter</strong></span> <span class='ocrx_word' id='word_1_352' title='bbox 971 3526 1028 3565; x_wconf 88' lang='lat' dir='ltr'><strong>se</strong></span> <span class='ocrx_word' id='word_1_353' title='bbox 1060 3510 1348 3566; x_wconf 82' lang='lat' dir='ltr'><strong>habebant.</strong></span> <span class='ocrx_word' id='word_1_354' title='bbox 1368 3510 1576 3572; x_wconf 79' lang='lat' dir='ltr'><strong>Merito,</strong></span> <span class='ocrx_word' id='word_1_355' title='bbox 1598 3525 1717 3563; x_wconf 87' lang='lat' dir='ltr'><strong>nam</strong></span> <span class='ocrx_word' id='word_1_356' title='bbox 1736 3508 1889 3563; x_wconf 84' lang='lat' dir='ltr'><strong>valde</strong></span> <span class='ocrx_word' id='word_1_357' title='bbox 1904 3508 2169 3563; x_wconf 76' lang='lat' dir='ltr'><strong>afﬂixerat</strong></span> 
     </span>
    </p>
   </div>
   <div class='ocr_carea' id='block_1_47' title="bbox 583 3598 2189 3671">
    <p class='ocr_par' dir='ltr' id='par_1_47' title="bbox 583 3598 2189 3671">
     <span class='ocr_line' id='line_1_47' title="bbox 583 3598 2189 3671; baseline -0.002 -11"><span class='ocrx_word' id='word_1_358' title='bbox 583 3608 705 3661; x_wconf 81' lang='lat' dir='ltr'><strong>illos</strong></span> <span class='ocrx_word' id='word_1_359' title='bbox 729 3616 1005 3659; x_wconf 80' lang='lat' dir='ltr'><strong>externum</strong></span> <span class='ocrx_word' id='word_1_360' title='bbox 1037 3604 1255 3658; x_wconf 90' lang='lat' dir='ltr'><strong>bellum.</strong></span> <span class='ocrx_word' id='word_1_361' title='bbox 1294 3602 1357 3656; x_wconf 84' lang='lat' dir='ltr'><strong>Et</strong></span> <span class='ocrx_word' id='word_1_362' title='bbox 1382 3604 1727 3655; x_wconf 86' lang='lat' dir='ltr'><strong>consolatione</strong></span> <span class='ocrx_word' id='word_1_363' title='bbox 1750 3603 1910 3655; x_wconf 87' lang='lat' dir='ltr'><strong>sancti</strong></span> <span class='ocrx_word' id='word_1_364' title='bbox 1940 3598 2189 3671; x_wconf 57' lang='lat' dir='ltr'><strong>Spiritus&#39;</strong></span> 
     </span>
    </p>
   </div>
   <div class='ocr_carea' id='block_1_48' title="bbox 582 3694 2168 3767">
    <p class='ocr_par' dir='ltr' id='par_1_48' title="bbox 582 3694 2168 3767">
     <span class='ocr_line' id='line_1_48' title="bbox 582 3694 2168 3767; baseline -0.001 -15"><span class='ocrx_word' id='word_1_365' title='bbox 582 3697 926 3767; x_wconf 72' lang='lat' dir='ltr'><strong>replebantur.</strong></span> <span class='ocrx_word' id='word_1_366' title='bbox 974 3694 1363 3751; x_wconf 89' lang='lat' dir='ltr'><strong>Consolabatur</strong></span> <span class='ocrx_word' id='word_1_367' title='bbox 1404 3694 1522 3749; x_wconf 91' lang='lat' dir='ltr'><strong>illos</strong></span> <span class='ocrx_word' id='word_1_368' title='bbox 1552 3695 1781 3763; x_wconf 86' lang='lat' dir='ltr'><strong>Spiritus</strong></span> <span class='ocrx_word' id='word_1_369' title='bbox 1810 3704 2063 3760; x_wconf 88' lang='lat' dir='ltr'><strong>sanctus,</strong></span> <span class='ocrx_word' id='word_1_370' title='bbox 2114 3704 2168 3751; x_wconf 91' lang='lat' dir='ltr'><strong>et</strong></span> 
     </span>
    </p>
   </div>
   <div class='ocr_carea' id='block_1_49' title="bbox 584 3787 2167 3862">
    <p class='ocr_par' dir='ltr' id='par_1_49' title="bbox 584 3787 2167 3862">
     <span class='ocr_line' id='line_1_49' title="bbox 584 3787 2167 3862; baseline 0 -17"><span class='ocrx_word' id='word_1_371' title='bbox 584 3806 683 3862; x_wconf 85' lang='lat' dir='ltr'><strong>per</strong></span> <span class='ocrx_word' id='word_1_372' title='bbox 712 3789 963 3845; x_wconf 89' lang='lat' dir='ltr'><strong>miracula</strong></span> <span class='ocrx_word' id='word_1_373' title='bbox 1008 3798 1064 3845; x_wconf 92' lang='lat' dir='ltr'><strong>et</strong></span> <span class='ocrx_word' id='word_1_374' title='bbox 1104 3804 1200 3859; x_wconf 90' lang='lat' dir='ltr'><strong>per</strong></span> <span class='ocrx_word' id='word_1_375' title='bbox 1228 3804 1431 3858; x_wconf 90' lang='lat' dir='ltr'><strong>opera:</strong></span> <span class='ocrx_word' id='word_1_376' title='bbox 1476 3788 1540 3841; x_wconf 90' lang='lat' dir='ltr'><strong>ad</strong></span> <span class='ocrx_word' id='word_1_377' title='bbox 1586 3787 1699 3842; x_wconf 77' lang='lat' dir='ltr'><strong>[nec</strong></span> <span class='ocrx_word' id='word_1_378' title='bbox 1738 3804 1894 3855; x_wconf 89' lang='lat' dir='ltr'><strong>vero,</strong></span> <span class='ocrx_word' id='word_1_379' title='bbox 1938 3789 2167 3859; x_wconf 83' lang='lat' dir='ltr'><strong>idipsum</strong></span> 
     </span>
    </p>
   </div>
   <div class='ocr_carea' id='block_1_50' title="bbox 582 3879 2166 3953">
    <p class='ocr_par' dir='ltr' id='par_1_50' title="bbox 582 3879 2166 3953">
     <span class='ocr_line' id='line_1_50' title="bbox 582 3879 2166 3953; baseline -0.003 -15"><span class='ocrx_word' id='word_1_380' title='bbox 582 3899 613 3938; x_wconf 68' lang='grc' dir='ltr'>θ</span> <span class='ocrx_word' id='word_1_381' title='bbox 637 3885 810 3953; x_wconf 77' lang='lat' dir='ltr'><strong>ngulis</strong></span> <span class='ocrx_word' id='word_1_382' title='bbox 840 3884 1031 3937; x_wconf 87' lang='lat' dir='ltr'><strong>iuerat.</strong></span> <span class='ocrx_word' id='word_1_383' title='bbox 1066 3881 1280 3935; x_wconf 84' lang='lat' dir='ltr'><strong>Factum</strong></span> <span class='ocrx_word' id='word_1_384' title='bbox 1308 3890 1379 3935; x_wconf 86' lang='lat' dir='ltr'><strong>est</strong></span> <span class='ocrx_word' id='word_1_385' title='bbox 1406 3892 1571 3935; x_wconf 89' lang='lat' dir='ltr'><strong>autem</strong></span> <span class='ocrx_word' id='word_1_386' title='bbox 1599 3892 1651 3934; x_wconf 91' lang='lat' dir='ltr'><strong>ut</strong></span> <span class='ocrx_word' id='word_1_387' title='bbox 1686 3879 1871 3936; x_wconf 86' lang='lat' dir='ltr'><strong>Petrus</strong></span> <span class='ocrx_word' id='word_1_388' title='bbox 1899 3881 2019 3934; x_wconf 90' lang='lat' dir='ltr'><strong>dum</strong></span> <span class='ocrx_word' id='word_1_389' title='bbox 2048 3900 2166 3951; x_wconf 85' lang='lat' dir='ltr'><strong>per-</strong></span> 
     </span>
    </p>
   </div>
   <div class='ocr_carea' id='block_1_51' title="bbox 582 3971 2169 4044">
    <p class='ocr_par' dir='ltr' id='par_1_51' title="bbox 582 3971 2169 4044">
     <span class='ocr_line' id='line_1_51' title="bbox 582 3971 2169 4044; baseline 0 -16"><span class='ocrx_word' id='word_1_390' title='bbox 582 3975 860 4039; x_wconf 85' lang='lat' dir='ltr'><strong>transiret,</strong></span> <span class='ocrx_word' id='word_1_391' title='bbox 904 3974 1180 4042; x_wconf 81' lang='lat' dir='ltr'><strong>perveniret</strong></span> <span class='ocrx_word' id='word_1_392' title='bbox 1223 3974 1291 4025; x_wconf 80' lang='lat' dir='ltr'><strong>ad</strong></span> <span class='ocrx_word' id='word_1_393' title='bbox 1331 3971 1586 4044; x_wconf 81' lang='lat' dir='ltr'><strong>Lyddam.</strong></span> <span class='ocrx_word' id='word_1_394' title='bbox 1639 3972 1839 4027; x_wconf 84' lang='lat' dir='ltr'><strong>Invenit</strong></span> <span class='ocrx_word' id='word_1_395' title='bbox 1886 3984 2053 4028; x_wconf 87' lang='lat' dir='ltr'><strong>autem</strong></span> <span class='ocrx_word' id='word_1_396' title='bbox 2099 3974 2169 4028; x_wconf 86' lang='lat' dir='ltr'><strong>ibi</strong></span> 
     </span>
    </p>
   </div>
   <div class='ocr_carea' id='block_1_52' title="bbox 586 4063 2169 4132">
    <p class='ocr_par' dir='ltr' id='par_1_52' title="bbox 586 4063 2169 4132">
     <span class='ocr_line' id='line_1_52' title="bbox 586 4063 2169 4132; baseline 0.001 -14"><span class='ocrx_word' id='word_1_397' title='bbox 586 4068 841 4119; x_wconf 79' lang='lat' dir='ltr'><strong>nominem</strong></span> <span class='ocrx_word' id='word_1_398' title='bbox 876 4066 1286 4131; x_wconf 77' lang='lat' dir='ltr'><strong>decumbentem,</strong></span> <span class='ocrx_word' id='word_1_399' title='bbox 1330 4075 1377 4119; x_wconf 89' lang='lat' dir='ltr'><strong>et</strong></span> <span class='ocrx_word' id='word_1_400' title='bbox 1425 4064 1551 4118; x_wconf 78' lang='lat' dir='ltr'><strong>dixit</strong></span> <span class='ocrx_word' id='word_1_401' title='bbox 1592 4064 1669 4117; x_wconf 88' lang='lat' dir='ltr'><strong>illi</strong></span> <span class='ocrx_word' id='word_1_402' title='bbox 1700 4082 1718 4118; x_wconf 94' lang='lat'><em>:</em></span> <span class='ocrx_word' id='word_1_403' title='bbox 1765 4063 1969 4132; x_wconf 60' lang='lat' dir='ltr'><strong>linea,</strong></span> <span class='ocrx_word' id='word_1_404' title='bbox 2018 4077 2169 4120; x_wconf 88' lang='lat' dir='ltr'><strong>sanat</strong></span> 
     </span>
    </p>
   </div>
   <div class='ocr_carea' id='block_1_53' title="bbox 582 4156 2165 4223">
    <p class='ocr_par' dir='ltr' id='par_1_53' title="bbox 582 4156 2165 4223">
     <span class='ocr_line' id='line_1_53' title="bbox 582 4156 2165 4223; baseline 0 -11"><span class='ocrx_word' id='word_1_405' title='bbox 582 4167 633 4212; x_wconf 82' lang='lat' dir='ltr'><strong>te</strong></span> <span class='ocrx_word' id='word_1_406' title='bbox 672 4156 823 4211; x_wconf 83' lang='lat' dir='ltr'><strong>Jesus</strong></span> <span class='ocrx_word' id='word_1_407' title='bbox 852 4157 1102 4211; x_wconf 74' lang='lat' dir='ltr'><strong>Christus.</strong></span> <span class='ocrx_word' id='word_1_408' title='bbox 1162 4156 1277 4211; x_wconf 88' lang='lat' dir='ltr'><strong>Non</strong></span> <span class='ocrx_word' id='word_1_409' title='bbox 1308 4156 1631 4211; x_wconf 87' lang='lat' dir='ltr'><strong>ostentantis</strong></span> <span class='ocrx_word' id='word_1_410' title='bbox 1672 4156 1872 4211; x_wconf 91' lang='lat' dir='ltr'><strong>dictum</strong></span> <span class='ocrx_word' id='word_1_411' title='bbox 1914 4168 2029 4223; x_wconf 85' lang='lat' dir='ltr'><strong>est,</strong></span> <span class='ocrx_word' id='word_1_412' title='bbox 2073 4158 2165 4212; x_wconf 77' lang='lat' dir='ltr'><strong>sed</strong></span> 
     </span>
    </p>
   </div>
   <div class='ocr_carea' id='block_1_54' title="bbox 583 4248 2169 4318">
    <p class='ocr_par' dir='ltr' id='par_1_54' title="bbox 583 4248 2169 4318">
     <span class='ocr_line' id='line_1_54' title="bbox 583 4248 2169 4318; baseline 0.002 -15"><span class='ocrx_word' id='word_1_413' title='bbox 583 4250 799 4304; x_wconf 85' lang='lat' dir='ltr'><strong>ﬁdentis</strong></span> <span class='ocrx_word' id='word_1_414' title='bbox 826 4265 938 4303; x_wconf 89' lang='lat' dir='ltr'><strong>rem</strong></span> <span class='ocrx_word' id='word_1_415' title='bbox 966 4265 1086 4305; x_wconf 89' lang='lat' dir='ltr'><strong>esse</strong></span> <span class='ocrx_word' id='word_1_416' title='bbox 1113 4249 1360 4304; x_wconf 88' lang='lat' dir='ltr'><strong>futuram.</strong></span> <span class='ocrx_word' id='word_1_417' title='bbox 1397 4248 1518 4303; x_wconf 78' lang='lat' dir='ltr'><strong>Mihi</strong></span> <span class='ocrx_word' id='word_1_418' title='bbox 1544 4264 1675 4302; x_wconf 84' lang='lat' dir='ltr'><strong>vero</strong></span> <span class='ocrx_word' id='word_1_419' title='bbox 1706 4264 1922 4318; x_wconf 84' lang='lat' dir='ltr'><strong>prorsus</strong></span> <span class='ocrx_word' id='word_1_420' title='bbox 1961 4252 2169 4306; x_wconf 87' lang='lat' dir='ltr'><strong>videtur</strong></span> 
     </span>
    </p>
   </div>
   <div class='ocr_carea' id='block_1_55' title="bbox 589 4338 2164 4407">
    <p class='ocr_par' dir='ltr' id='par_1_55' title="bbox 589 4338 2164 4407">
     <span class='ocr_line' id='line_1_55' title="bbox 589 4338 2164 4407; baseline 0.003 -14"><span class='ocrx_word' id='word_1_421' title='bbox 589 4356 786 4407; x_wconf 66' lang='lat' dir='ltr'><strong>a&#39;grum</strong></span> <span class='ocrx_word' id='word_1_422' title='bbox 810 4338 930 4393; x_wconf 86' lang='lat' dir='ltr'><strong>huic</strong></span> <span class='ocrx_word' id='word_1_423' title='bbox 949 4339 1242 4395; x_wconf 88' lang='lat' dir='ltr'><strong>credidisse</strong></span> <span class='ocrx_word' id='word_1_424' title='bbox 1270 4340 1455 4404; x_wconf 87' lang='lat' dir='ltr'><strong>verbo,</strong></span> <span class='ocrx_word' id='word_1_425' title='bbox 1475 4348 1528 4393; x_wconf 92' lang='lat' dir='ltr'><strong>et</strong></span> <span class='ocrx_word' id='word_1_426' title='bbox 1552 4355 1737 4392; x_wconf 85' lang='lat' dir='ltr'><strong>sanum</strong></span> <span class='ocrx_word' id='word_1_427' title='bbox 1768 4340 1961 4395; x_wconf 84' lang='lat' dir='ltr'><strong>factum</strong></span> <span class='ocrx_word' id='word_1_428' title='bbox 1982 4340 2164 4398; x_wconf 61' lang='lat' dir='ltr'><strong>fuisse.</strong></span> 
     </span>
    </p>
   </div>
   <div class='ocr_carea' id='block_1_56' title="bbox 582 4430 2166 4503">
    <p class='ocr_par' dir='ltr' id='par_1_56' title="bbox 582 4430 2166 4503">
     <span class='ocr_line' id='line_1_56' title="bbox 582 4430 2166 4503; baseline 0.002 -18"><span class='ocrx_word' id='word_1_429' title='bbox 582 4430 742 4498; x_wconf 84' lang='lat' dir='ltr'><strong>Quod</strong></span> <span class='ocrx_word' id='word_1_430' title='bbox 768 4440 945 4486; x_wconf 86' lang='lat' dir='ltr'><strong>autem</strong></span> <span class='ocrx_word' id='word_1_431' title='bbox 978 4432 1096 4486; x_wconf 87' lang='lat' dir='ltr'><strong>sine</strong></span> <span class='ocrx_word' id='word_1_432' title='bbox 1139 4432 1274 4486; x_wconf 86' lang='lat' dir='ltr'><strong>fastu</strong></span> <span class='ocrx_word' id='word_1_433' title='bbox 1306 4442 1475 4491; x_wconf 88' lang='lat' dir='ltr'><strong>esset.</strong></span> <span class='ocrx_word' id='word_1_434' title='bbox 1518 4448 1582 4485; x_wconf 80' lang='lat' dir='ltr'><strong>ex</strong></span> <span class='ocrx_word' id='word_1_435' title='bbox 1612 4434 1955 4502; x_wconf 84' lang='lat' dir='ltr'><strong>sequentibus</strong></span> <span class='ocrx_word' id='word_1_436' title='bbox 1996 4436 2166 4503; x_wconf 87' lang='lat' dir='ltr'><strong>palam</strong></span> 
     </span>
    </p>
   </div>
   <div class='ocr_carea' id='block_1_57' title="bbox 582 4522 2162 4596">
    <p class='ocr_par' dir='ltr' id='par_1_57' title="bbox 582 4522 2162 4596">
     <span class='ocr_line' id='line_1_57' title="bbox 582 4522 2162 4596; baseline 0.002 -19"><span class='ocrx_word' id='word_1_437' title='bbox 582 4532 692 4578; x_wconf 82' lang='lat' dir='ltr'><strong>est.</strong></span> <span class='ocrx_word' id='word_1_438' title='bbox 723 4522 839 4578; x_wconf 85' lang='lat' dir='ltr'><strong>Non</strong></span> <span class='ocrx_word' id='word_1_439' title='bbox 863 4524 1004 4577; x_wconf 90' lang='lat' dir='ltr'><strong>enim</strong></span> <span class='ocrx_word' id='word_1_440' title='bbox 1027 4522 1189 4588; x_wconf 78' lang='lat' dir='ltr'><strong>dixit,</strong></span> <span class='ocrx_word' id='word_1_441' title='bbox 1221 4523 1276 4577; x_wconf 86' lang='lat' dir='ltr'><strong>In</strong></span> <span class='ocrx_word' id='word_1_442' title='bbox 1308 4524 1522 4577; x_wconf 90' lang='lat' dir='ltr'><strong>nomine</strong></span> <span class='ocrx_word' id='word_1_443' title='bbox 1545 4522 1671 4578; x_wconf 82' lang='lat' dir='ltr'><strong>Jesu</strong></span> <span class='ocrx_word' id='word_1_444' title='bbox 1693 4566 1709 4591; x_wconf 93' lang='lat'><strong>,</strong></span> <span class='ocrx_word' id='word_1_445' title='bbox 1735 4524 1829 4579; x_wconf 86' lang='lat' dir='ltr'><strong>sed</strong></span> <span class='ocrx_word' id='word_1_446' title='bbox 1858 4535 1914 4579; x_wconf 94' lang='lat' dir='ltr'><strong>ut</strong></span> <span class='ocrx_word' id='word_1_447' title='bbox 1934 4527 2162 4596; x_wconf 89' lang='lat' dir='ltr'><strong>signum,</strong></span> 
     </span>
    </p>
   </div>
   <div class='ocr_carea' id='block_1_58' title="bbox 579 4614 2167 4685">
    <p class='ocr_par' dir='ltr' id='par_1_58' title="bbox 579 4614 2167 4685">
     <span class='ocr_line' id='line_1_58' title="bbox 579 4614 2167 4685; baseline -0.001 -15"><span class='ocrx_word' id='word_1_448' title='bbox 579 4616 756 4685; x_wconf 81' lang='lat' dir='ltr'><strong>magis</strong></span> <span class='ocrx_word' id='word_1_449' title='bbox 810 4615 911 4670; x_wconf 91' lang='lat' dir='ltr'><strong>hoc</strong></span> <span class='ocrx_word' id='word_1_450' title='bbox 958 4623 1190 4669; x_wconf 83' lang='lat' dir='ltr'><strong>enarrat.</strong></span> <span class='ocrx_word' id='word_1_451' title='bbox 1253 4614 1493 4670; x_wconf 77' lang='lat' dir='ltr'><strong>Viderunt</strong></span> <span class='ocrx_word' id='word_1_452' title='bbox 1533 4625 1702 4668; x_wconf 85' lang='lat' dir='ltr'><strong>autent</strong></span> <span class='ocrx_word' id='word_1_453' title='bbox 1743 4617 1831 4684; x_wconf 79' lang='lat' dir='ltr'><strong>qui</strong></span> <span class='ocrx_word' id='word_1_454' title='bbox 1878 4617 2167 4669; x_wconf 82' lang='lat' dir='ltr'><strong>habitabant</strong></span> 
     </span>
    </p>
   </div>
   <div class='ocr_carea' id='block_1_59' title="bbox 584 4706 2166 4780">
    <p class='ocr_par' dir='ltr' id='par_1_59' title="bbox 584 4706 2166 4780">
     <span class='ocr_line' id='line_1_59' title="bbox 584 4706 2166 4780; baseline 0.002 -19"><span class='ocrx_word' id='word_1_455' title='bbox 584 4708 857 4779; x_wconf 76' lang='lat' dir='ltr'><strong>Lyddant,</strong></span> <span class='ocrx_word' id='word_1_456' title='bbox 903 4718 951 4762; x_wconf 87' lang='lat' dir='ltr'><strong>ct</strong></span> <span class='ocrx_word' id='word_1_457' title='bbox 980 4708 1203 4762; x_wconf 83' lang='lat' dir='ltr'><strong>conversi</strong></span> <span class='ocrx_word' id='word_1_458' title='bbox 1226 4718 1343 4761; x_wconf 81' lang='lat' dir='ltr'><strong>sunt</strong></span> <span class='ocrx_word' id='word_1_459' title='bbox 1382 4709 1450 4761; x_wconf 84' lang='lat' dir='ltr'><strong>ad</strong></span> <span class='ocrx_word' id='word_1_460' title='bbox 1487 4706 1785 4762; x_wconf 87' lang='lat' dir='ltr'><strong>Dominum.</strong></span> <span class='ocrx_word' id='word_1_461' title='bbox 1835 4709 2015 4780; x_wconf 85' lang='lat' dir='ltr'><strong>Itaque</strong></span> <span class='ocrx_word' id='word_1_462' title='bbox 2061 4725 2166 4764; x_wconf 89' lang='lat' dir='ltr'><strong>non</strong></span> 
     </span>
    </p>
   </div>
   <div class='ocr_carea' id='block_1_60' title="bbox 586 4798 2170 4871">
    <p class='ocr_par' dir='ltr' id='par_1_60' title="bbox 586 4798 2170 4871">
     <span class='ocr_line' id='line_1_60' title="bbox 586 4798 2170 4871; baseline 0.003 -17"><span class='ocrx_word' id='word_1_463' title='bbox 586 4800 785 4854; x_wconf 73' lang='lat' dir='ltr'><strong>frustra</strong></span> <span class='ocrx_word' id='word_1_464' title='bbox 813 4800 922 4855; x_wconf 74' lang='lat' dir='ltr'><strong>dixi</strong></span> <span class='ocrx_word' id='word_1_465' title='bbox 954 4801 1211 4855; x_wconf 84' lang='lat' dir='ltr'><strong>miracula</strong></span> <span class='ocrx_word' id='word_1_466' title='bbox 1242 4800 1375 4854; x_wconf 85' lang='lat' dir='ltr'><strong>facta</strong></span> <span class='ocrx_word' id='word_1_467' title='bbox 1407 4798 1572 4855; x_wconf 85' lang='lat' dir='ltr'><strong>fuisse</strong></span> <span class='ocrx_word' id='word_1_468' title='bbox 1596 4801 1663 4855; x_wconf 88' lang='lat' dir='ltr'><strong>ad</strong></span> <span class='ocrx_word' id='word_1_469' title='bbox 1697 4803 2091 4871; x_wconf 85' lang='lat' dir='ltr'><strong>persuasionem</strong></span> <span class='ocrx_word' id='word_1_470' title='bbox 2114 4815 2170 4859; x_wconf 90' lang='lat' dir='ltr'><strong>et</strong></span> 
     </span>
    </p>
   </div>
   <div class='ocr_carea' id='block_1_61' title="bbox 585 4889 2170 4965">
    <p class='ocr_par' dir='ltr' id='par_1_61' title="bbox 585 4889 2170 4965">
     <span class='ocr_line' id='line_1_61' title="bbox 585 4889 2170 4965; baseline 0.002 -20"><span class='ocrx_word' id='word_1_471' title='bbox 585 4891 1032 4946; x_wconf 84' lang='lat' dir='ltr'><strong>consolatiOnem.</strong></span> <span class='ocrx_word' id='word_1_472' title='bbox 1078 4890 1145 4945; x_wconf 79' lang='lat' dir='ltr'><strong>In</strong></span> <span class='ocrx_word' id='word_1_473' title='bbox 1177 4889 1346 4960; x_wconf 80' lang='lat' dir='ltr'><strong>Joppe</strong></span> <span class='ocrx_word' id='word_1_474' title='bbox 1366 4901 1537 4945; x_wconf 86' lang='lat' dir='ltr'><strong>autem</strong></span> <span class='ocrx_word' id='word_1_475' title='bbox 1564 4902 1671 4946; x_wconf 88' lang='lat' dir='ltr'><strong>erat</strong></span> <span class='ocrx_word' id='word_1_476' title='bbox 1696 4894 1925 4964; x_wconf 70' lang='lat' dir='ltr'><strong>quaedam</strong></span> <span class='ocrx_word' id='word_1_477' title='bbox 1953 4896 2170 4965; x_wconf 86' lang='lat' dir='ltr'><strong>discipu-</strong></span> 
     </span>
    </p>
   </div>
   <div class='ocr_carea' id='block_1_62' title="bbox 588 4982 2170 5053">
    <p class='ocr_par' dir='ltr' id='par_1_62' title="bbox 588 4982 2170 5053">
     <span class='ocr_line' id='line_1_62' title="bbox 588 4982 2170 5053; baseline 0.003 -17"><span class='ocrx_word' id='word_1_478' title='bbox 588 4983 643 5036; x_wconf 84' lang='lat' dir='ltr'><strong>la</strong></span> <span class='ocrx_word' id='word_1_479' title='bbox 661 5025 677 5048; x_wconf 95' lang='lat'><strong>,</strong></span> <span class='ocrx_word' id='word_1_480' title='bbox 708 4983 878 5053; x_wconf 84' lang='lat' dir='ltr'><strong>inquit</strong></span> <span class='ocrx_word' id='word_1_481' title='bbox 897 5026 911 5048; x_wconf 92' lang='lat'><strong>,</strong></span> <span class='ocrx_word' id='word_1_482' title='bbox 944 4983 1147 5038; x_wconf 87' lang='lat' dir='ltr'><strong>nomine</strong></span> <span class='ocrx_word' id='word_1_483' title='bbox 1176 4982 1407 5042; x_wconf 68' lang='lat' dir='ltr'><strong>Tdiitlta.</strong></span> <span class='ocrx_word' id='word_1_484' title='bbox 1437 4982 1657 5038; x_wconf 76' lang='lat' dir='ltr'><strong>Factum</strong></span> <span class='ocrx_word' id='word_1_485' title='bbox 1683 4996 1758 5039; x_wconf 90' lang='lat' dir='ltr'><strong>est</strong></span> <span class='ocrx_word' id='word_1_486' title='bbox 1785 4995 1952 5041; x_wconf 88' lang='lat' dir='ltr'><strong>autem</strong></span> <span class='ocrx_word' id='word_1_487' title='bbox 1980 4988 2033 5041; x_wconf 86' lang='lat' dir='ltr'><strong>in</strong></span> <span class='ocrx_word' id='word_1_488' title='bbox 2062 4989 2170 5041; x_wconf 80' lang='lat' dir='ltr'><strong>die-</strong></span> 
     </span>
    </p>
   </div>
   <div class='ocr_carea' id='block_1_63' title="bbox 586 5077 2170 5151">
    <p class='ocr_par' dir='ltr' id='par_1_63' title="bbox 586 5077 2170 5151">
     <span class='ocr_line' id='line_1_63' title="bbox 586 5077 2170 5151; baseline 0.005 -22"><span class='ocrx_word' id='word_1_489' title='bbox 586 5077 680 5131; x_wconf 84' lang='lat' dir='ltr'><strong>bus</strong></span> <span class='ocrx_word' id='word_1_490' title='bbox 722 5077 846 5141; x_wconf 85' lang='lat' dir='ltr'><strong>illis,</strong></span> <span class='ocrx_word' id='word_1_491' title='bbox 878 5087 930 5131; x_wconf 88' lang='lat' dir='ltr'><strong>ut</strong></span> <span class='ocrx_word' id='word_1_492' title='bbox 969 5078 1227 5145; x_wconf 72' lang='lat' dir='ltr'><strong>infirmata</strong></span> <span class='ocrx_word' id='word_1_493' title='bbox 1256 5088 1553 5132; x_wconf 85' lang='lat' dir='ltr'><strong>moreretur.</strong></span> <span class='ocrx_word' id='word_1_494' title='bbox 1594 5078 1757 5134; x_wconf 89' lang='lat' dir='ltr'><strong>Vides</strong></span> <span class='ocrx_word' id='word_1_495' title='bbox 1788 5081 1982 5151; x_wconf 86' lang='lat' dir='ltr'><strong>ubique</strong></span> <span class='ocrx_word' id='word_1_496' title='bbox 2021 5083 2170 5151; x_wconf 84' lang='lat' dir='ltr'><strong>signa</strong></span> 
     </span>
    </p>
   </div>
   <div class='ocr_carea' id='block_1_64' title="bbox 586 5167 2169 5237">
    <p class='ocr_par' dir='ltr' id='par_1_64' title="bbox 586 5167 2169 5237">
     <span class='ocr_line' id='line_1_64' title="bbox 586 5167 2169 5237; baseline 0.001 -12"><span class='ocrx_word' id='word_1_497' title='bbox 586 5168 732 5225; x_wconf 83' lang='lat' dir='ltr'><strong>edita</strong></span> <span class='ocrx_word' id='word_1_498' title='bbox 752 5170 779 5220; x_wconf 66' lang='grc' dir='ltr'><strong>«Υ</strong></span> <span class='ocrx_word' id='word_1_499' title='bbox 822 5167 937 5222; x_wconf 87' lang='lat' dir='ltr'><strong>Non</strong></span> <span class='ocrx_word' id='word_1_500' title='bbox 970 5170 1283 5237; x_wconf 86' lang='lat' dir='ltr'><strong>simpliciter</strong></span> <span class='ocrx_word' id='word_1_501' title='bbox 1322 5178 1532 5223; x_wconf 81' lang='lat' dir='ltr'><strong>mortua</strong></span> <span class='ocrx_word' id='word_1_502' title='bbox 1559 5179 1640 5225; x_wconf 91' lang='lat' dir='ltr'><strong>cst</strong></span> <span class='ocrx_word' id='word_1_503' title='bbox 1672 5171 1898 5225; x_wconf 84' lang='lat' dir='ltr'><strong>&#39;I‘abitha</strong></span> <span class='ocrx_word' id='word_1_504' title='bbox 1924 5214 1937 5235; x_wconf 88' lang='lat'><strong>,</strong></span> <span class='ocrx_word' id='word_1_505' title='bbox 1990 5174 2083 5227; x_wconf 88' lang='lat' dir='ltr'><strong>sed</strong></span> <span class='ocrx_word' id='word_1_506' title='bbox 2120 5174 2169 5227; x_wconf 91' lang='lat' dir='ltr'><strong>in</strong></span> 
     </span>
    </p>
   </div>
   <div class='ocr_carea' id='block_1_65' title="bbox 586 5260 2179 5331">
    <p class='ocr_par' dir='ltr' id='par_1_65' title="bbox 586 5260 2179 5331">
     <span class='ocr_line' id='line_1_65' title="bbox 586 5260 2179 5331; baseline -0.003 -11"><span class='ocrx_word' id='word_1_507' title='bbox 586 5261 951 5319; x_wconf 80' lang='lat' dir='ltr'><strong>inﬁrmitatem</strong></span> <span class='ocrx_word' id='word_1_508' title='bbox 982 5262 1147 5331; x_wconf 87' lang='lat' dir='ltr'><strong>lapsa.</strong></span> <span class='ocrx_word' id='word_1_509' title='bbox 1182 5260 1305 5315; x_wconf 86' lang='lat' dir='ltr'><strong>Ideo</strong></span> <span class='ocrx_word' id='word_1_510' title='bbox 1335 5262 1548 5315; x_wconf 82' lang='lat' dir='ltr'><strong>Petrum</strong></span> <span class='ocrx_word' id='word_1_511' title='bbox 1579 5279 1682 5317; x_wconf 90' lang='lat' dir='ltr'><strong>non</strong></span> <span class='ocrx_word' id='word_1_512' title='bbox 1717 5274 1969 5318; x_wconf 79' lang='lat' dir='ltr'><strong>vocarunt</strong></span> <span class='ocrx_word' id='word_1_513' title='bbox 2000 5265 2179 5319; x_wconf 72' lang='lat' dir='ltr'><strong>donec.</strong></span> 
     </span>
    </p>
   </div>
   <div class='ocr_carea' id='block_1_66' title="bbox 588 5353 2170 5425">
    <p class='ocr_par' dir='ltr' id='par_1_66' title="bbox 588 5353 2170 5425">
     <span class='ocr_line' id='line_1_66' title="bbox 588 5353 2170 5425; baseline 0.001 -16"><span class='ocrx_word' id='word_1_514' title='bbox 588 5357 675 5409; x_wconf 79' lang='lat' dir='ltr'><strong>illa</strong></span> <span class='ocrx_word' id='word_1_515' title='bbox 705 5363 910 5409; x_wconf 73' lang='lat' dir='ltr'><strong>mortua</strong></span> <span class='ocrx_word' id='word_1_516' title='bbox 938 5363 1100 5409; x_wconf 89' lang='lat' dir='ltr'><strong>esset.</strong></span> <span class='ocrx_word' id='word_1_517' title='bbox 1150 5353 1422 5407; x_wconf 78' lang='lat' dir='ltr'><strong>Audientes</strong></span> <span class='ocrx_word' id='word_1_518' title='bbox 1447 5364 1613 5407; x_wconf 78' lang='lat' dir='ltr'><strong>autem</strong></span> <span class='ocrx_word' id='word_1_519' title='bbox 1652 5356 1888 5425; x_wconf 72' lang='lat' dir='ltr'><strong>discipuli</strong></span> <span class='ocrx_word' id='word_1_520' title='bbox 1931 5357 2170 5411; x_wconf 66' lang='lat' dir='ltr'><strong>miseruit.</strong></span> 
     </span>
    </p>
   </div>
   <div class='ocr_carea' id='block_1_67' title="bbox 589 5445 2171 5517">
    <p class='ocr_par' dir='ltr' id='par_1_67' title="bbox 589 5445 2171 5517">
     <span class='ocr_line' id='line_1_67' title="bbox 589 5445 2171 5517; baseline 0.003 -18"><span class='ocrx_word' id='word_1_521' title='bbox 589 5456 843 5517; x_wconf 79' lang='lat' dir='ltr'><strong>rogantes,</strong></span> <span class='ocrx_word' id='word_1_522' title='bbox 863 5462 923 5499; x_wconf 89' lang='lat' dir='ltr'><strong>ne</strong></span> <span class='ocrx_word' id='word_1_523' title='bbox 944 5446 1266 5516; x_wconf 77' lang='lat' dir='ltr'><strong>pigritaretur</strong></span> <span class='ocrx_word' id='word_1_524' title='bbox 1289 5446 1504 5498; x_wconf 85' lang='lat' dir='ltr'><strong>transire</strong></span> <span class='ocrx_word' id='word_1_525' title='bbox 1527 5445 1595 5497; x_wconf 89' lang='lat' dir='ltr'><strong>ad</strong></span> <span class='ocrx_word' id='word_1_526' title='bbox 1619 5462 1721 5499; x_wconf 85' lang='lat' dir='ltr'><strong>eos.</strong></span> <span class='ocrx_word' id='word_1_527' title='bbox 1741 5446 1889 5511; x_wconf 84' lang='lat' dir='ltr'><strong>Vide,</strong></span> <span class='ocrx_word' id='word_1_528' title='bbox 1918 5463 2013 5517; x_wconf 84' lang='lat' dir='ltr'><strong>per</strong></span> <span class='ocrx_word' id='word_1_529' title='bbox 2037 5448 2171 5503; x_wconf 86' lang='lat' dir='ltr'><strong>alios</strong></span> 
     </span>
    </p>
   </div>
   <div class='ocr_carea' id='block_1_68' title="bbox 591 5535 2171 5608">
    <p class='ocr_par' dir='ltr' id='par_1_68' title="bbox 591 5535 2171 5608">
     <span class='ocr_line' id='line_1_68' title="bbox 591 5535 2171 5608; baseline 0.002 -16"><span class='ocrx_word' id='word_1_530' title='bbox 591 5539 809 5592; x_wconf 88' lang='lat' dir='ltr'><strong>tuittunt</strong></span> <span class='ocrx_word' id='word_1_531' title='bbox 834 5547 891 5592; x_wconf 88' lang='lat' dir='ltr'><strong>et</strong></span> <span class='ocrx_word' id='word_1_532' title='bbox 917 5545 1127 5591; x_wconf 86' lang='lat' dir='ltr'><strong>vocant.</strong></span> <span class='ocrx_word' id='word_1_533' title='bbox 1160 5535 1251 5591; x_wconf 91' lang='lat' dir='ltr'><strong>Ille</strong></span> <span class='ocrx_word' id='word_1_534' title='bbox 1277 5550 1405 5591; x_wconf 89' lang='lat' dir='ltr'><strong>vero</strong></span> <span class='ocrx_word' id='word_1_535' title='bbox 1431 5538 1766 5608; x_wconf 81' lang='lat' dir='ltr'><strong>obtemperat</strong></span> <span class='ocrx_word' id='word_1_536' title='bbox 1790 5550 1841 5593; x_wconf 89' lang='lat' dir='ltr'><strong>et</strong></span> <span class='ocrx_word' id='word_1_537' title='bbox 1868 5542 2047 5605; x_wconf 88' lang='lat' dir='ltr'><strong>venit;</strong></span> <span class='ocrx_word' id='word_1_538' title='bbox 2071 5556 2171 5595; x_wconf 89' lang='lat' dir='ltr'><strong>nec</strong></span> 
     </span>
    </p>
   </div>
   <div class='ocr_carea' id='block_1_69' title="bbox 586 5630 2175 5706">
    <p class='ocr_par' dir='ltr' id='par_1_69' title="bbox 586 5630 2175 5706">
     <span class='ocr_line' id='line_1_69' title="bbox 586 5630 2175 5706; baseline 0.003 -20"><span class='ocrx_word' id='word_1_539' title='bbox 586 5631 924 5686; x_wconf 77' lang='lat' dir='ltr'><strong>contumelia:</strong></span> <span class='ocrx_word' id='word_1_540' title='bbox 944 5632 1063 5686; x_wconf 86' lang='lat' dir='ltr'><strong>loco</strong></span> <span class='ocrx_word' id='word_1_541' title='bbox 1086 5632 1244 5687; x_wconf 89' lang='lat' dir='ltr'><strong>habet</strong></span> <span class='ocrx_word' id='word_1_542' title='bbox 1264 5630 1405 5701; x_wconf 91' lang='lat' dir='ltr'><strong>quod</strong></span> <span class='ocrx_word' id='word_1_543' title='bbox 1434 5642 1651 5686; x_wconf 86' lang='lat' dir='ltr'><strong>vocetur</strong></span> <span class='ocrx_word' id='word_1_544' title='bbox 1674 5650 1689 5685; x_wconf 87' lang='lat'><strong>:</strong></span> <span class='ocrx_word' id='word_1_545' title='bbox 1720 5634 1787 5688; x_wconf 91' lang='lat' dir='ltr'><strong>ita</strong></span> <span class='ocrx_word' id='word_1_546' title='bbox 1817 5652 2063 5706; x_wconf 81' lang='lat' dir='ltr'><strong>magnum</strong></span> <span class='ocrx_word' id='word_1_547' title='bbox 2086 5647 2175 5697; x_wconf 85' lang='lat' dir='ltr'><strong>est</strong></span> 
     </span>
    </p>
   </div>
   <div class='ocr_carea' id='block_1_70' title="bbox 588 5725 2175 5803">
    <p class='ocr_par' dir='ltr' id='par_1_70' title="bbox 588 5725 2175 5803">
     <span class='ocr_line' id='line_1_70' title="bbox 588 5725 2175 5803; baseline 0.006 -24"><span class='ocrx_word' id='word_1_548' title='bbox 588 5725 866 5781; x_wconf 84' lang='lat' dir='ltr'><strong>tribulatio</strong></span> <span class='ocrx_word' id='word_1_549' title='bbox 895 5726 1113 5790; x_wconf 90' lang='lat' dir='ltr'><strong>bonum,</strong></span> <span class='ocrx_word' id='word_1_550' title='bbox 1146 5727 1284 5797; x_wconf 89' lang='lat' dir='ltr'><strong>quod</strong></span> <span class='ocrx_word' id='word_1_551' title='bbox 1314 5729 1517 5783; x_wconf 89' lang='lat' dir='ltr'><strong>animas</strong></span> <span class='ocrx_word' id='word_1_552' title='bbox 1547 5740 1761 5785; x_wconf 83' lang='lat' dir='ltr'><strong>nostras</strong></span> <span class='ocrx_word' id='word_1_553' title='bbox 1784 5736 2019 5803; x_wconf 84' lang='lat' dir='ltr'><strong>cepulet.</strong></span> <span class='ocrx_word' id='word_1_554' title='bbox 2045 5735 2175 5789; x_wconf 76' lang='lat' dir='ltr'><strong>Nul-</strong></span> 
     </span>
    </p>
   </div>
   <div class='ocr_carea' id='block_1_71' title="bbox 591 5817 2169 5893">
    <p class='ocr_par' dir='ltr' id='par_1_71' title="bbox 591 5817 2169 5893">
     <span class='ocr_line' id='line_1_71' title="bbox 591 5817 2169 5893; baseline 0.008 -22"><span class='ocrx_word' id='word_1_555' title='bbox 591 5820 672 5872; x_wconf 89' lang='lat' dir='ltr'><strong>lus</strong></span> <span class='ocrx_word' id='word_1_556' title='bbox 702 5817 772 5871; x_wconf 84' lang='lat' dir='ltr'><strong>ibi</strong></span> <span class='ocrx_word' id='word_1_557' title='bbox 804 5817 999 5878; x_wconf 84' lang='lat' dir='ltr'><strong>luctus,</strong></span> <span class='ocrx_word' id='word_1_558' title='bbox 1031 5818 1277 5886; x_wconf 89' lang='lat' dir='ltr'><strong>planctus</strong></span> <span class='ocrx_word' id='word_1_559' title='bbox 1307 5822 1508 5877; x_wconf 90' lang='lat' dir='ltr'><strong>nullus.</strong></span> <span class='ocrx_word' id='word_1_560' title='bbox 1542 5822 1708 5891; x_wconf 86' lang='lat' dir='ltr'><strong>Quam</strong></span> <span class='ocrx_word' id='word_1_561' title='bbox 1733 5842 1846 5881; x_wconf 87' lang='lat' dir='ltr'><strong>cum</strong></span> <span class='ocrx_word' id='word_1_562' title='bbox 1874 5829 2128 5883; x_wconf 71' lang='lat' dir='ltr'><strong>locassent</strong></span> <span class='ocrx_word' id='word_1_563' title='bbox 2153 5868 2169 5893; x_wconf 89' lang='lat'><strong>,</strong></span> 
     </span>
    </p>
   </div>
   <div class='ocr_carea' id='block_1_72' title="bbox 595 5913 2167 5993">
    <p class='ocr_par' dir='ltr' id='par_1_72' title="bbox 595 5913 2167 5993">
     <span class='ocr_line' id='line_1_72' title="bbox 595 5913 2167 5993; baseline 0.008 -29"><span class='ocrx_word' id='word_1_564' title='bbox 595 5924 863 5980; x_wconf 78' lang='lat' dir='ltr'><strong>posuerunt</strong></span> <span class='ocrx_word' id='word_1_565' title='bbox 909 5913 960 5964; x_wconf 84' lang='lat' dir='ltr'><strong>in</strong></span> <span class='ocrx_word' id='word_1_566' title='bbox 1006 5915 1303 5981; x_wconf 66' lang='lat' dir='ltr'><strong>caenaculo;</strong></span> <span class='ocrx_word' id='word_1_567' title='bbox 1350 5917 1398 5971; x_wconf 89' lang='lat' dir='ltr'><strong>id</strong></span> <span class='ocrx_word' id='word_1_568' title='bbox 1444 5926 1554 5981; x_wconf 83' lang='lat' dir='ltr'><strong>est,</strong></span> <span class='ocrx_word' id='word_1_569' title='bbox 1606 5918 1781 5973; x_wconf 83' lang='lat' dir='ltr'><strong>omnia</strong></span> <span class='ocrx_word' id='word_1_570' title='bbox 1829 5919 2003 5975; x_wconf 79' lang='lat' dir='ltr'><strong>fecere</strong></span> <span class='ocrx_word' id='word_1_571' title='bbox 2050 5937 2167 5993; x_wconf 78' lang='lat' dir='ltr'><strong>qua:</strong></span> 
     </span>
    </p>
   </div>
   <div class='ocr_carea' id='block_1_73' title="bbox 2276 1578 3888 1654">
    <p class='ocr_par' dir='ltr' id='par_1_73' title="bbox 2276 1578 3888 1654">
     <span class='ocr_line' id='line_1_73' title="bbox 2276 1578 3888 1654; baseline 0.003 -22"><span class='ocrx_word' id='word_1_572' title='bbox 2276 1578 2455 1651; x_wconf 73' lang='lat' dir='ltr'><strong>statim</strong></span> <span class='ocrx_word' id='word_1_573' title='bbox 2492 1579 2676 1635; x_wconf 86' lang='lat' dir='ltr'><strong>videns</strong></span> <span class='ocrx_word' id='word_1_574' title='bbox 2722 1582 2958 1647; x_wconf 79' lang='lat' dir='ltr'><strong>Petrum,</strong></span> <span class='ocrx_word' id='word_1_575' title='bbox 2990 1582 3149 1649; x_wconf 87' lang='lat' dir='ltr'><strong>sedit,</strong></span> <span class='ocrx_word' id='word_1_576' title='bbox 3182 1582 3507 1654; x_wconf 83' lang='lat' dir='ltr'><strong>demumque</strong></span> <span class='ocrx_word' id='word_1_577' title='bbox 3537 1601 3565 1638; x_wconf 86' lang='lat' dir='ltr'><strong>a</strong></span> <span class='ocrx_word' id='word_1_578' title='bbox 3593 1596 3733 1641; x_wconf 88' lang='lat' dir='ltr'><strong>tactu</strong></span> <span class='ocrx_word' id='word_1_579' title='bbox 3760 1604 3888 1639; x_wconf 83' lang='lat' dir='ltr'><strong>nta-</strong></span> 
     </span>
    </p>
   </div>
   <div class='ocr_carea' id='block_1_74' title="bbox 2277 1671 3883 1750">
    <p class='ocr_par' dir='ltr' id='par_1_74' title="bbox 2277 1671 3883 1750">
     <span class='ocr_line' id='line_1_74' title="bbox 2277 1671 3883 1750; baseline 0.004 -27"><span class='ocrx_word' id='word_1_580' title='bbox 2277 1686 2375 1723; x_wconf 90' lang='lat' dir='ltr'><strong>nus</strong></span> <span class='ocrx_word' id='word_1_581' title='bbox 2411 1671 2671 1727; x_wconf 89' lang='lat' dir='ltr'><strong>ﬁrmatur.</strong></span> <span class='ocrx_word' id='word_1_582' title='bbox 2716 1674 2792 1727; x_wconf 87' lang='lat' dir='ltr'><strong>Tu</strong></span> <span class='ocrx_word' id='word_1_583' title='bbox 2819 1690 2945 1730; x_wconf 83' lang='lat' dir='ltr'><strong>vero</strong></span> <span class='ocrx_word' id='word_1_584' title='bbox 2976 1676 3106 1731; x_wconf 89' lang='lat' dir='ltr'><strong>mihi</strong></span> <span class='ocrx_word' id='word_1_585' title='bbox 3133 1677 3337 1731; x_wconf 87' lang='lat' dir='ltr'><strong>lucrum</strong></span> <span class='ocrx_word' id='word_1_586' title='bbox 3365 1678 3645 1733; x_wconf 87' lang='lat' dir='ltr'><strong>considera</strong></span> <span class='ocrx_word' id='word_1_587' title='bbox 3674 1722 3689 1745; x_wconf 92' lang='lat'><strong>,</strong></span> <span class='ocrx_word' id='word_1_588' title='bbox 3733 1696 3883 1750; x_wconf 69' lang='lat' dir='ltr'><strong>qun-</strong></span> 
     </span>
    </p>
   </div>
   <div class='ocr_carea' id='block_1_75' title="bbox 2277 1764 3884 1831">
    <p class='ocr_par' dir='ltr' id='par_1_75' title="bbox 2277 1764 3884 1831">
     <span class='ocr_line' id='line_1_75' title="bbox 2277 1764 3884 1831; baseline 0.008 -15"><span class='ocrx_word' id='word_1_589' title='bbox 2277 1764 2438 1817; x_wconf 76' lang='lat' dir='ltr'><strong>moilo</strong></span> <span class='ocrx_word' id='word_1_590' title='bbox 2471 1766 2661 1821; x_wconf 89' lang='lat' dir='ltr'><strong>iterum</strong></span> <span class='ocrx_word' id='word_1_591' title='bbox 2694 1767 2896 1823; x_wconf 80' lang='lat' dir='ltr'><strong>fructus</strong></span> <span class='ocrx_word' id='word_1_592' title='bbox 2927 1770 2996 1823; x_wconf 88' lang='lat' dir='ltr'><strong>sit</strong></span> <span class='ocrx_word' id='word_1_593' title='bbox 3036 1787 3141 1824; x_wconf 91' lang='lat' dir='ltr'><strong>non</strong></span> <span class='ocrx_word' id='word_1_594' title='bbox 3173 1771 3236 1825; x_wconf 88' lang='lat' dir='ltr'><strong>ad</strong></span> <span class='ocrx_word' id='word_1_595' title='bbox 3269 1775 3710 1830; x_wconf 83' lang='lat' dir='ltr'><strong>ostentationem.</strong></span> <span class='ocrx_word' id='word_1_596' title='bbox 3748 1776 3884 1831; x_wconf 74' lang='lat' dir='ltr'><strong>Iden</strong></span> 
     </span>
    </p>
   </div>
   <div class='ocr_carea' id='block_1_76' title="bbox 2273 1860 3877 1936">
    <p class='ocr_par' dir='ltr' id='par_1_76' title="bbox 2273 1860 3877 1936">
     <span class='ocr_line' id='line_1_76' title="bbox 2273 1860 3877 1936; baseline 0.012 -28"><span class='ocrx_word' id='word_1_597' title='bbox 2273 1871 2401 1915; x_wconf 80' lang='lat' dir='ltr'><strong>sane</strong></span> <span class='ocrx_word' id='word_1_598' title='bbox 2431 1873 2621 1917; x_wconf 88' lang='lat' dir='ltr'><strong>omnes</strong></span> <span class='ocrx_word' id='word_1_599' title='bbox 2650 1860 2794 1915; x_wconf 75' lang='lat' dir='ltr'><strong>foras</strong></span> <span class='ocrx_word' id='word_1_600' title='bbox 2824 1862 2969 1932; x_wconf 86' lang='lat' dir='ltr'><strong>ejicit</strong></span> <span class='ocrx_word' id='word_1_601' title='bbox 2994 1906 3009 1929; x_wconf 91' lang='lat'><strong>,</strong></span> <span class='ocrx_word' id='word_1_602' title='bbox 3048 1864 3103 1917; x_wconf 84' lang='lat' dir='ltr'><strong>in</strong></span> <span class='ocrx_word' id='word_1_603' title='bbox 3139 1864 3241 1920; x_wconf 89' lang='lat' dir='ltr'><strong>hoc</strong></span> <span class='ocrx_word' id='word_1_604' title='bbox 3268 1864 3579 1936; x_wconf 81' lang='lat' dir='ltr'><strong>Magistrum</strong></span> <span class='ocrx_word' id='word_1_605' title='bbox 3609 1869 3877 1926; x_wconf 88' lang='lat' dir='ltr'><strong>imitatus.</strong></span> 
     </span>
    </p>
   </div>
   <div class='ocr_carea' id='block_1_77' title="bbox 2271 1947 3879 2033">
    <p class='ocr_par' dir='ltr' id='par_1_77' title="bbox 2271 1947 3879 2033">
     <span class='ocr_line' id='line_1_77' title="bbox 2271 1947 3879 2033; baseline 0.008 -28"><span class='ocrx_word' id='word_1_606' title='bbox 2271 1947 2371 2005; x_wconf 84' lang='lat' dir='ltr'><strong>Ubi</strong></span> <span class='ocrx_word' id='word_1_607' title='bbox 2403 1951 2545 2008; x_wconf 88' lang='lat' dir='ltr'><strong>enim</strong></span> <span class='ocrx_word' id='word_1_608' title='bbox 2577 1953 2828 2023; x_wconf 51' lang='lat' dir='ltr'><strong>lacrima:</strong></span> <span class='ocrx_word' id='word_1_609' title='bbox 2855 1966 2982 2009; x_wconf 89' lang='lat' dir='ltr'><strong>sunt</strong></span> <span class='ocrx_word' id='word_1_610' title='bbox 3007 1998 3021 2021; x_wconf 92' lang='lat'><strong>,</strong></span> <span class='ocrx_word' id='word_1_611' title='bbox 3051 1972 3156 2010; x_wconf 90' lang='lat' dir='ltr'><strong>non</strong></span> <span class='ocrx_word' id='word_1_612' title='bbox 3186 1969 3400 2027; x_wconf 87' lang='lat' dir='ltr'><strong>oportet</strong></span> <span class='ocrx_word' id='word_1_613' title='bbox 3432 1970 3633 2015; x_wconf 89' lang='lat' dir='ltr'><strong>tantum</strong></span> <span class='ocrx_word' id='word_1_614' title='bbox 3665 1973 3879 2033; x_wconf 83' lang='lat' dir='ltr'><strong>mystc-</strong></span> 
     </span>
    </p>
   </div>
   <div class='ocr_carea' id='block_1_78' title="bbox 2274 2042 3881 2119">
    <p class='ocr_par' dir='ltr' id='par_1_78' title="bbox 2274 2042 3881 2119">
     <span class='ocr_line' id='line_1_78' title="bbox 2274 2042 3881 2119; baseline 0.011 -23"><span class='ocrx_word' id='word_1_615' title='bbox 2274 2042 2410 2097; x_wconf 90' lang='lat' dir='ltr'><strong>rium</strong></span> <span class='ocrx_word' id='word_1_616' title='bbox 2443 2043 2625 2112; x_wconf 87' lang='lat' dir='ltr'><strong>perﬁci</strong></span> <span class='ocrx_word' id='word_1_617' title='bbox 2654 2063 2667 2098; x_wconf 93' lang='lat'>:</span> <span class='ocrx_word' id='word_1_618' title='bbox 2698 2046 2809 2099; x_wconf 91' lang='lat' dir='ltr'><strong>imo</strong></span> <span class='ocrx_word' id='word_1_619' title='bbox 2839 2046 2931 2100; x_wconf 91' lang='lat' dir='ltr'><strong>ubi</strong></span> <span class='ocrx_word' id='word_1_620' title='bbox 2955 2057 3080 2101; x_wconf 89' lang='lat' dir='ltr'><strong>sunt</strong></span> <span class='ocrx_word' id='word_1_621' title='bbox 3106 2050 3361 2105; x_wconf 88' lang='lat' dir='ltr'><strong>miracula</strong></span> <span class='ocrx_word' id='word_1_622' title='bbox 3382 2092 3402 2119; x_wconf 93' lang='lat'><strong>,</strong></span> <span class='ocrx_word' id='word_1_623' title='bbox 3432 2053 3719 2109; x_wconf 88' lang='lat' dir='ltr'><strong>nondecet</strong></span> <span class='ocrx_word' id='word_1_624' title='bbox 3749 2071 3881 2113; x_wconf 69' lang='lat' dir='ltr'><strong>esse</strong></span> 
     </span>
    </p>
   </div>
   <div class='ocr_carea' id='block_1_79' title="bbox 2274 2133 3874 2216">
    <p class='ocr_par' dir='ltr' id='par_1_79' title="bbox 2274 2133 3874 2216">
     <span class='ocr_line' id='line_1_79' title="bbox 2274 2133 3874 2216; baseline 0.01 -29"><span class='ocrx_word' id='word_1_625' title='bbox 2274 2133 2555 2206; x_wconf 86' lang='lat' dir='ltr'><strong>lacrymas.</strong></span> <span class='ocrx_word' id='word_1_626' title='bbox 2587 2136 2781 2192; x_wconf 81' lang='lat' dir='ltr'><strong>Audite</strong></span> <span class='ocrx_word' id='word_1_627' title='bbox 2808 2179 2821 2203; x_wconf 88' lang='lat'><strong>,</strong></span> <span class='ocrx_word' id='word_1_628' title='bbox 2851 2154 3034 2208; x_wconf 70' lang='lat' dir='ltr'><strong>quaeso</strong></span> <span class='ocrx_word' id='word_1_629' title='bbox 3057 2182 3072 2207; x_wconf 92' lang='lat'><strong>,</strong></span> <span class='ocrx_word' id='word_1_630' title='bbox 3104 2142 3208 2196; x_wconf 86' lang='lat' dir='ltr'><strong>etsi</strong></span> <span class='ocrx_word' id='word_1_631' title='bbox 3254 2159 3360 2198; x_wconf 89' lang='lat' dir='ltr'><strong>non</strong></span> <span class='ocrx_word' id='word_1_632' title='bbox 3393 2146 3517 2215; x_wconf 92' lang='lat' dir='ltr'><strong>quid</strong></span> <span class='ocrx_word' id='word_1_633' title='bbox 3544 2148 3721 2203; x_wconf 89' lang='lat' dir='ltr'><strong>simile</strong></span> <span class='ocrx_word' id='word_1_634' title='bbox 3757 2148 3874 2216; x_wconf 85' lang='lat' dir='ltr'><strong>jam</strong></span> 
     </span>
    </p>
   </div>
   <div class='ocr_carea' id='block_1_80' title="bbox 2274 2227 3873 2311">
    <p class='ocr_par' dir='ltr' id='par_1_80' title="bbox 2274 2227 3873 2311">
     <span class='ocr_line' id='line_1_80' title="bbox 2274 2227 3873 2311; baseline 0.011 -34"><span class='ocrx_word' id='word_1_635' title='bbox 2274 2227 2384 2287; x_wconf 85' lang='lat' dir='ltr'><strong>liat,</strong></span> <span class='ocrx_word' id='word_1_636' title='bbox 2412 2237 2587 2282; x_wconf 89' lang='lat' dir='ltr'><strong>tamen</strong></span> <span class='ocrx_word' id='word_1_637' title='bbox 2613 2245 2751 2283; x_wconf 92' lang='lat' dir='ltr'><strong>nunc</strong></span> <span class='ocrx_word' id='word_1_638' title='bbox 2774 2231 2933 2284; x_wconf 90' lang='lat' dir='ltr'><strong>etiam</strong></span> <span class='ocrx_word' id='word_1_639' title='bbox 2959 2232 3008 2285; x_wconf 94' lang='lat' dir='ltr'><strong>in</strong></span> <span class='ocrx_word' id='word_1_640' title='bbox 3028 2236 3255 2290; x_wconf 86' lang='lat' dir='ltr'><strong>mortuis</strong></span> <span class='ocrx_word' id='word_1_641' title='bbox 3278 2252 3529 2307; x_wconf 90' lang='lat' dir='ltr'><strong>magnum</strong></span> <span class='ocrx_word' id='word_1_642' title='bbox 3555 2242 3873 2311; x_wconf 85' lang='lat' dir='ltr'><strong>mysterium</strong></span> 
     </span>
    </p>
   </div>
   <div class='ocr_carea' id='block_1_81' title="bbox 2270 2316 3877 2385">
    <p class='ocr_par' dir='ltr' id='par_1_81' title="bbox 2270 2316 3877 2385">
     <span class='ocr_line' id='line_1_81' title="bbox 2270 2316 3877 2385; baseline 0.011 -17"><span class='ocrx_word' id='word_1_643' title='bbox 2270 2316 2568 2385; x_wconf 89' lang='lat' dir='ltr'><strong>perﬁcitur.</strong></span> <span class='ocrx_word' id='word_1_644' title='bbox 2620 2319 2712 2374; x_wconf 87' lang='lat' dir='ltr'><strong>Dic</strong></span> <span class='ocrx_word' id='word_1_645' title='bbox 2739 2332 2916 2376; x_wconf 88' lang='lat' dir='ltr'><strong>autem</strong></span> <span class='ocrx_word' id='word_1_646' title='bbox 2944 2323 3072 2377; x_wconf 91' lang='lat' dir='ltr'><strong>mihi</strong></span> <span class='ocrx_word' id='word_1_647' title='bbox 3106 2342 3117 2377; x_wconf 92' lang='lat'><strong>:</strong></span> <span class='ocrx_word' id='word_1_648' title='bbox 3156 2326 3201 2379; x_wconf 89' lang='lat' dir='ltr'><strong>si</strong></span> <span class='ocrx_word' id='word_1_649' title='bbox 3231 2327 3385 2382; x_wconf 89' lang='lat' dir='ltr'><strong>nobis</strong></span> <span class='ocrx_word' id='word_1_650' title='bbox 3415 2328 3731 2385; x_wconf 86' lang='lat' dir='ltr'><strong>sedentibus</strong></span> <span class='ocrx_word' id='word_1_651' title='bbox 3762 2332 3877 2385; x_wconf 85' lang='lat' dir='ltr'><strong>Iru-</strong></span> 
     </span>
    </p>
   </div>
   <div class='ocr_carea' id='block_1_82' title="bbox 2276 2411 3879 2485">
    <p class='ocr_par' dir='ltr' id='par_1_82' title="bbox 2276 2411 3879 2485">
     <span class='ocr_line' id='line_1_82' title="bbox 2276 2411 3879 2485; baseline 0.014 -27"><span class='ocrx_word' id='word_1_652' title='bbox 2276 2415 2491 2474; x_wconf 90' lang='lat' dir='ltr'><strong>perator</strong></span> <span class='ocrx_word' id='word_1_653' title='bbox 2514 2411 2822 2479; x_wconf 90' lang='lat' dir='ltr'><strong>quempiam</strong></span> <span class='ocrx_word' id='word_1_654' title='bbox 2855 2413 2904 2466; x_wconf 93' lang='lat' dir='ltr'><strong>in</strong></span> <span class='ocrx_word' id='word_1_655' title='bbox 2934 2416 3133 2483; x_wconf 82' lang='lat' dir='ltr'><strong>regiam</strong></span> <span class='ocrx_word' id='word_1_656' title='bbox 3167 2427 3384 2473; x_wconf 85' lang='lat' dir='ltr'><strong>vocaret</strong></span> <span class='ocrx_word' id='word_1_657' title='bbox 3408 2461 3423 2485; x_wconf 96' lang='lat'><strong>,</strong></span> <span class='ocrx_word' id='word_1_658' title='bbox 3452 2434 3519 2474; x_wconf 87' lang='lat' dir='ltr'><strong>an</strong></span> <span class='ocrx_word' id='word_1_659' title='bbox 3546 2419 3784 2475; x_wconf 88' lang='lat' dir='ltr'><strong>ﬁendum</strong></span> <span class='ocrx_word' id='word_1_660' title='bbox 3816 2434 3879 2480; x_wconf 80' lang='lat' dir='ltr'><strong>et</strong></span> 
     </span>
    </p>
   </div>
   <div class='ocr_carea' id='block_1_83' title="bbox 2271 2498 3875 2577">
    <p class='ocr_par' dir='ltr' id='par_1_83' title="bbox 2271 2498 3875 2577">
     <span class='ocr_line' id='line_1_83' title="bbox 2271 2498 3875 2577; baseline 0.009 -25"><span class='ocrx_word' id='word_1_661' title='bbox 2271 2498 2557 2569; x_wconf 88' lang='lat' dir='ltr'><strong>lugendum</strong></span> <span class='ocrx_word' id='word_1_662' title='bbox 2579 2504 2768 2556; x_wconf 78' lang='lat' dir='ltr'><strong>esset?</strong></span> <span class='ocrx_word' id='word_1_663' title='bbox 2792 2506 2981 2575; x_wconf 82' lang='lat' dir='ltr'><strong>Angeli</strong></span> <span class='ocrx_word' id='word_1_664' title='bbox 3010 2506 3208 2562; x_wconf 81' lang='lat' dir='ltr'><strong>adsunt</strong></span> <span class='ocrx_word' id='word_1_665' title='bbox 3237 2508 3304 2564; x_wconf 93' lang='lat' dir='ltr'><strong>de</strong></span> <span class='ocrx_word' id='word_1_666' title='bbox 3334 2510 3467 2564; x_wconf 75' lang='lat' dir='ltr'><strong>crrlo</strong></span> <span class='ocrx_word' id='word_1_667' title='bbox 3494 2512 3645 2567; x_wconf 90' lang='lat' dir='ltr'><strong>missi</strong></span> <span class='ocrx_word' id='word_1_668' title='bbox 3670 2555 3683 2577; x_wconf 94' lang='lat'><strong>,</strong></span> <span class='ocrx_word' id='word_1_669' title='bbox 3714 2512 3875 2569; x_wconf 84' lang='lat' dir='ltr'><strong>indc-</strong></span> 
     </span>
    </p>
   </div>
   <div class='ocr_carea' id='block_1_84' title="bbox 2269 2596 3876 2672">
    <p class='ocr_par' dir='ltr' id='par_1_84' title="bbox 2269 2596 3876 2672">
     <span class='ocr_line' id='line_1_84' title="bbox 2269 2596 3876 2672; baseline 0.011 -27"><span class='ocrx_word' id='word_1_670' title='bbox 2269 2608 2373 2662; x_wconf 90' lang='lat' dir='ltr'><strong>que</strong></span> <span class='ocrx_word' id='word_1_671' title='bbox 2419 2596 2698 2651; x_wconf 88' lang='lat' dir='ltr'><strong>venientes</strong></span> <span class='ocrx_word' id='word_1_672' title='bbox 2725 2636 2739 2660; x_wconf 93' lang='lat'><strong>,</strong></span> <span class='ocrx_word' id='word_1_673' title='bbox 2787 2597 2856 2651; x_wconf 91' lang='lat' dir='ltr'><strong>ab</strong></span> <span class='ocrx_word' id='word_1_674' title='bbox 2902 2599 3018 2668; x_wconf 84' lang='lat' dir='ltr'><strong>ipso</strong></span> <span class='ocrx_word' id='word_1_675' title='bbox 3062 2601 3207 2672; x_wconf 80' lang='lat' dir='ltr'><strong>Rege</strong></span> <span class='ocrx_word' id='word_1_676' title='bbox 3232 2603 3414 2665; x_wconf 89' lang='lat' dir='ltr'><strong>missi.</strong></span> <span class='ocrx_word' id='word_1_677' title='bbox 3445 2613 3505 2659; x_wconf 88' lang='lat' dir='ltr'><strong>ut</strong></span> <span class='ocrx_word' id='word_1_678' title='bbox 3546 2620 3876 2663; x_wconf 86' lang='lat' dir='ltr'><strong>conservum</strong></span> 
     </span>
    </p>
   </div>
   <div class='ocr_carea' id='block_1_85' title="bbox 2271 2694 3873 2772">
    <p class='ocr_par' dir='ltr' id='par_1_85' title="bbox 2271 2694 3873 2772">
     <span class='ocr_line' id='line_1_85' title="bbox 2271 2694 3873 2772; baseline 0.011 -32"><span class='ocrx_word' id='word_1_679' title='bbox 2271 2700 2424 2742; x_wconf 90' lang='lat' dir='ltr'><strong>suum</strong></span> <span class='ocrx_word' id='word_1_680' title='bbox 2453 2699 2667 2753; x_wconf 91' lang='lat' dir='ltr'><strong>vocent,</strong></span> <span class='ocrx_word' id='word_1_681' title='bbox 2692 2701 2744 2745; x_wconf 92' lang='lat' dir='ltr'><strong>et</strong></span> <span class='ocrx_word' id='word_1_682' title='bbox 2771 2700 2824 2745; x_wconf 92' lang='lat' dir='ltr'><strong>tu</strong></span> <span class='ocrx_word' id='word_1_683' title='bbox 2854 2694 3065 2763; x_wconf 81' lang='lat' dir='ltr'><strong>ploras?</strong></span> <span class='ocrx_word' id='word_1_684' title='bbox 3086 2696 3268 2752; x_wconf 87' lang='lat' dir='ltr'><strong>Nescis</strong></span> <span class='ocrx_word' id='word_1_685' title='bbox 3284 2699 3440 2767; x_wconf 84' lang='lat' dir='ltr'><strong>quale</strong></span> <span class='ocrx_word' id='word_1_686' title='bbox 3459 2700 3527 2753; x_wconf 87' lang='lat' dir='ltr'><strong>sit</strong></span> <span class='ocrx_word' id='word_1_687' title='bbox 3555 2702 3873 2772; x_wconf 89' lang='lat' dir='ltr'><strong>mysterium</strong></span> 
     </span>
    </p>
   </div>
   <div class='ocr_carea' id='block_1_86' title="bbox 2273 2777 3878 2858">
    <p class='ocr_par' dir='ltr' id='par_1_86' title="bbox 2273 2777 3878 2858">
     <span class='ocr_line' id='line_1_86' title="bbox 2273 2777 3878 2858; baseline 0.012 -26"><span class='ocrx_word' id='word_1_688' title='bbox 2273 2777 2399 2833; x_wconf 88' lang='lat' dir='ltr'><strong>illud</strong></span> <span class='ocrx_word' id='word_1_689' title='bbox 2423 2822 2437 2843; x_wconf 90' lang='lat'><strong>,</strong></span> <span class='ocrx_word' id='word_1_690' title='bbox 2470 2796 2628 2851; x_wconf 86' lang='lat' dir='ltr'><strong>quam</strong></span> <span class='ocrx_word' id='word_1_691' title='bbox 2662 2783 2988 2839; x_wconf 89' lang='lat' dir='ltr'><strong>horrendum</strong></span> <span class='ocrx_word' id='word_1_692' title='bbox 3016 2828 3029 2849; x_wconf 88' lang='lat'><strong>,</strong></span> <span class='ocrx_word' id='word_1_693' title='bbox 3063 2803 3219 2856; x_wconf 88' lang='lat' dir='ltr'><strong>quam</strong></span> <span class='ocrx_word' id='word_1_694' title='bbox 3252 2792 3587 2845; x_wconf 77' lang='lat' dir='ltr'><strong>tremendum</strong></span> <span class='ocrx_word' id='word_1_695' title='bbox 3612 2833 3627 2858; x_wconf 89' lang='lat'><strong>,</strong></span> <span class='ocrx_word' id='word_1_696' title='bbox 3654 2809 3717 2848; x_wconf 89' lang='lat' dir='ltr'><strong>ac</strong></span> <span class='ocrx_word' id='word_1_697' title='bbox 3739 2808 3878 2851; x_wconf 84' lang='lat' dir='ltr'><strong>vere</strong></span> 
     </span>
    </p>
   </div>
   <div class='ocr_carea' id='block_1_87' title="bbox 2270 2869 3151 2946">
    <p class='ocr_par' dir='ltr' id='par_1_87' title="bbox 2270 2869 3151 2946">
     <span class='ocr_line' id='line_1_87' title="bbox 2270 2869 3151 2946; baseline 0.006 -19"><span class='ocrx_word' id='word_1_698' title='bbox 2270 2869 2488 2943; x_wconf 85' lang='lat' dir='ltr'><strong>hymnis</strong></span> <span class='ocrx_word' id='word_1_699' title='bbox 2507 2876 2807 2946; x_wconf 84' lang='lat' dir='ltr'><strong>gaudioque</strong></span> <span class='ocrx_word' id='word_1_700' title='bbox 2837 2877 3053 2945; x_wconf 66' lang='lat' dir='ltr'><strong>dignum</strong></span> <span class='ocrx_word' id='word_1_701' title='bbox 3090 2880 3104 2909; x_wconf 84' lang='grc'>¹</span> <span class='ocrx_word' id='word_1_702' title='bbox 3129 2881 3151 2932; x_wconf 90' lang='lat'><strong>?</strong></span> 
     </span>
    </p>
   </div>
   <div class='ocr_carea' id='block_1_88' title="bbox 2288 2962 3872 3047">
    <p class='ocr_par' dir='ltr' id='par_1_88' title="bbox 2288 2962 3872 3047">
     <span class='ocr_line' id='line_1_88' title="bbox 2288 2962 3872 3047; baseline 0.013 -31"><span class='ocrx_word' id='word_1_703' title='bbox 2288 2962 2291 2965; x_wconf 69' lang='grc'><em>’</em></span> <span class='ocrx_word' id='word_1_704' title='bbox 2341 2965 2393 3024; x_wconf 80' lang='grc'><strong>4.</strong></span> <span class='ocrx_word' id='word_1_705' title='bbox 2421 2965 2511 3020; x_wconf 81' lang='lat' dir='ltr'><strong>Vis</strong></span> <span class='ocrx_word' id='word_1_706' title='bbox 2533 2968 2740 3023; x_wconf 85' lang='lat' dir='ltr'><strong>discere</strong></span> <span class='ocrx_word' id='word_1_707' title='bbox 2760 2969 2861 3023; x_wconf 90' lang='lat' dir='ltr'><strong>hoc</strong></span> <span class='ocrx_word' id='word_1_708' title='bbox 2880 2986 2982 3023; x_wconf 89' lang='lat' dir='ltr'><strong>non</strong></span> <span class='ocrx_word' id='word_1_709' title='bbox 3001 2987 3122 3027; x_wconf 90' lang='lat' dir='ltr'><strong>esse</strong></span> <span class='ocrx_word' id='word_1_710' title='bbox 3144 2982 3349 3044; x_wconf 78' lang='lat' dir='ltr'><strong>tempus</strong></span> <span class='ocrx_word' id='word_1_711' title='bbox 3364 2976 3753 3047; x_wconf 65' lang='lat' dir='ltr'><strong>Iaerymarum?</strong></span> <span class='ocrx_word' id='word_1_712' title='bbox 3774 2981 3872 3037; x_wconf 81' lang='lat' dir='ltr'><strong>Dei</strong></span> 
     </span>
    </p>
   </div>
   <div class='ocr_carea' id='block_1_89' title="bbox 2270 3059 3875 3153">
    <p class='ocr_par' dir='ltr' id='par_1_89' title="bbox 2270 3059 3875 3153">
     <span class='ocr_line' id='line_1_89' title="bbox 2270 3059 3875 3153; baseline 0.012 -44"><span class='ocrx_word' id='word_1_713' title='bbox 2270 3059 2546 3127; x_wconf 70' lang='lat' dir='ltr'><strong>sapientiae</strong></span> <span class='ocrx_word' id='word_1_714' title='bbox 2571 3062 2860 3116; x_wconf 78' lang='lat' dir='ltr'><strong>maximum</strong></span> <span class='ocrx_word' id='word_1_715' title='bbox 2881 3061 2982 3118; x_wconf 86' lang='lat' dir='ltr'><strong>hoc</strong></span> <span class='ocrx_word' id='word_1_716' title='bbox 3002 3073 3087 3119; x_wconf 88' lang='lat' dir='ltr'><strong>est</strong></span> <span class='ocrx_word' id='word_1_717' title='bbox 3104 3069 3439 3137; x_wconf 86' lang='lat' dir='ltr'><strong>mysterium.</strong></span> <span class='ocrx_word' id='word_1_718' title='bbox 3463 3070 3653 3125; x_wconf 84' lang='lat' dir='ltr'><strong>Anima</strong></span> <span class='ocrx_word' id='word_1_719' title='bbox 3669 3074 3875 3153; x_wconf 73' lang='lat' dir='ltr'><strong>quippe</strong></span> 
     </span>
    </p>
   </div>
   <div class='ocr_carea' id='block_1_90' title="bbox 2272 3151 3874 3232">
    <p class='ocr_par' dir='ltr' id='par_1_90' title="bbox 2272 3151 3874 3232">
     <span class='ocr_line' id='line_1_90' title="bbox 2272 3151 3874 3232; baseline 0.011 -28"><span class='ocrx_word' id='word_1_720' title='bbox 2272 3165 2368 3205; x_wconf 92' lang='lat' dir='ltr'><strong>ceu</strong></span> <span class='ocrx_word' id='word_1_721' title='bbox 2391 3151 2609 3207; x_wconf 90' lang='lat' dir='ltr'><strong>domum</strong></span> <span class='ocrx_word' id='word_1_722' title='bbox 2632 3155 2935 3225; x_wconf 81' lang='lat' dir='ltr'><strong>quampiam</strong></span> <span class='ocrx_word' id='word_1_723' title='bbox 2963 3156 3220 3213; x_wconf 89' lang='lat' dir='ltr'><strong>deserens</strong></span> <span class='ocrx_word' id='word_1_724' title='bbox 3245 3201 3259 3224; x_wconf 90' lang='lat'><strong>,</strong></span> <span class='ocrx_word' id='word_1_725' title='bbox 3288 3161 3461 3232; x_wconf 83' lang='lat' dir='ltr'><strong>pergit</strong></span> <span class='ocrx_word' id='word_1_726' title='bbox 3484 3163 3549 3219; x_wconf 89' lang='lat' dir='ltr'><strong>ad</strong></span> <span class='ocrx_word' id='word_1_727' title='bbox 3580 3151 3874 3221; x_wconf 86' lang='lat' dir='ltr'><strong>Dominum</strong></span> 
     </span>
    </p>
   </div>
   <div class='ocr_carea' id='block_1_91' title="bbox 2272 3248 3879 3326">
    <p class='ocr_par' dir='ltr' id='par_1_91' title="bbox 2272 3248 3879 3326">
     <span class='ocr_line' id='line_1_91' title="bbox 2272 3248 3879 3326; baseline 0.007 -25"><span class='ocrx_word' id='word_1_728' title='bbox 2272 3258 2425 3301; x_wconf 82' lang='lat' dir='ltr'><strong>suum</strong></span> <span class='ocrx_word' id='word_1_729' title='bbox 2453 3262 2465 3307; x_wconf 89' lang='lat'><strong>;</strong></span> <span class='ocrx_word' id='word_1_730' title='bbox 2497 3254 2552 3300; x_wconf 90' lang='lat' dir='ltr'><strong>tu</strong></span> <span class='ocrx_word' id='word_1_731' title='bbox 2578 3263 2708 3301; x_wconf 88' lang='lat' dir='ltr'><strong>vero</strong></span> <span class='ocrx_word' id='word_1_732' title='bbox 2735 3248 2885 3319; x_wconf 87' lang='lat' dir='ltr'><strong>luges</strong></span> <span class='ocrx_word' id='word_1_733' title='bbox 2907 3250 2929 3304; x_wconf 83' lang='lat'><strong>?</strong></span> <span class='ocrx_word' id='word_1_734' title='bbox 2948 3250 3060 3306; x_wconf 84' lang='lat' dir='ltr'><strong>Hoc</strong></span> <span class='ocrx_word' id='word_1_735' title='bbox 3085 3267 3212 3323; x_wconf 89' lang='lat' dir='ltr'><strong>ergo</strong></span> <span class='ocrx_word' id='word_1_736' title='bbox 3237 3268 3357 3309; x_wconf 91' lang='lat' dir='ltr'><strong>cum</strong></span> <span class='ocrx_word' id='word_1_737' title='bbox 3376 3272 3507 3326; x_wconf 89' lang='lat' dir='ltr'><strong>puer</strong></span> <span class='ocrx_word' id='word_1_738' title='bbox 3530 3260 3764 3313; x_wconf 81' lang='lat' dir='ltr'><strong>nascitur</strong></span> <span class='ocrx_word' id='word_1_739' title='bbox 3796 3260 3879 3314; x_wconf 81' lang='lat' dir='ltr'><strong>fa-</strong></span> 
     </span>
    </p>
   </div>
   <div class='ocr_carea' id='block_1_92' title="bbox 2271 3342 3878 3422">
    <p class='ocr_par' dir='ltr' id='par_1_92' title="bbox 2271 3342 3878 3422">
     <span class='ocr_line' id='line_1_92' title="bbox 2271 3342 3878 3422; baseline 0.011 -31"><span class='ocrx_word' id='word_1_740' title='bbox 2271 3352 2397 3393; x_wconf 86' lang='lat' dir='ltr'><strong>cere</strong></span> <span class='ocrx_word' id='word_1_741' title='bbox 2422 3349 2699 3407; x_wconf 86' lang='lat' dir='ltr'><strong>oporteret</strong></span> <span class='ocrx_word' id='word_1_742' title='bbox 2726 3358 2739 3393; x_wconf 90' lang='lat'><strong>:</strong></span> <span class='ocrx_word' id='word_1_743' title='bbox 2772 3358 2892 3396; x_wconf 88' lang='lat' dir='ltr'><strong>nam</strong></span> <span class='ocrx_word' id='word_1_744' title='bbox 2924 3342 3009 3397; x_wconf 92' lang='lat' dir='ltr'><strong>hic</strong></span> <span class='ocrx_word' id='word_1_745' title='bbox 3036 3356 3217 3413; x_wconf 83' lang='lat' dir='ltr'><strong>partus</strong></span> <span class='ocrx_word' id='word_1_746' title='bbox 3241 3347 3333 3402; x_wconf 88' lang='lat' dir='ltr'><strong>illo</strong></span> <span class='ocrx_word' id='word_1_747' title='bbox 3361 3349 3549 3404; x_wconf 86' lang='lat' dir='ltr'><strong>melior</strong></span> <span class='ocrx_word' id='word_1_748' title='bbox 3565 3361 3665 3405; x_wconf 87' lang='lat' dir='ltr'><strong>est.</strong></span> <span class='ocrx_word' id='word_1_749' title='bbox 3690 3350 3878 3422; x_wconf 84' lang='lat' dir='ltr'><strong>Pergit</strong></span> 
     </span>
    </p>
   </div>
   <div class='ocr_carea' id='block_1_93' title="bbox 2270 3431 3873 3510">
    <p class='ocr_par' dir='ltr' id='par_1_93' title="bbox 2270 3431 3873 3510">
     <span class='ocr_line' id='line_1_93' title="bbox 2270 3431 3873 3510; baseline 0.008 -25"><span class='ocrx_word' id='word_1_750' title='bbox 2270 3432 2413 3485; x_wconf 88' lang='lat' dir='ltr'><strong>enim</strong></span> <span class='ocrx_word' id='word_1_751' title='bbox 2432 3431 2498 3485; x_wconf 91' lang='lat' dir='ltr'><strong>ad</strong></span> <span class='ocrx_word' id='word_1_752' title='bbox 2516 3432 2672 3486; x_wconf 89' lang='lat' dir='ltr'><strong>aliam</strong></span> <span class='ocrx_word' id='word_1_753' title='bbox 2690 3433 3351 3508; x_wconf 84' lang='lat' dir='ltr'><strong>lucem,solviturquasiex</strong></span> <span class='ocrx_word' id='word_1_754' title='bbox 3373 3442 3595 3496; x_wconf 86' lang='lat' dir='ltr'><strong>vinculis</strong></span> <span class='ocrx_word' id='word_1_755' title='bbox 3609 3446 3873 3510; x_wconf 61' lang='grc' dir='ltr'><strong>ωηερε-ξς,</strong></span> 
     </span>
    </p>
   </div>
   <div class='ocr_carea' id='block_1_94' title="bbox 2274 3525 3877 3606">
    <p class='ocr_par' dir='ltr' id='par_1_94' title="bbox 2274 3525 3877 3606">
     <span class='ocr_line' id='line_1_94' title="bbox 2274 3525 3877 3606; baseline 0.011 -31"><span class='ocrx_word' id='word_1_756' title='bbox 2274 3525 2422 3591; x_wconf 88' lang='lat' dir='ltr'><strong>quasi</strong></span> <span class='ocrx_word' id='word_1_757' title='bbox 2438 3540 2501 3579; x_wconf 84' lang='lat' dir='ltr'><strong>ex</strong></span> <span class='ocrx_word' id='word_1_758' title='bbox 2522 3540 2691 3596; x_wconf 87' lang='lat' dir='ltr'><strong>agone</strong></span> <span class='ocrx_word' id='word_1_759' title='bbox 2705 3527 2932 3597; x_wconf 88' lang='lat' dir='ltr'><strong>quodam</strong></span> <span class='ocrx_word' id='word_1_760' title='bbox 2950 3530 3240 3601; x_wconf 88' lang='lat' dir='ltr'><strong>egreditur.</strong></span> <span class='ocrx_word' id='word_1_761' title='bbox 3260 3532 3455 3599; x_wconf 84' lang='lat' dir='ltr'><strong>Etiam,</strong></span> <span class='ocrx_word' id='word_1_762' title='bbox 3472 3535 3699 3606; x_wconf 73' lang='lat' dir='ltr'><strong>inquies,</strong></span> <span class='ocrx_word' id='word_1_763' title='bbox 3723 3538 3775 3591; x_wconf 90' lang='lat' dir='ltr'><strong>id</strong></span> <span class='ocrx_word' id='word_1_764' title='bbox 3805 3539 3877 3596; x_wconf 83' lang='lat' dir='ltr'><strong>de</strong></span> 
     </span>
    </p>
   </div>
   <div class='ocr_carea' id='block_1_95' title="bbox 2272 3614 3872 3689">
    <p class='ocr_par' dir='ltr' id='par_1_95' title="bbox 2272 3614 3872 3689">
     <span class='ocr_line' id='line_1_95' title="bbox 2272 3614 3872 3689; baseline 0.009 -23"><span class='ocrx_word' id='word_1_765' title='bbox 2272 3614 2454 3682; x_wconf 87' lang='lat' dir='ltr'><strong>probis</strong></span> <span class='ocrx_word' id='word_1_766' title='bbox 2470 3627 2618 3671; x_wconf 89' lang='lat' dir='ltr'><strong>recte</strong></span> <span class='ocrx_word' id='word_1_767' title='bbox 2644 3616 2795 3672; x_wconf 90' lang='lat' dir='ltr'><strong>dicis.</strong></span> <span class='ocrx_word' id='word_1_768' title='bbox 2815 3618 3023 3689; x_wconf 86' lang='lat' dir='ltr'><strong>thuid</strong></span> <span class='ocrx_word' id='word_1_769' title='bbox 3043 3622 3145 3676; x_wconf 84' lang='lat' dir='ltr'><strong>hoc</strong></span> <span class='ocrx_word' id='word_1_770' title='bbox 3172 3621 3239 3677; x_wconf 88' lang='lat' dir='ltr'><strong>ad</strong></span> <span class='ocrx_word' id='word_1_771' title='bbox 3266 3632 3337 3687; x_wconf 89' lang='lat' dir='ltr'><strong>te,</strong></span> <span class='ocrx_word' id='word_1_772' title='bbox 3362 3637 3396 3678; x_wconf 95' lang='lat' dir='ltr'><strong>o</strong></span> <span class='ocrx_word' id='word_1_773' title='bbox 3427 3624 3627 3680; x_wconf 78' lang='lat' dir='ltr'><strong>homo?</strong></span> <span class='ocrx_word' id='word_1_774' title='bbox 3651 3637 3705 3681; x_wconf 91' lang='lat' dir='ltr'><strong>tu</strong></span> <span class='ocrx_word' id='word_1_775' title='bbox 3722 3630 3872 3682; x_wconf 82' lang='lat' dir='ltr'><strong>enim</strong></span> 
     </span>
    </p>
   </div>
   <div class='ocr_carea' id='block_1_96' title="bbox 2270 3708 3875 3788">
    <p class='ocr_par' dir='ltr' id='par_1_96' title="bbox 2270 3708 3875 3788">
     <span class='ocr_line' id='line_1_96' title="bbox 2270 3708 3875 3788; baseline 0.011 -29"><span class='ocrx_word' id='word_1_776' title='bbox 2270 3720 2393 3773; x_wconf 82' lang='lat' dir='ltr'><strong>erga</strong></span> <span class='ocrx_word' id='word_1_777' title='bbox 2408 3708 2603 3776; x_wconf 88' lang='lat' dir='ltr'><strong>probos</strong></span> <span class='ocrx_word' id='word_1_778' title='bbox 2620 3723 2724 3763; x_wconf 92' lang='lat' dir='ltr'><strong>non</strong></span> <span class='ocrx_word' id='word_1_779' title='bbox 2744 3709 2845 3765; x_wconf 89' lang='lat' dir='ltr'><strong>hoc</strong></span> <span class='ocrx_word' id='word_1_780' title='bbox 2862 3711 3099 3781; x_wconf 90' lang='lat' dir='ltr'><strong>agis.Dic</strong></span> <span class='ocrx_word' id='word_1_781' title='bbox 3116 3729 3245 3769; x_wconf 91' lang='lat' dir='ltr'><strong>vero</strong></span> <span class='ocrx_word' id='word_1_782' title='bbox 3262 3716 3414 3782; x_wconf 90' lang='lat' dir='ltr'><strong>mihi,</strong></span> <span class='ocrx_word' id='word_1_783' title='bbox 3431 3717 3557 3787; x_wconf 90' lang='lat' dir='ltr'><strong>quid</strong></span> <span class='ocrx_word' id='word_1_784' title='bbox 3577 3719 3627 3772; x_wconf 92' lang='lat' dir='ltr'><strong>in</strong></span> <span class='ocrx_word' id='word_1_785' title='bbox 3647 3722 3875 3788; x_wconf 81' lang='lat' dir='ltr'><strong>parvqu</strong></span> 
     </span>
    </p>
   </div>
   <div class='ocr_carea' id='block_1_97' title="bbox 2271 3795 3878 3879">
    <p class='ocr_par' dir='ltr' id='par_1_97' title="bbox 2271 3795 3878 3879">
     <span class='ocr_line' id='line_1_97' title="bbox 2271 3795 3878 3879; baseline 0.012 -30"><span class='ocrx_word' id='word_1_786' title='bbox 2271 3795 2474 3853; x_wconf 85' lang='lat' dir='ltr'><strong>infante</strong></span> <span class='ocrx_word' id='word_1_787' title='bbox 2506 3802 3008 3868; x_wconf 88' lang='lat' dir='ltr'><strong>reprehendendum</strong></span> <span class='ocrx_word' id='word_1_788' title='bbox 3038 3804 3246 3860; x_wconf 72' lang='lat' dir='ltr'><strong>habes?</strong></span> <span class='ocrx_word' id='word_1_789' title='bbox 3276 3822 3372 3863; x_wconf 87' lang='lat' dir='ltr'><strong>cur</strong></span> <span class='ocrx_word' id='word_1_790' title='bbox 3402 3808 3549 3879; x_wconf 87' lang='lat' dir='ltr'><strong>luges</strong></span> <span class='ocrx_word' id='word_1_791' title='bbox 3577 3810 3748 3865; x_wconf 79' lang='lat' dir='ltr'><strong>illum?</strong></span> <span class='ocrx_word' id='word_1_792' title='bbox 3770 3828 3878 3869; x_wconf 87' lang='lat' dir='ltr'><strong>cur</strong></span> 
     </span>
    </p>
   </div>
   <div class='ocr_carea' id='block_1_98' title="bbox 2271 3890 3877 3968">
    <p class='ocr_par' dir='ltr' id='par_1_98' title="bbox 2271 3890 3877 3968">
     <span class='ocr_line' id='line_1_98' title="bbox 2271 3890 3877 3968; baseline 0.011 -27"><span class='ocrx_word' id='word_1_793' title='bbox 2271 3903 2462 3945; x_wconf 82' lang='lat' dir='ltr'><strong>recens</strong></span> <span class='ocrx_word' id='word_1_794' title='bbox 2496 3890 2851 3947; x_wconf 90' lang='lat' dir='ltr'><strong>illuminatum</strong></span> <span class='ocrx_word' id='word_1_795' title='bbox 2876 3895 2898 3947; x_wconf 88' lang='lat'><strong>?</strong></span> <span class='ocrx_word' id='word_1_796' title='bbox 2926 3910 3049 3949; x_wconf 87' lang='lat' dir='ltr'><strong>nam</strong></span> <span class='ocrx_word' id='word_1_797' title='bbox 3080 3906 3134 3951; x_wconf 89' lang='lat' dir='ltr'><strong>et</strong></span> <span class='ocrx_word' id='word_1_798' title='bbox 3162 3897 3253 3952; x_wconf 90' lang='lat' dir='ltr'><strong>ille</strong></span> <span class='ocrx_word' id='word_1_799' title='bbox 3276 3898 3519 3968; x_wconf 86' lang='lat' dir='ltr'><strong>ejusdem</strong></span> <span class='ocrx_word' id='word_1_800' title='bbox 3544 3902 3877 3959; x_wconf 89' lang='lat' dir='ltr'><strong>conditionis</strong></span> 
     </span>
    </p>
   </div>
   <div class='ocr_carea' id='block_1_99' title="bbox 2272 3981 3872 4065">
    <p class='ocr_par' dir='ltr' id='par_1_99' title="bbox 2272 3981 3872 4065">
     <span class='ocr_line' id='line_1_99' title="bbox 2272 3981 3872 4065; baseline 0.011 -32"><span class='ocrx_word' id='word_1_801' title='bbox 2272 3990 2375 4033; x_wconf 84' lang='lat' dir='ltr'><strong>est.</strong></span> <span class='ocrx_word' id='word_1_802' title='bbox 2399 3981 2508 4037; x_wconf 73' lang='lat' dir='ltr'><strong>(Zur</strong></span> <span class='ocrx_word' id='word_1_803' title='bbox 2535 3998 2665 4053; x_wconf 84' lang='lat' dir='ltr'><strong>ergo</strong></span> <span class='ocrx_word' id='word_1_804' title='bbox 2696 3983 2845 4054; x_wconf 90' lang='lat' dir='ltr'><strong>luges</strong></span> <span class='ocrx_word' id='word_1_805' title='bbox 2874 3986 3024 4040; x_wconf 89' lang='lat' dir='ltr'><strong>illum</strong></span> <span class='ocrx_word' id='word_1_806' title='bbox 3047 3987 3073 4041; x_wconf 71' lang='grc' dir='ltr'><strong>Υ</strong></span> <span class='ocrx_word' id='word_1_807' title='bbox 3105 3990 3282 4043; x_wconf 89' lang='lat' dir='ltr'><strong>nescis</strong></span> <span class='ocrx_word' id='word_1_808' title='bbox 3310 3990 3451 4061; x_wconf 80' lang='lat' dir='ltr'><strong>quod</strong></span> <span class='ocrx_word' id='word_1_809' title='bbox 3484 3992 3625 4048; x_wconf 89' lang='lat' dir='ltr'><strong>sicut</strong></span> <span class='ocrx_word' id='word_1_810' title='bbox 3651 3996 3731 4049; x_wconf 87' lang='lat' dir='ltr'><strong>sol</strong></span> <span class='ocrx_word' id='word_1_811' title='bbox 3762 4011 3872 4065; x_wconf 88' lang='lat' dir='ltr'><strong>pu-</strong></span> 
     </span>
    </p>
   </div>
   <div class='ocr_carea' id='block_1_100' title="bbox 2271 4075 3879 4140">
    <p class='ocr_par' dir='ltr' id='par_1_100' title="bbox 2271 4075 3879 4140">
     <span class='ocr_line' id='line_1_100' title="bbox 2271 4075 3879 4140; baseline 0.009 -14"><span class='ocrx_word' id='word_1_812' title='bbox 2271 4088 2363 4127; x_wconf 91' lang='lat' dir='ltr'><strong>rus</strong></span> <span class='ocrx_word' id='word_1_813' title='bbox 2395 4075 2655 4139; x_wconf 79' lang='lat' dir='ltr'><strong>ascendit,</strong></span> <span class='ocrx_word' id='word_1_814' title='bbox 2689 4077 2758 4129; x_wconf 89' lang='lat' dir='ltr'><strong>ita</strong></span> <span class='ocrx_word' id='word_1_815' title='bbox 2788 4086 2841 4131; x_wconf 82' lang='lat' dir='ltr'><strong>et</strong></span> <span class='ocrx_word' id='word_1_816' title='bbox 2870 4077 3047 4133; x_wconf 85' lang='lat' dir='ltr'><strong>anima</strong></span> <span class='ocrx_word' id='word_1_817' title='bbox 3077 4095 3197 4134; x_wconf 90' lang='lat' dir='ltr'><strong>cum</strong></span> <span class='ocrx_word' id='word_1_818' title='bbox 3228 4081 3362 4137; x_wconf 86' lang='lat' dir='ltr'><strong>bona</strong></span> <span class='ocrx_word' id='word_1_819' title='bbox 3392 4086 3719 4140; x_wconf 85' lang='lat' dir='ltr'><strong>conscientia</strong></span> <span class='ocrx_word' id='word_1_820' title='bbox 3747 4101 3879 4140; x_wconf 68' lang='lat' dir='ltr'><strong>eor.</strong></span> 
     </span>
    </p>
   </div>
   <div class='ocr_carea' id='block_1_101' title="bbox 2273 4168 3875 4243">
    <p class='ocr_par' dir='ltr' id='par_1_101' title="bbox 2273 4168 3875 4243">
     <span class='ocr_line' id='line_1_101' title="bbox 2273 4168 3875 4243; baseline 0.011 -25"><span class='ocrx_word' id='word_1_821' title='bbox 2273 4182 2370 4234; x_wconf 90' lang='lat' dir='ltr'><strong>pus</strong></span> <span class='ocrx_word' id='word_1_822' title='bbox 2396 4168 2729 4237; x_wconf 89' lang='lat' dir='ltr'><strong>relinquens,</strong></span> <span class='ocrx_word' id='word_1_823' title='bbox 2759 4169 3043 4239; x_wconf 89' lang='lat' dir='ltr'><strong>splendide</strong></span> <span class='ocrx_word' id='word_1_824' title='bbox 3072 4174 3279 4243; x_wconf 81' lang='lat' dir='ltr'><strong>fulget?</strong></span> <span class='ocrx_word' id='word_1_825' title='bbox 3312 4174 3429 4230; x_wconf 83' lang='lat' dir='ltr'><strong>Non</strong></span> <span class='ocrx_word' id='word_1_826' title='bbox 3460 4192 3584 4232; x_wconf 91' lang='lat' dir='ltr'><strong>cum</strong></span> <span class='ocrx_word' id='word_1_827' title='bbox 3615 4188 3761 4234; x_wconf 85' lang='lat' dir='ltr'><strong>tanto</strong></span> <span class='ocrx_word' id='word_1_828' title='bbox 3786 4182 3875 4235; x_wconf 86' lang='lat' dir='ltr'><strong>si-</strong></span> 
     </span>
    </p>
   </div>
   <div class='ocr_carea' id='block_1_102' title="bbox 2273 4258 3870 4339">
    <p class='ocr_par' dir='ltr' id='par_1_102' title="bbox 2273 4258 3870 4339">
     <span class='ocr_line' id='line_1_102' title="bbox 2273 4258 3870 4339; baseline 0.01 -28"><span class='ocrx_word' id='word_1_829' title='bbox 2273 4258 2439 4313; x_wconf 89' lang='lat' dir='ltr'><strong>lentio</strong></span> <span class='ocrx_word' id='word_1_830' title='bbox 2479 4260 2663 4314; x_wconf 88' lang='lat' dir='ltr'><strong>videas</strong></span> <span class='ocrx_word' id='word_1_831' title='bbox 2710 4260 3092 4330; x_wconf 83' lang='lat' dir='ltr'><strong>Imperatorem</strong></span> <span class='ocrx_word' id='word_1_832' title='bbox 3140 4268 3443 4325; x_wconf 82' lang='lat' dir='ltr'><strong>venientem</strong></span> <span class='ocrx_word' id='word_1_833' title='bbox 3487 4272 3536 4325; x_wconf 91' lang='lat' dir='ltr'><strong>in</strong></span> <span class='ocrx_word' id='word_1_834' title='bbox 3566 4272 3870 4339; x_wconf 87' lang='lat' dir='ltr'><strong>civitatem,</strong></span> 
     </span>
    </p>
   </div>
   <div class='ocr_carea' id='block_1_103' title="bbox 2276 4352 3876 4436">
    <p class='ocr_par' dir='ltr' id='par_1_103' title="bbox 2276 4352 3876 4436">
     <span class='ocr_line' id='line_1_103' title="bbox 2276 4352 3876 4436; baseline 0.013 -36"><span class='ocrx_word' id='word_1_835' title='bbox 2276 4361 2477 4417; x_wconf 88' lang='lat' dir='ltr'><strong>quanto</strong></span> <span class='ocrx_word' id='word_1_836' title='bbox 2504 4352 2736 4405; x_wconf 84' lang='lat' dir='ltr'><strong>animam</strong></span> <span class='ocrx_word' id='word_1_837' title='bbox 2762 4368 2962 4422; x_wconf 92' lang='lat' dir='ltr'><strong>corpus</strong></span> <span class='ocrx_word' id='word_1_838' title='bbox 2987 4357 3402 4428; x_wconf 84' lang='lat' dir='ltr'><strong>relinquentem,</strong></span> <span class='ocrx_word' id='word_1_839' title='bbox 3428 4370 3482 4416; x_wconf 93' lang='lat' dir='ltr'><strong>et</strong></span> <span class='ocrx_word' id='word_1_840' title='bbox 3511 4379 3631 4416; x_wconf 84' lang='lat' dir='ltr'><strong>cum</strong></span> <span class='ocrx_word' id='word_1_841' title='bbox 3660 4367 3876 4436; x_wconf 62' lang='lat' dir='ltr'><strong>angelis</strong></span> 
     </span>
    </p>
   </div>
   <div class='ocr_carea' id='block_1_104' title="bbox 2273 4446 3871 4528">
    <p class='ocr_par' dir='ltr' id='par_1_104' title="bbox 2273 4446 3871 4528">
     <span class='ocr_line' id='line_1_104' title="bbox 2273 4446 3871 4528; baseline 0.009 -29"><span class='ocrx_word' id='word_1_842' title='bbox 2273 4446 2579 4501; x_wconf 82' lang='lat' dir='ltr'><strong>abeuntem.</strong></span> <span class='ocrx_word' id='word_1_843' title='bbox 2607 4448 2789 4518; x_wconf 86' lang='lat' dir='ltr'><strong>Cogita</strong></span> <span class='ocrx_word' id='word_1_844' title='bbox 2812 4464 2930 4519; x_wconf 75' lang='lat' dir='ltr'><strong>qua:</strong></span> <span class='ocrx_word' id='word_1_845' title='bbox 2955 4452 3025 4504; x_wconf 90' lang='lat' dir='ltr'><strong>sit</strong></span> <span class='ocrx_word' id='word_1_846' title='bbox 3046 4460 3170 4507; x_wconf 90' lang='lat' dir='ltr'><strong>tunc</strong></span> <span class='ocrx_word' id='word_1_847' title='bbox 3190 4455 3389 4520; x_wconf 84' lang='lat' dir='ltr'><strong>anima,</strong></span> <span class='ocrx_word' id='word_1_848' title='bbox 3416 4456 3465 4508; x_wconf 92' lang='lat' dir='ltr'><strong>in</strong></span> <span class='ocrx_word' id='word_1_849' title='bbox 3490 4473 3596 4525; x_wconf 89' lang='lat' dir='ltr'><strong>quo</strong></span> <span class='ocrx_word' id='word_1_850' title='bbox 3620 4469 3871 4528; x_wconf 70' lang='lat' dir='ltr'><strong>stupore,</strong></span> 
     </span>
    </p>
   </div>
   <div class='ocr_carea' id='block_1_105' title="bbox 2275 4540 3869 4622">
    <p class='ocr_par' dir='ltr' id='par_1_105' title="bbox 2275 4540 3869 4622">
     <span class='ocr_line' id='line_1_105' title="bbox 2275 4540 3869 4622; baseline 0.008 -29"><span class='ocrx_word' id='word_1_851' title='bbox 2275 4541 2326 4593; x_wconf 90' lang='lat' dir='ltr'><strong>in</strong></span> <span class='ocrx_word' id='word_1_852' title='bbox 2355 4556 2457 4611; x_wconf 89' lang='lat' dir='ltr'><strong>qua</strong></span> <span class='ocrx_word' id='word_1_853' title='bbox 2486 4540 2866 4609; x_wconf 87' lang='lat' dir='ltr'><strong>admiratione,</strong></span> <span class='ocrx_word' id='word_1_854' title='bbox 2895 4544 2946 4598; x_wconf 89' lang='lat' dir='ltr'><strong>in</strong></span> <span class='ocrx_word' id='word_1_855' title='bbox 2976 4561 3076 4616; x_wconf 89' lang='lat' dir='ltr'><strong>qua</strong></span> <span class='ocrx_word' id='word_1_856' title='bbox 3106 4547 3397 4617; x_wconf 86' lang='lat' dir='ltr'><strong>voluptate.</strong></span> <span class='ocrx_word' id='word_1_857' title='bbox 3444 4549 3554 4605; x_wconf 88' lang='lat' dir='ltr'><strong>Cur</strong></span> <span class='ocrx_word' id='word_1_858' title='bbox 3578 4593 3594 4619; x_wconf 93' lang='lat'><strong>,</strong></span> <span class='ocrx_word' id='word_1_859' title='bbox 3639 4568 3826 4622; x_wconf 65' lang='lat' dir='ltr'><strong>quatso</strong></span> <span class='ocrx_word' id='word_1_860' title='bbox 3853 4596 3869 4617; x_wconf 93' lang='lat'><strong>,</strong></span> 
     </span>
    </p>
   </div>
   <div class='ocr_carea' id='block_1_106' title="bbox 2273 4634 3871 4704">
    <p class='ocr_par' dir='ltr' id='par_1_106' title="bbox 2273 4634 3871 4704">
     <span class='ocr_line' id='line_1_106' title="bbox 2273 4634 3871 4704; baseline 0.008 -16"><span class='ocrx_word' id='word_1_861' title='bbox 2273 4634 2461 4703; x_wconf 86' lang='lat' dir='ltr'><strong>luges?</strong></span> <span class='ocrx_word' id='word_1_862' title='bbox 2490 4650 2613 4689; x_wconf 92' lang='lat' dir='ltr'><strong>num</strong></span> <span class='ocrx_word' id='word_1_863' title='bbox 2637 4634 2689 4688; x_wconf 90' lang='lat' dir='ltr'><strong>in</strong></span> <span class='ocrx_word' id='word_1_864' title='bbox 2714 4639 3081 4704; x_wconf 87' lang='lat' dir='ltr'><strong>peccatoribus</strong></span> <span class='ocrx_word' id='word_1_865' title='bbox 3104 4649 3308 4695; x_wconf 87' lang='lat' dir='ltr'><strong>tantum</strong></span> <span class='ocrx_word' id='word_1_866' title='bbox 3332 4641 3433 4697; x_wconf 88' lang='lat' dir='ltr'><strong>hoc</strong></span> <span class='ocrx_word' id='word_1_867' title='bbox 3454 4644 3626 4703; x_wconf 85' lang='lat' dir='ltr'><strong>facis?</strong></span> <span class='ocrx_word' id='word_1_868' title='bbox 3650 4639 3871 4701; x_wconf 72' lang='lat' dir='ltr'><strong>Utinam</strong></span> 
     </span>
    </p>
   </div>
   <div class='ocr_carea' id='block_1_107' title="bbox 2273 4727 3871 4800">
    <p class='ocr_par' dir='ltr' id='par_1_107' title="bbox 2273 4727 3871 4800">
     <span class='ocr_line' id='line_1_107' title="bbox 2273 4727 3871 4800; baseline 0.009 -21"><span class='ocrx_word' id='word_1_869' title='bbox 2273 4727 2351 4779; x_wconf 81' lang='lat' dir='ltr'><strong>sic</strong></span> <span class='ocrx_word' id='word_1_870' title='bbox 2378 4737 2541 4787; x_wconf 88' lang='lat' dir='ltr'><strong>esset,</strong></span> <span class='ocrx_word' id='word_1_871' title='bbox 2578 4743 2681 4780; x_wconf 93' lang='lat' dir='ltr'><strong>non</strong></span> <span class='ocrx_word' id='word_1_872' title='bbox 2710 4728 2908 4783; x_wconf 84' lang='lat' dir='ltr'><strong>luctum</strong></span> <span class='ocrx_word' id='word_1_873' title='bbox 2933 4732 3278 4800; x_wconf 83' lang='lat' dir='ltr'><strong>prohiberem</strong></span> <span class='ocrx_word' id='word_1_874' title='bbox 3306 4752 3319 4785; x_wconf 86' lang='lat'><strong>:</strong></span> <span class='ocrx_word' id='word_1_875' title='bbox 3346 4736 3545 4790; x_wconf 87' lang='lat' dir='ltr'><strong>utinam</strong></span> <span class='ocrx_word' id='word_1_876' title='bbox 3578 4737 3693 4792; x_wconf 88' lang='lat' dir='ltr'><strong>talis</strong></span> <span class='ocrx_word' id='word_1_877' title='bbox 3720 4750 3871 4793; x_wconf 57' lang='grc' dir='ltr'><strong>ξετερι</strong></span> 
     </span>
    </p>
   </div>
   <div class='ocr_carea' id='block_1_108' title="bbox 2275 4818 3870 4893">
    <p class='ocr_par' dir='ltr' id='par_1_108' title="bbox 2275 4818 3870 4893">
     <span class='ocr_line' id='line_1_108' title="bbox 2275 4818 3870 4893; baseline 0.011 -23"><span class='ocrx_word' id='word_1_878' title='bbox 2275 4818 2499 4887; x_wconf 88' lang='lat' dir='ltr'><strong>seopusl</strong></span> <span class='ocrx_word' id='word_1_879' title='bbox 2524 4819 2618 4874; x_wconf 82' lang='lat' dir='ltr'><strong>Hic</strong></span> <span class='ocrx_word' id='word_1_880' title='bbox 2648 4821 2817 4875; x_wconf 90' lang='lat' dir='ltr'><strong>luctus</strong></span> <span class='ocrx_word' id='word_1_881' title='bbox 2844 4825 3175 4893; x_wconf 86' lang='lat' dir='ltr'><strong>apostolicus</strong></span> <span class='ocrx_word' id='word_1_882' title='bbox 3195 4867 3208 4888; x_wconf 92' lang='lat'><strong>,</strong></span> <span class='ocrx_word' id='word_1_883' title='bbox 3238 4825 3324 4880; x_wconf 88' lang='lat' dir='ltr'><strong>hic</strong></span> <span class='ocrx_word' id='word_1_884' title='bbox 3353 4830 3512 4882; x_wconf 78' lang='lat' dir='ltr'><strong>etiam</strong></span> <span class='ocrx_word' id='word_1_885' title='bbox 3558 4830 3870 4887; x_wconf 80' lang='lat' dir='ltr'><strong>Dominirns</strong></span> 
     </span>
    </p>
   </div>
   <div class='ocr_carea' id='block_1_109' title="bbox 2276 4912 3869 4991">
    <p class='ocr_par' dir='ltr' id='par_1_109' title="bbox 2276 4912 3869 4991">
     <span class='ocr_line' id='line_1_109' title="bbox 2276 4912 3869 4991; baseline 0.01 -28"><span class='ocrx_word' id='word_1_886' title='bbox 2276 4920 2358 4964; x_wconf 84' lang='lat' dir='ltr'><strong>est</strong></span> <span class='ocrx_word' id='word_1_887' title='bbox 2392 4928 2404 4963; x_wconf 92' lang='lat'><strong>:</strong></span> <span class='ocrx_word' id='word_1_888' title='bbox 2453 4912 2680 4981; x_wconf 84' lang='lat' dir='ltr'><strong>ploravit</strong></span> <span class='ocrx_word' id='word_1_889' title='bbox 2722 4917 2863 4969; x_wconf 87' lang='lat' dir='ltr'><strong>enim</strong></span> <span class='ocrx_word' id='word_1_890' title='bbox 2905 4916 3059 4971; x_wconf 83' lang='lat' dir='ltr'><strong>.Iesus</strong></span> <span class='ocrx_word' id='word_1_891' title='bbox 3089 4917 3497 4991; x_wconf 83' lang='lat' dir='ltr'><strong>Jerosolymam.</strong></span> <span class='ocrx_word' id='word_1_892' title='bbox 3531 4922 3730 4979; x_wconf 88' lang='lat' dir='ltr'><strong>Vellem</strong></span> <span class='ocrx_word' id='word_1_893' title='bbox 3765 4926 3869 4984; x_wconf 85' lang='lat' dir='ltr'><strong>hac</strong></span> 
     </span>
    </p>
   </div>
   <div class='ocr_carea' id='block_1_110' title="bbox 2278 5004 3865 5075">
    <p class='ocr_par' dir='ltr' id='par_1_110' title="bbox 2278 5004 3865 5075">
     <span class='ocr_line' id='line_1_110' title="bbox 2278 5004 3865 5075; baseline 0.011 -19"><span class='ocrx_word' id='word_1_894' title='bbox 2278 5004 2392 5074; x_wconf 87' lang='lat' dir='ltr'><strong>lege</strong></span> <span class='ocrx_word' id='word_1_895' title='bbox 2423 5004 2653 5059; x_wconf 84' lang='lat' dir='ltr'><strong>discerni</strong></span> <span class='ocrx_word' id='word_1_896' title='bbox 2688 5006 2881 5062; x_wconf 90' lang='lat' dir='ltr'><strong>luctus.</strong></span> <span class='ocrx_word' id='word_1_897' title='bbox 2922 5008 3145 5075; x_wconf 85' lang='lat' dir='ltr'><strong>Quando</strong></span> <span class='ocrx_word' id='word_1_898' title='bbox 3179 5021 3357 5066; x_wconf 86' lang='lat' dir='ltr'><strong>autem</strong></span> <span class='ocrx_word' id='word_1_899' title='bbox 3391 5026 3670 5071; x_wconf 88' lang='lat' dir='ltr'><strong>revocatus</strong></span> <span class='ocrx_word' id='word_1_900' title='bbox 3701 5018 3865 5074; x_wconf 78' lang='lat' dir='ltr'><strong>verba</strong></span> 
     </span>
    </p>
   </div>
   <div class='ocr_carea' id='block_1_111' title="bbox 2275 5098 3865 5171">
    <p class='ocr_par' dir='ltr' id='par_1_111' title="bbox 2275 5098 3865 5171">
     <span class='ocr_line' id='line_1_111' title="bbox 2275 5098 3865 5171; baseline 0.011 -19"><span class='ocrx_word' id='word_1_901' title='bbox 2275 5098 2525 5152; x_wconf 87' lang='lat' dir='ltr'><strong>obtendis</strong></span> <span class='ocrx_word' id='word_1_902' title='bbox 2546 5142 2561 5165; x_wconf 91' lang='lat'><strong>,</strong></span> <span class='ocrx_word' id='word_1_903' title='bbox 2613 5102 3084 5168; x_wconf 88' lang='lat' dir='ltr'><strong>consuetudinem,</strong></span> <span class='ocrx_word' id='word_1_904' title='bbox 3116 5120 3297 5158; x_wconf 86' lang='lat' dir='ltr'><strong>curam</strong></span> <span class='ocrx_word' id='word_1_905' title='bbox 3324 5124 3336 5171; x_wconf 91' lang='lat'><strong>;</strong></span> <span class='ocrx_word' id='word_1_906' title='bbox 3373 5123 3478 5160; x_wconf 90' lang='lat' dir='ltr'><strong>non</strong></span> <span class='ocrx_word' id='word_1_907' title='bbox 3507 5124 3567 5163; x_wconf 89' lang='lat' dir='ltr'><strong>ea</strong></span> <span class='ocrx_word' id='word_1_908' title='bbox 3600 5109 3665 5165; x_wconf 92' lang='lat' dir='ltr'><strong>de</strong></span> <span class='ocrx_word' id='word_1_909' title='bbox 3699 5126 3865 5169; x_wconf 77' lang='lat' dir='ltr'><strong>causa</strong></span> 
     </span>
    </p>
   </div>
   <div class='ocr_carea' id='block_1_112' title="bbox 2277 5190 3867 5270">
    <p class='ocr_par' dir='ltr' id='par_1_112' title="bbox 2277 5190 3867 5270">
     <span class='ocr_line' id='line_1_112' title="bbox 2277 5190 3867 5270; baseline 0.011 -26"><span class='ocrx_word' id='word_1_910' title='bbox 2277 5190 2426 5260; x_wconf 81' lang='lat' dir='ltr'><strong>luges</strong></span> <span class='ocrx_word' id='word_1_911' title='bbox 2448 5231 2465 5257; x_wconf 93' lang='lat'><strong>,</strong></span> <span class='ocrx_word' id='word_1_912' title='bbox 2498 5190 2589 5245; x_wconf 85' lang='lat' dir='ltr'><strong>sed</strong></span> <span class='ocrx_word' id='word_1_913' title='bbox 2619 5192 2893 5246; x_wconf 89' lang='lat' dir='ltr'><strong>obtentum</strong></span> <span class='ocrx_word' id='word_1_914' title='bbox 2926 5195 3151 5263; x_wconf 87' lang='lat' dir='ltr'><strong>profers.</strong></span> <span class='ocrx_word' id='word_1_915' title='bbox 3199 5197 3345 5269; x_wconf 88' lang='lat' dir='ltr'><strong>Luge</strong></span> <span class='ocrx_word' id='word_1_916' title='bbox 3390 5210 3723 5270; x_wconf 86' lang='lat' dir='ltr'><strong>peccatorem</strong></span> <span class='ocrx_word' id='word_1_917' title='bbox 3750 5243 3767 5270; x_wconf 94' lang='lat'><strong>,</strong></span> <span class='ocrx_word' id='word_1_918' title='bbox 3809 5217 3867 5262; x_wconf 75' lang='lat' dir='ltr'><strong>i-t</strong></span> 
     </span>
    </p>
   </div>
   <div class='ocr_carea' id='block_1_113' title="bbox 2276 5285 3863 5371">
    <p class='ocr_par' dir='ltr' id='par_1_113' title="bbox 2276 5285 3863 5371">
     <span class='ocr_line' id='line_1_113' title="bbox 2276 5285 3863 5371; baseline 0.011 -33"><span class='ocrx_word' id='word_1_919' title='bbox 2276 5300 2373 5353; x_wconf 87' lang='lat' dir='ltr'><strong>ego</strong></span> <span class='ocrx_word' id='word_1_920' title='bbox 2416 5285 2683 5357; x_wconf 85' lang='lat' dir='ltr'><strong>lacrymas</strong></span> <span class='ocrx_word' id='word_1_921' title='bbox 2714 5287 2961 5354; x_wconf 86' lang='lat' dir='ltr'><strong>fundam;</strong></span> <span class='ocrx_word' id='word_1_922' title='bbox 3009 5291 3117 5346; x_wconf 88' lang='lat' dir='ltr'><strong>imo</strong></span> <span class='ocrx_word' id='word_1_923' title='bbox 3161 5302 3309 5349; x_wconf 87' lang='lat' dir='ltr'><strong>tanto</strong></span> <span class='ocrx_word' id='word_1_924' title='bbox 3352 5299 3522 5367; x_wconf 89' lang='lat' dir='ltr'><strong>magis</strong></span> <span class='ocrx_word' id='word_1_925' title='bbox 3564 5315 3719 5371; x_wconf 88' lang='lat' dir='ltr'><strong>quam</strong></span> <span class='ocrx_word' id='word_1_926' title='bbox 3762 5311 3816 5355; x_wconf 90' lang='lat' dir='ltr'><strong>tu</strong></span> <span class='ocrx_word' id='word_1_927' title='bbox 3846 5345 3863 5368; x_wconf 96' lang='lat'><strong>,</strong></span> 
     </span>
    </p>
   </div>
   <div class='ocr_carea' id='block_1_114' title="bbox 2274 5378 3865 5464">
    <p class='ocr_par' dir='ltr' id='par_1_114' title="bbox 2274 5378 3865 5464">
     <span class='ocr_line' id='line_1_114' title="bbox 2274 5378 3865 5464; baseline 0.011 -36"><span class='ocrx_word' id='word_1_928' title='bbox 2274 5386 2475 5445; x_wconf 89' lang='lat' dir='ltr'><strong>quanto</strong></span> <span class='ocrx_word' id='word_1_929' title='bbox 2505 5378 2709 5447; x_wconf 88' lang='lat' dir='ltr'><strong>majore</strong></span> <span class='ocrx_word' id='word_1_930' title='bbox 2742 5380 2829 5435; x_wconf 90' lang='lat' dir='ltr'><strong>ille</strong></span> <span class='ocrx_word' id='word_1_931' title='bbox 2860 5383 3122 5453; x_wconf 83' lang='lat' dir='ltr'><strong>supplicio</strong></span> <span class='ocrx_word' id='word_1_932' title='bbox 3149 5385 3411 5442; x_wconf 79' lang='lat' dir='ltr'><strong>obnoxius</strong></span> <span class='ocrx_word' id='word_1_933' title='bbox 3437 5401 3520 5446; x_wconf 76' lang='lat' dir='ltr'><strong>est</strong></span> <span class='ocrx_word' id='word_1_934' title='bbox 3556 5410 3569 5445; x_wconf 91' lang='lat'><strong>:</strong></span> <span class='ocrx_word' id='word_1_935' title='bbox 3599 5408 3701 5464; x_wconf 88' lang='lat' dir='ltr'><strong>ego</strong></span> <span class='ocrx_word' id='word_1_936' title='bbox 3726 5411 3865 5464; x_wconf 80' lang='lat' dir='ltr'><strong>qun-</strong></span> 
     </span>
    </p>
   </div>
   <div class='ocr_carea' id='block_1_115' title="bbox 2274 5467 3864 5547">
    <p class='ocr_par' dir='ltr' id='par_1_115' title="bbox 2274 5467 3864 5547">
     <span class='ocr_line' id='line_1_115' title="bbox 2274 5467 3864 5547; baseline 0.014 -28"><span class='ocrx_word' id='word_1_937' title='bbox 2274 5483 2380 5537; x_wconf 92' lang='lat' dir='ltr'><strong>que</strong></span> <span class='ocrx_word' id='word_1_938' title='bbox 2420 5467 2566 5523; x_wconf 85' lang='lat' dir='ltr'><strong>hunc</strong></span> <span class='ocrx_word' id='word_1_939' title='bbox 2611 5470 2811 5526; x_wconf 86' lang='lat' dir='ltr'><strong>habens</strong></span> <span class='ocrx_word' id='word_1_940' title='bbox 2839 5488 3063 5543; x_wconf 88' lang='lat' dir='ltr'><strong>seopum</strong></span> <span class='ocrx_word' id='word_1_941' title='bbox 3087 5516 3103 5537; x_wconf 83' lang='lat'><strong>,</strong></span> <span class='ocrx_word' id='word_1_942' title='bbox 3136 5476 3346 5547; x_wconf 87' lang='lat' dir='ltr'><strong>lugebo.</strong></span> <span class='ocrx_word' id='word_1_943' title='bbox 3381 5480 3564 5537; x_wconf 84' lang='lat' dir='ltr'><strong>Talem</strong></span> <span class='ocrx_word' id='word_1_944' title='bbox 3594 5496 3864 5543; x_wconf 80' lang='lat' dir='ltr'><strong>mortuum</strong></span> 
     </span>
    </p>
   </div>
   <div class='ocr_carea' id='block_1_116' title="bbox 2279 5561 3865 5647">
    <p class='ocr_par' dir='ltr' id='par_1_116' title="bbox 2279 5561 3865 5647">
     <span class='ocr_line' id='line_1_116' title="bbox 2279 5561 3865 5647; baseline 0.011 -32"><span class='ocrx_word' id='word_1_945' title='bbox 2279 5576 2384 5616; x_wconf 87' lang='lat' dir='ltr'><strong>non</strong></span> <span class='ocrx_word' id='word_1_946' title='bbox 2428 5571 2478 5617; x_wconf 90' lang='lat' dir='ltr'><strong>te</strong></span> <span class='ocrx_word' id='word_1_947' title='bbox 2506 5561 2677 5615; x_wconf 82' lang='lat' dir='ltr'><strong>solum</strong></span> <span class='ocrx_word' id='word_1_948' title='bbox 2704 5606 2719 5629; x_wconf 91' lang='lat'><strong>,</strong></span> <span class='ocrx_word' id='word_1_949' title='bbox 2761 5565 2853 5620; x_wconf 77' lang='lat' dir='ltr'><strong>sed</strong></span> <span class='ocrx_word' id='word_1_950' title='bbox 2902 5576 3062 5620; x_wconf 83' lang='lat' dir='ltr'><strong>totam</strong></span> <span class='ocrx_word' id='word_1_951' title='bbox 3096 5567 3370 5625; x_wconf 85' lang='lat' dir='ltr'><strong>civitatem</strong></span> <span class='ocrx_word' id='word_1_952' title='bbox 3402 5572 3583 5643; x_wconf 91' lang='lat' dir='ltr'><strong>lugere</strong></span> <span class='ocrx_word' id='word_1_953' title='bbox 3611 5586 3822 5646; x_wconf 84' lang='lat' dir='ltr'><strong>oportet</strong></span> <span class='ocrx_word' id='word_1_954' title='bbox 3848 5621 3865 5647; x_wconf 89' lang='lat'><strong>,</strong></span> 
     </span>
    </p>
   </div>
   <div class='ocr_carea' id='block_1_117' title="bbox 2278 5667 3868 5737">
    <p class='ocr_par' dir='ltr' id='par_1_117' title="bbox 2278 5667 3868 5737">
     <span class='ocr_line' id='line_1_117' title="bbox 2278 5667 3868 5737; baseline 0.007 -27"><span class='ocrx_word' id='word_1_955' title='bbox 2278 5670 2483 5710; x_wconf 88' lang='lat' dir='ltr'><strong>necnon</strong></span> <span class='ocrx_word' id='word_1_956' title='bbox 2512 5671 2703 5711; x_wconf 90' lang='lat' dir='ltr'><strong>omnes</strong></span> <span class='ocrx_word' id='word_1_957' title='bbox 2732 5670 3107 5725; x_wconf 60' lang='lat' dir='ltr'><strong>occurrentes,</strong></span> <span class='ocrx_word' id='word_1_958' title='bbox 3138 5678 3330 5731; x_wconf 89' lang='lat' dir='ltr'><strong>nempe</strong></span> <span class='ocrx_word' id='word_1_959' title='bbox 3358 5667 3505 5734; x_wconf 84' lang='lat' dir='ltr'><strong>quasi</strong></span> <span class='ocrx_word' id='word_1_960' title='bbox 3534 5682 3649 5731; x_wconf 88' lang='lat' dir='ltr'><strong>eos,</strong></span> <span class='ocrx_word' id='word_1_961' title='bbox 3680 5672 3767 5737; x_wconf 88' lang='lat' dir='ltr'><strong>qui</strong></span> <span class='ocrx_word' id='word_1_962' title='bbox 3799 5672 3868 5727; x_wconf 78' lang='lat' dir='ltr'><strong>ad</strong></span> 
     </span>
    </p>
   </div>
   <div class='ocr_carea' id='block_1_118' title="bbox 2278 5749 3868 5833">
    <p class='ocr_par' dir='ltr' id='par_1_118' title="bbox 2278 5749 3868 5833">
     <span class='ocr_line' id='line_1_118' title="bbox 2278 5749 3868 5833; baseline 0.009 -30"><span class='ocrx_word' id='word_1_963' title='bbox 2278 5761 2504 5803; x_wconf 86' lang='lat' dir='ltr'><strong>mortem</strong></span> <span class='ocrx_word' id='word_1_964' title='bbox 2528 5749 2821 5806; x_wconf 82' lang='lat' dir='ltr'><strong>ducuntur.</strong></span> <span class='ocrx_word' id='word_1_965' title='bbox 2854 5752 2990 5807; x_wconf 82' lang='lat' dir='ltr'><strong>Vere</strong></span> <span class='ocrx_word' id='word_1_966' title='bbox 3023 5770 3252 5827; x_wconf 87' lang='lat' dir='ltr'><strong>namque</strong></span> <span class='ocrx_word' id='word_1_967' title='bbox 3285 5757 3395 5812; x_wconf 62' lang='lat' dir='ltr'><strong>ha&#39;c</strong></span> <span class='ocrx_word' id='word_1_968' title='bbox 3423 5760 3558 5813; x_wconf 81' lang='lat' dir='ltr'><strong>mala</strong></span> <span class='ocrx_word' id='word_1_969' title='bbox 3592 5776 3737 5815; x_wconf 83' lang='lat' dir='ltr'><strong>mors</strong></span> <span class='ocrx_word' id='word_1_970' title='bbox 3763 5773 3868 5833; x_wconf 48' lang='lat' dir='ltr'><strong>est,</strong></span> 
     </span>
    </p>
   </div>
   <div class='ocr_carea' id='block_1_119' title="bbox 2279 5844 3870 5921">
    <p class='ocr_par' dir='ltr' id='par_1_119' title="bbox 2279 5844 3870 5921">
     <span class='ocr_line' id='line_1_119' title="bbox 2279 5844 3870 5921; baseline 0.011 -25"><span class='ocrx_word' id='word_1_971' title='bbox 2279 5857 2424 5897; x_wconf 90' lang='lat' dir='ltr'><strong>mors</strong></span> <span class='ocrx_word' id='word_1_972' title='bbox 2456 5855 2820 5913; x_wconf 79' lang='lat' dir='ltr'><strong>peccatorum.</strong></span> <span class='ocrx_word' id='word_1_973' title='bbox 2849 5844 2953 5899; x_wconf 80' lang='lat' dir='ltr'><strong>Sed</strong></span> <span class='ocrx_word' id='word_1_974' title='bbox 2985 5863 3069 5901; x_wconf 86' lang='lat' dir='ltr'><strong>res</strong></span> <span class='ocrx_word' id='word_1_975' title='bbox 3090 5864 3181 5903; x_wconf 91' lang='lat' dir='ltr'><strong>sns</strong></span> <span class='ocrx_word' id='word_1_976' title='bbox 3208 5852 3380 5921; x_wconf 77' lang='lat' dir='ltr'><strong>deque</strong></span> <span class='ocrx_word' id='word_1_977' title='bbox 3409 5867 3574 5905; x_wconf 68' lang='lat' dir='ltr'><strong>versm</strong></span> <span class='ocrx_word' id='word_1_978' title='bbox 3602 5862 3745 5909; x_wconf 90' lang='lat' dir='ltr'><strong>sunt.</strong></span> <span class='ocrx_word' id='word_1_979' title='bbox 3774 5854 3870 5914; x_wconf 83' lang='lat' dir='ltr'><strong>llic</strong></span> 
     </span>
    </p>
   </div>
   <div class='ocr_carea' id='block_1_120' title="bbox 2368 5935 3785 6012">
    <p class='ocr_par' dir='ltr' id='par_1_120' title="bbox 2368 5935 3785 6012">
     <span class='ocr_line' id='line_1_120' title="bbox 2368 5935 3785 6012; baseline 0.011 -32"><span class='ocrx_word' id='word_1_980' title='bbox 2368 5936 2383 5964; x_wconf 79' lang='grc' dir='ltr'>ι</span> <span class='ocrx_word' id='word_1_981' title='bbox 2422 5940 2548 5983; x_wconf 78' lang='lat' dir='ltr'><strong>ttnus</strong></span> <span class='ocrx_word' id='word_1_982' title='bbox 2569 5935 2681 5985; x_wconf 80' lang='lat' dir='ltr'><strong>Cod.</strong></span> <span class='ocrx_word' id='word_1_983' title='bbox 2713 5937 2879 5995; x_wconf 82' lang='lat' dir='ltr'><strong>habet,</strong></span> <span class='ocrx_word' id='word_1_984' title='bbox 2908 5936 3099 6001; x_wconf 81' lang='lat' dir='ltr'><strong>hymnis</strong></span> <span class='ocrx_word' id='word_1_985' title='bbox 3120 5941 3434 6004; x_wconf 81' lang='lat' dir='ltr'><strong>laudibusque</strong></span> <span class='ocrx_word' id='word_1_986' title='bbox 3461 5944 3685 6008; x_wconf 73' lang='lat' dir='ltr'><strong>dignum.</strong></span> <span class='ocrx_word' id='word_1_987' title='bbox 3773 6000 3785 6012; x_wconf 79' lang='lat'><strong>_</strong></span> 
     </span>
    </p>
   </div>
  </div>
