4094 6486
245 436 350 488 ιιτςι

241 551 428 605 luctus
462 559 515 604 et
557 549 965 620 philosophicus
994 558 1080 604 est
1108 558 1161 603 et
1191 549 1490 604 doctrinam
1524 549 1683 602 habet
1714 548 1851 601 utul-

242 656 354 696 tam
383 661 397 706 ;
434 644 525 698 ille
554 659 688 698 vero
713 659 775 699 ex
811 642 1246 712 pusillanimilate
1279 642 1656 711 proficiscitur.
1699 641 1753 696 Si
1783 641 1854 694 ita

238 735 562 803 legeremus
575 749 786 798 oumes,
806 735 920 787 illos
938 735 1174 787 viventes
1189 733 1856 801 emendassetuus.Quem-

235 828 540 882 admodum
561 830 603 881 si
640 842 823 895 posses
843 825 1126 896 pharmaca
1146 827 1402 881 adhibere
1429 869 1442 892 ,
1483 843 1602 896 quae
1625 835 1850 880 mortem

238 921 388 973 illam
430 920 775 987 corporalem
806 929 1091 984 arcerent,
1124 919 1406 974 adhiberes
1438 921 1654 989 utique:
1690 919 1757 971 ita
1800 928 1854 972 et

237 1028 406 1076 nunc,
440 1015 486 1066 si
523 1012 662 1065 hanc
692 1013 898 1075 lugeres
925 1022 1190 1073 mortem,
1220 1022 1271 1064 et
1300 1027 1326 1064 a
1360 1023 1408 1065 te
1437 1021 1484 1065 et
1519 1012 1584 1064 ab
1617 1011 1705 1064 illo
1732 1027 1848 1064 eam

235 1103 410 1172 ipsam
447 1120 684 1158 arceres.
718 1103 869 1157 Nunc
895 1113 1072 1157 autem
1104 1104 1329 1170 zrnignia
1354 1115 1435 1157 est
1464 1103 1604 1170 quod
1632 1103 1846 1169 accidit,

233 1195 381 1263 quod
412 1211 545 1248 cum
576 1197 845 1264 possimus
873 1195 1132 1264 impedire
1161 1197 1447 1262 quominus
1473 1210 1618 1248 mors
1647 1194 1728 1247 illa
1761 1209 1851 1248 ac-

232 1287 415 1352 cidat,
455 1304 564 1340 non
597 1288 979 1356 impediamus;
1013 1287 1106 1342 sed
1137 1303 1257 1341 cum
1287 1288 1513 1352 accidit,
1549 1289 1844 1357 lugeamus.

235 1379 379 1433 Vere
412 1380 671 1450 lacrymis
701 1380 844 1448 digni
875 1388 998 1432 sunt
1025 1399 1035 1431 :
1069 1395 1189 1432 cum
1218 1381 1503 1433 adstabant
1527 1390 1652 1432 ante
1682 1379 1848 1433 tribu-

233 1473 318 1524 nal
349 1472 599 1534 Christi,
629 1473 803 1539 qualia
836 1472 993 1525 verba
1031 1471 1282 1533 audient,
1324 1472 1497 1540 qualia
1542 1471 1847 1539 patientur?

235 1563 464 1617 Frustra
499 1565 748 1618 vixerunt
778 1563 868 1629 hi,
902 1566 1009 1617 imo
1040 1580 1142 1615 non
1173 1561 1385 1621 frustra,
1417 1563 1509 1615 sed
1542 1564 1592 1645 in
1626 1562 1842 1615 malum.

234 1656 306 1706 De
338 1656 450 1709 illis
480 1654 666 1708 dicere
698 1670 792 1723 par
820 1664 896 1707 est
932 1674 943 1706 :
979 1655 1178 1707 Donum
1214 1667 1330 1707 erat
1363 1655 1463 1707 illis
1484 1696 1497 1719 ,
1526 1655 1569 1707 si
1601 1656 1707 1708 nati
1739 1670 1842 1709 non

231 1745 467 1798 fuissent
498 1745 690 1815 (Marc.
726 1746 810 1798 14.
842 1743 956 1812 '2l).
991 1745 1120 1812 Qttze
1151 1745 1370 1805 utilitas,
1401 1760 1604 1814 quaeSo,
1639 1755 1842 1800 tantum

231 1836 514 1889 insumere
561 1845 773 1902 tempus
820 1837 870 1886 in
918 1836 1107 1902 Capitis
1149 1835 1229 1888 sui
1276 1835 1515 1887 malum?
1557 1835 1611 1890 Si
1648 1835 1841 1890 frustra

227 1930 405 1982 solum
429 1931 762 1996 insumptum
782 1927 988 1992 fuisset,
1011 1944 1114 1982 non
1138 1939 1338 1982 tantum
1360 1929 1545 1982 fuisset
1563 1929 1837 1985 damnum.

229 2021 322 2075 Dic
371 2020 510 2074 mihi
540 2063 553 2083 ,
587 2023 631 2073 si
663 2021 782 2088 quis
811 2020 1175 2072 mercenarius
1206 2019 1391 2087 viginti
1432 2035 1602 2074 annos
1645 2019 1838 2074 frustra

228 2112 440 2180 perdat,
469 2127 651 2165 annon
679 2111 906 2179 plorabit
933 2119 987 2164 et
1016 2112 1161 2164 llebit
1180 2151 1195 2176 ,
1225 2112 1574 2180 omniumque
1604 2113 1841 2165 miserri-

226 2222 344 2258 nms
376 2221 505 2260 esse
536 2204 843 2259 videbitur?
872 2207 940 2258 At
967 2204 1052 2259 hic
1079 2214 1243 2260 totam
1273 2206 1430 2258 vitam
1463 2220 1613 2258 suam
1644 2204 1836 2260 frustra

226 2299 461 2367 perdidit
483 2340 503 2365 ,
546 2314 723 2366 neque
755 2299 836 2353 vel
871 2314 976 2351 uno
1008 2298 1096 2353 die
1125 2299 1225 2352 sibi
1257 2299 1391 2351 vixit
1412 2341 1425 2362 ,
1460 2299 1553 2352 sed
1589 2299 1794 2354 deliciis
1819 2343 1833 2366 ,

227 2391 478 2456 luxuriae,
513 2392 785 2454 avaritiaa,
822 2399 1078 2459 peccato,
1109 2389 1345 2445 diabolo.
1382 2391 1595 2454 Annon,
1629 2408 1833 2461 (IlIK‘SU,

227 2483 367 2538 hunc
397 2483 747 2552 lugebimus?
777 2499 954 2536 annon
988 2483 1308 2538 conabinutr
1334 2501 1362 2537 a
1397 2485 1649 2553 periculis
1676 2502 1834 2540 erue-

223 2575 314 2626 re?
347 2576 649 2629 Possumus
668 2616 683 2637 ,
713 2586 861 2630 certe
889 2590 1194 2645 possumus,
1219 2576 1264 2630 si
1293 2577 1538 2644 velimus,
1565 2578 1683 2648 ejus
1709 2594 1834 2645 sup-

207 2663 875 2732 pliciumleviusefticere.
901 2668 955 2721 Si
991 2667 1297 2738 frequenter
1320 2669 1592 2722 oratiOues
1623 2684 1721 2738 pro
1742 2669 1835 2724 illo

223 2759 537 2822 fundamus,
572 2761 614 2812 si
645 2761 1044 2831 eleemosynam
1073 2760 1265 2814 demus
1292 2779 1305 2826 ;
1335 2763 1546 2816 etiamsi
1581 2763 1668 2817 ille
1698 2763 1834 2817 iudi-

221 2868 352 2919 guns
379 2854 469 2916 sit,
509 2867 608 2906 nos
643 2853 782 2908 Deus
812 2854 1082 2908 exaudiet.
1114 2851 1168 2909 Si
1201 2864 1418 2923 pr0pter
1445 2855 1665 2908 Paulum
1697 2856 1832 2908 alios

219 2947 491 3009 Servavit,
541 2954 597 2999 et
639 2956 860 3013 propter
890 2946 1025 2998 alios
1069 2947 1272 3014 parcit,
1306 2963 1402 3000 cur
1445 2963 1549 3000 non
1596 2948 1827 3016 idipsum

223 3046 438 3102 promer
465 3051 569 3089 nos
599 3038 760 3089 etiam
792 3036 987 3091 faciet?
1023 3037 1096 3091 lis
1129 3037 1274 3090 illius
1309 3038 1577 3106 pecuniis,
1603 3054 1669 3093 ex
1700 3041 1823 3104 tuis,

221 3124 356 3177 unde
384 3124 647 3191 volueris,
677 3126 806 3193 juva
838 3146 850 3180 :
877 3128 1072 3180 instilla
1101 3133 1298 3192 oleum,
1336 3129 1441 3182 imo
1469 3145 1682 3198 aquam.
1709 3129 1824 3185 Non

217 3226 387 3282 potest
432 3219 817 3289 eleemosynas
849 3220 1093 3287 prOprias
1137 3221 1436 3274 exhibere?
1481 3220 1680 3275 Saltem
1729 3238 1823 3276 co-

216 3319 499 3376 gnatorum
534 3311 805 3365 exhibeat.
841 3312 956 3366 Non
993 3321 1166 3381 potest
1207 3329 1233 3364 a
1269 3330 1326 3367 se
1373 3314 1580 3367 factas?
1621 3315 1822 3370 Saltem

217 3413 308 3468 pro
332 3415 390 3456 se
421 3402 617 3456 factas.
645 3403 734 3456 Sic
759 3419 883 3456 eum
909 3403 1100 3458 fiducia
1130 3405 1302 3473 ipsum
1337 3415 1462 3459 tunc
1492 3406 1823 3475 deprecatu-

217 3500 297 3543 tur
336 3510 513 3557 uxor,
565 3496 794 3561 pretium
841 3497 1229 3566 redemptionis
1278 3514 1372 3566 pro
1402 3499 1490 3552 illo
1520 3499 1816 3567 deponens.

215 3584 322 3650 Quo
355 3589 604 3656 pluribus
631 3589 728 3642 fuit
767 3593 1000 3659 peccatis
1040 3592 1304 3647 obnoxius
1330 3636 1342 3656 ,
1376 3610 1441 3646 eo
1473 3598 1641 3664 magis
1681 3613 1817 3665 Opus

218 3676 366 3731 habet
393 3680 766 3750 eleemosyua.
809 3681 993 3750 Neque
1026 3698 1153 3736 vero
1186 3695 1403 3752 propter
1438 3685 1539 3740 hoc
1571 3697 1772 3742 tantum
1800 3730 1812 3752 ,

216 3768 300 3819 sed
326 3770 447 3836 quia
486 3785 592 3822 non
622 3785 806 3840 parem
842 3786 982 3825 nunc
1011 3773 1115 3825 vim
1147 3773 1340 3839 habet,
1386 3777 1492 3828 imo
1520 3777 1686 3830 multo
1717 3779 1814 3831 mi-

218 3873 411 3913 norem.
443 3861 561 3914 Non
596 3877 691 3930 par
717 3863 858 3915 enim
889 3877 975 3917 res
1001 3873 1111 3929 est,
1146 3865 1316 3932 ipsum
1341 3865 1586 3934 qtuedatn
1610 3867 1808 3935 facere,

214 3960 262 4002 et
287 3953 444 4006 alium
481 3971 580 4023 pro
612 3956 748 4024 ipso.
776 3956 906 4009 Cum
942 3959 1120 4026 itaque
1148 3959 1324 4010 minor
1351 3963 1448 4021 sit,
1485 3977 1578 4028 per
1599 3963 1806 4030 COpianl

216 4043 461 4100 faciamus
491 4047 637 4099 illam
668 4047 948 4116 majorem.

277 4134 626 4208 Eleemosyua:
652 4150 860 4208 prosunt
892 4142 1164 4208 defunctis.
1195 4172 1266 4184 ——
1295 4142 1373 4198 Nc
1420 4146 1562 4199 circa
1611 4151 1802 4201 monu-

216 4236 402 4294 menta,
438 4245 504 4283 ne
535 4231 679 4284 circa
711 4233 1029 4298 sepulcralia
1077 4249 1297 4302 Operam
1348 4235 1560 4292 demus.
1613 4239 1802 4292 Patro-

213 4316 379 4372 cinare
410 4320 609 4384 viduis,
657 4321 756 4375 hoc
784 4324 1084 4392 sepulcrale
1112 4323 1346 4378 oftieitnn
1376 4338 1458 4382 est
1486 4331 1799 4385 maximum.

215 4405 300 4462 Dic
321 4426 514 4467 nomen
548 4430 560 4466 :
597 4428 788 4468 omnes
812 4415 925 4468 illas
948 4415 1080 4483 jube
1109 4431 1204 4486 pro
1229 4419 1344 4486 ipso
1369 4435 1558 4488 preces
1589 4433 1642 4476 et
1670 4439 1798 4491 sup-

214 4499 513 4567 plicaliones
565 4505 860 4560 emittere:
896 4507 999 4561 huc
1043 4509 1210 4563 Deum
1264 4512 1536 4580 placabit;
1587 4516 1797 4570 etiamsi

213 4607 306 4646 non
341 4612 433 4664 per
460 4598 638 4662 illum,
668 4607 723 4651 at
756 4610 978 4670 propter
1007 4601 1152 4655 illum
1183 4603 1322 4656 alios
1353 4613 1542 4660 auctor
1568 4609 1638 4660 sit
1662 4608 1798 4664 elee-

212 4697 455 4756 inosynm.
493 4690 564 4744 Et
590 4690 691 4744 hoc
715 4703 1091 4760 argumentum
1123 4703 1210 4750 est
1239 4697 1434 4752 divinte
1470 4699 1790 4755 clementiie.

215 4773 384 4832 Vidua:
428 4782 841 4837 circumstantes
887 4793 940 4837 et
993 4786 1375 4856 lacrymantes,
1429 4805 1534 4844 non
1576 4806 1605 4844 a
1653 4807 1794 4860 pra:-

211 4877 376 4931 scnte,
408 4873 500 4925 sed
534 4887 567 4925 a
593 4871 769 4925 futura
804 4886 973 4929 morte
1008 4888 1234 4946 possunt
1263 4896 1475 4936 eruere.
1539 4881 1687 4936 Multi
1726 4886 1794 4937 ab

214 4956 551 5034 eleemosynis
582 4964 809 5016 aliorum
841 4982 936 5036 pro
964 4982 1021 5023 se
1044 4967 1195 5024 factis
1216 4971 1379 5040 adjuti
1406 4981 1544 5026 sunt.
1573 4973 1626 5028 Si
1648 4975 1791 5028 enim

214 5061 305 5102 non
327 5055 546 5108 omnino
577 5055 684 5108 sint
712 5056 941 5121 liberati,
967 5060 1156 5114 saltem
1197 5062 1429 5131 aliquam
1467 5065 1790 5121 invenerunt

213 5146 638 5201 consolationem.
669 5148 798 5202 Nam
830 5151 873 5203 si
905 5149 1006 5205 hoc
1037 5168 1142 5206 non
1174 5165 1338 5214 esset,
1368 5157 1637 5224 quomodo
1662 5173 1791 5226 pue-

213 5233 302 5285 ruli
348 5241 735 5294 servarentur?
785 5243 1045 5311 siquidem
1094 5245 1224 5299 nihil
1275 5246 1344 5298 illi
1392 5247 1645 5312 afferunt,
1694 5250 1789 5304 sed

214 5330 364 5380 totum
413 5342 666 5401 parentes
715 5350 727 5387 :
781 5347 835 5388 et
885 5337 1198 5393 mulieribus
1254 5339 1436 5393 donati
1479 5353 1604 5396 sunt
1644 5359 1790 5412 saepe

213 5421 367 5485 pueri,
422 5425 511 5494 qui
561 5425 692 5478 nihil
745 5427 810 5480 ad
860 5427 990 5482 illud
1032 5429 1348 5484 intulerunt.
1401 5433 1595 5488 Multas
1647 5435 1788 5490 Deus

213 5513 352 5567 nobis
393 5519 579 5573 salutis
623 5518 772 5573 dedit
819 5522 964 5586 vias,
1015 5523 1175 5577 modo
1223 5540 1326 5578 non
1377 5529 1732 5596 negligamus.

269 5611 338 5666 ι’.
360 5609 490 5674 Quid
523 5628 678 5683 ergo,
717 5614 948 5684 inquies,
981 5617 1023 5670 si
1065 5619 1186 5685 quis
1217 5634 1419 5687 pauper
1447 5620 1554 5674 sit?
1580 5620 1788 5676 Rursus

213 5694 366 5752 dicam
397 5720 408 5754 :
442 5704 814 5778 EleemOsynae
831 5710 980 5778 copia
1011 5725 1115 5764 non
1144 5727 1207 5766 ex
1235 5711 1374 5767 datis
1398 5725 1783 5782 pensaturiuo-

217 5787 293 5848 ὼ).
330 5794 416 5848 sed
443 5797 602 5851 etiam
635 5814 695 5852 ex
736 5802 1028 5868 proposito.
1064 5801 1290 5856 Tantum
1341 5820 1408 5858 ne
1452 5807 1547 5859 des
1583 5809 1780 5868 minus,

218 5895 355 5951 tinam
383 5887 657 5946 facultates
685 5891 878 5957 ferant,
908 5904 959 5949 et
993 5903 1157 5948 totum
1188 5895 1411 5949 solvisti.
1439 5899 1574 5961 Quid
1607 5917 1734 5966 meo
1762 5943 1772 5962 ,

1224 437 1285 490 ΙΝ
1329 436 1502 490 ACTA
1550 433 2072 491 M‘USTOLORUM.
2120 436 2344 492 llOlllL.
2391 438 2530 494 XXI.

3475 447 3572 498 170

1969 547 2202 617 inquies,
2237 551 2282 605 si
2312 551 2461 606 solus
2491 553 2561 608 sit
2588 561 2641 608 et
2666 555 3002 626 peregrinus,
3050 557 3430 629 neminemque
3471 559 3571 614 ha-

1965 637 2129 693 beat?
2166 639 2296 709 Cur,
2342 658 2548 713 qua-so,
2607 646 2879 700 neminem
2927 647 3126 701 habet?
3170 647 3283 703 ltoc
3330 650 3448 720 ipso
3483 651 3571 705 ille

1966 746 2153 799 poenas
2200 734 2313 801 dat,
2364 736 2506 805 quod
2537 738 2808 793 neminem
2841 739 2918 793 sic
2942 741 3200 802 amicum,
3248 742 3329 798 sic
3371 745 3570 798 virtute

1965 823 2247 890 praeditum
2274 826 2488 881 habeat.
2523 828 2707 898 Itaque
2739 829 2843 884 hoc
2874 831 2942 884 ita
2971 847 3030 885 se
3059 831 3242 896 habet,
3277 844 3333 888 ut
3377 840 3421 890 si
3470 851 3569 890 nos

1961 915 2161 971 virtute
2200 919 2408 987 prrediti
2445 935 2552 974 non
2594 921 2787 989 simus,
2831 938 3089 979 curemus
3133 926 3322 980 saltem
3369 929 3568 984 virtute

1963 1008 2219 1074 praeditos
2259 1012 2462 1066 amicos
2494 1013 2713 1077 habere,
2750 1030 3085 1086 uxoremque
3117 1017 3243 1071 item
3269 1029 3322 1072 et
3355 1021 3518 1074 tilium
3547 1063 3564 1087 ,

1959 1111 2015 1154 ut
2043 1100 2278 1156 fructum
2307 1106 2594 1173 quemdam
2637 1123 2732 1177 per
2759 1109 2882 1163 illos
2913 1113 3306 1181 pereipianms;
3343 1131 3563 1184 parvum

1957 1195 2197 1263 quidem,
2231 1199 2325 1252 sed
2359 1208 2537 1255 tamen
2568 1204 2949 1272 percipianius.
2975 1205 3029 1260 Si
3053 1222 3210 1262 cures
3244 1209 3405 1276 piam,
3458 1228 3562 1266 non

1956 1286 2198 1352 divitem,
2233 1289 2434 1346 ducere
2468 1310 2690 1348 uxorem
2718 1299 2734 1327 ί
2758 1339 2770 1358 ,
2802 1297 2903 1353 hac
2931 1298 3123 1354 frueris
3144 1302 3514 1358 consMatione
3547 1324 3559 1358 :

1949 1376 2310 1448 similiterque
2349 1384 2391 1436 si
2420 1399 2578 1438 cures
2604 1388 2770 1440 lilium
2796 1404 2900 1442 non
2925 1391 3258 1460 opulentum,
3291 1395 3384 1450 scd
3416 1397 3560 1465 pium

1956 1470 2282 1540 relinquere,
2315 1476 2359 1528 si
2385 1476 2546 1530 filiam
2579 1490 2810 1546 castam,
2844 1481 2945 1536 hac
2982 1484 3107 1538 item
3142 1485 3339 1541 frueris
3374 1505 3562 1543 conso-

1956 1561 2176 1616 latione.
2211 1562 2266 1619 Si
2313 1566 2427 1620 hare
2469 1584 2649 1634 cures,
2700 1582 2752 1625 tu
2779 1589 2994 1644 quoque
3035 1575 3155 1631 talis
3184 1580 3312 1634 eris.
3348 1580 3406 1635 Et
3444 1582 3559 1637 hau:

1953 1668 2075 1722 pars
2106 1658 2316 1713 virtutis
2340 1671 2443 1727 est,
2471 1663 2607 1718 tales
2631 1665 2828 1734 eligere
2858 1668 3085 1734 amicos,
3114 1687 3358 1739 uxorem,
3395 1677 3553 1731 filios.

2025 1745 2320 1804 Oblationes
2345 1770 2437 1822 pro
2465 1753 2743 1821 defunctis.
2771 1788 2841 1797 -—
2873 1758 2988 1813 Non
3023 1759 3216 1817 frustra
3249 1765 3554 1823 oblatiOnes

1951 1855 2046 1906 pro
2074 1841 2341 1898 defunctis
2373 1845 2536 1913 fiunt,
2572 1865 2678 1902 non
2717 1852 2912 1906 frustra
2955 1868 3178 1924 preces,
3225 1874 3329 1913 non
3361 1861 3552 1915 frustra

1949 1931 2311 2005 eli-emosynm
2342 1954 2354 1989 :
2389 1937 2503 1992 hau:
2532 1941 2711 1994 omnia
2759 1943 2996 2011 Spiritus
3039 1947 3325 2018 disposuit,
3369 1955 3554 2008 volens

1950 2033 2002 2074 ιιι
2051 2039 2148 2078 nos
2199 2037 2389 2082 mutuo
2425 2029 2700 2099 juventus.
2766 2034 2898 2089 Vide
2939 2052 3171 2108 namque
3207 2060 3219 2094 :
3254 2043 3344 2098 ille
3376 2062 3470 2114 per
3502 2057 3553 2100 te

1949 2114 2232 2170 utilitatem
2274 2122 2489 2188 accipit,
2522 2133 2576 2176 tu
2609 2137 2827 2194 prepter
2855 2127 3004 2182 illmn
3030 2131 3234 2200 juvaris
3265 2153 3276 2186 ε
3309 2147 3554 2191 contem-

1950 2205 2100 2271 psisti
2143 2223 2296 2276 epes,
2333 2211 2585 2267 inductus
2615 2218 2678 2269 ad
2704 2219 2828 2285 quid
2858 2236 3122 2290 generose
3151 2229 3546 2295 praistaudmu;

1946 2304 1999 2348 rt
2042 2307 2093 2349 ιιι
2135 2298 2232 2366 ipsi
2262 2301 2469 2368 salutis,
2498 2314 2551 2358 et
2583 2305 2670 2361 ille
2703 2307 2794 2362 tibi
2819 2311 3181 2384 clcemosyna:
3209 2328 3397 2372 auctor
3426 2321 3544 2375 fuit.

1945 2385 2022 2440 Ne
2049 2389 2284 2456 dubites,
2318 2394 2490 2461 ipsum
2521 2397 2648 2466 quid
2685 2399 2806 2453 boni
2837 2401 3216 2474 decerpturum
3250 2429 3389 2465 esse.
3433 2414 3547 2470 Non

1945 2480 2138 2533 h-ustra
2173 2483 2373 2538 clamat
2401 2485 2662 2543 diaconus
2698 2508 2709 2541 :
2743 2491 2845 2547 Pro
2876 2493 2941 2547 iis
2970 2499 3058 2564 qui
3096 2498 3146 2552 in
3186 2500 3400 2556 Christo
3452 2507 3551 2562 de—

1943 2572 2108 2626 functi
2138 2585 2284 2637 sunt,
2317 2586 2372 2631 et
2395 2595 2490 2647 pro
2519 2580 2584 2634 iis
2611 2582 2700 2651 qui
2735 2585 2946 2639 illorum
2975 2593 3288 2647 memoriam
3316 2598 3543 2654 faciunt:

1944 2679 2047 2717 nou
2089 2665 2350 2722 diaconus
2381 2671 2519 2725 hanc
2547 2674 2744 2728 emittit
2775 2693 2984 2742 vocem,
3034 2686 3126 2737 sed
3159 2685 3391 2753 Spiritus
3417 2680 3559 2746 san?

1939 2767 2092 2821 etus;
2127 2757 2249 2813 dico
2277 2773 2459 2815 autem
2491 2763 2690 2818 donum
2721 2769 2858 2835 ejus.
2891 2771 3028 2838 Quid
3057 2775 3234 2829 dicis?
3281 2779 3336 2834 In
3374 2786 3547 2837 mani-

1941 2849 2039 2902 lius
2082 2862 2163 2905 est
2215 2853 2409 2916 hostia,
2462 2867 2514 2910 et
2551 2860 2730 2912 omnia
2785 2875 2967 2930 parata
3020 2879 3263 2935 prostant
3302 2889 3314 2924 :
3347 2873 3544 2930 adsunt

1937 2946 2132 3013 angeli,
2169 2948 2476 3017 archangeli
2506 2967 2518 3015 ;
2551 2951 2705 3005 adest
2737 2953 2900 3008 Filius
2930 2957 3022 3012 Dei
3051 2977 3064 3021 ;
3093 2977 3214 3015 cum
3243 2971 3391 3020 tanto
3419 2967 3545 3022 hor-

1936 3050 2059 3088 rore
2091 3038 2307 3092 adstant
2337 3055 2560 3106 omnes;
2620 3044 2834 3099 adstant
2866 3048 2940 3101 illi
2973 3049 3271 3108 clamantes
3293 3059 3544 3114 omnibus

1923 3127 2221 3183 silentibus
2253 3151 2264 3184 :
2298 3143 2352 3186 et
2381 3144 2536 3202 putas
2569 3136 2682 3190 tunc
2722 3137 2916 3193 frustra
2968 3143 3127 3196 fieri?
3174 3145 3316 3216 Ergo
3354 3158 3408 3204 et
3436 3153 3538 3205 alia

1934 3220 2151 3285 frustra,
2183 3234 2238 3278 et
2282 3240 2403 3294 quae
2455 3243 2550 3294 pro
2586 3228 2846 3294 Ecclesia,
2882 3243 2936 3286 et
2961 3249 3080 3304 qu:e
3111 3251 3208 3304 pro
3238 3242 3539 3297 sacerdoti-

1931 3312 2029 3365 bus
2074 3315 2389 3380 offeruntur,
2438 3327 2493 3372 et
2532 3336 2651 3388 quae
2683 3337 2778 3389 pro
2809 3324 3142 3390 plenitudine
3174 3327 3299 3399 (a)?
3349 3333 3535 3397 Absit;

1928 3407 2021 3459 sed
2051 3411 2228 3461 omnia
2261 3425 2383 3463 cum
2415 3412 2698 3482 fidelium.
2730 3415 2865 3479 Quid
2901 3429 3054 3484 putas
3085 3436 3181 3486 pro
3208 3427 3538 3494 martyribus

1927 3501 2130 3568 otl'erri,
2177 3503 2321 3572 quod
2353 3515 2612 3560 vocentur
2642 3506 2692 3559 iu
2723 3507 2808 3559 illa
2838 3510 3015 3563 liora?
3072 3512 3224 3568 Licet
3267 3528 3536 3588 martyres

1925 3596 2050 3654 sint,
2083 3598 2245 3648 etiam
2281 3613 2376 3664 pro
2405 3600 2750 3669 martyribus,
2809 3617 3033 3671 magnus
3065 3605 3239 3661 honor
3269 3614 3532 3667 nominari

1926 3687 2154 3741 Domino
2185 3700 2474 3758 przrsente,
2517 3694 2642 3744 dum
2679 3710 2823 3749 mors
2855 3695 2941 3748 illa
2974 3698 3268 3766 perficitur,
3305 3702 3533 3760 horreu-

1921 3780 2048 3833 dnm
2082 3783 2425 3848 sacrificium,
2458 3786 2743 3840 ineffabilia
2766 3793 3041 3858 mysteria.
3063 3793 3526 3858 Quemadmodum

1919 3873 2063 3924 enim
2092 3873 2315 3927 sedente
2343 3874 2695 3943 lmperatore,
2732 3895 3086 3952 qua-cumque.
3118 3888 3347 3943 voluerit
3373 3899 3527 3961 quis-

1922 3964 2080 4030 piam,
2131 3966 2382 4034 perficit;
2435 3969 2524 4021 ubi
2567 3979 2747 4024 autem
2798 3977 3118 4038 surrexerit,
3173 3995 3529 4052 qua-cumque.

1916 4058 2131 4120 dixerit,
2165 4058 2361 4114 frustra
2386 4059 2514 4114 dicit
2553 4080 2565 4112 τ
2595 4063 2663 4115 ita
2692 4074 2744 4118 et
2779 4072 2927 4130 tunc,
2971 4071 3229 4136 quamdiu
3282 4087 3527 4141 prostant

1917 4152 2195 4220 mysteria,
2239 4153 2494 4206 omnibus
2539 4154 2713 4209 hooor
2754 4158 3024 4213 maximus
3055 4169 3138 4214 est
3181 4163 3229 4216 in
3263 4170 3523 4222 memoria

1914 4241 2123 4296 haberi.
2162 4243 2291 4297 Vide
2319 4245 2461 4298 enim
2489 4261 2502 4297 :
2531 4249 2880 4303 annuntiatur
2903 4261 3029 4306 tunc
3057 4259 3366 4324 mysterium
3395 4260 3524 4315 hor-

1910 4335 2159 4402 rendum,
2185 4338 2326 4406 quod
2352 4353 2448 4407 pro
2475 4340 2676 4394 mundo
2697 4343 2932 4411 seipsmn
2963 4346 3102 4400 Deus
3123 4347 3330 4405 dederit
3358 4371 3369 4405 :
3396 4368 3518 4410 cum

1912 4432 2169 4486 miraculo
2198 4432 2290 4486 illo
2321 4445 2626 4502 opportune
2657 4447 2922 4490 memorat
2949 4439 3036 4492 ille
3063 4455 3177 4508 eos,
3210 4443 3298 4512 qui
3331 4461 3518 4514 pecca-

1909 4534 2118 4579 verunt.
2168 4524 2320 4583 Sicut
2358 4527 2501 4580 enim
2549 4529 2763 4597 quando
2811 4531 3156 4600 triumphalia
3202 4552 3385 4608 regum
3419 4541 3518 4596 du-

1908 4629 2122 4681 cuntur,
2181 4627 2307 4673 tunc
2353 4620 2700 4674 celebrantur
2742 4623 2904 4676 etiam
2961 4634 3228 4698 quotquot
3271 4632 3513 4691 victori:e

1906 4711 2036 4764 socii
2073 4710 2323 4774 fuerunt;
2354 4711 2698 4766 dimittuntur
2727 4714 2890 4768 etiam
2926 4716 2981 4780 ii,
3036 4720 3124 4786 qui
3177 4722 3229 4775 in
3286 4724 3514 4783 vinculis

1903 4811 2049 4866 sunt,
2075 4802 2145 4855 ob
2176 4803 2435 4871 temporis
2466 4803 2872 4871 celebritatem;
2926 4809 3113 4876 elapso
3155 4823 3334 4869 autem
3374 4827 3512 4873 lem-

1906 4910 2054 4963 pore,
2080 4897 2167 4964 qui
2197 4895 2327 4949 nihil
2359 4905 2682 4966 assequutns
2713 4907 2814 4962 est,
2840 4901 2989 4956 nullo
3019 4901 3212 4960 fruitur
3244 4924 3256 4960 :
3288 4909 3355 4963 ita
3380 4925 3512 4970 sane

1905 4986 2010 5049 hic,
2040 4985 2441 5054 triumphalium
2474 4997 2684 5056 tempus
2711 5001 2814 5043 est.
2867 4990 2998 5045 Nam
3029 4994 3121 5055 ait,
3151 4995 3508 5060 Quotiescum-

1899 5097 1997 5149 que
2023 5081 2342 5133 manducetis
2370 5097 2555 5148 panem
2583 5082 2738 5148 lianc,
2792 5095 3004 5137 mortem
3053 5085 3262 5142 Domini
3303 5109 3510 5148 auium-

1902 5173 2038 5226 tiatis
2067 5173 2139 5240 (I.
2181 5172 2298 5226 Cor.
2341 5174 2424 5226 tt.
2453 5173 2566 5241 96).
2627 5174 2809 5244 Itaque
2847 5191 2913 5231 ne
2958 5188 3252 5251 utcumque
3279 5189 3510 5241 acceda-

1903 5283 2043 5329 nius,
2079 5283 2177 5321 nec
2206 5276 2409 5322 temere
2447 5267 2562 5323 haec
2591 5267 2705 5322 fieri
2732 5279 3004 5338 putemus.
3035 5274 3287 5344 Alioquin
3321 5290 3505 5336 autem

1900 5369 2165 5432 martyres
2193 5375 2576 5424 memoramus,
2602 5372 2654 5414 et
2680 5360 2781 5416 hoc
2807 5363 2858 5417 in
2889 5363 3070 5430 fidem,
3099 5368 3240 5437 quod
3261 5370 3372 5438 jam
3403 5374 3510 5427 Do-

1903 5457 2081 5506 minas
2113 5461 2360 5506 mortuus
2400 5470 2505 5507 non
2536 5454 2603 5506 sit
2630 5471 2642 5518 ;
2678 5461 2729 5508 et
2755 5455 2856 5510 hoc
2892 5458 3101 5527 signum
3131 5471 3214 5515 est
3238 5475 3506 5520 mortuam

1962 5587 1977 5618 ¹
2017 5587 2155 5636 Alius
2178 5587 2348 5646 habet,
2372 5588 2414 5636 si
2446 5601 2586 5638 cnrcs
2607 5601 2703 5637 non
2727 5588 2928 5640 ditatem
2962 5600 3048 5643 sed
3074 5597 3206 5657 piam
3228 5603 3273 5646 et
3304 5611 3503 5661 grai-em

1895 5650 2075 5701 ducere
2099 5663 2315 5700 uxorem.

1957 5725 2027 5772 int
2058 5719 2305 5763 liouna-us
2328 5720 2563 5776 opinatur
2591 5715 2696 5765 haec
2719 5719 2779 5765 ad
2803 5720 2940 5788 illam
2964 5718 3186 5788 liturgige
3207 5722 3508 5788 particulam

1889 5784 2139 5842 spectare.
2163 5790 2233 5842 _:t;
2270 5790 2458 5836 paean“
2492 5794 2651 5838 ηῡρσνεν,
2682 5794 2876 5842 abigat“...
2910 5783 3036 5839 Quid
3065 5782 3102 5829 si
3131 5782 3374 5837 dicamus,
3403 5787 3510 5835 inec

1890 5842 1948 5908 ad
1981 5838 2220 5908 Ecclesia
2247 5842 2617 5908 plenitudinem
2641 5838 2839 5908 referri,
2858 5838 2972 5904 quae
2995 5847 3144 5893 etiam
3168 5852 3372 5908 meatur
3397 5852 3511 5908 pie-

1893 5901 2065 5951 nitudo
2090 5909 2397 5961 sanctorum,
2420 5905 2536 5964 quia
2562 5903 2718 5953 sancti
2749 5904 2797 5950 in
2823 5901 2914 5953 hac
2939 5911 3042 5954 Vita
3063 5906 3299 5964 precibus
3324 5901 3502 5970 egent.
