4094 6482
504 466 597 524 111

509 576 627 618 esse
674 563 943 615 mortem,
990 543 1131 616 quod
1179 541 1267 596 ille
1307 545 1546 592 mortuus
1585 528 1762 583 luerit.
1797 524 1920 577 111110
1966 533 2088 572 cum

509 654 763 709 sciamus,
818 638 1219 698 consideremus
1262 637 1488 701 quantas
1535 629 1817 692 possumus
1843 609 2090 667 consola-

511 751 686 802 tiones
734 736 1001 796 defunctis
1048 729 1316 786 conferre,
1362 719 1479 773 vice
1532 715 1910 782 lacrymarum,
1979 700 2094 752 vice

507 840 750 896 llctnum,
788 832 904 883 vice
951 824 1437 879 monumentorum,
1470 807 1845 871 eleemosynas
1875 808 2089 860 nempe,

511 915 1610 966 ______.___________——

1273 443 1327 497 S.
1368 432 1643 494 JUA'NNIS
1669 419 2137 485 01111180810111
2180 413 2493 473 AllClllEl’.
2531 403 3069 465 CONSTANTIXOP.

1621 895 2521 922 _________________._._.__.

3691 389 3798 443 173

2198 513 2487 568 orationes,
2513 507 2847 561 oblationes;
2879 514 2932 555 nt
2956 512 3008 554 et
3031 498 3101 553 illi
3129 506 3182 549 ct
3205 507 3301 548 nos
3326 490 3585 560 promis<a
3606 500 3794 540 001180-

2197 617 2423 674 qnamur
2445 601 2580 654 bona
2609 639 2623 662 ,
2664 599 2832 666 gratia
2861 603 2916 647 et
2945 589 3272 658 benignitate
3313 578 3574 648 unigeniti
3619 575 3742 629 Filii
3771 614 3793 636 ,

2200 697 2415 765 quicmu
2442 694 2581 748 Patri
2612 702 2663 745 et
2702 687 2920 758 Spiritui
2953 693 3139 738 sancto
3164 679 3330 748 gloria
3357 719 3370 740 ,
3397 675 3589 736 honor,
3624 670 3797 738 impe-

2202 791 2363 852 rium,
2381 802 2520 841 nunc
2539 793 2594 838 ct
2613 795 2847 850 semper,
2868 788 2921 833 et
2942 778 2995 831 111
3015 773 3207 830 saecula
3231 768 3570 825 saeculorum.
3593 762 3795 816 Amen.

2529 868 3796 907 .._____________._——————__..

1901 955 2252 1022 HOMILIA
2296 953 2507 1015 XXII.

507 1135 634 1190 Cir.
679 1129 762 1183 10.
805 1140 856 1177 v.
897 1123 949 1176 1.
993 1115 1080 1171 Vir
1107 1123 1272 1168 autem
1291 1106 1496 1178 quidam
1519 1106 1628 1154 erat
1654 1112 1707 1149 tn
1735 1091 1965 1146 Caesarea
1998 1099 2102 1138 no-

570 1228 701 1278 mine
718 1218 1000 1277 Cornelius,
1033 1205 1257 1264 centurio
1288 1217 1349 1255 ea:
1375 1197 1601 1255 cohorte,
1625 1203 1738 1258 qua
1761 1193 1967 1238 vocatur
1993 1176 2106 1231 Ita-

581 1322 698 1382 lica,
727 1315 784 1368 2.
822 1310 1082 1380 religiosus
1125 1316 1185 1353 ac
1225 1297 1402 1351 timens
1450 1289 1609 1342 Deum
1645 1297 1760 1337 cum
1786 1277 1921 1333 omni
1946 1273 2096 1326 domo

580 1429 694 1475 sua,
742 1407 930 1477 faciens
970 1399 1307 1461 eleemosynas
1335 1382 1521 1438 multas
1548 1376 1699 1449 plebi,
1745 1381 1789 1426 et
1823 1371 2097 1438 deprecans

585 1453 694 1475 .....,
977 1453 983 1454 ,
1180 1453 1202 1461 _

585 1453 752 1558 Deum.
787 1508 981 1562 semper
1010 1505 1027 1543 :
1055 1488 1107 1542 3.
1148 1485 1193 1537 is
1240 1479 1362 1535 vidit
1401 1477 1453 1528 in
1492 1471 1602 1525 visu
1649 1463 1915 1532 manifeste
1949 1453 2095 1526 quasi

579 1601 705 1652 liora
735 1592 835 1645 diei
864 1602 1018 1650 nona,
1068 1579 1302 1650 angelum
1345 1569 1440 1624 Dei
1481 1568 1814 1620 introeunte»:
1841 1556 1907 1608 ad
1932 1569 1984 1607 se
2003 1594 2016 1613 ,
2048 1558 2096 1602 et

580 1690 824 1742 dicentem
854 1678 967 1738 sibi,
999 1645 1221 1730 Corneli.
1249 1667 1303 1720 4.
1331 1663 1392 1716 At
1417 1659 1504 1713 ille
1529 1657 1728 1709 intuens
1758 1664 1891 1710 eum,
1922 1645 2098 1696 timore

577 1787 837 1847 correptus
857 1771 1026 1826 dixit:
1057 1763 1192 1832 Quid
1221 1770 1309 1819 est,
1347 1747 1601 1806 Domine?
1632 1742 1774 1798 Dixit
1797 1748 1962 1792 autem
1986 1733 2096 1787 illi:

583 1873 850 1928 Orationes
882 1875 982 1919 tua;
1007 1870 1053 1914 et
1081 1859 1405 1922 elcemosgna
1433 1856 1532 1899 tute
1555 1837 1891 1895 ascenderunt
1923 1833 1976 1884 in
2004 1844 2099 1881 mc-

580 1965 794 2019 moriam
824 1960 876 2012 in
904 1959 1172 2021 conspectu
1208 1944 1319 1999 Dei.

584 2062 636 2112 1.
679 2055 773 2108 1110
822 2063 930 2104 11011
973 2051 1090 2098 erat
1133 2035 1369 2097 Judzcns,
1419 2042 1518 2084 nec
1557 2021 1768 2078 vivebat
1800 2012 2095 2072 secundum

515 2155 683 2220 legem
710 2162 724 2210 ;
765 2141 858 2198 sed
893 2139 1001 2208 jam
1033 2130 1500 2204 praeoccupaverat
1525 2116 1824 2173 institutum
1853 2108 1977 2162 vita:
2005 2118 2099 2158 110-

509 2255 698 2298 strum.
734 2236 799 2290 Et
828 2231 949 2286 vide
973 2227 1105 2282 duos
1126 2221 1429 2277 credentes,
1457 2207 1759 2266 eunuchum
1784 2204 1836 2257 in
1858 2201 2020 2260 Gaza,
2045 2205 2100 2250 et

511 2338 670 2392 lumc,
701 2327 890 2382 ambos
917 2323 968 2376 in
995 2311 1338 2387 dignitatibus
1367 2302 1710 2359 constitutos,
1745 2301 2097 2362 magnamque

510 2430 577 2481 de
602 2423 705 2479 illis
742 2417 975 2473 habitam
1024 2420 1230 2465 curam.
1276 2398 1382 2454 Sed
1416 2411 1482 2450 ne
1510 2400 1665 2464 putes
1690 2389 1760 2442 ob
1790 2384 2094 2453 dignitates.

460 2544 464 2548 λ
511 2520 625 2574 Non
649 2531 710 2570 ea
745 2513 812 2566 de
855 2521 1037 2566 causa,
1082 2497 1255 2559 absit;
1287 2489 1379 2547 sed
1415 2493 1630 2556 propter
1657 2481 1928 2550 pietatem.
1976 2470 2099 2524 Ideo

511 2612 798 2682 dignitates
829 2601 1013 2673 posita:
1041 2601 1182 2654 sunt,
1207 2596 1263 2640 nt
1294 2582 1464 2652 major
1485 2577 1652 2648 pietas
1675 2573 1926 2627 elueeret.
1953 2564 2100 2617 Mira.

512 2658 668 2759 bilius
689 2699 884 2770 quippe
908 2700 1009 2752 est,
1043 2701 1162 2741 cum
1185 2679 1304 2750 quis
1330 2676 1381 2729 in
1408 2669 1608 2726 divitiis
1637 2674 1693 2719 et
1717 2658 1954 2732 potentia
1973 2671 2100 2710 con-

1694 2755 1729 2770 .,
1789 2767 1806 2770 _
1837 2760 1908 2770 μ,
1964 2745 2098 2770 mm,

730 2745 880 2765 mn-
918 2745 931 2747 _
999 2745 1008 2752 ,
1205 2745 1219 2750 _

511 2745 746 2855 stitutus,
773 2787 890 2842 talis
913 2779 1087 2835 fuerit.
1117 2775 1278 2828 Certe
1306 2777 1492 2833 magna
1524 2759 1666 2813 illius
1694 2755 1810 2808 laus
1831 2760 1934 2813 est,
1959 2745 2100 2817 quod

513 2896 709 2944 tantam
742 2870 1218 2950 peregrinationem
1244 2857 1537 2925 susciperet
1565 2893 1579 2916 ,
1613 2862 1712 2903 nec
1741 2843 1830 2898 tali
1862 2851 2102 2906 tempore

516 2987 567 3035 in
601 2980 682 3030 via
714 2972 993 3027 lectionem
1022 2956 1418 3016 intermitteret,
1467 2955 1521 3000 et
1551 2941 1690 3012 quod
1721 2951 1881 2993 curru
1921 2941 2102 2986 vectus

518 3071 814 3136 l'hilippum
847 3060 1152 3115 advocaret,
1180 3046 1452 3110 multaque
1480 3037 1582 3089 alia
1614 3052 1628 3088 :
1658 3042 1910 3098 tnagnunt
1941 3023 2102 3078 etiam

518 3165 572 3218 in
729 3167 832 3217 est,
868 3147 1008 3221 quod
1037 3143 1408 3207 elcemosynas
1439 3137 1493 3184 et
1523 3137 1707 3196 preces
1733 3121 2022 3177 emitteret,
2051 3119 2108 3166 et

517 3259 569 3309 in
601 3260 747 3304 tanto
775 3205 1070 3315 priticipatu
1098 3233 1212 3304 pius
1240 3205 1401 3282 esset.
1449 3218 1601 3275 Unde
1639 3223 1693 3269 et
1721 3213 1789 3265 ab
1820 3212 1921 3263 hoc
1956 3205 2104 3260 illum

523 3355 703 3400 notum
735 3298 862 3392 la'cit
892 3354 904 3388 ε
939 3342 993 3386 01
1032 3327 1224 3383 merito
1247 3363 1262 3386 ,
1296 3330 1354 3372 nt
1393 3331 1460 3370 ne
1491 3311 1610 3382 quis
1638 3308 1844 3362 diceret
1890 3298 2104 3355 mentiri

475 3523 495 3552 ‘
521 3487 730 3584 cabalur
768 3519 971 3574 Italica.
1002 3502 1207 3567 Cohors
1247 3501 1323 3572 (a)
1358 3507 1493 3559 crat,
1528 3492 1577 3546 id
1607 3487 1746 3560 quod
1777 3498 1916 3538 nunc
1946 3496 2106 3534 voca-

525 3635 643 3676 mus
665 3623 967 3670 numerum.
1003 3603 1124 3656 Pius
1150 3613 1208 3650 ac
1241 3595 1417 3647 timens
1448 3587 1610 3639 Deum
1640 3595 1754 3634 cum
1783 3575 1919 3630 omni
1958 3573 2107 3626 doma

524 3729 636 3766 sua.
667 3707 791 3762 11100
833 3700 980 3762 dicit,
1027 3709 1094 3748 ne
1121 3699 1276 3760 putes
1313 3685 1382 3737 ob
1416 3681 1728 3749 dignitatem
1757 3670 1872 3739 ejus
1899 3668 1974 3722 sic
2003 3665 2113 3719 dis-

525 3810 805 3878 pensatum
846 3793 1031 3848 fuisse.
1081 3780 1304 3852 Quando
1333 3774 1550 3830 Paulum
1583 3765 1773 3820 adduci
1804 3758 2106 3831 oportebat,

1211 3871 1241 3878 “
1348 3870 1357 3878 ⁸
1544 3866 1747 3878 νᾼιῌ-ι-
1781 3867 1955 3878 -Αη--Λ
1989 3848 2106 3878 “iis,

530 3848 635 3954 11011
667 3889 906 3961 angelus,
937 3880 1029 3936 sed
1055 3879 1169 3948 ipse
1211 3870 1463 3926 Dominus
1494 3866 1749 3930 apparet;
1781 3867 1956 3922 neque
1989 3848 2112 3902 tuit-

530 3991 591 4044 tit
620 3943 768 4040 1111111υ
790 3979 854 4033 ad
898 3943 1129 4042 aliquam
1172 3980 1236 4019 ex
1267 3955 1549 4016 duodecim
1588 3952 1712 4014 illis,
1746 3944 1840 4002 sed
1867 3943 1932 3996 ad
1966 3943 2110 3994 Ana-

529 4084 693 4138 niam.
726 4075 819 4129 llic
846 4085 971 4124 vero
998 4072 1204 4121 contra,
1229 4053 1572 4125 corypbmum
1606 4044 1785 4106 mittit,
1816 4050 1873 4093 ut
1903 4037 2110 4104 Philip-

530 4189 654 4246 pum
677 4170 740 4223 nd
763 4162 1087 4222 eunuchum,
1113 4154 1318 4207 illorum
1343 4139 1634 4199 inlirmitati
1653 4153 1710 4190 se
1731 4143 2112 4198 attemperans,

1481 4235 1510 4246 Α,
1883 4222 2011 4246 ,η’-η
2059 4228 2106 4246 Μ

530 4222 832 4329 11οεῡ115ψιθ
883 4247 1152 4324 quomodo
1196 4239 1388 4297 talibus
1439 4235 1514 4289 uti
1561 4236 1825 4299 oporteat.
1883 4222 2013 4276 Nam
2058 4228 2112 4272 et

533 4319 778 4414 Christus
820 4319 963 4415 saepe
990 4344 1211 4410 apparet
1257 4335 1340 4393 iis,
1392 4328 1481 4398 qui
1512 4324 1651 4380 mala
1691 4319 1984 4389 patiuntur,
2019 4325 2117 4365 nec

540 4456 763 4524 possunt
791 4457 884 4512 per
912 4454 971 4493 se
1001 4431 1279 4489 accedere.
1309 4423 1444 4480 Vide
1471 4428 1648 4473 autem
1677 4425 1730 4468 et
1761 4412 1845 4466 hic
1866 4452 1879 4472 ,
1912 4419 2113 4476 quaeso,

1289 4519 1298 4524 ⁸
1523 4521 1530 4524 -
1612 4519 1621 4524 λ
1656 4507 1757 4524 ἰν-
1787 4505 1834 4524 2..
1869 4497 2090 4524 Τλιιῖιιια

540 4497 682 4600 idind
711 4539 1068 4601 clccmosyna:
1094 4519 1430 4578 encomiutn:
1482 4521 1539 4564 ut
1576 4519 1628 4563 et
1656 4507 1763 4560 illic
1787 4505 1839 4556 in
1869 4497 2117 4554 Tabitba.

550 4637 636 4689 l'ir
665 4633 797 4701 pius,
830 4624 1018 4693 inquit,
1046 4628 1090 4671 et
1117 4616 1294 4668 timens
1334 4607 1493 4659 Deum
1533 4617 1644 4655 cum
1675 4596 1809 4651 omni
1837 4595 1984 4646 domo
2004 4605 2116 4642 sua.

545 4729 836 4785 Audiamus
887 4721 1143 4788 quotquot
1184 4703 1508 4761 (101110811008
1554 4695 1681 4750 nihil
1725 4701 1994 4746 curamus.
2027 4684 2121 4736 llic

545 4831 721 4874 autem
767 4824 823 4869 ct
863 4811 1089 4866 militum
1124 4812 1308 4856 curam
1349 4792 1585 4864 gerebat.
1635 4796 1687 4840 et
1728 4782 2122 4846 eleeumsynam

547 4910 801 4977 erogabat
826 4902 970 4958 omni
1004 4895 1219 4967 populo.
1265 4889 1355 4943 Sic
1395 4895 1449 4939 et
1490 4883 1736 4949 dogmata
1769 4883 1824 4929 et
1847 4871 1954 4923 vita
1988 4867 2128 4921 illius

549 4958 760 4977 ωηεν---
788 4958 799 4960 ν
1007 4958 1017 4967 _
1078 4958 1088 4964 _

549 5014 694 5062 recta
729 5000 960 5054 luerunt.
999 4988 1134 5040 Vidit
1166 4985 1216 5036 in
1245 4982 1351 5034 visu
1382 4975 1665 5043 maniftste,
1696 4966 1838 5037 quasi
1871 4965 1995 5015 liora
2031 4958 2130 5009 diei

553 5115 708 5161 nona,
752 5087 982 5159 angelum
1015 5080 1106 5133 Dei
1137 5079 1468 5129 introeuntem
1486 5065 1548 5115 ad
1571 5078 1642 5123 se,
1673 5069 1717 5112 et
1744 5058 1983 5110 dicentem
2015 5049 2129 5111 sibi,

1466 5156 1483 5161 ⁸
1530 5153 1568 5161 ““
1716 5150 1743 5161 ν’
1846 5147 1872 5161 ﬂ
1950 5152 1985 5161 με
2032 5142 2087 5161 Ῐὶ,

553 5142 770 5242 (10111011.
813 5142 989 5246 auare
1019 5172 1160 5224 videt
1195 5156 1486 5232 angelum?
1530 5153 1594 5209 Ul
1619 5150 1812 5206 certior
1844 5147 1991 5198 licrct
2032 5142 2131 5194 Pe-

555 5292 705 5341 trus;
737 5277 846 5328 imo
877 5283 981 5321 non
1010 5263 1118 5323 ille,
1156 5256 1248 5311 sed
1275 5253 1362 5307 alii
1392 5245 1734 5320 inﬁrmiores.
1769 5236 1921 5291 Nona
1957 5242 2134 5286 autem

562 5376 682 5424 hora
702 5409 716 5426 ,
755 5359 967 5434 quando
995 5353 1138 5408 curis
1166 5350 1300 5402 liber
1331 5346 1380 5397 in
1407 5343 1585 5410 quiete
1611 5341 1748 5399 erat,
1782 5345 1901 5383 cum
1936 5327 1986 5378 in
2015 5337 2134 5376 ora-

561 5461 792 5516 tionibus
815 5464 867 5510 et
899 5453 950 5505 in
979 5442 1390 5514 compunctioue
1414 5431 1745 5487 versabatur.
1799 5422 2011 5477 Intaens
2049 5434 2137 5468 au-

562 5568 660 5610 tent
694 5552 860 5609 illum,
891 5546 1065 5596 timore
1092 5542 1371 5602 comptus,
1406 5526 1550 5578 dixit.
1604 5519 1734 5572 Vide
1761 5514 2005 5585 angelum
2039 5525 2141 5562 111111

567 5723 660 5764 1111⁵,
686 5723 835 5778 spira.
866 5723 1008 5745 I'UIIU
1044 5723 1172 5753 ονηυ
1201 5723 1250 5759 ξ.
1276 5723 1460 5751 νν.----.
1487 5723 1496 5725 0
1514 5723 1528 5738 ι
1712 5723 1728 5735 ν

567 5772 722 5818 (ira-ct
748 5763 1000 5812 cohortem
1041 5751 1335 5818 “promunt
1354 5754 1528 5818 “eum?
1549 5737 1716 5818 ductor
1748 5745 1930 5818 relaxes;
1957 5736 2013 5812 et
2030 5729 2146 5772 sunt

571 5800 722 5818 ιιιιυι
748 5800 884 5812 νυισν-
902 5800 1000 5807 -.κν-ν
1046 5800 1050 5801 ν
1071 5800 1122 5814 0,..
1451 5800 1462 5802 _

571 5835 771 5880 tortasse
809 5817 1064 5884 quingenti
1089 5813 1276 5861 milites.
1317 5805 1476 5866 t‘olyb.
1503 5801 1544 5884 ll.‘
1562 5800 1591 5847 6
1614 5813 1624 5847 :
1653 5812 1711 5884 .31
1733 5810 1774 5846 τε.
1794 5810 1854 5855 ιιι-ἰν
1879 5808 1979 5860 puga,
1998 5800 2148 5884 ἶιασιτῦν

1553 5875 1660 5884 Alﬁus
1687 5873 1760 5884 ιι...
1848 5869 1890 5884 In
1942 5863 2073 5884 ιΙΥΙΙῚΙΙ
2096 5860 2148 5884 [ις

573 5851 771 5880 lunas“:
809 5851 1064 5884 qutuﬁuuu
1089 5851 1276 5861 ...ιυηψ
1318 5851 1328 5855 -
1353 5851 1437 5866 ,γὸγ
1796 5851 1802 5855 1
1881 5851 1886 5853 _
1928 5851 1934 5853 ἡ

573 5903 785 5942 insinuat
807 5909 940 5945 ιτα-(1....
966 5895 1026 5930 καὶ
1051 5894 1209 5944 culp-av,
1240 5899 1297 5921 uc.
1322 5862 1782 5945 ar,;mr.~..‘llasattbott.
1831 5869 1890 5904 .iC
1940 5851 2148 5913 δίηῃιιιίιδ

753 5928 1266 6015 dpiJ—eliiirt'tordinem,
1295 5928 1587 5990 nuanpnlum
1609 5963 1620 5981 ,
1647 5932 1847 5983 signum.

2205 1080 2384 1135 statim
2412 1080 2680 1135 dicentem
2701 1095 2820 1148 qua:
2852 1078 3092 1131 dicturus
3126 1081 3261 1134 erat,
3290 1068 3383 1126 sed
3413 1065 3557 1136 prius
3582 1061 3799 1118 solven-

2206 1181 2310 1228 tem
2341 1184 2561 1237 metnm,
2585 1182 2894 1227 0111101110111
2928 1169 3044 1238 ejus
3073 1167 3392 1236 erigentem.
3419 1160 3551 1215 Nam
3574 1173 3642 1211 ex
3674 1157 3798 1208 visu

2203 1273 2379 1319 metus
2407 1265 2537 1330 luit;
2569 1263 2662 1319 sed
2691 1272 2864 1318 metus
2894 1261 3220 1322 moderatos,
3241 1255 3330 1324 qui
3360 1255 3505 1306 illum
3530 1253 3796 1302 intentum

2202 1356 2450 1411 redderet
2499 1366 2726 1410 tantum.
2787 1353 2990 1409 Deinde
3031 1352 3196 1407 verba
3245 1359 3444 1402 metum
3495 1343 3798 1402 solverunt,

2204 1445 2312 1501 imo
2340 1449 2513 1517 potius
2545 1446 2730 1501 laudes
2768 1447 2871 1501 illis
2900 1445 3167 1514 adjnncue
3207 1438 3412 1494 timoris
3447 1434 3796 1505 asperitatem

2203 1543 2530 1612 tnitigarunt.
2565 1540 2703 1596 Audi
2746 1555 2876 1594 vero
2905 1554 3023 1608 qua:
3053 1535 3215 1590 verba
3245 1550 3260 1585 :
3303 1529 3574 1583 Orationes
3610 1537 3710 1577 tua:
3751 1530 3800 1575 et

2200 1635 2528 1704 eleemosyna:
2554 1642 2653 1686 tua:
2683 1631 3018 1685 ascenderunt
3042 1629 3094 1680 in
3122 1624 3415 1678 memoriam
3441 1620 3493 1672 in
3523 1625 3799 1684 conspectu

2201 1724 2320 1779 Dei.
2350 1726 2404 1780 5.
2443 1723 2593 1778 Nunc
2641 1739 2760 1793 ergo
2806 1723 2947 1774 mitte
2992 1721 3126 1774 viros
3172 1718 3223 1771 in
3265 1714 3488 1784 lappeu,
3532 1721 3578 1764 et
3609 1705 3801 1761 accersi

2203 1819 2463 1874 Simonem
2492 1821 2781 1886 quemdam,
2816 1814 2899 1883 qui
2942 1811 3328 1882 cognominatur
3353 1804 3559 1858 Petrus.
3607 1799 3685 1855 Ne
3731 1796 3800 1851 ad

2203 1911 2364 1966 alium
2398 1910 2633 1974 veniant,
2670 1921 2776 1961 non
2806 1921 2834 1958 a
2869 1902 3189 1973 cognomine
3221 1906 3426 1953 tantum
3451 1937 3467 1961 ,
3509 1891 3606 1949 sed
3637 1891 3800 1946 etiam

2203 2020 2232 2057 a
2271 2003 2388 2057 loco
2417 2002 2588 2055 virum
2625 2000 2870 2054 denotat.
2902 1996 2955 2050 6.
2997 1994 3092 2047 llic
3124 1992 3417 2062 liospitatur
3453 1985 3593 2055 apud
3625 1983 3801 2038 Simo-

2205 2113 2316 2149 nem
2344 2092 2610 2164 quemdam
2639 2091 2948 2154 coriarium,
2983 2087 3134 2156 cujus
3159 2083 3437 2138 estdomus
3456 2081 3611 2148 juxta
3639 2090 3798 2128 mare.

2207 2188 2451 2241 Vidistin‘
2498 2183 2773 2255 quomodo
2824 2179 3093 2251 apostoli,
3145 2174 3452 2231 solitudinis
3499 2180 3554 2225 et
3605 2169 3804 2239 quietis

2204 2289 2466 2345 amantes,
2495 2278 2814 2334 remotiores
2841 2274 3050 2329 urbium
3076 2280 3254 2341 partes
3280 2263 3641 2322 sectarentur?
3663 2260 3804 2328 Quid

2208 2375 2386 2442 igitur,
2440 2372 2484 2425 si
2512 2371 2831 2439 contigisset
2876 2366 3040 2420 alium
3073 2377 3194 2418 esse
3228 2360 3503 2415 Simonem
3533 2363 3585 2409 et
3630 2357 3805 2423 ipsum

2204 2462 2530 2520 θοι-111111111ιῖρ
2583 2461 2689 2516 Sed
2747 2469 2802 2513 et
2866 2457 3028 2510 aliam
3097 2462 3278 2508 notam
3325 2448 3605 2510 habebat,
3659 2444 3804 2514 quod

2207 2559 2466 2615 habitaret
2487 2556 2636 2626 juxta
2660 2568 2808 2608 mare
2841 2571 2855 2604 :
2890 2553 2989 2605 tria
3018 2556 3195 2602 autem
3230 2545 3315 2599 illa
3345 2558 3452 2595 non
3481 2551 3808 2594 concurrere

2209 2658 2475 2720 poterant.
2527 2647 2636 2702 Nec
2670 2645 2824 2708 dixit,
2855 2656 3044 2712 quare,
3077 2655 3145 2694 ne
3175 2638 3475 2698 resolnttun
3518 2633 3805 2692 redderet;

2209 2743 2303 2798 sed
2334 2741 2569 2807 dimisit,
2612 2747 2670 2792 ut
2712 2734 2963 2791 audiendi
2994 2731 3262 2787 desiderio
3305 2723 3616 2782 teneretur?
3649 2724 3702 2780 7.
3738 2720 3808 2775 Et

2210 2852 2323 2890 cum
2348 2833 2652 2887 discessisset
2679 2829 2910 2900 angelus,
2943 2828 3031 2896 qui
3052 2822 3348 2892 loquebatur
3373 2815 3626 2879 Cornelio,
3655 2829 3807 2866 voca-

2209 2932 2276 2984 rit
2303 2929 2430 2981 duos
2467 2925 2768 2979 domesticos
2816 2937 2954 2984 suos,
2987 2927 3035 2971 et
3064 2917 3272 2970 militent
3299 2921 3596 2966 metuentem
3620 2906 3808 2960 Domi-

2212 3039 2354 3087 num,
2389 3037 2449 3074 ea:
2466 3021 2528 3072 iis
2557 3019 2641 3088 qui
2673 3017 2749 3069 illi
2780 3013 3051 3085 parebant.
3081 3009 3135 3063 8.
3188 3005 3380 3071 Quibus
3410 3018 3525 3056 cum
3552 3007 3811 3053 narrasset

2213 3117 2404 3181 omnia,
2452 3115 2585 3166 misit
2625 3110 2743 3163 illos
2787 3110 2841 3161 in
2880 3105 3103 3174 Joppen.
3154 3099 3343 3154 Viden‘
3381 3097 3528 3150 illum
3558 3094 3811 3147 1111011011

2213 3212 2330 3265 sine
2359 3222 2517 3262 causa
2550 3205 2753 3268 dicere,
2801 3199 2893 3255 scd
2924 3207 2982 3251 ut
3010 3193 3321 3250 ostenderet
3351 3205 3466 3254 eos,
3512 3186 3599 3256 qui
3651 3200 3810 3255 pare-

2215 3304 2344 3355 bant
2371 3299 2464 3364 illi,
2499 3297 2630 3350 tales
2661 3292 2868 3347 fuisse?
2919 3289 2984 3343 Et
3032 3304 3148 3340 cum
3172 3291 3426 3338 narrasset
3464 3280 3566 3334 illis
3595 3278 3768 3331 omnia
3795 3319 3812 3338 ,

2215 3394 2405 3464 inquit.
2441 3390 2569 3444 Vide
2596 3401 2755 3457 quam
2788 3384 2998 3438 alienus
3019 3380 3084 3435 sit
3109 3395 3136 3432 a
3175 3377 3333 3431 fastu.
3367 3374 3482 3427 Non
3512 3371 3670 3434 dixit,
3709 3369 3816 3422 Vo-

2214 3497 2333 3542 cale
2361 3483 2487 3538 mibi
2512 3482 2770 3544 Petrum;
2803 3475 2897 3531 sed
2922 3483 2977 3528 ut
2998 3470 3271 3532 suaderet,
3313 3465 3552 3519 narravit
3579 3461 3758 3514 omnia
3797 3476 3810 3510 :

2216 3582 2296 3635 sic
2326 3593 2440 3632 rem
2467 3575 2554 3629 ille
2585 3571 2808 3642 provide
2835 3569 3047 3639 agebat.
3099 3563 3218 3618 Non
3246 3559 3390 3614 enim
3422 3555 3590 3610 voluit
3616 3569 3681 3606 ex
3713 3568 3817 3605 au-

2217 3670 2466 3726 ctoritate
2516 3667 2662 3720 illum
2713 3674 2994 3716 accersere
3026 3674 3038 3711 :
3074 3656 3197 3710 ideo
3228 3660 3427 3706 narrat.
3471 3648 3650 3716 Usque
3678 3645 3821 3698 adeo

2220 3762 2494 3817 modestus
2521 3766 2638 3812 erat
2666 3755 2849 3812 homo,
2893 3747 3104 3804 etiamsi
3135 3745 3267 3799 nihil
3306 3755 3554 3809 maguum
3592 3736 3820 3805 cogitari

2221 3861 2404 3924 posset
2427 3852 2493 3906 de
2520 3851 2634 3902 viro
2660 3845 2798 3916 apud
2821 3842 3110 3899 coriarium
3142 3837 3477 3892 diversante.
3510 3831 3560 3886 9.
3599 3830 3820 3884 Postera

2220 3921 2390 4000 autem
2431 3945 2531 4009 die,
2583 3941 2678 3993 iter
2715 3938 2819 3991 illis
2859 3933 3184 4006 facientibus,
3219 3937 3263 3983 et
3292 3921 3822 3997 appropinquantibus

2221 4039 2430 4103 civitati,
2477 4033 2701 4088 ascendit
2752 4029 2935 4082 Petrus
2968 4026 3020 4079 in
3050 4022 3315 4093 superiora
3342 4018 3478 4072 circa
3502 4016 3680 4068 lteram
3706 4029 3827 4066 sex-

2226 4145 2349 4187 tam.
2383 4129 2516 4184 Vide
2556 4122 2827 4194 quomodo
2857 4119 3088 4189 Spiritus
3121 4124 3362 4180 tempora
3390 4116 3703 4166 connectat,
3755 4119 3824 4157 ac

2226 4240 2398 4294 neque
2437 4223 2592 4276 citius
2637 4230 2809 4285 neque
2845 4212 3054 4265 tardius
3089 4222 3202 4261 rem
3233 4203 3407 4258 iaciat.
3445 4197 3704 4257 Ascendit,
3739 4195 3825 4248 in-

2227 4320 2360 4389 quit,
2396 4315 2580 4369 Petrus
2609 4313 2660 4364 in
2687 4307 2971 4376 superiora,
3018 4310 3074 4354 ut
3108 4305 3275 4352 oraret
3313 4295 3448 4348 circa
3487 4293 3665 4344 harant
3708 4303 3824 4340 sea—

2229 4425 2333 4467 tam
2362 4427 2380 4464 :
2422 4409 2525 4463 hoc
2565 4413 2666 4468 est,
2715 4411 2960 4455 seorsum
2989 4402 3043 4449 et
3075 4394 3126 4446 in
3156 4390 3357 4461 quiete,
3388 4384 3537 4454 quasi
3563 4383 3613 4435 in
3635 4394 3827 4434 creua-

2228 4501 2482 4559 cnlo.10.
2531 4498 2590 4551 Et
2624 4511 2735 4550 cum
2781 4492 3015 4553 esuriret,
3065 4483 3223 4540 voluit
3261 4490 3483 4551 gustare.
3513 4471 3832 4528 Parentibus

2229 4609 2394 4651 autent
2417 4595 2539 4657 illis,
2586 4589 2763 4642 cecidit
2802 4599 2953 4652 super
2982 4596 3095 4633 eum
3121 4576 3301 4630 mentis
3328 4585 3578 4633 excessus,
3625 4577 3671 4621 et
3701 4565 3833 4618 uidit

2233 4691 2410 4744 ca’lum
2435 4695 2685 4755 apertum.
2733 4677 2870 4744 Quid
2900 4685 2984 4729 est
3013 4671 3211 4725 mentis
3231 4681 3484 4721 excessus
3509 4664 3532 4716 ?
3560 4661 3831 4730 Spiritua-

2236 4783 2319 4840 lis,
2353 4777 2542 4845 inquit,
2591 4768 2974 4837 contemplatio
3014 4761 3212 4817 accidit
3240 4759 3311 4811 illi
3345 4775 3358 4811 :
3386 4773 3450 4810 ex
3479 4766 3725 4822 corpore.
3770 4759 3838 4802 ttt

2238 4872 2306 4924 ita
2339 4870 2531 4929 dicam,
2564 4861 2798 4919 excessit
2826 4857 3023 4911 anima.
3057 4853 3144 4906 11.
3199 4850 3258 4903 lt't
3300 4847 3423 4902 vidit
3468 4845 3647 4899 cretum
3675 4856 3837 4910 aper-

2241 4973 2363 5024 tum,
2389 4971 2434 5013 et
2457 4959 2762 5012 descendens
2785 4968 2870 5004 vas
2897 4945 3153 5016 quoddam
3176 4941 3305 4995 velut
3337 4939 3544 4992 linteum
3569 4947 3836 5002 magnum,

2239 5067 2416 5125 quatut
2447 5053 2630 5105 ‘initiis
2671 5043 2894 5100 submitti
2921 5041 2982 5092 de
3010 5037 3133 5091 ca'lo
3172 5035 3222 5086 in
3252 5043 3437 5085 terram
3473 5044 3490 5080 :
3535 5025 3620 5079 12.
3655 5025 3704 5075 111
3731 5038 3840 5088 quo

2239 5158 2417 5202 erantt
2459 5145 2574 5195 lania
2603 5134 2951 5209 qnadrupedia
2993 5141 3169 5191 terrte,
3202 5135 3248 5177 et
3281 5121 3448 5176 bestite
3494 5127 3538 5169 et
3583 5113 3842 5183 serpentia

2243 5253 2289 5294 et
2317 5236 2547 5292 volatilia
2577 5205 2709 5285 ctvli.
2741 5228 2826 5281 l5.
2862 5224 2923 5278 Et
2957 5227 3094 5292 facta
3123 5225 3194 5270 est
3230 5229 3322 5266 vox
3349 5211 3416 5262 ad
3443 5223 3556 5261 eum
3587 5221 3605 5259 :
3645 5205 3836 5272 Surge,

2249 5333 2417 5388 I’ctre,
2443 5326 2635 5386 occide,
2669 5331 2712 5373 et
2745 5317 3012 5370 manduca.
3049 5311 3136 5363 Li.
3167 5306 3247 5358 Ait
3276 5313 3445 5355 autem
3478 5297 3663 5352 Petrus
3691 5311 3709 5346 :
3739 5293 3845 5345 Ab-

2246 5429 2329 5487 sit,
2365 5421 2602 5477 Domine,
2638 5416 2752 5484 quia
2783 5422 3057 5474 numquam
3081 5396 3378 5453 manducavi
3407 5407 3554 5446 omne
3580 5403 3850 5441 commune

2250 5531 2293 5574 et
2327 5512 2665 5571 immundum.
2719 5505 2801 5559 15,
2851 5501 2916 5554 Et
2957 5513 3052 5551 uua:
3098 5495 3278 5545 iterum
3327 5484 3546 5539 secundo
3590 5480 3656 5533 ad
3682 5494 3792 5531 eum
3829 5493 3850 5531 :

2253 5611 2400 5679 Quod
2428 5608 2560 5660 Deus
2591 5597 2894 5670 ptn'iﬁcavit,
2927 5603 2978 5645 tu
3009 5599 3269 5642 comnmne
3289 5596 3351 5633 ne
3382 5575 3589 5630 dixeris.
3616 5572 3702 5625 lli.
3734 5568 3854 5622 Hoc

2249 5713 2415 5758 autem
2440 5705 2570 5770 factu
2600 5717 2626 5743 11
2659 5702 2728 5746 est
2770 5703 2924 5757 usque
2964 5681 3148 5743 tertio;
3179 5686 3224 5728 et
3262 5672 3430 5727 statim
3479 5671 3733 5733 receptum
3777 5670 3857 5715 est

2255 5815 2338 5854 vas
2368 5799 2416 5846 in
2447 5793 2648 5843 aulum.

2332 5889 2384 5940 ἢ.
2421 5882 2556 5950 Quid
2605 5880 2706 5932 hoc
2735 5874 2851 5930 est?
2889 5865 3198 5940 Symbolum
3242 5858 3402 5914 latius
3432 5849 3578 5908 orbis
3617 5863 3705 5902 res
3746 5854 3860 5899 est.
