4094 6508
236 461 346 518 ιπ

238 577 415 631 "unto
443 571 859 629 incircumcisus
893 575 1033 633 erat,
1070 563 1310 634 nihilque
1354 573 1639 616 commune
1677 554 1840 610 habe-

239 670 334 720 hat
359 681 477 719 eum
508 664 734 720 Juda-is.
781 661 914 730 Quia
964 660 1124 727 igitur
1169 669 1360 710 omnes
1401 653 1550 707 illum
1581 661 1640 703 ut
1669 659 1840 702 trans-

237 772 544 828 gressorem
573 752 880 810 accusaturi
910 760 1087 811 erant,
1134 757 1190 803 et
1229 747 1336 802 illis
1374 744 1661 800 admodum
1693 740 1841 795 cordi

235 859 360 905 erat
390 867 405 905 :
439 849 744 903 necessario
776 845 864 900 ille
892 845 970 898 sic
1007 858 1121 896 rem
1169 839 1484 909 temperavit
1514 846 1568 889 ut
1595 835 1797 889 diceret
1826 847 1840 884 :

244 939 545 1008 Numquam
585 937 822 1001 comedi;
871 949 978 989 non
1023 932 1164 1003 quod
1209 931 1442 992 timeret,
1481 927 1659 991 absit;
1691 923 1782 977 sed
1811 938 1842 977 a

237 1030 472 1100 Spiritu,
504 1041 559 1082 ut
603 1029 734 1088 dixi,
767 1028 844 1081 sic
874 1024 1164 1094 dispositus
1212 1021 1331 1084 fuit,
1373 1029 1427 1073 ut
1471 1017 1840 1072 defensionem

241 1122 468 1176 haberet
496 1129 684 1175 contra
713 1135 827 1183 eos,
861 1118 948 1187 qui
981 1131 1040 1170 se
1064 1122 1400 1172 accusarent,
1433 1109 1574 1180 quod
1610 1107 1842 1162 restitis-

236 1227 323 1269 set
353 1233 364 1265 :
396 1227 586 1282 magna
623 1213 764 1265 enim
795 1226 921 1264 cura
952 1208 1058 1262 illis
1087 1214 1224 1270 erat,
1273 1213 1331 1258 ut
1380 1203 1465 1258 lex
1514 1208 1840 1256 servaretur.

235 1308 322 1362 Ad
353 1316 539 1377 gentes
572 1304 898 1358 mittebatur.
930 1301 1008 1356 Ne
1039 1300 1199 1370 igitur
1225 1298 1278 1352 hi
1309 1297 1469 1351 etiam
1503 1295 1651 1348 illum
1681 1307 1843 1346 accu-

236 1409 452 1466 snrcnt,
479 1411 529 1453 ul
563 1399 694 1464 dixi,
728 1398 842 1452 ha'c
873 1398 942 1450 ita
967 1395 1271 1466 dispensata
1297 1401 1420 1447 sunt
1449 1408 1462 1444 :
1489 1397 1580 1474 aut
1607 1404 1675 1443 ne
1695 1387 1845 1441 vide-

237 1505 392 1549 retur
431 1492 708 1562 phantasia
744 1489 988 1562 quazdam
1029 1504 1172 1553 esse,
1197 1487 1334 1542 dixit
1363 1504 1376 1539 :
1407 1481 1570 1549 Abs‘it,
1601 1483 1838 1546 Domine,

234 1589 362 1656 quia
398 1604 672 1656 numquam
721 1585 1022 1638 manducavi
1074 1597 1339 1637 commune
1367 1590 1457 1633 aut
1500 1578 1842 1632 inunundum.

235 1680 406 1736 Facta
436 1689 518 1734 est
553 1689 730 1733 autem
754 1693 855 1732 vox
887 1676 952 1730 ad
985 1677 1129 1728 illiilli
1161 1693 1172 1726 :
1209 1673 1335 1740 Quae
1368 1671 1503 1725 Deus
1531 1669 1840 1740 puri/icavit,

234 1783 294 1824 tu
321 1787 590 1825 commune
618 1787 680 1824 ne
705 1770 916 1823 dixeris.
946 1767 1057 1822 Hoc
1085 1765 1296 1821 videtur
1323 1764 1539 1835 quidem
1586 1763 1649 1816 ad
1694 1761 1842 1815 illum

233 1863 372 1925 dici,
403 1871 570 1917 totum
602 1875 730 1916 vero
755 1860 956 1916 Judwis
981 1859 1194 1914 dicitur.
1223 1857 1356 1913 Nam
1397 1857 1440 1910 si
1485 1854 1738 1926 Magister
1763 1854 1844 1908 iu-

231 1961 512 2023 crcpatur,
560 1953 730 2006 multo
770 1953 940 2023 magis
973 1951 1048 2006 hi.
1084 1950 1332 2005 Linteum
1363 1963 1495 2018 ergo
1539 1957 1622 2002 est
1668 1957 1842 2012 terra;

234 2047 371 2102 ferte
396 2055 572 2101 autem
601 2046 656 2101 in
682 2046 771 2100 illa
800 2044 1028 2116 gentiles
1052 2063 1067 2110 ;
1094 2043 1221 2098 illud
1248 2057 1395 2106 vero,
1429 2039 1616 2094 Occide
1636 2048 1681 2093 et
1699 2056 1845 2092 man-

234 2139 395 2200 duca,
423 2138 687 2208 signiﬁcat
735 2138 855 2191 illos
882 2136 1139 2191 accedere
1167 2135 1364 2189 debere
1390 2151 1403 2198 ;
1437 2131 1578 2203 quod
1607 2147 1734 2186 vero
1765 2140 1846 2186 ter

236 2234 356 2293 liat,
383 2231 434 2285 id
462 2231 783 2298 baptismum
810 2230 1095 2300 significat.
1122 2227 1283 2290 Absit,
1304 2226 1544 2290 Domine,
1567 2241 1844 2295 numquam

233 2323 546 2376 manducavi
573 2339 841 2376 commune
868 2333 956 2376 aut
987 2319 1328 2375 immundum.
1365 2319 1430 2374 Et
1459 2334 1576 2384 cur,
1611 2319 1841 2388 inquies,

233 2415 606 2469 contradixit?
635 2414 714 2470 Ne
743 2415 863 2484 quis
893 2414 1120 2479 diceret,
1153 2413 1318 2467 Deum
1349 2411 1638 2466 tentavisse
1669 2409 1842 2474 illum,

233 2511 381 2563 sicut
412 2507 796 2568 Abrahamum,
829 2523 954 2563 cum
979 2507 1166 2576 jussus
1190 2515 1274 2561 est
1303 2506 1472 2559 lilium
1505 2504 1735 2558 hostiam
1767 2503 1845 2556 of-

234 2605 383 2656 ferre
408 2620 422 2668 ;
452 2603 590 2658 sicut
622 2611 678 2657 et
722 2603 1050 2673 Philippum,
1081 2601 1294 2670 quando
1324 2599 1529 2669 rogavit
1576 2598 1841 2665 Christus,

235 2699 378 2760 Quot
409 2712 564 2765 panes
586 2695 823 2748 habetis?
853 2693 1224 2763 interrogavit,
1253 2709 1356 2746 non
1390 2700 1447 2745 ut
1471 2691 1724 2755 disceret,
1748 2689 1844 2744 sed

233 2795 454 2842 teutaus
493 2788 660 2840 illum.
691 2787 853 2846 Atqui
887 2786 936 2839 in
970 2785 1088 2854 lege
1118 2785 1185 2839 de
1229 2784 1441 2839 mundis
1462 2793 1515 2839 et
1552 2784 1844 2839 immundis

231 2878 495 2933 distincte
527 2887 860 2948 przeeeperat
906 2877 1136 2949 Moyses,
1165 2886 1293 2952 tam
1325 2878 1375 2930 in
1408 2886 1574 2942 terra,
1603 2892 1761 2946 quam
1791 2877 1842 2929 in

232 2972 374 3025 mari
403 2989 416 3024 ε
443 2980 675 3024 attamen
701 2985 874 3040 neque
899 2971 977 3025 sic
1003 2971 1223 3024 sciebat.
1253 2971 1342 3024 17.
1367 2967 1492 3024 Cum
1514 2981 1682 3022 autent
1705 2970 1845 3038 apud

231 3079 288 3115 se
315 3062 570 3116 dubitaret
615 3062 801 3117 Petrus
828 3079 848 3118 .'
877 3079 992 3134 qua
1017 3073 1143 3116 esset
1173 3063 1315 3128 visio,
1349 3080 1499 3130 quam
1539 3063 1734 3116 viderat
1755 3082 1774 3117 :
1799 3072 1845 3116 et

233 3171 353 3209 ecce
378 3155 493 3216 viri,
525 3155 610 3225 qui
634 3155 773 3208 missi
801 3165 944 3208 erant
965 3172 997 3207 a
1024 3153 1279 3218 Cornelio,
1305 3154 1611 3223 inquirentes
1638 3154 1846 3208 domum

233 3247 492 3313 Simonis,
523 3248 826 3301 adstiterant
853 3247 922 3301 ad
937 3247 1180 3317 januam.
1213 3247 1295 3302 18.
1324 3245 1389 3299 Et
1417 3263 1534 3299 cum
1561 3258 1842 3313 vocassent,

231 3343 618 3414 interrogabant
648 3343 692 3396 si
723 3342 925 3407 Simon,
960 3342 1048 3410 qui
1077 3341 1470 3412 cognominatur
1499 3339 1707 3406 Petrus,
1738 3341 1846 3393 illic

233 3435 440 3488 haberet
486 3434 783 3504 hospitium.
815 3433 1040 3487 Miraute
1071 3433 1123 3487 in
1155 3433 1451 3502 semetipsa
1473 3442 1526 3487 et
1565 3432 1845 3486 dubitante

232 3527 419 3592 Petro,
452 3526 675 3580 veniunt
704 3534 1009 3596 opportune
1040 3525 1161 3592 viri,
1193 3525 1281 3594 qui
1325 3525 1709 3578 dubitationem
1737 3524 1848 3578 sol-

233 3626 366 3671 vant
397 3635 411 3670 :
443 3618 710 3686 siquidem
757 3627 813 3672 et
853 3616 1146 3686 Josephum
1196 3616 1440 3671 dubitare
1490 3617 1752 3684 permisit,
1793 3625 1848 3670 et

234 3719 366 3764 tunc
391 3709 773 3778 archangelum
814 3709 963 3763 misit
993 3707 1207 3771 (Matth.
1235 3708 1292 3761 2.
1341 3708 1449 3779 l3).
1484 3707 1665 3763 Facile
1696 3725 1848 3761 nam-

234 3817 344 3868 uiue
387 3801 568 3854 anima
608 3800 932 3854 solutionem
965 3799 1180 3868 accipit,
1213 3815 1331 3868 qua:
1380 3799 1527 3869 prius
1560 3798 1842 3853 dubitavit.

234 3892 353 3948 Non
385 3894 475 3948 diu
509 3906 660 3964 ergo,
693 3909 866 3961 neque
891 3901 1049 3947 antea
1085 3892 1368 3954 dubitavit,
1411 3892 1504 3947 sed
1533 3893 1673 3948 circa
1708 3902 1845 3946 tem-

236 4003 337 4056 pus
366 3984 597 4056 prandii.
633 3984 720 4041 l9.
758 3982 912 4037 Petro
933 3992 1101 4036 autem
1129 3984 1382 4054 cogitante
1406 3983 1467 4036 de
1489 3985 1696 4040 visione.
1719 3983 1847 4037 dixit

237 4079 471 4148 Spiritus
507 4077 554 4131 ei
582 4093 600 4130 :
631 4076 762 4130 Ecce
804 4076 898 4129 viri
939 4084 1171 4145 quarunt
1206 4085 1271 4127 te.
1321 4073 1413 4128 20.
1454 4073 1623 4145 Surge
1656 4078 1844 4143 itaque,

235 4169 509 4234 descende,
539 4177 587 4221 et
611 4167 738 4220 vade
771 4183 888 4220 cum
916 4167 987 4220 eis
1014 4167 1142 4219 nihil
1168 4165 1427 4231 dubitans,
1459 4167 1577 4233 quia
1607 4183 1710 4236 ego.
1734 4166 1848 4220 misi

235 4280 338 4318 eos.
377 4263 503 4316 ilzec
532 4262 656 4315 item
690 4262 792 4314 alia
842 4269 926 4316 est
970 4259 1212 4315 defensio
1244 4259 1385 4313 Petri
1416 4259 1481 4312 ad
1513 4258 1845 4328 discipulos;

236 4366 293 4409 ut
321 4354 537 4410 discant
559 4363 613 4408 et
638 4352 936 4408 dubitatum
977 4351 1161 4418 fuisse,
1194 4361 1249 4408 et
1281 4352 1452 4421 ipsum
1481 4351 1736 4407 didicisse
1769 4353 1850 4406 ni-

236 4445 309 4501 hil
341 4461 466 4502 esse
495 4445 869 4500 dubitandum.
901 4444 1036 4510 Quia
1056 4461 1169 4514 ego,
1201 4443 1389 4513 inquit,
1414 4443 1528 4496 misi
1548 4444 1684 4498 illos.
1713 4443 1849 4500 Vide

235 4551 436 4608 quanta
463 4538 532 4592 sit
568 4537 800 4607 Spiritus
831 4547 1088 4607 potestas.
1124 4535 1274 4604 Quod
1304 4544 1483 4589 autem
1527 4537 1651 4590 facit
1683 4537 1846 4604 Deus,

238 4629 368 4683 illud
412 4628 610 4683 dicitur
639 4628 868 4697 Spiritus
906 4627 1102 4682 facere.
1140 4628 1376 4697 Angelus
1406 4644 1534 4682 vero
1582 4644 1686 4682 non
1734 4631 1846 4693 ita;

237 4720 332 4774 sed
362 4736 485 4774 cum
529 4721 676 4789 prius
715 4721 960 4787 dixisset,
997 4718 1265 4774 Orationes
1304 4730 1404 4774 tua:
1433 4730 1477 4773 et
1519 4725 1851 4793 cteemosyna:

237 4825 362 4876 tuas,
422 4822 550 4867 tunc
597 4813 691 4872 ait,
745 4812 910 4876 Mitte,
962 4820 1019 4866 ut
1067 4812 1317 4866 ostendat
1372 4813 1568 4868 isthiuc
1626 4815 1847 4868 missum

239 4902 408 4956 luisse
440 4919 454 4953 :
484 4901 714 4972 Spiritus
765 4918 912 4968 vero,
955 4903 1078 4972 quia
1131 4902 1389 4956 Dominus
1433 4915 1535 4966 est,
1585 4904 1692 4975 Ego
1734 4906 1851 4960 illos

238 4993 378 5046 misi.
427 4992 518 5046 2|.
571 4991 893 5048 Descendens
929 5004 1101 5046 autem
1144 4993 1331 5048 Petrus
1374 4994 1441 5046 ad
1485 4997 1637 5061 viros,
1681 4998 1850 5050 dixit:

242 5084 380 5140 Ecce
409 5103 500 5158 ego
527 5103 662 5150 sum,
693 5104 839 5154 quem
869 5088 1128 5154 quaritis;
1158 5103 1272 5158 qua:
1313 5104 1471 5142 causa
1515 5100 1608 5155 est,
1643 5101 1852 5160 propter

239 5196 398 5247 quam
425 5180 670 5234 venistis?
713 5179 803 5233 22.
842 5181 940 5246 Qui
973 5182 1209 5234 dixerunt
1239 5197 1258 5235 :
1290 5180 1556 5237 Cornelius
1599 5187 1848 5252 centurio,

239 5273 318 5325 vir
333 5271 512 5341 justus
555 5283 604 5325 et
649 5273 829 5327 timens
874 5271 1058 5338 Deum,
1099 5284 1147 5327 et
1190 5275 1528 5328 testimonium
1557 5277 1748 5332 habens
1789 5281 1852 5332 ab

240 5365 482 5417 universa
510 5375 657 5434 gente
679 5363 1000 5431 Judworum,
1031 5383 1330 5435 responsum
1361 5369 1552 5437 accepit
1584 5370 1644 5422 ab
1672 5373 1852 5440 angelo

244 5467 422 5510 sancto
451 5472 706 5511 accersere
725 5467 773 5511 te
803 5457 855 5510 in
879 5459 1086 5511 domum
1113 5475 1278 5521 suain,
1311 5469 1358 5512 et
1383 5460 1562 5515 audire
1591 5463 1734 5515 verba
1764 5464 1852 5518 abs

242 5560 309 5603 te.
355 5547 568 5602 Laudes
595 5549 892 5618 proferuut,
925 5560 982 5603 ut
1026 5550 1286 5604 suadeant
1313 5551 1454 5621 quod
1501 5554 1724 5623 angelus
1755 5570 1852 5624 ap-

243 5642 487 5712 paruerit
507 5642 580 5696 ei.
612 5642 702 5696 23.
737 5641 1078 5697 Introducens
1106 5659 1224 5714 ergo
1250 5661 1352 5706 eos,
1383 5647 1569 5714 recepit
1611 5646 1848 5715 hospitio.

247 5731 457 5796 Videu',
491 5731 631 5787 unde
660 5730 749 5786 llat
781 5734 989 5788 initium
1015 5735 1298 5805 gentium?
1328 5737 1368 5789 A
1404 5737 1518 5791 viro
1552 5738 1640 5808 pio
1670 5740 1757 5808 qui
1788 5740 1853 5795 ab

242 5822 500 5893 operibus
545 5823 740 5894 dignus
769 5826 913 5879 visus
941 5835 1042 5880 est.
1089 5827 1222 5881 Nam
1271 5828 1315 5883 si
1361 5829 1444 5883 vel
1489 5845 1548 5885 re
1590 5831 1658 5884 ita
1701 5843 1850 5898 gesta

239 5916 589 5974 oﬂ'euduutur
614 5917 782 5976 Juda-i
815 5936 826 5972 :
864 5919 908 5974 si
940 5936 1024 5975 res
1057 5936 1159 5976 non
1207 5923 1414 5990 luisset,
1461 5924 1587 5993 quid
1634 5942 1738 5979 non
1770 5925 1848 5980 di-

1231 447 1294 504 1N
1336 443 1515 500 ACTA
1558 439 2084 499 APOSTOIDRUM.
2130 437 2366 493 ιιυιιιι..
2409 435 2579 493 XXII.

3460 438 3567 492 ΓΜ

1953 553 2087 606 cturi
2116 553 2312 608 erant?
2342 550 2709 620 Introduccns,
2735 547 2923 623 inquit,
2958 551 3076 607 illos
3105 554 3289 621 recepit
3319 552 3562 624 hospitio.

1958 646 2088 700 Vide
2131 653 2326 716 quanta
2375 647 2657 700 securitas.
2699 644 2780 701 Ne
2826 645 2959 716 quid
2999 645 3105 701 illis
3153 662 3314 717 grave
3357 649 3569 703 accidat

1954 738 2098 806 ipsos
2130 738 2437 801 introducit,
2463 747 2519 794 et
2542 738 2768 794 ﬁdenter
2791 753 2914 794 cum
2943 738 3051 794 illis
3073 739 3298 795 victitat.
3324 741 3569 813 Sequenti

1953 840 2121 882 autem
2147 832 2227 883 die
2261 829 2444 884 Petrus
2473 847 2686 901 surgens
2714 830 2970 900 profectus
2992 840 3064 886 est
3095 848 3210 886 cum
3239 833 3359 894 illis,
3392 846 3435 887 et
3456 836 3568 905 qui-

1953 923 2072 976 dam
2101 939 2164 978 ea:
2190 923 2434 992 fratribus
2456 924 2518 977 ab
2541 923 2714 992 Joppe
2735 925 2962 979 comitati
2984 937 3102 978 sunt
3127 942 3260 980 eum.
3279 927 3369 981 2t.
3391 927 3567 981 Altera

1952 1025 2120 1069 autem
2157 1016 2240 1069 die
2281 1016 2584 1070 introierunt
2618 1015 2926 1071 Ctesareant.
2965 1017 3194 1088 Insignis
3225 1020 3306 1073 vir
3343 1030 3479 1084 erat,
3513 1031 3570 1075 ut

1955 1109 2221 1180 ininsigni
2247 1109 2378 1164 urbe
2399 1125 2637 1164 versans.
2666 1110 2844 1178 Quare
2871 1111 2921 1165 in
2951 1110 3044 1166 illo
3066 1112 3244 1165 omnia
3271 1113 3430 1166 simul
3459 1113 3570 1167 dis-

1955 1215 2272 1276 pensentur,
2327 1213 2487 1275 atque
2529 1220 2558 1259 a
2604 1203 2786 1258 Judtea
2837 1219 2924 1260 res
2967 1205 3190 1274 incipit;
3235 1207 3380 1260 velut
3425 1208 3564 1276 quod

1955 1312 2061 1350 non
2091 1294 2406 1360 dormienti,
2438 1295 2531 1350 sed
2564 1295 2824 1366 vigilanti,
2853 1307 3013 1365 atque
3037 1298 3178 1366 quod
3224 1298 3454 1352 interdiu
3484 1315 3569 1353 res

1953 1389 2197 1455 accidat;
2227 1392 2369 1445 circa
2407 1404 2603 1442 nonam
2635 1389 2780 1444 enim
2820 1389 3006 1443 horam
3042 1409 3052 1440 :
3086 1390 3155 1443 ita
3203 1390 3304 1444 sibi
3349 1390 3447 1456 ipsi
3485 1401 3569 1444 at-

1955 1483 2226 1538 tendebat.
2272 1481 2379 1538 Sed
2404 1482 2649 1549 superius
2678 1481 2816 1536 dicta
2852 1490 3180 1552 repetamus,
3219 1483 3282 1536 Et
3310 1485 3438 1537 dixit
3470 1498 3568 1539 an.-

1953 1576 2096 1646 gelus
2128 1590 2147 1628 .'
2180 1573 2452 1629 Orationes
2475 1584 2577 1628 tua:
2598 1584 2642 1628 et
2666 1579 2999 1645 eleentosyna:
3029 1585 3130 1627 tua:
3156 1579 3494 1630 ascenderunt
3517 1581 3568 1630 iu

1954 1669 2249 1723 memoriam
2281 1668 2332 1722 in
2358 1679 2631 1738 conspectu
2661 1666 2774 1722 Dei.
2819 1668 2952 1723 llinc
2986 1669 3156 1738 palam
3189 1679 3292 1735 est,
3320 1672 3568 1740 angelum

1953 1761 2148 1814 emissa
2188 1776 2320 1816 voce
2347 1761 2496 1814 illum
2525 1761 2911 1831 appellavisse,
2943 1770 3104 1832 atque
3135 1763 3205 1816 ita
3235 1763 3366 1817 vidit
3397 1764 3568 1818 ilhun.

1953 1853 2106 1920 Quod
2137 1855 2182 1909 si
2213 1870 2318 1909 non
2349 1863 2616 1920 vocasset,
2649 1871 2752 1908 non
2783 1855 2967 1922 utique
2986 1855 3210 1910 vidisset
3240 1874 3253 1908 :
3287 1859 3356 1911 ita
3392 1858 3538 1912 inten
3560 1891 3572 1900 -

1955 1955 2038 2000 tus
2062 1957 2176 2001 erat
2221 1947 2329 2012 rei,
2369 1961 2528 2016 quant
2557 1944 2771 2015 agebat.
2821 1944 2889 1998 Et
2930 1947 3126 2000 accersi
3170 1947 3449 2012 Simonem,
3485 1950 3573 2020 qui

1952 2043 2341 2114 cognominatur
2390 2040 2597 2094 Petrus.
2655 2040 2872 2095 Interim
2919 2041 3062 2110 quod
3108 2041 3175 2095 ad
3224 2042 3370 2095 utilia
3420 2043 3570 2096 illttm

1953 2147 2242 2192 vocaturos
2275 2136 2364 2198 sit,
2394 2134 2674 2199 declarat;
2702 2133 2768 2188 ad
2798 2149 2919 2204 qum
2952 2148 3080 2188 vero
3104 2135 3274 2200 utilia,
3309 2136 3569 2188 nondum.

1952 2231 2040 2286 Sic
2080 2245 2255 2299 neque
2298 2229 2489 2283 Petrus
2537 2237 2706 2282 totum
2756 2227 3032 2292 declarat;
3066 2227 3160 2282 sed
3209 2229 3405 2297 ubique
3449 2240 3578 2283 sunt

1952 2324 2178 2379 succisa:
2201 2323 2559 2382 narrationes,
2589 2331 2646 2375 ut
2666 2321 2949 2376 audientes
2969 2321 3226 2375 excitent.
3253 2322 3340 2374 Sic
3368 2332 3421 2375 et
3448 2322 3572 2374 Phi-

1954 2417 2156 2487 lippum
2187 2416 2361 2470 solum
2399 2424 2554 2469 vocat
2594 2416 2644 2468 in
2692 2413 3064 2468 solitudinem.
3112 2413 3352 2466 Ascendit
3401 2424 3573 2467 autem

1953 2507 2139 2563 Petrus
2164 2507 2232 2559 ad
2255 2507 2543 2577 superiora,
2571 2515 2624 2559 ut
2653 2515 2822 2560 oraret
2860 2507 2996 2559 circa
3023 2506 3203 2559 horam
3249 2517 3463 2560 scalam.
3503 2505 3572 2559 Et

1952 2600 2132 2654 cecidit
2166 2615 2317 2670 super
2348 2615 2462 2652 eum
2507 2600 2688 2651 mentis
2719 2614 2974 2661 excessus,
3028 2607 3074 2651 et
3120 2597 3247 2650 vidit
3292 2613 3379 2651 vas
3410 2600 3575 2663 quod.

1953 2693 2072 2745 dam
2103 2691 2236 2746 velut
2269 2691 2505 2745 linteum.
2540 2689 2842 2758 Perpende,
2874 2691 3147 2760 quomodo
3193 2707 3367 2761 neque
3406 2691 3575 2748 fames

1951 2786 2127 2855 coegit
2162 2801 2284 2840 eum
2311 2798 2532 2839 currere
2558 2783 2624 2837 ad
2656 2784 2962 2838 sindonem.
2991 2783 3069 2838 Ne
3102 2800 3229 2837 vero
3256 2786 3427 2854 magis
3461 2784 3574 2838 hae-

1952 2881 2142 2934 sitaret
2160 2879 2372 2942 Petrus,
2392 2877 2541 2933 audit
2563 2893 2750 2938 vocem
2775 2877 3040 2932 dicentem
3069 2895 3080 2930 :
3111 2878 3364 2949 Surgens,
3399 2877 3568 2938 Petre,

1953 2979 2117 3023 macta
2146 2980 2191 3023 et
2217 2970 2494 3022 manduca.
2544 2967 2708 3024 Forte
2744 2969 2797 3023 in
2829 2985 3001 3040 genua
3047 2969 3410 3039 procumbens
3441 2970 3574 3023 vidit

1953 3063 2214 3118 visionem
2247 3081 2260 3117 :
2297 3062 2509 3118 videtur
2540 3062 2670 3116 mihi
2702 3073 2924 3134 propter
2951 3061 3393 3132 praedicationem
3427 3062 3575 3116 illam

1953 3156 2173 3211 vidisse.
2215 3156 2369 3223 Quod
2415 3172 2546 3210 vero
2587 3157 2828 3212 divinum
2870 3165 3020 3212 esset
3055 3157 3130 3221 id,
3162 3156 3304 3226 (ιωιά
3335 3156 3573 3217 videbat,

1955 3249 2078 3304 hinc
2105 3249 2450 3304 manifestum
2477 3259 2580 3316 est,
2608 3249 2749 3319 quod
2778 3249 2906 3304 illud
2929 3265 3162 3320 superne
3190 3249 3571 3310 descenderet,

1955 3353 2066 3398 tum
2097 3345 2280 3405 etiam,
2311 3344 2454 3414 quod
2487 3345 2602 3411 ipse
2630 3344 2681 3397 iu
2708 3359 2934 3400 excessu
2969 3345 3165 3399 mentis
3188 3353 3335 3400 esset
3365 3363 3378 3397 :
3412 3349 3574 3396 item-

1952 3452 2058 3506 que
2103 3435 2247 3506 quod
2287 3451 2388 3491 vox
2439 3435 2563 3491 inde
2609 3437 2862 3504 ferretur,
2905 3437 3049 3508 quod
3095 3437 3226 3492 illud
3277 3447 3357 3492 ter
3401 3438 3574 3501 ﬁeret,

1952 3530 2096 3600 quod
2128 3532 2320 3585 cadum
2355 3535 2681 3600 aperiretur,
2724 3532 2866 3601 quod
2911 3531 3040 3586 illud
3082 3531 3208 3588 inde
3253 3532 3480 3592 veniret.
3523 3542 3577 3587 et

1955 3628 2080 3681 illuc
2132 3627 2484 3695 arriperetur,
2523 3641 2777 3696 magnum
2817 3637 2935 3681 erat
2976 3626 3232 3682 indicium
3287 3643 3402 3682 rem
3451 3641 3575 3681 esse

1956 3732 2177 3788 prorsus
2204 3717 2464 3771 divinam.

2028 3812 2080 3865 ὅ.
2123 3811 2233 3865 Cur
2265 3826 2394 3865 vero
2423 3812 2502 3865 sic
2532 3826 2620 3872 res
2663 3811 2883 3882 agitur?
2937 3812 3164 3883 Propter
3209 3827 3326 3873 eos,
3380 3813 3589 3881 quibus

1955 3913 2141 3974 postea
2175 3904 2302 3958 illud
2333 3915 2649 3959 narraturus
2671 3915 2788 3960 crat
2819 3925 2832 3960 :
2866 3923 2987 3960 nam
3014 3908 3130 3976 ipse
3158 3907 3267 3976 jam
3296 3908 3576 3962 audierat:

1956 3994 2023 4049 In
2054 3996 2186 4049 viam
2214 3997 2437 4066 gentium
2469 4013 2532 4051 ne
2563 3998 2790 4052 abieritis
2822 3997 3039 4069 (Matth.
3068 4000 3154 4054 10.
3181 4001 3258 4069 5).
3292 4001 3356 4054 Et
3386 4015 3453 4054 ne
3480 4001 3582 4054 mié

1957 4087 2112 4141 reris.
2145 4086 2201 4142 Si
2231 4089 2374 4142 enim
2417 4089 2834 4145 circumcisione
2869 4100 2927 4147 et
2956 4091 3168 4146 victima
3215 4107 3349 4159 opus
3396 4093 3578 4145 Iuthtttl

1958 4179 2194 4245 Paulus;
2234 4181 2403 4234 multo
2446 4182 2616 4252 magis
2653 4193 2782 4239 tunc
2813 4185 2963 4239 initio
2993 4186 3414 4254 praedicationis,
3443 4203 3566 4240 cum

1958 4280 2141 4326 essent
2167 4271 2345 4326 adhuc
2375 4272 2726 4340 inﬁrmiores,
2753 4276 2836 4331 his
2867 4293 3003 4346 opus
3033 4279 3321 4333 habebant.
3355 4279 3417 4332 Et
3443 4295 3577 4344 ecce,

1960 4363 2154 4434 inquit,
2183 4366 2279 4418 viri
2306 4367 2448 4420 missi
2477 4385 2508 4419 a
2535 4367 2772 4422 Cornelio
2801 4371 3109 4424 adstiterunt
3137 4373 3206 4426 ad
3229 4374 3448 4443 januam
3483 4389 3501 4426 :
3534 4383 3577 4426 et

1959 4472 2076 4518 cum
2101 4469 2386 4522 vocassent,
2417 4460 2801 4530 interrogabant
2828 4463 2869 4516 si
2902 4463 3107 4529 Simon,
3134 4465 3218 4534 qui
3247 4468 3579 4536 cognomina-

1959 4560 2044 4602 tur
2073 4548 2278 4613 Petrus,
2311 4552 2421 4605 illic
2449 4554 2656 4607 haberet
2687 4555 2984 4626 hospitium.
3017 4557 3097 4611 Eo
3121 4557 3264 4627 quod
3295 4559 3414 4612 vilis
3435 4569 3582 4613 ελδερ-ι

1959 4641 2183 4706 domus,
2238 4644 2397 4709 intra,
2454 4663 2558 4701 non
2605 4657 2785 4702 autem
2844 4649 3088 4709 vicinos,
3148 4651 3577 4722 interrogabant.

1962 4735 2119 4790 Petro
2149 4749 2316 4790 autem
2361 4739 2470 4791 htec
2515 4755 2686 4793 secum
2723 4741 2994 4810 coqitante,
3027 4741 3156 4796 dixit
3188 4744 3265 4796 illi
3296 4743 3526 4811 Spiritus
3558 4760 3575 4797 :

1963 4826 2192 4897 Sui-gens
2221 4827 2489 4890 descende,
2524 4838 2569 4882 et
2599 4829 2726 4882 vade
2755 4831 2886 4885 nihil
2910 4831 3176 4896 luesitans,
3204 4834 3324 4901 quia
3353 4851 3443 4904 ego
3467 4834 3579 4887 misi

1960 4937 2063 4974 eos.
2099 4919 2260 4983 Vide;
2297 4935 2400 4972 non
2431 4920 2571 4975 dixit
2598 4939 2610 4975 :
2638 4923 2770 4977 Ideo
2807 4925 2950 4978 enim
2987 4925 3122 4978 visio
3152 4928 3402 4994 apparuit
3443 4926 3534 4979 tibi
3565 4945 3578 4988 ;

1961 5012 2077 5075 sed,
2104 5009 2214 5081 Ego
2233 5011 2347 5065 illos
2367 5013 2502 5078 misi,
2522 5014 2819 5070 ostendens
2835 5017 2913 5070 sic
2931 5017 3242 5086 obtempera
3252 5019 3318 5072 nd
3328 5035 3413 5073 utu
3435 5037 3580 5086 esse,

1964 5118 2064 5157 nec
2091 5103 2328 5158 rationes
2366 5120 2486 5159 esse
2513 5107 2826 5175 exigendas.
2857 5109 3000 5165 Satis
3031 5111 3175 5164 enim
3206 5121 3343 5177 erat,
3374 5123 3432 5166 ut
3457 5131 3578 5168 cer-

1962 5199 2068 5252 tior
2097 5198 2273 5262 lieret,
2299 5199 2440 5266 quod
2470 5200 2539 5253 ah
2581 5201 2671 5254 illo
2711 5202 3027 5266 audivisset,
3062 5205 3174 5259 llnc
3213 5204 3319 5270 fac,
3356 5207 3457 5261 hoc
3503 5209 3580 5260 Ιιι-

1961 5306 2167 5358 quere;
2199 5307 2298 5345 nec
2341 5293 2470 5361 quid
2520 5294 2654 5347 ultra
2683 5296 3036 5365 qumrendum
3073 5308 3210 5353 erat.
3255 5299 3579 5356 Descendens

1962 5394 2130 5435 autem
2160 5381 2347 5436 Petrus
2374 5385 2504 5438 dixit
2538 5401 2554 5438 :
2583 5386 2713 5441 Ecce
2739 5405 2828 5458 ego
2853 5407 2987 5451 sum,
3017 5408 3164 5459 quem
3198 5395 3446 5461 qua’ritis.
3474 5397 3580 5448 (ἱι-ι·

1965 5489 2071 5526 non
2095 5474 2274 5528 statim
2305 5475 2425 5530 illos
2449 5478 2658 5548 recipit,
2684 5480 2777 5533 sed
2800 5482 3034 5552 qu:erit?
3060 5483 3285 5538 Videbat
3319 5485 3437 5538 illos
3459 5504 3580 5540 esse

1965 5565 2163 5618 milites
2200 5582 2213 5618 :
2247 5565 2366 5620 ideo
2415 5583 2520 5622 non
2559 5570 2877 5638 simpliciter
2923 5576 3256 5644 interrogat;
3304 5577 3398 5631 sed
3435 5591 3580 5645 DOM-

1966 5671 2123 5724 quam
2152 5655 2325 5712 lassus
2355 5668 2459 5722 est,
2489 5674 2549 5714 se
2582 5661 2754 5732 ipsum
2784 5679 2926 5730 esse,
2954 5679 3080 5721 tunc
3102 5667 3295 5736 qurerit
3315 5669 3582 5724 adventus

1963 5763 2203 5813 causam,
2236 5758 2292 5802 ut
2320 5767 2387 5804 ne
2417 5760 2716 5819 putaretur,
2741 5771 2797 5807 se
2831 5755 2954 5809 ideo
2982 5757 3266 5822 sciscitari,
3291 5762 3443 5829 quasi
3473 5765 3580 5817 vel-

1967 5837 2038 5890 let
2068 5854 2191 5894 sese
2221 5843 2514 5897 occultare.
2561 5843 2624 5898 Et
2653 5846 2978 5912 sciscitatur,
3015 5859 3072 5904 ut
3113 5851 3157 5905 si
3191 5856 3373 5906 statim
3419 5869 3580 5925 urge-

1969 5938 2135 5989 retur.
2166 5946 2287 5987 cum
2318 5931 2422 5987 illis
2453 5933 2593 6000 iret;
2621 5935 2703 5990 sin
2730 5936 2926 6004 nuituis,
2965 5940 3084 5996 illos
3111 5941 3342 6013 hospitio
3367 5945 3584 6011 excipe-
