4094 6500
599 468 700 522 175

595 593 695 640 ret.
754 581 859 634 Cur
899 589 1078 632 autem
1127 577 1309 632 dicunt
1356 577 1426 630 illi
1466 593 1478 628 :
1520 575 1740 629 Accersit
1790 584 1836 627 te
1878 576 1929 626 iu
1976 573 2180 625 domum

592 672 778 730 suam!
806 671 938 740 Quia
967 671 1042 724 sic
1074 671 1174 724 illis
1206 675 1548 738 princeperat.
1581 666 1828 720 Fortasse
1859 678 2006 727 vero,
2031 663 2179 729 quasi

592 768 850 820 rationem
878 779 974 834 pro
1012 763 1100 818 illo
1141 761 1348 828 dantes,
1381 761 1565 815 dicunt
1596 776 1607 811 :
1637 757 1714 812 Ne
1740 759 1962 810 damnes
1993 756 2178 818 illum;

592 872 694 912 non
721 857 868 927 quasi
901 865 952 911 te
979 864 1324 910 contemnens
1351 853 1510 916 misit,
1553 851 1644 905 sed
1672 850 1874 920 jussus.
1916 846 2180 901 Cornelius

588 965 704 1004 vero
734 949 1052 1019 exspectabat
1081 947 1216 1012 illos,
1249 945 1532 998 convocatis
1562 943 1790 1012 cognatis
1824 941 1927 994 suis
1948 980 1961 1000 ,
2001 948 2047 992 et
2088 955 2176 991 ne-

588 1042 822 1096 cessariis
842 1041 1036 1093 amicis.
1066 1038 1195 1093 Jure
1227 1055 1240 1089 :
1270 1051 1445 1106 neque
1471 1037 1610 1090 enim
1635 1034 1834 1103 justum
1869 1033 2057 1086 fuisset
2083 1045 2178 1085 co-

587 1145 778 1204 gnatos
820 1144 874 1189 et
912 1133 1110 1187 amicos
1137 1148 1243 1186 non
1283 1131 1438 1185 simul
1479 1129 1668 1184 adduci
1702 1146 1714 1181 :
1747 1126 1982 1198 alioquin
2025 1140 2175 1192 vero,

589 1227 696 1278 illic
729 1235 1016 1292 pra-sentes
1043 1226 1212 1294 magis
1237 1223 1468 1278 audituri
1496 1231 1668 1276 erant.

661 1313 1010 1386 Eleemosynw
1051 1316 1206 1369 virtus
1245 1315 1566 1384 pra'dicatur.
1590 1343 1663 1353 —
1687 1311 1936 1376 Vidistis,
1979 1318 2175 1381 quanta

585 1410 652 1460 sit
691 1407 1046 1480 eleemosyute
1089 1409 1276 1471 virtus,
1326 1415 1380 1460 et
1423 1407 1474 1460 in
1523 1407 1683 1476 priori
1728 1415 1779 1459 et
1827 1407 1883 1460 in
1924 1403 2173 1474 pnesenti

584 1500 877 1560 sermone?
908 1501 997 1554 llla
1028 1516 1056 1552 a
1090 1509 1431 1568 temporanea
1463 1507 1634 1552 morte
1667 1497 1928 1562 liberavit,
1963 1495 2078 1567 hmo
2107 1494 2174 1548 ab

585 1600 783 1645 atterna
815 1609 828 1644 :
864 1591 974 1644 haec
1003 1601 1055 1645 et
1076 1589 1269 1659 januas
1295 1590 1408 1644 ολιιί
1437 1589 1662 1660 aperuit.
1695 1589 1846 1653 \‘ide,
1877 1586 2059 1657 quanti
2095 1586 2173 1640 fe-

584 1685 716 1739 cerit
744 1685 881 1752 quod
913 1683 1097 1737 credat
1124 1682 1425 1746 Cornelius,
1468 1693 1525 1736 ut
1565 1693 1617 1736 et
1657 1682 1878 1750 angelus
1912 1679 2169 1742 mittatur,

584 1786 636 1828 et
675 1775 899 1843 Spiritus
933 1787 1201 1844 operetur,
1247 1786 1300 1829 et
1338 1775 1698 1844 apostolorum
1729 1772 2048 1844 coryplueus
2075 1769 2173 1822 ad-

584 1881 822 1934 vocetnr,
859 1870 1081 1938 talisque
1112 1881 1363 1938 appareat
1395 1867 1547 1934 visio,
1574 1884 1637 1922 ac
1665 1869 1792 1921 nihil
1828 1876 1970 1921 retro
2001 1863 2169 1918 relin-

581 1969 792 2027 quatur.
839 1960 975 2025 Quot
1015 1971 1167 2014 erant
1215 1961 1574 2021 centuriones.
1635 1960 1855 2025 trilmni,
1903 1973 2075 2027 reges,
2119 1967 2172 2011 et

582 2054 756 2106 nullus
788 2070 964 2106 eorum
996 2054 1180 2108 eadem
1222 2064 1586 2140 consequutus
1623 2063 1723 2108 est.
1765 2054 2170 2115 Audite,omnes

579 2156 774 2214 quotqu
805 2155 837 2198 ιι
870 2147 920 2200 in
963 2151 1197 2202 exertitu
1235 2151 1364 2202 estis
1389 2192 1402 2214 ,
1449 2159 1706 2216 quotquot
1749 2163 1901 2216 reges
1939 2147 2168 2216 stipatis.

584 2235 712 2289 Pius
752 2249 877 2303 erat,
914 2241 1101 2308 inquit,
1145 2251 1192 2292 et
1221 2245 1398 2294 timens
1439 2238 1601 2294 Deum
1632 2257 1650 2294 :
1678 2240 1927 2310 quodque
1971 2239 2165 2305 majus,

584 2330 703 2383 talis
741 2341 856 2384 erat
885 2331 1008 2385 Cum
1051 2335 1187 2384 omni
1216 2334 1369 2386 domo
1397 2350 1512 2387 sua.
1550 2333 1622 2387 Ita
1663 2344 1778 2387 erat
1821 2332 1942 2385 huic
1984 2333 2054 2385 rei
2089 2333 2169 2384 in-

580 2433 774 2488 tentus,
806 2436 860 2477 ut
894 2440 996 2478 non
1025 2427 1184 2480 modo
1208 2442 1300 2480 sua
1334 2426 1468 2480 bene
1495 2427 1850 2495 dispensaret,
1881 2425 1973 2480 sed
2007 2426 2164 2479 etiam

577 2515 630 2568 in
664 2515 855 2571 familia
888 2533 982 2572 sua
1016 2520 1242 2589 idipsutn
1275 2519 1492 2574 faceret.
1520 2520 1633 2574 Non
1659 2521 1800 2574 enim
1840 2528 1895 2572 ιιι
1925 2532 2044 2582 nos,
2075 2518 2165 2587 qui

577 2606 707 2660 nihil
740 2625 843 2662 non
884 2612 1110 2678 agimus,
1142 2621 1199 2664 ιιι
1227 2628 1322 2665 nos
1362 2612 1588 2665 ministri
1619 2612 1872 2672 timeant;
1902 2618 1960 2663 ut
1989 2619 2165 2664 autem

577 2699 648 2766 pii
682 2700 807 2764 sint,
838 2718 942 2755 non
977 2703 1123 2756 item.
1157 2702 1253 2757 llic
1280 2719 1407 2758 vero
1439 2719 1545 2757 non
1589 2704 1685 2766 sic,
1732 2702 1825 2756 sed
1869 2718 1988 2755 eum
2021 2703 2168 2756 omni

577 2791 738 2845 domo
761 2807 852 2845 sua
887 2795 1049 2848 Deum
1076 2795 1295 2850 timebat
1326 2812 1339 2848 :
1375 2810 1474 2850 nec
1503 2795 1662 2849 modo
1687 2795 1837 2864 quasi
1867 2794 2168 2848 connnunis

579 2890 728 2948 pater
757 2894 872 2937 erat
897 2886 1134 2939 omnium
1157 2886 1387 2954 quicum
1422 2887 1535 2954 ipso
1557 2896 1728 2950 erant,
1761 2886 1852 2940 sed
1885 2885 2046 2939 etiam
2069 2886 2167 2937 mi-

577 2972 725 3026 litum
757 2990 996 3030 suorum.
1045 2976 1200 3041 Audi,
1250 2978 1375 3046 quid
1423 2976 1565 3030 aliud
1606 2976 1782 3032 dicant
1815 2994 1828 3029 :
1863 2977 2166 3031 necessario

576 3068 718 3120 enim
779 3067 904 3121 illud
952 3067 1164 3123 additur
1208 3087 1221 3123 :
1273 3069 1634 3124 Testimonium
1682 3069 1870 3124 habens
1915 3071 1978 3124 ab
2028 3071 2166 3123 omm'

577 3167 762 3224 gente;
793 3175 858 3212 ne
897 3161 1015 3228 quis
1045 3159 1247 3214 diceret
1274 3177 1286 3211 :
1316 3160 1473 3228 Quid,
1525 3161 1568 3214 si
1602 3161 2003 3215 incircumcisus
2043 3162 2167 3218 est?

579 3248 643 3301 Et
668 3247 856 3311 Jndrei,
891 3251 1077 3319 inquit,
1112 3251 1462 3304 testificantur
1483 3252 1552 3306 ei.
1583 3251 1725 3322 Ergo
1749 3253 1878 3305 nihil
1909 3269 2005 3322 par
2025 3254 2168 3308 elee-

578 3355 814 3411 tnosynze
853 3344 996 3397 :itno
1027 3353 1168 3396 tanta
1197 3345 1272 3397 rei
1307 3345 1382 3397 vis
1413 3353 1515 3409 est,
1549 3345 1762 3413 quando
1791 3359 1855 3399 ex
1897 3345 2166 3415 penuariis

579 3439 724 3505 puris
747 3438 1103 3506 profunditur,
1136 3451 1193 3492 ut
1231 3456 1315 3499 ea,
1353 3456 1472 3509 qua:
1503 3456 1566 3494 ex
1610 3440 1804 3508 injuste
1847 3440 2011 3504 partis
2053 3456 2166 3494 ma-

579 3540 725 3592 nant,
759 3533 948 3586 similia
982 3533 1088 3586 sint
1113 3532 1240 3587 fonti
1271 3534 1438 3587 lutum
1471 3533 1734 3587 cmittenti
1760 3550 1773 3596 ;
1803 3549 1920 3602 qua:
1947 3548 2073 3587 vero
2100 3550 2165 3587 ex

574 3630 716 3698 juSte
747 3629 929 3696 partis,
959 3627 1112 3681 alveo
1144 3628 1367 3696 limpido
1398 3635 1452 3682 et
1487 3644 1638 3696 puro,
1676 3629 1724 3680 in
1767 3628 2014 3698 paradiso
2048 3643 2165 3680 ma-

576 3720 743 3783 nanti,
778 3719 864 3787 qui
905 3720 1080 3772 Suavis
1124 3720 1260 3783 visu,
1301 3725 1478 3773 suavis
1513 3729 1566 3772 et
1597 3729 1758 3783 tactu,
1792 3719 1917 3788 quid
1964 3719 2081 3773 lene
2113 3727 2166 3773 et

576 3810 824 3878 frigidum
852 3809 984 3862 dans
1020 3809 1070 3862 in
1099 3809 1341 3864 meridie.
1371 3810 1459 3864 Sic
1484 3819 1566 3865 est
1600 3818 1652 3862 et
1680 3810 2042 3881 eleemosyna.
2086 3810 2164 3863 Ad

579 3903 720 3959 hunc
749 3902 946 3958 fontem
980 3918 1084 3956 non
1127 3903 1303 3971 populi
1349 3904 1585 3964 arbores,
1617 3919 1721 3957 non
1755 3903 1883 3972 pini,
1925 3919 2030 3958 non
2074 3919 2166 3957 cu-

576 3994 771 4063 pressi,
797 3993 889 4047 sed
923 3994 1115 4062 planta:
1145 3993 1246 4047 illis
1278 3995 1430 4060 longe
1463 3994 1710 4048 meliores
1750 4003 1803 4049 et
1832 3995 2165 4063 proceriores

577 4094 700 4137 sunt
731 4101 745 4136 :
774 4099 927 4139 amor
957 4086 1068 4148 Dei,
1106 4086 1220 4140 laus
1246 4086 1543 4150 hominum,
1571 4087 1736 4156 gloria
1770 4089 1820 4139 in
1854 4088 2039 4152 Deum,
2069 4089 2163 4143 bc-

579 4174 874 4228 tteVolentia
925 4178 1205 4242 omnium,
1259 4187 1600 4246 peccatorum
1655 4178 1910 4244 abolitio,
1973 4179 2162 4234 liducia

578 4269 766 4332 multa,
797 4285 954 4338 opmn
980 4279 1344 4340 contemptus,
1374 4272 1732 4341 eleemosyna,
1767 4287 1862 4340 per
1889 4288 2046 4340 quam
2079 4287 2167 4326 ca-

578 4361 753 4415 ritatis
780 4361 957 4430 planta
989 4365 1239 4418 nutritur.
1269 4364 1407 4418 Nihil
1436 4365 1576 4418 enim
1601 4366 1678 4418 sic
1715 4365 1990 4419 caritatem
2018 4365 2166 4422 alere

578 4451 735 4516 solet,
771 4463 826 4505 ut
849 4454 890 4506 si
920 4455 1037 4523 quis
1069 4457 1371 4509 misericors
1419 4455 1596 4510 fuerit.
1639 4457 1763 4511 [hec
1795 4474 1973 4511 ramos
2005 4459 2056 4512 in
2084 4459 2165 4512 al-

578 4553 688 4596 ttttn
722 4545 878 4613 erigit
907 4563 919 4597 :
952 4544 1038 4599 hic
1071 4547 1258 4600 melior
1289 4547 1406 4600 fons
1444 4556 1528 4600 est
1558 4547 1666 4607 illo,
1700 4550 1786 4614 qui
1836 4551 1884 4602 in
1919 4550 2166 4619 paradiso

579 4647 714 4702 erat,
749 4654 852 4692 non
899 4640 950 4693 in
993 4651 1225 4709 quatuor
1262 4641 1434 4709 capita
1467 4640 1688 4700 divisus,
1731 4642 1821 4695 sed
1864 4643 1928 4696 ad
1975 4644 2163 4697 caelum

578 4729 748 4798 ipsum
781 4729 1088 4799 pertingens
1117 4747 1130 4784 :
1168 4731 1250 4784 hic
1280 4731 1416 4800 parit
1446 4731 1660 4784 ﬂuvium
1703 4732 1846 4784 illum
1886 4735 2162 4787 salientem

586 4820 638 4872 in
666 4820 822 4873 vitam
850 4832 1101 4875 mternam
1129 4823 1307 4888 (Joan.
1338 4824 1390 4876 4.
1428 4822 1513 4892 Μ)
1546 4841 1556 4875 :
1593 4824 1643 4875 in
1687 4823 1827 4877 hunc
1859 4841 2002 4877 mors
2035 4826 2166 4879 inci-

579 4911 733 4969 dens.
759 4912 906 4979 quasi
935 4914 1162 4966 scintilla
1187 4914 1483 4968 absumitur
1509 4933 1536 4968 a
1565 4916 1707 4968 ferite
1738 4934 1749 4966 :
1783 4917 1916 4969 adeo
1943 4917 2027 4971 hic
2052 4919 2167 4971 ubi-

579 5018 808 5069 cumque
846 5003 1028 5065 stiliet,
1074 5019 1262 5073 magna
1313 5017 1564 5073 operatur
1609 5009 1766 5061 bona.
1804 5009 1898 5063 llic
1946 5010 2162 5063 ﬂuvium

580 5093 718 5160 ignis
741 5095 887 5160 quasi
905 5095 1188 5147 scintillam
1212 5097 1538 5163 exstinguit:
1564 5099 1650 5151 hic
1669 5116 1901 5152 vertnem
1921 5101 2064 5153 illum
2094 5103 2163 5154 ita

581 5184 806 5238 sulToeat
833 5186 985 5254 quasi
1019 5187 1264 5240 nihilum.
1289 5187 1386 5256 Qui
1419 5187 1755 5252 Itunchahet,
1790 5192 2164 5246 nondentihus

577 5277 783 5329 stridet.
818 5278 891 5330 Ex
919 5293 1051 5346 aqua
1081 5279 1179 5331 iSIa
1209 5279 1252 5332 si
1284 5297 1385 5348 qua
1416 5281 1556 5334 stilla
1585 5281 1828 5335 inciderit
1860 5284 1908 5335 in
1932 5285 2158 5348 vincula,

579 5369 771 5422 scindit
791 5373 873 5425 illa
900 5391 909 5423 :
933 5372 978 5425 si
1013 5373 1064 5424 in
1094 5372 1335 5427 fornaces
1356 5375 1617 5439 inciderit,
1645 5393 1832 5430 omnes
1852 5380 2158 5447 exstinguit.

650 5466 701 5516 ὦ.
744 5464 886 5518 Sicut
923 5466 1010 5518 ille
1043 5467 1159 5518 fons
1187 5467 1437 5534 paradisi,
1472 5484 1574 5521 non
1601 5470 1756 5522 modo
1785 5470 1977 5524 ﬂuenta
2003 5473 2160 5525 emit-

583 5555 663 5618 tit,
690 5553 850 5606 modo
880 5555 1110 5608 siccatur
1140 5556 1411 5624 (alioquin
1431 5559 1538 5624 jam
1569 5558 1685 5614 fons
1714 5576 1816 5614 non
1838 5560 2032 5632 esset),
2065 5564 2156 5616 sed

579 5660 795 5711 semper
839 5647 1060 5699 sratorit
1092 5664 1103 5698 :
1141 5649 1208 5700 ita
1237 5659 1291 5702 et
1324 5648 1443 5702 fons
1483 5659 1666 5704 noster
1703 5668 1917 5720 semper
1963 5655 2159 5723 largius

581 5735 775 5790 ﬂuenta
821 5735 1058 5789 eﬂ'nndat
1101 5736 1166 5789 ad
1201 5753 1294 5792 eos
1327 5739 1592 5802 maxime,
1652 5741 1740 5809 qui
1789 5743 2154 5797 misericordia

576 5839 784 5893 egeant,
821 5836 870 5880 ot
905 5827 1022 5881 fons
1052 5840 1280 5882 maneat.
1312 5831 1421 5884 lloe
1446 5832 1666 5886 hilarem
1699 5833 2032 5898 redditeum,
2067 5838 2155 5907 qui

577 5921 764 5996 accipit
799 5938 807 5970 :
839 5921 934 5975 hoc
975 5922 1313 5991 cleemosyna
1341 5934 1415 5975 est
1444 5968 1452 5987 ,
1505 5927 1546 5978 si
1591 5943 1694 5980 non
1725 5927 1882 5979 modo
1913 5932 2150 5998 rapidum

1338 459 1393 513 S.
1434 456 1711 514 JOANNIS
1738 453 2212 510 (lllltYSOS'l'UMl
2267 453 2582 509 Alitlllllil’.
2618 455 3150 512 CUNSTANTINOP.

3788 462 3890 515 I76

2295 573 2550 624 ﬂuentum
2584 574 2811 634 emittat,
2845 574 2938 628 sed
2961 575 3121 628 etiam
3147 584 3483 643 perpetuum.
3512 574 3567 628 Si
3601 577 3703 641 vis,
3729 576 3889 646 quasi

2289 681 2352 718 ex
2398 664 2628 718 fontilms
2671 666 2762 719 tibi
2795 667 2886 720 Dei
2927 667 3352 721 misericordiam
3401 667 3664 736 implucre
3688 711 3703 733 ,
3735 681 3793 724 et
3829 680 3888 724 tu

2290 756 2489 811 fontem
2537 756 2752 812 habeto.
2785 758 2925 812 Nihil
2974 760 3046 812 illi
3079 775 3175 828 par
3210 767 3314 814 est.
3346 759 3399 814 Si
3433 769 3486 813 tu
3523 759 3686 813 fontis
3725 759 3892 829 hujos

2286 863 2378 902 ora
2412 850 2710 919 aperueris,
2749 851 2908 904 fontis
2940 851 3030 906 Dei
3061 853 3184 905 talia
3216 861 3378 906 erunt
3405 861 3521 918 ora,
3546 863 3602 907 ut
3623 855 3887 925 abyssum

2286 955 2500 995 omnem
2534 953 2810 1014 superent.
2853 944 3198 1000 Occasionem
3229 947 3400 1000 solum
3444 949 3632 1017 qomrit
3661 965 3689 1001 a
3724 951 3891 1005 nobis

2285 1035 2529 1102 accipere
2573 1036 2734 1102 Deus,
2763 1046 2815 1092 et
2850 1037 3123 1105 profundit
3155 1039 3291 1092 bona
3342 1056 3404 1094 ex
3440 1044 3710 1109 pennariis
3741 1044 3884 1096 suis.

2283 1124 2414 1178 Cum
2451 1127 2686 1190 insumit,
2744 1143 2864 1182 cum
2906 1129 3184 1194 impendit,
3222 1141 3344 1184 tunc
3395 1132 3544 1185 dives
3589 1145 3706 1194 est,
3753 1143 3890 1186 tunc

2283 1217 2591 1284 opulentus.
2614 1218 2855 1285 Magnum
2881 1231 3040 1274 estos
3066 1220 3224 1275 fontis
3255 1224 3395 1278 illius
3422 1244 3430 1274 :
3456 1239 3644 1293 purum
3675 1235 3728 1279 et
3747 1226 3876 1277 lim.

2282 1305 2462 1374 pidum
2495 1307 2610 1376 ejus
2640 1308 2919 1363 ﬂuentum.
2952 1311 3004 1365 Si
3047 1312 3190 1366 hunc
3231 1329 3332 1366 non
3380 1313 3647 1378 ohstruas,
3699 1331 3888 1385 neque

2283 1398 2428 1452 illum
2457 1399 2724 1454 obstrues.
2762 1400 2915 1454 Nulla
2951 1402 3271 1455 infructuosa
3299 1404 3448 1472 juxta
3484 1406 3626 1457 illum
3657 1416 3760 1460 stet
3786 1422 3887 1460 ar—

2283 1491 2400 1557 bor,
2432 1509 2497 1547 ne
2527 1493 2808 1550 humorem
2836 1495 2979 1549 illum
3013 1495 3278 1548 absumat.
3312 1496 3488 1550 Habes
3522 1497 3770 1552 divitias?
3803 1499 3888 1553 No

2281 1584 2487 1653 plantes
2536 1586 2644 1640 illic
2694 1587 2884 1640 salices
2920 1587 3076 1647 ;talis
3121 1598 3200 1641 est
3249 1589 3391 1640 enim
3433 1589 3551 1657 ejus
3582 1590 3829 1659 voluptas
3865 1607 3882 1646 :

2280 1679 2445 1730 multa
2472 1679 2720 1745 ἱιιειιιιιίι,
2755 1690 2807 1733 et
2835 1679 2963 1732 nihil
3011 1681 3063 1734 in
3097 1696 3154 1734 se
3182 1681 3451 1746 Ostendit,
3501 1683 3588 1735 sea"
3642 1682 3882 1738 fructum

2281 1769 2474 1838 perdit.
2497 1769 2574 1824 Nc
2596 1771 2804 1840 plantes
2826 1772 3061 1832 salicem,
3090 1787 3156 1825 ne
3181 1773 3382 1841 pinum,
3413 1789 3511 1826 nec
3533 1775 3656 1842 quid
3677 1775 3880 1840 simile,

2277 1863 2418 1933 quod
2450 1874 2729 1918 consumat
2765 1876 2814 1918 et
2846 1865 3032 1918 inutile
3069 1866 3138 1918 sit
3169 1884 3180 1918 :
3215 1867 3333 1919 talis
3359 1867 3500 1920 enim
3531 1878 3614 1921 est
3644 1868 3880 1921 vestium

2278 1957 2553 2024 voluptas;
2587 1957 2702 2011 visu
2733 1956 2970 2025 pulchra:
2999 1967 3140 2022 sunt,
3173 1957 3266 2012 sed
3295 1957 3360 2010 ad
3393 1958 3523 2011 nihil
3557 1959 3738 2013 utiles.
3771 1959 3881 2012 ltu-

2277 2049 2363 2118 ple
2387 2048 2620 2103 surculis
2649 2068 2660 2101 :
2695 2051 2871 2102 omnia
2913 2049 3183 2102 fructifera
3210 2049 3417 2112 plantes
3447 2051 3500 2103 in
3525 2066 3714 2110 manus
3749 2068 3879 2120 pan-

2276 2155 2464 2210 peruri
2487 2155 2838 2211 quzecumque
2855 2142 3108 2195 volueris.
3135 2141 3273 2195 Nihil
3300 2141 3397 2197 hac
3421 2153 3560 2196 terra
3588 2145 3875 2214 pinguius;

2277 2237 2520 2303 quamvis
2554 2250 2712 2303 parva
2747 2237 2814 2288 sit
2864 2251 3052 2288 manus
3099 2237 3389 2304 capacitas,
3439 2247 3676 2292 attamen
3709 2241 3879 2294 arbor

2278 2325 2364 2378 illa
2390 2326 2621 2394 plantata
2653 2326 2716 2379 ad
2752 2342 2918 2395 usque
2947 2327 3134 2380 caelum
3171 2327 3453 2397 pertingit,
3487 2341 3538 2382 et
3571 2330 3718 2382 firma
3745 2343 3874 2384 stat.

2276 2415 2388 2470 lloe
2420 2427 2502 2470 est
2534 2434 2659 2472 vere
2687 2419 2948 2488 plantare.
2979 2419 3110 2473 Nam
3140 2421 3279 2489 quod
3312 2422 3361 2475 in
3406 2431 3545 2476 terra
3574 2423 3871 2493 plautatur,

2272 2511 2315 2563 si
2349 2527 2450 2564 non
2478 2525 2638 2574 nunc,
2669 2521 2787 2580 post
2817 2521 3034 2564 centum
3064 2527 3234 2565 annos
3266 2514 3477 2580 peribit.
3501 2514 3605 2568 Cur
3646 2516 3876 2571 arbores

2274 2603 2502 2672 plantas,
2536 2604 2728 2672 quibus
2763 2618 2866 2654 non
2910 2604 3137 2664 frueris;
3187 2604 3280 2657 sed
3329 2615 3613 2675 antequam
3649 2605 3869 2673 fruaris,

2275 2713 2418 2750 mors
2447 2698 2705 2751 invadens
2738 2707 2787 2749 te
2817 2699 3082 2766 abripiet?
3117 2697 3239 2752 lla-e
3265 2700 3446 2765 urbor,
3478 2711 3874 2754 commortuus

2272 2786 2457 2857 fueris,
2490 2799 2614 2843 tunc
2643 2789 2732 2842 tibi
2765 2789 2990 2843 fruetum
3032 2790 3199 2845 dabit.
3237 2790 3290 2844 Si
3323 2791 3528 2860 plantes
3551 2833 3564 2856 ,
3597 2807 3663 2846 ne
3688 2793 3738 2846 in
3769 2779 3871 2863 gal-

2273 2882 2588 2950 strimargiie
2637 2893 2823 2935 ventre
2874 2882 3117 2950 plantes,
3165 2897 3230 2936 ne
3259 2881 3310 2935 in
3343 2897 3612 2936 secessum
3664 2882 3874 2938 fructus

2270 2983 2456 3037 exeat;
2499 2971 2590 3026 sed
2623 2972 2801 3040 planta
2853 2973 2902 3024 in
2947 2971 3149 3026 afﬂicto
3195 2983 3403 3037 ventre,
3455 2983 3511 3027 ut
3556 2972 3759 3028 fructos
3799 2976 3870 3029 ad

2271 3064 2460 3119 caelum
2485 3065 2694 3118 exsiliat
2729 3085 2743 3119 :
2791 3079 2974 3119 recrea
3002 3066 3235 3119 animam
3267 3068 3516 3136 pauperis
3542 3067 3591 3121 in
3622 3072 3873 3139 angustia

2270 3156 2558 3222 versantis,
2591 3165 2646 3208 ut
2689 3173 2756 3209 ne
2789 3157 2948 3210 latam
2979 3165 3119 3211 tuam
3153 3158 3291 3210 viam
3324 3171 3519 3212 arctes.
3554 3159 3668 3214 Non
3693 3163 3869 3228 vides,

2271 3249 2541 3319 quomodo
2569 3251 2812 3317 arbores,
2843 3267 2960 3321 qum
2991 3244 3107 3307 sine
3140 3269 3390 3308 mensura
3421 3257 3692 3324 rigantur,
3722 3272 3752 3312 a
3783 3275 3875 3312 ra-

2272 3342 2393 3396 dice
2430 3353 2882 3412 corrumpantur;
2916 3360 3033 3413 qu:e
3065 3355 3240 3399 autem
3269 3361 3390 3400 cum
3423 3363 3671 3401 mensura
3700 3389 3714 3413 ,
3744 3364 3874 3404 cre-

2271 3436 2461 3490 scant?
2492 3436 2564 3490 Ita
2593 3448 2647 3490 et
2677 3449 2728 3490 tu
2763 3453 2828 3491 ne
2855 3447 3096 3492 ventrem
3123 3448 3270 3492 tuum
3305 3448 3430 3507 potu
3461 3440 3776 3510 ingurgites,
3801 3457 3877 3497 nc

2274 3528 2768 3595 putrescatarhoris
2790 3527 2939 3582 radix
2968 3543 2980 3577 :
3005 3540 3184 3598 potum
3217 3529 3282 3582 da
3307 3531 3530 3592 sitienti,
3558 3543 3612 3585 ut
3633 3531 3873 3587 fructum

2272 3618 2426 3672 ferat.
2459 3618 2590 3686 Quze
2617 3620 2892 3674 moderate
2921 3631 3102 3689 potum
3134 3622 3422 3691 accipiunt,
3451 3639 3556 3677 non
3584 3624 3877 3693 putrefacit

2272 3710 2375 3774 sol,
2397 3711 2488 3765 sed
2522 3726 2642 3779 qua:
2667 3711 3021 3766 immoderate
3052 3713 3068 3743 ¹
3101 3728 3114 3763 :
3143 3713 3259 3766 talis
3286 3713 3485 3784 quippe
3511 3723 3594 3768 est
3613 3717 3744 3769 solis
3776 3733 3876 3771 na-

2271 3812 2408 3858 tura.
2448 3803 2654 3874 Ubique
2686 3804 2822 3858 mala
2869 3814 2954 3860 est
2996 3805 3369 3861 immoderatio
3397 3826 3410 3862 :
3439 3808 3670 3878 ideoque
3720 3810 3874 3866 illam

2271 3895 2667 3958 exscindamus,
2704 3906 2760 3949 ut
2785 3911 2902 3965 quae
2925 3897 3158 3966 petimus
3187 3912 3559 3968 assequamur.
3587 3900 3641 3953 In
3671 3900 3878 3956 altissio

2270 3991 2373 4044 mis
2418 3990 2548 4044 locis
2577 3991 2829 4044 dicuntur
2869 3990 3043 4045 fontes
3084 3992 3236 4044 oriri.
3281 3992 3420 4062 Ergo
3449 3994 3618 4047 simus
3663 4005 3719 4050 et
3769 4010 3876 4050 nos

2270 4085 2451 4137 animo
2476 4084 2754 4144 soblimes,
2791 4092 2842 4137 ct
2871 4083 3214 4155 eleemosyna
3242 4085 3350 4139 cito
3377 4085 3638 4141 manabit.
3683 4086 3875 4158 Neque

2271 4178 2412 4230 enim
2440 4187 2614 4245 potest
2635 4177 2881 4230 sublimis
2921 4177 3096 4230 anima
3133 4194 3237 4230 non
3270 4179 3595 4242 misericors,
3629 4191 3683 4234 et
3715 4181 3876 4234 mise-

2273 4267 2441 4320 ricors
2472 4283 2577 4320 non
2607 4268 2853 4322 sublimis
2876 4284 3017 4323 esse.
3049 4269 3149 4336 Qui
3178 4285 3306 4339 ergo
3336 4271 3592 4339 pecunias
3613 4271 3871 4341 despicit,

2272 4358 2453 4412 radice
2480 4359 2745 4413 malorum
2773 4361 3018 4428 superior
3046 4369 3146 4415 est.
3171 4360 3370 4416 Fontes
3400 4361 3451 4415 in
3482 4361 3714 4417 desertis
3743 4376 3873 4419 sunt

2271 4461 2330 4506 ut
2359 4451 2643 4522 plurimum
2677 4472 2688 4506 :
2721 4462 2774 4507 et
2805 4469 2900 4507 nos
2927 4455 3157 4508 animam
3189 4469 3257 4509 ex
3285 4455 3514 4509 tumultu
3550 4449 3868 4522 educamus,

2272 4552 2324 4596 et
2354 4543 2493 4612 apud
2547 4559 2642 4596 nos
2695 4545 2950 4598 scaturiet
3001 4547 3367 4616 eleemosyna.
3419 4545 3620 4602 Fontes
3667 4559 3876 4617 quanto

2271 4637 2441 4702 magis
2469 4643 2778 4702 purgantur,
2821 4642 2966 4688 tanto
2999 4634 3273 4690 uberiores
3295 4646 3418 4691 sunt
3445 4654 3456 4689 :
3489 4638 3558 4690 ita
3590 4654 3689 4692 nos
3732 4655 3875 4708 quo-

2271 4743 2394 4794 que,
2419 4742 2524 4796 quo
2552 4728 2719 4794 magis
2739 4729 3090 4793 insmnemus,
3115 4737 3169 4781 et
3187 4729 3356 4799 magis
3382 4730 3518 4783 bona
3546 4733 3868 4787 scatur-ient.

2271 4816 2368 4882 Qui
2401 4817 2598 4869 fontem
2640 4816 2817 4878 habet,
2854 4831 2957 4868 non
2994 4817 3145 4871 timet
3175 4835 3186 4870 :
3220 4818 3262 4872 si
3292 4834 3421 4883 ergo
3452 4831 3500 4873 et
3537 4837 3634 4876 nos
3665 4822 3870 4876 fontem

2275 4907 2563 4960 habeamus
2593 4907 3017 4976 eleemosynam,
3046 4923 3148 4961 non
3177 4911 3504 4965 timebimus.
3542 4911 3638 4965 llic
3667 4915 3872 4981 quippe

2272 4997 2392 5051 fons
2414 4999 2478 5050 ad
2506 5007 2710 5066 potmn,
2745 4998 2809 5050 ad
2841 4999 3225 5065 irrigatiOnetn,
3261 5001 3325 5053 ad
3366 5001 3615 5064 aediﬁcia,
3647 5004 3710 5056 ad
3745 5020 3867 5057 om-

2275 5093 2358 5145 nia
2407 5092 2558 5144 nobis
2606 5092 2754 5145 utilis
2805 5100 2905 5144 est.
2940 5091 3083 5145 Nihil
3132 5093 3233 5147 hoc
3268 5104 3390 5162 potu
3423 5096 3616 5149 melius
3648 5113 3662 5149 :
3697 5100 3874 5151 nescit

2270 5184 2357 5238 hic
2392 5184 2508 5238 fons
2537 5185 2852 5238 ebrietatem
2884 5183 3137 5239 inducere
3166 5204 3178 5240 :
3215 5187 3406 5239 melius
3445 5197 3526 5241 est
3558 5187 3718 5242 talem
3771 5188 3873 5241 Ita-

2272 5276 2396 5328 here
2426 5276 2649 5341 fontem,
2680 5291 2838 5344 quam
2870 5277 2984 5328 auri
3013 5275 3187 5330 fontes
3214 5278 3486 5331 emittere.
3517 5276 3674 5332 Omni
3709 5279 3869 5332 auri-

2270 5367 2379 5423 fera
2436 5380 2574 5423 terra
2624 5369 2815 5421 melior
2853 5377 2928 5420 est
2983 5370 3180 5432 anima,
3231 5385 3349 5438 qua:
3403 5368 3707 5437 hujnsmodi
3764 5373 3875 5427 fert

2269 5476 2475 5513 aurum.
2503 5460 2617 5512 Non
2651 5459 2792 5512 enim
2827 5460 2876 5511 in
2913 5459 3048 5513 hanc
3078 5461 3276 5527 regiam
3306 5503 3319 5523 ,
3349 5460 3441 5512 sed
3479 5461 3529 5514 in
3571 5477 3870 5530 supernam

2271 5553 2545 5604 nobiscum
2579 5550 2843 5604 concedit.
2878 5550 2986 5603 Hoc
3011 5566 3197 5602 aurmn
3229 5561 3603 5605 ornamentum
3634 5563 3718 5606 est
3758 5555 3865 5608 l-‘.e-

2268 5643 2444 5697 Clesize
2478 5643 2566 5695 Dei
2600 5658 2700 5694 :ex
2749 5641 2848 5694 hoc
2896 5658 3030 5694 auro
3078 5641 3304 5694 eftieitnr
3354 5642 3562 5711 gladius
3607 5645 3870 5713 Spiritus,

2266 5735 2471 5806 gladius
2495 5749 2588 5804 per
2614 5750 2771 5802 quem
2801 5732 2961 5786 draco
2986 5732 3303 5786 dissecatur.
3334 5733 3407 5786 Ev
3446 5735 3545 5788 hoc
3575 5734 3720 5788 fonte
3747 5751 3868 5804 pro-

2329 5875 2342 5902 ¹
2382 5870 2544 5921 Codex
2575 5883 2700 5916 unus
2730 5869 2876 5916 habet
2900 5867 2987 5931 :_Si
3033 5875 3192 5928 potum
3224 5868 3472 5916 moderate
3502 5868 3734 5931 dedatis,
3773 5884 3870 5922 non

2264 5934 2514 5996 ptui-eluit
2541 5934 2639 5989 .wl,’
2664 5932 2704 5981 si
2729 5938 2886 5979 autem
2912 5929 3240 5984 immoderate,
3269 5929 3545 5988 pateﬁtrit.
