4044 6520
149 500 219 554 m
1035 492 1097 545 IN
1142 488 1322 544 seu
1364 480 1894 541 Al’US'l‘OLUltUM.
1939 484 2166 539 uentu.
2214 486 2405 543 xxnt.

144 616 269 669 dsunt
292 610 482 681 lapides
510 608 764 681 pretiosi,
805 605 895 677 qui
938 614 1099 673 caput
1156 602 1296 673 regis
1349 607 1561 654 ornant.
1617 596 1693 651 Ne

143 710 280 776 itaque
305 706 631 774 negligamus
663 711 842 756 tantas
881 699 1134 761 divitias;
1164 698 1258 751 sed
1292 695 1512 765 largiter
1550 694 1697 748 elce—

142 812 367 869 mosyuain
412 797 745 858 inferamus,
791 802 847 847 ul
896 792 987 847 Dei
1020 792 1350 862 benignitate.
1381 790 1687 858 dignemur,

3318 485 3415 541 178

1804 601 1972 671 gratia
2001 609 2056 655 et
2086 600 2526 655 miserationibus
2556 600 2813 671 unigeniti
2847 599 2965 671 ejus
2994 599 3152 662 Filii,
3180 600 3264 654 cui
3295 614 3411 653 Olll-

1804 696 1887 749 nis
1911 695 2102 765 gloria,
2134 700 2309 749 honor
2323 706 2377 750 et
2400 696 2685 766 imperium
2709 710 2813 748 uua
2830 710 2952 749 cum
2975 703 3165 749 sancto
3182 694 3409 764 Spiritu,

1803 787 1855 839 in
1884 788 2078 841 siccula
2106 788 2449 841 saeculorum.
2476 790 2670 841 Anien.

1488 997 1840 1059 HOMILIA
1900 997 2144 1058 XXIII.

134 1146 234 1203 ϐυ).
260 1150 337 1204 10.
383 1164 434 1201 v.
464 1148 557 1202 25.
593 1146 838 1218 Sequenti
884 1155 1051 1198 autem
1092 1146 1205 1205 aic,
1236 1143 1443 1212 inquit,
1477 1158 1689 1212 surgens

190 1239 343 1296 Petrus
360 1283 376 1305 ,
402 1243 669 1311 profectus
692 1250 765 1292 est
795 1255 910 1291 cum
936 1238 1039 1290 illis
1065 1252 1085 1287 :
1112 1246 1158 1289 et
1184 1236 1392 1306 quidam
1418 1250 1482 1286 ex
1512 1233 1690 1304 fratri-

187 1332 260 1385 bus
276 1335 331 1385 ab
350 1331 519 1401 Joppe
544 1348 665 1384 cum
689 1331 777 1383 illo
815 1338 1051 1383 venerunt
1096 1325 1395 1381 Ctesuream.
1440 1324 1529 1378 24.
1560 1322 1689 1378 Cor-

185 1427 318 1480 nelius
339 1441 449 1477 vero
490 1424 821 1492 exspectabat
848 1422 988 1485 illos,
1015 1418 1300 1473 convocatis
1328 1418 1554 1488 cognatis
1577 1416 1685 1470 suis

183 1529 221 1570 et
254 1518 533 1572 necessariis
576 1517 782 1569 amicis.

182 1612 223 1665 l.
263 1610 541 1680 Postquam
577 1611 725 1663 viros
769 1606 1108 1675 hosiiitaliter
1149 1604 1431 1665 tractavit,
1473 1601 1685 1670 egredi—

132 1712 194 1755 tur
221 1717 325 1756 cum
354 1703 490 1756 illis:
528 1710 703 1756 recte.
750 1700 906 1755 Prius
937 1699 1163 1768 benigne
1203 1712 1323 1750 cum
1355 1696 1458 1748 illis
1501 1694 1607 1761 agit
1640 1695 1679 1758 ‘,

130 1806 272 1865 utpote
297 1812 355 1851 ex
388 1798 582 1851 itinere
614 1795 883 1864 fatigatis,
908 1793 1117 1861 sibique
1147 1790 1438 1844 familiares
1469 1787 1679 1852 reddit,

128 1888 399 1957 dentiumque
421 1904 524 1942 una
557 1887 942 1957 proficiscitur.
979 1884 1223 1955 Sequenti
1245 1892 1413 1935 autem
1454 1882 1570 1945 die,
1594 1880 1681 1947 in.

127 1981 238 2046 quit,
274 1998 475 2052 surgens
511 1980 703 2034 Petrus
727 2019 743 2045 ,
778 1979 1035 2047 profectus
1060 1987 1129 2029 est
1170 1992 1282 2029 cum
1322 1974 1462 2027 illis:
1496 1984 1540 2025 et
1566 1973 1680 2039 qui-

126 2072 213 2123 dam
235 2078 424 2142 fratres.
452 2071 572 2127 Non
606 2072 760 2126 Solus
787 2110 801 2135 ,
833 2069 927 2125 sed
950 2076 1006 2124 et
1031 2068 1118 2121 alii
1142 2083 1262 2121 cum
1298 2066 1388 2118 illo
1420 2066 1677 2127 veniunt;

127 2164 250 2233 idque
272 2182 382 2220 cum
420 2166 657 2235 quadam
685 2162 1051 2233 providentia,
1083 2170 1139 2214 ut
1168 2171 1351 2228 postea
1385 2166 1549 2211 ICleS
1588 2172 1678 2210 es—

126 2268 241 2322 sent,
276 2260 483 2327 quando
516 2258 682 2312 Petro
710 2270 843 2327 Opus
891 2256 990 2307 l'nit
1034 2254 1365 2308 defensione.
1412 2250 1679 2305 Cornelius

124 2365 209 2402 rem
239 2353 551 2422 exspectabat
593 2353 712 2404 illos
735 2391 751 2416 ,
782 2348 1070 2403 convocatis
1098 2346 1326 2416 cognatis
1356 2345 1463 2399 suis
1503 2354 1548 2396 et
1591 2359 1677 2395 ne~

123 2447 307 2498 assariis
340 2447 537 2500 amicis.
573 2444 688 2500 Hoc
718 2443 876 2496 amici
904 2483 919 2505 ,
950 2442 1051 2495 hoc
1080 2440 1149 2510 pii
1180 2439 1278 2493 viri
1320 2447 1401 2493 est
1426 2480 1441 2503 ,
1478 2438 1527 2489 in
1562 2436 1680 2491 tali-

124 2532 196 2588 ltus
222 2536 363 2591 bonis
408 2538 620 2593 amicos
665 2550 775 2605 prae
805 2534 1055 2588 omnibus
1096 2532 1271 2585 facere
1301 2529 1501 2584 socios.
1549 2526 1678 2582 Jnre

124 2626 197 2680 lius
214 2640 351 2684 vocat
381 2630 579 2700 quibus
611 2628 846 2693 fitlcbtll,
874 2626 942 2681 de
975 2624 1169 2679 talibus
1198 2622 1431 2676 maxime
1463 2634 1680 2689 semper

124 2717 386 2788 dissi'rens,
438 2738 562 2791 qum
612 2719 812 2775 frustra
864 2717 1099 2773 fortasse
1147 2716 1269 2769 aliis
1314 2714 1675 2782 exposuisset.

124 2806 337 2865 Videntur
381 2822 563 2866 autem
615 2811 746 2864 mihi
794 2820 847 2865 et
893 2810 1050 2863 amici
1098 2818 1152 2862 ct
1191 2807 1403 2876 cognati
1446 2806 1513 2858 ali
1564 2806 1678 2874 ipso

123 2896 251 2954 fuisse
279 2904 524 2957 instituti.
553 2902 650 2958 Q5.
682 2902 809 2957 Cant
849 2902 1106 2955 introisset
1131 2911 1297 2954 autem
1331 2898 1514 2953 Petrus
1539 2941 1553 2962 ,
1587 2900 1679 2952 ob-

122 2992 220 3044 riam
252 2997 372 3048 venit
405 2997 503 3067 ipsi
549 2996 851 3060 Cornelius,
883 3005 929 3049 et
970 2994 1236 3065 procidens
1263 2993 1331 3047 ad
1373 2994 1523 3061 pedes
1563 2993 1677 3062 ejus

121 3084 323 3140 adoravit.
348 3088 434 3143 26.
476 3088 663 3145 Petrus
696 3106 807 3142 vero
863 3088 1019 3141 erexit
1050 3103 1162 3139 eum
1184 3126 1199 3152 ,
1229 3086 1398 3139 dicens
1424 3100 1441 3138 :
1472 3082 1676 3154 Surge;

122 3194 211 3230 nam
248 3192 288 3234 et
317 3198 403 3254 ego
432 3184 587 3237 homo
618 3199 743 3236 sum.
781 3181 895 3236 lloc
924 3181 1048 3235 facit
1074 3223 1088 3245 ,
1124 3181 1480 3234 humilitatem
1524 3193 1674 3231 suam

122 3272 369 3328 ostendens
390 3318 405 3341 ,
433 3276 683 3345 aliosque
710 3275 914 3329 docens
939 3275 1155 3343 Dcoque
1180 3273 1382 3344 gratias
1404 3273 1541 3342 agit,
1574 3273 1675 3325 de-

122 3360 349 3434 claratque
384 3382 441 3421 se
463 3409 478 3428 ,
508 3367 721 3422 etiarnsi
767 3367 949 3436 jussus
979 3367 1087 3429 sit,
1120 3383 1182 3420 ex
1230 3381 1288 3420 se
1319 3374 1493 3419 tamen
1538 3365 1678 3419 mul-

128 3460 208 3504 tam
251 3454 438 3513 habere
494 3459 771 3528 pietatem.
817 3458 955 3524 Quid
1007 3473 1136 3527 ergo
1187 3457 1421 3513 l’etrus?
1464 3455 1677 3528 Surge;

124 3558 214 3595 uani
238 3555 278 3599 et
302 3565 387 3620 ego
416 3550 573 3604 Itonia
613 3567 747 3603 sum.
784 3549 991 3615 Viden‘,
1024 3548 1299 3620 quomodo
1326 3558 1449 3602 ante
1493 3549 1674 3601 omnia

124 3633 218 3689 illus
235 3639 447 3706 docent,
476 3659 544 3696 nc
576 3643 703 3712 quid
734 3658 983 3713 magnum
1015 3642 1081 3696 de
1102 3658 1162 3695 se
1184 3641 1459 3696 sentiant?
1487 3640 1578 3693 27.
1610 3639 1677 3693 Et

124 3725 291 3794 loquens
312 3748 422 3785 cum
442 3734 535 3788 illo
556 3773 573 3795 ,
605 3733 810 3786 intravit
836 3749 855 3787 :
882 3744 928 3787 et
958 3733 1145 3786 invenit
1173 3732 1363 3785 multos
1388 3732 1472 3802 qui
1497 3747 1677 3785 convc-

124 3831 297 3886 tierant,
341 3823 429 3879 9.8.
474 3823 708 3894 dixitque
746 3824 815 3877 ad
844 3823 1002 3877 illos:
1047 3822 1145 3876 Vos
1195 3824 1368 3887 scitis,
1424 3822 1677 3893 quomodo

124 3912 415 3971 abominatum
445 3918 510 3971 sit
541 3920 647 3972 viro
669 3916 853 3971 Judazo
880 3918 1123 3988 conjungi
1196 3926 1284 3969 aut
1310 3917 1547 3970 accedere
1611 3915 1680 3968 ad

124 4004 430 4077 alienigenam.
466 4010 636 4075 Vide,
672 4020 732 4064 ut
757 4010 938 4063 statim
970 4011 1036 4063 de
1071 4009 1162 4062 Dei
1197 4008 1529 4076 benignitate
1570 4008 1680 4061 dis-

124 4110 264 4163 serat,
294 4103 645 4174 ostendatque
687 4103 859 4171 ipsum
902 4117 1095 4170 magna
1145 4101 1249 4155 illis
1281 4101 1526 4170 largituni
1558 4113 1680 4153 esse

126 4185 251 4243 lous.
274 4191 384 4248 Non
414 4196 517 4249 hoc
542 4195 715 4248 solum
745 4194 1117 4249 admirandum
1146 4193 1232 4247 hic
1257 4203 1361 4257 est,
1384 4192 1535 4261 quod-
1554 4192 1676 4246 talia

126 4280 359 4349 loquatur;
397 4287 490 4341 sed
535 4297 589 4340 et
617 4287 889 4356 quomodo
922 4286 1082 4340 simul
1122 4296 1177 4341 et
1209 4301 1398 4356 magna
1434 4285 1680 4354 loquatur

123 4384 163 4425 et
186 4378 403 4435 modeste
429 4392 574 4452 agat.
605 4380 723 4435 Non
752 4380 887 4435 dixit
910 4380 1056 4434 enim
1083 4398 1096 4434 :
1128 4378 1234 4434 Nos
1262 4381 1352 4449 qui
1384 4378 1451 4432 ad
1503 4378 1677 4433 nenii-

127 4482 219 4521 nem
240 4473 487 4530 accedere
519 4473 804 4543 dignamur
824 4516 837 4537 ,
867 4472 933 4528 ad
960 4490 1054 4526 vos
1084 4473 1364 4535 venimus;
1395 4472 1487 4526 sed
1514 4472 1680 4542 quid?

135 4556 211 4613 Vos
226 4564 351 4619 scitis
376 4567 544 4635 (Deus
568 4566 670 4621 hoc
692 4567 881 4634 jussit,
907 4566 1103 4635 inquit)
1128 4610 1140 4627 ,
1168 4566 1399 4636 iniquum
1430 4581 1538 4619 esse
1562 4581 1684 4617 con-

124 4652 240 4720 jangi
277 4668 357 4709 aut
382 4658 624 4712 accedere
650 4658 717 4711 ad
758 4656 1116 4727 alienigenam.
1168 4657 1369 4712 Deinde
1401 4672 1468 4711 ne
1510 4658 1560 4709 in
1590 4656 1683 4710 illo

129 4745 311 4809 gratim
360 4759 597 4815 statuat,
641 4750 857 4804 subdit:
900 4749 963 4803 Et
993 4750 1118 4803 milii
1146 4748 1287 4803 Deus
1313 4750 1563 4812 ostendit,
1600 4765 1686 4803 ne-

129 4836 276 4891 miuem
321 4858 632 4897 communem
685 4853 771 4895 aut
825 4844 1143 4896 immundum
1187 4842 1355 4895 dicere
1407 4841 1681 4894 hominem.

131 4922 217 4980 Hoc
247 4932 545 5005 subiungit,
580 4948 649 4989 ne
676 4934 916 4989 videatur
945 4935 1153 4990 adulari
1190 4934 1311 5004 ipsi.
1338 4934 1431 4988 29.
1469 4934 1687 5003 Propter

128 5021 234 5081 ’tuod
255 5023 354 5078 sine
373 5027 779 5081 contradictione
822 5028 933 5082 veni
961 5028 1256 5081 accersitus.
1293 5026 1368 5081 Ne
1396 5034 1645 5095 putarent
1666 5066 1684 5093 ,

130 5114 208 5164 etsi
232 5130 307 5170 res
336 5119 516 5174 illicita
543 5127 689 5175 esset
711 5160 725 5185 ,
754 5134 814 5175 se
842 5129 1030 5188 utpote
1062 5120 1291 5190 principi
1320 5135 1384 5174 ca
1422 5118 1489 5174 de
1520 5134 1684 5174 causa

131 5204 509 5278 ciliteInperasse,
538 5212 634 5267 sed
666 5222 835 5268 totum
862 5214 975 5269 Deo
1006 5215 1332 5284 imputarent
1351 5257 1363 5277 ,
1393 5232 1495 5267 non
1524 5214 1685 5269 modo

130 5299 338 5374 toujungi
360 5348 375 5373 ,
405 5306 502 5361 sed
530 5307 691 5361 etiam
724 5308 983 5363 accedere
1011 5324 1119 5362 non
1154 5308 1315 5362 licere
1340 5308 1489 5362 dicit.
1522 5306 1668 5362 Inter

133 5405 230 5459 τοςο
254 5412 395 5467 ergo,
433 5394 582 5469 quam
612 5399 673 5453 ob
700 5416 908 5455 causam
934 5400 1217 5454 accersistis
1245 5416 1339 5453 me.
1376 5400 1490 5454 Non
1538 5402 1662 5465 igno

136 5496 235 5537 rans
270 5487 555 5561 interrogat
585 5508 598 5543 :
632 5492 835 5546 sciebat
863 5492 1007 5547 enim
1041 5502 1209 5547 totum
1241 5492 1428 5547 Petrus
1464 5510 1493 5547 a
1526 5494 1689 5545 visio-

137 5590 189 5628 ιιι)
226 5578 473 5639 eductus:
517 5585 763 5639 audierat
814 5586 977 5639 etiam
1027 5601 1055 5639 a
1105 5586 1405 5649 militibus;
1437 5585 1531 5641 sed
1577 5586 1691 5638 vult

186 5730 200 5760 ‘
228 5728 277 5801 1η
298 5747 388 5786 uno
413 5735 705 5801 exemplari,
724 5738 802 5788 bis
830 5739 1025 5789 omissis
1049 5740 1218 5789 verbis
1236 5775 1249 5797 ,
1276 5747 1526 5804 postquam
1565 5738 1693 5789 rios

139 5784 391 5831 Itamirum..-
416 5800 635 5831 Irus-Insul!
676 5800 929 5831 ,ιιηυιεηηο
956 5814 1065 5831 μη...
1089 5801 1189 5831 sm.
1219 5815 1231 5829 .
1260 5811 1389 5831 ...ηπ
1438 5804 1500 5831 ..1.
1526 5804 1597 5831 με
1620 5804 1693 5831 ς..-

161 5794 397 5869 Mitliner:
415 5794 654 5869 tramisit,
674 5794 929 5869 (greditur
955 5814 1065 5869 cum
1089 5801 1189 5853 illis
1214 5794 1245 5853 ε’
1260 5794 1410 5869 recte,
1437 5804 1602 5869 abhis
1620 5804 1694 5850 iu-

137 5852 296 5960 rqatur,
319 5861 453 5913 Prius
478 5852 681 5928 benigne
704 5852 817 5913 Eum
841 5863 939 5914 illis
954 5877 1002 5912 ιιι
1026 5865 1072 5913 't.
1095 5852 1360 5927 l’ossetque
1385 5852 1477 5914 hoc
1502 5866 1691 5914 initium

140 5916 178 5960 lo
193 5927 316 5977 mn.
337 5925 421 5974 sed
445 5926 622 5977 melius
641 5927 875 5977 ineiLitur
898 5928 961 5977 ab
985 5877 1081 5977 iiiis
1104 5928 1272 5977 verbis
1289 5966 1302 5977 .
1338 5935 1588 5977 vastatum:
1627 5925 1691 5976 ri-

337 5925 421 5974 sed
445 5916 622 5978 melius
641 5927 875 5979 ineiLitur
898 5928 961 5977 ab
985 5916 1081 5979 illis
1104 5916 1302 5987 verbis”,
1338 5935 1588 5991 pastqmnn
1627 5925 1692 5976 ri-

202 6013 213 6038 .
306 6019 319 6032 .

1800 1143 1920 1197 illos
1954 1144 2181 1212 primum
2229 1144 2511 1211 conﬁteri,
2543 1154 2597 1198 et
2628 1143 2749 1200 fidei
2792 1144 3055 1197 obnoxios
3099 1142 3231 1196 llcri.
3268 1142 3404 1207 Quid

1794 1251 1923 1304 ergo
1945 1238 2268 1292 Cornelius?
2291 1238 2404 1292 Non
2434 1238 2592 1301 dixit,
2622 1237 2739 1293 Non
2774 1239 2866 1291 lilii
2894 1237 3089 1290 milites
3111 1236 3361 1289 dixerunt
3386 1235 3405 1284 1

1794 1329 1887 1381 sed
1919 1329 2075 1396 vide,
2111 1345 2271 1398 quam
2306 1340 2587 1385 mansuete
2618 1341 2671 1384 ct
2701 1330 2976 1383 humiliter
3009 1331 3282 1389 loquatur.
3310 1328 3399 1381 50.

1796 1418 1835 1472 Α
1867 1432 2050 1486 quarta
2094 1421 2176 1474 die
2206 1439 2362 1489 usque
2394 1424 2445 1476 in
2478 1424 2609 1476 hanc
2638 1424 2817 1476 horum
2848 1439 2987 1475 erant
3025 1420 3268 1493 jrjunaus
3288 1460 3303 1484 ,
3357 1431 3403 1471 et

1791 1525 1927 1562 nona
1968 1512 2095 1564 liora
2124 1530 2262 1565 erant
2290 1530 2441 1566 orans
2483 1516 2534 1567 in
2565 1515 2717 1568 domo
2748 1531 2862 1567 ruea
2885 1531 2903 1567 :
2933 1524 2978 1566 et
3007 1530 3119 1567 ecce
3160 1516 3235 1566 rir
3263 1514 3399 1565 stetit

1791 1618 1962 1653 comm
1990 1620 2069 1655 me
2098 1606 2148 1657 in
2178 1609 2357 1658 restim
2406 1605 2677 1675 splendido
2705 1648 2718 1667 ,
2765 1616 2809 1660 et
2852 1607 2965 1659 ait:
3013 1606 3101 1661 5t.
3152 1604 3360 1660 Corneli
3383 1645 3399 1670 ,

1791 1694 2031 1746 exaudita
2059 1705 2133 1747 est
2159 1698 2321 1749 oratio
2349 1709 2434 1750 tua
2460 1740 2473 1761 ,
2507 1709 2553 1750 et
2581 1698 2912 1766 rleemosyua'
2937 1707 3038 1753 tute
3058 1699 3398 1750 ascenderunt

1789 1785 1841 1838 in
1874 1789 2170 1840 memoriam
2200 1790 2251 1842 in
2283 1802 2554 1858 conspectu
2587 1790 2706 1845 Dei.
2742 1790 2805 1843 Et
2836 1808 2970 1842 nona
3001 1792 3146 1853 liora,
3186 1790 3350 1859 inquit
3379 1828 3395 1853 ,

1788 1897 1962 1935 orans.
1993 1882 2128 1947 Quid
2162 1864 2411 1937 hoc'cst?
2442 1884 2658 1938 \‘idetnr
2694 1885 2823 1938 mihi
2869 1886 2967 1938 sibi
3000 1896 3239 1953 tempora
3269 1899 3400 1937 enn-

1788 1972 2027 2027 Stitnisse
2051 1976 2401 2029 accuratioris
2424 1977 2545 2031 vitae
2574 1978 2624 2030 in
2655 1976 2975 2045 quibusdam
3001 1978 3227 2031 diebus:
3259 1976 3401 2029 ideo-

1787 2080 1890 2131 qne
1921 2066 2027 2131 ait,
2074 2066 2118 2119 Α
2149 2078 2333 2136 quarta
2379 2070 2481 2121 die.
2528 2068 2698 2134 Vide,
2735 2081 2932 2139 quanta
2966 2086 3052 2124 res
3082 2072 3150 2124 sit
3197 2072 3396 2124 oratio.

1786 2158 2013 2225 Quando
2045 2160 2097 2213 in
2127 2162 2325 2230 pietate
2354 2163 2602 2231 profecit,
2639 2173 2762 2217 tunc
2793 2174 3018 2235 apparet
3048 2166 3121 2219 illi
3149 2166 3396 2233 angelus.

1790 2252 1913 2307 llaec
1933 2268 2034 2306 una
2060 2253 2176 2309 dies
2195 2266 2341 2319 erat;
2365 2271 2429 2310 ea
2454 2273 2556 2325 qua
2580 2256 2832 2311 abierunt
2852 2258 2907 2322 ii,
2931 2260 3020 2327 qui
3046 2259 3194 2312 missi
3217 2269 3396 2325 erant,

1787 2361 1929 2408 una;
1969 2364 2070 2416 qua
2103 2360 2391 2413 venerunt,
2425 2365 2612 2404 rursus
2641 2366 2784 2415 una;
2817 2360 2871 2404 et
2898 2362 3088 2422 quarta
3120 2351 3396 2421 apparuit,

1789 2438 1857 2491 ita
1888 2450 1943 2493 ut
1974 2441 2044 2493 sit
2071 2439 2304 2493 secunda
2335 2452 2456 2509 post
2485 2458 2625 2506 eain,
2652 2459 2756 2512 qua
2784 2456 3035 2513 precatus
3056 2455 3159 2499 est.
3189 2444 3253 2498 Et
3276 2462 3392 2498 ecce

1784 2533 1859 2585 rir
1876 2534 2013 2585 stetit
2031 2549 2201 2586 coram
2220 2550 2300 2587 me
2318 2536 2369 2588 in
2389 2545 2520 2589 veste
2534 2534 2950 2604 splendidiuNon
2971 2538 3221 2608 angelum
3236 2538 3391 2603 dicit;

1788 2626 1858 2678 ita
1881 2626 2088 2680 alienus
2107 2636 2222 2681 erat
2243 2644 2270 2680 ει
2293 2627 2452 2683 fastu.
2477 2628 2541 2682 Et
2562 2630 2664 2683 ait:
2685 2630 2907 2693 Corneli,
2929 2632 3167 2685 exaudita
3189 2641 3263 2685 est
3277 2649 3396 2685 oru-

1785 2720 1855 2771 tio
1891 2729 1977 2771 tua
1997 2760 2013 2783 ,
2044 2729 2092 2774 et
2134 2720 2467 2791 eleemosynte
2498 2730 2598 2775 tua:
2643 2722 2983 2776 ascenderunt
3016 2724 3068 2776 in
3098 2727 3394 2777 memoriam

1784 2811 1836 2863 in
1867 2823 2141 2880 conspectu
2183 2812 2295 2866 Dei.
2322 2814 2410 2869 52.
2440 2813 2590 2868 Mitte
2628 2831 2748 2885 ergo
2779 2816 2832 2870 in
2862 2814 3069 2887 lappen
3090 2858 3105 2881 ,
3135 2826 3181 2870 et
3205 2818 3397 2870 accersi

1786 2906 2088 2973 Simonem,
2121 2910 2208 2977 qui
2234 2911 2629 2979 cognominatur
2649 2909 2839 2965 Petrus
2869 2927 2887 2965 :
2912 2913 2993 2964 In'c
3023 2912 3311 2978 hospitntur
3340 2912 3390 2965 in

1782 3001 1935 3052 domo
1965 3001 2192 3055 Simonis
2215 3002 2422 3056 coriarii
2454 3003 2611 3072 juxta
2643 3019 2783 3056 mare
2808 3018 2826 3056 :
2851 3004 2939 3073 qui
2980 3005 3061 3055 ubi
3094 3003 3352 3056 advenerit
3380 3046 3393 3066 ,

1783 3096 2016 3160 loquetur
2044 3093 2152 3148 tibi.
2184 3094 2273 3150 55.
2321 3094 2601 3167 Confestim
2631 3112 2751 3167 ergo
2779 3096 2894 3149 misi
2919 3095 2988 3148 ad
3017 3106 3064 3148 te
3090 3109 3111 3150 :
3139 3106 3184 3149 et
3215 3106 3267 3148 tu
3298 3097 3384 3149 lie-

1783 3206 1847 3244 ne
1871 3190 2035 3255 fecisti
2062 3189 2326 3244 veniendo.
2363 3187 2518 3243 Nunc
2548 3206 2667 3261 ergo
2702 3206 2877 3243 omnes
2917 3205 3008 3242 nos
3038 3190 3088 3242 in
3116 3200 3389 3257 conspectu

1783 3280 1880 3334 Dei
1920 3282 2192 3346 adsumus,
2223 3292 2278 3334 ut
2310 3283 2581 3335 audiamus
2607 3283 2810 3346 omnia,
2848 3297 2963 3349 qnte
3004 3282 3092 3334 tibi
3137 3295 3391 3349 prweepta

1758 3383 1899 3428 sunt
1938 3391 1968 3426 a
2000 3373 2130 3429 Deo.
2165 3373 2289 3428 Ideo
2319 3374 2493 3436 dixit,
2530 3372 2643 3438 Qua
2671 3372 2734 3426 de
2756 3390 2912 3427 causa
2938 3374 3226 3427 accersistis
3257 3390 3337 3427 me
3362 3374 3388 3427 Ρ

1784 3478 1842 3522 ιιι
1870 3467 1983 3521 haec
2024 3468 2100 3520 sie
2128 3468 2287 3520 verba
2316 3464 2479 3520 dica’t.
2512 3468 2601 3521 5i.
2645 3466 2895 3535 Aperiens
2920 3475 3089 3517 autem
3123 3464 3308 3517 Petrus
3334 3482 3392 3518 os

1785 3578 1967 3626 suum,
2000 3561 2129 3615 dixit
2154 3576 2173 3614 :
2204 3559 2270 3613 In
2298 3560 2503 3613 veritate
2527 3559 2786 3628 comperi,
2819 3557 2957 3626 quod
2983 3574 3085 3611 non
3126 3557 3191 3611 sit
3217 3574 3392 3626 perso-

1785 3670 1967 3707 narum
2008 3663 2245 3723 acceptor
2269 3651 2441 3717 Deus;
2486 3651 2576 3705 55.
2608 3651 2696 3704 sed
2744 3651 2797 3703 in
2838 3649 2978 3704 onmi
3007 3659 3184 3719 gente,
3214 3648 3302 3719 qui
3330 3649 3393 3701 ti-

1786 3756 1883 3801 met
1926 3746 2075 3800 illum
2105 3756 2150 3799 et
2179 3754 2419 3814 operatur
2440 3744 2736 3814 justitiam,
2766 3753 3003 3813 acceptus
3034 3742 3113 3797 illi
3155 3752 3248 3795 est.
3280 3741 3397 3796 "ne

1785 3846 1903 3903 est,
1952 3840 2064 3891 sive
2097 3838 2447 3908 prmpiitiatiis
2475 3836 2562 3900 sit,
2596 3836 2710 3890 sive
2752 3836 3129 3890 circumcisus.
3181 3834 3296 3888 lloc
3342 3844 3398 3889 rt

1786 3932 1986 3987 Paulus
2035 3932 2114 3986 sic
2157 3932 2438 3994 declarat,
2488 3929 2611 3985 Non
2659 3940 2731 3984 est
2784 3945 3119 4000 personarum
3165 3928 3397 3997 accrpzio

1786 4026 1928 4092 apud
1969 4025 2130 4079 Deum
2160 4025 2337 4095 (Rom.
2368 4024 2425 4077 2.
2460 4024 2571 4096 ll).
2604 4021 2763 4078 Nunc
2792 4040 2915 4095 ergo
2945 4022 3192 4077 adsumus
3222 4038 3398 4076 orntus

1786 4135 1913 4182 nos,
1948 4119 2160 4189 inquit,
2209 4118 2264 4171 in
2312 4130 2585 4191 conspectu
2635 4115 2753 4170 Dei.
2804 4115 2938 4171 Vide
2982 4124 3181 4185 quanta
3215 4114 3350 4168 fides
3384 4155 3397 4175 ,

1788 4221 1985 4283 quanta
2012 4212 2202 4281 pietas.
2223 4210 2439 4266 Sciebat
2464 4209 2591 4265 nihil
2618 4208 2913 4263 humanum
2941 4208 3125 4263 dicere
3153 4207 3394 4270 Petrum;

1788 4304 1926 4358 Deus
1954 4304 2171 4357 ostendit
2201 4303 2359 4373 mihi,
2390 4302 2545 4357 dixit.
2576 4301 2703 4356 ldeo
2729 4312 2783 4356 et
2810 4301 2938 4355 illud
2962 4341 2977 4365 ,
3006 4300 3267 4355 Adsumus
3290 4341 3307 4367 ,
3338 4308 3394 4353 ut

1790 4402 2062 4454 audiamus
2086 4399 2260 4453 omnia
2283 4440 2299 4461 ,
2329 4413 2445 4466 (ηοω
2464 4397 2552 4449 tibi
2582 4404 2837 4467 prwcepta
2865 4406 2980 4450 sunt
3008 4410 3042 4448 a
3074 4393 3202 4449 Dro.
3245 4393 3388 4460 Quid

1791 4496 1965 4565 ergo?
1996 4511 2121 4548 nmu
2168 4500 2423 4559 acceptus
2451 4499 2533 4545 est
2559 4488 2636 4543 illi
2668 4488 2743 4556 is,
2773 4488 2863 4557 qui
2910 4497 2995 4542 cst
3034 4487 3086 4542 in
3132 4484 3397 4541 Perside?

1792 4589 1847 4642 Si
1880 4588 2071 4656 dignus
2102 4585 2201 4647 sit,
2237 4585 2307 4637 ita
2333 4592 2586 4651 aerepltts
2613 4582 2715 4636 erit
2736 4622 2753 4647 ,
2785 4589 2837 4634 ut
2871 4579 3028 4633 fidem
3052 4588 3395 4648 assequatur.

1793 4680 1929 4734 llinc
1957 4680 2119 4733 etiam
2165 4676 2474 4731 eunuchum
2499 4690 2564 4728 cx
2592 4673 2864 4741 eEthiopia
2895 4687 3002 4727 non
3029 4672 3295 4743 despexit.
3332 4672 3401 4726 Et

1792 4771 1957 4843 quid,
2011 4771 2253 4840 inquies,
2302 4768 2505 4822 dixeris
2549 4767 2618 4821 de
2663 4766 2930 4837 religiosis
2966 4766 3138 4842 viris,
3167 4765 3256 4835 qui
3302 4763 3400 4818 de-

1794 4864 1964 4934 specti
2016 4861 2482 4925 fuertuit?Absit,
2531 4874 2690 4915 nemo
2744 4860 3032 4929 religiosus
3080 4858 3379 4929 despicitur

1794 4958 1911 5013 Non
1940 4966 2116 5027 potest
2142 4958 2285 5011 enim
2308 4997 2323 5020 ,
2354 4970 2463 5008 non
2495 4963 2675 5023 potest
2702 4954 2891 5022 utique
2919 4952 3122 5020 despici
3152 4952 3243 5021 qui
3274 4952 3396 5005 tatis

1795 5060 1899 5105 est.
1932 5050 1996 5103 lu
2028 5050 2164 5104 onmi
2194 5059 2339 5120 gente
2359 5090 2373 5111 ,
2408 5048 2618 5118 inquit,
2652 5047 2740 5118 qui
2770 5048 2913 5099 timet
2946 5043 3108 5098 Deum
3137 5054 3183 5099 et
3220 5060 3401 5113 opero-

1798 5154 1879 5197 tur
1898 5143 2176 5212 justitiam.
2210 5140 2480 5196 Justitiam
2514 5148 2670 5193 vocat
2708 5154 2924 5193 omnem
2955 5138 3231 5190 virtutem.

1867 5236 1920 5289 ἓ.
1957 5234 2134 5293 Vides.
2161 5245 2216 5287 ιιι
2240 5234 2512 5302 deprimat
2536 5232 2679 5285 illius
2700 5230 2982 5283 sublimem
3014 5243 3253 5285 Sensum,
3278 5243 3401 5279 cum

1798 5332 1929 5385 dieit
1954 5349 1966 5384 :
1999 5328 2062 5383 In
2091 5328 2229 5382 onmi
2254 5338 2399 5399 gente
2426 5326 2511 5396 qui
2541 5328 2677 5378 timet
2702 5323 2892 5386 Deum,
2915 5332 3255 5399 nceeptusrest
3284 5319 3404 5373 illi?

1800 5440 1861 5478 ac
1909 5422 1953 5477 si
2001 5422 2241 5484 diceret,
2290 5421 2570 5475 Neminem
2623 5418 2866 5489 repellit,
2897 5428 3088 5469 omnes
3116 5398 3406 5469 credentes

1800 5516 2056 5571 admittit.
2084 5513 2303 5571 Deinde.
2340 5522 2398 5567 ut
2428 5528 2494 5567 ne
2518 5512 2801 5567 videantur
2832 5510 2971 5564 inter
2992 5510 3232 5577 alijectos
3260 5522 3403 5569 esse,

1802 5609 1983 5663 subdit
2010 5625 2024 5662 :
2049 5607 2138 5663 36.
2174 5605 2391 5660 Verbum
2414 5605 2551 5675 quod
2577 5604 2711 5657 misit
2736 5603 2856 5669 [iliis
2888 5600 3077 5666 Israel,
3098 5601 3412 5654 annuntians

1804 5717 1978 5772 pacem
2011 5716 2098 5770 per
2120 5698 2297 5752 Jesum
2331 5696 2590 5753 Christum
2616 5713 2632 5749 :
2666 5696 2745 5748 hic
2776 5705 2847 5748 est
2876 5695 3100 5747 omnium
3131 5692 3405 5746 Dominus.

1807 5794 1931 5847 llac
1958 5791 2083 5845 dicit
2117 5791 2166 5843 in
2197 5791 2543 5859 prmsentium
2565 5789 2818 5857 gratiam,
2842 5796 2896 5840 ut
2928 5786 3035 5838 illis
3072 5784 3412 5853 persuadeat.

1805 5884 1930 5939 Ideo
1956 5890 2146 5948 curat,
2180 5892 2240 5934 ut
2280 5880 2562 5933 (Im'nelins
2606 5882 2870 5948 loquntur.
2916 5874 3167 5937 Verbum,
3200 5874 3412 5943 inquit,

1802 5979 1937 6048 quod
1968 5975 2106 6039 misit
2152 5976 2276 6046 [iliis
2298 5974 2489 6054 lsruel.
2526 5972 2685 6041 Vide,
2714 5968 3059 6027 illisinteritu
3094 5968 3184 6024 dat
3217 5982 3414 6039 prato»
