4094 6500
694 490 793 547 H9

689 607 941 674 gutivam.
975 599 1172 656 Deinde
1200 599 1318 652 illos
1345 605 1510 649 testes
1540 591 1764 651 inducit,
1796 587 1984 640 dicens
2005 603 2018 616 ο
2047 584 2133 674 57.
2175 579 2273 633 Vos

691 672 828 750 scitis
854 691 1074 752 verbum,
1104 689 1239 761 quod
1265 692 1456 756 factum
1489 695 1559 738 est
1590 699 1677 752 per
1705 680 1986 732 universum
2011 672 2274 736 Judwam,

695 789 938 858 incipiens
977 802 1009 838 a
1042 783 1260 840 Gali/cca
1283 823 1295 844 ,
1333 789 1445 851 post
1490 778 1736 845 baptisma
1763 817 1774 833 ,
1803 771 1937 842 quod
1982 765 2276 836 prtl‘tiit'ttt'il

693 881 936 934 Joannes.
971 876 1121 944 Quod
1155 876 1232 930 sic
1276 887 1361 926 res
1404 871 1627 931 habeat,
1659 881 1721 919 ex
1755 860 2101 932 sequentibus
2141 871 2275 908 oon-

697 974 891 1024 lirmat.
940 970 1027 1023 38.
1068 966 1302 1020 Jesumu
1338 961 1623 1017 Nazareth,
1672 955 1920 1026 quomodo
1971 950 2114 1004 unxit
2160 963 2273 999 eum

697 1061 836 1117 Deus
868 1061 1064 1128 Spiritu
1096 1068 1269 1111 sancto
1308 1065 1352 1108 et
1394 1053 1591 1105 virtute.
1619 1049 1731 1102 Non
1762 1046 1893 1100 dixit
1917 1085 1931 1109 ,
1979 1042 2155 1096 Nosus
2183 1039 2271 1091 Je-

692 1171 809 1206 snnt
853 1154 1054 1223 (neque
1099 1151 1238 1201 enim
1286 1142 1603 1211 noverant);
1635 1140 1726 1194 St'd
1765 1153 1882 1206 qua:
1913 1135 1981 1190 ab
2022 1133 2110 1187 illo
2138 1131 2272 1184 facta

692 1256 812 1299 Stttll
838 1287 850 1307 ,
883 1252 1080 1297 narrat.
1118 1240 1219 1307 Qui
1259 1235 1548 1308 pertransiit
1578 1228 1938 1303 benefaciendo
1975 1235 2019 1281 et
2045 1224 2275 1278 sanando

693 1354 862 1390 munes
887 1351 1151 1405 oppressos
1177 1350 1208 1385 a
1243 1331 1464 1385 diabolo.
1498 1327 1630 1381 Hinc
1662 1324 1897 1379 ostendit
1923 1322 2118 1376 multas
2159 1335 2276 1371 mu—

694 1429 960 1480 tilationes
989 1425 1304 1487 diabolicas,
1338 1434 1392 1477 et
1415 1421 1659 1489 corporis
1690 1418 1840 1471 labes
1869 1415 1935 1467 ab
1964 1413 2055 1466 illo
2083 1411 2270 1465 factas.

696 1519 947 1587 Quoniam
979 1517 1112 1571 Deus
1143 1528 1248 1570 erat
1277 1533 1390 1568 cum
1433 1513 1808 1568 illo.-Ilursum
1856 1507 2072 1561 humilia
2105 1502 2276 1572 loqui-

693 1622 812 1675 tur,
843 1625 946 1664 non
980 1611 1095 1663 sine
1121 1623 1279 1662 causa
1310 1614 1465 1675 puto,
1495 1603 1589 1658 sed
1619 1610 1837 1671 prOpter
1863 1596 2272 1651 humanitatem.

693 1704 780 1758 59.
819 1702 879 1756 Et
910 1720 1000 1756 nos
1033 1712 1176 1755 testes
1206 1717 1380 1760 sumus
1405 1698 1631 1751 omnium
1655 1737 1666 1761 ,
1694 1710 1808 1766 qua!
1836 1692 1955 1762 fecit
1984 1693 2037 1743 in
2074 1689 2279 1758 regione

689 1793 987 1847 Judwornm
1018 1805 1063 1846 et
1087 1792 1392 1845 Jerusalem.
1429 1789 1494 1842 Et
1523 1803 1637 1852 vos,
1665 1787 1858 1854 inquit,
1889 1794 1942 1838 et
1970 1797 2086 1836 nos.
2117 1781 2276 1845 Quem

690 1897 737 1938 et
779 1887 1066 1938 occiderunt
1108 1883 1470 1950 suspendentes
1514 1881 1565 1934 in
1616 1880 1775 1947 ligno.
1829 1876 1924 1930 llic
1971 1873 2274 1943 passionem

693 1970 962 2038 prmdicat.
995 1968 1085 2023 40.
1123 1967 1275 2020 llunc
1304 1966 1442 2019 Deus
1471 1964 1733 2018 suscitavit
1759 1963 1903 2015 tertia
1926 1960 2007 2012 die
2025 2001 2039 2024 ,
2068 1967 2111 2011 et
2139 1956 2275 2008 dedit

690 2077 804 2114 eum
847 2061 1172 2130 manifestum
1220 2058 1330 2124 fieri
1350 2099 1364 2117 .
1395 2057 1483 2110 M.
1525 2071 1625 2108 non
1657 2054 1794 2107 omni
1820 2051 2044 2122 populo,
2071 2048 2161 2102 sed
2199 2058 2274 2101 te-

688 2153 848 2205 stibus
885 2151 1237 2221 pra'ordinatis
1263 2167 1294 2200 a
1325 2147 1452 2212 Deo,
1478 2147 1620 2200 nobis
1645 2149 1730 2216 qui
1772 2144 2185 2196 manducavimus
2229 2151 2285 2195 et.

687 2244 898 2299 bibimus
936 2262 1048 2297 cum
1097 2260 1189 2307 eo,
1225 2253 1491 2312 postquam
1530 2242 1805 2296 resurrexit
1835 2257 1867 2292 a
1902 2239 2136 2292 mortuis.
2167 2238 2277 2291 [loc

691 2339 978 2390 niaximum
1035 2337 1449 2390 resurrectionis
1496 2342 1870 2404 argumentum
1916 2340 2018 2384 est.
2067 2330 2156 2384 42.
2213 2329 2276 2382 Et

691 2429 924 2498 prcrcepit
975 2427 1116 2481 nobis
1169 2427 1447 2498 prwdicare
1491 2424 1679 2496 papula
1723 2433 1767 2476 et
1815 2423 2106 2490 testiﬁcari,
2157 2421 2275 2490 quia

688 2520 795 2583 ipse
828 2529 902 2572 est
923 2561 936 2581 ,
966 2519 1053 2586 qui
1081 2519 1382 2571 constitutus
1408 2525 1481 2570 est
1507 2532 1538 2567 a
1567 2514 1674 2567 Deo
1747 2513 1913 2582 judex
1955 2513 2180 2564 vit-orum
2229 2519 2274 2562 et

688 2621 1022 2662 mortuorum.
1063 2609 1304 2677 Magnum
1334 2609 1494 2661 etiam
1530 2606 1631 2658 hoc
1656 2646 1669 2666 ,
1703 2613 1761 2658 ut
1803 2604 1904 2656 lide
1946 2601 2136 2670 dignos
2175 2601 2273 2654 de-

688 2713 980 2757 monstret.
1021 2703 1138 2771 Ipse
1184 2717 1312 2755 vero
1362 2701 1723 2755 testimonium
1773 2696 2011 2758 inducit,
2042 2696 2271 2748 dicens:

687 2795 773 2847 45.
822 2793 953 2845 lluic
982 2810 1150 2846 omnes
1205 2794 1461 2864 prop/tetu!
1501 2790 1839 2844 testimonium
1871 2788 2161 2856 perhibent,
2189 2803 2271 2838 re-

688 2888 971 2938 missionem
1017 2887 1244 2954 accipere
1273 2902 1362 2954 per
1402 2900 1582 2936 nomen
1627 2883 1735 2951 ejus
1763 2897 1962 2934 onmem
2001 2879 2086 2948 qui
2116 2879 2273 2931 credit

685 2979 737 3028 in
769 2978 927 3029 illum.
969 2977 1092 3029 llurc
1120 2977 1394 3046 prtedictio
1425 2986 1508 3030 est
1535 2989 1720 3028 eorum
1745 3014 1758 3036 ,
1790 2989 1920 3039 qua:
1947 2981 2067 3040 post
2096 2973 2268 3022 l’ntnra

681 3077 862 3127 erant;
889 3083 958 3135 qu
979 3083 1046 3119 till
1071 3066 1417 3127 conﬁrmans,
1445 3065 1734 3134 prophetas
1774 3075 2078 3131 Opportune
2104 3070 2268 3115 testes

685 3157 918 3210 adhibet.
943 3158 1044 3211 Sed
1071 3169 1375 3224 repetamus
1405 3173 1488 3221 ea,
1515 3173 1630 3226 quae
1659 3157 1724 3208 de
1752 3155 2001 3209 Cornelio
2026 3155 2270 3222 superius

682 3246 822 3301 dicta
871 3258 1012 3300 sunt.
1059 3249 1232 3312 Misit,
1278 3249 1480 3317 inquit,
1527 3249 1578 3299 in
1625 3246 1850 3314 Joppen,
1896 3255 1949 3296 ut
1993 3254 2269 3298 accerseret

691 3337 913 3390 Petrum.
949 3338 1178 3391 Omnino
1209 3348 1488 3392 venturum
1522 3337 1787 3390 credidit:
1839 3335 1958 3388 ideo
2007 3335 2168 3387 misit.
2205 3333 2268 3386 Et

682 3433 890 3494 loquens
917 3449 1029 3484 cum
1057 3433 1163 3496 illo,
1199 3432 1384 3500 inquit,
1430 3431 1649 3482 intravit.
1698 3428 1833 3495 Quid
1869 3429 2135 3498 loquens?
2167 3427 2264 3491 Ea,

685 3534 740 3575 nt
801 3533 964 3591 puto,
1012 3539 1129 3592 qua:
1192 3525 1438 3591 superius
1492 3522 1631 3574 dicta
1691 3532 1834 3573 sunt.
1880 3521 1945 3573 Et
2001 3521 2268 3589 procidens

682 3615 751 3666 ad
793 3616 942 3682 pedes
984 3617 1127 3687 ejus,
1159 3616 1406 3668 adoravit.
1462 3613 1595 3668 Vide
1645 3615 1836 3681 ubique
1868 3629 2168 3667 sermonem
2203 3614 2268 3667 ab

680 3707 982 3760 adulatione
1014 3709 1283 3770 alienum,
1314 3717 1369 3762 et
1411 3708 1709 3761 humilitate
1757 3708 1991 3775 plenum.
2023 3707 2154 3760 Hinc
2181 3707 2266 3759 di-

680 3815 813 3864 gnos
842 3801 1142 3852 ostemiitnr
1175 3811 1226 3853 et
1259 3801 1344 3853 ille
1377 3799 1677 3853 eunuchus.
1724 3799 1974 3868 Prcecepit
1997 3841 2011 3862 ,
2049 3801 2218 3868 inquit
2249 3840 2263 3863 ,

689 3890 944 3960 Philippo,
967 3901 1016 3943 ut
1043 3892 1328 3944 ascenderet
1358 3897 1404 3944 et
1435 3893 1622 3943 sederet
1651 3893 1700 3944 in
1732 3908 1924 3954 currit;
1955 3892 2052 3944 etsi
2089 3891 2264 3944 nesci-

685 3991 763 4034 ret
791 3984 906 4048 quis
953 3992 1095 4035 esset
1121 4025 1134 4042 .
1169 3984 1264 4035 nisi
1311 3985 1483 4036 Solum
1514 3999 1577 4036 ex
1632 3982 1904 4050 propheta:
1934 3998 2266 4037 commemo-

684 4076 906 4128 ratione.
928 4075 1020 4128 Ilic
1047 4092 1175 4130 vero
1198 4078 1355 4129 etiam
1379 4077 1572 4130 cecidit
1591 4076 1653 4128 ad
1677 4077 1858 4144 pedes.
1882 4076 2068 4129 Viden'
2092 4091 2267 4128 mores

681 4170 795 4222 sine
826 4169 998 4221 fastu?
1029 4170 1104 4221 'l‘n
1133 4186 1256 4223 vero
1284 4170 1409 4222 mihi
1441 4170 1719 4223 considera
1748 4211 1761 4231 ,
1793 4170 2061 4237 quomodo
2093 4180 2266 4221 osten-

679 4265 769 4318 dat
799 4265 984 4316 i‘etrus
1005 4263 1242 4317 divinum
1271 4280 1390 4317 esse
1414 4280 1565 4317 suum
1595 4262 1907 4324 adventum,
1937 4278 2056 4316 cum
2086 4262 2215 4315 dicit
2243 4280 2254 4314 :

691 4356 790 4409 i'os
819 4359 954 4408 scitis
985 4356 1214 4408 illicitum
1242 4373 1364 4408 esse.
1416 4357 1477 4408 Et
1505 4372 1598 4407 cur
1644 4371 1746 4408 non
1777 4359 1951 4408 statim
1987 4355 2263 4408 sindOoem

686 4450 1043 4502 memoravit?
1090 4450 1218 4511 Quia
1253 4465 1279 4499 a
1310 4464 1442 4500 vana
1489 4448 1654 4516 gloria
1696 4458 1810 4501 erat
1851 4447 2004 4500 valde
2035 4447 2259 4498 alienus.

681 4541 830 4608 Quod
865 4539 1058 4592 milssus
1087 4540 1201 4593 Sita
1231 4540 1336 4591 Deo
1359 4541 1478 4590 dicit
1507 4558 1519 4600 ;
1550 4538 1837 4606 quomodo,
1865 4555 1967 4590 non
1993 4549 2148 4595 item;
2175 4537 2267 4589 sed

682 4650 800 4685 cum
833 4648 1050 4685 necesse
1084 4631 1195 4695 fuit,
1236 4646 1354 4683 cum
1387 4630 1518 4683 dixit
1549 4649 1559 4682 :
1604 4628 1703 4681 Vos
1733 4631 1870 4681 scitis
1899 4629 2133 4681 illicitum
2164 4646 2267 4680 esse

678 4726 860 4777 Judwo
891 4725 1131 4792 conjungi
1159 4724 1232 4775 vel
1258 4727 1489 4775 accedere
1513 4724 1579 4774 ad
1603 4723 1931 4788 alienigenum
1954 4737 1971 4774 :
1995 4723 2060 4774 ita
2089 4723 2266 4790 procul

681 4827 793 4869 (δι-λι
847 4833 872 4867 a
923 4831 1052 4868 una
1099 4815 1285 4883 gloria.
1331 4814 1426 4866 Vos
1461 4815 1612 4867 scitis.
1658 4814 1766 4866 Iloc
1795 4814 2012 4876 dieens,
2059 4814 2266 4865 illorum

687 4911 1000 4962 St‘lllt‘Jtlitilll
1034 4910 1081 4958 in
1103 4908 1442 4975 sponsionem
1466 4907 1642 4958 trahit.
1664 4906 1797 4971 Quid
1819 4922 1944 4958 vero
1965 4906 2269 4958 Cornelius?

687 5001 958 5063 Adsumus,
985 5000 1169 5067 inquit,
1202 5001 1251 5050 in
1294 5010 1558 5067 conspectu
1586 4996 1680 5049 Dei
1707 4998 1883 5048 audire
1907 4999 2074 5048 omnia
2095 5038 2107 5057 ,
2132 5014 2270 5065 quur-

685 5107 893 5158 cumque
939 5090 1023 5140 tibi
1055 5103 1302 5157 pracepfa
1341 5101 1454 5140 sunt
1482 5107 1511 5140 a
1555 5088 1679 5140 Deo.
1714 5088 1825 5141 Non
1855 5088 2019 5150 dixit,
2057 5088 2110 5140 In
2143 5104 2272 5141 eon-

685 5204 794 5252 ιειιιει
817 5195 870 5237 tu
907 5185 1153 5241 hominis.
1187 5183 1301 5246 sed,
1329 5180 1441 5244 Dei,
1474 5181 1780 5242 estendens,
1807 5181 1881 5232 sic
1907 5180 2266 5233 accedendum

685 5292 803 5329 esse
835 5277 896 5328 ad
932 5276 1020 5328 Dei
1049 5290 1252 5329 servos.
1289 5274 1505 5327 Vidistis
1530 5283 1761 5326 mentem
1786 5272 2108 5324 excitatam?
2138 5273 2271 5324 vidi.

685 5374 781 5425 stis
807 5388 963 5440 quam
988 5373 1180 5438 dignus
1206 5381 1350 5425 esset
1376 5370 1456 5423 his
1486 5370 1774 5424 omnibus?
1797 5370 2037 5439 Aperiens
2061 5381 2227 5422 autem
2251 5411 2268 5435 ,

688 5465 878 5533 inquit,
912 5463 1095 5517 Petrus
1125 5480 1178 5516 os
1199 5480 1345 5516 suum
1368 5464 1493 5514 dixit
1519 5480 1536 5515 :
1559 5462 1622 5514 In
1652 5464 1857 5515 veritate
1881 5463 2126 5527 comperi.
2150 5463 2271 5527 quia

689 5573 788 5607 non
820 5566 888 5608 est
933 5573 1258 5623 personnrmn
1300 5566 1531 5621 acceptor
1571 5553 1730 5606 Deus.
1782 5553 1890 5606 lloc
1919 5553 2271 5622 pru'scntilms

687 5646 886 5701 ,Ιιιὰςι-ἱς
929 5647 1008 5698 sui
1053 5647 1305 5714 purgandi
1344 5661 1500 5699 causa
1543 5645 1772 5699 diei-bat.
1807 5645 1935 5698 Cum
1979 5647 2118 5697 enim
2166 5645 2271 5697 illis

688 5739 905 5790 \‘t‘l‘lttllli
932 5735 1219 5790 traditurus
1241 5747 1400 5798 esset,
1421 5737 1566 5804 quasi
1593 5736 1954 5790 defensionem
1977 5735 2269 5804 prannittit.

687 5827 823 5894 Quid
871 5829 1038 5898 ergo?
1080 5847 1203 5883 mnu
1251 5840 1404 5890 antea
1450 5847 1794 5899 personarum
1838 5839 2085 5899 arcvplor
2115 5827 2273 5881 erat?

691 5917 879 5990 Absit;
911 5941 1030 5979 nam
1062 5935 1216 5979 antea
1244 5925 1320 5980 sic
1346 5935 1478 5980 erat.
1517 5923 1693 5979 Omnis
1716 5965 1728 5988 ,
1763 5923 1965 5994 inquit,
2009 5923 2090 5990 qui
2134 5923 2269 5974 tinu't

1526 475 1799 532 JOANNIS
1836 462 2309 526 ettut’sosrein
2351 458 2667 516 ARCIIIEP.
2711 457 3241 513 CONSTANTINUP.

3883 455 3901 507 1
3916 456 3982 507 tLt‘t

2396 571 2575 635 Deum,
2617 580 2663 622 et
2704 580 2946 634 operatur
2968 570 3245 640 justitiam,
3289 580 3522 637 acceptus
3552 570 3630 623 illi
3658 582 3750 623 est.
3789 569 3905 623 Hoc
3935 579 3985 622 et

2387 667 2580 721 Paulus
2615 665 2855 717 scribens
2897 664 3027 718 dicit
3064 683 3075 715 :
3106 664 3231 717 Cum
3274 666 3402 718 enim
3443 674 3646 734 gentes,
3680 681 3795 732 qua:
3823 665 3984 733 legem

2385 776 2485 812 non
2513 758 2716 823 habent,
2743 773 2802 810 ea
2826 772 2940 824 qua:
2966 758 3090 827 legis
3110 767 3227 812 sunt
3257 758 3449 825 faciunt
3472 757 3644 828 (Itoni.
3676 756 3732 809 9..
3766 757 3882 812 Hi.
3922 759 3987 809 l'Lt

2383 854 2574 924 dogma
2605 852 2807 906 inducit
2848 861 2901 906 et
2949 851 3361 907 institutionem.
3405 852 3537 906 Nam
3568 853 3610 904 si
3656 867 3844 919 magos
3878 869 3985 902 non

2383 945 2662 1015 despexit,
2697 960 2870 1014 neque
2899 944 3242 1012 lEtIiiOpCm,
3281 961 3453 1014 neque
3485 945 3771 1006 latronem,
3809 959 3986 1007 nequ-2

2385 1036 2718 1091 meretricem
2747 1051 2762 1088 :
2795 1035 2964 1090 multo
2993 1037 3159 1103 magis
3187 1045 3472 1104 operatttcs
3494 1037 3759 1102 justitiam
3801 1041 3856 1088 et
3888 1048 3984 1086 me

2384 1131 2555 1184 lentes
2583 1144 2686 1184 non
2715 1138 3044 1182 contemnet.
3070 1129 3202 1196 Quid
3237 1144 3394 1193 ergo,
3433 1133 3475 1182 si
3507 1130 3610 1180 sint
3639 1127 3902 1181 mansueti
3931 1134 3988 1178 et

2384 1224 2540 1276 mites
2591 1222 2836 1276 homines
2882 1223 2970 1292 qui
2999 1222 3223 1276 credere
3261 1222 3450 1275 nolint.
3499 1221 3636 1276 Ecce
3671 1228 3723 1274 tn
3765 1235 3985 1274 causam

2382 1312 2561 1366 dixisti
2596 1332 2608 1365 :
2641 1314 2764 1383 quia
2797 1313 3018 1367 credere
3051 1314 3254 1367 nolunt.
3304 1313 3552 1381 Alioquin
3598 1322 3780 1365 autem
3833 1327 3984 1363 man-

2383 1414 2592 1458 Snetum
2625 1405 2710 1457 hie
2737 1403 2867 1458 dicit.
2900 1421 3005 1458 non
3038 1406 3244 1471 mitem,
3281 1405 3376 1460 sed
3406 1421 3525 1458 cum
3551 1445 3566 1469 ,
3598 1404 3686 1473 qui
3714 1404 3982 1473 justitiam

2385 1506 2669 1564 operatur;
2704 1495 2753 1548 id
2787 1505 2901 1558 est,
2933 1503 3056 1549 eum
3080 1539 3092 1557 .
3127 1497 3218 1566 qui
3250 1498 3301 1550 in
3335 1497 3582 1551 omnibus
3611 1497 3985 1560 benepiacitns

2383 1598 2487 1652 est,
2535 1589 2622 1656 qni
2676 1598 2802 1642 tunc
2849 1590 2966 1642 talis
2995 1599 3109 1654 est,
3141 1590 3354 1658 quando
3388 1590 3550 1643 lienm
3582 1599 3636 1643 ut
3667 1606 3764 1658 par
3803 1598 3886 1643 est.
3914 1589 3984 1640 ti-

2385 1689 2514 1732 met.
2566 1679 2877 1746 Ilnjnsmodi
2922 1697 3049 1736 vero
3097 1680 3364 1735 hominem
3415 1681 3558 1736 Dens
3604 1682 3752 1735 solus
3810 1682 3983 1734 limit.

2383 1770 2518 1827 Vide
2563 1773 2831 1842 quomodo
2878 1773 2962 1828 hic
3004 1784 3256 1842 acceptus
3300 1784 3412 1828 erat
3442 1791 3455 1828 :
3486 1791 3608 1829 mox
3643 1785 3696 1827 nt
3738 1775 3933 1828 audii-it
3967 1817 3984 1836 ,

2383 1863 2543 1916 etiam
2577 1864 2986 1932 obtemperavit.
3013 1864 3081 1918 Et
3110 1880 3273 1927 nunc,
3304 1865 3346 1918 si
3381 1865 3605 1934 angelus
3634 1867 3876 1922 Vt'ttirt‘l,
3905 1866 3988 1916 in-

2383 1955 2557 2022 quies,
2594 1971 2750 2008 nemo
2776 1965 2857 2008 est
2885 1957 2972 2025 qui
3019 1971 3122 2010 non
3152 1957 3416 2012 crederet.
3449 1957 3646 2011 Verum
3679 1958 3835 2025 longe
3862 1974 3984 2010 ma-

2377 2047 2493 2116 jora
2520 2064 2657 2101 nune
2679 2050 2824 2119 signa
2853 2059 3006 2114 sunt,
3037 2067 3196 2120 quam
3228 2051 3315 2104 illa
3348 2069 3359 2103 :
3393 2059 3447 2106 et
3475 2060 3650 2105 tamen
3687 2051 3840 2104 multi
3871 2068 3980 2104 non

2382 2138 2626 2192 credunt.
2676 2140 2874 2195 Deinde
2917 2141 3216 2195 dcctriuam
3264 2143 3469 2210 incipit,
3510 2153 3564 2194 et
3603 2141 3802 2196 Juda-is
3828 2157 3982 2195 suam

2384 2239 2562 2282 servat
2593 2231 2942 2285 nobilitatem.
2990 2232 3238 2298 Verbum,
3269 2233 3471 2303 inquit,
3501 2236 3634 2303 quod
3665 2237 3802 2290 misit
3839 2233 3986 2288 Deus

2385 2323 2506 2391 ﬁliis
2538 2323 2720 2389 Israel,
2749 2329 3057 2380 annuntians
3089 2346 3262 2396 pacem
3291 2345 3309 2382 :
3335 2332 3416 2381 llic
3440 2340 3510 2382 est
3537 2331 3765 2382 onmium
3798 2330 3950 2384 Domi
3961 2361 3981 2371 ο

2384 2432 2496 2469 nus.
2527 2417 2704 2472 Primo
2731 2419 2796 2472 de
2825 2419 3188 2474 dominatione
3217 2423 3331 2490 ejus
3362 2423 3626 2492 loquitur,
3657 2423 3948 2478 admodum

2381 2523 2487 2574 que
2513 2509 2834 2576 Subliniiter,
2872 2521 2927 2564 ut
2960 2512 3149 2566 licebat
3175 2515 3224 2576 ';
3259 2514 3380 2583 quia
3409 2531 3529 2568 cum
3559 2515 3774 2576 homine
3797 2533 3982 2570 sermo

2381 2611 2516 2664 erat,
2568 2603 2655 2669 qui
2696 2602 2805 2671 jam
2840 2604 3084 2658 sublimis
3113 2605 3353 2670 ell'ectus,
3403 2607 3656 2660 ardenter
3698 2609 3880 2662 omnia
3914 2611 3982 2661 ab

2381 2706 2439 2744 se
2467 2694 2657 2746 tradita
2690 2695 3010 2763 suscipiebat
3041 2715 3052 2748 :
3077 2696 3271 2750 deinde
3295 2698 3547 2765 probans,
3575 2700 3845 2767 quomodo
3864 2719 3983 2752 om-

2384 2786 2527 2836 nium
2560 2786 2814 2839 Dominus
2843 2797 3004 2852 esset,
3037 2789 3219 2855 adjicit
3254 2808 3266 2841 :
3305 2789 3456 2855 Quod
3488 2791 3619 2843 misit
3641 2793 3977 2856 annuntians;

2382 2876 2432 2930 id
2462 2887 2562 2935 est.
2595 2878 2659 2930 ad
2690 2880 2824 2931 bona
2854 2895 3072 2946 vocans,
3109 2897 3212 2934 non
3238 2880 3495 2950 judicium
3527 2882 3803 2938 inducens.

2452 2968 2502 3020 5.
2531 2967 2939 3032 llincdeclarat,
2967 2987 3140 3038 ipsum
3162 2971 3392 3024 Verbum
3411 2987 3440 3026 a
3459 2974 3563 3026 lteo
3583 2972 3784 3027 Judaeis
3805 2976 3979 3041 primo

2379 3061 2598 3114 missum
2635 3060 2818 3114 fuisse.
2855 3063 3057 3116 Deinde
3081 3064 3148 3116 ab
3169 3064 3254 3130 iis,
3282 3080 3400 3132 qn:c
3432 3080 3526 3134 per
3553 3076 3714 3118 totam
3735 3066 3976 3121 Juda'ant

2375 3152 2575 3220 cliecit,
2602 3154 2704 3209 hoc
2726 3155 3078 3221 demonstrat,
3107 3157 3326 3212 dicens:
3358 3155 3454 3211 Vos
3475 3159 3610 3212 scitis
3630 3160 3765 3227 quod
3784 3163 3978 3229 [udum

2377 3259 2448 3302 est
2464 3250 2665 3301 verbum
2689 3265 2775 3316 per
2797 3250 3078 3303 universum
3099 3248 3336 3302 Judmam
3352 3250 3585 3319 :etquod
3604 3261 3684 3303 est
3705 3252 3976 3315 mirabile,

2377 3340 2622 3409 incipiens
2637 3357 2665 3391 a
2685 3339 2820 3392 Gali!
2841 3357 2919 3402 ea,
2946 3352 3055 3408 post
3076 3341 3345 3407 baptisma,
3361 3343 3496 3408 quod
3510 3343 3803 3409 prtcdicavit
3819 3343 3980 3396 Joan.

2379 3449 2484 3484 nes.
2507 3433 2684 3485 Primo
2705 3433 2953 3501 loquutus
2977 3445 3054 3487 est
3073 3433 3138 3487 de
3164 3433 3278 3501 ejus
3301 3435 3558 3504 praeclaro
3582 3449 3764 3502 opere,
3784 3445 3834 3488 et
3853 3448 3979 3490 tunc

2376 3525 2442 3578 de
2471 3525 2588 3593 ejus
2622 3525 2786 3593 patria
2820 3525 3043 3579 lidenter
3065 3526 3317 3595 loquitur.
3348 3525 3570 3579 Jesuma
3592 3525 3878 3584 Nazareni.
3907 3528 3977 3582 Ita

2376 3617 2576 3669 sciebat
2595 3618 2760 3685 ipsam
2781 3619 3004 3685 patriam
3029 3617 3354 3672 offendicula
3381 3633 3520 3671 esse.
3541 3618 3809 3682 Quomodo
3833 3623 3980 3673 unxit

2375 3725 2487 3761 eum
2505 3708 2638 3761 Deus
2657 3710 2852 3776 Spiritu
2868 3720 3039 3761 sancto
3055 3720 3098 3760 et
3115 3712 3309 3761 virtute.
3330 3709 3522 3762 lterum
3541 3710 3745 3776 probat.
3765 3710 3843 3764 Ne
3861 3714 3979 3779 quis

2374 3799 3038 3863 enimdiceret,Undooam
3070 3802 3168 3852 hoc.
3189 3800 3520 3855 manifestum
3541 3802 3649 3855 est?
3667 3802 3976 3871 snlijnngit:

2379 3894 2477 3957 Qui
2502 3894 2818 3962 pertransirit
2850 3893 3205 3962 benefaciendo
3227 3905 3272 3945 et
3297 3895 3525 3945 sanando
3553 3910 3725 3946 omnes
3757 3911 3977 3962 Oppres-

2374 4003 2457 4038 sos
2483 4004 2512 4038 a
2538 3988 2759 4040 diabolo.
2796 3988 2993 4040 Dcimle
3024 4003 3142 4038 eum
3189 3987 3373 4052 bonis,
3405 4003 3521 4055 qum
3553 3971 3812 4054 operatus
3857 4001 3936 4043 est
3961 4034 3973 4050 ,

2374 4078 2606 4130 o~tendit
2628 4088 2822 4146 quanta
2848 4079 3012 4129 virtus
3040 4078 3154 4144 ejus
3179 4087 3316 4130 essm
3346 4099 3357 4132 :
3385 4093 3501 4130 cum
3526 4078 3666 4129 enim
3698 4077 3973 4132 diabolum

2374 4173 2741 4239 superaverit,
2774 4171 3041 4238 ingentem
3075 4170 3216 4223 illum
3253 4170 3416 4223 fuisse
3444 4182 3676 4238 oportet.
3708 4169 3978 4241 Adjicitur

2372 4275 2554 4325 causa,
2593 4261 2844 4326 Quoniam
2879 4259 3017 4314 Deus
3051 4272 3156 4312 erat
3193 4278 3305 4312 cum
3332 4261 3440 4313 illo.
3475 4261 3592 4313 Ideo
3619 4269 3673 4313 et
3702 4260 3878 4315 Juda-i
3908 4265 3973 4314 ita

2375 4355 2618 4406 dicebant
2652 4370 2666 4406 :
2701 4353 2905 4406 Scimus
2927 4394 2940 4417 ,
2973 4354 3212 4422 quoniam
3242 4370 3272 4403 a
3318 4352 3423 4404 Deo
3474 4354 3649 4405 venisti
3691 4355 3977 4423 nmgistcr:

2377 4463 2518 4498 nemo
2545 4446 2675 4498 enim
2704 4455 2863 4513 potest
2891 4445 2998 4496 lia’c
3019 4445 3162 4512 signa
3187 4447 3371 4512 facere,
3403 4447 3498 4497 nisi
3521 4445 3661 4498 Deus
3686 4450 3840 4509 fuerit
3863 4466 3975 4500 cum

2376 4557 2431 4591 eo
2475 4537 2652 4606 (Joan.
2701 4539 2751 4590 5.
2796 4537 2872 4608 2).
2924 4538 3142 4601 Deinde,
3194 4548 3469 4606 postquam
3511 4541 3744 4592 ostendit
3778 4558 3902 4593 enni
3950 4561 3973 4592 ει

2381 4633 2488 4686 Deo
2517 4633 2733 4687 missum
2761 4631 2939 4694 fuisse,
2968 4641 3091 4684 tunc
3116 4631 3263 4683 addit
3283 4647 3402 4684 eum
3425 4631 3762 4685 interiectum
3786 4632 3972 4696 l'nissv,

2379 4723 2600 4800 llc\t]lliti
2649 4722 2937 4776 absurdum
2978 4722 3304 4791 imaginaris.
3339 4722 3525 4774 Vidi-n'
3551 4722 3675 4775 illos
3707 4739 3972 4790 nusquam

2377 4815 2644 4869 occultare
2666 4829 2901 4879 crucem,
2929 4812 3036 4866 imo
3063 4825 3112 4867 et
3143 4812 3354 4865 modum
3385 4815 3542 4865 etiam
3572 4830 3690 4866 cum
3721 4815 3844 4868 aliis
3872 4815 3973 4866 ad-

2377 4910 2602 4964 dentes?
2637 4909 2797 4974 Quem
2830 4908 3121 4959 occiderunt
3145 4948 3157 4965 ,
3190 4908 3392 4974 inquit,
3426 4909 3785 4973 suspendentes
3817 4910 3865 4968 in
3912 4911 3974 4961 (:-

2378 5019 2494 5070 gno.
2530 5001 2592 5052 Ει
2625 5002 2761 5053 dedit
2793 5002 2936 5053 illum
2966 5001 3287 5067 manifestum
3317 5001 3448 5066 ﬁeri,
3477 5017 3573 5052 non
3597 5003 3733 5052 omni
3756 5003 3974 5068 populo,

2378 5095 2466 5147 sed
2492 5095 2695 5147 testibus
2728 5093 3088 5162 pra'ordinatis
3112 5108 3142 5142 a
3165 5090 3272 5144 Deo
3303 5091 3465 5143 nobis.
3500 5093 3656 5160 Atqui
3693 5094 3809 5158 ipse
3855 5095 3977 5146 illos

2378 5187 2574 5255 elegit;
2606 5186 2699 5239 sed
2734 5184 2858 5238 illud
2887 5184 3142 5237 adscribit
3171 5183 3297 5236 Deo.
3335 5181 3728 5244 l’rwordiuatis,
3765 5184 3978 5252 inquit.

2380 5278 2511 5332 Vide
2543 5278 2680 5331 unde
2713 5278 3160 5331 resnrrectionen‘.
3193 5291 3404 5345 prooet,
3431 5292 3458 5327 a
3484 5275 3841 5328 (.Jtnedcndn.
3867 5278 3980 5328 (Enr

2381 5384 2665 5439 tesurgens
2694 5370 2893 5421 tullium
2927 5369 3134 5435 signum
3166 5366 3312 5432 fecit,
3343 5365 3437 5420 sed
3466 5365 3701 5420 comedit
3727 5375 3782 5419 et
3810 5366 3980 5420 bibit?

2379 5464 2508 5529 Quia
2554 5462 2663 5530 ipsa
2707 5461 3029 5513 resurrectio
3074 5475 3168 5528 per
3197 5474 3254 5511 se
3287 5473 3534 5526 magnotu
3567 5468 3680 5510 erat
3714 5460 3933 5526 signum
3965 5475 3974 5509 :

2383 5554 2536 5623 hujus
2576 5568 2704 5607 vero
2756 5551 2953 5603 nullum
3001 5551 3168 5618 majus
3218 5559 3588 5617 argumentum
3629 5559 3761 5611 erat,
3816 5567 3974 5619 quam

2380 5647 2520 5716 quod
2556 5643 2863 5698 comederet
2909 5651 2961 5695 et
3004 5642 3229 5695 biberet.
3277 5639 3583 5708 Testiﬁcari,
3639 5641 3832 5710 inquit.
3889 5642 3975 5695 llic

2383 5741 2691 5794 terribiliter
2722 5737 2978 5805 loquitur,
3011 5753 3078 5790 ne
3115 5742 3332 5804 possunt
3359 5735 3422 5787 ad
3461 5735 3821 5802 ignorantiam
3853 5753 3972 5788 con-

2385 5832 2586 5900 fugere.
2636 5829 2742 5883 Nec
2793 5830 2925 5881 dixit
2958 5848 2968 5882 τ
3003 5829 3117 5897 Ipse
3164 5839 3244 5880 est
3291 5827 3456 5880 Filius
3503 5827 3634 5888 Dei;
3688 5829 3783 5883 sed
3841 5833 3975 5897 quod

2449 5929 2457 5954 '
2487 5922 2624 5984 illud,
2654 5927 2701 5970 ut
2725 5920 2896 5970 licebat
2922 5920 3006 5980 (ιῖις
3028 5918 3173 5976 ἐνῆν),
3199 5915 3341 5964 deest
3365 5919 3408 5961 in
3429 5911 3878 5976 quibusdaurblss.
