4094 6550
165 508 231 560 lRl
1079 479 1145 535 lN
1186 476 1363 533 ACTA
1407 475 1446 529 Α
1458 467 1762 528 ινοετυω

1875 465 1932 519 ιι.
1976 465 2210 520 llOlllL.
2258 465 2448 520 ΧΧΙΙΙ.

162 618 350 671 maxime
371 607 494 666 illos
527 605 760 664 terrebat
793 619 804 656 :
840 599 868 654 1
875 614 965 667 pse
999 605 1072 651 est
1095 637 1109 660 ,
1138 593 1224 664 qui
1251 589 1550 645 constitutus
1591 594 1662 636 est
1689 598 1721 634 a

165 713 246 766 Deo
268 708 410 775 inde:
437 705 665 758 vivorum
689 710 734 754 et
763 704 1100 750 mortuorum.
1136 687 1270 742 Hinc
1311 682 1556 752 sequitur
1584 677 1720 730 Vali-

159 807 262 861 duut
301 807 669 871 argumentum
705 809 735 847 a
776 786 1055 861 prophetis
1097 803 1110 840 :
1144 781 1220 836 illi
1247 781 1403 872 enim
1439 776 1498 872 in.
1532 785 1725 872 magna

160 867 518 950 cxisiima'tione
540 895 713 941 erant.
741 881 880 936 Huic
900 892 1074 932 omnes
1103 871 1364 942 prapltette
1387 867 1728 920 testimonium

163 988 405 1054 per/abem.
444 981 736 1048 Postquam
772 974 964 1027 timore
994 963 1289 1037 perculsit,
1337 967 1466 1011 tunc
1491 953 1728 1054 Ioniam
1773 1006 1780 1012 _

163 1040 352 1142 inducit,
379 1093 486 1130 non
515 1040 725 1132 alt-illo,
755 1065 847 1122 sed
878 1080 906 1118 a
938 1059 1215 1132 prophetis
1237 1054 1456 1106 dictam.
1491 1047 1556 1100 Et
1583 1040 1728 1142 quod

164 1134 366 1226 terribile
389 1176 530 1230 erat,
558 1163 626 1216 ab
656 1161 747 1214 illo
772 1176 788 1223 ;
816 1155 958 1228 quod
991 1161 1170 1206 autem
1203 1143 1408 1205 ruitius,
1437 1155 1468 1193 a
1501 1134 1734 1207 prophe-

163 1268 216 1319 tis
239 1260 680 1335 proﬁciscebatur.
711 1254 985 1320 Quotquot
1014 1246 1153 1299 hanc
1179 1235 1555 1335 remissionem
1595 1241 1730 1335 c‘on:

165 1320 340 1426 seqitiiti
367 1357 498 1408 estis
521 1391 537 1416 ,
585 1355 845 1418 quotquot
877 1342 1033 1396 ﬁdem
1079 1333 1220 1389 nacti
1257 1331 1387 1384 estis
1413 1344 1426 1392 ;
1452 1340 1576 1380 cum
1605 1320 1732 1376 doni

164 1449 552 1520 magnitudinem
583 1439 880 1496 didiceritis
900 1479 915 1497 ,
946 1435 1194 1495 obsecro,
1233 1427 1357 1481 date
1394 1433 1637 1520 opera-tn,
1666 1429 1735 1469 ne

164 1510 538 1596 lletiefactorcm
605 1530 929 1589 contumelia
996 1523 1264 1579 alliciatis.
1337 1510 1733 1571 RemiSsionettt

167 1648 366 1701 namque
392 1626 714 1695 Consequuti
745 1638 952 1684 sumus,
983 1634 1088 1671 non
1119 1624 1176 1670 ut
1201 1611 1500 1668 deteriores
1530 1601 1735 1658 efﬁcia-

165 1739 283 1786 mur,
313 1721 399 1776 sed
427 1729 486 1774 ut
514 1717 684 1771 multo
709 1714 962 1769 meliores
989 1720 1041 1765 et
1073 1713 1493 1777 prmstattttores.

223 1815 347 1869 Deus
368 1830 468 1866 non
493 1821 567 1865 est
595 1826 750 1862 causa
779 1805 1050 1858 mulorum.
1079 1829 1149 1840 ——
1179 1798 1348 1853 Nemo
1375 1793 1535 1865 igitur
1559 1789 1737 1849 dicat,

167 1908 310 1962 Deum
333 1920 450 1959 esse
479 1902 636 1957 nobis
655 1912 875 1955 causam
903 1895 1188 1956 malorum,
1220 1888 1362 1961 quod
1395 1900 1501 1940 non
1532 1881 1737 1953 puniat,

165 2014 246 2053 nec
287 1995 601 2065 supplicium
650 1992 868 2046 inferat.
913 1989 1006 2042 llic
1045 1986 1188 2040 enim
1230 1980 1383 2044 mihi,
1413 1980 1458 2034 si
1491 1975 1742 2047 princeps

165 2091 398 2159 quispiam
443 2096 659 2156 captum
709 2079 1034 2136 homicidam
1075 2075 1367 2137 dimiserit,
1398 2086 1465 2123 an
1506 2083 1741 2137 sequen-

165 2185 276 2236 tium
323 2182 553 2237 caidium
601 2187 790 2233 auctor
833 2190 953 2231 esse
992 2167 1357 2244 jndicabitur?
1397 2165 1635 2219 Minime.
1682 2161 1747 2213 Et

165 2275 441 2341 quomodo,
475 2273 602 2327 dum
647 2271 825 2340 impiis
871 2269 1066 2337 linguis
1100 2263 1369 2318 audemus
1405 2259 1516 2313 Deo
1555 2264 1746 2311 contu-

167 2367 357 2420 uaeliam
398 2365 637 2428 inferre,
669 2379 775 2416 non
809 2361 1090 2420 timemus,
1126 2371 1225 2410 nec
1267 2345 1748 2407 exhorrescimus?

165 2458 282 2524 Quid
311 2459 449 2514 enim
480 2473 588 2512 non
615 2455 833 2511 dicent?
853 2451 980 2522 quid
1004 2466 1108 2504 non
1136 2443 1460 2517 loquentur?
1488 2442 1606 2511 lpse
1630 2455 1748 2509 per-

168 2552 312 2617 misit,
338 2553 588 2623 inquiunt
615 2568 629 2603 :
654 2549 936 2618 oportebat
961 2546 1106 2601 enim
1139 2543 1330 2613 dignos
1351 2539 1619 2610 supplicio
1643 2553 1750 2590 non

169 2643 432 2708 honorare,
485 2659 594 2697 tton
640 2655 924 2706 compare,
952 2654 1058 2692 non
1109 2636 1339 2705 primatu
1371 2631 1611 2707 dignari,
1654 2628 1752 2682 sed

171 2737 339 2802 punire
359 2747 413 2790 et
437 2736 657 2799 ulcisci;
696 2734 783 2787 ille
812 2747 940 2788 vero
968 2740 1176 2793 contra,
1202 2729 1328 2782 dum
1357 2725 1479 2780 illos
1503 2725 1752 2785 honorat,

170 2827 289 2881 tales
320 2829 461 2895 ipsos
490 2827 677 2882 efﬁcit.
710 2826 805 2890 Ne,
836 2838 1019 2895 qumso
1048 2830 1102 2876 et
1129 2836 1247 2884 oro,
1279 2833 1348 2874 ne
1369 2817 1632 2887 quiSpiam
1662 2829 1758 2868 no-

169 2931 320 2973 strum
353 2921 514 2975 talem
557 2922 768 2974 emittat
807 2935 1015 2972 vocem.
1052 2916 1233 2971 Satius
1262 2914 1419 2968 fuerit
1456 2910 1759 2966 sexcenties

170 3012 352 3076 deludi,
376 3029 536 3082 quam
568 3012 735 3066 Deum
768 3027 863 3082 per
893 3025 990 3064 nos
1019 3009 1142 3063 talia
1169 3007 1374 3061 audire.
1407 3003 1662 3058 Dicebant
1685 2999 1760 3052 illi

173 3117 218 3158 et
252 3106 412 3160 Judaei
452 3124 466 3160 :
515 3106 618 3173 Qui
659 3106 875 3159 destruis
914 3103 1192 3172 templum,
1225 3111 1272 3154 et
1309 3100 1362 3152 in
1393 3097 1551 3152 tribus
1586 3095 1762 3148 diebus

173 3199 437 3265 recedi/iens
479 3197 630 3260 illud,
667 3197 807 3250 salva
837 3198 1188 3280 lernelipsqm;
1214 3201 1268 3245 et
1299 3205 1509 3244 rursum
1538 3205 1550 3241 :
1580 3187 1640 3243 Si
1670 3184 1762 3238 Fi-

175 3289 259 3340 lius
295 3287 389 3342 Dei
431 3307 515 3354 es,
553 3288 800 3342 descende
826 3287 890 3340 de
915 3276 1318 3355 crucelMatth.
1356 3281 1450 3336 2'7.
1494 3279 1610 3349 40).
1657 3276 1764 3332 Sed

177 3381 278 3435 iure
315 3383 415 3437 illis
464 3392 592 3436 sunt
621 3383 892 3451 graviora.
946 3377 1024 3432 Ne
1076 3377 1255 3446 itaque
1307 3389 1404 3444 per
1460 3387 1558 3426 nos
1607 3371 1768 3425 liceat

177 3472 332 3542 ipsum
376 3475 480 3529 diei
517 3472 810 3541 iniquitatis
841 3471 1116 3524 doctorem
1141 3510 1155 3531 ,
1191 3482 1366 3536 neque
1394 3481 1462 3519 ex
1497 3465 1628 3533 ipsis
1651 3463 1769 3515 hla-

177 3567 418 3632 Sphemiis
450 3565 720 3635 supplicio
748 3563 970 3617 obnoxii
995 3560 1298 3615 efﬁciamur
1330 3559 1475 3627 (nam
1509 3556 1602 3615 ait,
1637 3553 1771 3607 Pro—

181 3667 276 3722 pter
312 3674 392 3711 vos
421 3675 607 3711 nomen
635 3673 802 3710 meum
830 3658 1213 3726 blasphematur
1249 3654 1302 3704 in
1330 3650 1558 3721 gentibus
1591 3646 1768 3720 [ηοιιι.

179 3751 225 3801 ‘2.
246 3749 332 3823 24]
360 3753 376 3819 )
413 3769 424 3803 :
454 3750 652 3805 demus
681 3764 931 3817 operam,
965 3757 1022 3800 ut
1067 3744 1335 3800 contraria
1380 3741 1654 3800 dicantur,
1687 3737 1771 3790 di-

182 3858 321 3908 gnam
364 3845 652 3898 vocatioue
695 3851 874 3895 nostra
909 3840 1068 3892 vitam
1101 3836 1380 3899 ducentes,
1419 3843 1473 3887 et
1498 3833 1563 3887 ad
1599 3830 1774 3899 bapti-

182 3951 283 3990 sma
313 3936 627 4007 adoptionis
666 3933 1005 3988 accedentes.
1045 3930 1180 3983 Vere
1215 3943 1446 3996 namque
1474 3939 1663 3993 magna
1691 3930 1777 3976 est

185 4029 253 4081 vis
279 4029 549 4097 baptismi,
577 4043 696 4096 quae
717 4025 842 4080 doni
867 4032 1147 4078 consortes
1169 4021 1305 4073 alios
1330 4035 1394 4071 ex
1426 4017 1545 4070 aliis
1569 4014 1735 4069 efﬁcit
1759 4028 1774 4066 :

185 4135 276 4172 non
323 4121 448 4174 sinit
497 4120 747 4172 homines
776 4131 900 4170 esse
947 4113 1214 4166 homines.
1263 4110 1405 4171 Fac,
1461 4116 1517 4160 ut
1562 4104 1780 4175 gentilis

184 4213 354 4267 credat
385 4229 638 4283 magnam
667 4225 786 4264 esse
814 4209 1044 4274 Spiritus
1074 4206 1343 4264 virtutem.
1373 4217 1492 4271 qua:
1522 4197 1776 4253 transfor-

185 4315 303 4366 tnet,
326 4323 446 4375 qum
481 4313 828 4358 transmutet.
857 4299 964 4355 Cur
987 4309 1258 4352 extremos
1282 4295 1477 4348 halitus
1499 4301 1783 4360 exspectas

187 4406 238 4448 ιιι
281 4397 551 4467 fugitivus,
605 4405 662 4448 ut
701 4395 1017 4453 sceleratus,
1066 4399 1120 4442 ιιι
1161 4389 1251 4458 qui
1296 4401 1400 4440 non
1441 4385 1642 4438 debeas
1673 4380 1784 4436 Deo

187 4489 394 4543 vivere?
424 4505 523 4542 cur
555 4489 625 4540 ita
656 4485 879 4539 affectus
910 4499 989 4544 es,
1024 4497 1085 4534 ac
1115 4481 1159 4533 si
1192 4479 1542 4531 inhumanum
1576 4481 1630 4527 et
1659 4489 1782 4525 eru-

189 4583 348 4636 delem
373 4584 609 4637 haberes
639 4579 923 4632 Dominum
948 4577 970 4627 ?
1001 4574 1127 4644 quid
1157 4571 1398 4642 frigidius
1421 4611 1434 4634 ,
1464 4567 1590 4638 quid
1623 4567 1789 4619 mise-

191 4651 398 4728 rabilius
448 4676 551 4738 iis,
598 4672 688 4740 qui
733 4681 859 4723 tunc
893 4669 1154 4736 baptisma
1197 4664 1464 4732 accipiunt
1489 4661 1512 4712 ‘.’
1543 4661 1787 4714 Amicum

191 4775 238 4816 te
279 4765 398 4818 fecit
440 4764 612 4827 Deus,
654 4773 706 4815 et
751 4759 1002 4813 omnibus
1030 4757 1278 4826 dignatus
1308 4764 1390 4807 est
1423 4755 1596 4816 bonis,
1642 4760 1700 4804 ιιι
1737 4760 1793 4805 et

192 4855 294 4927 ipse
316 4873 395 4923 ea,
426 4872 551 4928 qure
580 4854 738 4908 amici
767 4863 913 4917 sunt,
938 4851 1215 4906 exhibeas.
1247 4848 1339 4903 Dic
1362 4848 1513 4912 tnilti,
1539 4847 1582 4900 si
1607 4862 1795 4915 quem-

194 4951 321 5014 piam
366 4949 582 5018 injuriis
624 4957 677 4999 et
719 4945 928 5014 probri.»
959 4944 1231 4996 allec-isses
1260 4941 1636 5008 sexcentisque
1664 4953 1794 4991 con-

193 5040 332 5094 victis
360 5054 681 5105 onerasses,
713 5049 767 5092 et
798 5040 848 5090 in
880 5053 1070 5089 manus
1111 5037 1226 5103 ejus
1255 5034 1578 5088 incidentem
1626 5044 1674 5085 te
1707 5032 1796 5084 ille

196 5133 420 5187 vicissim
472 5133 793 5192 honorat-et,
845 5141 898 5182 et
944 5144 1163 5181 suorum
1214 5127 1452 5179 omnium
1485 5134 1795 5178 consortem

194 5222 407 5289 laceret,
438 5233 494 5279 et
526 5226 672 5278 inter
700 5223 901 5275 amicos
933 5237 1030 5290 pro
1059 5220 1221 5272 illatis
1249 5217 1457 5284 iniuriis
1486 5226 1536 5270 te
1565 5233 1798 5271 corona-

200 5325 293 5378 ret,
324 5325 484 5385 teque
519 5326 576 5368 ut
608 5329 926 5383 germanum
959 5311 1125 5365 lilium
1166 5312 1363 5364 habere
1387 5310 1610 5374 diceret,
1645 5308 1802 5363 deiu-

199 5402 362 5473 deque
392 5406 576 5459 subito
621 5415 922 5459 moreretur
957 5421 970 5457 :
1000 5418 1178 5457 annon
1211 5402 1465 5455 damnum
1514 5401 1640 5454 illud
1681 5417 1804 5455 esse

202 5499 577 5552 existimares?
611 5512 788 5550 annon
822 5497 1053 5557 diceres,
1093 5496 1294 5549 Vellem
1329 5495 1477 5547 illum
1508 5495 1716 5559 vivere,
1750 5503 1807 5545 ιιι

204 5606 402 5658 possem
454 5595 634 5648 vicem
687 5593 915 5646 reddere
964 5607 1028 5644 ac
1073 5591 1391 5659 rependere,
1446 5605 1512 5643 ne
1568 5590 1808 5659 ingratus

205 5701 318 5754 erga
363 5687 775 5741 benefacturum
821 5685 1080 5739 viderer?
1110 5684 1224 5737 Jam
1259 5685 1335 5737 sic
1373 5699 1497 5753 crga
1534 5683 1805 5736 hominem

205 5778 416 5833 allectus
455 5795 560 5843 es;
598 5788 652 5832 et
690 5794 811 5833 cum
845 5778 912 5831 de
946 5778 1052 5831 Deo
1081 5779 1276 5846 agitur,
1323 5777 1390 5829 ita
1424 5775 1690 5830 decedere
1719 5791 1812 5828 cu-

208 5884 306 5933 ras,
354 5885 409 5926 ut
442 5884 519 5928 tot
565 5888 854 5926 munerum
902 5872 1074 5926 datori
1123 5873 1293 5927 vicem
1345 5888 1451 5925 non
1502 5871 1810 5941 rependas?

210 5960 332 6027 Quin
377 5967 556 6036 potius
594 5975 718 6019 tunc
749 5965 968 6030 accede,
1013 5981 1132 6019 cum
1179 5977 1332 6036 putes
1376 5967 1518 6036 paria
1564 5964 1808 6019 reddere.

3333 469 3437 532 182

1830 579 1939 632 Cur
1966 577 2144 648 fugis?
2184 580 2378 644 Etiam,
2408 581 2655 650 inquies;
2691 581 2783 637 sed
2810 599 2916 639 non
2947 600 3162 656 possum
3193 603 3276 642 me
3303 604 3438 643 eon-

1831 673 2024 726 tinere.
2055 673 2197 744 Ergo
2229 675 2580 744 impossibilia
2612 681 2860 747 praecepit
2896 679 3070 734 Deus?
3101 680 3237 737 llinc
3259 684 3438 738 omnia

1832 768 2089 822 subversa
2117 777 2264 835 sunt,
2290 769 2414 825 hinc
2438 771 2670 826 mundus
2697 784 2984 841 corruptus
3006 784 3108 839 est,
3133 777 3254 845 quia
3284 791 3446 830 nemo

1847 870 1986 914 :urat
2023 863 2318 915 secundum
2354 863 2518 916 Deum
2559 865 2763 920 vivere.
2793 867 3174 922 (Zatechuuteui
3214 869 3315 923 hoc
3352 883 3448 922 cu-

1837 963 2018 1006 rantes
2045 995 2060 1018 ,
2095 954 2300 1007 nullam
2345 954 2412 1009 de
2444 966 2588 1010 recta
2623 958 2726 1010 vita
2769 957 2969 1013 habent
2994 960 3446 1026 Sollicitudinem;

1837 1049 1926 1114 qui
1958 1061 2084 1100 vero
2111 1047 2220 1116 jam
2251 1058 2376 1101 sunt
2405 1049 2711 1116 illutninati,
2743 1051 2934 1105 ltorum
2966 1053 3078 1115 alii,
3112 1054 3233 1124 quia
3275 1054 3451 1109 adhuc

1837 1151 1958 1190 cum
2007 1138 2156 1206 pueri
2209 1150 2393 1193 essent
2443 1141 2708 1210 baptisma
2756 1155 3114 1211 acceperunt;
3156 1145 3282 1207 alii,
3327 1147 3449 1216 quia

1838 1227 2158 1283 dilferebant
2191 1239 2244 1284 et
2275 1232 2328 1284 in
2355 1231 2548 1286 morbo
2578 1232 2794 1287 demum
2845 1234 2896 1288 id
2937 1246 3296 1305 acceperunt,
3330 1238 3451 1302 quia

1841 1322 2048 1375 nullum
2081 1322 2353 1378 habebant
2392 1326 2629 1379 studium
2662 1327 2876 1381 vivendi
2909 1328 3210 1382 secundum
3244 1330 3411 1382 Deum
3436 1371 3450 1391 ,

1843 1429 2017 1483 neque
2071 1414 2126 1469 hi
2171 1416 2398 1470 studiosi
2448 1426 2610 1483 sunt;
2659 1419 2750 1487 qui
2800 1429 2978 1472 autem
3025 1421 3165 1474 bene
3216 1422 3456 1474 valentes

1841 1516 2189 1575 acceperunt,
2227 1524 2411 1576 parum
2443 1519 2496 1563 et
2525 1509 2625 1578 ipsi
2673 1509 2835 1564 studii
2876 1510 3154 1574 exhibent,
3189 1521 3241 1565 et
3274 1513 3454 1565 statim

1845 1600 2095 1655 ardentes
2132 1601 2342 1667 elleeti,
2379 1613 2561 1670 postea
2608 1612 2661 1657 et
2710 1604 2807 1670 ipsi
2853 1605 3027 1672 ignem
3057 1605 3456 1657 exstinxerttnt.

1845 1696 2040 1747 Annon
2074 1704 2225 1761 potes
2258 1695 2562 1763 negotiari?
2587 1710 2654 1748 an
2683 1696 2752 1748 ab
2776 1712 2945 1749 uxore
2975 1706 3024 1749 te
3052 1694 3270 1763 separo?
3294 1697 3332 1748 A
3361 1694 3462 1747 lor-

1847 1788 2116 1841 nicatioue
2139 1787 2380 1843 secludo.
2411 1787 2546 1841 Num
2574 1804 2602 1840 a
2633 1790 2982 1857 pecuniarum
3015 1804 3112 1842 usu
3139 1788 3344 1841 arceo?
3378 1787 3462 1840 Ab

1848 1881 2070 1934 avaritia
2120 1890 2324 1934 tantum
2375 1892 2430 1936 et
2475 1884 2680 1951 rapina.
2727 1882 2863 1936 Num
2895 1898 3031 1952 cogo
3062 1894 3130 1945 te,
3182 1892 3237 1936 ut
3280 1883 3459 1936 omnia

1850 1972 2135 2026 elTundas?
2167 1973 2341 2027 Pauca
2376 1984 2581 2028 tantum
2625 1991 2687 2028 ex
2734 1974 3078 2028 facultatibus
3115 1973 3300 2043 egenis
3342 1990 3463 2028 erov

1852 2082 1976 2136 gare
2000 2066 2166 2135 julteo
2199 2066 2551 2133 (Abtmdantia
2582 2079 2767 2132 vestra,
2800 2067 2990 2138 inquit,
3015 2067 3083 2118 ad
3129 2065 3337 2120 illorum
3381 2069 3465 2120 in-

1852 2159 2020 2224 Opiam
2045 2158 2119 2230 [2.
2146 2158 2263 2213 Cor.
2285 2160 2338 2215 8.
2367 2160 2576 2232 l4]):ac
2599 2163 2869 2236 neque/ita
2897 2162 3302 2230 persuademus.
3329 2161 3466 2215 Nunt
3514 2176 3520 2178 ·

1853 2253 1917 2306 ad
1943 2253 2292 2322 jejunandum
2324 2256 2614 2325 cogimus?
2643 2256 2970 2310 Ebrietatem
3000 2267 3054 2310 et
3092 2256 3270 2325 gulam
3319 2255 3471 2310 cohi-

1856 2347 2065 2401 hetnus.
2115 2347 2205 2401 Illa
2251 2360 2592 2417 atnptttamus
2636 2366 2755 2420 qua:
2790 2351 2879 2402 tibi
2915 2351 3300 2418 turpitudinem
3342 2349 3473 2403 alle-

1855 2451 1982 2494 runt
2007 2458 2019 2493 :
2044 2457 2164 2510 qtae
2186 2441 2408 2495 velante
2434 2441 2736 2512 gehennam
2764 2441 3471 2511 fugit-udaetodiohabenda

1856 2546 1978 2584 esse
2019 2541 2072 2585 tu
2122 2533 2237 2599 ipse
2273 2533 2478 2586 fateris.
2517 2533 2654 2588 Num
2695 2536 2763 2588 ab
2800 2536 3160 2590 oblectatione
3188 2545 3242 2588 et
3275 2534 3475 2604 gaudio

1859 2625 2051 2675 arceo?
2077 2626 2114 2673 Α
2142 2623 2280 2692 turpi
2305 2636 2453 2678 certe
2484 2634 2536 2677 et
2561 2626 2796 2695 indigno.

1934 2717 1987 2769 4.
2030 2716 2166 2781 Quid
2211 2715 2413 2770 times?
2441 2717 2567 2786 quid
2598 2718 2900 2771 formidas?
2932 2716 3072 2786 Quid
3117 2717 3339 2772 tremis?
3369 2717 3474 2774 Ubi

1863 2811 2216 2875 connultium,
2247 2809 2333 2864 ubi
2372 2826 2533 2880 opum
2565 2811 2812 2876 facultas,
2848 2811 2934 2864 tthi
2966 2812 3278 2866 moderatus
3300 2811 3476 2873 cibus,

1865 2918 1984 2972 qure
2011 2902 2216 2972 peccati
2245 2904 2456 2956 occasio
2488 2904 2604 2956 est?
2640 2903 2802 2973 Atqui
2844 2905 3014 2957 exteri
3058 2905 3326 2958 cmitraria
3377 2903 3479 2957 ini—

1869 3005 2081 3065 perant,
2116 3007 2169 3048 et
2196 2995 2326 3064 ipsis
2358 2996 2783 3064 obtemperatur.
2815 2995 2929 3050 Non
2960 2998 3102 3050 enim
3144 3013 3207 3050 ex
3240 2998 3326 3058 iis,
3361 3012 3482 3066 qute

1869 3099 2162 3160 Suppetunt
2186 3132 2200 3156 ,
2243 3092 2498 3160 exigunt;
2543 3091 2637 3145 sed
2669 3091 2875 3156 dicunt,
2904 3091 3133 3145 Tantum
3165 3096 3294 3145 dare
3321 3106 3486 3159 opor-

1873 3196 1947 3239 tet
1991 3203 2003 3237 :
2048 3185 2094 3238 si
2138 3196 2506 3256 paupertatem
2537 3185 2820 3258 obtendas,
2867 3201 3042 3254 neque
3087 3186 3164 3239 sic
3194 3186 3484 3240 desistunt.

1870 3278 2121 3335 Christus
2147 3288 2327 3332 autem
2359 3295 2464 3331 non
2510 3280 2586 3332 sic
2614 3296 2626 3342 ;
2658 3278 2752 3332 sed
2798 3280 2894 3343 ait,
2939 3277 3021 3331 Ex
3063 3280 3129 3333 iis
3170 3295 3289 3350 qua:
3321 3279 3488 3336 habes

1874 3372 2022 3436 dato,
2051 3380 2212 3438 teque
2245 3372 2294 3422 in
2327 3372 2501 3439 primo
2528 3371 2719 3425 ordine
2741 3373 3088 3425 cnnstituam.
3126 3373 3354 3426 Rursum
3387 3373 3488 3438 illi,

1875 3461 1930 3516 Si
1961 3463 2065 3527 vis,
2098 3463 2268 3525 aittnt,
2304 3463 2484 3515 clarus
2513 3475 2655 3524 esse,
2689 3462 2937 3532 relinque
2969 3472 3198 3530 patrem,
3239 3475 3490 3529 matrem,

1876 3566 2154 3623 cognatos,
2189 3554 2541 3620 domesticos,
2583 3563 2638 3607 et
2674 3555 2725 3607 in
2758 3556 2900 3621 regia
2933 3556 3144 3619 adesto,
3182 3557 3232 3610 in
3267 3557 3450 3612 labore
3473 3600 3489 3620 ,

1879 3649 2121 3710 miseria,
2146 3650 2426 3711 servitute,
2448 3650 2708 3703 mrumnis
2724 3651 3105 3720 sexcentisque
3127 3653 3285 3705 malis
3311 3670 3323 3706 :
3345 3651 3495 3706 Chri-

1880 3752 1994 3794 stus
2022 3757 2151 3794 vero
2176 3757 2280 3795 non
2310 3741 2404 3804 sic,
2438 3744 2530 3796 sed
2550 3784 2566 3806 ,
2590 3742 2720 3796 Esto
2753 3743 2895 3796 domi
2925 3759 3049 3797 eum
3081 3760 3247 3798 uxore
3275 3754 3329 3797 et
3357 3744 3495 3802 lihe-

1881 3834 1978 3894 ris,
2004 3844 2053 3886 et
2082 3833 2160 3887 sic
2217 3843 2306 3886 tua
2355 3834 2602 3903 diSpone,
2649 3844 2706 3887 ut
2745 3836 2926 3904 quiete
2974 3846 3022 3888 et
3078 3837 3195 3888 sine
3242 3836 3500 3905 periculis

1883 3927 2048 3980 vivas.
2083 3927 2278 3993 Etiam,
2306 3928 2535 3997 inquies,
2565 3928 2658 3982 sed
2693 3928 2785 3982 ille
2819 3944 2950 3997 opes
2978 3929 3310 3998 pollicetur?
3337 3930 3497 3999 Atqui

1887 4020 1972 4073 hie
2015 4036 2239 4088 regnum
2290 4022 2571 4089 promittit,
2625 4020 2734 4074 into
2781 4030 2835 4074 et
2874 4037 3009 4090 opes
3052 4036 3173 4075 eum
3205 4022 3295 4075 illo
3325 4039 3337 4078 :
3373 4038 3499 4076 nant

1886 4113 1959 4165 ait
1991 4129 2003 4165 :
2042 4112 2264 4176 Qucerile
2310 4112 2529 4181 primunt
2561 4129 2773 4182 regnum
2802 4113 3042 4166 ca'lorum
3068 4155 3082 4177 ,
3113 4122 3161 4165 et
3192 4113 3299 4165 lucc
3329 4114 3504 4166 omnia

1889 4205 2197 4274 adjicientur
2233 4207 2368 4257 vobis
2399 4205 2417 4274 (
2446 4204 2631 4257 .llattlt.
2667 4206 2718 4258 6.
2759 4207 2891 4273 53).
2925 4206 3014 4259 Ille
3046 4224 3113 4260 tte
3146 4207 3196 4260 in
3227 4209 3501 4276 augmenti

1889 4296 2104 4364 quidem
2140 4306 2382 4365 partem,
2428 4297 2513 4351 hic
2554 4313 2681 4350 vero
2723 4297 3128 4350 antecedenter.
3171 4296 3361 4349 Jum'or
3405 4299 3502 4366 fui,

1893 4390 2095 4457 inquit;
2131 4391 2312 4443 etenim
2352 4391 2493 4443 senui
2523 4407 2541 4443 :
2571 4401 2615 4444 et
2648 4408 2746 4443 non
2789 4391 2891 4442 ridi
2927 4392 3125 4458 justum
3167 4391 3462 4444 derelictum
3487 4432 3504 4452 ,

1894 4500 1984 4537 nec
2015 4500 2180 4537 semen
2207 4485 2318 4553 ejus
2348 4502 2579 4553 qurerens
2609 4501 2790 4554 partem
2815 4483 2984 4553 (Psal.
3017 4486 3100 4538 56.
3133 4485 3248 4557 ΞΞ),
3283 4485 3510 4554 incipia-

1896 4591 2017 4630 mus
2048 4592 2178 4646 ergo
2212 4577 2437 4630 virtutes
2472 4577 2642 4638 adire,
2677 4578 2885 4630 ittitinttt
2918 4593 3211 4644 ponamus,
3250 4578 3391 4631 illam
3419 4594 3510 4632 so-

1898 4669 2000 4721 lam
2034 4670 2411 4736 suscipiamus.
2443 4676 2498 4722 et
2529 4668 2734 4721 videbis
2762 4669 2938 4738 qualia
2967 4671 3124 4722 h0na.
3148 4668 3284 4722 Nutu
3308 4670 3513 4739 absque

1899 4759 2085 4814 labore
2116 4760 2202 4813 illa
2232 4759 2473 4828 operat-is
2494 4802 2510 4823 ,
2553 4762 2641 4830 qui
2674 4761 2725 4813 itt
2756 4763 2838 4813 his
2879 4762 2947 4812 ita
2983 4761 3158 4814 mollis
3189 4761 3286 4814 es?
3315 4761 3512 4824 Etiam,

1903 4850 2133 4920 inquies,
2165 4851 2250 4904 illa
2276 4852 2394 4905 sine
2420 4852 2622 4915 labore,
2651 4853 2764 4904 ll'J'C
2784 4868 2904 4905 cum
2931 4852 3134 4906 labore.
3162 4855 3344 4920 Apage
3371 4872 3382 4906 :
3410 4867 3515 4907 non

1904 4946 1973 4998 ita
2008 4961 2094 5000 res
2127 4955 2229 5009 est,
2263 4962 2368 4998 non
2399 4946 2470 4999 ita
2504 4947 2686 5015 utique
2714 4961 2726 5007 ;
2759 4947 2851 5000 sed
2881 4948 2922 4998 si
2955 4946 3356 4999 veredicamus
3379 4988 3394 5010 ,
3431 4947 3519 4999 illa

1904 5053 2024 5091 cum
2056 5038 2241 5091 labore
2272 5045 2326 5091 et
2353 5038 2555 5092 sudore
2585 5038 2811 5105 majori;
2843 5037 2958 5091 haec
2988 5053 3112 5090 vero
3132 5077 3147 5102 ,
3181 5037 3225 5089 si
3254 5037 3482 5091 velimus
3505 5078 3519 5101 ,

1906 5129 2060 5184 facile
2091 5129 2460 5198 perii--iuntttr.

1979 5220 2248 5289 Baptisma
2275 5239 2375 5274 non
2404 5220 2765 5287 diﬂ'erendunt.
2800 5254 2870 5262 ——
2901 5223 2976 5277 Ne
3008 5225 3333 5292 resiliamus,
3365 5240 3521 5295 rogo,

1908 5331 1935 5368 a
1965 5315 2158 5369 divinis
2195 5315 2489 5386 mysteriis.
2527 5315 2604 5370 Ne
2637 5317 2686 5370 id
2728 5325 2960 5385 spectes,
2993 5317 3135 5387 quod
3181 5320 3244 5385 is,
3277 5319 3365 5388 qui
3398 5330 3524 5370 ante

1914 5418 1964 5461 te
1997 5408 2331 5462 illuminatus
2361 5418 2465 5476 est,
2505 5409 2783 5479 improbus
2812 5411 2880 5462 sit
2908 5409 3128 5464 ellectus
3160 5424 3211 5464 et
3243 5427 3270 5464 a
3300 5428 3398 5480 spe
3428 5427 3524 5465 sua

1912 5501 2196 5566 exciderit,
2235 5518 2337 5555 neti
2371 5511 2422 5557 te
2452 5504 2567 5571 ipso
2598 5504 2814 5572 segnior
2846 5504 2962 5556 lias.
2997 5504 3129 5558 Nam
3161 5507 3300 5560 inter
3329 5508 3528 5561 milites

1917 5593 2163 5648 videmus
2212 5592 2364 5659 alios,
2414 5596 2503 5664 qui
2550 5611 2654 5648 non
2698 5607 2919 5651 strenue
2963 5597 3146 5651 niilitia
3194 5597 3524 5668 funguntur,

1917 5686 2052 5738 alios
2085 5697 2262 5740 autetu
2297 5689 2660 5754 conspicuos:
2711 5705 2884 5758 neque
2919 5690 3124 5761 ignavis
3151 5691 3255 5744 illis
3289 5694 3526 5746 attendi-

1919 5795 2060 5846 mus,
2098 5782 2190 5835 sed
2227 5781 2516 5850 prmclaros
2543 5783 2882 5836 tumulantur.
2936 5785 3016 5838 Ad
3065 5784 3180 5838 ha:c
3221 5785 3530 5852 considera,

1919 5886 2048 5941 quot
2083 5886 2198 5945 post
2236 5876 2494 5944 baptisma
2539 5877 2716 5946 angeli
2767 5894 2862 5947 pro
2901 5878 3210 5934 hominibus
3250 5880 3370 5934 facti
3400 5880 3529 5934 sint.

1921 5964 2076 6020 Time
2108 5968 2364 6021 incertam
2399 5968 2561 6022 futuri
2593 5969 2978 6025 conditionem.
3019 5973 3084 6028 Ut
3131 5973 3212 6027 fur
3241 5983 3421 6037 noctu,
3454 5975 3534 6028 sic
