4094 6496
591 420 693 472 185

589 547 730 583 nzoi-s
758 528 925 580 veniet
954 524 1025 595 (2.
1057 522 1198 576 Petr.
1227 522 1280 575 3.
1320 519 1437 585 l0);
1464 530 1632 584 neque
1664 514 1835 567 solum
1865 519 1920 563 ut
1950 510 2053 567 fur.
2077 507 2171 561 sed

588 623 735 675 ιιιιιιὶς
768 618 1157 672 dormientibus
1190 612 1422 674 invadet,
1452 620 1507 664 et
1554 608 1887 676 negligentes
1918 602 2171 669 abripiet.

592 715 713 768 Ideo
746 714 885 767 Deus
925 710 1156 765 futurum
1192 707 1405 775 reliquit
1444 704 1728 762 incertum,
1772 708 1826 751 ut
1852 711 2066 764 semper
2105 695 2175 746 ob

590 809 849 862 incertam
875 802 1322 870 etSpcctalionem
1356 798 1403 849 in
1425 796 1618 848 virtulc
1635 793 1906 861 degamus.
1924 788 2027 840 Sed
2058 788 2171 841 cle—

590 914 742 950 mens
768 905 870 960 est,
906 894 1131 962 inquies.
1167 891 1452 957 Quousque
1476 884 1719 957 frigidum
1749 881 1871 936 illml
1899 890 1948 934 et
1981 879 2179 931 ridicu-

592 991 698 1041 lum
741 988 939 1039 dicttun
989 978 1349 1049 proferemus?
1398 978 1507 1045 ligo
1548 990 1650 1028 non
1692 972 1847 1026 modo
1890 970 2174 1039 benignum

594 1096 713 1133 esse
743 1080 903 1131 Deum
941 1076 1079 1134 dico,
1110 1072 1200 1124 sed
1239 1081 1291 1122 et
1325 1068 1449 1121 nihil
1480 1082 1598 1121 esse
1630 1066 1718 1118 illo
1752 1063 2050 1132 ln-nignins,
2084 1060 2173 1129 qui

595 1170 793 1221 utiliter
816 1166 989 1217 omnia
1024 1172 1203 1216 nostra
1236 1164 1529 1227 dispemet.
1576 1157 1718 1223 Quot
1753 1156 1899 1208 Vtiles
1931 1153 2177 1206 homines

595 1276 686 1329 per
717 1274 928 1310 onmem
971 1267 1179 1309 artatem
1227 1252 1575 1321 elephantiasi
1629 1248 1968 1303 laborantes?
1993 1257 2117 1315 quot
2148 1262 2177 1300 τι

592 1366 757 1421 prima
797 1360 953 1402 aetate
983 1347 1045 1399 ad
1079 1353 1345 1399 senectam
1378 1358 1544 1412 usque
1584 1357 1753 1396 cu-cos
1776 1382 1788 1401 ,
1822 1340 1957 1394 alios
1996 1348 2177 1406 postea

590 1459 762 1498 czreos
808 1441 996 1503 factos,
1027 1441 1158 1492 alios
1203 1440 1251 1489 in
1288 1445 1634 1505 paupertate,
1672 1435 1804 1486 alios
1842 1433 1893 1485 in
1931 1431 2176 1493 vinculis,

593 1536 726 1587 alios
757 1534 806 1586 in
838 1532 1084 1593 metallis,
1110 1530 1245 1582 alios
1288 1529 1412 1581 inibi
1436 1527 1847 1582 eontmnulatos,
1871 1525 2010 1578 alios
2042 1524 2180 1577 bello

594 1626 982 1692 interemptos?
1012 1628 1430 1690 .-\nuon,qu;eso,
1466 1619 1579 1672 Inee
1608 1634 1673 1672 ex
1706 1618 2032 1685 benignitate
2060 1630 2181 1683 pro-

598 1717 942 1770 liciscnntur?
969 1732 1144 1767 annon
1173 1714 1283 1767 bare
1314 1720 1519 1781 poterat
1543 1711 1801 1779 impedire
1828 1710 1869 1763 si
1895 1707 2181 1763 voluisset?

594 1809 687 1864 sed
719 1810 978 1877 permisit.
1014 1808 1205 1862 Etiam,
1232 1805 1455 1873 inquies.
1483 1802 1560 1857 Tu
1586 1818 1712 1855 vero
1735 1802 1819 1855 dic
1845 1800 1992 1864 mihi,
2017 1813 2181 1868 quare

594 1900 809 1966 quidam
844 1914 944 1950 non
976 1913 1002 1949 a
1037 1897 1200 1964 prima
1246 1906 1401 1949 uitale
1430 1895 1599 1947 czcci?
1642 1893 1753 1947 Non
1782 1893 1981 1952 dicam.
2009 1892 2182 1944 donec

598 1989 900 2058 polliccaris
944 1988 1069 2041 mihi
1106 2000 1154 2041 te
1188 1987 1590 2041 illumiuaiidutu
1620 2001 1739 2039 esse
1767 2027 1779 2047 ,
1814 1998 1866 2037 et
1909 1985 2182 2038 illumina-

603 2091 713 2135 tmu
745 2091 888 2135 recte
920 2082 1079 2134 vitam
1114 2080 1475 2133 iustituturum
1509 2094 1647 2133 esse.
1688 2078 1800 2131 Non
1834 2078 1951 2131 licet
1981 2077 2071 2129 tibi
2102 2088 2182 2129 ta-

596 2172 662 2224 lia
696 2173 905 2225 solvere
934 2188 947 2225 :
981 2187 1152 2239 neque
1180 2172 1321 2222 enim
1370 2170 1651 2237 voluptatis
1680 2169 1843 2238 gratia
1874 2183 2053 2221 sermo
2078 2176 2179 2220 est.

594 2262 725 2315 Nam
754 2263 877 2316 licet
906 2262 1039 2314 hanc.
1070 2262 1291 2322 sulvam,
1322 2261 1422 2312 alia
1448 2260 1698 2313 succedet
1724 2260 1950 2329 qumstio
1982 2277 1995 2314 :
2030 2260 2187 2329 abys-

595 2369 686 2407 sus
714 2355 853 2406 enim
884 2352 1234 2421 qna-stionem
1261 2363 1339 2404 cst
1360 2351 1653 2418 Scriptura.
1674 2349 1850 2415 Quare
1879 2366 1981 2402 non
2011 2348 2184 2402 solum

599 2462 664 2498 ne
691 2444 1051 2497 assuefacialis
1075 2459 1187 2507 vos,
1224 2453 1277 2495 ut
1304 2443 1622 2496 solutiOttem
1649 2441 1919 2511 quaeratis,
1947 2440 2040 2495 sed
2064 2456 2181 2493 om-

597 2538 746 2599 nino,
783 2547 836 2589 ut
869 2553 933 2589 ne
966 2538 1214 2603 quzeratis
1246 2555 1255 2587 ε
1290 2536 1521 2604 alioquin
1575 2551 1860 2601 numquam
1892 2534 2010 2587 linis
2040 2550 2185 2603 qua:-

595 2630 825 2680 stiouum
854 2630 973 2681 erit.
1004 2627 1132 2687 Nam
1157 2616 1198 2680 si
1236 2628 1368 2680 hanc
1393 2628 1616 2685 solvam,
1636 2626 1780 2679 mille
1799 2625 2185 2694 qtuestiouihus

601 2720 736 2771 viam
783 2720 1039 2786 aperiam.
1078 2718 1228 2772 Unde
1267 2718 1535 2773 discamus
1567 2719 1733 2787 magis
1777 2719 1876 2770 hoc
1919 2733 2179 2787 quaerere,

596 2825 752 2876 quam
784 2810 1003 2875 ιιιι;ιιείιιι
1032 2812 1261 2863 solvere.
1295 2809 1474 2878 Neque
1502 2812 1641 2863 enim
1675 2811 1715 2862 si
1746 2812 2032 2871 solvamus,
2070 2825 2187 2863 om-

594 2901 722 2953 nino
750 2900 1041 2963 solvimus;
1070 2903 1161 2953 sed
1200 2904 1491 2954 secundum
1524 2903 1811 2953 humanum
1848 2901 2180 2954 ratiocinium

595 2994 806 3061 propria
834 2994 1017 3046 talium
1043 2994 1235 3047 solutio
1270 2994 1398 3047 lides
1438 3005 1548 3059 est;
1592 2996 1730 3047 scire
1769 3010 1977 3063 nempe,
2019 2995 2181 3047 Deum

598 3085 774 3136 omnia
803 3085 974 3149 iuste,
1020 3085 1245 3151 benigne
1275 3095 1327 3138 et
1362 3087 1562 3137 utiliter
1595 3084 1789 3146 facere,
1822 3100 1993 3153 neque
2025 3100 2183 3154 posse

599 3174 716 3239 ejus
772 3175 1029 3228 rationem
1083 3177 1485 3244 comprehendi.
1540 3176 1663 3229 llaec
1702 3193 1801 3229 una
1844 3177 2037 3230 solutio
2075 3186 2178 3240 est,

595 3282 763 3335 neque
794 3267 893 3318 alia
929 3268 1119 3321 melior
1164 3271 1407 3326 habetur.
1442 3270 1570 3335 Qua:
1603 3271 1767 3333 enim,
1799 3284 1999 3338 qiueso,
2033 3270 2182 3323 solu-

596 3362 669 3411 tio
700 3371 779 3412 cst
802 3365 824 3411 ’ί
849 3359 1078 3412 Omnino
1108 3377 1209 3413 ιιοιι
1247 3362 1379 3414 ultra
1404 3376 1645 3429 quu'rere
1675 3361 1745 3421 id,
1778 3361 1914 3426 qtmd
1945 3361 2181 3413 solutum

599 3462 701 3503 est.
733 3450 785 3503 Si
819 3451 917 3503 hoc
949 3451 1041 3503 tibi
1088 3452 1414 3520 persuadeas
1437 3495 1450 3515 ,
1495 3468 1686 3519 nempe
1718 3452 2043 3520 providentia
2087 3451 2180 3505 Dei

594 3540 772 3591 omnia
816 3540 1198 3600 administrari.
1245 3542 1333 3610 qui
1385 3542 1488 3594 alia
1534 3543 1790 3611 permittit
1831 3557 1930 3611 qua
1976 3542 2182 3595 ratione

594 3634 708 3702 ipse
735 3634 900 3698 novit,
931 3636 1030 3688 alia
1070 3645 1245 3689 autem
1292 3645 1563 3704 Operatun,
1593 3636 1659 3689 ab
1698 3636 1842 3689 onmi
1883 3635 2178 3703 quzestione

1334 404 1391 459 S.
1424 397 1697 457 JO.\N;\'IS
1735 389 2209 450 CIIRYSOSTOMI
2236 387 2552 444 AltClllEl’.
2594 384 3127 440 CONSTANTINOP.
3780 384 3875 437 lo‘l

2288 506 2538 560 liberatus
2567 518 2647 569 es,
2676 514 2729 556 et
2772 504 3054 557 solutionis
3090 502 3293 556 lucrum
3328 501 3635 571 pereepisti.
3680 500 3784 554 Sed
3816 502 3885 552 ad

2287 596 2623 666 propositqu
2655 606 3010 651 revertamur.
3042 598 3172 662 Quia
3203 597 3364 665 igitur
3388 596 3536 647 vides
3560 605 3638 648 tot
3668 597 3718 647 in
3752 610 3890 661 sup-

2287 688 2453 758 plieiis
2480 703 2620 753 esse,
2656 688 2932 757 Deumque
2978 687 3092 741 lure
3132 690 3308 743 ouinia
3355 698 3708 756 pernnttere:
3742 691 3891 740 vale-

2285 778 2467 834 tudine
2496 780 2740 847 corporis
2770 790 2919 833 ntere
2940 780 3004 831 ad
3029 780 3222 833 auium
3252 778 3633 833 valetudinem.
3664 777 3769 832 Sed
3800 777 3891 831 di-

2283 888 2374 927 ces
2401 891 2415 925 :
2447 872 2582 939 Quid
2614 872 2742 926 mihi
2772 888 2907 941 Opus
2948 882 3030 925 est
3070 872 3343 925 laboribus
3387 880 3443 926 et
3487 871 3722 932 miseria,
3760 885 3890 923 cum

2286 966 2415 1019 mihi
2445 966 2602 1020 liceat
2622 964 2800 1019 omnia
2830 965 2945 1018 sine
2976 965 3159 1018 labore
3190 964 3441 1017 solvere?
3471 963 3583 1022 lloc
3608 974 3751 1016 certe
3775 978 3892 1015 non

2288 1057 2625 1111 manifestum
2675 1067 2778 1111 est.
2828 1055 3097 1123 Contingit
3139 1058 3282 1109 enim
3323 1067 3379 1107 ut
3425 1074 3527 1107 non
3576 1054 3739 1108 modo
3778 1069 3889 1105 non

2286 1151 2403 1202 sine
2432 1148 2613 1201 labore
2634 1147 2830 1211 solvas,
2866 1147 2957 1200 sed
2986 1148 3145 1200 etiam
3177 1155 3227 1197 ut
3256 1146 3507 1198 ouinibns
3533 1154 3759 1198 oiiiistus
3786 1143 3891 1195 de-

2287 1239 2464 1293 cedas.
2493 1238 2758 1292 Caeterum
2791 1238 3001 1292 etiamsi
3038 1237 3136 1289 hoc
3168 1237 3510 1289 manifestum
3543 1246 3691 1289 esset
3716 1278 3728 1299 ,
3777 1248 3888 1287 non

2232 1352 2235 1353 ν
2289 1329 2539 1383 ferendus
2572 1340 2746 1383 tamen
2778 1329 2863 1383 hic
2891 1344 3071 1383 Sermo
3094 1336 3255 1382 essu‘t.
3291 1328 3343 1395 In
3365 1326 3654 1380 certamina
3683 1326 3889 1380 traxit:

2287 1438 2433 1476 arma
2476 1422 2645 1491 posita
2685 1432 2808 1474 sunt
2850 1437 3031 1474 aurea.
3080 1420 3212 1475 Cum
3249 1429 3525 1490 oporteret
3552 1421 3635 1472 illa
3670 1436 3892 1473 sumere

2289 1526 2344 1569 et
2390 1525 2639 1579 tractare,
2686 1526 2739 1568 tu
2792 1516 2868 1569 vis
2922 1514 3176 1583 inglorius
3220 1515 3447 1579 sei-tari,
3482 1513 3719 1581 nihilque
3761 1512 3891 1565 boni

2289 1610 2521 1677 operari.
2556 1608 2650 1663 Dic
2680 1608 2829 1671 mihi,
2852 1609 2893 1663 si
2926 1609 3120 1661 bellmn
3148 1610 3390 1671 instaret,
3422 1623 3621 1677 rexque
3648 1607 3887 1670 adesset,

2290 1714 2344 1757 et
2376 1704 2511 1757 alios
2551 1706 2760 1758 videres
2793 1705 2842 1757 in
2892 1704 3095 1757 medias
3140 1705 3429 1773 phalangas
3474 1718 3534 1755 se
3572 1702 3891 1761 innnittere.

2288 1796 2558 1849 easdentcs
2595 1803 2649 1848 et
2691 1796 3000 1848 innumeros
3028 1794 3336 1849 vulneribus
3376 1794 3694 1857 allicientes,
3725 1794 3895 1849 alios-

2290 1903 2393 1957 que
2422 1890 2471 1942 in
2505 1889 2771 1956 singulare
2792 1899 3061 1943 certamen
3085 1890 3492 1955 descendentes,
3526 1890 3660 1943 alios
3682 1891 3893 1943 saltan-

2293 1992 2393 2045 tes,
2423 1983 2556 2035 alios
2586 1998 2754 2050 equos
2786 1983 3071 2051 agitantes,
3097 1998 3124 2033 a
3159 1998 3282 2051 rege
3313 1982 3537 2042 laudari,
3568 1984 3617 2035 in
3650 1982 3894 2036 admira-

2294 2074 2435 2127 tione
2479 2074 2681 2134 haberi,
2720 2073 2991 2141 plausibus
3022 2075 3217 2140 excipi,
3266 2076 3545 2139 eor0nari;
3590 2076 3726 2127 alios
3756 2089 3895 2127 Cou-

2296 2175 2400 2225 tra,
2433 2167 2519 2233 qui
2552 2174 2796 2233 optarent
2828 2164 2956 2217 nihil
2992 2166 3113 2217 mali
3146 2166 3272 2233 pati.
3313 2176 3365 2219 et
3402 2166 3617 2218 ultimos
3648 2175 3892 2219 tenerent

2293 2257 2508 2310 ordines
2532 2275 2547 2312 :
2580 2257 2879 2325 deindeque
2902 2258 3075 2311 soluto
3105 2258 3264 2322 bello,
3293 2258 3429 2311 alios
3454 2258 3654 2320 voc-ari,
3685 2257 3896 2327 magnis

2294 2348 2607 2402 muneribus
2640 2348 2832 2417 excipi,
2868 2357 2920 2401 et
2949 2350 3242 2409 eelebrari;
3292 2350 3502 2402 illorum
3529 2363 3658 2402 vero
3686 2365 3753 2402 ne
3792 2364 3894 2401 no-

2293 2456 2412 2493 men
2446 2438 2661 2509 quidem
2688 2441 2933 2509 proferri,
2964 2440 3058 2494 sed
3086 2457 3241 2493 unam
3270 2441 3495 2495 salutem
3525 2441 3772 2509 accipere
3799 2440 3899 2493 bo-

2293 2548 2483 2585 norqu
2526 2532 2829 2587 mercedem
2864 2551 2875 2586 :
2910 2548 2977 2587 ex
3011 2540 3253 2586 utrormu
3289 2548 3514 2586 innuero
3540 2547 3662 2586 esse
3690 2532 3897 2586 velles?

2294 2622 2512 2675 Etiamsi
2550 2622 2791 2691 lapideus
2815 2638 2985 2687 esses,
3019 2624 3226 2677 etiamsi
3259 2622 3661 2677 insensibilibus
3702 2633 3758 2676 et
3808 2622 3895 2675 in-

2294 2714 2543 2766 animatis
2577 2714 2848 2782 ignavior;
2892 2730 3071 2768 annon
3100 2714 3296 2767 millies
3337 2725 3551 2782 optares
3583 2730 3646 2767 ex
3680 2714 3895 2768 illorum

2294 2820 2519 2858 numero
2546 2806 2708 2860 esse?
2752 2807 2921 2860 Etiam
2960 2821 3057 2859 oro
3096 2816 3149 2861 et
3178 2807 3424 2860 obsecro.
3478 2807 3697 2859 Etiamsi
3747 2808 3895 2859 enim

2293 2908 2616 2967 pugnantem
2647 2898 2839 2953 cadere
2866 2908 3162 2967 oporteret,
3188 2915 3363 2953 annon
3390 2900 3517 2954 illud
3541 2910 3757 2954 strenue
3778 2910 3898 2955 erat

2290 2993 2636 3062 eligendum?
2666 2992 2779 3046 Non
2818 2992 2969 3047 vides
2999 3007 3112 3055 eos,
3143 2994 3231 3061 qui
3280 2994 3330 3045 in
3371 2994 3453 3046 bis
3485 2993 3637 3047 bellis
3669 2993 3895 3054 cadunt.

2289 3100 2448 3154 quam
2480 3086 2587 3139 siut
2616 3086 2747 3138 clari
2780 3095 2833 3139 et
2872 3086 3138 3155 gloriosi?
3175 3086 3334 3154 Atqui
3376 3095 3494 3154 post
3523 3096 3751 3139 mortem
3785 3102 3898 3141 non

2293 3186 2519 3245 possunt
2547 3194 2575 3229 a
2608 3193 2734 3248 rege
2766 3179 3038 3232 honorari.
3071 3180 3125 3233 In
3158 3181 3247 3233 illo
3273 3189 3453 3233 autem
3488 3180 3627 3233 bello
3658 3179 3790 3234 nihil
3818 3191 3901 3234 ta-

2294 3267 2365 3332 Ie,
2394 3268 2489 3322 sed
2520 3269 2738 3321 omnino
2766 3271 3089 3339 conspicuus
3111 3271 3239 3335 eris,
3269 3272 3312 3324 si
3341 3273 3619 3325 cicatrices
3648 3271 3851 3325 habeas
3882 3290 3898 3325 :

2288 3375 2420 3429 quas
2438 3362 2640 3415 utinam
2660 3378 2756 3415 nos
2773 3380 2961 3416 omnes
2977 3363 3235 3417 exhibere
3259 3364 3545 3430 possimus.
3567 3365 3726 3417 etiam
3742 3374 3899 3419 extra

2290 3457 2755 3523 persequutiones,
2782 3456 2833 3508 in
2855 3455 3072 3510 Christo
3098 3456 3225 3511 Jesu
3266 3456 3495 3510 Domino
3536 3466 3749 3521 nostro,
3777 3458 3903 3526 qui.

2288 3561 2407 3599 cum
2432 3548 2568 3600 Patri
2592 3557 2644 3601 et
2671 3548 2889 3615 Spiritui
2913 3559 3102 3601 sancto
3131 3548 3317 3617 gloria,
3353 3548 3662 3616 imperium,
3696 3546 3899 3615 honor,

2293 3653 2433 3691 nunc
2463 3648 2517 3692 et
2546 3653 2782 3707 semper,
2827 3648 2881 3692 et
2925 3640 2976 3692 in
3019 3640 3214 3693 saecula
3246 3640 3589 3694 satculorutn.
3624 3642 3821 3694 Amen.

1985 3844 2333 3905 HOMILIA
2368 3845 2609 3905 XXIV.

593 4006 719 4060 CAP.
755 4008 839 4061 10.
872 4024 919 4060 v.
952 4008 1039 4062 ΑΗ.
1069 4008 1245 4061 Adhuc
1276 4010 1505 4079 loquente
1537 4006 1689 4060 Petro
1726 4007 1871 4060 verba
1902 4008 2028 4071 haec,
2058 4008 2185 4059 crci-

667 4100 740 4152 dit
768 4100 992 4170 Spiritus
1030 4116 1233 4155 sanctus
1270 4118 1421 4169 super
1459 4118 1632 4154 omnes
1659 4102 1744 4170 qui
1777 4102 2046 4154 audiebant
2076 4117 2184 4153 ver-

667 4194 800 4247 bum.
832 4198 920 4249 45.
956 4195 1022 4248 Et
1052 4197 1414 4265 obstupuerunt
1457 4213 1519 4249 ex
1563 4196 1939 4249 circumcisione
1986 4196 2177 4261 ﬁdeles,

668 4288 753 4353 qui
792 4298 1023 4340 venerant
1067 4306 1178 4340 cum
1221 4288 1389 4349 Petro,
1423 4289 1539 4357 quia
1568 4298 1613 4340 et
1643 4289 1693 4340 iu
1735 4289 1961 4340 nationes
1992 4288 2183 4337 donum

676 4379 899 4445 Spiritus
928 4381 1085 4432 sancti
1112 4379 1325 4445 e/Tusum
1356 4391 1425 4433 est
1451 4396 1468 4431 :
1498 4381 1583 4433 46.
1614 4381 1885 4432 audiebant
1912 4380 2041 4432 enim
2068 4380 2183 4432 illos

669 4474 925 4541 loquentes
952 4474 1158 4542 linguis,
1189 4484 1233 4525 et
1263 4474 1644 4542 magniﬁcnntcs
1674 4473 1855 4525 Deum.

668 4565 717 4617 1.
774 4564 900 4616 Vide
952 4565 1042 4618 Dei
1090 4565 1467 4619 meonomiam.
1519 4565 1633 4617 Non
1684 4566 1923 4633 permisit
1978 4564 2181 4617 absolvi

593 4671 914 4716 sermonem,
951 4671 1122 4724 neque
1147 4672 1209 4710 ex
1246 4665 1515 4725 praecepto
1540 4657 1679 4709 Petri
1704 4656 2024 4724 baptismum
2043 4655 2179 4719 dari;

596 4745 686 4797 sed
720 4746 837 4812 quia
869 4759 1099 4800 mentem
1132 4748 1454 4801 exhibebant
1495 4748 1812 4805 mirabilem,
1842 4756 1894 4801 et
1924 4749 2180 4801 doctrinae

598 4838 911 4903 piineipium
943 4852 1274 4907 acceperant,
1300 4842 1693 4909 credebantque
1719 4841 2035 4907 baptismum
2062 4856 2181 4894 esse

598 4931 965 4984 remissionem
994 4944 1354 4999 peccatorum,
1391 4946 1513 4987 tunc
1540 4936 1753 4989 advenit
1784 4936 2031 5002 Spiritus.
2069 4936 2181 4988 Iloc

596 5032 772 5073 autem
806 5022 981 5083 iielutt,
1016 5026 1135 5091 quia
1174 5026 1308 5076 Deus
1342 5026 1719 5092 proSpiciebat,
1755 5036 1809 5078 ut
1842 5028 2029 5079 Petrus
2063 5042 2179 5079 ma-

594 5128 752 5180 gnam
780 5113 1139 5168 defensionem
1178 5117 1409 5170 haberet.
1461 5118 1574 5171 Non
1617 5118 1774 5170 modo
1817 5126 1990 5170 autem
2025 5119 2182 5187 Spiri-

597 5215 705 5255 tum
739 5206 1023 5270 accipiunt,
1062 5207 1151 5260 sed
1181 5209 1369 5272 linguis
1407 5210 1777 5277 loquebantur,
1810 5210 1859 5261 id
1888 5208 2027 5278 quod
2062 5223 2175 5271 eOs,

596 5297 682 5364 qui
716 5310 1097 5360 convenerant,
1141 5300 1512 5367 Oltsttlpt'lCCll.
1546 5302 1652 5354 Cur
1687 5302 1753 5353 ita
1792 5317 1873 5354 res
1906 5302 2183 5370 dispensa-

598 5394 717 5440 tur?
746 5391 966 5457 l'ropter
996 5393 1207 5446 Judaeos
1236 5414 1247 5447 :
1274 5396 1469 5447 etenim
1506 5396 1603 5447 hoc
1636 5395 1739 5447 illis
1766 5410 2012 5462 perosum
2044 5405 2177 5449 erat.

601 5481 720 5533 Ideo
762 5484 951 5553 ubique
992 5502 1017 5538 a
1057 5487 1162 5540 Deo
1203 5497 1366 5539 totum
1398 5487 1643 5539 eflicitur.
1698 5489 1757 5540 Et
1799 5489 1987 5542 Petrus
2028 5490 2177 5556 quasi

596 5572 816 5625 fortuito
845 5577 1008 5639 adest,
1038 5578 1239 5631 docens
1260 5588 1507 5646 oportere
1527 5580 1741 5632 demum
1770 5581 1883 5631 illos
1908 5581 1968 5633 ad
1994 5593 2179 5647 gentes

591 5668 872 5732 accedere,
903 5682 949 5719 et
983 5672 1120 5738 quod
1156 5685 1372 5740 propter
1402 5689 1495 5723 eos
1524 5672 1572 5725 id
1600 5672 1709 5723 ﬁeri
1745 5690 1835 5740 par
1856 5675 1922 5725 sit
1958 5692 1967 5724 :
2008 5691 2179 5741 neque

594 5761 826 5815 mireris.
860 5763 985 5813 (ἷιιιιι
1020 5766 1159 5816 enim
1210 5776 1323 5832 post
1362 5775 1524 5825 tanta,
1559 5776 1609 5819 et
1642 5767 1898 5818 (;:L‘5.lr0;13
1930 5781 1981 5820 et
2022 5766 2175 5819 λιιι-ο-

596 5853 814 5921 soltmis
844 5856 1207 5909 controversia
1241 5858 1413 5913 luerit.
1452 5857 1574 5925 quid
1610 5876 1711 5910 non
1745 5860 1937 5911 illt'l'tlll
1972 5860 2173 5913 luisset.

2282 4007 2337 4061 ~si
2381 4009 2492 4061 haec
2534 4026 2639 4061 non
2682 4008 3004 4079 subsequnta
3034 4014 3254 4065 essent?
3288 4013 3409 4067 ideo
3440 4014 3551 4068 lucc
3593 4016 3755 4069 modo
3786 4018 3902 4074 sin.

2290 4099 2459 4168 gulari
2494 4099 2646 4153 fiunt.
2682 4099 2815 4155 Vide
2850 4110 3030 4155 autem
3074 4106 3342 4171 quomodo
3376 4104 3567 4158 Petrus
3606 4110 3902 4165 oecasione

2289 4204 2506 4262 accepta
2531 4209 2591 4249 se
2619 4194 2892 4249 defendat.
2932 4198 3083 4262 Quod
3112 4209 3287 4251 autem
3334 4210 3451 4267 post
3485 4200 3625 4252 illam
3660 4204 3903 4255 occasio-

2290 4300 2413 4338 nem
2444 4286 2782 4353 respondeat,
2827 4288 2949 4340 audi
2979 4292 3357 4357 evangelistam
3389 4302 3696 4346 narrantem
3724 4305 3778 4347 et
3808 4298 3902 4349 di-

2288 4387 2500 4431 centem
2530 4395 2543 4429 :
2577 4380 2663 4431 47.
2700 4378 2839 4432 Tunc
2869 4384 3127 4449 respondit
3154 4382 3335 4437 Petrus
3371 4403 3389 4438 :
3418 4384 3685 4455 Numquid
3708 4404 3901 4455 aquom

2289 4470 2399 4535 quis
2430 4470 2692 4539 prohibere
2715 4482 2896 4536 potest,
2942 4483 2993 4524 ut
3022 4491 3120 4526 non
3152 4476 3467 4541 buptizculur
3497 4479 3567 4541 lii,
3600 4480 3688 4547 qui
3713 4481 3899 4546 Spiri-

2290 4571 2394 4613 tum
2422 4572 2647 4614 sanctum
2678 4576 2998 4633 acceperunt,
3028 4568 3159 4619 sicut
3188 4578 3232 4619 ct
3261 4570 3389 4621 nos?
3419 4568 3609 4623 Viden'
3637 4588 3744 4640 quo
3775 4589 3898 4629 rem

2289 4652 2524 4717 deduxit,
2550 4662 2603 4707 et
2624 4670 2780 4723 quam
2805 4666 3024 4723 cuperet
3053 4658 3151 4712 hoc
3175 4659 3408 4714 efferre?
3453 4661 3539 4715 Sic
3567 4663 3898 4729 jamdudum

2289 4744 2338 4797 in
2369 4746 2546 4797 animo
2578 4744 2826 4798 habebat.
2865 4745 3128 4816 Numquid
3158 4767 3361 4819 nquam,
3403 4752 3597 4821 inquit,
3631 4755 3743 4821 quis
3770 4773 3904 4822 pro-

2289 4839 2456 4890 hibere
2494 4840 2700 4905 potest?
2734 4840 2842 4892 lloc
2890 4840 3001 4893 fere
3034 4852 3115 4893 cst
3164 4843 3489 4912 insurgentis
3533 4846 3582 4897 in
3630 4840 3756 4905 eos.
3797 4854 3897 4916 qui

2292 4931 2655 4997 prohiberent,
2687 4949 2745 4985 ac
2774 4933 3016 4986 dicerent
3056 4935 3154 4988 hoc
3197 4953 3298 4988 non
3341 4950 3589 5003 oportere
3618 4938 3752 4991 lieri.
3784 4940 3890 4994 To-

2290 5032 2396 5075 tum
2428 5023 2619 5077 factum
2644 5036 2749 5085 ρει,
2784 5026 2971 5093 inquit,
2998 5028 3137 5095 quod
3164 5029 3331 5096 magis
3358 5032 3721 5084 necessarimn
3746 5048 3890 5093 erat.

2288 5116 2545 5183 baptisma
2578 5133 2789 5184 nempe,
2817 5134 2922 5186 quo
2952 5134 3045 5173 nos
3082 5122 3326 5188 baptizati
3356 5136 3561 5172 smnus.
3595 5122 3685 5176 48.
3721 5123 3895 5178 Jussit

2285 5207 2399 5260 illos
2439 5208 2685 5275 baptizari
2730 5210 2781 5260 in
2814 5212 3012 5263 nomine
3040 5210 3162 5263 Jcsu
3195 5213 3398 5264 Christi.
3451 5213 3737 5282 Postquam
3768 5231 3896 5273 sese

2288 5304 2549 5369 ριινμτιιὶι,
2603 5302 2759 5370 jussit
2806 5304 2923 5356 illos
2972 5305 3250 5373 baptizari,
3303 5306 3421 5359 illos
3468 5322 3561 5374 per
3609 5322 3696 5359 res
3744 5308 3896 5375 ipsas

2286 5394 2570 5447 instituens
2608 5413 2617 5445 :
2664 5396 2795 5448 adeo
2832 5412 3013 5462 perosa
3063 5414 3147 5449 res
3190 5405 3303 5450 erat
3334 5398 3555 5451 .luda-is.
3590 5398 3715 5452 Ideo
3739 5401 3893 5467 prius

2284 5502 2403 5538 sese
2439 5496 2645 5552 purgat,
2680 5489 2921 5552 quamvis
2973 5505 3060 5544 res
3104 5492 3230 5557 ipsae
3284 5492 3609 5550 clamarent,
3656 5502 3711 5544 et
3758 5502 3892 5548 tunc

2286 5581 2557 5647 prmi-cpit.
2581 5579 2724 5631 Tunc
2742 5592 3042 5651 rogaverunt
3070 5600 3200 5645 eum,
3232 5594 3285 5635 ut
3310 5595 3531 5637 maneret
3562 5584 3755 5642 aliquot
3780 5590 3891 5641 die-

2285 5673 2389 5723 bus.
2425 5671 2553 5723 llinc
2578 5674 2697 5738 jure
2726 5672 2812 5725 ille
2838 5689 2956 5726 cum
2980 5674 3166 5726 fiducia
3192 5686 3389 5727 manet.
3421 5675 3755 5745 (Cap.ll.)l.
3780 5684 3889 5731 ,1η-

2283 5768 2481 5817 dierunt
2512 5777 2677 5817 autem
2720 5767 2937 5835 apostoli
2976 5778 3020 5819 et
3050 5771 3251 5837 fratres,
3286 5770 3370 5834 qui
3412 5780 3551 5820 erant
3584 5770 3635 5821 in
3671 5769 3886 5837 Judtra,

2282 5858 2519 5918 quoniam
2557 5868 2602 5910 et
2634 5869 2799 5925 gentes
2837 5870 3126 5925 receperunt
3160 5861 3359 5913 rcrlmm
3396 5859 3488 5913 Dri
3542 5861 3592 5913 ἓ.
3629 5860 3754 5912 Cum
3788 5883 3885 5916 ειεις
