4094 6544
181 472 281 528 185

174 587 746 658 γεγάι,,ασ;,ιι›οδὴοητι
787 587 845 641 τὸ
875 583 967 640 τοῦ
1023 583 1306 657 μέλλοντος
1356 584 1572 655 ἄδηλον.
1617 585 1704 646 Ὠς
1742 582 1865 635 κλέ-

178 692 321 746 πτης
353 677 408 729 ἐν
449 676 628 740 νυκτὶ,
677 676 848 740 οὓτως
897 675 1116 744 ἔρχεται
1144 676 1172 726 6
1200 673 1462 736 θάνατος’
1522 672 1641 724 οὐδὲ
1681 670 1867 733 ἁπλῶς

176 765 254 827 ὡς
284 763 546 832 κλέπτης,
593 763 730 816 ἀλλὰ
770 762 1140 816 καθευδόντων
1198 761 1355 831 ἡμῶν
1410 758 1732 820 ἐπιτίθεται,
1775 758 1868 811 καὶ

179 850 565 921 ῥᾳθυμοῦντας
595 850 779 903 λαϐὼν
809 851 1016 904 ἄπεισι.
1081 849 1179 902 Διὰ
1213 849 1371 901 τοῦτο
1400 846 1594 916 ἄδηλον
1643 846 1868 914 ἐποίησε

173 939 236 992 τὸ
267 940 460 1009 μέλλον
493 940 522 992 6
551 938 702 1002 Θεὸς,
753 939 840 991 ἵνα
874 938 961 991 ἀεὶ
993 936 1071 1007 τῷ
1100 938 1200 1008 τῆς
1234 934 1564 1006 προσδοκίας
1598 934 1781 1004 ἀδήλῳ
1809 934 1868 984 ἐν

175 1027 344 1097 ἀρετῇ
371 1027 670 1097 διάγωμεν.
705 1024 866 1078 Ἀλλά
898 1024 1280 1096 φιλάνθρωπός
1323 1024 1461 1084 ἐστι,
1500 1022 1656 1092 φησί.
1691 1019 1870 1090 Μέχρι

175 1111 306 1165 πότε
346 1113 405 1165 τὸ
442 1111 651 1182 ψυχρὸν
702 1110 860 1164 τοῦτο
900 1111 1055 1182 ῥῆμα
1104 1110 1195 1163 καὶ
1248 1107 1658 1176 καταγέλαστον
1717 1105 1873 1174 λέγο-

179 1216 307 1269 μεν;
367 1198 512 1267 Ἐγὼ
557 1200 656 1269 οὐχ
713 1199 794 1253 ὅτι
857 1197 1236 1268 φιλάνθρωπός
1298 1200 1447 1250 ἐστιν
1483 1198 1511 1249 6
1565 1195 1698 1257 Θεὸς
1727 1192 1872 1262 λέγω

178 1289 340 1358 μόνον
391 1289 485 1343 καὶ
541 1289 824 1359 παύομαι’
885 1288 1000 1341 ἀλλ’
1050 1288 1133 1339 ὅτι
1178 1286 1334 1341 οὐδὲν
1361 1284 1871 1356 φιλανθρωπότερον

176 1377 367 1440 αὑτοῦ,
404 1376 499 1430 καὶ
532 1376 615 1428 ὅτι
645 1377 931 1449 χρησίμως
976 1374 1194 1428 ἅπαντα
1219 1373 1290 1427 τὰ
1322 1374 1444 1427 καθ’
1484 1373 1631 1443 ἡμᾶς
1666 1371 1875 1424 οἰκονο-

179 1467 288 1534 μεῖ.
324 1463 530 1526 Πόσους
562 1464 693 1534 ὁρᾷς
718 1465 776 1515 ἐν
826 1462 1016 1533 ἡλικίᾳ
1065 1461 1215 1532 πάσῃ
1247 1461 1503 1530 ἐλέφαντι
1545 1459 1870 1526 διάγοντας;

177 1550 380 1613 πόσους
406 1551 516 1604 άπὸ
537 1552 759 1622 πρώτης
787 1548 1006 1621 ἡλικίας
1032 1549 1448 1619 τυφλώττοντας
1473 1547 1635 1619 μέχρι
1661 1546 1870 1616 γήρως,

175 1636 373 1700 ἄλλους
406 1638 464 1689 ἐν
499 1637 746 1708 πηρώσει
799 1636 938 1708 μετὰ
965 1636 1139 1690 ταῦτα
1169 1636 1521 1707 γενομένους,
1573 1633 1764 1696 ἄλλους
1815 1633 1874 1684 ἐν

177 1725 367 1796 πενίᾳ,
396 1725 589 1788 ἄλλους
623 1727 680 1777 ἐν
710 1724 952 1795 δεσμοῖς,
986 1724 1206 1793 ἐτέρους
1239 1725 1296 1776 ἐν
1327 1722 1632 1793 μετάλλοις,
1679 1718 1876 1782 ἄλλους

175 1811 314 1881 ὁμοῦ
363 1812 847 1882 ,καταχωσθένταῇ
908 1811 1202 1876 άλλουςέν
1258 1809 1518 1881 πολέμοις
1568 1805 1877 1862 ἀναλωθέν-

175 1917 276 1964 τας
405 1901 588 1954 Ταῦτα
620 1901 718 1954 ούκ
745 1901 859 1954 ἔστι
899 1900 1346 1972 φιλανθρωπίας;
1379 1899 1503 1952 εἰπέ
1541 1915 1669 1969 μοι·
1703 1895 1878 1950 ταῦτα

179 1989 284 2044 οὐκ
338 1991 561 2046 ἐδύνατο
599 1993 861 2059 κωλῦσαι,
895 1994 945 2045 εἰ
992 1993 1294 2064 ἡθέλησεν;
1332 1991 1451 2044 ἀλλ’
1486 1991 1701 2061 ἀφίησι.
1746 1989 1874 2055 Ναὶ,

181 2078 338 2150 φησί.
389 2081 461 2133 Σὺ
511 2080 568 2132 δὲ
602 2079 722 2132 είπέ
753 2098 864 2151 μοι,
887 2081 976 2134 διά
1001 2080 1054 2133 τί
1083 2080 1131 2132 οί
1175 2081 1239 2133 ἐκ
1268 2079 1494 2151 πρώτης
1527 2077 1738 2149 ἡλικίας
1783 2093 1880 2128 τυ-

179 2166 342 2236 φλοίς
405 2168 518 2221 Οὐκ
571 2167 704 2239 ἐρῶ,
741 2167 846 2229 ἓως
877 2168 944 2222 ἂν
998 2167 1210 2240 ὑπόσχῃ
1245 2185 1357 2238 μοι,
1388 2167 1471 2220 ὅτι
1507 2166 1741 2236 φωτίζῃ,
1797 2165 1879 2217 ὅτι

178 2255 476 2324 φωτισθεὶς
521 2255 656 2324 βιοῖς
692 2257 888 2327 ὀρθῶς.
926 2254 1078 2328 [191]
1117 2258 1191 2310 Οὐ
1221 2256 1378 2327 Θέμις
1418 2272 1502 2309 σοι
1537 2255 1606 2308 τὰ
1650 2253 1880 2307 τοιαῦτα

180 2343 526 2397 ἐπιλύεσθαι·
546 2346 607 2397 ού
639 2345 747 2416 γὰρ
771 2344 835 2416 δὴ
863 2345 1024 2416 μέχρι
1040 2345 1286 2416 τέρψεως
1318 2348 1468 2398 ἐστιν
1501 2346 1529 2398 6
1557 2345 1736 2414 λόγος.
1761 2342 1881 2397 Κᾶν

177 2430 294 2501 γὰρ
326 2430 484 2485 τοῦτο
514 2433 682 2498 λύσω,
715 2433 899 2502 ἕτερον
924 2434 1306 2504 ἐπεισέρχεται
1340 2431 1562 2505 ζήτημα
1584 2448 1596 2461 ⁸
1646 2431 1883 2494 ἄϐυσσος

177 2519 292 2590 γάρ
325 2519 442 2582 ἐστι
487 2518 820 2591 ζητημάτων
848 2522 881 2591 ἡ
910 2519 1123 2593 Γραφή.
1168 2521 1332 2574 Ὥστε
1371 2520 1448 2591 μὴ
1487 2520 1648 2591 μόνον
1673 2518 1883 2583 ἐθίζετε

180 2607 417 2670 ἑαυτοὺς
452 2607 588 2677 πρὸς
624 2606 687 2660 τὸ
719 2607 873 2661 λύσιν
919 2608 1127 2681 ζητεῖν,
1181 2608 1320 2663 ἀλλά
1356 2608 1452 2662 καὶ
1514 2606 1651 2678 πρὸς
1706 2606 1769 2659 τὸ
1808 2605 1883 2676 μὴ

181 2695 370 2764 ζητεῖν
395 2693 446 2747 δ.
495 2695 648 2748 Ἐπεὶ
698 2696 952 2749 οὐδέποτε
999 2696 1315 2767 στησόμεθα
1373 2695 1689 2766 ζητοῦντες.
1751 2693 1884 2746 Ἰδοὺ

179 2783 316 2854 γάρ,
364 2783 430 2838 ἂν
465 2782 620 2836 τοῦτο
645 2783 813 2850 λύσω,
854 2785 1052 2855 μυρίας
1100 2785 1327 2854 νιφάδας
1357 2781 1687 2836 ἐπιδεικνύω
1717 2780 1888 2852 ζητη-

185 2872 397 2941 μάτων.
436 2872 601 2925 Ὥστε
654 2871 1013 2943 μανθάνωμεν
1049 2872 1247 2943 μᾶλλον
1300 2869 1460 2926 τοῦτο
1493 2870 1698 2942 ζητεῖν,
1730 2869 1764 2940 ἢ
1816 2868 1889 2921 τά

181 2955 496 3029 ζητηθέντα
523 2958 694 3013 λύειν.
749 2958 887 3013 Ούτε
921 2960 1050 3030 γάρ,
1083 2961 1176 3013 ἐάν
1207 2958 1482 3030 λύσωμεν,
1521 2958 1738 3021 πάντως
1765 2954 1888 3008 ἐλύ-

185 3062 402 3118 σαμεν·
463 3045 600 3101 ἀλλά
656 3047 797 3102 κατὰ
846 3047 1188 3119 ἀνθρώπινον
1225 3048 1486 3118 λογισμὸν
1543 3046 1719 3100 οἰκεία
1777 3045 1888 3100 τῶν

181 3133 450 3188 τοιούτων
485 3133 640 3199 λύσις
685 3137 717 3206 ἡ
768 3134 951 3198 πίστις
985 3136 1127 3200 ἐστὶ,
1184 3134 1245 3188 τὸ
1298 3135 1521 3198 εἰδέναι,
1571 3136 1652 3188 ὅτι
1708 3135 1887 3189 πάντα

183 3219 416 3285 δικαίως
479 3223 576 3275 καὶ
629 3222 1028 3293 φιλανθρώπως
1077 3223 1106 3275 6
1162 3223 1293 3286 Θεὸς
1345 3225 1439 3278 καὶ
1499 3224 1888 3294 συμφερόντως

183 3312 374 3364 ποιεῖ’
431 3312 512 3365 ὅτι
564 3312 893 3366 καταλαϐεῖν
925 3311 1106 3366 αὐτῶν
1137 3313 1228 3366 τὸν
1285 3311 1444 3381 λόγον
1488 3313 1589 3365 οὐκ
1637 3312 1737 3366 ενι.
1770 3312 1886 3366 Μία

183 3398 347 3462 λύσις
368 3399 530 3470 αῦτη,
566 3401 659 3454 καὶ
680 3400 885 3472 ταύτης
911 3401 1152 3472 ἀμείνων
1172 3402 1338 3471 ἑτέρα
1367 3402 1467 3455 οὐκ
1491 3401 1627 3455 ἐστι.
1661 3402 1727 3454 Τί
1752 3401 1883 3472 γάρ,

186 3487 317 3541 εἰπέ
344 3505 457 3557 μοι,
487 3490 588 3560 τῆς
623 3489 831 3553 λύσεως
869 3491 1063 3561 ἐργον;
1122 3490 1348 3555 Πάντως
1390 3491 1590 3562 μηκέτι
1617 3490 1802 3562 ζητεῖν
1829 3489 1890 3543 τὸ

184 3577 374 3632 λυθέν.
407 3577 528 3632 Κάν
557 3578 713 3632 τοῦτο
743 3579 939 3651 πείσῃς
970 3578 1188 3646 σαυτὸν,
1219 3581 1301 3632 ὅτι
1349 3579 1579 3652 προνοίᾳ
1625 3579 1762 3633 Θεοῦ
1820 3579 1890 3632 τά

188 3664 375 3718 πάντα
427 3665 734 3727 διοικεῖται.
768 3666 839 3719 τά
870 3667 967 3738 μὲν
1015 3666 1428 3738 συγχωροῦντος
1480 3667 1546 3719 δι’
1581 3667 1637 3720 δν
1664 3663 1773 3720 οἶδε
1805 3666 1890 3720 λό-

187 3768 313 3819 γον,
340 3752 410 3805 τά
438 3751 494 3805 δέ
527 3754 897 3823 ἐνεργοῦντος,
938 3755 1259 3824 ἀπηλλάγης
1285 3754 1379 3807 τοῦ
1413 3754 1617 3825 ζητεῖν,
1666 3756 1760 3808 καὶ⁵
1792 3755 1892 3825 τῆς

188 3839 402 3904 λύσεως
434 3840 496 3893 τὸ
523 3842 714 3912 κέρδος
741 3842 955 3906 ἔλαϐες.
996 3842 1136 3896 Ἀλλ’
1169 3843 1483 3914 ἐπανίωμεν
1513 3844 1594 3905 είς
1646 3841 1706 3894 τό
1751 3859 1884 3912 προ-

264 3945 644 4010 ‘_Participium
683 3949 1007 4004 ἀναλωθέντας
1038 3950 1086 3996 in
1112 3947 1271 3998 tribus
1295 3962 1411 3999 mss.
1440 3949 1602 3997 deest.
1671 3947 1700 3986 δ
1727 3948 1888 3998 Verba

188 4008 480 4058 ἀλλὰκαὶ...
508 4008 571 4071 μή
599 4012 770 4071 ζητεῖν,
805 4024 917 4073 σοῖο
945 4012 994 4058 iu
1038 4010 1208 4065 Monlf.
1250 4012 1481 4070 deerant,
1528 4023 1591 4058 ex
1641 4023 1738 4060 uno
1773 4013 1886 4060 cod.

189 4077 405 4131 recepta
443 4079 575 4122 sunt.
618 4075 754 4124 Εοιτ.

1252 469 1319 522 IN
1363 468 1542 525 ACTA
1588 463 2129 522 APOSTOLORUM.
2178 465 2411 523 ΙΙυΜΙί..
2449 466 2634 522 XXIV.

3557 473 3572 523 ί
3586 471 3654 522 85

1973 583 2244 654 κείμενον.
2278 584 2431 636 Ἐπεὶ
2463 578 2555 636 οὖν
2584 584 2715 655 ὁρᾷς
2751 583 3039 646 τοσούτους
3069 585 3125 637 ἐν
3158 585 3431 645 κολάσεσι,
3482 584 3661 636 ταῦτα

1969 671 2024 722 δὲ
2050 672 2077 724 6
2101 670 2234 726 Θεὸς
2269 675 2541 744 συγχωρεῖ
2572 672 2770 739 πάντα,
2806 671 3009 743 χρῆσαι
3031 673 3096 742 τῇ
3132 671 3312 742 ὑγιεία
3344 671 3438 724 τοῦ
3472 672 3656 740 σώμα-

1969 775 2061 821 τος
2093 760 2172 821 είς
2187 758 2286 830 τὴν
2317 759 2527 826 ὑγιείαν
2553 759 2650 828 τῆς
2677 758 2874 830 ψυχῆς,
2904 757 3043 812 Ἀλλ’
3070 761 3236 829 ἐρεῖς⁹
3276 759 3341 810 Τί
3375 777 3464 828 μοι
3499 758 3657 828 χρεία

1971 847 2148 899 πόνων
2172 847 2266 899 καὶ
2295 847 2693 918 ταλαιπωρίας,
2717 845 2838 910 ἐξὸν
2893 847 3120 918 ἀπονητὶ
3154 848 3334 902 πάντα
3385 845 3659 900 ἀπολύσα-

1973 933 2136 1000 σθαι;
2191 933 2444 988 Μάλιστα
2495 935 2598 1005 μὲν
2636 935 2758 988 ούδέ
2786 933 2944 1004 δῆλον
2976 934 3134 988 τοῦτό
3187 935 3324 990 ἐστι.
3362 933 3661 1004 Συμϐαίνει

1972 1023 2080 1093 γὰρ
2141 1023 2203 1077 οῦ
2268 1024 2429 1093 μόνον
2481 1023 2716 1096 ἀπονητὶ
2774 1024 2848 1094 μὴ
2912 1023 3312 1088 ἀπολύσασθαι,
3369 1022 3502 1076 ἀλλά
3567 1021 3664 1074 καὶ⁴

1972 1111 2234 1166 ἀπελθεῖν
2272 1113 2450 1166 πάντα
2496 1113 2706 1183 ἔχοντα.
2740 1113 2886 1181 Πλὴν
2920 1115 2968 1166 εί
3012 1112 3107 1165 καὶ
3139 1111 3298 1164 τοῦτο
3325 1110 3506 1180 δῆλον,
3542 1109 3663 1164 ούδέ

1973 1193 2126 1262 οὗτος
2172 1201 2396 1265 ἀνεκτὸς
2446 1203 2474 1254 6
2517 1201 2692 1269 λόγος.
2750 1202 2845 1264 Είς
2905 1202 3126 1270 ἀγῶνας
3182 1199 3470 1253 εἴλκυσεν-
3524 1198 3665 1251 ὅπλα

1974 1293 2150 1342 κεῖται
2174 1291 2371 1360 χρυσᾶ.
2406 1289 2535 1344 Δέον
2555 1289 2738 1344 λαϐεῖν
2767 1288 2909 1342 αύτά
2935 1290 3029 1343 καὶ
3064 1287 3569 1359 μεταχειρίσασθαι,
3600 1286 3666 1338 σὺ

1973 1375 2031 1429 δὲ
2062 1375 2241 1446 βούλει
2269 1375 2474 1442 ἀδόξως
2504 1375 2765 1445 σωθῆναι,
2813 1374 2907 1429 καὶ
2961 1374 3128 1446 μηδεν
3174 1372 3378 1442 ἀγαθὸν
3426 1371 3669 1442 ἐργάσα-

1976 1462 2120 1518 σθαι.
2165 1464 2304 1517 Εἰπέ
2341 1481 2452 1534 μοι,
2497 1465 2547 1516 εί
2580 1462 2816 1533 πόλεμος
2844 1464 3210 1533 συνειστήκει,
3245 1463 3340 1516 καὶ
3366 1463 3393 1515 6
3417 1459 3668 1532 βασιλεὺς

1977 1557 2178 1624 παρῆν,
2216 1553 2313 1605 καὶ
2341 1554 2469 1616 τοὺς
2505 1552 2604 1623 μὲν
2650 1549 2786 1615 εἶδες
2809 1553 2889 1614 εἰς
2922 1551 3092 1622 μέσας
3118 1553 3215 1614 τὰς
3245 1550 3530 1620 φάλαγγας
3561 1548 3670 1600 τῶν

1978 1640 2256 1711 πολεμίων
2308 1640 2670 1711 ἐμπεσόντας,
2725 1639 2822 1693 καὶ
2871 1639 3340 1704 κατακόπτοντας,
3376 1638 3471 1690 καὶ
3502 1653 3673 1706 τραυ-

1983 1727 2180 1798 ματίας
2207 1726 2609 1799 ἐργαζομένους
2647 1727 2900 1799 μυρίους,
2942 1726 3162 1797 ἐτέρους
3207 1724 3672 1796 μονομαχοῦντας,

1979 1815 2173 1878 ἄλλους
2227 1815 2515 1886 πηδῶντας
2544 1825 2592 1878 ο,
2624 1814 2818 1878 ἄλλους
2851 1813 2936 1883 ἐφ’
2966 1814 3151 1867 ἵππων
3176 1813 3548 1883 ὀρχουμένους
3580 1811 3676 1862 καὶ

1981 1903 2408 1973 ἐπαινουμένους
2454 1902 2558 1954 ὑπὸ
2590 1900 2684 1956 τοῦ
2717 1900 3004 1972 βασιλέως,
3037 1899 3509 1970 θαυμαζομένους,
3543 1914 3677 1968 κρο-

1979 1992 2296 2064 τουμένους,
2323 1990 2792 2061 στεφανουμένους
2812 2006 2824 2020 ·
2869 1990 3093 2060 ἐτέρους
3117 1989 3175 2042 δέ
3202 1988 3364 2042 πάλιν
3390 1985 3678 2055 ἀγαπητὸν

1980 2080 2340 2151 ἡγουμένους,
2390 2081 2438 2132 εί
2471 2080 2638 2150 μηδὲν
2667 2079 2892 2132 πάθοιεν
2943 2078 3132 2144 κακὸν,
3172 2078 3265 2131 καὶ
3313 2076 3412 2148 τὴν
3442 2075 3679 2144 ἐσχάτην

1981 2167 2135 2233 τάξιν
2164 2167 2535 2236 φυλάττοντας
2568 2167 2664 2220 καὶ
2686 2166 3032 2238 καθημένους
3055 2182 3069 2196 ’
3125 2161 3246 2219 εἶτα
3281 2163 3422 2236 μετά
3455 2163 3553 2234 τὴν
3583 2160 3677 2213 τοῦ

1983 2255 2222 2327 πολέμου
2286 2255 2460 2316 λύσιν,
2503 2257 2628 2320 τοὺς
2689 2256 2789 2325 μὲν
2838 2254 3232 2324 καλουμένους,
3293 2251 3675 2321 δεξιουμένους

1983 2349 2103 2409 ταῖς
2142 2344 2407 2415 μεγάλαις
2443 2342 2476 2412 λά
2525 2345 2775 2416 δωρεαῖς,
2821 2341 3407 2413 ἀνακηρυττομένους·
3452 2338 3680 2391 ἐκείνων

1984 2433 2041 2487 δὲ
2092 2432 2214 2487 οὐδὲ
2261 2430 2501 2502 τοῦνομα
2560 2431 2721 2502 δῆλον
2773 2434 3067 2502 γενόμενον
3099 2470 3114 2496 ,
3170 2429 3307 2482 ἀλλὰ
3367 2428 3529 2498 μέχρι
3581 2427 3680 2494 τῆς

1988 2521 2265 2594 σωτηρίας
2312 2521 2495 2584 αὐτοῖς
2559 2521 2659 2592 τὴν
2712 2519 2819 2573 τῶν
2881 2518 3103 2589 ἀγαθῶν
3157 2518 3425 2572 ἀντίδοσιν
3472 2510 3638 2568 οὖσαν
3667 2531 3680 2544 ·

1985 2611 2146 2664 τίνων
2191 2608 2256 2664 ἀν
2293 2609 2565 2681 ἠθέλησας
2621 2607 2908 2678 γενέσθαι;
2973 2608 3038 2661 El
3092 2605 3203 2677 γάρ
3235 2605 3436 2668 λίθινος
3494 2597 3583 2673 ἦς,
3636 2602 3686 2652 εί

1988 2698 2095 2771 γὰρ
2167 2698 2511 2767 ἀναισθήτων
2565 2697 2660 2751 καὶ⁵
2726 2696 2952 2768 ἀψύχων
3006 2691 3554 2766 νωθέστερος,-ούκ
3621 2690 3687 2743 ἂν

1989 2787 2347 2860 ἐπεθύμησας
2395 2786 2621 2840 ἐκείνων
2650 2785 2905 2856 γενέσθαι
2959 2785 3249 2857 μυριάκις;
3309 2782 3441 2843 Ναὶ,
3497 2780 3686 2849 δέομαι

1992 2876 2087 2928 καὶ
2143 2874 2428 2929 ἀντιϐολῶ.
2470 2875 2532 2929 El
2573 2874 2686 2947 γάρ
2739 2875 2928 2927 πεσεῖν
2988 2872 3332 2944 πολεμοῦντα
3389 2870 3531 2933 ἔδει,
3590 2869 3689 2921 οὐκ

1992 2963 2162 3035 ἐχρῆν
2225 2962 2522 3035 προθύμως
2590 2962 2750 3016 τοῦτο
2813 2962 3086 3030 ἐλέσθαι;
3177 2961 3291 3031 Οὐχ
3365 2959 3497 3028 ὁρᾷς
3562 2957 3691 3019 τους

1995 3058 2054 3111 ἐν
2111 3057 2224 3121 τοῖς
2271 3056 2532 3126 πολέμοις
2588 3054 2797 3119 τούτοις
2856 3054 3178 3117 πίπτοντας,
3233 3050 3348 3115 πῶς
3397 3051 3501 3102 εἱσι
3550 3047 3691 3116 λαμ-

1996 3147 2167 3220 προὶ,
2227 3145 2345 3209 πῶς
2414 3145 2654 3213 ἕνδοξοι;
2715 3143 2892 3198 καίτοι
2953 3144 3185 3197 θάνατον
3242 3139 3690 3210 ἀποθνήσκουσι,

1999 3234 2119 3305 μεθ’
2196 3234 2256 3288 ὃν
2323 3233 2422 3287 οὐκ
2483 3232 2597 3286 ἐστι
2655 3232 2958 3304 τιμηθῆναι
3029 3229 3179 3299 παρὰ
3239 3227 3334 3283 τοῦ
3408 3225 3692 3298 βασιλέως.

2008 3324 2134 3378 Ἐπὶ
2187 3323 2243 3377 δὲ
2301 3323 2512 3376 ἐκείνου
2566 3321 2662 3377 τσῦ
2731 3321 2970 3392 πολέμου
3030 3319 3183 3374 οὐδὲν
3244 3317 3508 3380 τοιοῦτον,
3559 3313 3697 3368 ἀλλά

1997 3414 2218 3476 πάντως
2272 3411 2606 3482 παραστήσῃ
2658 3410 2786 3473 τοὺς
2843 3408 3121 3479 μώλωπας
3198 3407 3375 3478 ἔχων
3435 3403 3530 3468 οῦς
3585 3401 3697 3471 γέ-

1996 3518 2142 3555 νοιτο
2201 3500 2410 3562 πάντας
2466 3500 2614 3569 ἡμᾶς
2672 3497 2938 3562 ἐπιδεῖξαι
2997 3497 3089 3551 καὶ
3145 3496 3318 3566 χωρὶς
3389 3491 3650 3562 διωγμῶν
3679 3531 3695 3554 ,

1995 3593 2054 3643 ἐν
2096 3588 2320 3662 Χριστῴ
2369 3587 2547 3658 Ἰησοῦ
2586 3585 2666 3657 τῷ
2707 3587 2898 3656 Κυρίῳ
2936 3584 3117 3657 ἡμῶν,
3162 3582 3314 3657 [ιθ-Ξ]
3363 3582 3483 3653 μεθ’
3524 3573 3586 3634 οῦ
3621 3579 3701 3652 τῷ

2001 3679 2175 3749 Πατρὶ
2236 3677 2352 3748 ἃμα
2411 3676 2488 3748 τῷ
2561 3675 2704 3745 ἁγίῳ
2761 3673 3042 3744 Πνεύματι
3090 3673 3255 3738 δόξα,
3317 3671 3556 3742 κράτος,
3612 3686 3697 3722 τι·

2001 3767 2101 3836 μὴ,
2165 3765 2262 3819 νῦν
2312 3765 2406 3819 καὶ
2453 3764 2564 3829 ἀεὶ,
2612 3764 2708 3818 καὶ
2760 3766 2838 3827 εἰς
2871 3763 2999 3827 τοὺς
3053 3762 3258 3825 αἰῶνας
3298 3761 3408 3816 τῶν
3461 3757 3701 3816 αἰώνων.

1996 3855 2194 3927 Ἀμήν.

2059 4009 2079 4035 ε
2106 4005 2271 4054 Verba
2299 4005 2473 4060 ἄλλους
2506 4005 2761 4062 πηδῶντας
2791 4016 2853 4052 ex
2893 4016 2993 4052 uno
3028 4002 3139 4052 cod.
3170 4005 3223 4051 et
3257 4013 3410 4062 marg.
3435 3996 3588 4048 Snvil.
3621 4009 3710 4045 ar-

1989 4071 2189 4118 CCSSiLa.
2216 4068 2355 4117 Enn".
2425 4066 2453 4107 (ι
2485 4069 2600 4126 Alii,
2623 4066 2965 4128 καλουμένους,
2986 4067 3281 4128 τιμωμένους
3302 4063 3404 4113 ταῖς
3438 4062 3700 4124 μεγίσταις,

1751 4317 1999 4372 ΟΜΙΛΙΛ
2040 4320 2163 4373 KA'.

194 4412 327 4466 Ἔτι
356 4407 696 4475 λαλοῦντος
735 4409 841 4464 τοῦ
883 4409 1104 4478 Πέτρου
1139 4409 1210 4463 τὰ
1241 4408 1483 4478 ῥήματα
1508 4407 1718 4472 ταῦτα,
1755 4408 1899 4463 ἕπεο

268 4499 350 4538 σε
423 4480 492 4534 τὸ
581 4481 826 4551 Πνεῦμα
913 4482 980 4534 τὸ
1071 4481 1239 4551 ἅγιον·
1297 4481 1394 4533 ἐπὶ
1458 4480 1691 4545 πάντας
1757 4480 1901 4547 τοὺς

269 4553 612 4629 ἀκούοντας
648 4550 759 4629 τον
775 4552 1000 4629 ..λόγοις
1044 4550 1528 4629 ΙςαΑί-ὲξέσζησαν
1557 4555 1608 4604 οἱ
1637 4551 1715 4629 ἐξ
1742 4567 1903 4629 περιτ

270 4621 463 4693 τομῆς
501 4622 728 4683 πιστοί,
766 4621 900 4693 δσοι
934 4621 1257 4693 συνῆλθον
1302 4620 1380 4686 τῷ
1414 4621 1633 4689 Πέτρῳ,
1683 4619 1773 4693 ὅτι
1804 4620 1902 4693 καί

273 4691 377 4749 ἐστὶ
417 4694 490 4746 τὰ
516 4692 660 4759 ἔθνη
694 4693 733 4758 ὴ
769 4692 957 4762 δωρεὰ
987 4693 1093 4762 τοῦ
1139 4692 1312 4761 ἁγίου
1359 4694 1704 4762 Πνεὺματος
1732 4691 1902 4745 ἐκκέ-

275 4777 489 4835 χυται·
532 4762 765 4831 ἤκουον
797 4761 904 4832 γὰρ
937 4761 1137 4816 αὐτῶν
1174 4761 1532 4818 λαλούντων
1565 4762 1899 4833 γλώσσαις,

274 4834 380 4889 καί
415 4833 887 4904 μεγαλυνόντων
917 4831 1023 4886 τὸν
1064 4834 1232 4888 Θεόν.

277 4965 352 5014 α’.
387 4958 496 5012 Θέα
520 4956 614 5010 τοῦ
639 4956 775 5010 Θεοῦ
802 4956 901 5029 τὴν
931 4956 1262 5028 οἰκονομίαν.
1288 4957 1403 5012 Οὐκ
1423 4959 1635 5030 ἀφῆκεν
1670 4959 1906 5029 ἀπαρτι-

204 5047 412 5118 σθῆναι
461 5045 550 5098 τὸν
579 5045 761 5113 λόγον,
794 5045 916 5098 ούδέ
951 5048 1014 5098 ἐκ
1049 5047 1471 5117 προστάγματος
1503 5048 1717 5119 Πέτρου
1751 5047 1906 5116 γενέ-

203 5136 340 5190 σθαι
395 5135 456 5188 τὸ
513 5133 829 5205 βάπτισμα⁶
898 5134 1011 5187 ἀλλ’
1062 5134 1252 5205 ἐπειδὴ
1296 5133 1394 5204 τὴν
1439 5134 1678 5188 διάνοιαν
1727 5136 1906 5189 αὐτῶν

204 5223 422 5288 ιδειξαν
478 5221 801 5293 θαυμαστὴν
843 5217 1030 5287 οὖσαν,
1060 5239 1155 5275 και
1208 5225 1308 5293 τῆς
1355 5221 1704 5286 διδασκαλίας
1762 5223 1906 5294 ἀρχὴ

202 5313 428 5382 γέγονε,
459 5311 554 5365 καὶ
576 5311 922 5376 ἐπίστευσαν,
952 5312 1033 5364 ὅτι
1061 5310 1279 5374 πάντως
1310 5310 1369 5364 τὸ
1397 5309 1682 5381 βάπτισμα
1712 5311 1907 5379 ἄφεσίς

204 5403 363 5454 ἐστιν
392 5398 832 5470 ἁμαρτημάτων,
863 5401 983 5452 τότε
1010 5398 1212 5469 ἐτι-ἦλθ.
1245 5399 1307 5451 τὸ
1343 5398 1588 5468 Πνεῦμα.
1642 5399 1813 5451 Τοῦτο
1852 5399 1908 5453 δέ

203 5486 448 5555 γίνεται,
485 5484 1005 5556 προοικοιθομοῦντος
1034 5487 1330 5555 ἀπολογίαν
1354 5487 1597 5558 μεγάλην
1620 5487 1699 5557 τῷ
1718 5488 1906 5558 Πέτρῳ

207 5573 309 5626 τοῦ
353 5571 509 5626 Θεοῦ.
548 5571 661 5640 Οὐχ
686 5571 875 5636 ἁπλῶς
899 5573 955 5626 δέ
987 5575 1049 5628 τὸ
1087 5573 1314 5644 Πνεῦμα
1349 5573 1739 5644 λαμϐάνουσιν,
1774 5573 1910 5627 ἀλλά

206 5660 495 5729 γλώσσαις
525 5658 932 5732 ἐλάλουν,ὂπερ
963 5663 1056 5714 καὶ
1102 5661 1398 5733 ἐξέπληττε
1452 5663 1578 5726 τοὺς
1627 5662 1910 5715 συνελθόν-

204 5768 338 5812 τας.
373 5750 437 5802 Τί
480 5747 686 5820 δήποτε
715 5747 771 5802 δὲ
805 5747 979 5814 οὕτως
1010 5753 1376 5823 οἰκονομεῖται
1411 5751 1470 5804 τὸ
1502 5753 1778 5822 πράγμα;
1814 5749 1918 5804 Διά

205 5839 344 5900 τοὺς
408 5835 734 5902 ’1ουδαίους’
797 5837 893 5891 καὶ
946 5838 1056 5909 γάρ
1111 5825 1253 5892 πάνυ
1293 5839 1551 5910 ’ἀπεχθῶς
1586 5838 1730 5912 εἶχον
1780 5841 1917 5912 πρὸς

207 5925 369 5978 αὑτό.
407 5925 500 5977 Διὸ
529 5924 808 5995 πανταχοῦ
841 5923 938 5980 τοῦ
963 5924 1099 5978 Θεοῦ
1123 5927 1184 5978 τὸ
1220 5927 1332 5981 πᾶν
1362 5929 1598 5997 γίνεται.
1625 5929 1736 5982 Καὶ
1765 5931 1793 5982 6
1816 5929 1922 5983 Πέ-

207 6030 345 6085 τρος
370 6012 556 6083 σχεδὸν
580 6013 772 6077 ἁπλῶς
789 6014 1025 6084 πάρεστι
1056 6016 1465 6088 παιδευόμενος,
1489 6017 1571 6071 ὅτι
1588 6015 1669 6069 δεῖ
1684 6015 1872 6072 λοιπὸν
1891 6028 1918 6058 ι

279 6139 304 6167 ⁸
339 6136 532 6188 Aomo'v
562 6138 709 6188 deest
743 6137 792 6188 in
818 6137 1128 6201 quibusdam.

630 6237 911 6299 PATnoL.
962 6234 1080 6296 Gn.
1133 6233 1268 6294 LX.

2005 4413 2202 4476 αὐτοὺς
2261 4411 2507 4481 ἅψασθαι
2539 4410 2648 4465 τῶν
2702 4409 2909 4463 ἐθνῶνο
2963 4411 3059 4463 καὶ
3111 4410 3194 4463 ὅτι
3260 4409 3326 4462 δι’
3386 4408 3569 4463 αὐτῶν
3625 4410 3709 4464 δεῖ

2005 4501 2260 4570 γενέσθαι
2320 4500 2499 4565 τοῦτο.
2540 4501 2652 4554 Καὶ
2697 4498 2771 4570 μὴ
2799 4497 3111 4570 θαυμάσῃς.
3163 4497 3338 4551 Ὅπου
3400 4497 3507 4570 γὰρ
3566 4499 3709 4569 μετὰ

2005 4588 2244 4643 τοσαῦτα
2277 4589 2371 4642 καὶ
2401 4591 2457 4642 ἐν
2489 4587 2799 4659 Καισαρείᾳ
2833 4587 2928 4640 καί⁵
2967 4588 3025 4638 ἐν
3067 4586 3468 4658 Ἱεροσολύμοις
3494 4590 3708 4657 ἀμφισ-

2006 4678 2237 4751 ϐήτησις
2263 4680 2494 4746 γίνεται,
2525 4678 2578 4730 τί
2605 4678 2704 4731 οὐκ
2723 4676 2788 4730 ἂν
2820 4677 3088 4746 ἐγεγόνει,
3125 4678 3172 4729 εί
3227 4676 3304 4748 μὴ
3345 4676 3523 4730 ταῦτα
3562 4695 3708 4748 παρ-

2005 4767 2374 4840 ηκολούθησε;
2408 4767 2504 4819 Διὰ
2530 4765 2687 4819 τοῦτο
2717 4765 2811 4818 καὶ
2855 4765 2975 4836 μεθ’
3005 4764 3315 4835 ὑπερϐολῆς
3342 4765 3516 4818 ταῦτα
3559 4767 3709 4834 γίνε-

2006 4876 2116 4912 ται.
2151 4858 2296 4930 Ὅρα
2322 4856 2377 4910 δὲ
2406 4856 2525 4920 πῶς
2565 4856 2658 4908 καὶ
2687 4855 2714 4906 6
2760 4855 2965 4925 Πέτρος
2997 4853 3182 4908 λαϐὼν
3210 4854 3468 4926 ἀφορμὴν
3504 4855 3710 4908 ἀπολοο

2007 4950 2208 5016 γεῖται.
2264 4947 2388 4999 ’Ότι
2422 4946 2475 4998 δέ
2527 4944 2667 5015 μετὰ
2702 4944 2801 5015 τὴν
2833 4945 3093 5016 ἀφορμὴν
3123 4945 3506 5016 ἀποκρίνεται,
3543 4946 3710 4999 ἄκουε

2008 5036 2101 5090 τοῦ
2177 5033 2567 5104 εὐαγγελιστοῦ
2625 5031 2986 5103 διηγουμένου
3040 5031 3136 5085 καὶ
3211 5031 3499 5101 λέγοντος·
3571 5033 3711 5086 Τότε

2010 5125 2299 5192 ἀπεκρίθη
2341 5123 2566 5190 Πέτρος
2590 5138 2602 5149 ·
2665 5121 2818 5186 Μήτι
2850 5120 2916 5174 τὸ
2955 5119 3113 5190 ὕδωρ
3146 5121 3420 5176 κωλῦσαι
3457 5121 3712 5177 δύναταί

2010 5230 2102 5276 τις
2128 5212 2236 5265 τοῦ
2257 5211 2343 5281 μὴ
2369 5209 2783 5279 βαπτισθῆναι
2816 5211 3087 5275 τούτους,
3121 5211 3340 5276 οἵτινες
3363 5201 3437 5262 ’τὸ
3468 5210 3715 5279 Πνεῦμα

2009 5302 2078 5356 τό
2111 5301 2284 5368 ἅγιον
2309 5301 2534 5354 ἔλαϐον
2561 5300 2641 5365 ὠς
2668 5299 2766 5351 καί
2808 5298 3020 5367 ἡμεῖςς
3061 5294 3216 5361 Εἶδες
3251 5299 3356 5351 ποῦ
3382 5298 3443 5352 τὸ
3477 5301 3715 5370 πρᾶγμα

2013 5389 2307 5460 ἀνήνεγκε,
2356 5390 2452 5442 καὶ
2507 5387 2625 5450 πῶς
2681 5385 2871 5439 ὤδινεν
2931 5386 3240 5454 ἐξενεγκεῖν
3280 5385 3482 5454 τοῦτο;
3555 5387 3715 5441 Οῦτω

2014 5478 2183 5530 πάλαι
2211 5477 2310 5546 τῆς
2349 5474 2578 5548 γνώμης
2622 5473 2826 5544 ταύτης
2863 5469 2952 5544 ἦν.
3011 5474 3168 5543 Μήτι
3206 5474 3275 5527 τὸ
3330 5473 3510 5544 ὕδωρ,
3553 5477 3712 5546 φησὶ,

2014 5567 2288 5620 κωλῦσαι
2337 5565 2590 5618 δύναταί
2628 5582 2748 5631 τις;
2804 5562 2998 5633 Σχεδὸν
3036 5563 3145 5635 γάρ
3180 5561 3373 5632 ὥσπερ
3438 5564 3714 5634 ἐπεμϐαί-

2015 5655 2198 5718 νοντός
2220 5656 2336 5707 ἐστι
2368 5657 2479 5716 τοῖς
2515 5652 2786 5706 κωλύουσι
2807 5653 2901 5706 καὶ
2930 5651 3203 5719 λέγουσιν,
3237 5653 3317 5706 δτι
3338 5652 3400 5706 ού
3431 5653 3536 5724 χρὴ
3559 5652 3717 5706 τοῦτο

2013 5745 2291 5809 γενέσθαι.
2337 5744 2412 5796 Τὸ
2473 5745 2583 5798 πᾶν
2639 5742 2863 5810 γέγονε,
2925 5742 3101 5813 φησὶ,
3156 5741 3219 5796 τὸ
3286 5743 3716 5812 ἀναγκαιότερον

2014 5833 2230 5902 γέγονε,
2260 5832 2322 5885 τὸ
2354 5830 2637 5901 βάπτισμα
2683 5830 2711 5883 ὅ
2741 5831 2834 5883 καὶ
2859 5832 3023 5900 ἡμεῖς
3050 5829 3482 5902 ἐϐαπτίσθημεν.
3517 5834 3716 5897 Προσ-

2014 5921 2190 5985 ἐταξέ
2228 5938 2291 5974 τε
2321 5921 2546 5986 αὐτοὺς
2574 5916 2990 5987 βαπτισθῆναι
3022 5919 3093 5972 ὲν
3118 5919 3198 5984 τῷ
3234 5920 3480 5988 ὀνόματι
3518 5917 3715 5986 Ἰησοῦ

2017 6009 2300 6080 Χριστοῦ.
2329 6008 2486 6063 Μετὰ
2513 6008 2575 6062 τὸ
2605 6007 3078 6078 ἀπολογήσασθαι,
3111 6008 3233 6062 τότε
3259 6009 3446 6072 αὐτοῖς
3477 6007 3506 6048 δ
3544 6023 3715 6078 προσ-

2084 6131 2113 6172 δ
2151 6130 2288 6182 Unus
2321 6129 2430 6179 τότε
2468 6129 2655 6186 αύτὸύς.

3228 6216 3303 6275 12
