4082 6528
200 511 271 560 HT;
1113 497 1176 551 IN
1217 495 1391 550 ACTA
1437 491 1958 547 APUSTUIDRIJSL
2007 490 2232 543 llt.).‘.lll..
2280 488 2447 543 XXIV

187 640 264 674 tem
289 621 575 674 usrmulissct
620 615 800 668 l’etrus
839 611 1239 679 Jerosolgmnm,
1273 607 1617 675 .lisceptabant
1643 607 1740 657 Inl-

185 728 328 765 rersus
370 711 512 762 illum
550 709 634 776 qui
664 715 806 760 erant
852 720 914 757 ea:
953 701 1356 764 circumcisione,
1396 700 1659 752 dicentes:
1688 699 1739 752 3.

185 809 328 870 thre
347 804 556 855 introisti
589 802 658 852 ad
680 801 808 852 viros
834 796 1140 865 prtepulium
1170 794 1426 853 habentes,
1456 802 1502 844 et
1529 790 1744 844 mandu-

183 896 289 946 casti
312 910 415 946 cum
441 893 587 945 illis?
629 891 815 943 l‘ostca
867 885 1227 956 Disceptabant
1271 885 1356 952 qui
1387 900 1448 937 ea:
1477 882 1743 936 circumci-

182 989 317 1051 sione,
345 1001 442 1040 non
470 982 714 1052 apostoli.
746 980 882 1049 Quid
907 987 989 1033 est
1017 977 1165 1043 illud,
1195 975 1555 1044 Disceptabant
1578 975 1602 1028 .9
1627 973 1742 1027 Non

181 1095 363 1146 parum,
396 1077 581 1145 inquit,
612 1073 1038 1129 offendebautur.
1076 1071 1140 1124 Et
1171 1068 1290 1123 vide
1312 1068 1438 1138 quid
1466 1066 1738 1136 objiciunt.

181 1172 274 1224 Non
302 1171 490 1233 dicunt,
524 1167 632 1221 Cur
678 1162 1055 1220 armantias‘i?
1098 1160 1215 1222 sed,
1261 1160 1362 1214 Cur
1394 1176 1494 1211 una
1526 1158 1743 1210 mandu-

179 1263 325 1314 easti?
353 1262 534 1314 Petrus
580 1275 704 1314 vero
743 1275 848 1312 non
880 1258 930 1310 in
964 1256 1064 1308 hoc
1105 1252 1298 1322 frigido
1330 1251 1475 1305 dioto
1504 1259 1744 1303 moratur

179 1358 302 1419 (nam
329 1351 568 1422 frigidum
600 1365 725 1404 vero
751 1346 920 1419 erat);
951 1345 1044 1401 sed
1074 1346 1124 1399 in
1158 1360 1351 1414 magno
1381 1343 1493 1408 illo,
1515 1343 1702 1396 dicens
1731 1362 1742 1394 ε

179 1445 226 1496 Si
261 1444 500 1512 Spiritum
549 1443 620 1497 illi
662 1448 997 1508 acceperant,
1041 1437 1312 1508 quomodo
1358 1435 1459 1489 hoc
1502 1449 1608 1488 non
1640 1435 1743 1486 illis

175 1534 546 1589 ρωιιρωριιιιιιιη
592 1533 746 1587 erat?
789 1529 1071 1598 Quomodo
1121 1544 1249 1597 ergo
1292 1529 1342 1581 in
1391 1525 1744 1582 Samaritauis

177 1629 261 1682 hoc
289 1628 470 1682 factum
500 1644 605 1680 non
636 1635 736 1689 est,
770 1625 878 1679 imo
904 1624 1255 1687 contrarimn,
1286 1638 1390 1675 non
1419 1620 1578 1675 modo
1594 1629 1736 1683 ante,

177 1719 252 1773 sed
294 1721 444 1773 etiam
487 1727 604 1788 post
648 1716 1012 1787 baptismum?
1053 1715 1234 1782 Neque
1268 1713 1526 1783 indignati
1570 1721 1738 1765 sunt:

176 1814 265 1865 'uuo
291 1812 442 1866 etiam
478 1811 543 1866 ad
578 1826 697 1866 eam
742 1811 910 1879 ipsam
943 1825 1054 1862 rem
1102 1810 1387 1861 miserunt.
1423 1805 1622 1859 Verum
1658 1804 1742 1858 hic

178 1918 264 1956 non
291 1917 346 1956 ca
379 1902 441 1957 de
482 1918 540 1958 re
589 1911 883 1965 accusant;
915 1899 1159 1954 sciebant
1206 1899 1350 1952 enim
1398 1897 1501 1952 hoc
1543 1896 1743 1950 divina:

173 1997 332 2063 gratia:
371 2011 486 2052 esse
511 2013 526 2062 ;
556 1996 674 2063 sed,
712 1995 900 2063 Quare,
948 1995 1226 2064 inquiunt,
1279 1992 1598 2045 manducasti
1625 2007 1742 2043 cum

173 2087 293 2140 illis.”
320 2089 561 2158 Alioquin
589 2103 717 2142 vero
746 2102 994 2157 magnum
1019 2095 1072 2139 et
1104 2085 1425 2138 immensum
1449 2082 1740 2136 discrimen

173 2191 268 2233 erat
293 2180 653 2235 Samaritanus
681 2181 819 2235 inter
867 2189 920 2232 et
963 2188 1169 2249 gentes.
1202 2179 1292 2232 Vel
1325 2179 1484 2232 etiam
1518 2192 1613 2246 per
1633 2176 1744 2230 dis-

174 2274 514 2338 pcosatiooem
547 2273 760 2337 accidit,
791 2272 931 2341 quod
987 2272 1032 2325 is
1088 2281 1392 2334 accusetur,
1439 2279 1494 2323 ut
1537 2269 1609 2322 illi
1655 2267 1739 2322 di-

171 2376 299 2418 scant
326 2384 338 2418 :
363 2381 536 2435 neque
567 2365 711 2420 cnim
751 2364 943 2418 Petrus
986 2378 1100 2417 rem
1143 2363 1258 2415 sine
1291 2377 1448 2414 causa
1484 2360 1738 2414 narravit.

177 2456 286 2510 Vide
311 2469 508 2522 autem,
537 2473 698 2529 quam
730 2458 798 2511 sit
825 2473 852 2511 a
883 2456 1023 2510 fastu
1065 2463 1119 2512 et
1149 2471 1279 2508 vana
1308 2455 1478 2524 gl0ria
1511 2454 1738 2508 alienus.

171 2549 282 2604 Nam
310 2552 380 2605 ait
404 2570 415 2604 :
441 2553 491 2605 4.
529 2550 791 2617 [arripiens
820 2551 1020 2614 Petrus,
1052 2549 1332 2620 exponebat
1361 2549 1462 2602 illis
1489 2566 1577 2618 per
1598 2547 1743 2600 ordi-

172 2661 283 2710 nem,
308 2646 472 2700 dicens
495 2663 512 2698 :
536 2646 587 2700 5.
625 2644 734 2716 Ego
755 2663 890 2700 eram
918 2645 969 2697 in
997 2645 1195 2697 civitate
1222 2644 1393 2711 Joppe
1422 2659 1590 2696 orans.
1625 2641 1742 2696 Non

170 2736 280 2790 dicit
306 2753 487 2805 quare,
519 2738 603 2792 vel
631 2753 731 2806 qua
770 2738 1073 2792 occasione.
1127 2735 1194 2789 Et
1228 2736 1329 2789 vidi
1357 2735 1410 2788 in
1439 2735 1621 2788 mentis
1655 2751 1743 2789 ex-

170 2842 289 2879 cessu
321 2829 581 2893 visionem,
629 2829 936 2883 descendens
963 2845 1049 2882 vas
1078 2828 1338 2898 quoddam
1369 2827 1500 2881 velut
1533 2827 1743 2879 linteum

170 2936 404 2989 magnum,
445 2931 667 2990 quatuor
697 2923 854 2975 initiis
894 2922 1166 2975 demissum
1209 2924 1271 2974 de
1309 2922 1468 2986 cwlo,
1515 2930 1562 2974 et
1609 2921 1743 2974 venit

168 3025 300 3078 usque
325 3011 390 3063 ad
415 3029 510 3064 me.
547 3011 600 3065 6.
635 3010 698 3064 In
726 3013 860 3078 quod
884 3013 1086 3065 intuens
1118 3011 1535 3074 considerabam;
1565 3020 1611 3064 et
1640 3011 1744 3063 vidi

166 3103 490 3170 quadrupedia
532 3113 699 3168 terrte,
743 3114 789 3156 et
837 3105 1039 3169 bestias,
1091 3111 1137 3156 et
1178 3103 1399 3171 reptilia,
1442 3111 1486 3155 et
1516 3103 1743 3156 volatilia

166 3193 280 3245 cali.
313 3193 361 3246 7.
404 3193 591 3247 Audivi
638 3203 811 3247 autem
851 3210 1019 3248 vocem
1061 3195 1306 3249 dicentem
1350 3194 1477 3247 milti
1502 3210 1520 3247 :
1552 3193 1740 3265 Surge,

167 3279 314 3343 Petre,
342 3285 511 3338 occide
537 3294 583 3338 et
614 3285 889 3338 manduca.
923 3285 1059 3350 Quid
1109 3301 1204 3354 per
1235 3286 1349 3340 haec
1376 3287 1558 3341 dicere
1587 3287 1743 3341 vult?

166 3372 288 3428 Satis
314 3387 444 3440 erat,
482 3378 675 3446 inquit,
706 3378 904 3433 vidisse
929 3379 1150 3433 linteum
1182 3379 1247 3432 ad
1280 3379 1382 3434 hoc
1413 3381 1742 3447 persuaden-

164 3463 271 3518 dum
295 3484 308 3530 ;
337 3477 571 3521 attamen
599 3484 701 3522 vox
727 3485 939 3540 quoque
966 3469 1172 3540 adjecta
1195 3471 1369 3542 est..8.
1401 3470 1522 3524 Dixi
1539 3481 1703 3525 autem
1723 3489 1741 3526 :

169 3554 502 3627 Nequaquam,
561 3558 806 3626 Domine,
859 3563 977 3627 quia
1027 3577 1292 3615 commune
1336 3573 1382 3614 et
1426 3563 1742 3617 immundum

164 3665 411 3720 numquam
443 3653 673 3706 introivit
712 3654 764 3706 in
795 3670 851 3707 os
882 3670 1071 3706 nicum.
1114 3653 1348 3710 Viden“?
1377 3656 1521 3726 quod
1561 3672 1739 3712 meum

163 3747 280 3805 erat,
307 3743 498 3811 inquit,
543 3742 642 3798 feci
675 3763 686 3796 :
721 3744 854 3809 dixi,
895 3744 1195 3815 Numquam
1244 3747 1478 3801 comedi.
1521 3747 1634 3802 Hoc
1673 3748 1740 3802 ad

166 3828 223 3893 id,
251 3835 380 3902 quod
408 3835 661 3888 dicebant
693 3836 765 3890 illi
794 3853 807 3889 :
841 3835 1091 3902 lntroisti,
1123 3848 1168 3890 et
1195 3839 1456 3892 comedisti
1480 3856 1592 3892 cum
1616 3840 1737 3893 illis.

165 3917 261 3976 lloc
297 3940 422 3980 vero
473 3941 579 3979 non
622 3927 757 3980 dixit
787 3929 1079 3983 Cornelio:
1120 3944 1295 4000 neque
1327 3931 1470 3985 enim
1515 3946 1740 3987 necesse

164 4023 276 4067 erat.
309 4016 357 4070 9.
410 4018 694 4087 Respondit
726 4028 892 4073 autent
925 4021 1049 4073 milii
1084 4037 1181 4075 vox
1213 4023 1438 4076 secundo
1479 4025 1542 4077 de
1571 4025 1695 4077 ca'lo
1723 4040 1740 4078 :

165 4104 273 4167 Qua:
297 4108 428 4164 Deus
462 4113 746 4175 mandavit,
781 4122 833 4165 tu
870 4130 931 4166 ne
959 4115 1248 4168 communia
1274 4116 1484 4169 dixeris.
1514 4117 1602 4170 10.
1627 4114 1740 4169 Hoc

161 4209 308 4252 autem
347 4203 543 4271 factum
576 4213 649 4256 est
693 4213 768 4256 ter
794 4221 813 4257 :
845 4215 890 4258 et
930 4216 1152 4259 retracta
1180 4217 1297 4259 sunt
1328 4210 1497 4260 omnia
1537 4225 1740 4273 rursum

160 4291 204 4344 in
225 4295 409 4348 elciunt.
439 4297 528 4350 ll.
579 4296 646 4350 Et
673 4315 785 4352 ecce
805 4299 900 4352 viri
924 4308 1023 4352 tres
1062 4300 1328 4370 confestim
1358 4302 1656 4356 adstiterant
1687 4304 1739 4358 in

161 4384 310 4452 domo,
333 4390 382 4442 in
412 4407 516 4460 qua
545 4407 706 4455 erant,
730 4393 871 4445 missi
899 4408 929 4445 α
955 4393 1185 4447 Ca'sarea
1206 4394 1273 4446 ad
1300 4411 1397 4447 me.
1432 4395 1622 4449 Narrat
1651 4412 1733 4462 ea,

160 4493 262 4544 qua:
289 4484 589 4538 necessaria
619 4495 773 4539 erant
798 4501 812 4548 ;
842 4487 943 4539 alia
978 4494 1136 4552 tacet,
1170 4487 1278 4542 imo
1308 4498 1363 4542 et
1387 4503 1482 4557 per
1507 4487 1621 4544 lucc
1649 4489 1738 4544 illa

161 4574 346 4635 probat.
381 4575 448 4629 Et
476 4577 620 4642 vide,
655 4577 926 4646 quomodo
955 4593 1078 4633 sese
1100 4589 1310 4650 purget,
1337 4582 1526 4635 nolens
1555 4581 1740 4636 docto—

160 4662 222 4714 ris
240 4667 552 4721 auctoritate
576 4667 651 4721 uti
680 4689 691 4722 :
726 4668 931 4722 sciebat
956 4670 1098 4723 enim
1131 4685 1190 4724 se
1214 4681 1416 4740 quanto
1443 4673 1738 4729 modestius

158 4752 467 4823 loquebatur,
507 4769 656 4813 tanto
699 4761 865 4830 magis
913 4762 1035 4816 illos
1075 4773 1356 4834 capturum
1388 4782 1533 4824 esse.
1564 4767 1735 4822 Num-

156 4863 287 4915 quam
320 4853 565 4920 introivit,
620 4853 812 4924 inquit,
851 4856 903 4908 in
945 4872 1001 4909 os
1042 4873 1206 4910 meum
1237 4875 1500 4913 commune
1536 4862 1614 4916 vel
1642 4863 1738 4916 im-

156 4946 378 4998 mundum
435 4947 500 5001 Et
532 4947 610 5001 sic
655 4956 823 5002 totum
867 4951 1185 5005 ceconomizc
1215 4951 1457 5007 defensio
1489 4965 1622 5008 erat.
1674 4955 1736 5010 Et

155 5052 254 5091 ecca
277 5050 370 5094 tres
397 5041 494 5095 viri
510 5043 777 5113 confestim
799 5043 1102 5098 adstiterant
1123 5047 1174 5097 in
1197 5047 1366 5108 domo,
1390 5048 1559 5118 inqua
1574 5066 1732 5102 erant.

157 5127 230 5180 η.
262 5130 396 5186 Dixit
431 5144 603 5188 autem
633 5135 758 5188 milii
785 5135 1034 5206 Spiritus,
1079 5149 1130 5191 ut
1166 5140 1289 5192 irem
1324 5156 1435 5192 cum
1476 5143 1578 5196 illis
1609 5143 1736 5197 nihil

157 5222 396 5280 limitum.
679 5233 681 5235 ’

213 5314 263 5368 2.
304 5318 491 5373 Viden‘
532 5319 674 5389 quod
719 5320 950 5389 Spiritus
991 5321 1062 5376 sit
1111 5322 1421 5391 legislatio?
1474 5323 1734 5381 Venerunt

153 5419 300 5462 autem
327 5429 523 5466 mecum
545 5423 590 5466 et
620 5431 709 5468 sea;
734 5416 919 5475 fratres
948 5416 1052 5469 isti.
1086 5415 1224 5484 Quid
1254 5417 1414 5472 i’ctro
1442 5418 1728 5485 humilius,

151 5499 417 5565 quietiam
461 5504 547 5559 hic
601 5506 826 5561 fratrum
874 5507 1240 5563 testimonium
1267 5509 1528 5565 adhibet?
1570 5511 1732 5566 Vene-

153 5603 252 5644 runt
280 5608 445 5649 autem
489 5615 682 5651 mecum
713 5616 804 5654 sea:
834 5605 1019 5670 fratres
1045 5643 1058 5665 ,
1111 5611 1156 5654 et
1202 5602 1419 5673 ingressi
1460 5621 1636 5658 sumus
1681 5605 1734 5658 in

153 5683 334 5739 domum
365 5689 482 5742 viri.
533 5692 617 5745 13.
646 5690 891 5745 Narravit
916 5705 1084 5746 autem
1107 5695 1271 5761 nobis,
1302 5697 1554 5763 quomodo
1582 5697 1735 5750 vidis-

153 5784 215 5826 set
240 5779 468 5849 angelum
512 5782 564 5835 in
611 5783 764 5837 domo
809 5800 906 5836 sua
948 5795 1187 5851 stantem,
1231 5796 1276 5839 et
1303 5787 1551 5840 dicentem
1591 5789 1686 5843 sibi
1717 5805 1734 5842 :

159 5862 286 5921 Mitte
309 5872 360 5926 in
387 5872 592 5944 Joppen
621 5875 777 5942 viros,
808 5885 856 5930 et
882 5879 1074 5932 accersi
1100 5877 1366 5932 Simonem
1395 5883 1732 5950 cognomina-

160 5965 250 6011 tum
280 5962 502 6037 Petrum,
537 5969 623 6023 14.
654 5969 744 6040 qui
771 5968 1003 6039 loquetur
1026 5970 1113 6025 tibi
1142 5971 1313 6041 verba,
1342 5972 1394 6026 in
1423 5974 1604 6044 quibus
1623 5974 1734 6030 sal-

3356 488 3456 541 186

1857 622 1946 659 vus
1975 607 2072 658 eris
2105 615 2155 657 tu
2184 616 2230 658 et
2262 608 2493 659 universa
2522 606 2701 658 domus
2732 616 2839 660 tua.
2874 604 2988 659 Non
3030 604 3160 658 dixit
3200 620 3260 658 ea
3285 649 3298 670 ,
3338 623 3454 675 quu-

1855 700 1921 753 ab
1950 699 2141 768 angelo
2185 699 2324 753 dicta
2373 699 2585 753 fuerant
2630 699 2884 754 Cornelio
2916 716 2928 750 :
2965 699 3237 752 Orationes
3271 710 3374 752 tute
3409 709 3456 751 et

1853 791 2180 860 cleemosgnm
2205 799 2306 844 tute
2329 791 2668 845 ascenderunt
2692 792 2745 844 in
2775 793 3072 844 memoriam
3099 791 3152 844 in
3181 801 3454 859 conspectu

1855 878 1971 945 Dei,
2003 890 2070 936 ne
2099 882 2217 935 illos
2239 881 2534 937 olfenderct
2560 899 2573 943 ;
2602 881 2695 935 sed
2725 897 2785 935 ea
2816 882 3002 946 verba,
3034 897 3154 951 qua:
3182 879 3314 935 nihil
3344 896 3456 934 ma-

1852 971 1939 1041 gni
1971 973 2326 1042 przefcrcbant
2361 991 2372 1026 :
2407 972 2664 1042 Loquetur
2690 973 2777 1026 tibi
2801 973 2970 1035 verba,
3001 974 3054 1026 in
3075 972 3255 1043 quibus
3282 973 3456 1027 salvus

1852 1065 1950 1118 eris
1981 1075 2033 1117 tu
2072 1074 2116 1118 et
2163 1066 2395 1127 universa
2435 1067 2618 1120 domus
2663 1078 2770 1118 tua.
2819 1066 3025 1130 Viden‘,
3070 1066 3342 1136 quomodo
3389 1084 3452 1118 ea

1851 1173 2009 1228 quam
2053 1159 2158 1212 dixi
2191 1160 2258 1214 de
2288 1174 2446 1213 causa
2480 1160 2738 1214 festinet?
2787 1159 2855 1214 Et
2886 1159 3014 1213 nihil
3050 1159 3117 1214 de
3151 1161 3247 1213 viri
3295 1175 3435 1213 man.

1850 1250 2133 1305 suetudine
2159 1250 2306 1305 dicit.
2344 1252 2484 1321 Ergo
2515 1252 2716 1320 Spiritu
2747 1252 2990 1304 mittente
3010 1293 3024 1316 ,
3063 1251 3175 1304 Deo
3199 1250 3448 1320 iubente,

1852 1358 1946 1412 per
1975 1345 2223 1411 angelum
2254 1344 2376 1398 inde
2404 1357 2648 1406 vocante,
2683 1345 2806 1399 hinc
2835 1354 3059 1414 urgente
3080 1387 3093 1409 ,
3129 1361 3306 1399 rerum
3345 1344 3456 1398 dis-

1847 1437 2050 1490 crimen
2080 1436 2351 1502 Solrentc,
2379 1438 2506 1506 quid
2537 1436 2836 1491 faciendum
2867 1437 3027 1491 erat?
3055 1436 3161 1491 Sed
3194 1436 3323 1490 nihil
3350 1436 3448 1488 lm-

1850 1542 1965 1580 rum
1996 1527 2148 1592 dixit,
2176 1545 2360 1582 verum
2387 1546 2413 1580 a
2441 1530 2737 1597 posteriore
2761 1530 3048 1583 confirmat
3073 1545 3086 1582 :
3118 1528 3260 1599 quod
3285 1530 3445 1582 ctiam

1852 1633 1946 1687 per
1967 1633 2024 1673 se
2048 1618 2403 1674 indubitatum
2431 1630 2545 1674 erat
2569 1621 2956 1675 testimonium.
2987 1619 3052 1673 Et
3072 1635 3189 1681 cur,
3215 1619 3452 1689 inquies,

1850 1727 1955 1765 non
1989 1711 2088 1766 hoc
2119 1712 2316 1767 factum
2351 1724 2431 1769 cst
2463 1715 2681 1767 solum?
2719 1715 2793 1768 Ex
2826 1712 3120 1767 abundanti
3156 1713 3206 1766 lit
3248 1729 3275 1765 a
3308 1715 3416 1767 Deo
3439 1757 3452 1774 ,

1853 1813 1908 1857 ut
1935 1803 2339 1859 demonstretur
2366 1806 2689 1876 principium
2716 1821 2820 1859 non
2851 1805 2917 1860 ab
2943 1805 3191 1874 apostolo
3221 1819 3362 1858 (δεδι).
3396 1806 3450 1858 Si

1851 1906 2028 1951 autem
2057 1913 2151 1951 sua
2176 1908 2367 1968 sponte
2395 1900 2485 1954 illo
2517 1900 2786 1969 proleclns
2814 1908 2993 1964 esset,
3019 1909 3073 1954 ct
3100 1899 3230 1952 nihil
3262 1900 3478 1954 horum-

1852 1991 2049 2045 lactum
2097 1991 2315 2056 fuisset,
2368 1993 2655 2048 admodum
2699 1995 2890 2048 offensi
2931 1994 3179 2048 fuissent.
3227 1995 3266 2046 Λ
3305 1993 3453 2062 prin-

1850 2084 1990 2155 cipio
2017 2086 2114 2138 sibi
2144 2097 2377 2140 mentem
2409 2087 2619 2140 illorum
2657 2088 2936 2150 conciliat,
2970 2085 3096 2139 dum
3128 2085 3258 2139 dicit
3297 2085 3402 2137 illis
3439 2104 3450 2135 :

1853 2176 1952 2241 Qui
1991 2176 2244 2248 Spiritum
2275 2189 2504 2231 sanctum
2555 2188 2878 2245 acceperunt,
2904 2180 3032 2232 sicut
3059 2188 3104 2231 et
3132 2195 3242 2230 nos.
3273 2177 3338 2232 Et
3359 2178 3458 2230 ite-

1850 2284 1966 2323 rum
2001 2287 2013 2321 :
2047 2271 2131 2325 15.
2162 2269 2287 2324 Cum
2320 2282 2488 2324 autcnt
2508 2274 2774 2339 erupissent
2803 2273 2962 2342 loqui,
2999 2272 3184 2326 cecidit
3229 2271 3457 2340 Spiritus

1849 2371 2052 2416 sanctus
2081 2380 2234 2430 super
2262 2365 2398 2425 illos,
2430 2367 2556 2418 sicut
2583 2373 2627 2417 et
2657 2366 2707 2418 in
2740 2381 2832 2420 nos
2861 2366 2912 2417 in
2944 2365 3114 2418 initio.
3145 2365 3330 2432 Neque
3358 2363 3459 2416 hoc

1849 2463 2134 2508 contentus
2154 2497 2167 2518 ,
2202 2458 2421 2508 vcrbnm
2450 2457 2659 2509 Domini
2690 2466 3102 2510 commemorat.
3134 2456 3222 2509 16.
3259 2455 3450 2508 Recor-

1850 2546 2000 2599 datus
2021 2558 2188 2600 autent
2225 2565 2335 2601 sum
2363 2550 2497 2602 verbi
2527 2548 2733 2610 Domini
2760 2550 2889 2603 sicut
2929 2550 3128 2602 dicebat
3157 2565 3173 2600 :
3219 2547 3450 2600 Joannes

1848 2637 2048 2706 quidem
2072 2639 2339 2708 baptizavit
2362 2657 2514 2709 aqua,
2547 2656 2630 2692 vos
2658 2649 2825 2693 autem
2852 2639 3233 2709 baptizabimini
3255 2640 3307 2692 in
3334 2639 3458 2706 Spi-

1848 2735 1951 2783 ritu
1970 2741 2144 2783 sancto
2176 2732 2193 2799 (
2222 2729 2408 2784 Matth.
2438 2733 2490 2786 5.
2524 2733 2582 2785 ll
2617 2733 2656 2802 ).
2702 2731 2886 2801 Itaque
2920 2731 3052 2784 nihil
3081 2731 3202 2783 nmi
3234 2731 3454 2793 accidit,

1849 2821 1942 2877 sed
1980 2822 2029 2876 id
2059 2823 2199 2892 quod
2232 2822 2577 2892 prmdixerat.
2613 2827 2683 2878 At
2715 2840 2820 2877 non
2853 2825 3173 2894 oportebat,
3210 2825 3420 2895 inquies
3441 2867 3454 2886 ,

1850 2914 2105 2984 baptizari
2138 2933 2150 2969 :
2183 2916 2444 2986 baptisma
2474 2917 2618 2971 enim
2666 2917 2964 2987 perfectum
2998 2926 3113 2971 erat
3135 2960 3147 2982 ,
3183 2933 3305 2971 cum
3339 2915 3458 2986 Spi-

1849 3007 1984 3062 ritus
2014 3018 2231 3063 sanctus
2261 3010 2310 3062 in
2341 3009 2460 3064 illos
2487 2997 2789 3064 descendit...
2832 3010 2958 3064 Ideo
2998 3027 3104 3064 non
3140 3009 3291 3077 dicit,
3316 3010 3460 3065 Jussi

1850 3097 1967 3151 illos
1997 3099 2143 3168 prius
2171 3099 2465 3168 baptizari;
2497 3100 2591 3155 sed
2619 3101 2788 3170 quid?
2829 3101 3094 3171 Numquid
3122 3118 3311 3169 aquam
3341 3117 3461 3169 pro-

1848 3190 2019 3243 hibere
2041 3191 2154 3260 quis
2184 3200 2365 3262 potest,
2400 3201 2455 3244 ut
2484 3207 2584 3245 non
2627 3193 2947 3260 baptizentur
2988 3192 3081 3245 lii?
3113 3193 3237 3246 hinc
3269 3202 3459 3246 osten-

1848 3281 2016 3348 dens,
2070 3297 2130 3338 se
2158 3298 2256 3338 suo
2293 3294 2441 3337 motu
2482 3283 2613 3338 nihil
2664 3283 2876 3340 fecisse.
2924 3284 3077 3352 Quod
3141 3285 3302 3354 igitur
3357 3299 3454 3338 nos

1849 3373 2203 3439 habebamus,
2236 3374 2310 3429 illi
2333 3385 2682 3445 acceperunt.
2725 3377 2812 3430 Π.
2848 3375 2910 3431 Si
2936 3394 3054 3447 ergo
3080 3378 3311 3430 eamdem
3341 3393 3460 3446 gra-

1849 3468 1969 3521 tiam
1997 3468 2134 3521 dedit
2162 3467 2322 3534 Deus,
2360 3471 2550 3540 inquit,
2593 3472 2721 3523 sicut
2751 3481 2795 3525 et
2827 3471 2989 3536 nobis,
3023 3473 3110 3540 qui
3140 3474 3456 3526 credidimus

1846 3559 1899 3611 in
1926 3558 2202 3613 Dominum
2229 3560 2403 3613 .lesunt
2437 3577 2453 3614 :
2481 3578 2571 3632 ego
2600 3564 2713 3632 quis
2743 3580 2902 3627 eram,
2935 3563 3021 3633 qui
3053 3580 3250 3632 possem
3281 3565 3460 3635 pro/ti-

1847 3649 1960 3704 bere
1990 3650 2193 3705 Deum?
2224 3652 2289 3706 Ut
2318 3669 2383 3706 ex
2413 3653 2705 3707 abundanti
2740 3654 2951 3708 illorum
2985 3669 3080 3709 ora
3112 3655 3420 3710 obstrucrct
3443 3697 3458 3720 ,

1849 3742 1970 3797 idco
1997 3743 2220 3797 addidit.
2255 3742 2507 3799 Eamdem
2534 3748 2774 3815 gratiam.
2809 3745 3022 3812 Viden‘,
3049 3748 3322 3817 quomodo
3351 3765 3457 3803 non

1848 3837 2092 3904 permisit
2121 3837 2242 3891 illos
2267 3837 2445 3892 minus
2475 3837 2706 3903 habere,
2743 3839 2833 3910 qui
2865 3840 3033 3893 semel
3066 3841 3458 3896 credidissent?

1848 3929 2036 3984 Parem
2068 3932 2294 4001 gratiam
2326 3931 2474 3986 dedit
2517 3933 2622 3988 illis
2654 3933 2795 3988 Deus
2822 3976 2834 3999 ,
2884 3935 3098 4005 qualem
3132 3935 3325 3999 nobis,
3362 3939 3455 4004 qui

1848 4023 2172 4078 credidimus
2205 4025 2254 4077 in
2291 4025 2572 4078 Dominum
2625 4044 2636 4077 :
2682 4025 2860 4095 itaque
2909 4027 3024 4096 ipse
3071 4037 3262 4097 purgat
3314 4028 3456 4083 illos.

1845 4114 2029 4185 Neque
2071 4115 2237 4180 dicit,
2292 4115 2456 4171 Vobis
2481 4159 2495 4175 .
2549 4117 2680 4184 sed,
2717 4117 2924 4181 Nobis;
2973 4119 3094 4173 hinc
3126 4121 3290 4174 etiam
3337 4138 3457 4174 ser-

1846 4221 2060 4261 monem
2095 4209 2363 4277 mitigans.
2417 4209 2552 4276 Quid
2593 4225 2720 4279 ergo
2763 4210 3154 4279 indignamini,
3189 4228 3309 4266 cmn
3353 4227 3452 4266 nos

1846 4298 1989 4368 ipsos
2022 4300 2306 4368 participes
2327 4299 2605 4354 dicamus?
2632 4302 2717 4355 18.
2752 4301 2850 4354 llis
2874 4303 3088 4368 auditis,
3123 4304 3442 4371 quieverunt,

1845 4401 1890 4443 et
1920 4392 2333 4460 gloriﬁcaverunt
2379 4391 2546 4447 Deum
2573 4436 2585 4458 ,
2634 4396 2857 4450 dicentes
2901 4413 2918 4448 :
2952 4394 3116 4466 Igitur
3149 4407 3192 4449 et
3224 4398 3456 4466 gentibus

1846 4484 2190 4553 paenitentiam
2217 4486 2355 4538 dedit
2390 4486 2523 4540 Deus
2548 4489 2616 4539 ad
2646 4489 2816 4541 vitam.
2865 4489 3048 4543 Vidcn‘
3080 4492 3352 4561 quomodo
3383 4507 3451 4546 ex

1844 4576 2105 4630 concione
2136 4577 2278 4631 Petri
2311 4587 2480 4632 totum
2523 4579 2724 4634 factum
2757 4581 2863 4647 sit,
2898 4582 2986 4654 qui
3019 4597 3080 4635 ca
3102 4625 3116 4648 ,
3166 4599 3284 4652 qua:
3320 4583 3455 4638 facta

1845 4665 2076 4732 fuerant,
2109 4675 2254 4724 recte
2278 4672 2621 4725 narraverit?
2650 4673 2773 4727 Ideo
2797 4674 3232 4742 gloriﬁcaverunt
3261 4677 3453 4738 Deum,

1843 4758 1987 4827 quod
2019 4761 2176 4814 etiam
2213 4761 2318 4816 illis
2351 4763 2720 4832 pmnitcntiam
2764 4765 2975 4820 dederit
3011 4785 3022 4819 :
3068 4771 3140 4821 ita
3186 4768 3453 4824 bumiliati

1843 4861 1966 4904 sunt
1987 4852 2053 4906 ab
2076 4852 2159 4907 his
2182 4857 2542 4910 sermonibus.
2576 4856 2711 4912 llinc
2739 4869 2922 4927 aperta
2949 4859 3166 4914 domum
3198 4863 3454 4930 gentibus

1839 4945 2000 5015 janua
2031 4947 2146 5001 fuit.
2183 4947 2310 5016 Sed,
2346 4951 2388 5003 si
2424 4950 2621 5019 placet,
2652 4953 2933 5020 superiora
2968 4966 3299 5024 repetamus.
3338 4955 3452 5009 Non

1841 5039 1996 5106 dixit,
2031 5040 2371 5110 Disceptabat
2400 5043 2592 5098 Petrus
2615 5085 2630 5106 ,
2663 5047 2757 5100 sed
2781 5087 2794 5110 ,
2833 5046 2930 5112 Qui
2959 5060 3102 5100 erant
3135 5066 3197 5101 ex
3223 5049 3447 5102 circum-

1842 5132 2069 5185 cisione:
2097 5134 2348 5202 quoniam
2380 5135 2493 5204 ipse
2519 5137 2751 5202 sciebat,
2778 5139 2921 5207 quod
2949 5142 3254 5206 parabatur.
3283 5143 3447 5211 Atqui

1844 5222 1973 5277 illud
2004 5227 2287 5293 oportebat
2320 5228 2500 5281 tnirari
2523 5271 2537 5294 ,
2579 5230 2849 5298 quomodo
2879 5240 2929 5284 ct
2961 5230 3445 5286 illi-credidissent.

1841 5315 2070 5382 Quando
2103 5317 2262 5388 igitur
2305 5319 2620 5385 audierunt,
2678 5322 2820 5393 quod
2869 5323 3264 5385 credidissent,
3319 5325 3453 5378 nihil

1843 5410 1983 5478 passi
2033 5419 2190 5476 sunt;
2236 5411 2330 5466 sed
2379 5427 2499 5466 cum
2550 5414 2689 5468 Deus
2735 5415 2958 5484 largitus
3006 5424 3091 5469 est
3141 5414 3448 5485 Spiritum,

1840 5502 2056 5572 quando
2087 5503 2279 5558 Petrus
2323 5506 2629 5574 exponebat
2663 5507 2924 5562 visionem
2976 5523 3127 5561 suam
3151 5549 3165 5571 ,
3209 5509 3397 5562 dicens
3433 5527 3446 5562 :

1842 5594 1985 5650 Deus
2006 5597 2243 5650 ostendit
2267 5598 2417 5665 mihi,
2453 5615 2520 5653 ne
2545 5615 2701 5669 quem
2732 5600 3005 5655 hominem
3033 5601 3269 5656 dicerem
3298 5617 3448 5655 corn-

1841 5705 2055 5745 munem
2087 5693 2170 5746 vel
2203 5693 2559 5748 immundum.
2607 5694 2696 5750 Sic
2728 5695 2816 5749 ille
2845 5695 2951 5764 iam
2983 5705 3139 5751 antea
3177 5695 3277 5750 hoc
3310 5696 3452 5749 scio.

1841 5784 1950 5839 bat.
2012 5784 2219 5840 Idcirco
2272 5802 2367 5857 pro
2412 5787 2664 5858 gentibus
2721 5802 3030 5844 sermonem
3087 5790 3446 5858 praeparavit,

1841 5879 2132 5935 ostendens
2175 5880 2295 5937 illas
2339 5883 2662 5939 adveniente
2712 5883 2816 5938 lide
2846 5899 2952 5938 non
3000 5883 3232 5954 amplius
3262 5892 3451 5953 gentes

1843 5972 2068 6030 futuras.
2095 5973 2239 6031 Nihil
2264 5975 2456 6031 mirum
2488 5992 2635 6047 ergo,
2664 5978 2709 6034 si
2739 5986 2863 6034 ante
2894 5977 3158 6050 baptisma
3187 5975 3447 6048 Spiritum
