4082 6490
626 499 721 551 18ἷ

623 603 966 673 acet-perint:
1009 605 1191 651 nostro
1216 603 1430 664 quoque
1455 596 1695 655 tempore
1728 580 1828 635 hoc
1861 577 2054 631 factum
2084 579 2187 624 est.

622 696 717 751 llic
746 660 973 747 ostendit
1004 688 1214 752 Petrus,
1235 660 1383 753 quod
1412 680 1487 733 illi
1520 692 1623 730 non
1656 674 1793 726 sicut
1821 668 1910 723 alii
1945 660 2193 733 haptizati

622 790 759 849 sint,
805 780 898 836 sed
943 777 1110 833 multo
1149 773 1359 829 melius.
1404 769 1526 825 Ideo
1556 766 1633 819 sic
1661 779 1728 817 ex
1760 754 2048 815 abundanti
2082 765 2195 805 rem

623 846 875 942 disponit,
904 885 973 924 ne
998 866 1123 938 quid
1144 864 1323 919 dicere
1352 859 1577 930 passim,
1608 853 1703 908 sed
1732 860 1789 906 ut
1817 849 1895 904 sic
1922 846 2021 903 sibi
2045 858 2198 914 parrs

625 965 854 1021 habeant
884 961 1023 1015 illos.
1065 955 1131 1011 Et
1162 958 1458 1026 rogaverunt
1497 948 1684 1011 illum,
1734 942 1935 1011 inquit,
1990 944 2046 990 ut
2093 950 2202 987 ma-

627 1065 782 1109 neret.
830 1051 1011 1108 Viden‘
1058 1044 1454 1119 quomodonon
1500 1035 1831 1092 familiariter
1882 1042 2007 1098 erga
2055 1026 2201 1080 illum

626 1146 802 1202 affecti
835 1150 1013 1198 essent
1030 1141 1057 1196 ἲ
1078 1115 1253 1193 viden’
1282 1141 1537 1204 quantum
1564 1129 1737 1182 zelum
1764 1138 1859 1195 pro
1896 1121 2011 1191 lege
2038 1115 2204 1171 habe-

626 1236 787 1294 rent?
814 1231 1265 1302 Nondignitatem
1298 1225 1441 1281 Petri
1468 1220 1684 1278 reveriti
1718 1225 1881 1282 sunt,
1927 1227 2031 1268 non
2062 1210 2203 1266 edita

631 1333 780 1399 signa
801 1370 816 1392 ,
848 1342 950 1381 non
979 1331 1181 1377 tantum
1211 1318 1338 1375 illud
1360 1329 1514 1386 opus,
1545 1310 1687 1383 quod
1736 1314 2040 1377 susceptum
2063 1308 2208 1357 esset

631 1395 883 1485 verbum;
930 1416 1024 1474 sed
1072 1416 1141 1470 ob
1186 1424 1344 1483 parva
1386 1408 1479 1463 illa
1526 1401 1896 1475 disceptabant
1959 1395 2015 1452 Si
2064 1395 2207 1450 enim

631 1516 762 1571 nihil
795 1514 983 1568 horum
1014 1509 1239 1573 luisset,
1283 1518 1391 1560 non
1434 1510 1517 1557 sat
1556 1498 1743 1553 fuisset
1780 1490 2099 1565 prmStitum.
2141 1488 2210 1541 At

630 1622 736 1662 non
769 1606 839 1660 ita
868 1619 925 1659 se
954 1608 1145 1674 purgat
1170 1598 1358 1653 Petrus
1391 1611 1403 1647 :
1432 1590 1667 1663 prudens
1692 1587 1891 1657 quippe
1919 1589 2070 1646 erat;
2100 1578 2210 1633 imo

634 1714 737 1754 non
770 1712 837 1752 ex
867 1692 1142 1766 prudentia
1188 1688 1356 1760 ipsius
1375 1727 1391 1753 ,
1433 1684 1527 1739 sed
1556 1698 1621 1737 ex
1650 1679 1851 1749 Spiritu
1880 1674 2043 1730 verba
2076 1686 2201 1742 pro-

644 1786 1034 1842 ﬁciscebantur.
1080 1782 1145 1837 Et
1171 1781 1223 1835 in
1253 1775 1564 1833 defensione
1594 1786 1688 1827 sua
1716 1784 1776 1825 se
1805 1783 1910 1823 non
1940 1772 2211 1819 auctorem

636 1876 900 1942 ostendit,
933 1874 1025 1929 sed
1054 1872 1247 1942 ubique
1274 1870 1459 1923 Deum.
1511 1864 1578 1919 Et
1608 1871 1814 1917 tantum
1855 1872 1960 1911 non
1994 1856 2113 1923 illos
2136 1853 2216 1909 sic

634 1968 821 2024 affatur
846 1983 860 2025 ;
889 1966 1005 2033 Ipse
1032 1962 1179 2027 fecit,
1212 1970 1269 2013 ut
1297 1960 1350 2013 in
1379 1968 1604 2013 excessu
1634 1949 1829 2005 mentis
1857 1962 2035 2004 essem
2068 1963 2081 1999 :
2117 1956 2217 2013 ego

637 2060 779 2115 enim
809 2054 1125 2125 simpliciter
1152 2050 1371 2107 orabam
1407 2065 1419 2100 :
1454 2046 1545 2100 ille
1574 2057 1668 2097 vas
1697 2038 1825 2095 illud
1852 2034 2169 2093 monstravit
2199 2048 2213 2086 :

641 2166 740 2220 ego
769 2144 1194 2203 contradicebam
1226 2160 1240 2195 :
1268 2154 1481 2195 rursum
1504 2137 1591 2191 ille
1618 2134 1787 2199 dixit,
1820 2144 1993 2201 neque
2019 2128 2096 2183 sic
2117 2140 2218 2195 ego

638 2239 815 2301 audivi
851 2255 863 2291 :
894 2236 1118 2306 Spiritus
1132 2233 1287 2306 jussit
1312 2229 1450 2284 abire
1476 2245 1496 2283 :
1526 2236 1581 2283 et
1610 2226 1796 2281 abiens
1821 2237 1927 2277 non
1958 2232 2218 2274 accurre-

639 2334 759 2389 bam
790 2351 802 2385 :
836 2330 942 2387 dixi
970 2327 1114 2401 quod
1144 2328 1284 2382 Deus
1327 2323 1572 2385 miserit;
1622 2329 1676 2375 et
1706 2327 1890 2387 postea
1931 2328 2104 2384 neque
2144 2310 2223 2367 sic

639 2424 934 2494 baptizavi,
965 2421 1059 2477 sed
1089 2433 1299 2474 rursum
1329 2417 1470 2471 Deus
1494 2423 1662 2470 totum
1686 2410 1882 2465 effecit.
1916 2408 2055 2478 Ergo
2084 2406 2224 2460 Deus

643 2516 765 2571 illos
791 2514 1098 2584 baptizavit,
1130 2525 1235 2565 non
1260 2523 1380 2579 ego.
1410 2506 1518 2561 Nec
1544 2504 1710 2571 dixit,
1745 2503 1874 2557 Post
1902 2501 2015 2554 lucc
2042 2496 2221 2552 omnia

646 2620 821 2661 annon
852 2604 1132 2674 Oportebat
1166 2601 1379 2655 demum
1425 2610 1615 2667 aquam
1646 2591 1891 2649 addere?
1932 2588 2028 2645 sed
2070 2585 2224 2659 quasi

645 2696 775 2755 nihil
804 2696 1077 2759 deficeret,
1110 2691 1221 2763 Ego
1250 2691 1361 2761 quis
1382 2704 1542 2753 erata,
1572 2685 1775 2755 inquit,
1802 2683 1887 2754 qui
1911 2679 2225 2751 prohiberent

646 2788 851 2843 Deum?
891 2786 1076 2855 Papae,
1124 2784 1296 2853 qualis
1323 2781 1598 2837 defensio!
1650 2777 1835 2847 Neque
1865 2774 2007 2830 enim
2040 2773 2178 2827 dixit
2211 2788 2223 2823 :

649 2882 773 2935 ιιιεο
800 2894 928 2949 ergo
957 2891 1081 2932 cum
1107 2875 1287 2930 sciatis
1308 2916 1323 2941 ,
1355 2872 1652 2945 quiescite;
1686 2868 1781 2924 sed
1807 2866 1979 2939 quid?
2015 2864 2231 2934 Excipit

647 2974 856 3028 illorum
907 2973 1182 3040 impetum,
1236 2978 1290 3023 et
1330 2968 1433 3021 illis
1462 2963 1835 3019 accusantibus
1890 2975 1951 3016 se
1992 2968 2224 3029 purgat:

650 3065 776 3130 Quis
802 3081 941 3119 aram
977 3064 1062 3133 qui
1091 3077 1286 3129 possem
1313 3058 1577 3129 prohibere
1616 3054 1779 3109 Deum
1808 3056 1831 3109 ?
1862 3052 2014 3107 dixit.
2048 3050 2230 3106 Vehe-

648 3165 853 3211 menter
881 3165 934 3210 et
962 3154 1194 3225 graviter
1220 3166 1279 3207 se
1308 3148 1547 3205 defendit
1577 3164 1590 3200 :
1624 3145 1737 3201 Non
1769 3154 2009 3214 poteram
2045 3141 2229 3213 prohi-

651 3247 795 3301 bere.
829 3244 980 3301 Unde
1009 3243 1221 3299 tandem
1251 3240 1492 3297 deterriti
1518 3239 1868 3308 quieverunt,
1891 3243 1947 3290 et
1970 3233 2237 3305 glorifica-

654 3346 847 3392 verunt
876 3338 1066 3391 Deum.

724 3432 779 3484 5.
810 3430 896 3484 Sic
920 3437 974 3482 et
1002 3441 1097 3483 nos
1122 3433 1331 3496 oportet
1356 3424 1405 3477 in
1437 3421 1800 3493 proximorum
1836 3417 1991 3473 bonis
2020 3414 2226 3486 gloriﬁ-

656 3538 779 3577 care
811 3523 997 3584 Deum,
1029 3534 1133 3574 non
1168 3525 1347 3573 autem
1378 3516 1636 3570 insultare
1664 3512 1791 3578 illis,
1823 3511 1963 3565 sicut
1994 3508 2143 3563 multi
2170 3523 2237 3562 ex

656 3630 845 3670 recens
874 3612 1191 3668 illuminatis
1228 3610 1521 3673 insultant,
1552 3604 1765 3676 quando
1797 3603 1981 3657 vident
2016 3602 2152 3656 alios
2176 3599 2238 3653 il-

660 3706 944 3769 luminari,
977 3714 1031 3759 et
1075 3704 1254 3758 statim
1300 3700 1619 3769 demigrare.
1666 3694 1981 3751 Gloriticare
2029 3698 2242 3761 Oportet

662 3800 826 3853 Deum
856 3796 936 3851 vel
963 3793 1104 3865 quod
1134 3806 1355 3846 manere
1396 3804 1501 3842 non
1529 3784 1809 3842 concedat.
1854 3783 2038 3852 Itaque
2078 3792 2164 3846 tu,
2194 3781 2241 3833 si

667 3889 801 3943 velis
823 3929 837 3950 ,
871 3888 1041 3955 majus
1065 3880 1320 3953 accepisti
1348 3879 1578 3941 denum;
1602 3890 1707 3930 non
1738 3872 1881 3955 quod
1910 3872 2241 3925 illuminatus

664 3982 738 4034 sis
757 3981 776 4048 (
799 3980 897 4033 hoc
920 3978 1064 4033 enim
1090 3977 1203 4046 ipse
1228 3984 1398 4029 tecum
1420 3982 1706 4026 commune
1732 3964 1951 4037 habet);
1982 3963 2077 4020 sed
2099 3961 2241 4033 quod

666 4070 732 4125 ad
777 4069 1032 4139 prmclare
1068 4066 1328 4138 agendum
1372 4074 1582 4132 tempus
1606 4058 1897 4129 acceperis.
1935 4057 2025 4111 Ille
2051 4054 2243 4109 stolam

668 4161 859 4225 induit,
893 4174 991 4214 nec
1029 4158 1345 4228 permissum
1372 4153 1418 4209 ei
1448 4152 1545 4206 fuit
1566 4192 1579 4217 ,
1610 4162 1664 4206 ut
1694 4149 1782 4202 illa
1811 4162 1869 4202 se
1896 4144 2244 4216 spectabilem

668 4253 921 4311 redderet
953 4270 965 4305 :
994 4250 1085 4305 tibi
1124 4249 1345 4304 multam
1376 4244 1523 4300 dedit
1556 4243 1695 4296 Deus
1722 4240 2031 4294 facultatem
2064 4235 2244 4289 utendi

670 4347 835 4401 armis
865 4351 922 4397 ut
949 4349 1191 4411 oportet,
1216 4347 1269 4393 et
1301 4338 1424 4390 hinc
1466 4334 1551 4388 illa
1585 4329 1838 4399 experiri.
1885 4329 1976 4384 Ille
2017 4335 2205 4398 migrat
2227 4366 2243 4394 ,

674 4436 793 4490 lidei
824 4444 1027 4488 tantum
1050 4429 1351 4485 mercedem
1380 4426 1585 4481 habens
1616 4441 1627 4476 :
1661 4432 1714 4477 tu
1740 4433 1851 4477 stas
1878 4422 1929 4475 in
1956 4420 2152 4484 stadio,
2194 4426 2248 4472 et

673 4527 866 4581 multas
895 4537 1117 4593 operum
1147 4518 1422 4579 mercedes
1446 4518 1689 4584 accipere
1716 4522 1889 4583 potes,
1918 4521 2077 4580 atque
2100 4516 2247 4564 tanto

679 4618 771 4671 illo
802 4614 1130 4685 splendidior
1156 4622 1415 4681 apparere
1436 4650 1449 4672 ,
1473 4614 1672 4677 quanto
1702 4604 1780 4659 sol
1810 4602 2028 4656 minima
2056 4599 2210 4655 stella
2234 4640 2248 4663 ,

674 4716 872 4778 quanto
900 4706 1005 4761 dux
1038 4704 1224 4759 ultimo
1251 4700 1437 4766 milite,
1480 4699 1585 4751 imo
1610 4703 1811 4766 quanto
1840 4709 1953 4749 rex.
1988 4693 2147 4763 Igitur
2176 4702 2255 4745 te-

676 4800 846 4866 ipsum
896 4778 1378 4859 criminarefimo
1425 4805 1492 4844 ne
1540 4787 1877 4853 crimineris,
1921 4784 2015 4838 sed
2046 4782 2254 4851 corrige

676 4906 886 4960 semper
914 4908 925 4942 :
956 4902 1059 4942 non
1086 4888 1239 4941 enim
1259 4882 1457 4939 sullicit
1478 4880 1747 4935 criminari
1768 4918 1782 4943 ,
1811 4878 1934 4932 licet
1954 4874 2249 4930 decertare.

680 4984 923 5051 Dl'jeClUS
952 4982 1048 5034 es?
1074 4980 1251 5050 gravia
1282 4993 1470 5049 passus
1497 4974 1593 5030 es?
1617 4974 1879 5042 Resurge,
1907 4970 2137 5039 teipsum
2162 4982 2252 5023 re—

680 5090 799 5129 crea
830 5092 842 5127 :
873 5085 981 5127 Stas
1010 5070 1185 5125 adhuc
1232 5071 1284 5123 in
1333 5068 1504 5122 stadio
1525 5106 1538 5128 ,
1583 5065 1756 5119 adhuc
1787 5063 2052 5118 theatrum
2082 5058 2251 5114 adest.

682 5168 793 5222 Non
823 5166 991 5231 vides,
1024 5173 1149 5234 quot
1181 5162 1232 5217 in
1263 5175 1433 5231 pugna
1463 5158 1751 5229 prostrati,
1781 5170 1991 5211 rursum
2014 5153 2257 5208 decerta-

680 5262 835 5314 rnnt?
876 5260 1101 5313 Tantum
1150 5274 1217 5313 ne
1262 5268 1452 5328 sponte
1498 5254 1836 5308 succumbas.
1880 5252 2100 5306 Beatum
2129 5250 2260 5307 dicis

680 5367 799 5406 cum
854 5353 939 5420 qui
994 5350 1274 5405 defunctus
1326 5348 1450 5405 est?
1513 5347 1767 5417 Teipsum
1826 5345 1993 5415 magis
2048 5344 2256 5399 beatum

682 5442 866 5497 dii-ito.
900 5440 1115 5495 Solutus
1137 5450 1219 5496 est
1245 5455 1274 5494 a
1304 5439 1532 5509 peccatis
1573 5436 1697 5492 ille?
1724 5434 1828 5491 Sed
1848 5478 1863 5503 ,
1893 5437 1936 5491 si
1969 5436 2122 5502 velis,
2155 5451 2256 5489 non

688 5534 845 5589 modo
874 5542 1091 5604 peccata
1135 5532 1357 5596 ablues,
1416 5531 1523 5584 imo
1578 5531 1739 5585 etiam
1798 5528 1953 5583 bouis
2009 5526 2258 5597 operibus

689 5628 973 5681 instructus
1002 5626 1133 5692 eris,
1170 5624 1309 5696 quod
1354 5624 1440 5679 ille
1467 5640 1569 5679 non
1601 5633 1794 5695 potest.
1844 5623 2134 5679 Pssumus
2162 5635 2257 5677 nos

688 5724 829 5789 ipsos
860 5733 1130 5775 revocare.

764 5812 1075 5865 l’ieniientite
1118 5811 1393 5881 pharmace
1440 5826 1622 5881 magna
1668 5816 1804 5863 sunt.
1831 5806 2107 5876 -—Magna
2136 5814 2257 5859 sunt

686 5904 1017 5975 pmnitcutize
1068 5902 1351 5973 pharmaca
1386 5920 1398 5957 :
1431 5915 1587 5957 nemo
1626 5901 1690 5955 de
1733 5914 1790 5957 sc
1835 5899 2101 5971 deSperet.
2164 5897 2253 5952 Ille

1358 477 1412 530 S.
1454 469 1728 529 JOANNIS
1766 458 2233 522 CllllYSOSTOlII
2276 449 2588 508 AlltllllEl’.
2634 439 3166 499 CONSTANTINOP.

3800 433 3900 483 1κῆ

2308 580 2428 618 vere
2461 559 2839 631 desperatione
2867 558 3058 627 dignus
3081 595 3095 619 ,
3130 553 3215 623 qui
3248 551 3495 619 desperat
3523 590 3537 602 .
3568 547 3655 600 ille
3683 562 3789 599 non
3817 548 3897 597 nl-

2308 666 2385 711 tra
2407 667 2556 723 spem
2598 651 2786 704 salutis
2818 649 2977 701 habet
3004 650 3043 699 ‘.
3093 644 3207 699 Non
3240 653 3343 695 tam
3371 656 3535 711 grave
3565 650 3646 694 est
3678 638 3731 691 in
3767 651 3897 705 pro—

2309 747 2527 803 funtlum
2572 743 2836 799 malorum
2865 742 3051 796 venire
3074 781 3090 806 ,
3120 752 3278 809 quam
3304 744 3488 807 postea
3520 733 3629 787 illic
3664 733 3854 801 jacere
3886 747 3898 781 :

2308 854 2412 895 non
2441 837 2659 907 impium
2688 844 2771 890 est
2798 835 2850 888 in
2884 832 3205 904 profundum
3238 828 3497 883 malorum
3525 824 3866 881 descendere
3885 864 3898 887 ,

2309 930 2401 986 sed
2428 929 2497 983 ibi
2530 928 2762 999 positum
2785 934 3155 981 contemnere.
3179 922 3340 989 Num,
3364 934 3547 991 quaeso
3564 961 3579 985 ,
3614 917 3703 971 ubi
3729 916 3907 987 magis

2309 1020 2594 1076 sollicitum
2646 1033 2769 1074 esse
2796 1023 3092 1086 oporteret,
3142 1014 3213 1068 ibi
3257 1009 3604 1067 contemnis?
3633 1009 3741 1064 Tot
3768 1023 3907 1063 con-

2312 1116 2488 1171 fossus
2512 1112 2821 1168 vulneribus
2845 1151 2861 1177 ,
2890 1108 3171 1166 cecidisti?
3215 1106 3431 1161 Nullum
3478 1105 3674 1159 anima:
3705 1102 3909 1157 vulnus

2314 1207 2609 1264 insanabile
2640 1217 2724 1261 est
2754 1222 2768 1260 :
2798 1202 2894 1259 sed
2945 1204 2999 1257 in
3036 1214 3265 1271 corpore
3305 1197 3471 1253 multa
3499 1206 3627 1250 sunt
3649 1194 3779 1249 talia
3802 1235 3819 1263 ,
3852 1194 3909 1246 in

2313 1302 2488 1355 anima
2519 1300 2746 1354 nullum.
2774 1298 2867 1352 Illa
2896 1305 3073 1351 tamen
3121 1292 3405 1363 diligenter
3429 1304 3621 1345 curare
3651 1301 3760 1344 non
3788 1287 3898 1343 de-

2314 1396 2584 1459 sistimus;
2614 1392 2729 1447 haec
2757 1405 2888 1447 vero
2918 1390 3256 1464 negligimus.
3298 1385 3413 1441 Non
3439 1384 3590 1439 vides
3621 1383 3891 1437 latronem

2316 1488 2486 1551 illum,
2514 1500 2670 1556 quam
2696 1483 2842 1539 brevi
2867 1492 3108 1550 tempore
3131 1480 3388 1551 praeclara
3418 1473 3650 1531 fecerit?
3677 1489 3789 1529 non
3818 1473 3904 1528 vi-

2316 1579 2413 1635 des
2460 1586 2753 1648 martyres,
2783 1573 3055 1645 qnomodo
3110 1571 3259 1627 brevi
3302 1578 3545 1640 tempore
3584 1576 3754 1623 totum
3784 1582 3913 1635 per-

2318 1668 2603 1727 fecerunt?
2634 1668 2703 1722 At
2731 1682 2839 1721 non
2866 1663 2975 1734 jam
3003 1672 3089 1719 est
3115 1661 3354 1732 martyrii
3386 1658 3635 1730 tempus?
3660 1656 3767 1713 Sed
3790 1672 3916 1713 cer-

2319 1762 2581 1817 taminum
2611 1769 2821 1829 tempus
2846 1764 2931 1811 est
2955 1798 2969 1824 ,
3008 1754 3052 1811 si
3082 1754 3308 1809 velimus
3332 1793 3347 1817 ,
3377 1760 3435 1806 ut
3459 1765 3605 1821 saepe
3629 1748 3770 1804 dixi.
3807 1746 3916 1815 Qui

2316 1857 2461 1911 enim
2490 1854 2695 1918 volunt,
2730 1851 2933 1922 inquit,
2963 1850 3014 1903 in
3042 1848 3246 1904 Christo
3274 1845 3397 1901 Jesu
3426 1846 3507 1915 pie
3527 1844 3709 1909 vivere,
3741 1858 3918 1913 perse-

2317 1950 2610 2018 quutioth
2653 1944 2911 2015 patientur
2938 1942 3013 2013 (2.
3047 1940 3179 1994 Tim.
3208 1941 3261 1993 '5.
3294 1935 3405 2009 12).
3431 1935 3534 2003 Qui
3566 1936 3652 2005 pie
3692 1934 3917 1999 vivunt,

2329 2054 2544 2109 semper
2574 2034 3045 2106 persequutionem
3085 2032 3392 2102 patiuntur:
3438 2028 3483 2083 si
3514 2043 3619 2083 non
3646 2026 3714 2083 ab
3741 2026 3922 2080 homi-

2324 2134 2501 2196 nibus,
2528 2138 2675 2184 certe
2699 2144 2728 2182 a
2754 2123 3110 2191 daemonibus,
3140 2139 3260 2193 quia
3286 2136 3416 2177 sane
3443 2121 3658 2192 gravior
3685 2129 3770 2175 est
3797 2134 3923 2189 pcr-

2324 2223 2588 2292 scqnutio.
2620 2222 2685 2275 Et
2723 2221 2898 2291 primo
2921 2235 2984 2273 ex
3014 2216 3219 2271 incuria
3256 2215 3394 2270 hanc
3424 2215 3691 2270 sustinent
3720 2212 3795 2279 ii,
3827 2212 3922 2281 qui

2327 2332 2431 2371 non
2462 2314 2700 2385 vigilant.
2734 2314 2815 2367 An
2845 2324 3061 2382 parvam
3093 2316 3247 2379 putas
3278 2307 3756 2378 persequutionem
3785 2318 3915 2357 cum

2328 2407 2529 2462 incuria
2559 2403 2774 2459 vivere?
2800 2402 2910 2457 IIoc
2951 2401 3192 2456 omnium
3236 2407 3321 2454 est
3364 2397 3771 2467 gravissimum,
3818 2394 3925 2447 hoc

2330 2498 2739 2567 persequutione
2768 2494 2938 2565 pejus.
2989 2492 3120 2547 Nam
3147 2492 3291 2546 velut
3339 2490 3514 2544 ﬂuxus
3545 2501 3793 2551 manans,
3832 2485 3921 2540 in-

2327 2591 2472 2645 curia
2507 2588 2742 2642 animam
2784 2586 2991 2641 emollit
3022 2601 3036 2636 :
3074 2584 3413 2653 idipsnmque
3441 2590 3524 2637 est
3576 2579 3928 2651 persequutio

2329 2692 2383 2739 et
2417 2680 2655 2743 incuria,
2686 2677 2829 2750 quod
2874 2687 3033 2732 aestas
3080 2685 3135 2730 et
3186 2674 3379 2729 hiems.
3430 2671 3702 2728 Utautcm
3752 2671 3928 2740 magis

2332 2775 2540 2830 ediscas
2587 2772 2825 2843 pejorem
2871 2784 2993 2826 esse
3046 2768 3185 2823 hanc
3235 2766 3745 2837 persequutionem,
3798 2763 3930 2818 hinc

2334 2864 2918 2935 perpendezsomnum
2971 2860 3023 2913 in
3070 2859 3304 2914 animam
3365 2856 3635 2919 immittit,
3689 2855 3931 2909 oscitan-

2337 2958 2460 3011 tiam
2493 2965 2547 3010 et
2578 2952 2955 3025 negligentiam
2983 2965 3230 3022 magnam
3272 2948 3429 3011 indit,
3456 2947 3739 3017 passiones
3771 2945 3931 2999 undi-

2334 3062 2437 3118 que
2461 3048 2688 3112 excitat;
2737 3054 2909 3100 armat
2948 3042 3174 3108 fastum,
3223 3049 3399 3096 armat
3428 3040 3761 3110 voluptatem
3785 3080 3799 3103 ,
3834 3053 3930 3093 ar-

2337 3151 2445 3196 tuat
2470 3142 2624 3205 iram,
2656 3139 2908 3195 invidiam
2932 3180 2947 3205 ,
2985 3152 3174 3191 vanam
3204 3134 3430 3206 gloriam
3457 3176 3472 3200 ,
3504 3132 3928 3187 :nmutationem.

2337 3236 2407 3290 At
2442 3235 2493 3288 in
2518 3232 2939 3303 persequutione
2982 3230 3117 3285 nihil
3161 3228 3351 3282 horum
3379 3226 3597 3281 turbare
3626 3226 3807 3287 valet;
3838 3239 3935 3279 ve-

2338 3341 2456 3379 rum
2489 3326 2647 3379 timor
2673 3322 2931 3378 invadens
2958 3362 2973 3386 ,
3001 3320 3151 3389 quasi
3178 3318 3410 3389 quodam
3438 3316 3607 3388 ﬂagro
3638 3316 3935 3372 latrantem

2339 3431 2527 3473 canem
2554 3417 2841 3486 impetens,
2874 3413 2973 3468 bos
2998 3426 3188 3468 omnes
3207 3409 3374 3465 animi
3399 3417 3577 3464 motus
3604 3423 3671 3463 ne
3695 3407 3939 3462 suboriri

2341 3511 2554 3581 quidem
2585 3510 2733 3564 sinit.
2763 3508 2894 3576 Quis
2936 3507 2988 3561 in
3034 3502 3448 3575 persequutione
3476 3517 3611 3555 vana
3638 3501 3805 3572 gloria
3852 3498 3938 3554 cf-

2344 3605 2467 3660 ferri
2513 3604 2725 3674 potest?
2755 3603 2873 3673 quis
2924 3601 2976 3655 in
3010 3599 3282 3669 voluptate
3324 3594 3558 3667 degere?
3599 3591 3805 3658 Nemo;
3840 3591 3939 3647 sed

2348 3708 2548 3752 tremor
2592 3696 2789 3750 multus
2822 3702 2873 3749 ct
2915 3700 3089 3747 metus
3133 3688 3325 3754 adest,
3360 3687 3449 3757 qui
3490 3698 3740 3756 magnam
3799 3684 3943 3753 parit

2348 3789 2822 3859 tranquillitatem,
2879 3783 3149 3856 placidum
3199 3789 3352 3853 parat
3397 3788 3646 3851 portum,
3700 3776 3942 3831 animam

2358 3882 2497 3952 piam
2514 3880 2711 3936 reddit.
2730 3878 2921 3934 Audivi
2948 3874 3235 3947 aliquando
3257 3883 3437 3943 patres
3460 3878 3677 3926 nostros
3697 3868 3947 3924 dicentes

2349 3973 2444 4043 (id
2477 3972 2617 4042 quod
2657 3986 2723 4026 ne
2752 3978 2935 4023 nostra
2979 3975 3139 4021 aetate
3187 3964 3278 4019 flat
3302 3972 3466 4033 opto;
3493 3960 3745 4032 jubemur
3788 3959 3941 4014 enim

2352 4064 2698 4119 tentationem
2730 4075 2834 4114 non
2870 4067 3050 4129 petere
3072 4056 3115 4129 ).
3147 4054 3290 4127 quod
3319 4054 3446 4109 olim
3481 4063 3723 4122 tempore
3754 4066 3947 4121 perse-

2350 4158 2621 4229 quutionis
2655 4156 2836 4210 videre
2876 4163 2991 4209 erat
3023 4153 3168 4206 viros
3211 4164 3340 4205 vere
3366 4148 3722 4203 Christianos.
3753 4143 3948 4199 Nullus

2349 4251 2651 4319 enim.opes
2681 4247 2925 4308 curabat,
2957 4260 3064 4299 non
3092 4256 3339 4304 uxorem,
3368 4254 3477 4295 non
3504 4238 3676 4304 ﬁlios,
3708 4251 3815 4292 non
3850 4236 3949 4292 do-

2352 4358 2532 4409 mum,
2585 4356 2689 4395 non
2732 4339 2958 4409 patriam
2990 4354 3003 4391 :
3035 4351 3139 4391 una
3178 4335 3428 4389 omnibus
3464 4346 3592 4387 cura
3633 4338 3752 4385 erat
3793 4344 3950 4384 suam

2352 4448 2569 4490 servare
2587 4434 2839 4485 animam.
2868 4430 2971 4484 Alii
2991 4432 3046 4484 in
3069 4426 3433 4482 monumentis
3459 4434 3515 4480 et
3541 4423 3832 4494 sepulcris,
3857 4422 3948 4477 alii

2356 4528 2408 4582 in
2438 4525 2665 4581 desertis
2696 4523 2954 4578 latebant.
3004 4520 3121 4576 Non
3173 4518 3347 4574 solum
3392 4524 3569 4571 autem
3601 4514 3739 4580 viri,
3769 4513 3867 4568 sed
3900 4523 3952 4568 et

2356 4619 2609 4694 mulieres
2638 4626 2839 4671 tenera:
2860 4629 2923 4669 ac
2947 4613 3193 4669 delicata:
3222 4620 3347 4665 tunc
3372 4606 3807 4667 occultabantur.
3826 4618 3948 4660 cum

2362 4720 2617 4782 perpetua
2653 4709 2790 4764 fame
2819 4707 3210 4763 conflictantes.
3259 4703 3443 4775 Cogita
3472 4716 3632 4773 ergo,
3666 4715 3797 4756 num
3828 4714 3949 4755 mu-

2358 4805 2476 4859 lieri
2505 4802 2570 4857 ad
2597 4801 2902 4871 sepulcrum
2949 4797 3139 4853 latenti
3178 4795 3507 4851 etancillam
3550 4794 3813 4848 ferentem
3834 4804 3951 4847 cm-

2358 4912 2479 4951 nam
2503 4892 2872 4965 exspectanti,
2906 4904 2970 4945 ac
3009 4903 3076 4944 ne
3103 4895 3388 4957 caperetur
3414 4883 3659 4949 timenti,
3704 4891 3870 4953 atque
3899 4882 3950 4936 in

2360 4987 2605 5056 sepulcro
2628 4984 2778 5055 quasi
2819 4983 2871 5037 in
2912 4981 3133 5035 fornace
3160 4977 3368 5034 sedenti
3392 5017 3405 5040 ,
3438 4971 3655 5045 aliquod
3682 4973 3773 5029 vel
3798 4987 3950 5029 sum-

2359 5087 2547 5151 ptuum
2572 5076 2658 5133 vel
2687 5075 3004 5131 deliciarum
3034 5069 3360 5127 desiderium
3405 5066 3567 5123 fuerit
3594 5083 3610 5133 ;
3642 5080 3772 5120 num
3815 5073 3945 5119 tunc

2365 5167 2731 5241 putaveritch
2768 5165 2991 5221 delicias
3016 5163 3102 5218 vel
3143 5161 3397 5216 mundum
3424 5156 3733 5216 exsistere?
3763 5156 3953 5212 Viden‘

2365 5278 2503 5317 nunc
2532 5261 2789 5329 majorem
2827 5272 2949 5313 esse
2979 5252 3448 5326 perscquutiouem
3469 5290 3485 5317 ,
3514 5248 3642 5304 dum
3680 5248 3849 5304 animi
3877 5246 3952 5302 af-

2365 5354 2532 5410 fectus
2549 5353 2704 5423 quasi
2732 5352 2857 5406 fera:
2876 5366 2975 5405 nos
3003 5346 3297 5403 invadunt?
3321 5344 3471 5401 Nunc
3495 5350 3643 5398 certe
3666 5340 3848 5413 gravis
3874 5350 3953 5396 eat

2368 5444 2711 5517 persequutio
2737 5483 2751 5506 ,
2782 5441 2909 5496 dum
2940 5449 3154 5511 putatur
3183 5436 3387 5494 nullam
3417 5449 3539 5491 esse
3573 5432 3949 5504 persequutioo

2367 5553 2513 5594 nem.
2546 5540 2613 5590 At
2639 5536 2781 5591 enim
2822 5532 2961 5588 istud
2995 5533 3189 5588 bellum
3217 5531 3320 5586 hoc
3350 5528 3727 5600 gravissimum
3752 5526 3916 5582 habet
3936 5566 3949 5591 ,

2366 5630 2507 5703 quod
2536 5645 2637 5701 pax
2668 5642 2789 5683 esse
2825 5626 3104 5689 credatur;
3140 5625 3211 5678 ita
3238 5630 3295 5677 ut
3319 5636 3469 5676 arma
3500 5634 3606 5676 non
3635 5632 3911 5676 sumamus
3930 5657 3945 5682 ,

2368 5737 2467 5779 nec
2492 5730 2680 5778 contra
2714 5719 2989 5774 inimicum
3036 5716 3378 5781 insurgamus
3409 5730 3422 5769 :
3451 5712 3632 5769 nullus
3661 5708 3945 5776 formidat,

2434 5903 2449 5933 ι
2488 5896 2580 5948 Alii
2604 5895 2807 5956 habent,
2827 5904 2922 5945 non
2955 5888 3087 5943 ultra
3112 5888 3315 5941 salutem
3340 5884 3501 5948 habet,
3524 5895 3679 5949 neque
3698 5895 3825 5947 spes.
