4082 6484
183 449 298 504 187

183 573 311 627 ἀλλ’
365 573 456 626 ὅτε
494 573 525 625 6
565 572 701 636 Θεὸς
744 571 1036 643 ἐχαρίσατο
1089 570 1149 623 τὸ
1197 568 1440 640 Πνεῦμα,
1495 568 1583 621 ὅτε
1621 569 1649 620 ὁ
1683 565 1890 637 Πέτρος

183 659 429 733 ὲξετίθει
456 659 561 731 τὴν
618 659 814 714 ἐαυτοῦ
847 658 1128 720 ἔκστασιν,
1158 656 1371 726 λέγων’
1422 656 1482 710 '0
1537 653 1672 718 Θεὸς
1722 651 1891 719 ἐδειξέ

187 764 294 818 μοι
332 747 542 819 μηδένα
581 747 760 801 κοινὸν
794 745 824 816 ἢ
879 745 1190 817 ἀκάθαρτον
1222 744 1402 813 λέγειν
1440 741 1750 814 ἄνθρωπον.
1781 739 1887 794 06-

181 852 310 897 τως
344 833 552 888 ἀνωθεν
585 834 698 904 ᾔδει
735 831 912 886 τοῦτο.
948 833 1039 885 Διὸ
1087 833 1180 885 καὶ
1222 828 1738 902 προκατασκευάζει
1799 830 1893 881 τὸν

182 921 360 990 λόγον
389 921 479 975 τὸν
519 921 662 992 ὑπὲρ
689 919 798 973 τῶν
816 919 1004 986 ἐθνῶν,
1031 920 1268 984 δεικνὺς,
1295 920 1376 972 ὅτι
1403 918 1524 972 οὐδέ
1545 917 1677 987 έθνη
1704 913 1892 968 λοιπὸν

181 1003 268 1080 ἦν
331 1009 432 1080 τῆς
486 1008 725 1070 πίστεως
754 1020 779 1048 ι
832 1007 1312 1079 παραγενομένης.
1369 1005 1536 1060 Οὐδὲν
1578 1002 1893 1074 θαυμαστὸν

184 1099 402 1162 τοίνυν,
439 1097 490 1150 εί
544 1096 652 1168 πρὸ
705 1095 800 1150 τοῦ
862 1096 1241 1168 βαπτίσματος
1289 1094 1352 1148 τὸ
1399 1093 1627 1165 Πνεῦμα
1658 1092 1890 1148 ἔλαϐον·

184 1193 295 1248 καὶ
355 1193 443 1262 ἐφ’
478 1191 636 1264 ἡμῶν
682 1190 842 1245 τοῦτο
899 1171 1144 1260 γέγονεν.
1207 1187 1474 1243 Ἐνταῦθα
1529 1186 1801 1266 δείκνυσιν
1866 1189 1895 1241 6

184 1282 431 1351 Πέτρος,
461 1281 541 1334 ὅτι
567 1279 684 1333 οὐδέ
712 1279 788 1342 ὡς
813 1279 862 1332 οί
891 1278 1070 1332 λοιποὶ
1095 1276 1528 1348 ἐϐαπτίσθησαν,
1547 1275 1682 1330 ἀλλά
1714 1274 1894 1346 πολλῷ

187 1369 435 1438 βέλτιον.
471 1365 572 1421 Διά
589 1367 748 1421 τοῦτο
772 1356 844 1420 δὲ’
861 1365 1038 1430 οὕτως
1069 1368 1134 1420 ἐκ
1164 1366 1485 1436 περιουσίας
1505 1366 1890 1435 οἰκονομεῖται,

185 1459 286 1510 ἵνα
329 1456 499 1526 μηδὲν
536 1455 700 1525 ἔχωσι
742 1451 942 1522 λέγειν,
977 1453 1116 1507 ἀλλὰ
1179 1452 1282 1506 κᾶν
1314 1453 1488 1516 οὕτως
1528 1453 1676 1514 ἴσους
1707 1451 1892 1515 αὐτοῖς

181 1542 486 1614 νομίσωσι.
541 1543 651 1597 Καὶ
712 1541 1035 1610 ἠρώτησαν
1089 1541 1296 1605 αὑτὸν,
1344 1541 1533 1611 φησὶν,
1571 1537 1887 1608 ἐπιμεῖναι.

194 1631 398 1703 Ὁρᾷς,
446 1631 562 1695 πῶς
615 1631 716 1683 οὐκ
749 1630 966 1693 οἰκείως
1000 1629 1137 1701 πρὸς
1194 1628 1360 1682 αὐτὸν
1412 1627 1710 1692 διέκειντο;
1750 1621 1891 1689 εἶδες

181 1720 291 1774 τὸν
342 1719 525 1791 ζῆλον,
580 1713 692 1773 οἷον
722 1713 868 1789 εἶχον
913 1717 1055 1790 ὑπὲρ
1101 1716 1195 1770 τοῦ
1227 1716 1423 1788 νόμου;
1460 1716 1535 1769 Οὐ
1572 1714 1632 1770 τὸ
1671 1713 1890 1784 ἀξίωμα

188 1808 411 1879 Πέτρου
435 1805 763 1877 ᾐδέσθησαν,
792 1807 853 1861 οὐ
897 1806 968 1860 τὰ
1012 1805 1282 1876 γενόμενα
1318 1806 1541 1875 σημεῖα,
1577 1804 1638 1857 οὐ
1659 1803 1720 1856 τὸ
1758 1819 1889 1856 κατ-

182 1896 448 1966 ὀρθωμα,
486 1895 608 1948 ὅσον
659 1889 727 1964 ἦν
777 1894 838 1948 τὸ
885 1893 1142 1959 δέξασθαι
1195 1894 1287 1947 τὸν
1337 1892 1528 1961 λόγον’
1579 1891 1695 1944 ἀλλ’
1750 1891 1889 1959 ὑπὲρ

181 1985 304 2037 τῶν
340 1980 554 2056 μικρῶν
582 1985 807 2038 ἐκείνων
830 1984 1177 2054 διεκρίνοντο.
1243 1983 1307 2036 Εἰ
1345 1983 1456 2054 γὰρ
1489 1981 1655 2053 μηδὲν
1681 1980 1888 2034 τούτων

180 2069 258 2145 ἦν
295 2075 346 2138 δ,
382 2075 480 2126 οὐκ
530 2074 692 2144 ἤρκει
744 2072 805 2128 τὸ
840 2072 1192 2145 κατόρθωμα.
1235 2072 1376 2125 Ἀλλ’
1411 2071 1511 2126 οὐκ
1536 2071 1887 2140 ἀπολογεῖται

182 2162 342 2216 οὕτω
400 2162 640 2233 Πέτρος·
707 2161 924 2226 συνετὸς
977 2161 1088 2234 γὰρ
1139 2157 1206 2233 ἦν
1239 2178 1252 2192 ο
1299 2160 1498 2233 μᾶλλον
1560 2160 1616 2213 δέ
1667 2159 1728 2212 οὐ
1789 2158 1889 2228 τῆς

182 2251 468 2313 συνέσεως
509 2250 674 2303 αὐτοῦ
724 2245 814 2321 ἦν,
851 2249 988 2304 ἀλλά
1033 2249 1129 2303 τοῦ
1179 2249 1496 2320 Πνεύματος
1533 2249 1601 2303 τά
1642 2249 1882 2319 ῥήματα.

183 2337 304 2390 Καὶ
343 2337 583 2390 δείκνυσι
621 2338 708 2391 διὰ
749 2338 849 2408 τῆς
913 2336 1209 2406 ἀπολογίας
1248 2337 1440 2391 ἑαυτὸν
1484 2335 1584 2408 μὲν
1643 2333 1884 2405 οὐδαμοῦ

182 2426 387 2488 αἴτιον,
432 2423 708 2494 πανταχοῦ
768 2425 826 2478 δὲ
872 2425 966 2480 τὸν
1018 2425 1172 2480 Θεόν.
1235 2424 1347 2478 Kal
1408 2424 1691 2494 μονονουχὶ
1747 2421 1886 2493 πρὸς

181 2513 394 2576 αὐτοὺς
427 2513 584 2566 τοῦτο
630 2513 808 2582 λέγει·
861 2513 952 2566 Ἐν
982 2513 1239 2568 ἐκστάσει
1296 2529 1364 2583 με
1409 2510 1669 2581 γενέσθαι
1722 2508 1886 2572 αὐτὸς

182 2602 451 2674 ἐποίησεν
478 2619 492 2635 ·
556 2603 669 2671 ἐγὼ
720 2603 830 2674 γὰρ
887 2603 1076 2666 ἀπλῶς
1116 2603 1554 2674 προσευχόμενος
1590 2602 1740 2672 ήμην
1767 2616 1782 2630 ·
1823 2599 1885 2654 τὸ

184 2691 390 2754 σκεῦος
448 2689 611 2755 αὐτὸς
681 2691 918 2756 ἔδειξεν·
983 2690 1094 2760 ἐγὼ
1158 2693 1447 2746 ἀντεῖπονσ
1507 2690 1670 2744 πάλιν
1721 2688 1885 2754 αὐτὸς

183 2774 366 2839 εἶπεν,
400 2778 496 2830 καὶ
539 2777 659 2831 οὐδέ
711 2777 885 2840 οὕτως
935 2779 1178 2850 ἡκουσαο
1249 2779 1320 2834 Τὸ
1367 2777 1610 2848 Πνεῦμα
1633 2777 1880 2832 ἐκέλευ-

181 2880 305 2921 σεν
331 2865 621 2921 ἀπελθεῖν
646 2884 660 2896 ·
697 2867 794 2919 καὶ
852 2867 1002 2937 ὅμως
1057 2865 1310 2920 ἀπελθὼν
1339 2867 1438 2920 οὐκ
1491 2866 1800 2937 ἐπέδραμον
1830 2877 1878 2905 θ’

183 2951 366 3018 εἷπον,
391 2957 472 3009 ὅτι
501 2956 530 3008 6
568 2955 700 3019 Θεὸς
736 2954 974 3027 ἔπεμψε,
1007 2955 1106 3008 καὶ
1157 2954 1297 3026 μετὰ
1345 2955 1519 3008 ταῦτα
1556 2955 1679 3009 οὐδέ
1711 2953 1884 3018 οὔτως

184 3043 500 3108 ἐϐάπτισα,
569 3043 706 3097 ἀλλά
759 3043 922 3097 πάλιν
987 3045 1015 3097 6
1071 3043 1206 3107 Θεὸς
1265 3041 1326 3096 τὸ
1378 3044 1489 3096 πᾶν
1561 3043 1880 3113 εἰργάσατο.

188 3136 337 3204 Ἀρα
367 3134 498 3198 Θεὸς
531 3134 728 3197 αὐτοὺς
776 3133 1092 3199 ἐϐάπτισεν,
1149 3133 1251 3186 οὐκ
1303 3132 1436 3201 ἐγώ.
1474 3132 1584 3186 Kal
1610 3133 1709 3184 οὐκ
1737 3127 1878 3184 εἶπεν

184 3220 410 3275 Τούτων
455 3221 756 3290 γεγονότων
800 3222 1092 3285 ἁπάντων,
1127 3221 1230 3274 οὐκ
1288 3221 1396 3274 ἔδει
1429 3219 1491 3274 τὸ
1529 3218 1675 3289 ὕδωρ
1716 3235 1882 3290 προσ-

185 3309 364 3363 θεῖναι
422 3309 641 3375 λοιπόν;
679 3309 791 3363 ἀλλ’
838 3310 914 3373 ώς
955 3309 1169 3374 οὐδενὸς
1203 3309 1523 3372 λείποντος,
1575 3306 1726 3378 Ἐγὼ
1790 3307 1882 3374 τίς

185 3397 386 3468 ἥμην,
437 3399 604 3468 φησὶ,
659 3396 935 3454 κωλῦσαι
995 3397 1104 3452 τὸν
1159 3397 1308 3450 Θεόν
1337 3415 1356 3464 ;
1432 3396 1644 3463 Βαϐαῖ,
1701 3397 1788 3450 οἶα
1846 3397 1880 3467 ὴ

186 3483 489 3554 ἀπολογίαῑ
569 3485 629 3538 οὐ
678 3484 788 3554 γὰρ
829 3479 951 3538 εἷπε
977 3501 991 3515 ο
1047 3484 1236 3538 Ταῦτα
1284 3480 1378 3539 οῦν
1422 3484 1625 3549 εἰδότες
1663 3485 1882 3556 ἡσυχά-

187 3574 311 3638 ζετε
335 3589 349 3603 ·
396 3572 533 3626 ἀλλά
561 3573 613 3626 τί
643 3589 656 3637 ;
718 3573 942 3643 Δέχεται
986 3572 1168 3626 αὐτῶν
1196 3574 1294 3644 τὴν
1325 3572 1536 3644 ὁρμὴν,
1586 3573 1680 3626 καὶ
1709 3574 1880 3640 ἐγκα-

187 3660 375 3715 λοῦσιν
423 3661 818 3730 ἀτεολογεῖταιο
893 3662 991 3730 Τίς
1057 3661 1223 3731 ἥμην
1281 3661 1543 3728 δυνατὸς
1607 3661 1882 3718 κωλῦσαι

187 3750 298 3804 τὸν
347 3750 536 3815 Θεόν;
589 3750 799 3819 λέγων’
857 3749 1066 3821 σφόδρα
1115 3748 1485 3821 ἐντρεπτικῶς
1527 3748 1622 3803 καὶ
1667 3749 1881 3820 βαρέως

189 3839 536 3912 χρησάμενος
587 3842 654 3912 τῇ
702 3837 1009 3911 ἀπολογίᾳο
1079 3838 1192 3892 υύκ
1246 3837 1535 3910 ἠδυνάμην
1610 3837 1877 3895 κωλῦσαι.

191 3928 356 3983 Ὅθεν
412 3928 598 3982 λοιπὸν
658 3926 1026 3998 φοϐηθέντες,
1076 3926 1394 3997 ἡσύχασαν,
1459 3928 1554 3980 καὶ
1629 3926 1880 3992 ἐδόξαζον

190 4016 278 4072 τὸν
308 4016 465 4072 Θιόν.

258 4112 328 4175 γ’.
346 4105 503 4160 Οῦτω
519 4105 613 4158 καὶ
635 4105 782 4178 ἡμᾶς
814 4105 918 4178 χρὴ
946 4104 1004 4159 ἐν
1028 4107 1141 4170 τοῖς
1169 4103 1276 4158 τῶν
1292 4104 1522 4175 πλησίον
1539 4105 1767 4174 ἀίγαθοῖς
1788 4107 1877 4160 δο-

193 4195 378 4261 ξάζειν
401 4193 494 4247 τὸν
521 4192 675 4259 Θεὸν,
711 4193 828 4246 ἀλλ’
854 4193 954 4247 οὐκ
978 4193 1328 4265 ἐπηρεάζειν,
1348 4192 1602 4265 καθάπερ
1620 4194 1668 4247 οί
1691 4194 1879 4274 πολλοὶ

190 4279 299 4334 τῶν
330 4278 709 4348 νεοφωτίστων
737 4279 1165 4350 ἐπηρεάζουσιν,
1201 4281 1332 4333 ὅταν
1362 4279 1556 4343 ἄλλους
1587 4280 1739 4334 ἴδωσι
1771 4298 1880 4350 φω-

189 4367 473 4431 τισθέντας
505 4367 600 4420 καὶ
641 4366 807 4430 εὐθὺς
847 4367 1135 4431 ἀπιόντας.
1184 4367 1440 4433 Δοξάζειν
1473 4368 1555 4422 δεῖ
1593 4368 1685 4422 τὸν
1719 4368 1872 4436 Θεὸν,

192 4456 282 4510 καὶ
297 4455 380 4508 ὅτι
411 4455 592 4526 μένειν
607 4455 668 4507 ού
695 4457 990 4526 συγχωρεῖ.
1011 4454 1173 4510 Ὥστε
1199 4453 1347 4529 [196]
1369 4456 1464 4510 καὶ
1488 4458 1551 4510 σύ
1574 4458 1668 4512 ἐὰν
1694 4457 1872 4532 θέλῃς,

195 4543 412 4614 μείζονα
445 4543 638 4608 ἔλαϐες
669 4544 881 4615 δωρεάν
906 4560 920 4574 ⁶
949 4544 1010 4598 οὐ
1048 4545 1191 4599 κατᾶ
1224 4545 1285 4600 τὸ
1331 4549 1591 4618 φώτισμα
1638 4547 1782 4616 λέγω
1817 4549 1872 4619 (ὴ

193 4632 298 4704 γὰρ
326 4631 462 4703 αὐτή
493 4632 608 4685 ἐστι
644 4632 900 4685 κάκείνου
941 4633 1034 4686 καὶ
1077 4633 1220 4698 σοῦ),
1257 4634 1395 4688 ἀλλά
1421 4635 1564 4689 κατά
1599 4635 1659 4689 τὸ
1687 4636 1872 4691 λαϐεῖν

194 4719 531 4791 προθεσμίαν
603 4720 1031 4792 εὐδοκιμήσεως.
1101 4723 1344 4787 Ἐκεῖνος
1414 4724 1704 4779 ἐνεδύσατο
1773 4724 1873 4797 τὴν

195 4809 380 4881 στολὴν
407 4811 501 4863 καὶ
523 4809 622 4862 οὐκ
643 4809 819 4880 ἀφέθη
846 4811 1240 4884 ἐμπομπεῦσαι
1273 4813 1330 4864 ἐν
1357 4813 1494 4884 αὐτῇ
1527 4829 1540 4843 ·
1571 4814 1653 4867 σοὶ
1669 4814 1872 4886 πολλὴν

193 4897 385 4951 ἔδωκεν
411 4895 660 4962 ἐξουσίαν
693 4900 722 4952 6
748 4897 880 4963 Θεὸς
918 4899 1229 4970 χρήσασθαι
1258 4902 1368 4965 τοῖς
1398 4902 1585 4966 ὅπλοις
1606 4905 1687 4968 είς
1728 4904 1868 4970 δέον,

196 4985 282 5038 καὶ
307 4985 491 5040 λαϐεῖν
515 4986 696 5039 αὐτῶν
727 4986 976 5041 ἐντεῦθεν
1013 4988 1114 5060 τὴν
1145 4991 1362 5060 πεῖραν.
1406 4991 1647 5056 Ἐκεῖνος
1680 4992 1870 5047 ἀπεισι

193 5074 286 5145 τῆς
315 5074 550 5139 πίστεως
583 5075 745 5146 μόνον
769 5076 907 5146 έχων
933 5078 1024 5132 τὸν
1051 5077 1245 5149 μισθόν
1281 5095 1295 5108 ·
1342 5081 1406 5134 σὺ
1438 5081 1678 5153 ἐστηκας
1706 5084 1762 5136 ἐν
1789 5081 1870 5152 τῷ

196 5161 388 5232 σταδίῳ
408 5162 517 5217 τῶν
539 5164 718 5235 ἔργων
743 5165 1040 5236 δυνάμενος
1065 5167 1248 5220 λαϐεῖν
1275 5168 1476 5234 πολλὰς
1492 5171 1590 5235 τὰς
1611 5173 1872 5241 ἀμοιϐάς.

196 5251 283 5304 καὶ
308 5250 561 5305 τοσοῦτον
583 5253 797 5308 ἐκείνου
821 5254 1054 5326 φανῆναι
1077 5255 1478 5330 λαμπρότερος,
1516 5259 1640 5313 ὅσον
1665 5261 1693 5313 6
1716 5261 1870 5332 ἥλιος

193 5339 283 5394 τοῦ
321 5340 652 5410 μικροτάτου
684 5342 935 5415 ἀστέρος,
979 5345 1104 5399 ὅσον
1139 5348 1167 5398 6
1187 5347 1492 5417 στρατηγὸς
1513 5347 1610 5401 τοῦ
1634 5349 1867 5420 ἐσχάτου

197 5428 525 5499 στρατιώτου
548 5469 563 5493 ,
603 5431 801 5500 μᾶλλον
830 5432 885 5484 δὲ
919 5433 1042 5486 ὅσον
1077 5435 1107 5485 6
1139 5434 1412 5505 βασιλεύς.
1451 5437 1654 5491 Σαυτὸν
1687 5440 1868 5493 τοίνυν

195 5515 347 5571 αιτιιῖ)
368 5534 381 5546 ο
404 5515 607 5586 μᾶλλον
649 5518 704 5572 δὲ
752 5519 828 5590 μὴ
863 5523 1043 5588 αίτιῶ,
1077 5523 1213 5576 ἀλλα
1243 5524 1458 5597 διόρθου
1502 5526 1623 5580 ἀεί·
1655 5528 1715 5581 οὐ
1757 5519 1867 5600 γάρ

196 5604 348 5674 ἀρκεῖ
383 5603 445 5657 τὸ
492 5606 847 5661 αἰτιάσασθαι
876 5625 890 5640 ο
939 5609 1152 5675 ἔξεστιν
1195 5612 1674 5685 ἀναμαχέσασθαι.
1718 5619 1863 5670 Κατ-

198 5689 457 5760 εϐληθης;
493 5693 644 5747 δεινά
671 5693 907 5764 ἔπαθεςς
961 5698 1276 5771 Ἀνάστηθι,
1305 5703 1616 5775 ἀνάκτησαι
1648 5711 1864 5763 σαυτόν’

197 5778 270 5832 ἔτι
301 5779 357 5832 ἐν
389 5779 466 5852 τῷ
498 5783 700 5856 σταδίῳ
731 5784 1004 5857 ἕστηκας,
1040 5788 1120 5842 ἔτι
1151 5789 1212 5842 τὸ
1243 5789 1472 5864 θέατρον
1510 5797 1862 5868 συνέστηκεν.

197 5868 299 5938 Οὐχ
330 5868 460 5941 ὁρᾷς
510 5873 665 5928 πόσοι
725 5877 1283 5944 καταπαλαισθέντες,
1320 5881 1546 5957 ὕστερον
1603 5888 1866 5960 ἀνεμαχέ-

253 6011 456 6090 {idea}.
502 6016 588 6090 Διὸ
634 6021 715 6090 καὶ
753 6025 1189 6090 προκιτονλὸγον.
1242 6027 1368 6075 Ποῖα
1412 6031 1516 6088 ἔθνη
1560 6033 1743 6090 λοιπὸν,
1777 6038 1862 6084 οὐκ

201 6071 395 6150 ξξιέωη,
412 6074 479 6150 ἦν.
496 6085 594 6150 Δτῇι.
617 6071 840 6150 πίστεως.
967 6071 1111 6135 Unus.
1135 6090 1174 6136 εἰ
1200 6091 1289 6150 γὰρ
1318 6093 1380 6148 υὴ
1415 6071 1598 6142 τούτων
1631 6073 1764 6147 οὐδέν
1788 6100 1859 6150 ἡν,

385 6138 395 6148 ⁵
433 6130 479 6152 ἰ
544 6130 594 6152 θ’-
700 6145 708 6154 .
773 6130 824 6156 ,ι’
973 6130 1099 6135 ”””’7
1135 6130 1173 6136 ⁷⁷
1211 6130 1285 6150 Ι’“Γ
1319 6130 1339 6148 ι’
1357 6130 1380 6146 Ἰ
1423 6130 1594 6142 """"
1635 6130 1763 6147 Ji'JGl
1792 6130 1815 6160 1⁸

203 6130 350 6183 ⁸1⁸10⁸1³
375 6141 605 6204 ε’πίΙ-θίτν,
634 6161 711 6191 και
737 6162 888 6203 ουτως
912 6149 1141 6204 ἀπελθὼν,
1165 6152 1248 6198 οὐκ
1271 6153 1488 6212 ξδίεαςιυν,

1310 447 1376 502 IN
1413 444 1596 504 ACTA
1637 445 2177 508 APOSTOLORUM.
2221 447 2458 510 HOMIL.
2503 452 2695 508 XXIV.

3585 459 3690 514 188

2003 587 2199 635 σαντο;
2251 572 2430 626 Μόνον
2481 572 2556 643 μὴ
2612 572 2753 626 ἑκὼν
2799 573 3140 646 καταπέσῃς.
3202 575 3550 646 Μακαρίζεις
3600 577 3694 632 τὸν

1998 657 2344 725 ἀπελθόντας
2399 659 2588 730 Πολλῷ
2641 660 2844 731 μᾶλλον
2881 661 3191 734 μακάρισον
3232 665 3452 718 σαυτόν.
3488 665 3690 738 Ἀφέθη

2001 747 2424 819 ἁμαρτημάτων
2467 750 2710 814 ἐκεῖνος;
2761 748 2923 815 Ἀλλ’,
2969 748 3066 804 ἐὰν
3098 749 3262 821 θέλῃς
3295 752 3393 817 σὺ,
3433 752 3496 804 οὐ
3531 753 3694 823 μόνον

1997 832 2068 886 τὰ
2107 835 2487 908 ἁμαρτήματα
2516 835 2779 908 ἀπονίψῃ,
2803 836 2943 890 ἀλλά
2974 837 3070 891 καὶ
3098 837 3503 909 κατορθώματα
3523 838 3691 906 ἔξεις,

1997 921 2136 990 ὅπερ
2179 925 2267 976 ἐπ’
2297 923 2506 978 ἐκείνου
2552 925 2615 978 οὐ
2668 924 2918 980 δυνατόν.
2950 924 3212 993 Ἐνεστιν,
3242 928 3393 998 ἡμᾶς
3419 927 3692 983 ἀνακαλέ-

2002 1009 2200 1064 σασθαι
2242 1011 2491 1078 ἐαυτούς.

2068 1098 2300 1168 Μεγάλα
2328 1099 2429 1170 τῆς
2471 1101 2761 1171 μετανοίας
2805 1101 2872 1156 τά
2916 1102 3191 1175 φάρμακα
3216 1123 3229 1135 ·
3265 1105 3459 1176 μηδεὶς
3493 1106 3692 1174 ἀπογι-

2000 1185 2259 1239 νωσκέτω
2285 1188 2503 1242 ἐαυτοῦ.
2549 1187 2790 1253 Ἐκεῖνος
2828 1189 2999 1254 ὅντως
3030 1188 3402 1258 ἀπογνώσεως
3441 1191 3612 1255 ἄξιος,
3662 1195 3691 1245 6

2001 1272 2400 1341 ἀπογινώσκων
2448 1275 2917 1340 ἐαυτοῦ’ἐκεῖνος
2967 1278 3068 1331 οὐκ
3122 1276 3203 1331 έτι
3263 1278 3539 1351 σωτηρίας
3574 1278 3689 1348 ἔχει

2001 1359 2225 1425 ἐλπίδας
2249 1361 2297 1416 ἀ.
2325 1362 2400 1416 Οὐ
2432 1363 2492 1416 τὸ
2518 1365 2598 1426 είς
2629 1362 2793 1432 βάθος
2824 1363 3011 1418 κακῶν
3035 1364 3212 1419 ἐλθεῖν
3235 1364 3430 1430 δεινὸν,
3455 1365 3592 1420 ἀλλὰ
3627 1369 3690 1420 16

2001 1447 2216 1503 κεῖσθαι
2265 1449 2406 1519 μετὰ
2439 1451 2501 1504 τὸ
2543 1450 2722 1505 ἐλθεῖν
2749 1468 2763 1481 °
2788 1452 2850 1505 06
2881 1451 2942 1506 16
2973 1454 3053 1517 εἰς
3083 1451 3248 1523 βάθος
3286 1453 3476 1508 κακῶν
3512 1453 3688 1507 ἐλθεῖν

1999 1535 2216 1600 ἀσεϐὲς,
2268 1537 2408 1591 ἀλλά
2456 1537 2518 1591 τὸ
2567 1539 2986 1612 καταφρονῆσαι
3037 1539 3178 1610 μετά
3214 1541 3274 1595 16
3301 1541 3496 1596 ἐλθεῖν.
3542 1543 3619 1596 Δι’
3659 1542 3688 1595 ὃ

1997 1622 2235 1692 ὀφείλεις
2286 1627 2580 1697 μεριμνᾷν,
2640 1627 2764 1680 εἰπέ
2824 1645 2954 1698 μοι,
3014 1628 3216 1698 μᾶλλον
3272 1632 3684 1700 καταφρονεῖς;

2000 1711 2307 1783 Τραύματα
2333 1714 2572 1768 τοσαῦτα
2615 1715 2778 1786 ἔχων,
2824 1716 3124 1782 ἀνέπεσες;
3174 1715 3340 1772 Οὐδέν
3367 1717 3483 1771 ἐστι
3508 1717 3687 1788 ψυχῆς

1998 1799 2218 1854 ἀνίατον
2254 1799 2476 1872 τραῦμα
2504 1818 2517 1831 ·
2548 1802 2666 1856 ἀλλ’
2701 1805 2794 1856 ἐπὶ
2829 1803 2929 1874 μὲν
2957 1802 3211 1876 σώματος
3241 1805 3412 1860 πολλὰ
3439 1806 3686 1870 τοιαῦτα,

1995 1889 2092 1941 ἐπὶ
2121 1887 2180 1942 δέ
2206 1887 2308 1958 τῆς
2341 1889 2520 1960 ψυχῆς
2567 1889 2722 1944 οὐδέν
2751 1907 2764 1922 ο
2789 1891 2884 1944 καὶ
2919 1890 3061 1963 ὑπὲρ
3098 1893 3324 1946 ἐκείνων
3353 1893 3452 1964 μὲν
3487 1894 3549 1946 οὐ
3573 1893 3708 1946 δια-ο

1994 1977 2343 2050 λιμπάνομεν
2396 1980 2722 2052 κάμνοντες,
2777 1979 2920 2052 ὑπὲρ
2965 1981 3024 2036 δὲ
3070 1981 3280 2037 τούτων
3307 1981 3685 2055 ρᾳθυμοῦμεν.

1995 2065 2110 2135 Οὐχ
2135 2067 2271 2137 ὁρᾷς
2300 2065 2392 2120 τὸν
2426 2066 2631 2138 λῃστὴν
2651 2107 2665 2131 ,
2707 2067 2825 2133 πῶς
2859 2070 2916 2121 ἐν
2945 2068 3142 2142 βραχεῖ
3170 2071 3347 2142 χρόνῳ
3390 2069 3691 2141 κατώρθω-

1995 2169 2118 2219 σεν;
2149 2153 2248 2225 οὐχ
2287 2155 2420 2225 ὁρᾷς
2453 2155 2581 2219 τοὺς
2633 2156 2922 2228 μάρτυρας
2945 2196 2960 2220 ,
3004 2157 3122 2222 πῶς
3149 2159 3210 2211 ἐν
3249 2157 3444 2230 βραχεῖ
3479 2158 3540 2212 τὸ
3579 2159 3688 2212 πᾶν

1994 2243 2236 2312 ἧνυσαν;
2283 2243 2423 2298 ’Δλλ’
2449 2243 2549 2297 οὐκ
2589 2242 2739 2298 ἔστιν
2772 2245 2896 2316 ἄρτι
2929 2247 3234 2318 μαρτυρίου
3267 2247 3495 2318 καιρόςς
3544 2247 3685 2300 Ἀλλ’

1992 2329 2222 2397 ἀγώνων
2247 2332 2365 2384 ἐστί
2391 2332 2584 2403 καιρὸς
2607 2371 2621 2396 ,
2654 2332 2686 2386 6'
2719 2332 2984 2397 πολλάκις
3014 2329 3167 2388 εἷπον
3191 2375 3206 2398 ,
3246 2337 3294 2389 εἰ
3329 2333 3684 2405 βουλοίμεθα.

1995 2420 2061 2471 Οὶ
2091 2416 2200 2486 γάρ
2224 2417 2527 2486 θέλοντες,
2557 2421 2743 2490 φησὶν,
2779 2420 3044 2488 εὐσεϐῶς
3087 2420 3195 2491 ζῇν
3219 2423 3289 2476 ἐν
3319 2422 3552 2492 Χριστῷ
3573 2423 3687 2492 ’1η-

1991 2504 2130 2572 σοῦ,
2153 2505 2616 2575 διωχθήσονται.
2646 2510 2708 2562 Οί
2740 2508 2984 2573 εὐσεϐῶς
3019 2509 3224 2574 ζῶντες
3255 2510 3342 2564 ἀεὶ
3371 2510 3684 2580 διώκονται,

1991 2592 2095 2647 κᾶν
2144 2593 2221 2665 μὴ
2271 2594 2422 2664 παρά
2466 2595 2772 2668 ἀνθρώπων
2793 2639 2809 2666 ,
2842 2599 2981 2652 ἀλλά
3017 2599 3167 2671 παρά
3199 2599 3495 2671 δαιμόνων,
3528 2601 3586 2665 6;
3620 2601 3685 2673 δὴ

1991 2683 2087 2736 καὶ
2112 2681 2500 2756 χαλεπώτερός
2529 2687 2647 2740 ἐστι
2675 2685 2938 2759 διωγμός.
2979 2689 3092 2742 Kal
3124 2687 3343 2762 πρῶτον
3384 2691 3477 2744 ὐπ’
3509 2690 3686 2760 αὐτῆς

1993 2771 2230 2841 μάλιστα
2245 2773 2344 2844 τῆς
2361 2773 2604 2838 ἀνέσεως
2625 2774 2816 2830 τοῦτον
2839 2776 3205 2848 ὑπομένουσιν
3231 2780 3277 2831 οί
3301 2778 3376 2849 μὴ
3396 2779 3683 2848 νήφοντες.

1993 2858 2064 2910 Ἢ
2096 2859 2293 2929 μικρὸν
2319 2859 2422 2912 οἴει
2438 2859 2680 2931 διωγμὸν
2705 2861 2764 2916 16
2787 2859 2845 2917 ἐν
2867 2862 3052 2916 ἀνέσει
3074 2859 3246 2931 εἷναι;
3271 2865 3314 2917 Τ
3318 2863 3444 2918 οῦτο
3465 2865 3685 2918 πάντων

1988 2947 2108 3001 ἐστὶ
2146 2947 2450 3022 βαρύτερον
2474 2991 2490 3016 ,
2541 2951 2700 3006 τοῦτο
2753 2953 2847 3006 καὶ
2894 2953 3142 3024 διωγμοῦ
3178 2956 3384 3026 χεῖρον.
3413 2955 3686 3026 Καθάπερ

1989 3033 2096 3106 γὰρ
2132 3037 2313 3108 ῥεῦμα
2341 3039 2603 3112 ἐπιρρέον
2641 3040 2675 3111 ἠ
2715 3039 2903 3104 ἄνεσις
2938 3043 3131 3110 χαυνοῖ
3158 3043 3258 3112 τὴν
3306 3042 3488 3114 ψυχήν
3531 3060 3545 3075 ο
3592 3045 3685 3096 καὶ

1987 3124 2126 3196 ὅπερ
2159 3125 2277 3178 ἐστὶ
2307 3125 2462 3197 θέρος
2496 3127 2591 3180 καὶ
2627 3126 2862 3199 χειμὼν,
2892 3127 3050 3182 τοῦτο
3078 3129 3321 3200 διωγμὸς
3356 3132 3450 3184 καὶ
3475 3131 3681 3195 ἄνεσις.

1990 3213 2110 3266 Ἵνα
2135 3214 2192 3266 δέ
2229 3215 2410 3287 μάθῃς
2435 3217 2499 3270 ἐκ
2532 3218 2872 3288 περιουσίας,
2903 3219 2986 3271 ὅτι
3018 3217 3220 3290 χείρων
3247 3213 3405 3284 οὗτος
3444 3222 3472 3272 6
3521 3220 3685 3289 διωγ-

1991 3302 2092 3372 μὸς
2112 3314 2160 3367 ο,
2180 3303 2372 3358 σκόπει
2395 3305 2886 3360 ἐντεῦθεν.⁹’Υπνον
2915 3311 3147 3379 καταχεῖ
3171 3311 3236 3380 τῇ
3261 3308 3431 3380 ψυχῇ,
3460 3310 3683 3380 χάσμην

1987 3391 2193 3464 πολλὴν
2227 3393 2325 3446 καὶ
2357 3393 2632 3465 ρᾳθυμίαν
2660 3396 2914 3465 ἐμποιεῖ,
2949 3394 3019 3448 τὰ
3059 3394 3207 3467 πάθη
3247 3397 3507 3468 διεγείρει
3548 3398 3683 3451 πάν-

1985 3479 2164 3546 τοθεν,
2208 3479 2419 3546 ὁπλίζει
2457 3481 2648 3550 τῦφον,
2697 3482 2910 3548 ὁπλίζει
2955 3483 3176 3557 ἡδονὴν,
3225 3485 3438 3550 ὁπλίζει
3485 3487 3682 3559 θυμὸν,

1989 3568 2308 3638 βασκανίαν,
2344 3569 2676 3637 κενοδοξίαν,
2707 3569 2892 3642 ζῆλον.
2935 3571 3077 3624 Ἀλλ’
3108 3574 3166 3625 ἐν
3209 3573 3439 3646 διωγμῷ
3473 3576 3683 3630 τούτων

1988 3656 2142 3710 οὐδὲν
2182 3656 2419 3727 ἐνοχλεῖν
2452 3656 2679 3710 δύναται
2703 3675 2718 3690 ο
2744 3658 2862 3712 ἀλλ’
2895 3661 2923 3712 6
2951 3659 3117 3729 φόϐος
3146 3661 3479 3718 ἐπεισελθὼν
3513 3664 3682 3719 καθάο

1987 3762 2094 3816 περ
2119 3746 2226 3798 τινὶ
2253 3745 2476 3816 μάστιγι
2509 3745 2714 3816 σφόδρα
2732 3746 2870 3800 κύνα
2894 3747 3231 3803 ὐλακτοῦντα
3257 3749 3489 3823 πλήξας,
3505 3753 3681 3808 ταῦτα

1987 3834 2167 3888 πάντα
2193 3833 2261 3886 τὰ
2288 3833 2437 3904 πάθη
2468 3833 2590 3888 οὐδὲ
2619 3833 2818 3903 γρῦξαι
2841 3836 2924 3907 ἐᾷ.
2956 3834 3112 3909 [I97]
3136 3838 3229 3903 Τίς
3257 3840 3316 3892 ἐν
3337 3840 3565 3911 διωγμῷ
3583 3859 3678 3895 κε⁴

1987 3915 2276 3988 νοδοξῆσαι
2317 3917 2541 3972 δύναται
2565 3934 2580 3983 ;
2612 3918 2699 3982 τίς
2721 3919 2780 3972 ἐν
2802 3918 2960 3990 ἡδονῇ
2985 3921 3278 3989 γενέσθαι;
3306 3923 3515 3987 Οὐδείς⁶
3543 3925 3677 3978 ἀλλὰ

1983 4000 2186 4071 τρόμος
2211 4001 2380 4064 πολὺς
2410 4002 2505 4055 καὶ
2535 4000 2722 4072 φόϐος,
2769 4001 2974 4075 πολλὴν
3016 4005 3119 4075 τὴν
3162 4005 3408 4078 γαλήνην
3441 4008 3668 4077 ἐργαζὸς

1987 4103 2172 4157 μενος,
2223 4088 2399 4143 εὐδιον
2452 4089 2546 4143 τὸν
2601 4090 2797 4162 λιμένα
2847 4093 3330 4162 παρασκευάζων,
3368 4094 3466 4166 τὴν
3496 4095 3676 4167 ψυχὴν

1985 4172 2190 4244 εὐλαϐῆ
2235 4175 2427 4230 ποιῶν.
2481 4176 2731 4230 Ἤκουσά
2776 4194 2908 4230 ποτε
2955 4177 3208 4251 πατέρων
3247 4179 3358 4232 τῶν
3389 4181 3673 4252 ἡμετέρων

1982 4259 2253 4329 λεγόντων
2284 4264 2391 4332 (ἐφ’
2421 4263 2590 4335 ἡμῶν,
2629 4264 2740 4335 γὰρ
2783 4265 2858 4337 μὴ
2902 4266 3116 4334 γένοιτο
3143 4285 3155 4297 ·
3191 4267 3528 4339 κελευόμεοα
3567 4270 3673 4341 γὰρ

1986 4347 2061 4420 μὴ
2092 4351 2265 4404 αἰτεῖν
2289 4351 2643 4424 πειρασμὸν),
2665 4355 2746 4407 ὄτι
2768 4355 2910 4408 κατά
2936 4355 3026 4408 τὸν
3054 4355 3296 4426 διωγμὸν
3327 4357 3417 4410 τὸν
3444 4358 3671 4412 παλαιὸν

1979 4433 2048 4507 ἦν
2075 4438 2202 4491 ἰδεῖν
2223 4438 2393 4502 ὅντως
2423 4440 2787 4514 Χριστιανοὺς
2824 4442 3046 4514 ἄνδρας.
3086 4443 3278 4508 υύδεὶς
3309 4445 3417 4516 γάρ
3449 4447 3669 4517 χρημάο

1978 4544 2090 4580 των
2117 4529 2460 4603 ἐφρόντιζεν,
2488 4529 2664 4594 οὐδεὶς
2699 4532 2982 4600 γυναικὸς,
3021 4531 3198 4596 οὐδεὶς
3246 4534 3470 4599 παίδων,
3499 4537 3668 4601 οὐδεὶς

1978 4617 2178 4682 οἰκίας,
2208 4618 2385 4682 οὐδεὶς
2408 4619 2667 4689 πατρίδος
2693 4636 2706 4649 ·
2750 4619 2852 4690 μία
2883 4622 3050 4674 πᾶσιν
3076 4616 3145 4693 ἧν
3173 4623 3379 4694 σπουδὴ
3404 4663 3418 4687 ,
3444 4624 3544 4695 τὴν
3572 4625 3667 4694 66-

1977 4706 2081 4777 χὴν
2121 4706 2427 4778 περισῶσαι
2455 4708 2686 4761 ἑαυτῶν.
2736 4709 2799 4762 Ol
2827 4708 2927 4780 μὲν
2952 4709 3009 4761 ἐν
3043 4711 3292 4781 μνήμασι
3329 4711 3423 4764 καὶ
3456 4713 3670 4780 τάφοις,

1977 4793 2026 4846 οἰ
2059 4793 2116 4846 δέ
2165 4795 2222 4847 ἐν
2263 4795 2526 4864 ἐρημίαις
2578 4794 2939 4865 ἐκρύπτοντο.
2999 4797 3075 4849 U6
3133 4797 3294 4868 μόνον
3345 4799 3402 4851 δὲ
3455 4799 3672 4870 ἄνδρες,

1977 4880 2112 4934 ἀλλά
2144 4880 2161 4919 ί
2198 4883 2292 4935 καὶ
2325 4884 2585 4951 γυναῖκες
2619 4883 2827 4937 ἁπαλαί
2876 4884 2968 4937 καὶ
3020 4886 3294 4956 τρυφερά).
3333 4885 3453 4940 τότε
3502 4888 3656 4956 $17.96-

1977 4986 2194 5032 πτοντο,
2229 4969 2471 5040 διηνεκεῖ
2499 4969 2808 5041 μαχόμεναι
2851 4971 3017 5044 λιμῷ.
3055 4972 3338 5044 Ἐννόησον
3357 4969 3472 5040 οὖν,
3514 4976 3670 5040 εἴτις

1975 5058 2351 5126 πολυτελείας,
2405 5062 2459 5114 εἴ
2498 5078 2584 5126 τις
2625 5063 2841 5133 τρυφῆς
2886 5063 3214 5134 ἐπεισῆλθεν
3243 5065 3309 5119 ἀν
3338 5084 3466 5119 ποτε
3505 5066 3669 5132 πόθος

1974 5150 2198 5216 γυναικὶ
2216 5151 2369 5216 παρὰ
2399 5149 2632 5223 λάρνακι
2657 5151 3012 5224 κρυπτομένῃ
3042 5153 3139 5206 καὶ⁵
3167 5155 3542 5228 περιμενούσῃ
3568 5157 3667 5229 τὴν

1975 5236 2358 5309 θεραπαινίδα,
2395 5240 2544 5302 ὅπως
2570 5239 2702 5312 έλθῃ
2729 5238 3039 5311 κομίζουσα
3064 5241 3311 5305 δεῖπνον,
3347 5245 3438 5297 καὶ
3470 5244 3670 5315 φοϐου-

1977 5325 2136 5398 μένῃ,
2184 5327 2259 5399 μή
2306 5345 2424 5392 πως
2466 5326 2610 5397 ἁλῷ,
2657 5328 2752 5382 καὶ
2779 5327 3035 5401 καθάπερ
3065 5330 3123 5383 ἐν
3153 5330 3372 5403 καμίνῳ
3405 5333 3482 5405 τῷ
3507 5335 3670 5407 τάφῳ

1974 5415 2204 5489 κειμένῃ
2233 5433 2247 5446 ο
2280 5413 2393 5488 ἆρα
2419 5417 2528 5488 γὰρ
2557 5417 2947 5489 ἐνθυμήσεται,
2979 5419 3061 5471 ὃτι
3083 5419 3277 5489 γέγονέ
3309 5439 3440 5475 ποτε
3459 5426 3664 5496 τρυφὴ,

1972 5505 2055 5557 ὅτι
2104 5506 2308 5576 κόσμος
2354 5507 2492 5571 ὅλως
2536 5508 2719 5576 ἐστίνς
2761 5508 2926 5579 Ὁρᾷς
2975 5509 3058 5562 ὅτι
3099 5509 3194 5563 νῦν
3236 5510 3355 5565 ἐστι
3394 5513 3598 5583 μᾶλλον
3630 5517 3661 5566 6

1971 5594 2232 5664 διωγμὸς,
2285 5595 2538 5668 καθάπερ
2597 5596 2803 5667 θηρίων
2853 5595 2964 5652 τῶν
3027 5597 3218 5652 παθῶν
3263 5601 3666 5674 ἐπιτιθεμένων

1972 5684 2103 5755 ἡμῖν
2144 5684 2450 5751 πάντοθεν;
2506 5683 2618 5738 Νῦν
2657 5686 2806 5738 ἐστιν
2852 5688 2880 5740 6
2929 5687 3165 5757 χαλεπὸς
3192 5688 3454 5760 διωγμὸς,
3483 5691 3661 5764 ταύτῃ

1971 5790 2052 5839 τε,
2083 5774 2177 5827 καὶ
2222 5773 2305 5827 ὃτι
2343 5773 2465 5827 οὐδέ
2492 5773 2773 5845 νομίζεται
2796 5771 2938 5831 εἶναι
2961 5775 3223 5848 διωγμός.
3262 5780 3373 5833 Kal
3418 5782 3526 5853 γὰρ
3566 5787 3662 5839 καὶ

1971 5861 2131 5914 τοῦτο
2154 5861 2268 5932 ἔχει
2298 5863 2358 5916 τὸ
2385 5863 2622 5933 χαλεπὸν
2652 5858 2806 5927 οὗτος
2836 5867 2863 5918 6
2889 5863 3149 5934 πόλεμος,
3187 5865 3246 5929 ὃς
3279 5869 3471 5940 εἰρήνη
3503 5873 3662 5941 νομί-

1973 5950 2151 6017 ζεται,
2189 5953 2280 6006 ἵνα
2314 5954 2390 6023 μὴ
2417 5952 2769 6024 ὁπλιζώμεθα
2807 5953 2926 6006 κατ’
2964 5953 3156 6017 αὐτοῦ,
3189 5957 3323 6027 μηδὲ
3354 5957 3659 6012 διαναστὼ-

2034 6039 2060 6106 ἀ
2101 6042 2218 6096 Alii.
2240 6043 2398 6091 οὐκέτι
2428 6045 2669 6104 σωτηρίαν
2695 6045 2810 6106 ἔχει,
2843 6044 2952 6092 οὐδὲ
2983 6044 3187 6098 ἐλπίδας.
3211 6105 3222 6106 7
3266 6058 3287 6082 σε
3332 6046 3448 6105 Alii,
3482 6051 3557 6095 ἵνα
3606 6053 3674 6099 δὲ·

1971 6105 2080 6160 ὑμῖν
2121 6106 2278 6158 δείξω,
2323 6109 2394 6152 οτι
2436 6107 2587 6159 οὕτως
2625 6105 2795 6165 χείρων
2829 6110 2854 6154 6
2900 6109 3122 6166 διιπνγμος.
3207 6105 3384 6170 πηίου,
3430 6113 3483 6160 οὐ
3510 6131 3650 6173 μονον

1983 6186 2033 6223 οε
2057 6175 2235 6234 ἅνδοες,
2258 6176 2396 6232 ἀλλὰ,
2422 6176 2604 6227 desunt
2633 6175 2681 6226 in
2707 6192 2804 6227 uno
2833 6180 2940 6228 cod.
