4072 6478
469 429 569 484 189

470 557 598 613 μεν·
623 535 795 601 οὐδεὶς
829 535 1065 588 δέδοικεν
1087 574 1101 598 ,
1140 531 1316 596 οὐδεὶς
1360 530 1574 601 τρέμει.
1610 515 1672 580 Εἰ
1707 527 1763 579 δέ
1792 525 2073 578 ἀπιστεῖτε
2103 559 2117 581 ,

463 631 587 692 τοὺς
610 626 876 695 Ἕλληνας
901 623 1231 695 ἐρωτήσατε,
1257 620 1383 682 τοὺς
1409 617 1722 678 διώκοντας,
1759 613 1886 665 πότε
1918 610 1986 663 τά
2011 608 2120 662 τῶν

466 714 805 788 Χριστιανῶν
828 711 1210 784 ἀκριϐέστερα,
1240 708 1368 760 πότε
1395 702 2000 788 δοκιμώτεροιπάντες;
2025 698 2118 760 Εἰς

464 785 643 873 ὀλίγον
685 803 783 875 μὲν
826 801 1194 871 περιειστήκει
1226 795 1346 849 τότε
1383 793 1443 847 τὸ
1483 792 1684 862 πλῆθος
1719 807 1729 818 ·
1763 791 1842 852 εἰς
1867 786 2034 875 πολὺν
2066 785 2124 838 δέ

466 868 666 963 ἀρετῆς
686 868 922 942 ⁷πλοῦτον
953 884 1041 958 ἦν.
1061 886 1124 938 Τί
1144 883 1252 963 γὰρ
1277 883 1486 953 δφελος,
1512 879 1630 934 εἰπέ
1661 895 1771 948 μοι,
1796 875 1963 930 πολὺν
1985 868 2124 926 εἶναι

467 959 678 1050 χόρτον,
713 977 885 1046 παρὸν
913 974 1088 1036 λίθους
1113 959 1254 1026 εἷναὶ
1285 969 1500 1041 τιμίους
1525 980 1579 1032 ﬂ;
1602 968 1714 1019 Οὐκ
1749 967 1805 1018 ἐν
1827 963 1905 1032 τῷ
1931 961 2124 1032 πλήθει

468 1068 558 1119 τοῦ
589 1063 845 1137 ἀριθμοῦ,
881 1062 994 1115 ἀλλ’
1023 1061 1082 1113 ἐν
1109 1064 1175 1131 τῇ
1203 1058 1514 1130 δοκιμότητι
1543 1057 1642 1126 τῆς
1675 1052 1955 1137 ἀρετῆςϋτδ
1983 1051 2128 1120 πλῆ-

468 1154 556 1216 θός
582 1135 746 1205 ἐστιν.
781 1152 840 1204 '0
872 1150 1056 1214 Ἠλίας
1084 1144 1164 1212 εἷς
1191 1144 1298 1219 ἦν·
1329 1146 1440 1201 ἀλλ’
1457 1147 1484 1197 δ
1511 1144 1714 1213 κόσμος
1745 1141 1843 1194 ούκ
1865 1135 1934 1210 ἦν
1962 1137 2126 1192 αὐτοῦ

467 1240 737 1306 ἀντάξιος.
775 1238 886 1292 Καὶ
922 1237 1026 1308 μὴν
1064 1239 1092 1289 ό
1129 1235 1330 1305 κόσμος
1362 1231 1620 1303 μυριάδες
1665 1227 1803 1281 είσίν
1826 1243 1839 1257 ·
1878 1225 1993 1280 ἀλλ’
2026 1224 2126 1276 οὐκ

468 1330 572 1380 εἰσὶ
595 1326 871 1397 μυριάδες,
888 1327 1014 1378 ὅταν
1031 1324 1164 1394 μηδὲ
1181 1321 1316 1394 πρὸς
1335 1321 1425 1373 τὸν
1446 1320 1542 1372 ἕνα
1572 1315 1854 1382 ἐξισῶνται
1875 1357 1886 1368 .
1921 1313 2125 1380 Κρείσ-

469 1432 597 1470 σων
624 1417 649 1456 δ
677 1413 763 1480 εἷς
787 1412 974 1468 ποιῶν
998 1415 1060 1466 τὸ
1088 1412 1318 1479 θέλημα
1347 1410 1595 1476 Κυρίου,
1633 1407 1671 1474 ἢ
1704 1407 1902 1475 μύριοι
1939 1402 2124 1470 παρά-

469 1522 656 1573 νόμοι.
676 1502 846 1555 Τοῦτο
866 1503 958 1554 καί
975 1519 1055 1563 τις
1079 1500 1241 1569 σοφὸς
1269 1499 1639 1568 αἰνιττόμενος
1665 1495 1807 1548 οὕτω
1833 1491 1949 1556 πώς
1971 1503 2124 1559 φησι·

469 1592 562 1658 Μὴ
596 1591 864 1659 ἐπιθύμει
907 1589 1139 1658 πλῆθος
1187 1588 1412 1641 τέκνων
1455 1584 1794 1654 ἀχρήστων.
1849 1575 2006 1634 Οὗτοι
2037 1577 2129 1629 καὶ

473 1680 818 1750 βλασφημίαν
847 1676 1261 1747 προπρίὸονται
1286 1675 1363 1745 τῷ
1387 1674 1506 1745 Θεῷ
1535 1674 1752 1744 μᾶλλον,
1771 1671 1805 1740 ἢ
1824 1673 1871 1723 εἰ
1897 1669 1971 1739 μὴ
1991 1663 2129 1738 ἦσαν

470 1765 802 1837 Χριστιανοί.
833 1765 896 1816 Τί
929 1782 1018 1834 μοι
1043 1765 1122 1816 δεῖ
1143 1764 1405 1833 πλήθους;
1433 1762 1617 1834 Τροφὴ
1646 1759 1847 1814 πλείων
1873 1756 1950 1828 τῷ
1974 1755 2125 1825 πυρί.

470 1853 638 1908 Τοῦτο
668 1855 761 1907 καὶ
792 1856 856 1906 ἐκ
883 1851 977 1905 τοῦ
1008 1850 1258 1921 σώματος
1283 1851 1470 1919 γνοίης
1496 1851 1590 1913 ἂν,
1619 1850 1697 1902 δτι
1731 1847 1952 1917 βελτίων
1994 1844 2130 1914 σύμ-

474 1959 669 2011 μετρος
693 1943 864 2012 τροφὴ
899 1941 1038 2011 μετά
1071 1939 1278 2008 ὑγιείας
1299 1981 1312 2004 ,
1345 1939 1378 2011 ἢ
1412 1939 1590 2009 τρυφὴ
1638 1936 1774 2007 μετὰ
1812 1934 2126 1994 κακώσεως.

473 2027 618 2095 Δῦτη
658 2028 857 2082 πλείων
883 2028 1097 2098 ἐκείνης
1127 2029 1159 2097 ή
1188 2028 1359 2097 τροφή
1390 2043 1402 2056 ·
1430 2024 1588 2078 τοῦτο
1613 2023 1807 2092 τροφὴ,
1847 2023 2023 2074 ἐκεῖνο
2044 2019 2132 2071 νό-

475 2133 586 2179 00;.
621 2114 792 2172 T0610
841 2116 932 2168 καὶ
982 2117 1040 2167 ἐν
1087 2114 1310 2185 πολέμῳ
1358 2113 1455 2167 ίδοι
1500 2130 1583 2174 τις
1641 2111 1728 2176 ἂν,
1762 2110 1968 2179 βέλτιον
1995 2103 2132 2160 εἶναι

474 2205 607 2257 δέκα
634 2202 928 2274 ἐμπείρους
967 2204 1061 2256 καὶ
1089 2201 1369 2270 γενναίους
1394 2199 1615 2270 ἄνδρας,
1653 2199 1686 2268 ἢ
1725 2197 1949 2269 μυρίους
1977 2195 2134 2249 ἀπεί-

478 2309 620 2361 ρους.
653 2286 811 2345 Οὗτοι
852 2291 982 2362 πρὸς
1004 2291 1080 2360 τῷ
1105 2291 1270 2360 μηδὲν
1304 2287 1639 2359 ἐργάσασθαι
1677 2288 1770 2340 καὶ
1806 2286 1931 2347 106;
1964 2285 2132 2355 ἐργα-

474 2379 731 2448 ζομένους
756 2379 1103 2446 ἐγκόπτουσι.
1123 2376 1405 2438 Τοῦτοκαὶ
1436 2375 1527 2428 ἐπὶ
1557 2374 1740 2427 πλοίου
1769 2372 1918 2443 εὖροι
1940 2388 2021 2433 τις
2045 2370 2129 2434 ἂν,

477 2465 683 2532 βέλτιον
717 2461 855 2518 εἶναι
883 2465 976 2518 δύο
1011 2463 1209 2527 ναύτας
1254 2463 1574 2534 ἐμπείρους,
1618 2462 1651 2533 ἢ
1699 2460 1889 2531 μυρίον
1930 2456 2134 2526 πλῆθος

476 2554 717 2624 ἀπείρων
741 2570 753 2581 ·
781 2546 926 2606 οὗτοι
955 2551 1063 2636 γὰρ
1093 2551 1154 2604 τὸ
1187 2551 1367 2605 πλοῖον
1395 2551 1489 2603 καὶ
1522 2548 1910 2602 καταδύσουσι.

549 2641 610 2695 δ’.
643 2641 829 2694 Ταῦτα
850 2632 1012 2707 λέγώ,
1038 2639 1156 2707 οὐχὶ
1190 2638 1328 2709 πρὸς
1359 2637 1418 2690 τὸ
1453 2635 1652 2707 πλῆθος
1692 2635 1846 2708 ὐμῶν
1883 2632 2135 2703 ἀπεχθῶς

476 2727 636 2797 ἔχων,
667 2726 804 2779 ἀλλὰ
836 2725 1154 2794 βουλόμενος
1184 2725 1393 2787 πάντας
1433 2719 1570 2776 εἶναι
1599 2722 1855 2792 δοκίμους
1877 2761 1891 2784 ,
1933 2721 2024 2774 καὶ
2061 2721 2137 2790 μὴ

475 2814 552 2883 τῷ
582 2812 778 2884 πλήθει
803 2811 1042 2883 θαρρεῖν.
1070 2809 1218 2884 [198]
1245 2810 1428 2881 Πολλῷ
1450 2810 1666 2872 πλείους
1683 2809 1820 2861 εἰσὶν
1841 2809 1889 2860 οἰ
1935 2808 2014 2871 εἰς
2038 2806 2137 2878 τὴν

477 2903 698 2970 γέενναν
725 2901 982 2964 εἰσιόντες
1003 2918 1017 2930 ·
1041 2900 1175 2952 ἀλλά
1211 2897 1412 2969 μείζων
1443 2900 1613 2968 αὐτῆς
1640 2899 1786 2951 ἐστιν
1811 2900 1843 2967 ἡ
1872 2897 2134 2966 βασιλεία,

481 2991 584 3043 κᾶν
603 2991 814 3057 ὀλίγους
847 2990 964 3060 ἔχῃ.
1009 2989 1097 3051 Ὠς
1122 2991 1154 3056 ἡ
1188 2989 1371 3057 ἄμμος
1396 2988 1494 3058 τῆς
1525 2987 1798 3055 θαλάσσης
1826 2983 1893 3056 ἦν
1921 2985 1981 3038 τὸ
2003 2984 2137 3053 πλῆ-

479 3079 570 3141 θος
594 3076 686 3131 τοῦ
719 3077 870 3140 λαοῦ,
902 3076 1016 3130 ἀλλ’
1044 3070 1123 3138 εἷς
1153 3075 1355 3128 ἔσωσεν
1379 3072 1596 3138 αὐτούς.
1614 3067 1707 3135 Εἷς
1736 3069 1801 3144 ἦν
1829 3075 1856 3125 ό
1877 3071 2136 3141 Μωῦσῆς,

479 3166 570 3217 καὶ
597 3165 811 3218 πάντων
844 3164 1066 3234 μείζονα
1095 3163 1311 3232 ἴσχυσεν
1336 3179 1349 3193 ο
1371 3157 1451 3224 εἷς
1479 3157 1548 3231 ἦν
1574 3163 1602 3214 ό
1642 3159 1866 3229 Ἰησοῦς,
1905 3159 1998 3212 καὶ
2030 3159 2140 3210 τῶν

481 3251 777 3317 ἑξακοσίων
810 3250 1062 3321 χιλιάδων
1097 3249 1255 3302 πλέον
1279 3243 1540 3320 ἠδυνήθη.
1592 3247 1684 3318 Μή
1713 3246 1870 3299 τοῦτο
1908 3245 2140 3300 σπουδά-

483 3341 684 3412 ζωμεν,
716 3341 862 3403 ὅπως
896 3341 1081 3393 πολλοὶ
1124 3339 1364 3406 γένοιντο
1404 3338 1580 3407 μόνον,
1635 3336 1770 3388 ἀλλὰ
1793 3335 1899 3407 πρὸ
1923 3335 2138 3400 τούτου,

482 3430 631 3490 ὅπως
670 3427 880 3497 δόκιμοι
915 3443 925 3455 ·
959 3429 1086 3480 ὅταν
1110 3426 1267 3480 τοῦτο
1294 3423 1735 3495 κατασκευασθῇ,
1764 3425 1885 3477 τότε
1904 3426 2138 3478 κάκεῖνο.

484 3516 668 3580 Οὐδεὶς
695 3516 872 3569 οἰκίαν
895 3515 1201 3586 εὐρύχωρον
1229 3514 1443 3585 πρῶτον
1467 3513 1714 3584 βούλεται
1739 3515 1981 3584 ποιῆσαι,
2010 3515 2143 3567 ἀλλά

485 3605 698 3676 πρῶτον
736 3605 959 3675 ἰσχυρὰν
991 3606 1083 3656 καὶ
1111 3604 1353 3674 δόκιμον,
1396 3605 1491 3656 καὶ
1515 3604 1634 3655 τότε
1671 3602 1982 3673 εὐρύχωρον
2008 3621 2020 3633 ο
2053 3603 2142 3655 οὐ·

485 3695 594 3757 651;
627 3693 806 3763 βάλλει
836 3691 1060 3762 θεμέλια
1092 3705 1140 3758 ε,
1169 3694 1255 3746 ἵνα
1282 3691 1684 3762 καταγελασθῇ.
1734 3691 1958 3764 Πρῶτον
1990 3690 2147 3744 τοῦτο

488 3782 761 3852 ζητῶμεν,
794 3781 887 3834 καὶ
920 3781 1040 3833 τότε
1069 3782 1263 3834 ἐκεῖνο.
1310 3781 1512 3834 Τούτου
1554 3781 1725 3857 ὄντος,
1775 3778 1998 3832 εὐκολον
2044 3783 2143 3833 κά-

489 3872 635 3922 κεῖνο
667 3870 819 3921 ἐσται
847 3886 858 3899 ·
886 3869 1097 3922 ἐκείνου
1131 3869 1187 3921 δὲ
1217 3869 1317 3920 οὐκ
1343 3868 1524 3931 ὄντος,
1566 3867 1723 3920 τοῦτο
1765 3869 1870 3921 κᾶν
1903 3862 1958 3940 ᾗ.
1993 3868 2146 3921 οὐδὲν

487 3958 700 4028 ὄφελος.
740 3960 948 4014 Ὄντων
989 3958 1088 4034 μὲν
1127 3958 1235 4026 γὰρ
1276 3956 1386 4009 τῶν
1417 3955 1726 4026 δυναμένων
1754 3958 1810 4008 ἐν
1846 3957 2146 4027 Ἐκκλησία

487 4046 720 4117 λάμψαι.
749 4046 954 4115 ταχέως
975 4046 1123 4098 ἔσται
1159 4046 1253 4098 καὶ
1279 4043 1729 4115 πλῆθος-τούτων
1756 4045 1808 4096 δὲ
1835 4046 1934 4098 οὐκ
1956 4044 2143 4108 ὅντων,

490 4137 547 4188 τὸ
579 4132 779 4200 πλῆθος
811 4133 1061 4186 οὐδέποτε
1089 4134 1242 4186 ἔσται
1274 4133 1515 4201 δόκιμον.

561 4223 769 4284 Πόσους
798 4221 972 4274 οἴεσθε
1004 4223 1059 4274 ἐν
1088 4225 1151 4290 τῇ
1185 4221 1333 4274 πόλει
1362 4225 1426 4292 τῇ
1454 4221 1704 4293 ἡμετέρᾳ⁴
1737 4218 1873 4274 εἶναι
1901 4225 2023 4285 τοὺς
2048 4239 2149 4274 σωο

490 4311 779 4382 ζομένουςς
831 4309 1096 4380 Ἐπαχθές
1128 4309 1224 4379 μέν
1253 4313 1419 4374 ἐστιν,
1438 4310 1477 4363 .ὂ
1508 4311 1685 4381 μέλλω
1715 4311 1894 4378 λέγειν
1919 4328 1931 4341 ·
1963 4312 2071 4382 ἐρῶ
2095 4311 2150 4362 δέ

489 4402 657 4468 ὅμως.
699 4400 813 4452 Οὐκ
854 4397 1001 4451 ἐστιν
1043 4400 1101 4450 ἐν
1139 4397 1428 4462 τοσαύταις
1459 4400 1715 4468 μυριάσιν
1748 4399 1940 4453 ἑκατὸν
1970 4400 2150 4468 εὑρεῖν

490 4491 613 4550 106;
653 4485 994 4554 σωζομένους
1021 4504 1034 4516 ·
1059 4485 1192 4539 ἀλλά
1234 4486 1328 4538 καὶ
1369 4487 1507 4558 ὐπέρ
1553 4487 1754 4539 τούτων
1796 4487 2147 4558 ἀμφισὸητῶ.

492 4576 634 4644 ἰίόση
663 4573 789 4646 γὰρ,
822 4573 943 4626 εἰπέ
978 4589 1086 4643 μοι,
1126 4574 1292 4627 κακία
1318 4576 1375 4627 ἐν
1402 4577 1511 4637 τοῖς
1534 4576 1701 4639 νέοις;
1740 4576 1877 4645 πόση
1911 4574 2153 4646 ῥᾳθυμία

494 4665 692 4724 ἐντοῖς
733 4663 1138 4732 γεγηρακόσιν;
1179 4662 1367 4726 Οὐδεὶς
1415 4662 1489 4725 ὠς
1532 4663 1636 4732 χρὴ
1681 4663 1995 4732 ἐπιμέλειαν
2039 4663 2152 4731 ἔχει

491 4751 584 4803 τοῦ
610 4750 793 4812 παιδος
827 4751 919 4801 τοῦ
951 4751 1140 4824 ἑαυτοῦ
1170 4767 1181 4780 ο
1211 4751 1382 4813 οὐδεὶς
1413 4751 1524 4820 έχει
1558 4751 1716 4820 ζῆλον
1749 4752 1882 4821 πρὸς
1911 4751 2151 4820 πρεσϐύ-

492 4857 591 4907 την
643 4837 765 4890 ἰδὼν
814 4838 1173 4908 μιμήσασθαι.
1225 4838 1305 4891 Τά
1362 4840 1644 4909 ἀρχέτυπα
1702 4840 2154 4908 ἡφάνιστανδιὰ

492 4928 651 4979 10610
693 4925 813 4978 οὐδὲ
859 4927 905 4977 οί
945 4926 1052 4979 νέοι
1101 4926 1335 4993 γίνονται
1379 4927 1697 4995 θαυμαστοί.
1734 4929 1821 4998 Μή
1858 4946 1947 4997 μοι
1978 4930 2155 4980 ἐκεῖνο

494 5016 638 5081 λέγε,
681 5015 761 5066 ὅτι
793 5013 1218 5083 Πολυοχλοῦμεν.
1244 5013 1414 5066 Τοῦτο
1446 5014 1666 5084 ψυχρῶν
1693 5015 2151 5086 ἁνθρώπωνέστί·

497 5105 588 5155 καὶ
622 5103 713 5155 ἐπὶ
751 5102 851 5167 μὲν
887 5101 1188 5171 ἀνθρώπων
1216 5101 1439 5165 εἰκότως
1471 5103 1533 5154 ἂν
1556 5102 1709 5155 τοῦτο
1735 5103 1964 5170 λέγοιτο,
1992 5106 2082 5156 ἐπὶ
2101 5105 2155 5157 δέ

498 5188 629 5240 0:06
665 5188 760 5240 106
790 5189 849 5242 οὐ
882 5188 1137 5258 δεομένου
1169 5189 1342 5258 ήμῶν,
1385 5189 1482 5241 οὐκ
1513 5190 1612 5242 ἔτι.
1652 5191 1772 5243 ’Ὁτι
1817 5191 1871 5244 δέ
1911 5195 2001 5245 καὶ
2043 5194 2158 5246 ἐκεῖ

498 5276 702 5346 ψυχρόν
740 5279 853 5329 ἐστι
887 5278 946 5329 τὸ
985 5278 1156 5347 ῥῆμα,
1198 5277 1444 5330 ἄκουσον.
1502 5279 1559 5331 Ὀ
1597 5279 1822 5342 πολλοὺς
1848 5279 1986 5349 ἔχων
2014 5283 2157 5335 οἰκέ-

497 5381 617 5427 τας,
660 5363 724 5416 ἂν
753 5363 1177 5435 διεφθαρμένους
1210 5363 1404 5426 αὐτοὺς
1439 5366 1555 5438 ἔχη,
1589 5366 1685 5417 ὅσα
1712 5367 1957 5420 πείσεται
1980 5368 2155 5422 δειναί

502 5454 607 5506 Καὶ
641 5455 732 5506 ἐπὶ
774 5455 868 5523 μὲν
907 5454 998 5506 106
1048 5453 1252 5524 μηδένα
1293 5453 1504 5522 ἔχοντος
1551 5453 1708 5506 10610
1744 5457 1891 5508 δοκεῖ
1921 5453 2062 5510 εἶναι
2103 5459 2158 5510 τὸ

497 5542 688 5605 δευιδν,
723 5543 804 5593 ὅτι
834 5541 930 5609 οὐχ
966 5542 1317 5610 ὐπηρετείται
1345 5557 1356 5569 ·
1404 5541 1495 5592 ἐπὶ
1527 5541 1582 5593 δέ
1612 5542 1703 5594 τοῦ
1736 5547 1857 5606 106;
1891 5549 2157 5616 πονηροζς

504 5630 734 5697 ἔχοντος,
794 5632 886 5680 καὶ
933 5630 1120 5680 ἐαυτδν
1171 5628 1578 5699 προσαπόλλυσι
1634 5631 1748 5697 μετ’
1787 5633 2029 5697 ἐκείνων,
2069 5636 2160 5686 καὶ

510 5717 706 5782 μείζων
739 5718 768 5785 ή
800 5716 991 5786 ζημία.
1027 5716 1132 5768 Τοῦ
1164 5718 1270 5785 γὰρ
1301 5716 1477 5785 ἑαυτῷ
1507 5716 1772 5770 διακονεῖν
1807 5721 1982 5790 πολλῴ
2008 5723 2160 5791 χαλε-

509 5804 746 5874 πώτερον
793 5807 851 5858 τὸ
897 5807 982 5858 καί
1029 5806 1232 5875 ἑτέροις
1268 5807 1554 5858 πυκτεύειν
1588 5808 1678 5858 καὶ
1706 5807 1937 5876 πόλεμον
1973 5813 2157 5862 00/18::-

2012 5975 2035 6014 ὶν
2067 5977 2161 6024 Ah!

573 5969 595 6037 θ
626 5968 751 6016 53"”
805 5972 994 6032 παρόνῆ
1031 5976 1182 6028 λίθους
1211 5975 1384 6032 τιμίους
1409 5976 1435 6030 ἢ
1464 5977 1636 6036 χρυσὸν
1669 5975 1938 6032 ἀγαγέσθαι.

578 6057 622 6088 ‘1.
647 6037 721 6081 τόν
757 6052 834 6081 ινα
881 6039 1119 6097 ἐρχίυνῖῡιι.
1167 6039 1429 6100 Κξιίσςων.
1499 6044 1517 6066 ’⁵
1558 6039 1652 6085 Alli
1687 6041 1904 6095 0-0.2201

1227 422 1287 480 3.
1323 417 1606 477 JOAN-NIS
1641 408 2128 472 CHRYSOSTOMI
2172 410 2495 468 ARCIIIEP.
2535 398 3086 465 CONSTANTINOP.

3783 390 3890 447 19L!

2225 516 2433 585 χεσθαι.
2459 513 2641 567 Ταῦτα
2663 512 2828 580 λέγω,
2859 512 2947 565 ἵνα
2979 511 3054 581 μή
3080 525 3164 573 τις
3185 509 3284 579 τὴν
3323 506 3651 578 Ἐκκλησίαν
3676 502 3898 574 θαυμά-

2224 600 2293 674 ζῃ
2325 601 2415 655 διά
2443 601 2506 652 τὸ
2539 599 2762 669 πλῆθος,
2792 597 2910 651 ἀλλ’
2946 597 3032 650 ἵνα
3063 595 3454 666 σπουδάζωμει
3499 593 3628 647 αὐτὸ
3662 592 3893 659 δόκιμον

2224 687 2595 760 ἐργάσασθαι·
2625 687 2712 739 ἵνα
2759 685 2988 746 ἕκαστος
3029 684 3122 737 τοῦ
3171 683 3373 736 οἰκείου
3419 684 3617 753 προνοῇ
3671 679 3892 751 μέλους,

2217 780 2338 849 οὐχὶ
2383 778 2491 830 τῶν
2541 776 2731 845 φίλων,
2777 774 2899 827 ούδέ
2940 774 3048 825 τῶν
3103 772 3398 841 συγγενῶν,
3431 773 3569 840 ὅπερ
3607 769 3692 823 ἀεὶ
3718 768 3892 834 λέγω,

2219 865 2340 919 οὐδέ
2372 863 2480 917 τῶν
2514 863 2773 932 γειτόνων
2805 879 2818 892 ·
2853 859 2994 912 ἀλλά
3027 860 3122 912 καὶ
3151 859 3292 910 ὥστε
3329 859 3456 920 τοὺς
3499 855 3684 920 ξένους
3726 851 3896 923 ἐφέλ-

2223 955 2434 1008 κεσθαι.
2468 947 2613 1015 Οἷον,
2644 951 2777 1022 εὐχὴ
2807 950 3013 1019 γίνεται
3035 991 3048 1011 ,
3077 949 3285 1000 κεῖνται
3322 947 3523 1007 πάντες
3555 944 3664 996 νέοι
3689 942 3898 1012 ψυχροὶ

2223 1044 2316 1098 καὶ
2341 1042 2595 1111 γέροντες
2615 1058 2627 1072 ·
2655 1039 2982 1109 καθάρματα
3013 1035 3209 1106 μᾶλλον
3240 1034 3272 1105 ἦ
3295 1033 3426 1097 νέοι,
3455 1032 3740 1101 γελῶντες,
3763 1032 3898 1082 ἀνα-

2223 1128 2589 1198 καγχάζοντες
2611 1167 2624 1189 ,
2660 1127 3032 1197 διαλεγόμενοι
3066 1125 3182 1194 (ναὶ
3210 1124 3318 1194 γὰρ
3349 1123 3444 1176 καὶ
3485 1121 3642 1176 10610
3682 1120 3898 1190 ήκουσα

2223 1215 2558 1286 γινόμενον),
2591 1215 2684 1268 καὶ
2715 1214 2976 1284 ἀλλήλους
3020 1212 3364 1274 σκώπτοντες
3407 1209 3500 1262 ἐπὶ
3537 1209 3742 1277 γόνατα
3782 1205 3900 1258 κεί-

2227 1321 2377 1374 μενοι
2405 1321 2419 1335 ·
2462 1303 2524 1355 σύ
2563 1301 2916 1371 παρέστηκας
2944 1302 2974 1353 ό
3002 1301 3118 1362 νέος
3152 1299 3185 1370 ἢ
3217 1301 3245 1351 ό
3279 1295 3592 1368 πρεσϐύτης
3615 1335 3628 1358 ,
3661 1292 3900 1361 ἐπίπλη-

2225 1391 2334 1456 ξον,
2361 1392 2426 1444 ἂν
2446 1389 2580 1459 ίδῃς,
2606 1387 2900 1456 ἐγκάλεσον
2925 1385 3298 1456 σςοδρότερον,
3313 1383 3412 1436 ούκ
3432 1382 3782 1452 ἀνεχόμενον,
3805 1379 3900 1432 τὸν

2224 1480 2472 1533 διάκονον
2495 1477 2744 1540 κάλεσον,
2775 1475 3091 1545 ἀπείλησον,
3121 1472 3189 1525 τά
3211 1470 3362 1544 παρά
3391 1466 3590 1522 σαυτοῦ
3619 1467 3850 1537 ποίησον
3884 1482 3899 1497 ·

2227 1568 2321 1620 καὶ
2351 1567 2445 1619 ἐάν
2472 1565 2719 1637 τολμήσῃ
2745 1581 2796 1616 τι
2826 1565 2903 1625 είς
2939 1562 2996 1615 σέ
3027 1559 3388 1632 ἐργάσασθαι,
3419 1556 3635 1619 πάντως
3668 1552 3902 1616 πολλοὺς

2227 1653 2370 1718 ἕξεις
2395 1653 2421 1692 ἀ
2461 1653 2584 1716 τούς
2623 1650 3065 1721 συναιρομένους.
3117 1647 3212 1710 Τίς
3240 1647 3348 1717 γὰρ
3372 1645 3544 1709 οὕτως
3576 1643 3867 1710 ἀλόγιστος
3885 1679 3900 1705 ,

2226 1742 2302 1806 ὡς
2335 1743 2456 1795 ἰδών
2484 1757 2545 1794 σε
2569 1739 2906 1808 ἐγκαλοῦντα
2940 1738 3077 1806 ύπέρ
3115 1734 3373 1788 τοιούτων
3413 1732 3698 1791 κάκείνους
3725 1730 3904 1796 ἐγκα-

2228 1833 2539 1903 λουμένους,
2576 1830 2650 1901 μὴ
2673 1829 2770 1898 τῆς
2801 1829 2900 1899 σῆς
2935 1825 3186 1896 γενέσθαι
3230 1824 3488 1895 μερίδος;
3523 1819 3763 1873 Ἀπελθε
3804 1819 3906 1871 λα-

2227 1921 2338 1974 ϐὼν
2383 1920 2475 1973 τὸν
2525 1917 2715 1988 μισθὸν
2758 1917 2866 1970 ἀπὸ
2909 1915 3007 1983 τῆς
3055 1913 3236 1982 εὐχῆς.
3276 1912 3363 1964 Ἐν
3414 1909 3563 1979 οἰκίᾳ
3605 1908 3904 1977 δεσποτικῇ

2228 2007 2449 2070 τούτους
2481 2005 2868 2075 εὐνουστέρους
2899 2002 3007 2054 τῶν
3039 2000 3240 2054 δούλων
3269 1999 3553 2070 κρίνομεν,
3581 1997 3808 2064 ὅσοιπερ
3835 1994 3906 2047 ἂν

2235 2093 2400 2180 pi,ka
2439 2091 2752 2165 παρορῶσιν
2781 2089 3037 2151 ἀτάκτως
3081 2087 3334 2156 κείμενον
3385 2082 3597 2150 σκεῦος.
3647 2083 3782 2135 Εἰπέ
3837 2080 3904 2146 δή

2235 2167 2344 2248 μὀι,
2360 2178 2424 2232 ἂν
2439 2179 2551 2248 ἴδῃς
2567 2180 2623 2230 ἐν
2634 2175 2781 2247 οἰκία
2793 2176 2854 2228 τὸ
2868 2174 3138 2246 ἀργύρεον
3153 2171 3341 2236 σκεῦος
3357 2168 3505 2243 [199]
3520 2169 3623 2235 ἔξω
3635 2167 3908 2239 ἐρριμμέο

2231 2283 2340 2327 νον,
2365 2265 2466 2317 κᾶν
2498 2265 2572 2335 μὴ
2607 2261 2672 2336 ᾖς
2709 2262 3170 2332 ἐπιτεταγμένος,
3207 2255 3294 2331 ἆρ’
3327 2259 3388 2312 οὐ
3417 2258 3563 2330 λήψῃ
3606 2255 3764 2310 τοῦτο
3809 2256 3909 2307 καὶ

2230 2353 2481 2416 εἰσοίσεις
2514 2353 2570 2404 ἐν
2601 2355 2667 2421 τῇ
2697 2351 2883 2421 οἰκίᾳ;
2920 2351 2988 2404 ἂν
3023 2349 3238 2420 ἱμάτιον
3284 2348 3474 2410 ἀπλῶς
3529 2344 3865 2417 ἐρριμμένον
3889 2382 3906 2405 ,

2232 2440 2333 2495 κᾶν
2367 2441 2441 2512 μὴ
2477 2439 2605 2511 ἔχῃς
2632 2439 2730 2509 τὴν
2764 2438 3050 2508 φροντίδα,
3085 2437 3189 2491 κᾶν
3224 2434 3417 2508 ἐχθρὸς
3447 2429 3516 2508 ᾗς
3541 2432 3635 2485 τοῦ
3667 2446 3908 2502 προστε-

2232 2531 2454 2600 ταχότος
2482 2540 2528 2594 θ,
2561 2526 2649 2581 διὰ
2671 2528 2770 2597 τὴν
2797 2529 2877 2589 εἰς
2901 2526 2991 2579 τὸν
3019 2525 3284 2594 δεσπότην
3323 2523 3535 2577 εὐνοιαν
3557 2562 3571 2585 ,
3618 2520 3681 2573 οὐ
3717 2519 3909 2589 θήσεις

2234 2615 2391 2669 τοῦτο
2417 2614 2629 2680 καλῶς;
2658 2613 2814 2666 Οῦτω
2837 2613 2930 2665 καὶ
2958 2611 3070 2664 νῦν.
3098 2610 3274 2682 Σκεύη
3302 2609 3472 2662 ταῦτά
3495 2609 3642 2660 ἐστιν
3660 2621 3673 2633 ·
3697 2605 3763 2658 ἂν
3789 2604 3911 2674 ίδῃς

2235 2702 2486 2765 ἀτάκτοις
2517 2703 2778 2771 κείμενα,
2831 2698 3276 2770 μεταρρύθμισον
3304 2713 3317 2727 ’
3355 2697 3475 2766 ἐμοὶ
3505 2689 3771 2766 πρόσελθε
3797 2729 3812 2752 ,
3845 2690 3910 2742 οὐ

2235 2790 2606 2863 παραιτοῦμαι
2634 2805 2646 2819 ·
2675 2788 2797 2858 ἐμοὶ
2820 2788 2965 2850 εἰπὲ,
2987 2786 3146 2855 δῆλον
3172 2784 3516 2852 κατάστησον
3540 2798 3552 2810 ⁸
3579 2781 3638 2834 οὐ
3669 2779 3910 2849 δύναμαι

2236 2881 2412 2934 πάντα
2443 2879 2606 2948 όρᾷν,
2644 2875 2947 2943 σύγγνωτε.
2999 2874 3191 2943 Ὁρᾶτε
3212 2915 3226 2938 ,
3268 2874 3366 2942 ὅση
3401 2869 3572 2923 κακία
3606 2868 3702 2938 τὴν
3727 2869 3914 2919 οἰκου-

2240 2969 2406 3038 μένην
2439 2965 2679 3034 κατέχει.
2736 2965 2885 3033 Μήτι
2914 2963 3101 3024 ἀπλῶς
3126 2961 3338 3029 ἔλεγον,
3387 2961 3467 3012 ὅτι
3504 2956 3710 3026 πλῆθός
3737 2957 3913 3024 ἐσμεν

2239 3055 2456 3126 χόρτου,
2490 3053 2729 3120 πέλαγος
2755 3051 3026 3114 ἀτακτονς
3058 3051 3130 3103 Οὐ
3157 3049 3322 3116 λέγω,
3359 3049 3440 3100 ὅτι
3467 3047 3664 3098 ἐκείνοι
3682 3041 3914 3096 τοιαῦτα

2239 3141 2505 3206 ποιοῦσιν,
2532 3140 2648 3194 ἀλλ’
2685 3140 2766 3193 ότι
2801 3138 3053 3201 τοσοῦτος
3090 3137 3254 3199 ὕπνος
3296 3136 3613 3204 καταχεῖται
3645 3131 3754 3184 τῶν
3795 3131 3914 3181 είσ-

2243 3229 2416 3282 ιόντωκ
2449 3267 2463 3287 .
2505 3226 2646 3281 ὥστε
2684 3226 2818 3297 μηδέ
2853 3225 3028 3278 ταῦτα
3066 3222 3330 3296 διορθοῦν.
3363 3221 3530 3274 Πάλιν
3559 3219 3780 3291 ἐτέρους
3801 3216 3917 3286 όρῶ

2237 3316 2651 3386 διαλεγομένους
2703 3313 2982 3376 ἑστῶτας,
3035 3313 3135 3382 τῆς
3188 3309 3356 3380 εὐχῆς
3407 3306 3802 3377 γινομένηςοοί
3859 3303 3917 3356 ῑέ

2239 3403 2633 3472 ἐπιεικέστεροι
2668 3401 2869 3467 αὐτῶν,
2912 3399 3031 3454 οὐδέ
3059 3399 3159 3468 τῆς
3192 3397 3358 3467 εὐχῆς
3391 3394 3678 3464 γινομένης
3728 3391 3914 3462 μόνον.

2239 3491 2374 3546 ἀλλὰ
2429 3491 2524 3544 καὶ
2585 3490 2935 3557 εὐλογοῦντος
2993 3486 3087 3540 τοῦ
3152 3484 3362 3556 ἱερέως.
3405 3484 3469 3535 Ὢ
3513 3481 3615 3551 τῆς
3665 3480 3918 3551 τόλμηςί

2242 3580 2370 3632 πότε
2399 3579 2552 3632 ἔσται
2580 3577 2861 3648 σωτηρίας
2890 3575 3006 3637 πῶς
3035 3571 3375 3645 δυνησόμεθα
3401 3570 3493 3624 τὸν
3523 3569 3652 3623 Θεὸν
3685 3567 3912 3634 ἐξιλεώ-

2247 3667 2466 3731 σασθαι;
2499 3668 2590 3730 Εἰς
2610 3665 2827 3720 παιδιὰν
2846 3664 2910 3718 ἂν
2928 3663 3188 3733 ἀπέλθῃς,
3215 3661 3334 3731 δψει
3365 3661 3574 3720 πάντας
3604 3655 3918 3726 εὐρύθμους

2244 3749 2564 3820 χορεύοντας
2583 3789 2596 3812 ,
2627 3749 2721 3801 καὶ
2742 3747 2894 3799 οὐδὲν
2928 3743 3408 3814 παρημελημένον.
3448 3741 3534 3803 Ὡς
3561 3736 3654 3792 οὖν
3683 3740 3736 3790 ἐν
3768 3739 3918 3807 λύρα

2247 3837 2600 3907 παναρμονίῳ
2643 3834 2735 3888 καὶ
2781 3833 3038 3893 ποικίλως
3062 3831 3439 3898 ἐσκευασμένη
3481 3828 3576 3897 μία
3611 3844 3693 3887 τις
3720 3825 3922 3894 εὐηχος

2248 3924 2533 3996 συμφωνία
2583 3922 2923 3976 ἀποτελεῖται
2959 3922 3022 3972 ἐκ
3063 3919 3162 3988 τῆς
3214 3918 3334 3970 καθ’
3379 3918 3608 3969 ἕκαστον
3666 3912 3924 3977 εὐταξίας

2245 4013 2351 4066 τῶν
2385 4012 2755 4081 συγκειμένων
2787 4027 2798 4039 ·
2826 4009 2969 4060 οὕτω
3007 4006 3070 4078 δὴ
3108 4006 3198 4060 καὶ
3223 4003 3454 4058 ἐνταῦθα
3489 4004 3619 4073 μίαν
3654 4000 3712 4065 ἐξ
3745 4000 3923 4054 ἀπάν-

2247 4119 2353 4154 των
2397 4100 2682 4169 σύμφωνον
2735 4097 2999 4166 ἁρμονίαν
3055 4092 3330 4164 προσῆκεν
3369 4088 3766 4144 ἀποτελεῖσθαι.
3811 4088 3925 4141 Μία

2248 4189 2355 4257 γὰρ
2393 4188 2694 4254 γεγόναμεν
2742 4182 3072 4252 Ἐκκλησία,
3129 4180 3254 4250 μιᾶς
3301 4177 3541 4246 κεφαλῆς
3591 4176 3926 4246 συναρμολο·

2249 4275 2490 4344 γούμενα
2527 4272 2659 4341 μέλη
2696 4271 2958 4339 τελοῦμεν
2982 4313 2996 4334 ,
3028 4268 3084 4320 ἓν
3128 4269 3176 4321 οί
3207 4270 3406 4330 πάντες
3436 4265 3780 4333 κατέστημεν
3818 4263 3927 4314 σῶ-

2255 4381 2328 4435 μα
2355 4379 2368 4392 ·
2394 4362 2458 4414 ἂν
2489 4359 2731 4430 ἀμεληθῇ
2775 4359 2834 4411 τι
2879 4363 3074 4427 τυχόν,
3118 4357 3179 4409 τὸ
3231 4356 3337 4408 πᾶν
3378 4352 3651 4424 ἠμέληται
3696 4351 3791 4404 καὶ
3851 4352 3894 4402 δ·

2254 4449 2536 4520 έφθαρται.
2558 4448 2712 4500 Οὐτω
2727 4449 2790 4515 τῇ
2811 4446 2918 4497 τῶν
2940 4444 3150 4497 πολλῶν
3179 4442 3398 4512 εὐταξία
3413 4444 3446 4510 η
3470 4440 3562 4493 τοῦ
3589 4440 3706 4502 ἐνὸς
3728 4439 3932 4504 ἀταξία

2251 4539 2588 4610 λυμαίνεται.
2626 4537 2735 4596 Καὶ
2763 4535 2822 4587 τὸ
2855 4534 2917 4601 δή
2948 4531 3179 4601 φοϐερὸν
3201 4574 3214 4597 ,
3251 4533 3332 4584 ὅτι
3373 4528 3610 4583 ἐνταῦθα
3638 4527 3758 4596 οὐχὶ
3802 4546 3932 4580 παις

2250 4626 2366 4679 διάν
2397 4625 2515 4678 οὐδέ
2542 4623 2758 4693 χορείαν
2793 4622 2926 4690 ἔρχῃ
2958 4619 3252 4688 χορεύσων,
3283 4617 3378 4670 καὶ
3408 4618 3646 4686 ἕστηκας
3668 4615 3928 4679 ἄτακτος.

2253 4715 2366 4766 υύκ
2414 4710 2561 4772 οἶδας
2607 4712 2688 4761 ὅτι
2737 4709 2873 4778 μετὰ
2920 4705 3170 4773 ἀγγέλων
3224 4705 3497 4774 ἕστηκαςς
3537 4702 3652 4774 μετ’
3701 4703 3933 4755 ἐκείνων

2254 4802 2397 4871 ᾄδεις
2424 4839 2437 4863 ,
2479 4800 2594 4869 μετ’
2631 4797 2853 4848 ἐκείνων
2885 4795 3111 4863 ὑμνείς,
3145 4793 3238 4846 καί
3280 4793 3519 4861 ἕστηκας
3562 4788 3770 4858 γελῶν;
3809 4791 3932 4842 Ὀτι

2255 4889 2361 4958 γάρ
2394 4885 2629 4956 σκηπτὸς
2653 4883 2752 4934 οὐκ
2783 4882 3023 4950 ἀφίεται,
3052 4881 3150 4933 οὐκ
3176 4879 3262 4932 ἐπ’
3300 4881 3542 4942 ἐκείνους
3577 4878 3756 4946 μόνον,
3794 4875 3934 4930 ἀλλά

2257 4979 2347 5030 καὶ
2370 4978 2452 5044 ἐφ’
2485 4977 2660 5045 ἡμᾶς,
2693 4974 2751 5024 οὐ
2778 4971 3123 5040 θαυμαστόν;
3157 4967 3279 5034 ἀξια
3310 4967 3417 5037 γὰρ
3459 4964 3704 5035 σκηπτοῦ
3734 4963 3930 5020 ταῦτα.

2259 5067 2523 5137 Πάρεστιν
2547 5067 2572 5115 ό
2601 5060 2870 5131 βασιλεὺς,
2902 5060 3095 5128 θεωρεῖ
3126 5058 3184 5110 τὸ
3219 5055 3583 5126 στρατόπεδον
3610 5071 3621 5082 ·
3649 5054 3711 5105 σῦ
3737 5053 3795 5106 δέ
3830 5054 3935 5105 ὐπὸ

2257 5157 2372 5216 ταῖς
2405 5155 2624 5204 ἐκε”νων
2666 5149 2849 5217 ὕψεσιν
2881 5148 3115 5216 ἕστηκας
3147 5146 3341 5212 γελῶν,
3377 5145 3407 5214 ἢ
3440 5145 3530 5197 τὸν
3564 5141 3815 5211 γελῶντα
3840 5158 3935 5193 πε-

2261 5237 2488 5306 ριορῶν;
2533 5233 2688 5284 Ἀλλὰ
2740 5232 2898 5302 μέχρι
2945 5232 3086 5293 τίνος
3137 5229 3509 5298 ἐγκαλοῦμεεη
3569 5227 3730 5297 μέχρι
3790 5226 3935 5287 τίνος

2264 5322 2590 5393 μεμφόμεθα
2614 5338 2626 5384 ;
2653 5321 2727 5372 Οὐ
2755 5321 2862 5389 γάρ
2887 5319 2959 5382 ὼς
2987 5317 3292 5387 λυμεῶνας,
3329 5318 3387 5368 οὐ
3419 5315 3528 5386 γάρ
3557 5315 3631 5377 ὠς
3662 5313 3897 5382 φθορέας
3919 5357 3932 5378 ,

2260 5414 2317 5463 οὐ
2352 5411 2459 5480 γάρ
2488 5409 2562 5471 ὼς
2606 5407 2822 5471 ἐξώλεις
2855 5409 2946 5460 καί
2986 5405 3413 5474 διεφθαρμένους
3456 5405 3580 5466 τοὺς
3619 5401 3896 5465 τοιούτους
3919 5444 3931 5462 ,

2263 5501 2354 5551 καὶ
2388 5498 2596 5568 μυρίων
2626 5497 2894 5565 γέμοντας
2927 5495 3113 5547 κακῶν
3143 5493 3242 5561 τῆς
3290 5491 3615 5560 Ἐκκλησίας
3639 5490 3934 5542 ἀπελαύνει

2265 5591 2385 5644 σθαι
2430 5590 2571 5648 ἔδεις
2631 5586 2763 5640 Πότε
2811 5579 2954 5637 οὗτοι
3007 5584 3283 5651 φείσονται
3328 5581 3584 5648 γέλωτος,
3627 5580 3676 5632 οἱ
3717 5581 3772 5630 ἐν
3820 5579 3934 5648 ὥρα

2265 5679 2463 5750 φρίκης
2504 5675 2798 5743 γελῶπεςς
2837 5674 2964 5724 πότε
2996 5671 3282 5739 ἀςέξονται
3313 5668 3580 5739 φλυαρίας
3606 5708 3618 5729 ,
3659 5668 3708 5719 οἰ
3749 5670 3807 5719 ἐν
3860 5669 3935 5735 τῷ

2266 5767 2442 5834 καιρῷ
2472 5765 2567 5831 τῆς
2599 5762 2847 5827 εὐλογίας
2876 5760 3244 5827 διαλεγόμενοι
3264 5774 3276 5821 ;
3296 5758 3355 5808 οὐ
3388 5758 3512 5818 106;
3545 5756 3819 5826 παρόντας
3850 5759 3933 5807 αἰ·

2264 5855 2475 5907 δοῦνται
2505 5872 2516 5914 ;
2541 5854 2600 5902 06
2629 5871 2647 5916 χ
2671 5852 2732 5918 ip
2763 5849 2852 5900 τὸν
2877 5847 3006 5899 Θεὸν
3027 5846 3356 5904 δέδοίκασινς
3391 5845 3450 5896 οὐ
3484 5843 3590 5913 γὰρ
3622 5845 3781 5913 ἀρκεῖ
3805 5846 3934 5913 ἠμί)

2327 5958 2351 5996 d
2389 5961 2481 6006 Mn
2520 5959 2693 6011 πάντας
2731 5958 2842 6011 ἕξεις

2278 6030 2329 6071 Cl
2375 6023 2452 6068 ἃμ
2473 6021 2596 6068 [llum

2932 5967 2952 5992 ε
2986 5952 3071 6006 ‘ll;
3109 5950 3190 5998 106
3237 5953 3614 6012 ETL'.TEEO.‘}';L-'JO‘J,
3645 5953 3716 5998 sir
3744 5949 3935 6011 quidam
