4082 6502
201 432 304 492 189

201 544 385 601 nullus
425 541 630 600 tremit.
683 540 740 598 Si
789 546 968 594 autem
1020 550 1127 591 non
1169 533 1418 598 creditis,
1464 532 1792 600 interrogate

196 637 428 710 gentiles
456 636 550 708 qui
573 640 1006 706 persequuntur,
1033 626 1373 699 quandonam
1417 639 1506 678 res
1532 622 1795 678 Christia-

200 741 398 783 norum
442 725 748 781 accuratius
795 727 1132 790 gererentur,
1165 715 1506 788 quandouam
1537 711 1798 767 clariores

201 819 500 874 illiessent.
528 815 681 871 Tunc
711 811 993 884 pauciores
1017 823 1244 864 numero
1268 817 1439 869 erant,
1469 803 1563 860 sed
1593 817 1799 874 magna:

199 918 362 964 erant
391 908 647 961 virtutum
675 903 894 959 divitiae.
925 900 1055 970 Qum
1085 899 1306 963 utilitas,
1331 911 1536 968 qumso,
1571 894 1796 949 multum

199 1015 324 1056 esse
351 998 574 1065 fanum,
598 993 728 1050 dum
749 993 1002 1064 possibile
1024 1003 1107 1047 est
1127 989 1333 1060 lapides
1355 989 1620 1059 pretiosos
1642 985 1799 1041 ades-

198 1092 303 1147 se?
329 1090 448 1146 Non
479 1089 537 1144 in
562 1085 926 1153 multitudine,
953 1082 1051 1140 sed
1077 1083 1129 1138 in
1161 1077 1374 1136 virtutis
1399 1077 1690 1149 splendore
1717 1087 1800 1134 to-

201 1193 314 1236 tum
339 1181 658 1235 aestimatur.
684 1177 826 1232 Elias
853 1189 990 1230 unus
1019 1183 1157 1240 erat,
1181 1172 1275 1228 sed
1301 1170 1534 1227 mundus
1555 1185 1660 1226 non
1682 1177 1800 1225 erat

197 1271 293 1324 illo
319 1271 533 1340 dignus.
561 1267 722 1338 Atqui
746 1265 981 1320 mundus
1007 1264 1175 1319 millia
1203 1263 1371 1318 multa
1393 1261 1796 1331 complectitur;

195 1361 296 1417 sed
324 1362 489 1415 millia
517 1376 623 1414 non
665 1365 826 1422 sunt,
853 1355 1070 1427 quando
1102 1369 1278 1426 neque
1308 1354 1398 1409 uni
1427 1361 1796 1424 comquantur.

201 1453 391 1507 Melior
438 1469 568 1506 unus
610 1451 804 1520 faciem
848 1443 1158 1504 voluntatem
1207 1446 1447 1512 Domini,
1475 1461 1629 1517 quam
1658 1444 1800 1499 mille

194 1547 363 1616 iniqui
386 1544 573 1616 (Eccli.
601 1545 688 1600 l6.
722 1543 801 1616 ὃ).
828 1543 942 1598 Hoc
969 1543 1184 1613 sapiens
1209 1540 1426 1611 quidam
1453 1538 1799 1594 subindicans

196 1637 328 1692 dicit
363 1653 378 1690 :
419 1634 503 1691 Ne
540 1635 792 1691 desideres
836 1634 1212 1688 multitudinem
1258 1633 1485 1702 filiorum
1536 1631 1798 1686 inutilium

197 1726 367 1794 (Ibid.
411 1744 459 1782 υ.
505 1728 580 1798 1).
613 1727 679 1782 lli
711 1728 880 1797 magis
909 1724 1295 1795 blasphemiam
1326 1725 1380 1778 in
1414 1723 1580 1779 Deum
1612 1722 1798 1779 conci-

196 1833 350 1888 tant,
385 1837 543 1892 quam
577 1822 622 1875 si
642 1819 935 1876 Christiani
969 1834 1074 1873 non
1105 1827 1308 1874 essent.
1336 1817 1476 1885 Quid
1502 1815 1635 1871 mihi
1664 1829 1799 1886 opus

193 1926 283 1969 est
311 1914 696 1969 multitudine?
721 1913 1048 1968 Alimeutnm
1075 1911 1306 1981 amplius
1347 1909 1477 1980 igni.
1506 1909 1620 1964 Hoc
1653 1918 1707 1963 et
1731 1923 1798 1963 ex

192 2020 428 2076 corpore
448 2004 765 2075 cognoveris
791 2023 805 2059 :
836 2003 1028 2059 melior
1048 2003 1244 2073 quippe
1267 2011 1349 2058 est
1368 2001 1520 2057 cibus
1547 1999 1798 2055 modera-

195 2109 286 2154 tus
309 2113 433 2154 cum
482 2098 746 2166 sanitate,
778 2111 939 2168 quam
985 2095 1195 2151 delicia:
1221 2109 1343 2151 cum
1387 2094 1653 2150 molestia.
1685 2093 1799 2148 lloc

196 2192 518 2246 alimentum
535 2190 627 2245 illo
645 2189 876 2260 amplius
903 2203 918 2241 :
950 2187 1054 2243 hoc
1069 2187 1404 2252 alimentum,
1423 2185 1554 2240 illud
1580 2185 1800 2240 morbus

196 2292 305 2338 est.
329 2282 456 2337 llaec
480 2283 600 2338 etin
617 2281 763 2336 bello
781 2282 900 2352 quis
927 2279 1121 2335 viderit
1145 2296 1158 2332 :
1184 2278 1436 2334 meliores
1463 2292 1586 2333 esse
1610 2277 1800 2332 decem

203 2374 348 2427 viros
361 2382 612 2428 strenuos
637 2380 693 2427 et
719 2371 843 2427 belli
870 2373 1090 2442 peritos,
1112 2386 1271 2441 quam
1290 2371 1603 2425 innumeros
1624 2369 1798 2441 impc-

198 2465 359 2519 ritos.
384 2463 448 2518 lli
477 2471 832 2534 prmterquam
857 2462 1000 2534 quod
1032 2463 1166 2517 nihil
1197 2471 1509 2532 operantur,
1539 2461 1675 2517 alios
1707 2462 1798 2532 qui

198 2563 518 2624 operantur,
530 2555 970 2626 impediunt.lloc
985 2556 1105 2612 etin
1125 2556 1244 2611 navi
1261 2557 1380 2626 quis
1399 2557 1800 2621 invenerit,me~

198 2648 364 2702 liores
383 2661 504 2702 esse
526 2658 715 2702 nautas
736 2646 872 2702 duos
894 2648 1115 2718 peritos,
1138 2664 1298 2718 quam
1319 2663 1565 2718 magnam
1589 2648 1800 2717 imperi-

199 2748 378 2792 torum
399 2739 608 2794 turbam
638 2755 652 2792 :
686 2737 739 2792 bi
773 2753 1003 2810 namque
1031 2740 1205 2792 navim
1233 2740 1396 2794 etiam
1427 2739 1794 2810 submergent.

269 2830 324 2884 4.
358 2828 485 2884 llmc
509 2830 650 2894 dico,
684 2844 791 2884 non
815 2829 958 2899 quod
989 2829 1384 2884 multitudinem
1417 2839 1647 2883 vestram
1670 2828 1799 2884 ode-

196 2921 324 2986 rim,
356 2920 452 2976 sed
483 2920 624 2991 quod
657 2921 819 2974 velim
851 2934 1042 2975 omnes
1068 2935 1189 2975 esse
1217 2920 1494 2990 probatos,
1527 2935 1626 2975 nec
1657 2922 1797 2974 mul-

199 3013 416 3066 titudiui
464 3013 648 3068 ﬁdere.
699 3012 864 3066 Multo
894 3011 1074 3082 plures
1103 3020 1226 3067 sunt
1253 3055 1267 3079 ,
1296 3015 1383 3082 qui
1419 3013 1470 3066 in
1497 3011 1798 3081 gehennam

199 3105 479 3170 incidunt;
509 3105 604 3161 scd
634 3106 807 3176 majus
831 3105 918 3160 illa
952 3115 1035 3162 est
1061 3121 1310 3176 regnum,
1340 3107 1439 3159 etsi
1474 3121 1672 3175 paucos
1701 3105 1797 3160 ha-

197 3198 344 3252 beat.
387 3195 537 3251 Sicut
567 3212 728 3252 arena
775 3197 938 3252 maris
966 3206 1082 3252 erat
1121 3196 1411 3252 multitudo
1457 3198 1672 3267 populi;
1703 3197 1797 3252 sed

199 3304 340 3344 unus
361 3289 596 3344 servavit
623 3305 737 3344 eos.
772 3288 919 3345 Unus
950 3299 1068 3344 erat
1088 3288 1320 3359 Moyses,
1357 3289 1450 3344 sed
1487 3290 1606 3358 plus
1639 3306 1795 3359 quam

199 3398 390 3437 omnes
419 3382 590 3451 potuit
619 3398 632 3434 :
660 3397 798 3436 unus
819 3391 937 3437 erat
963 3381 1142 3446 Jesus,
1174 3383 1267 3436 sed
1302 3384 1426 3460 plus
1446 3383 1619 3450 potuit
1641 3398 1797 3453 quam

201 3486 455 3531 sexcenta
487 3475 674 3531 millia.
723 3474 840 3530 Non
871 3475 973 3530 hoc
1012 3475 1185 3530 Solum
1231 3489 1515 3538 Curemus,
1547 3484 1604 3528 ut
1649 3472 1799 3528 multi

202 3571 330 3631 sint,
352 3569 446 3623 sed
474 3578 530 3624 et
556 3570 723 3638 magis
749 3609 764 3632 ,
798 3579 854 3622 ut
892 3569 999 3623 sint
1031 3569 1272 3638 prmclari
1301 3586 1313 3621 :
1342 3583 1463 3622 eum
1495 3568 1601 3622 hoc
1625 3567 1799 3637 perfe-

202 3672 348 3715 ctum
377 3661 556 3724 fuerit,
579 3671 702 3715 tunc
733 3660 862 3717 illud
885 3661 997 3715 ﬁet.
1030 3659 1200 3714 Nemo
1227 3660 1446 3715 domum
1474 3661 1654 3714 statim
1679 3674 1802 3729 spa-

205 3754 399 3806 tiosum
429 3753 542 3806 vult
584 3750 792 3816 facere,
826 3751 922 3806 sed
953 3752 1125 3820 primo
1157 3754 1368 3805 lirmam
1396 3761 1449 3804 et
1482 3750 1760 3820 probatam
1783 3791 1798 3817 ,

203 3844 400 3899 deinde
428 3844 720 3914 spatiosam
759 3861 773 3898 :
805 3857 965 3898 nemo
1007 3842 1349 3897 fundamenta
1375 3841 1502 3912 jacit
1525 3883 1541 3909 ,
1576 3851 1633 3895 ut
1661 3841 1803 3896 deri-

204 3937 415 3990 deatur.
448 3935 685 3990 Primum
718 3933 819 3989 hoc
845 3949 1153 4004 quaeramus
1173 3976 1188 4000 ,
1221 3931 1416 3989 deinde
1445 3932 1595 3988 illud.
1623 3932 1734 3987 Hoc
1756 3933 1802 3988 si

207 4029 279 4080 sit
305 4022 460 4080 facile
481 4035 535 4080 et
558 4024 688 4080 illud
716 4024 889 4079 aderit
919 4043 931 4077 :
964 4024 1092 4078 illud
1122 4033 1300 4078 autem
1324 4024 1369 4079 si
1393 4039 1500 4078 non
1520 4023 1676 4090 adsit,
1703 4023 1805 4077 hu-

204 4117 292 4184 jus
318 4119 479 4170 etiam
502 4118 545 4171 si
571 4117 661 4181 sit,
687 4116 828 4170 nulla
861 4117 1081 4171 utilitas.
1116 4116 1248 4171 Nam
1276 4116 1324 4171 si
1351 4118 1405 4171 in
1436 4117 1804 4190 Ecclesia_sint

206 4208 304 4276 qui
329 4208 457 4262 clari
486 4220 608 4263 esse
637 4207 870 4276 possint,
904 4207 1012 4262 cito
1048 4208 1150 4262 erit
1195 4215 1250 4263 et
1301 4207 1588 4264 multitudo
1618 4227 1630 4262 :
1662 4208 1714 4262 hi
1758 4209 1802 4262 si

208 4315 316 4353 non
338 4300 465 4365 sint,
494 4315 780 4370 numquam
811 4301 913 4355 erit
937 4301 1080 4354 clara
1100 4301 1405 4356 multitudo.

285 4387 406 4442 Non
435 4399 575 4459 putat
607 4389 995 4460 Chrysostomus
1025 4407 1087 4444 ex
1137 4392 1307 4446 multis
1350 4392 1574 4446 millibus
1601 4401 1804 4445 centum

205 4481 374 4535 salvos
391 4481 500 4550 [ore
514 4485 576 4537 de
597 4483 785 4552 populo
800 4485 1136 4550 sum—Quot
1157 4485 1352 4552 putatis
1377 4485 1429 4539 in
1461 4485 1592 4541 urbe
1621 4494 1803 4540 nostra

207 4589 359 4640 esse,
400 4575 490 4645 qui
538 4576 766 4630 salutem
805 4577 1232 4646 consequentur?
1271 4577 1552 4632 Moti-stum
1585 4578 1801 4648 quidem

207 4680 311 4732 est,
340 4667 480 4736 quod
509 4668 747 4722 dicturus
778 4683 919 4733 sum,
951 4668 1123 4723 dicam
1150 4679 1350 4725 tamen.
1374 4670 1431 4725 lu
1465 4681 1542 4726 tot
1572 4672 1806 4729 millibus

210 4775 319 4812 non
350 4769 474 4812 sunt
497 4768 712 4813 centum
735 4801 749 4826 ,
776 4761 865 4830 qui
899 4760 1123 4814 salutem
1154 4771 1588 4833 consequantur;
1622 4764 1714 4818 sed
1739 4764 1806 4820 de

209 4852 320 4905 illis
347 4852 508 4906 etiam
538 4852 744 4907 dubito.
773 4852 1002 4918 Quanta,
1037 4869 1240 4924 qumso,
1271 4856 1505 4925 nequitia
1536 4857 1587 4910 itt
1618 4857 1806 4912 adole-

209 4943 484 4996 scentibus
505 4983 518 5008 ,
542 4953 736 5012 quanta
761 4944 961 4999 desidia
993 4947 1044 4998 in
1074 4947 1420 5000 senioribus?
1449 4948 1616 5004 Nemo
1645 4965 1804 5020 quant

208 5041 484 5100 oporteret
526 5034 787 5088 educandi
823 5035 914 5088 lilii
965 5051 1150 5090 curam
1203 5037 1403 5093 habet:
1431 5054 1590 5094 nemo
1621 5055 1806 5095 senem

209 5125 430 5190 videns,
465 5127 615 5180 illum
647 5127 839 5183 imitari
873 5129 1069 5183 studet.
1097 5129 1354 5200 Exempla
1383 5131 1450 5186 de
1479 5132 1654 5186 medio
1680 5133 1808 5188 sub-

210 5218 317 5270 lata
361 5227 485 5270 sunt
511 5233 522 5268 :
547 5217 745 5271 idcirco
796 5235 894 5272 nec
933 5219 1157 5288 juvenes
1191 5221 1324 5275 ﬁunt
1364 5223 1694 5277 admirandi.
1734 5224 1810 5280 Ne

211 5309 343 5363 mihi
374 5310 521 5364 dzcas
545 5352 556 5374 ,
590 5309 748 5364 Multa
780 5312 1053 5366 hominum
1083 5314 1232 5368 turba
1267 5330 1474 5369 sumus.
1510 5316 1623 5371 lloc
1656 5317 1807 5387 frigi-

209 5400 399 5454 durum
432 5403 707 5460 hominum
741 5411 824 5454 est
849 5419 860 5453 :
888 5402 940 5456 id
969 5402 1037 5457 de
1084 5405 1393 5460 hominibus
1425 5408 1618 5462 merito
1660 5408 1810 5464 dica-

214 5499 332 5552 tur,
361 5490 426 5545 de
459 5492 568 5545 Deo
596 5503 775 5544 autem
797 5534 809 5553 ,
844 5493 932 5561 qui
978 5511 1081 5546 non
1114 5510 1251 5564 opus
1289 5497 1449 5553 habet
1479 5499 1632 5554 nobis
1656 5542 1668 5564 ,
1704 5517 1808 5556 non

214 5584 359 5637 item.
385 5585 536 5650 Quod
565 5599 749 5637 autem
774 5584 936 5637 etiam
958 5585 1022 5638 de
1049 5588 1153 5641 illis
1180 5587 1430 5658 frigidum
1459 5592 1528 5645 sit
1560 5593 1808 5662 verbum,

207 5675 348 5730 andi.
383 5676 485 5744 Qui
534 5675 738 5745 multos
788 5674 950 5729 habet
976 5677 1335 5746 domesticos,
1385 5684 1429 5736 si
1474 5683 1548 5736 illi
1581 5683 1810 5754 improbi

206 5771 326 5834 sint,
355 5778 488 5839 quot
518 5757 669 5822 tnala'
693 5767 968 5838 patietur?
999 5767 1060 5822 Ei
1084 5811 1098 5834 ,
1131 5771 1220 5841 qui
1255 5772 1460 5827 nullum
1494 5774 1674 5841 habet,
1711 5777 1811 5832 hoc

202 5864 404 5922 videtur
425 5877 600 5936 grave
627 5904 644 5930 ,
667 5860 814 5934 quod
847 5875 954 5916 non
996 5864 1257 5920 serviatur
1283 5884 1294 5920 :
1322 5867 1364 5921 is
1397 5883 1557 5937 vero,
1588 5869 1674 5940 qui
1706 5870 1806 5926 imo

1131 421 1195 477 ΙΝ
1234 418 1414 476 ACTA
1455 415 1800 473 APOSTOLG

1910 414 1978 469 Μ.
2011 413 2241 471 HOMIL.
2281 414 2470 473 XXIV.
3412 414 3507 466 ι-ιιῡ

1908 527 2108 598 probos
2134 527 2294 583 habet
2325 527 2572 595 famulos,
2597 541 2720 584 cum
2751 525 2861 584 illis
2882 525 2922 582 it
2951 525 3003 582 in
3031 525 3362 596 perniciem;
3387 542 3507 579 ma-

1901 621 2097 692 jusque
2117 629 2200 675 est
2225 619 2505 676 damnum.
2528 619 2758 675 Gravius
2789 619 2990 691 quippe
3020 627 3102 674 est
3129 618 3246 672 aliis
3271 632 3510 688 pugnare

1905 722 1962 768 et
1988 713 2289 781 decertare,
2322 728 2486 785 quam
2508 712 2610 768 sibi
2640 713 2740 784 ipsi
2769 714 2993 768 servire.
3030 711 3157 766 “me
3181 711 3324 777 dico,
3357 721 3412 764 ut
3441 729 3508 765 ne

1905 803 2027 875 quis
2051 804 2349 860 Ecclesiam
2372 805 2670 860 admiretur
2697 814 2915 874 propter
2946 803 3343 858 multitudinem
3368 846 3381 866 ,
3410 805 3506 858 sed

1907 905 1964 950 ut
1988 911 2244 952 curemus
2290 895 2433 950 illam
2481 896 2884 951 multitudinem
2934 896 3134 952 claram
3161 895 3419 952 efﬁcere:
3452 907 3509 950 ιιι

1907 987 2272 1058 unusquisque
2300 1003 2453 1043 suam
2481 997 2633 1043 curet
2663 997 2893 1058 partem,
2928 998 2988 1043 ιιι
3007 1003 3113 1043 non
3145 989 3368 1052 amicos,
3398 1004 3508 1044 non

1906 1088 2187 1149 cognatos,
2217 1088 2277 1133 ut
2302 1093 2522 1150 semper
2547 1089 2758 1148 repeto,
2787 1094 2893 1135 non
2922 1079 3128 1135 vicinos
3161 1088 3390 1144 tantum,
3409 1081 3505 1136 sed

1907 1170 2068 1226 etum
2100 1182 2396 1226 eXtraneos
2420 1171 2716 1241 pet-trahat.
2748 1172 2991 1243 Exempli
3019 1187 3201 1239 causa,
3229 1173 3286 1228 ﬁt
3311 1175 3506 1238 oratio;

1901 1259 2083 1336 jaceat
2127 1260 2302 1332 frigidi
2343 1276 2535 1316 oumes
2577 1261 2805 1332 juvenes
2842 1273 2898 1319 et
2926 1279 3121 1331 senes,
3152 1275 3506 1336 purgamenta

1905 1355 2076 1425 magis
2095 1369 2254 1425 quam
2283 1356 2530 1425 juvenes,
2564 1355 2717 1422 risui,
2742 1355 3040 1422 eaeltinnis,
3077 1356 3504 1414 fabulisincum-

1905 1446 2130 1514 bentcs;
2163 1448 2423 1504 hocenim
2439 1464 2541 1520 ego
2556 1448 2842 1514 audivi;et
2867 1449 3096 1521 genibus
3127 1451 3236 1505 nixi
3266 1452 3402 1506 alios
3424 1453 3508 1507 di-

1905 1541 2088 1596 cteriis
2109 1541 2466 1612 impetentes:
2493 1552 2547 1598 tu
2575 1543 2664 1614 qui
2688 1543 2838 1608 ades,
2861 1544 3078 1614 juvenis
3100 1555 3191 1598 aut
3212 1561 3399 1611 senex,
3426 1547 3508 1601 in-

1905 1646 2063 1715 crepa
2090 1633 2136 1687 si
2167 1632 2370 1699 videas,
2397 1633 2771 1689 vehementius
2801 1635 3032 1700 incesse,
3058 1644 3114 1690 et
3142 1637 3186 1689 si
3210 1652 3316 1690 non
3351 1637 3504 1700 ferat,

1905 1724 2188 1780 diaconum
2222 1741 2384 1792 voca,
2433 1727 2670 1791 minare,
2703 1743 2822 1798 qua:
2852 1743 3020 1798 penes
3048 1736 3099 1783 te
3127 1738 3254 1784 sunt
3299 1729 3456 1784 facito
3489 1747 3502 1784 :

1907 1827 1964 1872 et
1993 1817 2037 1871 si
2065 1817 2193 1887 quid
2243 1818 2438 1875 audeat
2481 1828 2668 1874 contra
2718 1828 2770 1875 te
2814 1819 3027 1884 facere,
3059 1822 3258 1878 multos
3290 1822 3512 1878 habebis

1905 1907 2200 1976 adjutores.
2224 1908 2358 1974 Quis
2390 1909 2533 1963 enim
2567 1910 2636 1963 ita
2672 1910 3061 1966 irrationabilis
3088 1921 3195 1978 est,
3226 1913 3313 1981 qui
3348 1923 3398 1968 te
3432 1915 3511 1967 vi-

1904 1997 2039 2053 dens
2072 1999 2190 2054 illos
2220 2000 2289 2054 de
2317 2015 2379 2056 ea
2426 2016 2484 2056 re
2515 2001 2923 2071 objurgantem,
2957 2018 3063 2057 non
3110 2013 3217 2058 stet
3249 2005 3299 2058 iu
3351 2014 3511 2076 parte

1905 2089 2030 2144 tua?
2058 2089 2284 2147 Discede
2313 2101 2526 2161 sumpta
2559 2094 2734 2162 preeis
2781 2093 3057 2149 mercede.
3107 2093 3160 2147 In
3189 2095 3304 2149 mde
3326 2095 3505 2151 domi-

1906 2182 2024 2237 nica
2053 2181 2155 2236 hos
2183 2197 2371 2238 servos
2402 2184 2522 2237 aliis
2555 2184 3027 2240 benevolentiores
3051 2185 3378 2255 judicatnns,
3412 2190 3504 2256 qui

1906 2273 2110 2328 nullum
2144 2289 2240 2330 vas
2271 2285 2424 2330 extra
2477 2274 2723 2330 ordinem
2762 2274 2947 2344 jacere
2973 2276 3178 2331 sinunt.
3210 2275 3265 2331 Si
3292 2277 3508 2333 videres

1905 2365 1957 2419 in
2003 2364 2166 2420 domo
2214 2380 2312 2421 vas
2356 2373 2673 2436 argenteum
2724 2374 2929 2422 temere
2979 2365 3122 2421 foras
3171 2367 3506 2437 projectum,

1906 2455 2119 2511 etiamsi
2151 2471 2258 2511 non
2281 2470 2433 2513 esses
2458 2457 2527 2512 ad
2557 2456 2660 2512 hoc
2690 2456 2974 2527 deputatus
2995 2501 3010 2524 ,
3043 2473 3220 2513 annon
3254 2459 3385 2515 illud
3413 2461 3509 2515 do-

1905 2562 2050 2602 mum
2078 2546 2355 2604 referres?
2398 2549 2442 2604 si
2495 2549 2876 2604 vestimentum
2926 2548 3260 2619 projectum,
3319 2552 3509 2606 etiam-

1903 2639 1949 2694 si
1975 2655 2159 2695 curam
2188 2640 2306 2710 ejus
2345 2655 2453 2696 non
2500 2655 2753 2712 gereres,
2789 2642 3000 2696 ttiamsi
3046 2656 3170 2698 eum
3197 2683 3212 2708 ,
3261 2643 3346 2698 cui
3378 2659 3506 2699 cura

1903 2735 2214 2802 commissa,
2244 2735 2369 2790 odio
2405 2734 2664 2801 haberes,
2697 2750 2874 2790 annon
2907 2734 2975 2791 ob
3001 2733 3429 2792 benevolentiam
3454 2737 3508 2791 in

1904 2827 2183 2884 dominmn
2212 2828 2344 2882 illud
2372 2837 2496 2898 apte
2520 2828 2851 2884 reduceres?
2869 2828 2944 2883 lta
2967 2837 3022 2884 et
3044 2843 3204 2883 nunc.
3232 2828 3358 2884 Haec
3383 2845 3508 2885 vasa

1905 2929 2031 2975 sunt
2062 2939 2075 2974 :
2103 2921 2148 2974 si
2177 2920 2364 2976 videas
2387 2920 2476 2974 illa
2500 2921 2856 2990 incomposite
2871 2921 3128 2991 jacentis,
3159 2921 3322 2976 reduc
3345 2922 3395 2976 in
3417 2940 3512 2978 or-

1905 3011 2085 3067 dinem
2116 3029 2130 3066 :
2155 3011 2355 3068 accede
2379 3011 2446 3065 ad
2474 3027 2583 3080 me,
2608 3027 2716 3068 non
2746 3027 2939 3067 recuso
2964 3029 2977 3065 :
3001 3011 3087 3067 die
3113 3011 3243 3067 mihi
3266 3053 3283 3080 ,
3317 3012 3398 3068 fac
3422 3029 3516 3068 me

1905 3103 2192 3158 certiorem
2221 3120 2235 3157 :
2260 3118 2366 3156 non
2397 3117 2617 3172 possum
2641 3103 2821 3157 omnia
2853 3102 3070 3166 videre;
3107 3104 3388 3174 ignoscite.
3420 3105 3492 3160 Vi-

1905 3193 2027 3249 dete
2047 3234 2063 3259 ,
2084 3202 2282 3263 quanta
2311 3192 2550 3264 nequitia
2571 3193 2759 3248 orbem
2787 3203 3036 3264 occupat.
3059 3193 3193 3248 Nunt
3211 3195 3330 3251 sine
3349 3213 3511 3251 causa

1906 3285 2187 3352 dicebam,
2237 3301 2338 3342 nos
2365 3302 2487 3342 esse
2514 3300 2774 3341 acervum
2808 3286 2968 3354 freni,
3001 3303 3150 3343 mare
3195 3288 3516 3360 incomposb

1909 3378 2051 3431 tum?
2080 3377 2197 3432 Non
2225 3377 2347 3434 dico
2387 3377 2507 3433 illos
2541 3377 2662 3431 talia
2697 3375 2897 3444 facere,
2932 3378 3026 3433 sed
3055 3388 3202 3433 tanta
3229 3381 3508 3434 oscitantia

1907 3470 2171 3526 intrantes
2216 3471 2465 3526 laborare
2490 3512 2504 3536 ,
2551 3480 2610 3524 nt
2649 3470 2767 3526 ha:c
2809 3485 2920 3527 non
2946 3471 3240 3541 corrigam.
3277 3473 3508 3529 Rursum

1905 3563 2044 3618 alios
2076 3563 2233 3618 video
2254 3603 2268 3629 ,
2297 3563 2675 3633 colloquentes
2721 3572 2867 3617 stare
2892 3561 3020 3617 dttm
3050 3563 3110 3616 lit
3136 3565 3347 3620 oratio:
3375 3566 3512 3621 alios

1909 3658 2264 3713 modestiores
2291 3657 2536 3724 scilicet,
2579 3673 2686 3712 non
2719 3657 2882 3712 modo
2911 3658 3037 3713 dum
3081 3659 3140 3714 ﬁt
3166 3660 3374 3722 oratio,
3406 3661 3504 3714 sed

1907 3750 2069 3804 etiam
2090 3748 2216 3804 dum
2237 3749 2494 3805 sacerdos
2528 3750 2818 3805 benedicit.
2847 3751 2894 3806 0
2917 3751 3225 3806 audaciam!
3259 3752 3514 3820 Quando-

1909 3855 2032 3895 nam
2060 3841 2163 3897 erit
2189 3841 2375 3896 salus?
2401 3841 2674 3912 quomodo
2704 3842 3004 3911 poterimus
3055 3844 3220 3898 Deum
3255 3845 3510 3914 placare?

1907 3931 1964 3986 Si
2010 3932 2075 3986 ad
2125 3931 2307 3987 ludum
2354 3932 2558 4000 abeas,
2604 3932 2812 3988 videbis
2847 3947 3037 3988 omnes
3081 3936 3347 3990 concinne
3375 3937 3511 3990 cho-

1910 4036 2031 4077 reas
2056 4031 2294 4093 agentes,
2322 4023 2564 4094 nihilque
2588 4024 2806 4096 negligi.
2830 4025 2979 4080 Sicut
2997 4041 3126 4098 ergo
3149 4027 3200 4082 in
3230 4028 3342 4100 lyra
3367 4031 3513 4085 varie

1910 4123 1965 4170 et
1991 4124 2138 4171 recte
2166 4117 2463 4187 composita
2495 4126 2616 4189 apta
2650 4117 2897 4190 quaedam
2923 4121 3246 4192 symphonia
3275 4137 3340 4177 ex
3368 4122 3511 4176 bono

1912 4210 2099 4265 ordine
2128 4210 2357 4266 efﬁcitur
2386 4227 2400 4264 :
2435 4211 2507 4267 ita
2539 4220 2592 4267 et
2636 4213 2723 4268 hic
2754 4228 2914 4268 unam
2961 4214 3203 4268 omnium
3236 4223 3291 4269 et
3317 4230 3518 4272 conso-

1911 4317 2034 4358 nam
2085 4303 2420 4359 harmoniam
2464 4304 2608 4361 efﬁci
2654 4321 2751 4376 par
2792 4315 2958 4362 esset.
2995 4305 3112 4363 Una
3145 4307 3288 4363 enim
3329 4325 3516 4364 sumus

1912 4393 2193 4460 Ecclesia,
2244 4396 2402 4449 unius
2455 4396 2648 4466 capitis
2699 4397 2943 4452 membra
2997 4397 3254 4454 decenter
3298 4409 3510 4470 aptata;

1912 4501 2074 4540 unum
2107 4501 2292 4540 smnus
2321 4501 2512 4542 omnes
2539 4503 2736 4558 corpus
2770 4507 2784 4544 :
2814 4489 2860 4543 si
2898 4489 3026 4560 quid
3071 4491 3371 4560 neglectmn
3402 4493 3519 4548 fuc-

1911 4576 1998 4641 rit,
2037 4586 2204 4630 totum
2233 4577 2542 4648 neglectum
2566 4588 2621 4634 et
2647 4589 2959 4653 corruptum
2988 4583 3111 4636 erit.
3140 4583 3211 4636 lta
3239 4593 3290 4638 et
3320 4585 3518 4639 multo-

1915 4684 2031 4722 rum
2086 4679 2292 4723 rectum
2344 4669 2590 4726 ordinem
2636 4674 2795 4729 unius
2841 4674 3168 4731 inordinatio
3214 4676 3518 4733 labefactat.

1912 4760 2173 4831 Quodque
2201 4762 2442 4818 terribile
2469 4774 2582 4830 est,
2623 4780 2731 4820 non
2779 4765 2885 4821 huc
2911 4766 2980 4822 ad
3013 4766 3197 4823 ludum
3223 4769 3513 4827 choreum-

1914 4870 2020 4926 que
2059 4857 2352 4913 saltaturus
2380 4861 2531 4916 venis
2552 4903 2566 4926 ,
2592 4872 2647 4918 et
2678 4862 3071 4936 incompositus
3099 4876 3234 4922 stas.
3259 4869 3443 4925 Nescis
3472 4880 3524 4928 te

1916 4966 2037 5004 cum
2066 4953 2273 5022 angelis
2303 4957 2488 5011 stare?
2516 4956 2649 5012 Cum
2702 4959 2809 5014 illis
2851 4972 3039 5019 cantas
3069 4961 3406 5036 hymnosque
3431 4981 3523 5020 ee-

1918 5042 2129 5110 lebras,
2159 5052 2214 5098 et
2240 5053 2351 5100 stas
2399 5048 2618 5103 ridens?
2647 5052 2842 5106 Annon
2872 5053 3070 5108 mirum
3102 5065 3184 5110 est
3206 5096 3221 5120 ,
3249 5055 3395 5126 quod
3427 5057 3526 5110 ful-

1917 5150 2041 5189 men
2073 5151 2176 5190 non
2212 5137 2533 5195 immittatur
2559 5183 2575 5207 ,
2609 5158 2716 5197 non
2747 5144 2798 5198 in
2832 5145 2955 5201 illos
2985 5155 3188 5202 tantum
3213 5190 3226 5210 .
3274 5149 3369 5204 sed
3393 5160 3446 5204 et
3473 5149 3524 5203 in

1919 5242 2016 5281 nos
2043 5229 2276 5282 omnes?
2308 5229 2424 5285 hare
2454 5232 2654 5303 quippe
2702 5233 2926 5291 fulmine
2968 5237 3129 5308 digna
3179 5247 3326 5294 sunt.
3357 5239 3528 5294 Adest

1920 5336 2050 5388 rex,
2083 5322 2229 5375 videt
2279 5325 2618 5391 exercitum;
2667 5335 2720 5380 ιιι
2762 5342 2894 5382 vero
2935 5329 3041 5383 illis
3071 5329 3376 5385 videntibus
3419 5339 3528 5385 stas

1920 5411 2100 5468 ridens
2124 5455 2138 5475 ,
2172 5416 2253 5469 vel
2287 5416 2557 5472 ridentem
2592 5419 2867 5490 negligis?
2895 5421 3002 5475 Sed
3032 5437 3316 5493 quousque
3348 5424 3528 5478 incre-

1920 5505 2145 5573 pamus?
2177 5522 2455 5577 quousque
2484 5511 2979 5579 reprehendimus?
3012 5515 3206 5567 Annon
3237 5521 3295 5566 ut
3321 5523 3525 5583 pestes.

1919 5613 2100 5652 annon
2131 5607 2187 5652 ut
2216 5611 2562 5669 Corruptorcs
2585 5643 2599 5667 ,
2649 5618 2827 5657 annon
2858 5614 2913 5657 ut
2941 5615 3227 5675 corruptos
3268 5614 3324 5660 et
3348 5607 3530 5675 perni-

1920 5691 2098 5743 ciosos
2131 5691 2434 5759 ltnjusmodi
2467 5695 2732 5761 homines,
2766 5696 3168 5768 innumerisquc
3210 5699 3367 5753 malis
3406 5715 3523 5752 onat-

1921 5791 2034 5836 stos
2065 5784 2131 5837 ab
2161 5784 2397 5841 Ecclesia
2448 5788 2569 5856 pelli
2604 5789 2980 5859 oportuisset?
3007 5785 3369 5850 Quandonam
3394 5791 3466 5846 illi
3500 5808 3529 5846 ει

1925 5875 2034 5930 risu
2063 5876 2430 5947 abstincbunl,
2461 5881 2550 5952 qui
2578 5881 2633 5936 in
2667 5881 2796 5937 hora
2825 5882 3102 5939 tremenda
3131 5883 3528 5950 ridentMuutr
