4082 6490
602 476 693 532 191

596 589 668 645 do
693 601 723 642 a
752 579 904 653 nugis
932 574 1303 637 abstinebant,
1334 567 1423 640 qui
1455 569 1505 620 in
1538 570 1791 631 tempore
1828 548 2164 653 benedictio-

597 641 678 736 nis
705 641 987 747 garriunt?
1018 684 1130 725 non
1163 668 1453 736 praesentes
1480 660 1796 747 reverentur
1819 686 1835 713 ,
1869 658 1976 747 non
2007 641 2172 747 Deum

596 732 822 827 timent?
866 778 1047 822 annon
1091 732 1289 816 sufficit
1332 750 1487 807 nobis
1535 742 1730 801 mentis
1755 732 2040 827 socordia?
2067 744 2173 786 non

744 856 983 931 estquod
1009 860 1222 910 orantes
1244 844 1351 901 alio
1376 850 1695 910 evagemur:
1726 828 1823 888 sed
1846 836 1902 885 et
1928 825 2096 881 risum
2121 828 2177 877 et

597 954 889 1011 cachinnos
914 947 1111 1003 multos
1135 933 1465 1011 ingerimus?

873 1036 1077 1096 Theatri
1098 1005 1571 1099 spectacula.-An
1601 1020 1868 1113 theatrum
1885 1011 2002 1067 haec
2024 1005 2176 1113 sunt?

598 1137 705 1195 Sed
752 1135 857 1190 hoc
885 1124 1306 1203 putoatbeatris
1352 1118 1522 1176 oriri:
1569 1112 2173 1207 inobsequentes-enim

598 1229 792 1285 multos
844 1195 901 1280 ei
936 1217 1322 1289 incompositos
1353 1210 1612 1268 efliciunt.
1649 1205 1778 1274 Quae
1817 1200 1903 1254 hic
1939 1195 2174 1289 mdiﬁca-

600 1335 721 1376 mus
755 1360 771 1384 ,
816 1317 925 1372 illic
960 1287 1349 1371 destruantur:
1393 1316 1569 1373 neque
1608 1298 1722 1391 hoc
1766 1295 1972 1391 sola-tn,
2004 1287 2099 1391 sed
2121 1294 2177 1391 et

595 1412 716 1466 aliis
743 1377 1092 1465 immunditiis
1113 1412 1333 1457 necesse
1359 1403 1441 1452 est
1466 1393 1586 1448 illos
1611 1387 1827 1459 repleri.
1860 1384 1927 1439 Et
1953 1377 2175 1452 perinde

600 1507 677 1571 tit,
701 1517 762 1557 ac
782 1499 828 1559 si
847 1498 967 1569 quis
983 1507 1233 1564 campum
1257 1487 1549 1546 emundare
1597 1481 1725 1536 velit
1752 1519 1768 1545 ,
1812 1478 1866 1533 in
1894 1488 2053 1547 quem
2080 1485 2171 1527 su-

600 1612 763 1670 perne
786 1595 904 1650 fons
931 1593 1101 1647 lutum
1148 1587 1429 1647 immittat;
1453 1581 1581 1637 dum
1605 1578 1748 1674 enim
1770 1573 1936 1645 magis
1957 1581 2172 1674 purgas,

598 1661 741 1747 aliud
772 1686 962 1744 influit.
996 1684 1228 1754 ldipsum
1255 1679 1341 1734 hic
1370 1675 1568 1733 evenit.
1612 1672 1899 1739 Postquam
1939 1663 2083 1721 enim
2115 1661 2177 1716 il-

598 1785 701 1848 los,
732 1782 818 1853 qui
844 1796 910 1837 ex
940 1770 1576 1834 theatris-immunditiam
1604 1765 1915 1859 intulerant,
1948 1754 2175 1859 munda-

597 1852 853 1939 verimus,
881 1873 977 1927 illo
998 1874 1334 1925 revertentes
1356 1862 1457 1934 ipsi
1491 1860 1755 1931 majorem
1804 1852 2046 1910 referunt
2072 1852 2173 1949 itu-

596 1938 913 2025 mnnditiam
941 1980 956 2017 :
987 1958 1335 2031 quasidedita
1363 1967 1525 2025 opera
1551 1951 1627 2007 sic
1643 1949 1906 2011 viventes,
1938 1950 1994 1998 ut
2021 1938 2176 1995 nobis

1336 455 1395 512 s.
1435 432 1711 510 JOANNIS
1746 433 2215 499 Cttnvsosront
2247 428 2561 487 ARClllEP.
2603 429 3139 491 CONSTANTINOI'.

3772 439 3883 495 ίυὲ

2276 544 2544 615 negotium
2570 544 2872 603 lacessant:
2904 558 2957 602 et
2992 550 3221 605 redeunt
3250 550 3442 607 iterum
3472 553 3699 609 multum
3726 566 3876 612 ster-

2278 640 2417 693 coris
2442 648 2733 709 gestantes,
2755 641 2806 694 in
2834 642 3094 707 moribus,
3126 644 3177 698 in
3206 644 3454 709 motibus,
3475 646 3530 701 in
3557 648 3737 703 verbis
3760 690 3777 714 ,
3812 648 3875 703 in

2279 730 2386 785 risu
2408 773 2422 797 ,
2445 731 2495 785 in
2518 730 2745 787 desidia.
2778 731 2981 788 Deinde
3010 749 3107 789 nos
3125 744 3316 791 Iterum
3342 736 3589 801 fodimus,
3614 740 3767 810 quasi
3798 742 3877 795 de

2279 821 2534 877 industria
2559 822 2840 890 fodientes,
2866 833 2924 879 ut
2949 825 3067 881 illos
3108 829 3335 883 mundos
3355 830 3661 887 eminentes
3681 875 3696 897 ,
3722 832 3877 903 ipsos

2280 916 2491 969 rursum
2536 914 2808 970 videamus
2842 931 3000 972 caeno
3037 928 3281 974 onustos.
3340 920 3547 978 idcirco
3586 925 3877 978 committo

2282 1020 2375 1060 vos
2400 1008 2527 1061 Deo.
2558 1006 2744 1076 Etiam
2775 1007 2899 1063 hinc
2927 1009 3078 1065 vobis
3099 1050 3113 1075 ,
3141 1010 3229 1081 qui
3259 1011 3376 1066 sani
3402 1014 3551 1080 estis,
3587 1014 3873 1083 testiﬁcor,

2277 1098 2535 1167 judicium
2582 1098 2736 1156 vobis
2777 1110 2831 1156 et
2882 1102 3276 1159 damnationem
3323 1105 3454 1171 fore,
3487 1105 3532 1161 si
3577 1108 3696 1178 quis
3746 1122 3877 1162 cum

2282 1192 2425 1247 videt
2469 1191 2772 1253 inordinate
2798 1208 3040 1268 agentes,
3090 1200 3429 1271 maximeque
3478 1202 3572 1257 illo
3626 1213 3876 1274 tempore

2281 1284 2712 1353 confabulantes,
2738 1304 2846 1345 non
2878 1291 3217 1349 admonuerit
3251 1309 3353 1350 nec
3377 1297 3677 1352 correxerit
3724 1312 3819 1353 eos
3855 1313 3873 1351 :

2282 1378 2385 1434 hoc
2406 1380 2595 1436 melius
2624 1391 2706 1436 est
2736 1384 3046 1452 precatione
3092 1387 3226 1458 ipsa.
3266 1389 3495 1444 "Dimitte
3543 1403 3768 1459 preces,
3815 1400 3882 1446 et

2283 1469 2433 1525 illum
2463 1471 2683 1543 increpa
2710 1492 2723 1529 :
2774 1475 2846 1530 ita
2876 1484 2932 1531 et
2961 1475 3033 1531 illi
3058 1477 3325 1548 proderis,
3357 1488 3413 1535 et
3451 1492 3504 1534 ιιι
3545 1481 3874 1537 lucraberis.

2281 1561 2371 1617 Sic
2426 1563 2723 1633 poterimus
2761 1581 2951 1623 omnes
2995 1568 3223 1625 salutem
3250 1579 3305 1626 ct
3349 1587 3573 1642 regnum
3612 1574 3878 1630 ezeloruus

2282 1656 2495 1725 assequi
2522 1671 2537 1707 :
2569 1672 2677 1727 quo
2708 1673 2807 1713 nos
2832 1675 3019 1716 omnes
3043 1660 3147 1717 frui
3176 1662 3472 1733 contingat,
3498 1666 3670 1735 gratia
3694 1675 3749 1721 et
3778 1666 3869 1722 bc-

2285 1748 2547 1818 nignitate
2575 1750 2785 1806 Domini
2814 1756 2984 1808 nostri
3038 1752 3165 1811 Jesu
3191 1753 3390 1811 Christi
3416 1796 3432 1823 ,
3484 1758 3698 1827 quicum
3727 1757 3879 1813 Patri

2284 1842 2551 1913 simulque
2581 1843 2805 1915 Spiritui
2836 1856 3025 1902 sancto
3053 1848 3220 1920 gloria
3241 1890 3256 1912 ,
3306 1849 3611 1918 imperium,
3644 1850 3824 1906 honor
3858 1893 3875 1919 ,

2288 1952 2431 1991 nunc
2450 1946 2504 1991 et
2528 1952 2743 2008 semper
2765 1978 2781 2003 ,
2811 1940 2938 1995 etin
2965 1941 3161 1996 szncula
3192 1942 3531 1998 saeculorum.
3564 1944 3762 1998 Amen.

607 2061 3881 2101 ______________________._________________________

1972 2124 2320 2188 HOMILIA
2362 2124 2570 2186 XXV.

597 2299 723 2355 Csr.
754 2297 839 2351 ll.
865 2310 917 2347 v.
953 2293 1040 2347 19.
1091 2288 1182 2345 Illi
1202 2286 1423 2360 quidem,
1462 2282 1545 2351 qui
1569 2278 1782 2349 dispersi
1813 2278 2012 2347 fuerant
2036 2287 2068 2325 a
2093 2270 2186 2324 tri-

668 2389 939 2452 bulatione,
965 2400 1077 2456 quoe
1098 2386 1233 2455 facta
1257 2386 1422 2452 fuerat
1440 2376 1501 2431 ob
1525 2373 1863 2443 Stephanum,
1880 2364 2183 2439 pertransis-

669 2491 783 2535 runt
828 2494 984 2547 usque
1035 2474 1305 2528 Pluznicen
1353 2480 1399 2525 et
1443 2466 1668 2539 Cyprum
1719 2470 1765 2516 et
1820 2456 2179 2521 Antiochiam,

671 2572 856 2628 nemini
902 2570 1156 2638 loquentes
1201 2564 1427 2627 verbum,
1474 2561 1573 2615 nisi
1596 2558 1718 2614 solis
1742 2553 1963 2610 Iudaeis.

675 2666 731 2718 1.
785 2661 899 2717 Non
929 2672 1114 2728 parum
1144 2654 1210 2710 ad
1243 2654 1388 2710 verbi
1424 2651 1716 2721 profectum
1745 2643 1972 2701 contulit
2000 2656 2184 2713 perse-

606 2756 794 2827 quutio
831 2772 845 2807 :
878 2768 998 2807 nam
1028 2747 1362 2821 Diligentibus
1390 2744 1585 2806 Deum,
1630 2738 1823 2809 inquit,
1888 2736 2057 2790 omnia
2080 2748 2184 2827 too

600 2826 877 2919 operantur
896 2846 950 2898 in
968 2844 1153 2898 bonum
1183 2840 1359 2912 (Rom.
1381 2838 1433 2893 8.
1454 2834 1567 2907 28).
1594 2833 1648 2889 Si
1673 2828 2049 2887 voluissentilli
2076 2826 2183 2881 Ec-

600 2940 816 2997 clesiam
846 2948 1163 3009 propagare,
1221 2947 1327 2987 non
1366 2930 1509 2984 aliud
1563 2926 1816 2981 fecissent
1843 2941 1858 2977 :
1882 2921 1949 2976 de
1975 2920 2186 2989 diSper-

604 3033 755 3087 sione
780 3032 971 3101 loquor
1000 3027 1300 3082 doctorum.
1356 3023 1425 3078 Et
1469 3020 1590 3075 vide
1638 3031 1899 3091 quorsum
1953 3023 2177 3070 extensa

609 3122 766 3177 fuerit
824 3117 1153 3190 praedicatio.
1206 3112 1650 3175 Pertransierunt,
1710 3108 1903 3178 inquit,
1929 3119 2087 3176 usque
2118 3102 2187 3155 ad

611 3212 885 3267 Phoenicen
912 3220 959 3264 et
1002 3209 1225 3281 Cyprum
1255 3216 1298 3261 et
1326 3205 1685 3269 Antiochiam,
1716 3200 1902 3256 nemini
1930 3198 2188 3268 loquentes

602 3305 830 3368 verbum,
883 3303 981 3357 nisi
1036 3300 1157 3357 solis
1199 3298 1417 3353 Judteis.
1469 3296 1651 3363 Vides,
1700 3290 1969 3364 quomodo
2008 3288 2188 3345 omnia

606 3399 745 3451 circa
774 3393 1085 3450 Cornelium
1120 3408 1214 3463 per
1238 3388 1696 3460 dispensationem
1723 3385 1860 3441 facta
1887 3383 1995 3437 sint
2022 3382 2044 3435 Ἰ
2074 3382 2187 3436 lloc

606 3495 784 3543 autem
814 3495 866 3541 et
897 3484 963 3539 ad
986 3483 1354 3538 defensionem
1383 3478 1579 3535 Christi
1611 3486 1665 3533 et
1689 3477 1759 3533 ad
1788 3472 2184 3531 accusationem

608 3578 915 3637 Judazorum
937 3572 1164 3631 confert.
1196 3572 1375 3643 itaque
1401 3585 1522 3626 eum
1541 3568 1839 3639 Stephanus
1858 3566 2065 3620 occisus
2085 3570 2187 3629 est,

611 3688 731 3727 cum
752 3670 948 3726 Paulus
969 3668 1051 3724 bis
1079 3676 1157 3723 est
1189 3664 1521 3738 periclitatus
1543 3702 1558 3725 ,
1590 3676 1709 3716 cum
1736 3658 1963 3729 apostoli
2003 3656 2189 3729 ﬂagel-

608 3764 696 3820 lati
720 3770 862 3826 sunt,
892 3775 1011 3816 cum
1039 3759 1233 3829 smpius
1264 3756 1442 3828 eiecti.
1472 3768 1598 3811 tunc
1620 3763 1826 3825 gentes,
1848 3762 1971 3807 tunc
1999 3751 2188 3807 Sama-

609 3855 768 3909 ritani
790 3853 991 3923 recepti
1019 3862 1143 3907 sunt
1169 3870 1184 3907 :
1215 3850 1356 3921 quod
1384 3846 1438 3906 et
1460 3848 1655 3904 Paulus
1712 3847 1910 3901 clamat
1956 3843 2143 3900 dicens
2170 3860 2184 3898 :

620 3946 768 4001 Vobis
790 3946 1051 4015 oportebat
1084 3945 1305 4015 primum
1357 3942 1494 4013 loqui
1522 3940 1721 3994 verbum
1762 3938 1852 3993 Dei
1879 3954 1897 3993 :
1924 3939 2011 3993 sed
2060 3954 2189 4011 quo-

607 4042 745 4094 niam
763 4038 1006 4110 repellitis
1037 4036 1205 4102 illud,
1255 4046 1303 4090 et
1350 4035 1586 4106 indignos
1628 4049 1713 4088 vos
1745 4032 1991 4103 judicatis
2017 4073 2032 4098 ,
2082 4049 2192 4087 ecce

607 4136 943 4187 convertimur
962 4131 1028 4184 ad
1045 4138 1213 4201 gentes
1238 4128 1375 4199 (Act.
1409 4128 1461 4183 5.
1492 4126 1608 4196 46).
1642 4126 1980 4181 Circnicrunt
2011 4125 2185 4194 igitur,

606 4234 660 4279 et
687 4234 877 4295 gentes
903 4220 1334 4292 alloquebantur.
1362 4218 1454 4275 20.
1489 4218 1649 4273 Erant
1679 4230 1846 4272 autem
1869 4219 2078 4289 quidam
2099 4235 2189 4272 eo—

606 4333 719 4371 rum
742 4316 834 4369 uiri
855 4314 1026 4386 Cyprii
1057 4322 1104 4367 et
1125 4310 1375 4383 Cyrenwi,
1425 4312 1511 4383 qui
1563 4326 1677 4364 cum
1712 4311 1961 4365 venissent
2012 4310 2193 4365 Antio-

609 4410 798 4474 chiam,
824 4406 1152 4475 loquebantur
1172 4406 1239 4459 ad
1266 4403 1491 4471 (ἐνίει-οε,
1528 4405 1886 4458 annuntiantes
1915 4401 2193 4457 Dominum

607 4501 807 4554 Jesunt.
838 4499 929 4553 2|.
958 4497 1023 4553 Et
1043 4508 1150 4552 erat
1179 4513 1361 4551 manus
1389 4495 1596 4549 Domini
1624 4512 1739 4549 cum
1761 4497 1830 4550 eis
1860 4510 1877 4548 :
1905 4494 2193 4563 multusque

610 4609 848 4645 numerus
868 4590 1176 4645 credentium
1200 4605 1468 4643 conversus
1496 4600 1566 4642 est
1592 4588 1658 4639 ad
1688 4586 1962 4641 Dominum
1988 4588 2185 4643 Iesum.

625 4685 775 4748 Vide,
806 4683 1008 4739 Crmcis
1034 4680 1367 4751 evangelium
1409 4680 1745 4734 annuutiant.
1784 4679 2085 4735 Verisimile
2111 4690 2193 4734 est

611 4779 752 4832 enim
778 4778 898 4833 illos
928 4775 1114 4832 Crazce
1141 4774 1388 4839 scivissc,
1422 4783 1474 4827 et
1506 4773 1803 4827 Antiochia:
1826 4774 2024 4827 multos
2055 4774 2189 4829 tales

613 4870 793 4923 fuisse.
814 4866 877 4919 Et
902 4876 1029 4933 erat,
1058 4866 1248 4936 inquit,
1278 4882 1456 4919 manus
1484 4863 1691 4919 Domini
1710 4882 1823 4918 cum
1844 4865 1981 4929 illis;
2009 4865 2058 4918 itl
2087 4876 2189 4933 est,

612 4963 762 5031 signa
796 4958 1075 5013 faciebant.
1107 4958 1314 5024 Viden‘,
1366 4974 1462 5012 cur
1503 4959 1663 5013 etiam
1724 4973 1865 5011 nunc
1920 4959 2191 5028 signorum

612 5051 898 5106 necessitas
931 5048 1111 5115 fuerit,
1140 5060 1196 5103 ut
1245 5049 1529 5104 crederent
1558 5050 1580 5103 ?
1614 5050 1704 5103 2-2.
1738 5050 1973 5104 Pervenit
2026 5059 2193 5103 autem

614 5160 778 5201 sermo
803 5142 871 5196 ad
890 5158 1039 5197 aures
1062 5141 1322 5207 Ecclesicc,
1348 5158 1459 5211 qua:
1488 5150 1593 5195 erat
1637 5140 1974 5212 Jcrosolymis
2001 5182 2014 5206 ,
2044 5159 2196 5211 super

611 5240 754 5293 istis:
776 5246 823 5291 et
848 5236 1089 5289 miserunt
1120 5235 1406 5288 Barmtbam
1432 5251 1587 5303 usque
1604 5234 1673 5287 ad
1696 5236 2041 5289 Antiochiam.
2085 5234 2195 5291 Cur

614 5343 755 5387 tanta
779 5330 993 5385 civitate
1018 5330 1238 5385 verbum
1278 5329 1570 5399 recipiente
1599 5344 1705 5383 non
1738 5336 2001 5383 venerunt
2054 5328 2150 5398 ipsi
2177 5372 2191 5395 ,

616 5422 711 5477 sed
738 5422 1035 5477 Barnahatn
1084 5422 1401 5477 miserunt?
1450 5421 1676 5491 PrOpter
1704 5420 1937 5477 Judazos.
2000 5422 2193 5477 Verum

615 5533 719 5573 non
760 5531 919 5587 parva
950 5532 1036 5572 res
1058 5516 1142 5570 hic
1162 5517 1382 5587 geritur,
1426 5515 1551 5571 dum
1588 5517 1667 5571 sic
1711 5516 1904 5572 Paulus
1949 5521 2084 5573 istuc
2109 5533 2197 5574 ac-

614 5611 753 5668 cedit
788 5628 799 5663 :
837 5624 1011 5680 neque
1052 5611 1167 5665 sine
1192 5626 1349 5666 causa
1371 5654 1385 5674 ,
1411 5609 1509 5666 scd
1532 5627 1651 5666 cum
1682 5627 1873 5680 magna
1906 5613 2193 5681 providen-

613 5708 684 5761 tia
717 5706 863 5761 illnm
910 5713 1244 5771 aversantur,
1274 5720 1341 5761 ne
1370 5720 1474 5759 vos
1524 5706 1923 5776 prasdicationis
1961 5708 2191 5779 tubaque

614 5798 863 5854 culorum
891 5796 1237 5869 Jerosolyma:
1262 5797 1643 5854 includeretur.
1681 5799 1893 5866 Vidcn‘,
1926 5804 2195 5870 quomodo

620 5890 810 5960 ul-ique
838 5890 1037 5944 malitia
1088 5906 1294 5958 eorum,
1327 5902 1384 5946 ut
1422 5906 1555 5963 opus
1582 5903 1717 5960 erat,
1748 5905 1802 5948 et
1828 5905 1880 5949 ut
1906 5897 2014 5967 ipse
2046 5898 2185 5951 volc-

2290 2270 2403 2337 hat,
2429 2271 2674 2328 Christus
2701 2282 2961 2343 uteretur,
2994 2286 3154 2348 atque
3175 2277 3298 2333 odio
3329 2278 3380 2334 in
3403 2278 3627 2335 Paulum
3654 2280 3721 2336 ad
3744 2282 3849 2337 sciti
3869 2308 3881 2317 -

2288 2362 2592 2418 iicationem
2615 2366 2869 2423 Ecclesiae
2896 2382 2959 2423 ex
2989 2370 3281 2440 gentibus?
3307 2371 3413 2427 Sed
3442 2373 3560 2428 vide
3591 2374 3733 2430 hunc
3748 2391 3889 2446 quo-

2287 2470 2391 2525 que
2407 2466 2648 2511 sanctum
2675 2499 2691 2525 ,
2726 2459 3024 2515 Barnabam
3054 2462 3194 2526 dico,
3219 2465 3491 2533 quomodo
3529 2482 3635 2522 non
3659 2484 3756 2523 sua
3796 2486 3879 2526 re-

2285 2548 2495 2617 Spiciat,
2526 2550 2619 2605 sed
2650 2564 2829 2607 currat
2867 2553 3112 2613 Tarsum.
3153 2555 3240 2613 ‘25.
3292 2560 3531 2628 Quicum
3560 2563 3793 2631 venisset,
3838 2574 3891 2620 et

2286 2638 2486 2693 vidisset
2532 2643 2752 2710 gratiam
2775 2643 2905 2711 Dei,
2948 2649 3152 2718 gavisus
3192 2658 3286 2716 est,
3315 2662 3360 2705 et
3387 2653 3683 2707 [certabatur
3710 2671 3889 2711 omnes

2288 2731 2342 2785 in
2394 2736 2653 2804 proposito
2699 2740 2868 2793 cordis
2922 2756 3215 2810 permanere
3243 2745 3296 2797 in
3336 2742 3593 2801 Domino:
3632 2747 3723 2803 ΞΔ.
3766 2752 3893 2819 quia

2289 2835 2393 2879 erat
2423 2828 2497 2880 vir
2520 2828 2681 2883 bonus
2701 2839 2746 2883 et
2772 2832 2949 2899 plenus
2973 2832 3174 2904 Spiritu
3201 2846 3376 2890 sancto
3402 2848 3449 2891 et
3474 2838 3597 2907 ﬁde.
3628 2838 3695 2894 Et
3715 2858 3889 2910 appo—

2287 2918 2383 2972 sita
2412 2930 2485 2973 est
2511 2922 2671 2975 multa
2696 2925 2841 2977 turba
2864 2924 3105 2981 Domino.
3138 2927 3228 2984 35.
3282 2928 3557 3003 Profectus
3598 2942 3669 2988 est
3704 2945 3884 2991 autem

2289 3011 2554 3067 Barnabas
2614 3012 2847 3082 Tarsum,
2883 3028 2935 3071 ut
2962 3033 3207 3089 quaereret
3249 3023 3470 3078 Saulum
3504 3041 3523 3080 :
3572 3044 3718 3097 quem
3766 3045 3893 3083 cum

2292 3098 2580 3171 invenisset,
2619 3108 2857 3176 perduxit
2898 3109 3239 3168 Antiochiam.
3300 3115 3546 3186 Optimus
3579 3120 3660 3174 vir
3686 3130 3805 3175 erat
3832 3133 3895 3181 et

2292 3198 2541 3268 simplex,
2575 3208 2737 3271 atque
2765 3201 2929 3259 Paulo
2958 3203 3259 3262 familiaris.
3290 3208 3416 3265 Ideo
3448 3212 3595 3267 venit
3621 3213 3687 3267 ad
3718 3214 3894 3271 athle-

2294 3297 2423 3353 tam,
2450 3290 2517 3345 ad
2540 3291 2756 3359 ducem,
2782 3294 2850 3349 ad
2899 3298 3310 3355 monomachum
3332 3343 3347 3366 ,
3391 3301 3457 3356 ad
3488 3302 3698 3359 leonem
3730 3322 3743 3371 ;
3783 3322 3890 3361 ne-

2295 3382 2411 3436 scio
2434 3382 2561 3452 quid
2592 3384 2768 3441 dicam
2792 3402 2806 3451 ;
2830 3388 3088 3460 quidquid
3119 3393 3261 3447 enim
3310 3392 3539 3450 dixerim
3560 3437 3576 3460 ,
3620 3396 3891 3469 dignitate

2294 3473 2520 3531 inferius
2548 3476 2716 3533 Paulo
2746 3480 2866 3535 erit.
2893 3480 3051 3537 Venit
3076 3483 3143 3539 ad
3168 3487 3468 3542 venaticum
3496 3502 3685 3544 canem
3712 3530 3727 3558 ,
3764 3490 3892 3546 leo-

2294 3582 2392 3623 nes
2420 3568 2751 3627 occidentcm
2783 3611 2798 3637 ,
2849 3572 2915 3627 ad
2963 3582 3169 3630 taurum
3219 3576 3451 3646 fortem,
3496 3578 3562 3634 ad
3605 3580 3887 3639 lucernam

2293 3660 2631 3730 splendidam
2656 3705 2673 3731 ,
2713 3664 2780 3720 ad
2820 3681 2880 3721 os
2909 3668 3023 3724 orbi
3056 3668 3343 3727 sufficiens.
3367 3671 3506 3728 Vere
3538 3672 3659 3729 ideo
3687 3676 3893 3732 Antio-

2294 3751 2429 3807 chia:
2468 3755 2641 3809 vocati
2698 3764 2823 3810 sunt
2873 3756 3206 3828 Christiani,
3258 3763 3381 3832 quia
3408 3763 3603 3821 Paulus
3630 3765 3700 3821 ibi
3736 3777 3895 3825 tanto

2297 3854 2537 3917 tempore
2560 3852 2777 3905 mansit.
2792 3850 2884 3906 26.
2918 3850 3136 3907 Factum
3157 3864 3228 3909 est
3244 3864 3412 3910 autem
3436 3867 3487 3910 ut
3508 3874 3697 3913 annum
3722 3870 3891 3917 totum

2294 3950 2715 4012 congregarentur
2740 3943 2793 3996 in
2819 3942 3068 4014 Ecclesia,
3091 3956 3140 4000 et
3166 3946 3397 4003 docerent
3421 3949 3620 4004 turbam
3648 3953 3887 4020 multam,

2293 4032 2364 4084 ita
2414 4042 2467 4086 ut
2515 4037 2991 4106 cognominarentur
3046 4040 3265 4110 primunt
3310 4042 3593 4099 Antiochia:
3648 4047 3892 4116 discipuli

2293 4122 2587 4181 Christiani.
2612 4127 2727 4183 Non
2759 4145 2919 4199 parva
2949 4132 3179 4187 civitatis
3205 4135 3321 4188 laus
3351 4134 3484 4191 lucc.
3538 4135 3648 4193 [loc
3696 4149 3891 4195 contra

2296 4230 2487 4272 omnes
2539 4218 2729 4274 adduci
2778 4229 2974 4289 potest,
3005 4223 3145 4292 quod
3180 4224 3347 4293 prima
3394 4228 3632 4283 omnium
3664 4245 3757 4285 ore
3795 4233 3891 4286 tali

2298 4316 2443 4363 tanto
2490 4317 2731 4380 tempore
2763 4310 3068 4368 frueretur:
3102 4316 3244 4372 unde
3276 4326 3332 4372 et
3378 4320 3551 4388 primo
3600 4321 3756 4378 isthic
3783 4323 3891 4381 hoc

2298 4400 2512 4457 nomine
2538 4402 2739 4472 dignati
2764 4415 2909 4459 sunt.
2936 4405 3120 4462 Viden’
3144 4408 3197 4464 in
3221 4422 3479 4480 quantum
3508 4413 3769 4485 fastigium
3802 4419 3891 4472 ci-

2297 4494 2511 4549 vitatem
2539 4497 2811 4565 extulerit,
2864 4499 3260 4573 clarioremque
3304 4503 3533 4562 fecerit?
3572 4508 3684 4563 lloe
3732 4509 3891 4566 Pauli

2295 4601 2431 4656 opus
2458 4597 2559 4641 est.
2585 4587 2685 4644 Ubi
2718 4592 2817 4645 tria
2846 4591 3032 4659 millia,
3065 4593 3153 4650 ubi
3192 4596 3430 4667 quinque
3450 4595 3619 4654 millia
3639 4601 3895 4660 credide-

2298 4687 2441 4744 runt,
2486 4681 2572 4734 ubi
2604 4690 2746 4736 tanta
2776 4682 3060 4739 multitudo
3081 4726 3095 4751 ,
3129 4686 3205 4741 ibi
3244 4688 3379 4743 nihil
3403 4692 3508 4744 tale
3537 4691 3735 4747 factum
3759 4706 3885 4763 est;

2296 4772 2391 4827 sed
2446 4773 2620 4829 adhuc
2642 4774 2710 4829 de
2739 4776 2822 4829 via
2852 4776 2938 4830 illa
2992 4786 3197 4833 tantum
3248 4794 3368 4837 esse
3413 4781 3727 4840 dicebantur
3753 4804 3767 4840 :
3798 4787 3893 4845 hic

2298 4879 2424 4919 vero
2451 4865 2736 4922 Christiani
2763 4871 3014 4938 appellati
3045 4881 3189 4926 sunt.
3235 4873 3325 4928 27.
3383 4874 3449 4929 In
3473 4876 3552 4931 his
3580 4889 3748 4933 autem
3771 4881 3890 4937 die-

2297 4958 2388 5013 bus
2419 4961 2779 5016 descenderunt
2807 4964 2869 5017 ab
2896 4962 3232 5037 Jerosolymis
3259 4969 3518 5038 prapheta:
3539 4970 3890 5034 Antiochiam.

2298 5052 2559 5119 Quoniam
2592 5056 2748 5111 isthic
2772 5056 2999 5112 fructum
3022 5046 3379 5131 ele'etnosyna:
3406 5064 3633 5134 plantari
3671 5080 3895 5136 oporte-

2298 5147 2387 5203 bat
2408 5191 2421 5214 ,
2456 5150 2658 5205 utiliter
2682 5151 2995 5221 providetur
3022 5160 3076 5207 ut
3099 5156 3376 5225 prophetae
3408 5157 3503 5212 illo
3533 5158 3889 5219 descendant.

2302 5242 2382 5297 Tu
2408 5258 2540 5298 vero
2567 5243 2696 5298 mihi
2735 5244 3045 5302 consideres
3071 5248 3253 5315 velim,
3293 5250 3563 5306 neminem
3598 5268 3662 5308 ex
3687 5254 3891 5311 clario-

2297 5334 2447 5388 ribus
2475 5335 2664 5390 horum
2687 5334 2961 5391 doctorem
2988 5336 3153 5395 fuisse
3180 5359 3191 5393 :
3224 5342 3453 5412 Cyprios
3480 5344 3624 5400 enim
3650 5345 3893 5405 habuere

2300 5428 2570 5497 doctores,
2600 5428 2887 5501 Cyrenaeas
2917 5441 2971 5486 et
3000 5432 3253 5505 Paulum(
3285 5436 3492 5491 etiamsi
3526 5436 3614 5493 hic
3641 5438 3763 5493 illos
3791 5457 3890 5496 su-

2300 5525 2567 5592 peraverit
2596 5523 2635 5594 ),
2668 5525 2810 5580 sicut
2851 5525 3048 5585 Paulus
3089 5528 3342 5585 doctores
3370 5529 3555 5585 habuit
3589 5532 3891 5589 [laruabzuu

2298 5625 2350 5668 et
2374 5618 2632 5670 Ananiam
2661 5632 2676 5683 ;
2703 5619 2799 5674 sed
2827 5619 2956 5675 nihil
2982 5622 3105 5678 inde
3137 5627 3313 5680 minor
3342 5625 3439 5680 fuit
3473 5643 3485 5679 :
3537 5625 3771 5682 habebat
3803 5638 3891 5683 ta-

2304 5724 2423 5764 men
2452 5719 2505 5765 et
2534 5710 2824 5768 Christum.
2854 5714 2945 5770 98.
3002 5714 3229 5787 Surgens
3253 5728 3418 5779 autem
3445 5736 3576 5773 unus
3602 5735 3665 5774 ea:
3693 5722 3766 5775 eis
3793 5740 3890 5777 no-

2301 5803 2433 5858 mine
2462 5803 2683 5873 Agabus,
2710 5806 3235 5879 signi/icubatfamem
3282 5827 3520 5882 magnam
3561 5815 3791 5884 futuram
3844 5818 3899 5870 in

2304 5900 2531 5955 universe
2567 5900 2707 5971 orbe,
2748 5918 2861 5972 q‘ltt‘
2892 5904 3031 5973 facta
3059 5914 3131 5958 est
3152 5904 3244 5959 sub
3275 5904 3493 5961 Claudio
3532 5905 3752 5963 Camars.
3784 5910 3896 5967 Ne-
