4082 6478
204 429 308 485 191

196 543 236 613 ἡ
264 541 409 594 κατά
435 541 674 596 διάνοιαν
720 543 982 616 ῥᾳθυμία,
1033 547 1154 601 οὖδέ
1195 547 1278 600 ὅτι
1321 549 1607 622 εὐχόμενοι
1654 552 1892 624 ἀλλαχοῦ

196 629 527 701 ῥεμϐόμεθα
546 647 561 663 ·
586 630 727 684 ἀλλά
769 634 863 692 καὶ
909 634 1120 701 γέλωτα
1159 637 1526 711 ἐπεισάγομεν
1557 639 1652 694 καὶ
1680 642 1844 695 πολὺν
1866 655 1892 683 ει

192 716 298 771 τὸν
334 718 679 788 καγχασμόν.

273 805 375 876 Μή
408 807 517 876 γάρ
549 805 780 877 θέατρόν
807 806 925 860 ἐστι
955 806 1025 861 τὰ
1068 809 1344 874 ἐνταῦθας
1392 813 1555 878 Ἀλλ’,
1587 811 1743 886 οἶμαι
1768 857 1781 882 ,
1823 816 1892 870 ἰἀ

194 892 415 963 θέατρα
440 893 596 948 τοῦτο
623 896 797 947 ποιεῖ·
851 894 1136 966 δυσηνίους
1163 901 1284 964 τοὺς
1322 899 1551 964 πολλοὺσ.
1580 907 1714 975 ημῖν
1755 903 1894 958 καθ-

197 979 428 1049 ίστησιν
462 981 557 1033 καὶ
579 980 915 1053 ἀρῤύθμους.
950 984 1132 1058 Ἀπερ
1170 987 1566 1060 οἰκοδομοῦμεν
1613 991 1848 1046 ἐνταῦθα
1871 1033 1888 1058 ,

194 1067 331 1120 ἐκεῖ
367 1067 836 1139 καταστρέφεται·
862 1072 959 1125 καὶ
987 1072 1049 1126 οὐ
1080 1072 1238 1126 τοῦτο
1271 1075 1453 1145 μόνον,
1485 1076 1623 1132 ἀλλά
1658 1078 1753 1132 καὶ
1775 1077 1892 1134 ιτι-

195 1170 312 1224 ρας
339 1153 680 1225 ἀκαθαρσίας
704 1156 920 1228 ἀνάγκη
948 1159 1146 1224 αὐτοὺς
1169 1161 1608 1236 ἀναπεπλῆσθαι.
1635 1167 1745 1220 Καὶ
1763 1183 1893 1221 ταυ-

190 1241 298 1293 τδν
338 1241 566 1309 γίνεται,
602 1237 714 1297 οἷον
743 1244 810 1298 ἂν
836 1245 893 1298 εῐ
916 1263 1003 1310 τις
1036 1248 1237 1317 χωρίον
1269 1249 1444 1304 ἐθέλοι
1465 1251 1738 1324 καθᾶραι,
1781 1271 1892 1325 πη-

190 1332 308 1402 γῆς
331 1331 538 1386 ἀνωθεν
561 1333 968 1407 ὑπερκειμένης
999 1337 1258 1410 βόρϐορον
1292 1341 1550 1414 ἀφιείσης
1573 1360 1585 1372 ⁸
1628 1345 1751 1399 ὅσον
1781 1346 1889 1417 γάρ

191 1417 268 1470 ἃν
289 1417 563 1492 καθάρῃς,
576 1421 738 1474 πάλιν
753 1421 940 1494 ἕτερον
952 1425 1369 1495 ἐπιῤῥεῖ.Τοῦτο
1386 1427 1479 1481 καὶ
1499 1427 1731 1483 ἐνταῦθα
1742 1431 1891 1498 γίνε-

187 1519 310 1556 ται.
334 1503 482 1578 ξεοο]
506 1507 671 1561 Ὅταν
692 1508 799 1580 γὰρ
817 1507 1269 1582 καθάρωμενάπὸ
1284 1513 1390 1567 τῶν
1409 1514 1656 1586 θεάτρων
1687 1518 1887 1571 εἰσιόν-

187 1606 319 1653 τας.
349 1592 691 1664 ἀκαθαρσίαν
714 1597 1107 1668 ἐπιφέροντας,
1145 1599 1472 1665 ἀπελθόντες
1505 1602 1667 1656 πάλιν
1699 1605 1815 1657 ἐκεῖ
1837 1604 1885 1670 δ,

192 1677 430 1748 μείζονα
461 1682 708 1753 δέχονται
737 1684 834 1756 τὴν
863 1687 1229 1760 ἀκαθαρσίαν,
1264 1689 1340 1754 ώς
1371 1691 1625 1762 ἐπίτηδες
1651 1691 1739 1746 διά
1761 1693 1888 1747 τοῦ-

188 1782 257 1818 το
294 1766 530 1833 ζῶντες,
568 1771 655 1824 τνα
684 1773 887 1838 κόπους
927 1776 1064 1847 ήμῖν
1111 1780 1437 1851 παρέχωσι,
1490 1782 1584 1834 καὶ
1634 1781 1884 1853 ἔρχονται

189 1854 367 1908 πάλιν
399 1856 601 1930 πολλὴν
652 1859 860 1932 κόπρον
901 1863 1266 1932 βαστάζοντες
1289 1908 1300 1929 ,
1331 1869 1390 1920 ἐν
1417 1870 1533 1932 τοῖς
1559 1868 1746 1939 ῆθεσιν
1770 1909 1785 1934 ,
1825 1870 1885 1924 ἐν

256 1957 407 2036 ‘n
431 1961 894 2036 quna‘guczagé‘igt
915 1969 1006 2036 χρὴ
1022 1960 1104 2036 καὶ
1131 1971 1296 2036 πολύν.
1340 1973 1450 2036 ειπερ
1481 1972 1712 2036 plerique
1738 1974 1882 2024 codd.

184 2024 246 2070 ει
269 2019 460 2084 Sam;
498 2022 690 2087 nam,
713 2029 796 2077 καί
831 2019 972 2078 amulo:
997 2019 1109 2090 ἐπ..
1143 2032 1225 2081 ἀπ.
1261 2019 1549 2083 suntin}

1305 429 1371 484 ΙΝ
1412 428 1597 486 ACTA
1626 429 2174 490 APOSTOLORUM.
2217 431 2456 488 ΠΟΜΠ..
2495 431 2660 489 XXV.

3587 443 3685 497 193

1996 559 2109 621 τοῖς
2140 554 2468 626 κινήμασιν,
2512 557 2572 608 ἐν
2611 556 2724 618 τοῖς
2756 556 3030 628 ῥήμασιν,
3060 558 3119 611 ἐν
3143 557 3221 630 τῷ
3254 558 3452 626 γέλωτι
3472 600 3489 626 ,
3526 562 3586 618 ἐν
3612 569 3680 637 τῇ

1997 643 2261 717 ῥᾳθυμία.
2295 639 2430 698 Είτα
2459 643 2625 698 πάλιν
2655 644 2818 715 ἡμεῖς
2849 645 3168 716 σκάπτομεν
3190 648 3420 715 ἀνωθεν,
3463 651 3539 717 ώς
3564 653 3685 706 ἐπίη

1995 733 2152 803 τηδες
2182 733 2271 786 διὰ
2299 733 2459 787 τοῦτο
2493 733 2849 797 σκάπτοντες,
2883 735 2969 786 ἵνα
3000 734 3280 806 καθαροὺς
3305 738 3503 804 αὐτοὺς
3547 742 3684 811 πέμ-

1993 821 2197 890 ψαντες
2228 821 2391 875 πάλιν
2420 822 2619 892 ἴδωμεν
2665 822 3077 891 συναγαγόντας
3118 823 3212 877 τὸν
3255 824 3536 898 βόρϐορον.
3579 831 3684 885 Διά

1993 909 2154 963 τοῦτο
2205 908 2552 980 παραδίδωμι
2605 910 2750 980 ὑμᾶς
2796 910 2875 981 τῷ
2913 909 3052 982 Θεῷ.
3119 912 3403 966 Ἐντεῦθεν
3447 915 3548 986 ήδη
3586 919 3683 972 καῖ⁵

1991 996 2444 1070 διαμαρτύρομαι
2493 998 2623 1070 ὑμῖν
2653 1001 2766 1061 τοῖς
2800 999 3137 1067 ὑγιαίνουσιν
3160 1041 3177 1068 ,
3216 1001 3300 1055 δτι
3335 1006 3514 1075 κρῖμα
3553 1005 3684 1075 ὑμῖν

1994 1084 2148 1139 ἔσται
2194 1086 2288 1138 καὶ
2336 1084 2660 1156 κατάκριμα
2686 1127 2699 1150 ,
2742 1085 2797 1138 εἴ
2827 1103 2910 1152 τις
2950 1086 3074 1141 ἰδὼν
3097 1088 3442 1143 ἀτακτοῦντα
3468 1131 3482 1156 ,
3516 1091 3570 1144 εἴ
3597 1109 3683 1157 τις

1992 1175 2379 1245 διαλεγόμενον
2421 1177 2659 1246 μάλιστα
2687 1179 2745 1230 ἐν
2774 1177 2972 1249 ἐκείνῳ
2996 1178 3074 1250 τῷ
3103 1179 3281 1251 καιρῷ
3310 1223 3324 1247 ,
3382 1181 3458 1255 μὴ
3507 1201 3682 1238 κατα-

1995 1263 2250 1334 μηνύσει,
2275 1265 2411 1335 μηδὲ
2445 1265 2764 1338 ἐπιστρέψει
2796 1284 2810 1298 ο
2853 1266 3062 1337 βέλτιον
3099 1267 3268 1340 εὐχῆς
3297 1269 3476 1323 τοῦτο.
3511 1273 3683 1340 Ἄφες

1994 1369 2090 1406 σου
2139 1356 2240 1424 τὴν
2291 1353 2477 1426 εὐχὴν,
2534 1355 2775 1426 κάκείνῳ
2822 1355 3146 1427 ἐπιτίμησον
3190 1373 3204 1388 °
3251 1355 3395 1412 οὓτω
3428 1359 3683 1413 κάκεῖνον

1990 1440 2332 1512 ὠφελήσεις,
2378 1442 2472 1495 καὶ
2523 1444 2588 1497 σὺ
2638 1443 2942 1514 κερδανεῖς.
2994 1443 3154 1500 Οῦτω
3195 1447 3288 1500 καὶ
3333 1447 3684 1517 δυνησόμεθα

1991 1530 2232 1594 ἅπαντες
2279 1529 2522 1601 σωθῆναι
2551 1571 2566 1594 ,
2625 1532 2721 1586 καὶ
2779 1532 2880 1602 τῆς
2925 1531 3036 1586 τῶν
3095 1533 3343 1606 οὐρανῶν
3403 1533 3682 1604 βασιλείας

1991 1620 2271 1689 ἐπιτυχεῖν
2297 1635 2311 1649 ·
2342 1613 2410 1690 ἧς
2453 1618 2666 1688 γένοιτο
2711 1620 2922 1684 πάντας
2967 1622 3119 1691 ἡμᾶς
3157 1621 3468 1675 ἀπολαῦσαι
3497 1621 3683 1692 χάριτι

1982 1708 2085 1762 ’καὶ
2142 1705 2530 1778 φιλανθρωπία
2565 1705 2661 1760 τοῦ
2713 1707 2919 1778 Κυρίου
2971 1708 3132 1778 ήμῶν
3177 1708 3350 1779 Ἰησοῦ
3391 1709 3632 1782 Χριστοῦ
3666 1749 3682 1772 ,

1997 1795 2117 1868 μεθ’
2148 1789 2210 1849 οὗ
2233 1795 2311 1867 τῷ
2335 1796 2513 1867 Ila-:91
2544 1795 2660 1867 ἅμα
2690 1795 2769 1867 τῷ
2795 1796 2938 1867 άγίῳ
2967 1797 3248 1867 Πνεύματι
3280 1797 3428 1863 δόξα,
3455 1795 3680 1870 κράτος,

1993 1885 2148 1956 τιμὴ,
2201 1885 2296 1939 νῦν
2348 1885 2443 1938 καὶ
2487 1886 2596 1950 ἀεὶ,
2647 1885 2744 1939 καὶ
2782 1885 2865 1950 εἰς
2895 1885 3022 1951 τοὺς
3048 1886 3253 1950 αἰῶνας
3293 1885 3404 1940 τῶν
3442 1885 3679 1941 αἰώνων.

2004 1974 2109 2044 ’Λμ
2123 1974 2182 2044 (ιν

738 2249 740 2251 ›
1720 2207 1970 2270 σΜῐΛΙΑ
2020 2215 2150 2272 κε’.

187 2301 260 2353 οι
283 2301 406 2387 ιίὲν
427 2295 1139 2387 οὖνεδια-σπαρέντεςλάπό
1154 2307 1280 2387 ,τῆς
1301 2309 1564 2387 θλίψεως
1587 2306 1689 2387 τῆς
1716 2325 1884 2387 γενοτ
1986 2307 2128 2375 δέον,
2166 2310 2261 2363 καὶ
2282 2308 2474 2381 ὥσπερ
2510 2309 2765 2364 ἐϐούλετο
2802 2309 3031 2375 ἀνωθεν,
3082 2311 3439 2385 ἀπεχρήσατο
3481 2315 3510 2368 ό
3544 2315 3588 2368 Χ
3599 2331 3682 2387 ρι-

251 2369 453 2446 μένης
489 2373 590 2426 ἐπὶ
625 2369 942 2446 Στεφᾶνῳ,
975 2369 1271 2444 ’διῆλθοόῘ
1294 2369 1428 2446 ἓωςῗ
1450 2369 1739 2446 φοῑνοεὴξ
1780 2379 1880 2432 καί

256 2443 512 2516 Κύπρου
545 2444 644 2516 καί
690 2443 1088 2514 Ἀντιοχείας,
1125 2447 1342 2516 μηδενὶ
1384 2443 1730 2514 λαλοῦντες
1775 2449 1886 2502 τόν

256 2514 474 2580 λόγον,
501 2516 554 2566 εί
569 2513 657 2582 μὴ
685 2513 1242 2583 μόνονἾουδαίοις.

257 2606 331 2653 α’.
363 2600 439 2653 Οὐ
462 2601 660 2671 μικρὸν
684 2605 712 2656 ό
743 2603 981 2674 διωγμὸς
1011 2603 1376 2675 κατώρθωσεν
1414 2607 1496 2670 εἰς
1523 2605 1614 2661 τὸν
1639 2605 1798 2676 λόγον
1830 2618 1880 2661 ⁸.

181 2687 317 2750 Τοῖς
353 2686 465 2758 γὰρ
491 2689 750 2754 ἀγαπῶσι
780 2690 870 2744 τὸν
895 2691 1030 2744 Θεὸν
1060 2692 1239 2746 πάντα
1271 2696 1547 2764 συνεργεῖ,
1585 2694 1770 2765 φησὶν,
1802 2694 1884 2758 εἰς

179 2775 422 2844 ἀγαθόν.
465 2777 580 2830 Ούκ
642 2778 747 2843 ἀν,
809 2779 864 2831 εί
911 2795 974 2846 γε
1034 2779 1294 2850 ἐπίτηδες
1351 2781 1694 2836 ἐσπούδασαν
1748 2782 1880 2854 στῆ·

182 2881 282 2918 σαι
334 2865 436 2934 τῆν
482 2864 845 2936 Ἐκκλησίαν,
882 2866 1009 2921 ἄλλο
1036 2885 1088 2920 τι
1121 2867 1409 2939 ἐποίησαν,
1441 2869 1474 2940 ἢ
1502 2867 1663 2922 τοῦτο
1692 2883 1705 2898 ο
1735 2868 1882 2939 λέγω

177 2951 244 3005 δὲ
300 2952 364 3005 τὸ
407 2953 725 3022 διασπεῖραι
757 2954 886 3016 τοὺς
944 2955 1324 3021 διδασκάλους.
1376 2959 1488 3012 Καὶ⁵
1534 2959 1639 3029 δρα
1683 2958 1788 3012 ποῦ
1821 2958 1882 3013 τὸ

179 3040 456 3112 κήρυγμα
486 3040 736 3113 ἐξετάθη.
774 3041 1056 3111 Διῆλθον,
1089 3046 1275 3116 φησὶν,
1311 3047 1423 3112 ἕως
1460 3048 1749 3114 Φοινίκης
1781 3046 1882 3101 καί

178 3130 440 3197 Κύπρου
467 3129 569 3184 καί
605 3129 993 3200 Ἀντιοχείας,
1027 3132 1246 3201 μηδενί
1277 3134 1616 3200 λαλοῦντες
1638 3134 1745 3189 τὸν
1775 3137 1882 3190 λό-

177 3219 397 3289 forget
421 3217 510 3287 μὴ
546 3219 743 3288 μόνον
785 3220 1122 3288 Ἰουδαίοις.
1165 3221 1325 3293 Ὁρᾷς
1387 3222 1469 3276 ὅτι
1521 3224 1882 3296 οἰκονομικῶς

181 3305 370 3359 πάντα
391 3305 583 3374 γέγονε
602 3307 675 3362 τὰ
708 3307 837 3380 περὶ
867 3309 1199 3380 Κορνήλιον;
1223 3310 1396 3364 Τοῦτο
1425 3311 1484 3366 δὲ
1511 3313 1606 3366 καὶ
1639 3317 1716 3376 εἰς
1745 3315 1883 3368 ἀπο-

178 3393 380 3462 λογίαν
418 3393 512 3448 τοῦ
532 3394 793 3468 Χριστοῦ,
826 3397 921 3450 καὶ
971 3398 1052 3461 εἰς
1082 3399 1419 3471 κατηγορίαν
1469 3401 1578 3453 τῶν
1612 3402 1882 3458 Ἰουδαίων

180 3481 360 3535 ἐστίν.
400 3481 532 3535 Ὅτε
578 3482 712 3551 γοῦν
759 3482 1035 3553 Στέφανος
1082 3484 1345 3556 ἀνῃρέθη,
1397 3488 1486 3540 ὅτε
1534 3488 1744 3553 Παῦλος
1799 3491 1881 3555 δὶς

181 3568 591 3638 ἐκινδύνευσεν,
619 3571 708 3624 ὅτε
738 3572 786 3624 οἰ
819 3571 1110 3624 ἀπόστολοι
1142 3559 1597 3646 ἐμαστίχθησαν,’
1627 3578 1715 3631 ὅτε
1752 3577 1882 3633 πολο

184 3656 350 3720 Αάκις
372 3656 678 3730 ἠλάθησαν,
710 3660 834 3713 τότε
854 3659 923 3713 τά
954 3659 1084 3731 ἔθνη
1110 3661 1326 3732 ἐδέχθη,
1365 3663 1486 3716 τότε
1520 3665 1880 3736 Σαμαρεῖται.

190 3748 264 3798 ὐ
288 3747 383 3800 καὶ
408 3745 616 3809 Παῦλος
645 3745 746 3818 βοᾷ
765 3747 962 3816 λέγων·
1010 3747 1172 3817 Ὑμῖν
1190 3745 1269 3818 ἦν
1290 3749 1626 3819 ἀναγκαῖον
1644 3751 1882 3822 πρῶτον

181 3832 538 3902 λαληθῆναι
559 3834 667 3888 τὸν
690 3836 880 3904 λόγον
912 3835 1020 3889 τοῦ
1077 3835 1244 3890 Θεοῦο
1279 3836 1486 3906 ἐπειδὴ
1537 3839 1605 3892 δὲ
1632 3841 1882 3896 ἀπωθεῖ-

185 3925 306 3978 σθε
355 3923 563 3988 αὐτὸν,
611 3924 710 3977 καὶ
758 3925 870 3978 οὐκ
915 3923 1131 3991 ἀξίους
1159 3925 1390 3993 κρίνετε
1420 3927 1697 3996 ἑαυτοὺς,
1749 3928 1880 3984 ἰδοὺ

185 4012 571 4080 στρεφόμεθα
590 4013 678 4077 εἰς
719 4011 792 4065 τὰ
820 4011 988 4079 ἔθνη.
1045 4013 1378 4082 Περιήεισαν
1415 4009 1508 4068 οὖν
1555 4015 1650 4069 καὶ
1699 4016 1880 4071 ἔθνεσι

183 4097 584 4168 διαλεγόμενοιι
614 4093 809 4152 Ἦσαν
833 4097 901 4153 δέ
928 4115 1090 4166 τινες
1132 4100 1202 4166 ἐξ
1240 4100 1440 4156 αὐτῶν
1494 4102 1710 4172 ἄνδρες
1759 4107 1880 4160 Κύ-

185 4201 356 4254 πριοι
403 4185 506 4238 καὶ
554 4185 899 4254 Κυρηναῖοι,
932 4187 1153 4254 οἵτινες
1202 4189 1488 4258 ἐλθόντες
1534 4194 1624 4259 είς
1653 4193 1880 4249 Ἀντιό-

185 4289 386 4345 χειαν,
409 4271 682 4327 ἐλάλουν
713 4274 864 4344 πρὸς
915 4274 1059 4342 τσὺς
1100 4276 1525 4347 Ἑλληνιστάς,
1575 4283 1881 4352 εὐαγγελι-

185 4359 425 4432 ζϋμενοι
471 4361 581 4416 τὸν
619 4362 842 4430 Κύριον
886 4362 1150 4430 Ἰησοῦν.
1191 4366 1303 4419 Καὶ
1356 4362 1436 4437 ἦν
1472 4369 1604 4438 χεὶρ
1655 4372 1878 4439 Κυρίου

179 4449 315 4520 μετ’
350 4448 572 4512 αὐτῶν,
597 4450 794 4514 πολύς
839 4465 902 4504 τε
939 4449 1186 4520 ἀριθμὸς
1222 4455 1562 4522 πιστεύσας
1598 4455 1880 4528 ἐπέστρε-

185 4539 314 4609 ψεν
339 4535 438 4590 ἐπὶ
465 4535 572 4591 τὸν
609 4537 828 4606 Κύριον
871 4538 1135 4606 Ἰησοῦν.
1170 4540 1334 4612 Ὅρα,
1368 4543 1623 4615 Ἕλλησιν
1646 4547 1879 4617 εὐαγγε-

187 4622 432 4688 λίζονται
469 4624 516 4678 δ.
552 4623 716 4688 Εἰκὸς
739 4625 849 4697 γάρ
873 4626 1072 4692 αὐτούς
1097 4646 1158 4683 τε
1183 4626 1371 4685 λοιπὸν
1394 4632 1592 4687 εἰδέναι
1629 4634 1878 4706 Ἐλληνι-

189 4713 302 4777 στὶ,
356 4713 453 4767 καὶ
493 4711 646 4785 [201]
695 4714 754 4766 ἐν
820 4715 1123 4790 Ἀντιοχείᾳ
1149 4719 1426 4785 τοιούτους
1452 4716 1594 4777 εἶναι
1623 4722 1874 4788 πολλούς.

187 4804 304 4860 Καὶ
334 4800 415 4875 ἦν
442 4804 574 4874 χείρ
598 4805 842 4874 Κυρίου,
873 4809 1028 4877 φησὶ,
1054 4809 1185 4878 μετ’
1235 4811 1456 4866 αὐτῶν·
1481 4813 1752 4880 τουτέστι,
1781 4833 1879 4888 ση-

191 4896 326 4965 μεῖα
355 4893 697 4965 εἰργάζοντο.
738 4894 901 4966 Ὁρᾷς
926 4895 1015 4950 διά
1041 4897 1092 4951 τί
1125 4897 1220 4952 καί⁸
1265 4897 1360 4952 νῦν
1409 4901 1440 4971 ἡ
1483 4900 1593 4956 τῶν
1634 4903 1878 4974 σημείων

186 4983 409 5054 ἀνάγκη
442 4981 689 5051 γέγονεν,
718 4983 804 5037 ἵνα
835 4983 1238 5053 πιστεύσωσιν;
1287 4989 1584 5060 Ἠκούσθη
1624 4989 1692 5044 δὲ
1723 4995 1757 5046 ό
1775 4994 1878 5046 .16-

188 5089 300 5142 γος
323 5073 410 5137 εἰς
431 5070 505 5125 τὰ
537 5065 661 5126 ὦτα
689 5070 802 5142 τῆς
861 5074 1230 5143 Ἐκκλησίας
1267 5076 1378 5147 τῆς
1410 5079 1608 5147 οὔσης
1647 5082 1718 5135 ἐν
1774 5081 1880 5138 ἰε-

179 5159 557 5228 ροσολύμοις
582 5159 656 5214 τὰ
680 5158 815 5228 περὶ
853 5161 1072 5227 αὐτῶν,
1101 5163 1200 5217 καὶ
1247 5165 1694 5230 ἐξαπέστειλαν
1724 5174 1877 5241 Βαρ-

186 5245 386 5300 νάϐαν
405 5245 668 5302 διελθεῖν
697 5247 809 5316 ἕως
859 5251 1236 5322 Ἀντιοχείας.
1269 5255 1334 5307 Τί
1369 5255 1566 5326 δήποτε
1620 5259 1878 5332 τοιαύτης

188 5334 403 5398 πόλεως
444 5335 742 5410 δεχομένης
795 5338 886 5393 τὸν
907 5339 1084 5409 λόγον,
1148 5342 1249 5396 οὐκ
1300 5338 1466 5415 ἦλθον
1520 5346 1698 5415 αὐτοὶ,
1738 5347 1877 5404 ἀλλά

190 5423 485 5495 Βαρνάϐαν
541 5425 857 5496 πέμπουσι;
911 5429 1012 5483 Διά
1054 5431 1182 5496 τοὺς
1253 5433 1560 5500 Ἰουδαίους.
1614 5437 1760 5509 Πλὴν
1813 5439 1874 5492 ού

193 5511 394 5582 μικρὸν
412 5510 476 5584 δή
493 5529 546 5566 τι
567 5514 933 5584 οἰκονομεῖται
964 5517 1059 5572 καὶ
1085 5517 1228 5574 οῦτω
1261 5521 1322 5575 τδ
1339 5523 1430 5577 τὸν
1451 5520 1665 5578 Παῦλον
1681 5526 1876 5582 ἐνταῦ-

190 5599 265 5655 θα
285 5602 713 5673 παραγενέσθαι⁹
747 5603 868 5659 οὐδὲ
907 5606 1116 5673 ἁπλῶς,
1147 5609 1284 5665 ἀλλά
1313 5612 1405 5665 καὶ
1436 5613 1644 5685 σφόδρα
1669 5617 1875 5671 οἰκονο-

192 5689 372 5775 μικῶς
399 5689 565 5775 αέτὺν
608 5692 1067 5766 ἀποστρέφονται,
1124 5699 1210 5751 ῖνα
1261 5699 1337 5771 μὴ
1397 5703 1766 5775 κατακλεισθῇ
1815 5706 1876 5760 ἐν

202 5769 598 5846 Ἰεροσολύμοις
625 5777 658 5846 ἡ
692 5777 845 5851 φωνὴ
878 5779 974 5832 τοῦ
1021 5769 1398 5853 κηρύγματος,
1439 5787 1473 5858 ἡ
1506 5769 1875 5858 σαλπιγξ-’τῶθ

188 5859 456 5932 οὐρανῶν.
496 5861 654 5930 Εἶδες
696 5867 812 5931 πῶς
849 5870 1126 5940 πανταχοῦ
1161 5875 1279 5937 ταῖς
1313 5875 1539 5940 κακίαις
1581 5877 1762 5932 αὐτῶν
1793 5881 1874 5944 εἰς

195 6061 215 6072 κ
252 6001 276 6029 ⁸
300 6002 512 6087 Αἰβὲῆού
537 6009 707 6083 μικρρν
766 6011 1055 6087 κατόρθωμα
1083 6013 1123 6087 ,ὁ
1161 6015 1366 6086 διωγμὸς
1401 6021 1583 6080 γέγονε.
1659 6018 1685 6060 δ
1732 6023 1869 6087 113cc,

189 6065 301 6125 an.
347 6065 583 6129 σἰξιλησὶν
619 6065 1014 6139 εὐαγγελίζονται,
1065 6065 1492 6132 οεευοίῖιιύὶι-ό.

1987 2395 2134 2461 στὺς,
2173 2399 2271 2451 καὶ
2303 2397 2379 2469 τῷ
2409 2397 2566 2468 μίσει
2590 2398 2667 2469 τῷ
2692 2401 2830 2470 πρὸς
2880 2399 2974 2453 τὸν
3004 2399 3218 2454 Παῦλον
3249 2403 3330 2465 εἰς
3387 2403 3682 2475 οἰκοδομὴν

1984 2485 2086 2555 τῆς
2114 2485 2224 2540 ἀπὸ
2250 2486 2361 2539 τῶν
2394 2485 2565 2539 ἐθνῶν
2609 2486 2978 2558 Ἐκκλησίας;
3027 2489 3169 2542 Ἀλλ’
3223 2489 3298 2542 ῖδε
3351 2491 3444 2544 καὶ
3491 2496 3683 2547 τοῦτον

1983 2571 2075 2625 τὸν
2097 2571 2276 2641 ἅγιον,
2310 2573 2402 2626 τὸν
2433 2573 2720 2644 Βαρνάϐαν
2770 2573 2940 2643 λέγω,
2975 2574 3093 2639 πῶς
3117 2576 3177 2629 οὑ
3207 2576 3268 2630 τὸ
3299 2577 3466 2630 αὐτοῦ
3514 2573 3679 2643 εἶδεν,

1985 2659 2101 2713 ἀλλ’
2155 2661 2392 2732 ἔδραμεν
2455 2663 2537 2724 εἰς
2576 2662 2813 2733 Ταρσόν.
2879 2666 2983 2729 Ὃς
3019 2667 3532 2734 παραγενόμενος,
3582 2667 3684 2720 καὶ

1987 2749 2132 2804 ίδὼν
2183 2749 2299 2819 τὴν
2348 2750 2528 2820 χάριν
2564 2751 2670 2805 τοῦ
2725 2750 2896 2819 Θεοῦ,
2949 2751 3162 2821 ἐχάρη,
3201 2754 3300 2808 καί
3353 2754 3679 2822 παρεκάλει

1984 2838 2218 2905 πάντας
2268 2837 2347 2908 τῇ
2397 2839 2678 2906 προθέσει
2725 2839 2836 2906 τῆς
2897 2840 3145 2909 καρδίας
3185 2842 3557 2912 προσμένειν
3600 2840 3682 2906 τῷ

1983 2929 2202 2996 Κυρίῳ,
2241 2927 2331 2982 ὅτι
2358 2923 2438 2998 ἦν
2462 2927 2619 2995 ἀνὴρ
2647 2928 2873 2997 ἀγαθὸς
2921 2928 3020 2982 καί
3062 2929 3304 2997 πλήρης
3329 2930 3682 2999 Πνεύματος

1983 3013 2158 3082 ἁγίου
2185 3012 2282 3067 καὶ
2316 3014 2596 3076 πίστεως.
2631 3012 2743 3067 Καὶ
2787 3011 3123 3082 προσετέθη
3153 3013 3340 3083 ὄχλος
3366 3013 3577 3080 ἱκανὸς
3603 3015 3684 3081 τῷ

1982 3103 2199 3170 Κυρίῳ.
2242 3101 2501 3170 Ἐξῆλθε
2533 3102 2602 3156 δὲ
2636 3105 2724 3168 εἰς
2787 3104 3022 3173 Ταρσὸν
3053 3108 3087 3160 ὀ
3111 3105 3430 3174 Βαρνάϐας
3470 3106 3684 3175 ἀναζῑιο

1983 3188 2168 3260 τῆσαι
2215 3189 2486 3255 Παῦλον,
2542 3190 2640 3245 καὶ
2683 3191 2878 3261 εὑρὼν
2924 3191 3153 3264 ἤγαγεν
3183 3195 3375 3248 αὐτὸν
3410 3196 3498 3260 εἰς
3563 3195 3685 3248 Ἀν-

1981 3279 2271 3347 τιόχειαν.
2308 3278 2452 3332 Πολὺ
2475 3279 2711 3349 χρηστὸς
2732 3275 2800 3350 ἦν
2823 3282 2850 3334 ὁ
2898 3281 3037 3350 ἀνὴρ
3069 3281 3166 3333 καὶ
3195 3281 3404 3352 ἀφελὴς
3440 3283 3534 3336 καὶ
3583 3281 3681 3334 τοῦ

1983 3365 2203 3419 Παύλου
2229 3366 2490 3439 συνήθης.
2521 3367 2611 3420 Διὸ
2644 3368 2738 3420 καὶ
2759 3363 2924 3439 ἦλθεν
2960 3369 3054 3422 ἐπὶ
3075 3370 3167 3424 τὸν
3200 3369 3443 3443 ἀθλητὴν
3496 3382 3545 3438 ο,
3587 3371 3682 3424 ἐπὶ

1980 3455 2075 3509 τὸν
2134 3455 2466 3525 στρατηγὸν,
2522 3455 2616 3508 ἐπὶ
2655 3454 2747 3508 τὸν
2815 3456 3148 3528 μονομάχον,
3182 3457 3276 3512 ἐπὶ
3306 3459 3398 3511 τὸν
3461 3457 3677 3511 λέονταν

1997 3543 2100 3597 οὐκ
2143 3542 2253 3613 ἔχω
2303 3541 2357 3596 τί
2411 3544 2554 3597 είπω
2585 3561 2598 3574 ο
2647 3545 2750 3598 ὅσα
2799 3545 2909 3615 γάρ
2944 3545 3010 3598 ἂν
3054 3546 3217 3613 ετπω,
3265 3546 3529 3600 ἐλάττονα
3577 3547 3684 3617 τῆς

1981 3631 2142 3696 ἀξίας
2175 3631 2271 3684 τοῦ
2308 3631 2522 3684 Παύλου
2555 3632 2690 3703 ἐρῶ.
2721 3628 2928 3686 *Ηλθεν
2973 3635 3068 3687 ἐπὶ
3113 3635 3204 3688 τὸν
3259 3635 3400 3689 κύνα
3433 3637 3527 3691 τὸν
3579 3636 3684 3706 θη-

1984 3718 2229 3792 ρατικδν,
2276 3719 2366 3772 τὸν
2411 3719 2634 3784 λέοντας
2665 3719 3018 3792 ἀναιροῦντα,
3057 3721 3152 3777 ἐπ)⁸
3197 3723 3288 3776 τὸν
3329 3723 3536 3795 ταῦρον
3588 3727 3683 3778 τὸν

1983 3807 2227 3879 ἰσχυρὸν,
2261 3809 2357 3861 ἐπὶ
2381 3808 2481 3879 τὴν
2514 3807 2777 3879 λαμπάδα
2828 3807 2927 3880 τὴν
2962 3809 3220 3880 φαιδρὰν,
3250 3812 3344 3865 ἐπὶ
3400 3813 3462 3866 τὸ
3501 3812 3682 3883 στόμα

1981 3895 2042 3948 τὸ
2071 3898 2137 3966 τῇ
2171 3895 2471 3968 οἰκουμένῃ
2499 3893 2727 3966 ἀρκοῦν.
2781 3897 2991 3960 Ὄντως
3021 3896 3111 3951 διά
3148 3898 3308 3952 τοῦτο
3343 3901 3402 3954 ἐν
3474 3901 3682 3955 Ἀντιο-

1982 3984 2107 4055 χεία
2141 3983 2629 4056 ἐχρηματίσθησαν
2661 3983 2950 4039 καλεῖσθαι
2994 3986 3338 4059 Χριστιανοὶ,
3389 3990 3473 4044 ὅτι
3527 3989 3681 4043 Παῦ-

1981 4071 2072 4137 λος
2110 4072 2169 4124 ἐν
2195 4071 2367 4144 ταύτῃ
2421 4071 2679 4126 τοσοῦτον
2717 4072 2960 4144 διέτριψε
3014 4075 3224 4148 χρόνον.
3294 4077 3563 4149 Ἐγένετο
3611 4077 3682 4132 δὲ

1981 4161 2206 4229 αὐτοὺς
2240 4161 2526 4218 ἐνιαυτὸν
2585 4163 2735 4217 ὅλον
2772 4165 3157 4235 συναχθῆναι
3202 4167 3274 4221 ἐν
3317 4167 3395 4237 τῇ
3441 4169 3664 4236 ἐκκλη-

1981 4251 2110 4318 σίᾳ,
2146 4249 2243 4304 καί
2279 4248 2517 4315 διδάξαι
2547 4251 2741 4321 ὄχλον
2766 4253 3002 4318 Ικιινὸν,
3032 4255 3401 4324 χρηματίσαι
3427 4273 3491 4309 τε
3520 4254 3680 4324 πρῶ-

1980 4356 2090 4393 τον
2119 4339 2191 4392 ἐν
2245 4339 2576 4408 ’Λντιοχείςι
2621 4342 2765 4409 τοὺς
2795 4343 3068 4413 μαθητὰς
3128 4345 3550 4411 Χριστιανούς.
3599 4346 3678 4398 Οὐ

1986 4426 2183 4498 μικρὸν
2213 4426 2313 4497 τῆς
2335 4427 2545 4492 πόλεως
2586 4428 2647 4483 τὸ
2694 4429 2991 4503 ἐγκώμιον.
3035 4430 3208 4487 Τοῦτο
3240 4436 3378 4505 πρὸς
3429 4433 3679 4497 ἅπαντας

1982 4516 2175 4588 στῆναι
2225 4515 2472 4581 δύναται,
2536 4519 2621 4571 ὅτι
2669 4518 2766 4573 τοῦ
2827 4521 3098 4590 στόματος
3144 4521 3361 4575 ἐκείνου
3420 4520 3680 4576 τοσοῦτον

1980 4605 2260 4659 ἀπέλαυσε
2293 4605 2486 4678 χρόνον
2519 4606 2714 4679 πρώτη
2754 4608 2863 4662 τῶν
2894 4609 3072 4664 ἄλλων
3107 4611 3358 4665 ἀπασῶν·
3411 4609 3535 4666 ὅθεν
3583 4613 3679 4666 καὶ

1982 4696 2216 4770 πρώτως
2251 4697 2488 4752 ἐνταῦθα
2533 4698 2628 4753 τοῦ
2667 4701 2936 4772 ὀνόματος
2967 4700 3307 4775 ἠξιώθησαν.
3369 4703 3535 4773 Ὁρᾷς
3593 4702 3677 4766 εἰς

1983 4788 2109 4842 ὅσον
2139 4785 2273 4856 ὕψος
2300 4786 2477 4859 ἐπῆρε
2497 4786 2598 4860 τὴν
2625 4788 2781 4842 πόλιν
2802 4791 2896 4843 καὶ
2916 4791 3390 4862 περιφανεστέραν
3415 4789 3676 4860 ἐποίησε;

1981 4874 2152 4929 Τοῦτο
2179 4875 2394 4929 Παύλου
2427 4875 2783 4949 κατόρθωμα.
2817 4877 2991 4933 Ἔνθα
3028 4878 3343 4950 τρισχίλιοι,
3384 4878 3515 4932 ἔνθα
3545 4896 3679 4933 πεν-

1979 4962 2308 5033 τακισχίλιοι
2361 4963 2716 5026 ἐπίστευσαν,
2771 4963 2904 5018 ἔνθα
2955 4965 3214 5019 τοσοῦτον
3245 4965 3471 5038 πλῆθος,
3519 4966 3679 5021 οὐδὲν

1977 5050 2225 5105 τοιοῦτον
2251 5051 2502 5122 γέγονεν,
2536 5053 2652 5107 ἀλλ’
2695 5053 2903 5123 ἐτιτῆς
2933 5052 3056 5106 ὁδοῦ
3110 5053 3273 5125 μόνον
3320 5054 3542 5125 ῆκουονο
3589 5055 3679 5109 ἐν-

1978 5137 2156 5192 ταῦθα
2206 5140 2264 5193 δὲ
2327 5141 2650 5211 Χριστιανοὶ
2694 5141 3118 5214 ὠνομάσθησαν.
3166 5143 3264 5196 Ἐν
3308 5143 3553 5222 ταύταις
3605 5141 3678 5197 δὲ

1981 5227 2231 5297 ἡμέραις
2252 5227 2564 5297 κατῆλθον
2587 5229 2706 5286 ἀπὸ
2750 5230 3190 5300 Ἰεροσολύμων
3238 5229 3542 5301 προφῆται
3585 5235 3676 5299 εις

1992 5315 2374 5386 Ἀντιόχειαν.
2424 5316 2579 5371 Ἐπεὶ
2615 5318 2830 5373 καὶτὸν
2858 5321 2960 5390 τῆς
3015 5319 3388 5392 ἐλεημοσύνης
3437 5320 3678 5376 ἐνταῦθα

1979 5404 2194 5475 καρπὸν
2217 5405 2550 5478 φυτευθῆναι
2573 5407 2696 5470 ἔδει,
2726 5408 3116 5480 συμφερόντως
3144 5411 3512 5482 οἰκονομεῖται
3545 5409 3676 5476 τοὺς

1979 5493 2272 5562 προφήτας
2303 5493 2608 5549 κατελθεῖν.
2647 5495 2719 5550 Σὺ
2759 5495 2817 5549 δέ
2852 5513 2942 5568 μοι
2975 5497 3291 5568 παρατήρει
3331 5497 3450 5562 πῶς
3496 5497 3674 5563 οὐδεὶς

1977 5581 2086 5634 τῶν
2109 5582 2428 5653 περιφανῶν
2449 5582 2541 5636 καὶ
2561 5583 2776 5649 τούτοις
2803 5585 3014 5655 γίνεται
3034 5585 3372 5650 διδάσκαλος·
3389 5587 3672 5658 Κυπρίους

1981 5667 2088 5738 γὰρ
2145 5668 2304 5741 ἔσχον
2351 5671 2708 5738 διδασκάλους
2758 5675 2855 5728 καὶ
2899 5675 3267 5745 Κυρηναίους,
3301 5677 3398 5729 καὶ
3455 5675 3673 5730 Παῦλον

1984 5757 2049 5826 (εἰ
2082 5757 2176 5811 καὶ
2213 5753 2368 5824 οὗτος
2396 5759 2758 5832 ὑπερέϐαινεν
2790 5763 3036 5832 αὐτοὺς),
3059 5762 3252 5834 ῶσπερ
3287 5763 3500 5827 Παῦλος
3527 5764 3670 5835 Βαρ-

1978 5845 2151 5900 νάϐαν
2178 5850 2272 5901 καὶ
2319 5849 2590 5903 Ἀνανίανο
2627 5851 2745 5904 ἀλλ’
2777 5851 2930 5904 οὐδὲν
2965 5852 3114 5923 παρά
3143 5851 3301 5906 τοῦτο
3334 5852 3667 5922 ἠλάττωταιο

1977 5934 2102 6005 ἔσχε
2166 5936 2224 5989 δὲ
2289 5936 2439 6006 ὅμως
2483 5939 2577 5991 καὶ
2633 5938 2724 5991 τὸν
2781 5939 3037 6011 Χριστόν.
3102 5941 3399 6006 Ἀναστὰς
3445 5940 3515 5993 δέ
3577 5958 3670 6008 τις

2042 6025 2069 6094 °_
2109 6025 2161 6075 In
2219 6025 2385 6080 verba.
2413 6027 2487 6094 ἔξπί
2533 6027 2613 6094 ῖξιν
2666 6028 2891 6094 ἀθλητήν,
2938 6043 3113 6080 omnes
3158 6030 3297 6081 codd.
3349 6030 3667 6092 conspirant;

1978 6087 2154 6138 Iisdem
2173 6093 2344 6140 carent
2369 6089 2508 6140 eum.
2541 6089 2678 6140 Eon.
