4072 6492
232 432 339 490 193

264 549 500 608 ressario
528 547 620 604 hic
647 546 847 601 famem
865 557 1108 614 magnam
1140 542 1370 597 futuram
1399 539 1686 612 significat,
1715 552 1836 610 qua:

225 642 422 706 etiam,
447 649 506 695 nt
537 639 801 710 prtedicta
830 637 1022 701 fuerat,
1051 635 1296 705 conligit.
1319 633 1394 688 Ne
1424 639 1673 703 putarent
1692 631 1836 685 etlim

223 734 451 804 quidam
477 733 602 790 ideo
633 732 835 787 famem
857 731 1094 795 venisse,
1123 728 1263 800 quod
1287 725 1732 783 Christianismus
1753 725 1837 778 in-

222 841 453 898 gressus
477 835 658 890 esset,
681 824 826 897 quod
852 824 1126 879 daemones
1175 821 1603 878 abscessissent:
1638 817 1838 889 pratdi-

223 919 304 971 cit
326 917 562 985 Spiritus
589 927 808 971 sanctus
837 915 979 987 quod
1024 914 1256 969 futurum
1288 919 1394 974 est.
1417 912 1560 968 sicut
1589 922 1644 968 et
1672 909 1836 967 Chri-

223 1021 348 1066 stus
375 1011 545 1066 multa
577 1009 822 1080 prmdixit
863 1024 983 1080 qua:
1007 1016 1323 1064 evenerunt.

305 1103 412 1158 Cur
439 1107 604 1174 fames
631 1101 837 1157 venerit.
860 1132 931 1142 —
950 1100 1065 1155 Non
1091 1100 1211 1155 ideo
1241 1100 1421 1169 igitur,
1450 1102 1573 1172 quia
1595 1096 1662 1153 ab
1683 1095 1836 1152 initio

225 1195 304 1248 ita
337 1211 456 1250 rem
488 1193 735 1250 accidere
769 1192 1080 1264 Oportebat;
1115 1191 1208 1248 sed
1249 1201 1467 1262 propter
1515 1190 1654 1245 mala
1705 1203 1839 1260 apo-

223 1287 388 1342 stolis
417 1287 562 1341 illata
589 1303 602 1340 :
627 1301 748 1355 quae
773 1301 937 1356 quum
966 1293 1020 1340 et
1047 1285 1254 1348 tierent,
1279 1281 1665 1354 aliquantisper
1696 1281 1836 1335 Deus

225 1379 506 1449 patienter
538 1377 773 1443 ferebat;
807 1391 928 1432 cum
971 1384 1153 1431 autem
1186 1374 1259 1429 illi
1292 1383 1612 1446 pergerent,
1662 1371 1835 1426 fames

221 1470 468 1535 accidit;
495 1484 616 1538 quae
651 1467 854 1523 ludatis
885 1467 1061 1522 futura
1104 1465 1243 1521 mala
1271 1462 1678 1536 prmnuntiahat.
1727 1461 1832 1518 Sed

219 1562 329 1615 etsi
363 1571 585 1631 propter
611 1558 826 1615 Iudaeos
854 1559 1022 1614 fames
1054 1567 1220 1622 esset,
1254 1567 1473 1628 propter
1499 1555 1637 1610 alios
1662 1570 1831 1624 opor-

221 1653 379 1707 lebat
427 1651 571 1705 illam
627 1666 863 1706 cessare.
901 1649 1038 1719 Quid
1085 1649 1229 1704 enim
1283 1648 1492 1720 injuria:
1544 1647 1835 1703 intulerant

218 1743 406 1797 Gmci
428 1783 442 1807 ,
475 1750 533 1795 ut
561 1742 828 1797 malorum
859 1751 1042 1797 essent
1081 1740 1410 1812 participes?
1439 1738 1495 1796 Si
1523 1749 1701 1794 autem
1725 1753 1830 1794 non

218 1843 454 1903 propter
480 1831 721 1897 Judaaos,
756 1833 877 1887 illos
903 1848 1030 1903 ergo
1051 1831 1311 1888 clariores
1360 1830 1476 1886 fieri
1506 1830 1827 1900 oportebat,

217 1927 372 1996 quod
409 1943 508 1998 pro
539 1927 676 1982 virili
706 1943 803 1983 sua
837 1926 1097 1994 facerent,
1129 1925 1270 1996 quod
1313 1923 1645 1992 occiderent,
1677 1924 1836 1995 punio

217 2037 387 2091 rent,
423 2023 760 2093 plt-etercnt,
795 2021 1031 2091 undique
1058 2027 1529 2090 persequerentur.
1566 2018 1634 2073 Et
1673 2017 1830 2084 vide,

214 2115 577 2188 quandonam
609 2114 778 2170 fames
811 2113 1019 2169 accidat
1057 2130 1069 2166 :
1095 2127 1216 2169 cum
1238 2111 1437 2168 ethnici
1461 2112 1573 2184 jam
1599 2114 1832 2183 suscepti

214 2217 436 2266 essent.

295 2302 351 2354 ‘2.
379 2299 485 2358 Sed
509 2299 551 2353 si
576 2306 795 2369 propter
817 2298 976 2363 mala,
1005 2297 1234 2368 inquies.
1257 2295 1540 2365 Oportebat
1563 2305 1712 2354 certe
1734 2297 1834 2353 hos

214 2394 418 2453 eximi.
450 2394 583 2460 Cur,
612 2393 700 2449 die
727 2393 899 2448 mihi?
925 2407 1103 2447 annon
1135 2402 1258 2448 ante
1287 2391 1499 2446 dixerat
1540 2391 1646 2446 illis
1671 2389 1832 2446 Chri-

211 2500 342 2544 stus
372 2505 385 2540 :
413 2486 481 2541 In
505 2486 695 2540 mundo
723 2484 1097 2540 tribulationem
1121 2483 1365 2538 [rubebitis
1387 2480 1568 2556 (Joan.
1593 2483 1679 2538 16.
1704 2481 1835 2554 55)?

211 2579 308 2635 'f'u
340 2593 492 2645 vero,
521 2577 611 2649 qui
643 2577 756 2632 lucc
780 2576 936 2640 dicis,
964 2576 1099 2630 forte
1118 2575 1362 2645 adjicies,
1392 2587 1496 2629 non
1529 2574 1835 2644 oportuisse

214 2671 350 2726 illos
381 2669 660 2740 ﬂagellari.
689 2669 756 2723 At
784 2667 906 2722 vide
934 2667 1039 2723 illis
1065 2666 1259 2722 famem
1287 2666 1478 2722 factam
1501 2680 1621 2721 esse
1645 2665 1834 2722 salutis

211 2779 445 2822 causam
468 2804 484 2829 ,
516 2763 875 2834 eleemosynaz
919 2761 1298 2825 occasionem,
1331 2759 1604 2830 multaque
1646 2760 1834 2816 conci-

213 2858 392 2910 liasse
422 2855 588 2922 bona,
619 2863 676 2909 ut
705 2852 857 2908 vobis
883 2852 1246 2917 conciliasset,
1277 2852 1323 2906 si
1359 2850 1704 2917 voluissetis;
1736 2852 1833 2906 sed

214 2948 500 3003 noluistis.
534 2947 852 3002 Praedicitur
877 2955 1056 3001 autem
1081 2986 1098 3012 ,
1132 2955 1192 3000 ut
1231 2945 1401 3016 magis
1433 2945 1600 3014 parati
1631 2945 1738 3000 sint
1765 2945 1832 3000 ad

213 3040 653 3110 eleemosynam,
683 3038 806 3109 quia
833 3037 1015 3108 gravia
1041 3034 1186 3107 passi
1211 3045 1356 3102 sunt,
1387 3034 1476 3106 qui
1500 3045 1654 3091 erant
1681 3034 1836 3091 Jero-

214 3133 486 3205 solymis;
518 3140 676 3188 antea
706 3141 884 3186 autem
916 3129 1060 3185 fame
1101 3143 1209 3184 non
1235 3127 1575 3184 laborabant.
1608 3129 1676 3182 Et
1704 3128 1830 3184 mit-

216 3234 414 3281 tuntur
440 3223 714 3279 Barnabas
739 3232 796 3278 et
821 3221 1020 3278 Paulus
1048 3221 1423 3276 ministraturi.
1454 3219 1546 3276 29.
1585 3219 1835 3290 Discipuli

215 3329 395 3371 autem
424 3325 577 3389 prout
601 3317 810 3386 quisque
838 3314 1146 3369 abundabat.
1177 3312 1366 3369 Viden’
1395 3312 1514 3367 illos
1542 3313 1722 3368 statim
1753 3322 1833 3367 at-

217 3425 329 3480 que
371 3409 719 3465 crediderunt
765 3406 994 3462 fructum
1041 3407 1265 3474 tulisse,
1298 3421 1423 3462 non-
1445 3407 1511 3463 iis
1552 3407 1713 3462 modo
1741 3407 1832 3476 qui

217 3515 429 3571 prope,
463 3500 558 3556 sed
589 3501 748 3554 etiam
783 3499 846 3554 iis
875 3498 966 3570 qui
1009 3499 1196 3568 procul
1228 3498 1420 3553 erant?
1447 3497 1560 3553 Hoc
1590 3498 1718 3552 mihi
1749 3499 1831 3552 vi-

217 3594 386 3650 detur
428 3591 516 3647 hic
555 3590 737 3646 dicere
757 3633 772 3653 ,
801 3595 942 3662 quod
987 3589 1115 3645 alibi
1157 3590 1352 3646 Paulus
1377 3590 1508 3644 dicit
1540 3607 1553 3644 :
1583 3589 1832 3644 Deateras

218 3685 477 3739 dederunt
506 3682 628 3736 mihi
657 3693 706 3737 et
734 3679 986 3736 Barnaba:
1011 3681 1263 3735 societatis
1283 3723 1297 3745 ,
1328 3691 1526 3735 tantum
1556 3688 1612 3733 ut
1641 3695 1833 3750 paupe-

218 3794 338 3831 rum
379 3791 624 3830 memores
654 3791 875 3828 essemus
899 3776 914 3805 ³
951 3773 1094 3847 (Gal.
1123 3773 1177 3829 2.
1210 3773 1262 3829 9.
1296 3773 1408 3844 l0).
1442 3775 1671 3829 Tantum
1704 3789 1828 3843 pro-

221 3873 324 3928 fuit
357 3871 546 3926 fames.
590 3868 657 3924 Et
683 3869 803 3924 vide
843 3868 963 3924 illos
990 3882 1058 3924 ex
1100 3866 1240 3922 fame
1281 3882 1456 3939 neque
1499 3868 1550 3922 in
1596 3867 1752 3924 ﬂetus
1777 3876 1830 3922 et

222 3963 497 4034 lacrymas
526 3960 788 4030 erupisse,
822 3968 878 4014 ut
917 3974 1016 4013 nos
1049 3958 1294 4024 facimus,
1327 3959 1419 4014 sed
1451 3959 1518 4014 ad
1549 3974 1683 4029 opus
1712 3975 1829 4015 ma-

216 4069 392 4125 gnum
419 4060 474 4107 et
501 4051 698 4106 bonum
725 4066 783 4106 se
807 4050 1109 4115 dedidisse;
1139 4066 1260 4105 cum
1290 4051 1477 4121 majori
1508 4066 1736 4121 namque
1762 4053 1828 4108 li-

220 4151 440 4200 bertate
477 4142 837 4213 pratdicabant
866 4141 1110 4198 verbum.
1145 4141 1253 4197 Nec
1283 4143 1553 4209 dicebant,
1584 4143 1711 4211 Nos,
1739 4145 1828 4214 qui

217 4235 472 4309 Cyrena'i
499 4243 552 4290 et
577 4231 756 4306 Cyprii
787 4249 995 4300 sumus,
1031 4234 1167 4290 hanc
1193 4235 1532 4306 aggredimur
1558 4236 1827 4292 civitatem

218 4325 561 4398 splendidam
590 4335 644 4380 et
670 4341 946 4396 magnam;
976 4325 1070 4382 scd
1097 4329 1286 4397 gratia:
1314 4327 1404 4382 Dei
1435 4327 1596 4383 fidem
1630 4328 1830 4384 hahen~

220 4429 307 4474 tes
331 4460 346 4482 ,
381 4427 435 4472 et
462 4417 538 4472 illi
567 4417 863 4473 doctrinam
894 4419 1132 4488 aggressi
1172 4425 1335 4485 sunt,
1367 4428 1420 4474 et
1453 4419 1506 4473 hi
1535 4434 1639 4474 non
1671 4420 1826 4476 dedi-

217 4509 374 4579 gnati
416 4516 541 4564 sunt
580 4507 649 4563 ab
693 4510 798 4564 illis
833 4509 1102 4580 quidpiam
1134 4511 1397 4566 ediscere.
1433 4511 1564 4567 Vide
1591 4527 1618 4565 a
1652 4512 1828 4581 parvis

215 4613 274 4657 et
301 4602 511 4671 exiguis
537 4602 714 4655 omnia
748 4612 978 4670 peracta,
1012 4602 1444 4672 praedicationem
1474 4614 1706 4670 auctam,
1734 4620 1828 4661 cos

214 4693 312 4764 qui
349 4692 698 4761 Jeresolytnis
719 4694 904 4749 eadem
930 4709 1051 4748 eum
1080 4693 1198 4748 aliis
1230 4695 1477 4750 onmibus
1506 4698 1824 4764 sentientes,

213 4794 272 4841 ct
302 4785 457 4854 quasi
499 4799 657 4838 unam
696 4783 914 4840 domum
955 4785 1141 4840 orbem
1185 4793 1351 4840 totum
1387 4785 1588 4840 haberi.
1623 4787 1822 4842 Audie—

217 4889 349 4930 rant
391 4875 532 4944 quod
580 4875 820 4930 Samaria
863 4876 1154 4946 recepisset
1192 4877 1413 4932 verbum
1440 4918 1453 4943 ,
1484 4887 1539 4932 et
1567 4878 1827 4933 miserunt

219 4971 445 5024 l‘etrum
476 4980 530 5024 ct
555 4968 817 5024 Joannem
850 4987 864 5027 :
892 4969 1177 5025 audierunt
1206 4971 1330 5040 quid
1363 4969 1661 5027 Antiochiae
1687 4973 1826 5026 acci-

214 5061 428 5119 disset.
462 5071 515 5114 et
544 5063 762 5115 tnittunt
800 5061 1118 5117 Barnabam.
1157 5062 1376 5117 Multum
1419 5065 1560 5118 enim
1593 5075 1708 5120 erat
1740 5065 1824 5120 iti-

215 5153 374 5207 neris
417 5154 682 5223 Spatium,
728 5170 824 5210 nec
861 5155 1144 5226 oportebat
1182 5156 1358 5211 adhuc
1396 5159 1668 5227 apostolos
1700 5159 1824 5215 inde

283 5333 300 5362 ¹
345 5337 448 5381 Post
466 5333 890 5400 verbamiemores
913 5347 1141 5400 essentus,
1167 5336 1364 5397 (undam
1387 5337 1708 5400 atauuseripti
1736 5339 1821 5387 ad-

213 5395 348 5442 dunt
371 5427 384 5447 .
409 5392 573 5442 adhuc
598 5394 805 5446 .Iacobus
824 5395 1022 5446 virebat.
1049 5392 1198 5446 Μίνω-⁷
1217 5400 1338 5448 hanc
1356 5398 1618 5448 clausulam
1641 5392 1701 5450 'in
1734 5409 1822 5449 Ma-

215 5455 484 5513 nuscriptis
516 5457 807 5518 quibusdam
841 5459 1073 5507 insertam
1106 5459 1295 5508 haberi.
1322 5461 1441 5518 Quid
1467 5465 1598 5510 euitn
1632 5465 1688 5511 ad
1714 5477 1820 5512 rem

235 5523 521 5579 grassantem
562 5517 702 5575 facit,
728 5520 766 5567 5i
801 5520 988 5569 dicatur
1037 5522 1114 5571 hic
1154 5523 1310 5572 adhuc
1334 5517 1568 5572 Jacolmm
1596 5527 1820 5575 vixisse?

269 5579 420 5646 ainde
445 5593 561 5646 vero
583 5581 658 5646 de
672 5593 772 5643 quo
795 5580 978 5646 Jaeubo
1002 5583 1079 5632 hic
1102 5585 1302 5646 agitur?
1323 5585 1536 5636 JaCtlbus
1562 5589 1696 5636 enim
1727 5589 1820 5636 fra-

216 5647 300 5705 ter
326 5640 524 5705 Joannis
547 5640 703 5705 paulo'
719 5650 827 5705 post
859 5643 1022 5705 gladio
1045 5640 1201 5694 casus
1226 5646 1398 5696 fertur.
1424 5648 1634 5698 Jacobus
1655 5659 1821 5699 autem

217 5702 376 5771 frater
401 5702 585 5771 Domini
623 5702 884 5769 episc0pu§
915 5705 1362 5771 Jcrosolymorum,
1408 5711 1613 5760 inferius
1653 5727 1818 5771 neque

215 5766 378 5834 suit-cl
405 5767 448 5815 in
475 5769 599 5834 vivis
623 5766 1081 5834 csso‘n‘temoratur.
1111 5766 1180 5834 Ad
1219 5766 1358 5833 quid
1385 5787 1506 5834 ergo
1529 5774 1704 5822 dicitur
1737 5766 1820 5824 lllC

220 5827 446 5877 Jacolnnn
473 5846 518 5879 ιιι
547 5833 670 5880 vivis
695 5830 845 5881 fuisse
869 5833 892 5882 Υ
918 5840 968 5882 et
994 5846 1077 5882 cur
1106 5833 1148 5882 id
1177 5827 1504 5886 aniantteusEs
1542 5837 1817 5888 addiderint

219 5903 319 5939 lunt
339 5895 450 5942 satis
473 5893 741 5958 perspicio.

1202 424 1266 480 lN
1305 424 1486 482 ACTA
1527 419 2058 481 APOSTOLORUM.
2101 419 2336 478 llOMlL.
2379 422 2548 478 XXV.

3452 429 3551 488 194

1945 535 2230 592 discedere
2253 576 2269 604 ,
2303 552 2371 593 ne
2400 537 2608 610 fugitivi
2649 553 2772 595 esse
2817 538 3154 609 \idurcntur,
3185 554 3238 598 et
3265 559 3294 599 a
3326 546 3440 604 suis
3466 545 3551 602 fu-

1942 629 2106 699 gisse.
2137 628 2287 684 Tune
2314 639 2492 686 autem
2526 631 2836 688 necessario
2863 636 3098 702 separati
3130 647 3273 702 sunt,
3306 654 3429 693 cum
3460 645 3554 695 de-

1944 735 2090 774 mum
2131 721 2305 777 Juda-i
2354 721 2684 779 insanabiles
2721 739 2843 779 esse
2882 723 3215 794 viderentur,
3247 744 3370 784 cum
3412 730 3556 786 bello

1939 810 2050 880 jam
2086 812 2402 869 imminente
2434 814 2611 884 perire
2643 813 2764 870 illos
2791 815 3098 885 oportebat,
3129 833 3252 874 cum
3283 823 3554 876 sententia

1945 902 2150 970 prolata
2181 911 2265 958 est
2297 921 2309 956 :
2339 907 2597 975 quoniam
2630 906 2886 977 quamdiu
2935 908 3133 966 Paulus
3171 911 3399 969 Romam
3447 929 3553 970 non

1945 995 2092 1050 venit
2115 1037 2130 1062 ,
2165 995 2274 1052 illic
2301 1006 2476 1054 erant.
2507 998 2763 1054 Exierunt
2794 1010 2974 1057 autem
2995 1041 3010 1066 ,
3045 1018 3150 1059 non
3177 1005 3318 1074 quod
3351 1005 3553 1061 bellum

1945 1085 2196 1141 timerent
2224 1104 2238 1140 :
2267 1089 2540 1158 quomodo
2566 1090 2710 1145 enim
2742 1090 3067 1158 timuissent,
3097 1095 3187 1165 qui
3216 1104 3556 1167 Oppugnato-

1941 1191 2034 1232 ros
2058 1178 2316 1235 adibant?
2341 1181 2662 1253 Bellumque
2690 1183 2907 1239 demum
2935 1185 3166 1242 infertur
3185 1189 3296 1259 jam
3328 1191 3555 1245 mortuis

1942 1271 2223 1338 aposwlis,
2253 1282 2308 1328 et
2335 1274 2475 1344 quod
2501 1275 2570 1330 de
2600 1277 2704 1332 illis
2735 1278 2938 1333 dictum
2969 1289 3086 1336 erat
3109 1281 3290 1338 evenit
3321 1301 3340 1338 ι
3363 1282 3556 1339 Perve-

1942 1362 2017 1415 nit
2044 1379 2197 1432 super
2235 1364 2354 1419 illos
2379 1366 2458 1420 ira
2487 1367 2538 1422 in
2571 1369 2724 1437 ﬁnem
2755 1371 2775 1439 (
2795 1370 2846 1427 l.
2880 1369 3057 1425 Thess.
3093 1372 3148 1426 ἓ.
3183 1373 3250 1427 16
3272 1376 3309 1444 ).
3341 1375 3554 1441 Quanto

1942 1453 2104 1524 igitur
2127 1456 2470 1513 obscuriores
2498 1469 2674 1525 erant,
2709 1470 2857 1516 tanto
2889 1464 3058 1534 magis
3084 1465 3256 1535 gratia
3297 1465 3550 1536 fulgebat,

1942 1560 2038 1614 per
2058 1547 2280 1618 exiguos
2307 1564 2498 1620 magna
2531 1549 2752 1608 faciens.
2778 1551 2884 1608 Sed
2913 1556 3192 1624 superiora
3217 1568 3551 1628 repetamus.

1945 1635 2261 1693 Ilortubatur
2286 1657 2479 1707 omnes,
2513 1643 2702 1714 inquit,
2736 1655 2790 1697 ut
2820 1658 3177 1715 permanerent
3202 1650 3254 1702 in
3286 1649 3509 1705 Domino
3535 1693 3548 1706 .

1939 1732 2061 1800 quia
2091 1744 2198 1787 erat
2227 1735 2303 1789 vir
2329 1733 2513 1790 bonus.
2547 1737 2773 1792 Videtur
2804 1739 2930 1792 mihi
2975 1740 3173 1795 bonum
3205 1741 3389 1798 dicere
3416 1745 3552 1799 sim-

1942 1823 2134 1893 plicem
2156 1867 2169 1889 ,
2204 1841 2311 1880 non
2341 1826 2648 1882 simulatum
2672 1871 2685 1893 ,
2716 1831 2805 1898 qui
2841 1833 3068 1900 proximi
3100 1834 3329 1889 salutem
3361 1835 3554 1891 admo-

1940 1916 2067 1973 dum
2107 1929 2350 1990 cuperet.
2394 1920 2511 1976 Non
2554 1923 2714 1978 modo
2744 1933 2923 1979 autem
2955 1925 3034 1979 vir
3065 1926 3240 1981 bonus
3267 1931 3424 1994 erat;
3455 1929 3552 1984 sed

1940 2022 1995 2068 et
2039 2013 2228 2083 plenus
2269 2014 2468 2085 Spiritu
2514 2025 2702 2071 sancto
2745 2026 2798 2072 et
2844 2017 2971 2073 llde.
3003 2018 3130 2074 ldco
3168 2036 3235 2075 ex
3277 2020 3554 2090 proposito

1940 2106 2122 2162 cordis
2162 2122 2351 2162 omnes
2400 2107 2752 2175 hortabatur;
2799 2110 2849 2164 id
2892 2120 3010 2177 est,
3051 2127 3171 2167 cum
3213 2114 3462 2168 cncomio
3500 2123 3554 2169 et

1940 2199 2120 2255 laude.
2151 2201 2218 2256 Et
2238 2201 2516 2257 considera
2541 2203 2704 2271 quod,
2729 2213 2780 2259 ut
2807 2212 2950 2259 terra
2982 2206 3212 2278 pinguis,
3243 2222 3552 2264 sermonem

1941 2293 2148 2363 accepit
2175 2292 2288 2348 luce
2316 2293 2526 2362 civitas,
2551 2306 2604 2350 et
2634 2295 2864 2350 fructum
2898 2299 3124 2352 multum
3152 2299 3417 2355 exhibuit.
3445 2302 3553 2355 Cur

1941 2393 2120 2440 autem
2151 2384 2320 2440 Tarso
2348 2385 2568 2442 Saulutn
2602 2387 2878 2444 Barnabas
2904 2387 3145 2454 abduxit,
3172 2401 3226 2445 et
3255 2390 3358 2446 huc
3386 2390 3554 2446 dedu-

1941 2478 2062 2532 xit?
2093 2479 2209 2551 Non
2236 2481 2352 2536 sine
2381 2496 2564 2548 causa,
2597 2480 2692 2537 sed
2720 2482 2843 2553 quia
2873 2482 2959 2538 hic
2991 2483 3130 2538 bona
3161 2498 3308 2554 spes.
3338 2486 3556 2542 civitas-

1939 2584 2045 2638 que
2075 2570 2250 2640 major
2277 2581 2393 2626 erat
2416 2614 2431 2635 ,
2465 2587 2530 2627 ac
2566 2588 2758 2644 magna
2805 2573 3115 2629 multitudo.
3147 2574 3398 2633 Vidistin‘
3427 2594 3554 2649 gra-

1942 2661 2068 2715 tiam
2111 2662 2294 2716 omnia
2343 2665 2600 2734 operari,
2650 2680 2756 2719 non
2805 2666 3074 2722 Paulum?
3117 2676 3173 2724 et
3214 2673 3485 2740 quomodo
3522 2689 3552 2728 a

1940 2753 2119 2823 parvis
2152 2769 2237 2809 res
2267 2763 2443 2825 cmpta
2471 2755 2581 2822 sit;
2615 2756 2704 2812 ubi
2732 2768 2910 2813 autem
2939 2760 3225 2826 inclaruit,
3259 2773 3386 2820 tunc
3415 2768 3552 2821 mitti

1942 2845 2282 2902 Barnabam?
2311 2848 2378 2903 Et
2401 2863 2498 2904 cur
2529 2864 2636 2904 non
2664 2862 2790 2906 ante
2821 2853 3083 2908 miserunt
3113 2854 3305 2910 illum?
3334 2858 3554 2915 Multam

1941 2954 2121 2994 rerum
2146 2938 2214 2993 ad
2246 2953 2306 2995 se
2333 2943 2694 3011 spectantium
2723 2959 2908 2998 curam
2939 2944 3239 3013 habebant,
3273 2964 3373 3005 nec
3404 2954 3558 3007 vole-

1941 3031 2069 3086 bant
2110 3029 2310 3090 Judmis
2350 3034 2642 3088 accusandi
2675 3050 2733 3090 se
2774 3035 2950 3092 locum
2990 3035 3122 3093 dare
3145 3080 3160 3106 ,
3189 3039 3332 3109 quod
3363 3051 3555 3112 gentes

1937 3124 2314 3192 admitterent;
2334 3127 2435 3182 etsi
2453 3127 2576 3198 quia
2602 3127 2731 3200 ipsis
2755 3132 3062 3187 necessario
3079 3135 3354 3189 commisti
3373 3147 3549 3204 erant,

1938 3219 2061 3287 quia
2089 3219 2408 3291 disceptatio
2439 3220 2682 3291 qumdam
2714 3224 2888 3276 futura
2917 3234 3034 3278 erat
3065 3225 3206 3282 inter
3232 3227 3353 3283 illos
3377 3271 3390 3292 ,
3422 3230 3555 3284 Cor-

1940 3312 2065 3368 nelii
2091 3323 2304 3384 gestum
2334 3313 2627 3384 prmcessit.
2660 3314 2810 3370 Tune
2837 3315 2998 3371 etiam
3029 3319 3213 3374 dicunt
3238 3339 3250 3376 :
3277 3321 3346 3378 Ut
3374 3339 3472 3379 nos
3501 3324 3552 3379 iu

1937 3414 2164 3475 gentes,
2211 3406 2312 3476 ipsi
2361 3423 2491 3463 vero
2541 3409 2593 3462 in
2638 3408 3129 3466 circumcisioncm.
3172 3412 3239 3467 Et
3280 3417 3555 3486 perpendo

1937 3511 2096 3566 quam
2143 3500 2459 3569 tempestive
2497 3502 2790 3557 necessitas
2819 3502 2974 3558 famis
3002 3509 3532 3568 communicationen

1938 3589 2083 3644 illam
2116 3591 2376 3661 gentium,
2411 3591 2474 3647 iis
2503 3594 2594 3663 qui
2624 3592 2979 3666 Jercsolymis
3008 3609 3160 3653 erant
3195 3599 3436 3668 missam,
3473 3603 3555 3659 in-

1937 3678 2169 3735 duxerit.
2199 3681 2490 3752 Accipiunt
2513 3694 2694 3738 autem
2723 3683 2791 3738 ab
2821 3686 2943 3752 illis,
2979 3689 3066 3758 qui
3102 3707 3231 3757 non,
3261 3692 3403 3748 sicut
3427 3710 3550 3762 nos,

1938 3769 1994 3824 in
2023 3769 2169 3826 luctu
2205 3772 2544 3830 calamitates
2576 3775 2817 3831 ferebant
2844 3819 2858 3845 ,
2890 3778 2983 3833 sed
3013 3795 3135 3835 eum
3169 3785 3360 3853 majori
3391 3801 3552 3842 secu-

1939 3862 2117 3929 ritate,
2147 3871 2331 3933 utpote
2355 3865 2445 3934 qui
2473 3866 2657 3935 procul
2688 3877 2870 3923 essent
2895 3869 2964 3924 ab
2991 3871 3076 3936 iis,
3108 3873 3196 3943 qui
3227 3875 3554 3946 impedirent

1938 3954 2116 4023 ipsos,
2145 3963 2199 4009 et
2228 3956 2368 4012 inter
2395 3955 2643 4012 homines
2670 3968 2848 4015 essent
2873 4002 2887 4026 ,
2918 3963 3006 4032 qui
3037 3979 3144 4019 non
3178 3964 3429 4022 timerent
3454 3968 3551 4024 Ju-

1936 4045 2086 4102 daeos
2110 4067 2122 4102 :
2149 4048 2291 4118 quod
2322 4047 2497 4119 ipsum
2527 4065 2633 4105 non
2662 4054 2855 4121 parum'
2875 4053 3232 4110 conducebat.
3258 4057 3363 4114 Sed
3388 4060 3550 4116 etiam

1937 4139 1992 4194 in
2022 4138 2258 4213 Cyprum
2306 4141 2607 4212 migrarunt
2627 4183 2642 4209 ,
2678 4145 2768 4199 ubi
2799 4161 2990 4218 magna
3020 4150 3284 4205 securitas
3315 4165 3430 4207 erat
3452 4196 3465 4219 ,
3496 4168 3554 4213 et

1937 4232 2110 4302 major
2139 4232 2382 4288 libertas.
2415 4232 2626 4289 Nemini
2650 4277 2665 4304 ,
2700 4237 2874 4308 inquit
2898 4279 2912 4304 ,
2944 4240 3280 4311 loquebantur
3310 4247 3548 4315 verbum,

1937 4324 2035 4378 nisi
2060 4323 2283 4380 Judwis.
2322 4325 2437 4379 Non
2483 4325 2554 4382 ob
2595 4336 2797 4383 metum
2839 4328 3156 4399 hominum,
3190 4351 3349 4406 quem
3397 4339 3550 4396 nihili

1935 4413 2086 4471 facie!
2110 4427 2202 4471 aut
2228 4434 2243 4482 ;
2275 4417 2371 4472 sed
2401 4417 2579 4488 legem
2609 4430 2922 4488 servantes,
2953 4433 3006 4478 et
3037 4425 3185 4495 ipsos
3209 4427 3386 4484 adhuc
3417 4432 3550 4487 Ioles

1937 4518 2140 4565 rantes.
2173 4510 2335 4564 lt‘rant
2361 4520 2529 4566 autem
2557 4513 2769 4585 quidam
2796 4514 3085 4571 Antiochia:
3111 4517 3289 4589 Cyprii
3318 4530 3364 4574 et
3394 4522 3550 4594 Cyre-

1937 4603 2053 4656 naei.
2085 4601 2144 4656 lli
2179 4603 2412 4657 maxime
2441 4617 2546 4657 non
2575 4605 2837 4660 curabant
2862 4605 3099 4663 Judacos.
3135 4609 3236 4675 Qui
3266 4612 3546 4682 loqueban-

1937 4705 2018 4748 tur
2037 4696 2104 4748 ad
2123 4695 2348 4763 Graecos,
2371 4699 2732 4752 aummriantcs
2754 4698 3030 4755 Dominum
3051 4700 3253 4757 Jcsum.
3279 4705 3549 4764 Fortassis

1934 4786 2074 4856 quod
2104 4788 2372 4843 nescirent
2399 4787 2687 4858 chraicc,
2714 4790 2932 4848 Graecos
2961 4794 3082 4848 illos
3109 4798 3391 4855 vocabant.
3420 4801 3549 4857 Cum

1933 4879 2166 4944 vertisset,
2203 4880 2395 4951 inquit,
2425 4879 2711 4947 Barnabas,
2741 4893 2788 4938 et
2817 4885 3024 4940 vidisset
3053 4891 3270 4959 gratiam
3298 4891 3411 4958 Dei,
3440 4911 3544 4951 non

1935 4973 2264 5043 diligentiam
2310 4974 2587 5031 hominum
2612 5019 2626 5043 ,
2658 4977 2959 5033 hortabatur
3000 4983 3119 5036 illos
3163 5001 3458 5055 permanere
3493 4989 3546 5043 in

1939 5066 2175 5120 Domino.
2210 5067 2374 5123 Forte
2399 5069 2544 5138 quod
2576 5069 2819 5126 laudaret
2863 5072 3070 5127 turbam
3099 5084 3153 5129 et
3182 5079 3542 5150 approbaret,

1936 5157 2056 5212 ideo
2087 5158 2268 5227 plures
2296 5161 2586 5216 convertit.
2622 5163 2684 5216 Et
2718 5177 2886 5231 quare
2927 5181 3032 5218 non
3066 5166 3234 5222 Paulo
3264 5171 3540 5236 scribunt,

1933 5248 2026 5304 sed
2061 5251 2357 5304 Barnabaut
2390 5253 2646 5307 mittunt?
2674 5253 2921 5310 Nondum
2954 5257 3049 5310 viri
3080 5259 3331 5314 virtutem
3377 5278 3544 5318 nove-

1935 5349 2085 5405 rant;
2120 5342 2346 5412 ideoque
2388 5344 2641 5398 statuitur
2683 5354 2739 5399 ut
2777 5345 3052 5402 Barnabas
3089 5358 3293 5404 tantum
3325 5354 3546 5422 prolici-

1933 5446 2194 5490 sceretur.
2219 5436 2351 5502 Quia
2376 5452 2505 5492 vero
2526 5445 2580 5493 et
2607 5439 2892 5494 multitudo
2914 5453 3049 5502 erat,
3076 5453 3125 5496 et
3153 5460 3308 5497 nemo
3332 5445 3544 5515 eberat,

1933 5524 2054 5579 ideo
2083 5527 2234 5581 facile
2266 5526 2398 5581 ﬁdes
2424 5529 2777 5598 germinavit,
2808 5533 3041 5587 maxime
3072 5535 3196 5604 quia
3229 5537 3429 5590 nullam
3462 5539 3547 5593 hic

1934 5619 2175 5674 ferebant
2204 5622 2576 5687 tentationcm,
2608 5631 2662 5676 et
2690 5623 2811 5692 quia
2842 5624 3040 5678 Paulus
3069 5624 3414 5696 pra-dicabat,
3447 5645 3546 5686 nec

1927 5709 2036 5780 jam
2085 5710 2266 5782 fugere
2316 5713 2627 5782 cogebatur.
2674 5714 2842 5770 Recte
2878 5727 3058 5772 autem
3103 5735 3207 5772 non
3240 5718 3314 5775 illi
3347 5715 3544 5778 famem

1936 5803 2261 5873 pne-dicunt,
2296 5805 2389 5860 sed
2442 5807 2719 5878 pt‘OjlllCl'JS
2741 5851 2754 5876 ,
2785 5824 2852 5864 ne
2886 5812 3102 5866 onerosi
3137 5811 3209 5866 illi
3241 5828 3362 5868 esse
3391 5815 3544 5868 vide-

1938 5907 2144 5953 rentur.
2179 5895 2353 5954 Mirari
2396 5914 2524 5955 vero
2560 5900 2736 5970 subit,
2769 5916 2866 5957 cur
2901 5903 3223 5960 Antiochcni
3263 5904 3414 5977 quasi
3445 5904 3543 5962 de-
