4082 6486
577 446 679 505 195

578 563 741 636 spccti
771 577 875 617 non
908 560 1335 630 indignarentur,
1366 550 1459 605 sed
1490 544 1958 636 contenti’cssent‘
1972 534 2140 589 docto-

579 616 626 636 -.
646 616 739 621 ηρ
776 616 803 617 η
1023 616 1051 630 υ
1324 616 1330 620 ,

579 655 721 713 ribus
750 672 764 710 :
790 664 861 709 tta
889 666 1077 707 omnes
1108 646 1381 703 fervebant
1416 653 1539 709 erga
1572 616 1893 691 sermo’nem.
1920 625 2022 693 Qui
2052 635 2159 676 non

576 754 884 818 exspectato
914 744 1068 801 famis
1100 750 1357 810 tempore,
1384 730 1577 803 singuli
1605 742 1700 799 pro
1726 722 1975 780 facultate
1997 716 2159 770 mise-

579 848 721 893 runt.

648 933 702 987 5.
738 931 803 985 Et
831 929 1073 992 observa,
1103 922 1245 995 quod
1275 923 1414 977 inter
1434 914 1707 986 apostolos
1732 910 1849 967 aliis
1879 908 1979 962 hoc
2006 919 2157 961 com-

581 1022 845 1082 mittitur;
897 1020 980 1074 hic
1022 1032 1149 1072 vero
1190 995 1381 1070 Paulus
1419 1020 1471 1065 et
1512 1005 1780 1063 Barnabas
1816 1001 2156 1068 deputantur.

581 1116 689 1171 Nec
716 1116 830 1169 sine
861 1112 1009 1183 gravi
1048 1124 1205 1165 causa
1242 1106 1293 1162 id
1325 1104 1593 1177 provisum
1624 1108 1704 1155 est
1730 1114 1742 1151 :
1769 1093 2004 1161 alioquin
2034 1101 2161 1142 vero

582 1207 786 1261 initium
809 1211 947 1270 erat,
977 1210 1208 1271 tuncque
1241 1212 1344 1251 non
1371 1192 1652 1265 oportebat
1679 1184 1893 1243 offendi.
1926 1183 1992 1235 At
2023 1190 2163 1233 nunc

582 1310 739 1350 nemo
774 1294 825 1349 id
861 1293 1017 1357 facit,
1048 1268 1172 1347 licet
1200 1289 1369 1344 fames
1402 1287 1471 1341 sit
1505 1284 1591 1339 illa
1618 1278 1847 1351 gravior.
1880 1272 1993 1329 Non
2018 1268 2161 1322 enim

581 1401 678 1456 par
714 1400 801 1440 res
841 1395 925 1439 est
966 1396 1307 1437 conununem
1352 1378 1491 1432 ferre
1527 1371 1919 1429 calamitatem,
1952 1371 2003 1416 et
2034 1360 2161 1414 dum

581 1452 771 1530 omnes
795 1472 1117 1529 abundantia
1142 1472 1406 1533 fruuntur,
1432 1461 1776 1535 pauperiores
1798 1465 2000 1513 tantum
2025 1452 2164 1505 fame

586 1570 846 1623 laborare.
880 1566 1028 1622 Tunc
1070 1563 1236 1617 fames
1266 1568 1383 1615 erat
1407 1598 1421 1623 ,
1454 1564 1507 1612 et
1546 1554 1634 1625 qui
1669 1552 1866 1608 dabant
1906 1555 2165 1617 pauperes

584 1658 714 1729 (Pro
744 1657 981 1729 facultate
1006 1672 1097 1708 sua
1134 1654 1321 1725 singuli
1344 1688 1356 1712 ,
1383 1649 1577 1719 inquit)
1609 1665 1622 1701 :
1652 1659 1790 1699 nunc
1815 1657 1943 1697 vero
1970 1637 2163 1708 duplex

582 1728 663 1807 est
697 1750 885 1817 fames,
917 1750 1055 1803 sicut
1083 1757 1136 1801 et
1162 1745 1357 1815 duplex
1388 1738 1709 1797 abundantia
1738 1753 1751 1789 :
1779 1736 1944 1789 fames
1968 1728 2162 1802 gravis,

586 1846 781 1908 fames,
816 1858 921 1897 non
958 1839 1204 1895 audiendi
1243 1838 1461 1891 verbum
1509 1831 1745 1896 Domini,
1778 1827 1873 1883 sed
1905 1841 1997 1896 per
2023 1825 2165 1877 cice-

584 1945 861 2005 musynam
900 1932 1073 1985 cibum
1115 1926 1431 1997 accipiendi.
1477 1924 1627 1978 Tune
1671 1930 1724 1975 et
1760 1921 1846 1990 qui
1892 1917 1941 1971 in
1981 1912 2163 1969 Judtea

586 2040 842 2094 pauperes
865 2031 1037 2089 erant,
1061 2031 1114 2076 et
1138 2020 1227 2090 qui
1258 2017 1550 2073 Antiochite
1578 2011 1827 2084 pecunias
1853 2006 2163 2077 erogabant,

586 2118 723 2170 hunc
752 2114 1059 2169 fruebantur
1086 2129 1100 2178 ;
1129 2120 1183 2166 et.
1214 2111 1264 2164 hi
1298 2111 1466 2180 magis
1496 2121 1651 2178 quam
1682 2103 1753 2158 illi
1783 2120 1796 2156 :
1825 2114 1960 2155 nunc
1989 2108 2166 2152 autem

583 2218 637 2263 et
665 2220 763 2261 nos
790 2216 841 2261 et
866 2218 1128 2276 pauperes
1159 2204 1209 2256 in
1240 2200 1378 2255 fame
1404 2217 1415 2252 :
1445 2199 1519 2253 illi
1544 2196 1685 2268 quod
1717 2191 2021 2250 necessario
2048 2188 2168 2243 cibo

587 2308 796 2369 egeant,
829 2312 928 2352 nos
953 2295 1092 2367 quod
1124 2295 1175 2349 in
1204 2294 1420 2364 penuria
1450 2289 1829 2346 misericordiae
1861 2286 1950 2339 Dei
1981 2284 2165 2338 simus.

589 2391 699 2444 lloe
723 2389 841 2444 cibo
869 2387 999 2441 nihil
1021 2387 1189 2456 magis
1213 2382 1571 2439 necessarium
1596 2379 1770 2434 fuerit.
1796 2378 1892 2432 llic
1916 2390 2019 2429 non
2045 2372 2170 2427 sub¢

584 2489 778 2536 cuntur
804 2480 938 2533 mala
957 2518 973 2545 ,
1006 2494 1124 2548 qua:
1162 2492 1225 2531 ex
1269 2474 1544 2530 saturitate
1568 2472 1812 2526 oriuntur
1840 2485 1852 2523 :
1885 2467 2038 2536 hujus
2065 2464 2167 2520 cibi

587 2586 695 2626 non
724 2574 775 2624 in
806 2584 1076 2624 secessum
1102 2567 1362 2621 emittitur
1384 2579 1505 2634 pars
1531 2562 1781 2616 maxima.
1805 2559 1943 2613 Nihil
1972 2558 2170 2611 formo-

588 2665 699 2718 sius
724 2704 738 2729 ,
774 2662 903 2715 nihil
934 2658 1320 2713 saniusanima
1350 2671 1466 2724 qua:
1496 2654 1573 2708 sic
1609 2655 1805 2717 alitur;
1833 2648 1977 2705 omni
2008 2662 2171 2716 snpe-

588 2754 698 2809 rior
723 2764 803 2807 est
831 2751 1038 2815 morbo,
1067 2749 1209 2802 omni
1237 2746 1398 2811 fame,
1430 2744 1572 2797 omni
1602 2740 1917 2811 intemperie
1942 2746 1995 2792 et
2020 2736 2175 2807 :cgri-

588 2844 768 2899 tudine
800 2860 814 2896 :
843 2856 1001 2896 nemo
1041 2839 1183 2893 illam
1242 2852 1433 2906 Capere
1474 2836 1706 2905 poterit;
1759 2831 1854 2887 sed
1893 2830 2029 2885 sicut
2070 2827 2169 2882 ad-

584 2935 912 2990 amantinum
938 2945 1131 3001 corpus
1154 2944 1256 2983 non
1280 2929 1474 2983 ferrum
1498 2925 1705 2981 caedere
1719 2924 1877 2986 valet,
1904 2936 2007 2976 non
2030 2918 2171 2975 aliud

584 3028 794 3097 quidvis
822 3046 835 3081 :
864 3027 942 3082 sic
972 3040 1069 3079 nec
1102 3023 1333 3077 animam
1360 3020 1697 3087 eleemosyna
1726 3016 1986 3070 firmatam
2014 3012 2171 3083 quid-

588 3122 668 3174 vis
697 3132 889 3189 capere
922 3116 1134 3185 poterit.
1162 3112 1334 3180 Quid,
1364 3124 1579 3181 quaeso,
1614 3109 1756 3163 illam
1786 3122 1977 3176 capere
2008 3105 2175 3173 possit

590 3209 877 3281 umquam?
908 3206 1229 3278 paupertas?
1259 3204 1505 3268 Minime;
1536 3202 1585 3255 iu
1619 3200 1778 3269 regiis
1805 3200 1945 3254 enim
1978 3212 2175 3266 penua-

588 3304 681 3359 riis
723 3303 1022 3372 posita.est.
1068 3299 1149 3353 An
1190 3298 1272 3350 fur
1307 3304 1359 3350 et
1400 3293 1578 3348 latro?
1609 3291 1712 3347 Sed
1744 3291 1863 3345 illos
1897 3288 2173 3359 perfodere

591 3397 821 3467 parietes
851 3408 1010 3448 nemo
1039 3392 1199 3445 valet.
1233 3391 1314 3443 An
1341 3387 1575 3442 vermis?
1605 3384 1710 3440 Sed
1744 3387 1841 3438 hac
1869 3384 2027 3438 etiam
2059 3396 2177 3449 per-

592 3489 730 3544 nicie
761 3485 1003 3556 superior
1028 3491 1111 3538 est
1138 3480 1227 3535 hic
1250 3480 1551 3534 thesaurus.
1577 3478 1658 3531 An
1683 3476 1841 3529 timor
1865 3483 1919 3529 et
1944 3472 2177 3527 invidia?

591 3582 662 3634 At
689 3593 793 3631 non
827 3576 908 3631 his
938 3574 1164 3643 capitur.
1210 3567 1585 3641 Syc0phantia:
1628 3578 1681 3622 et
1718 3566 1959 3622 insidiae?
1996 3563 2179 3631 Neque

593 3671 730 3736 illae;
760 3671 1038 3722 thesaurus
1066 3664 1259 3735 quippe
1283 3672 1363 3717 est
1394 3662 1717 3715 inaccessus.
1750 3654 1856 3713 Sed
1886 3667 2037 3725 turpe
2064 3656 2177 3707 fue-

594 3764 689 3826 rit,
722 3763 764 3814 si
796 3759 909 3813 hate
938 3758 1110 3812 solum
1136 3773 1251 3825 qua:
1279 3754 1631 3824 eleemosyna:
1662 3750 1842 3805 insunt
1867 3747 2175 3812 ostendero,

594 3854 770 3910 missis
813 3853 875 3906 iis
912 3865 1031 3920 qua:
1075 3847 1342 3903 contraria
1378 3845 1480 3900 illis
1518 3852 1661 3899 sunt.
1693 3840 2003 3897 Nonomodn
2034 3840 2174 3893 enim

596 3946 684 3999 illa
721 3946 788 3999 ab
827 3942 970 3997 onmi
1020 3940 1215 3994 invidia
1258 3948 1343 3993 est
1373 3937 1539 3992 libera
1561 3978 1576 4003 ,
1604 3934 1697 3990 sed
1729 3943 1781 3989 et
1810 3930 2178 3988 benedictione

595 4036 785 4090 fruitur
826 4034 987 4087 umlta
1017 4032 1083 4086 ab
1114 4032 1177 4085 iis
1198 4071 1212 4095 ,
1242 4032 1331 4099 qui
1376 4029 1517 4083 iliam
1547 4026 1830 4098 accipiunt.
1861 4024 2010 4080 Sicut
2036 4023 2175 4077 enim

598 4126 870 4181 inhumani
901 4135 952 4179 et
981 4122 1227 4178 crudeles
1259 4136 1364 4175 non
1392 4120 1551 4173 laesos
1576 4118 1748 4172 solum
1780 4116 1979 4169 habent
2008 4112 2181 4168 inimi-

597 4234 727 4285 cos,
756 4217 847 4271 sed
878 4218 1035 4270 etiam
1064 4228 1185 4280 eos,
1218 4213 1306 4282 qui
1338 4210 1465 4265 nihil
1503 4210 1627 4263 mali
1657 4208 1797 4278 passi
1831 4206 1985 4260 laesos
2019 4204 2180 4258 mise-

599 4320 805 4373 rantur,
836 4307 1260 4374 inhumanosque
1288 4311 1538 4359 accusant
1567 4320 1580 4356 :
1607 4303 1683 4356 sic
1707 4302 1799 4372 qui
1826 4299 2030 4369 magnis
2056 4297 2186 4352 alic-

599 4419 723 4459 eere
751 4404 923 4464 bonis,
951 4416 1056 4454 non
1086 4415 1179 4455 eos
1203 4399 1291 4469 qui
1316 4412 1573 4467 accepere
1605 4404 1828 4462 tantum,
1853 4395 1944 4449 sed
1974 4404 2027 4450 et
2050 4394 2184 4453 alios

603 4495 800 4549 habent
823 4493 1145 4547 laudatores.
1173 4490 1309 4557 Quid
1341 4490 1405 4543 ab
1434 4490 1627 4543 invidia
1656 4490 1850 4543 liberos
1880 4490 2001 4543 dico
2026 4490 2078 4541 ιτ
2104 4486 2186 4541 Ab

606 4584 1005 4639 insidiatoribus
1044 4585 1204 4637 etiam
1228 4624 1241 4647 ,
1273 4583 1474 4636 furibus
1510 4593 1562 4636 et
1600 4582 1860 4651 parietum
1889 4580 2186 4635 effr-actori-

606 4679 705 4733 bus
737 4679 1046 4733 liberantur.
1078 4676 1259 4747 Neque
1284 4675 1384 4730 hoc
1408 4676 1580 4730 solum
1608 4675 1747 4729 inest
1768 4674 1891 4729 boni
1917 4690 1931 4738 ;
1960 4673 2053 4727 sed
2083 4688 2185 4726 non

610 4772 769 4827 modo
796 4786 898 4825 non
929 4770 1181 4823 minuitur
1207 4768 1500 4823 substantia
1524 4810 1535 4831 ,
1566 4782 1751 4821 verum
1780 4767 1938 4821 etiam
1967 4775 2189 4834 augetur

608 4875 663 4920 et
696 4864 906 4917 crescit.
936 4860 1071 4927 Quid
1100 4861 1619 4916 Nabuchodonosorc
1656 4859 1900 4930 turpius?
1939 4857 2062 4927 quid
2095 4857 2190 4912 fos-

606 4955 770 5011 dius?
797 4952 921 5024 quid
966 4952 1227 5022 iniquius?
1264 4952 1458 5020 lmpius
1487 4961 1598 5005 erat
1630 4952 1789 5004 homo
1822 4967 1835 5002 :
1872 4949 2015 5002 mille
2051 4948 2189 5001 indi-

608 5051 687 5104 cia
709 5090 725 5113 ,
761 5047 905 5101 mille
934 5045 1081 5116 signa
1116 5044 1282 5111 vidit,
1316 5053 1369 5099 ct
1408 5044 1721 5113 resipiscere
1751 5042 1949 5104 noluit;
1979 5040 2070 5093 sed
2103 5039 2191 5093 Dei

611 5155 795 5195 servos
826 5156 875 5193 tu
907 5138 1171 5192 caminum
1197 5137 1393 5204 injecit,
1421 5136 1627 5189 etiamsi
1663 5143 1843 5201 postea
1873 5131 2191 5186 adoraverit.

610 5235 745 5302 Quid
785 5234 943 5303 igitur
982 5228 1273 5300 propheta?
1312 5229 1420 5283 Rex
1446 5270 1459 5293 ,
1497 5227 1761 5282 consilium
1799 5241 1962 5279 meum
2003 5225 2196 5293 placeat

615 5329 699 5384 tibi
730 5346 747 5379 :
774 5336 977 5397 peccata
1008 5334 1095 5377 tua
1122 5322 1445 5393 eleemosynis
1464 5322 1669 5387 redime,
1697 5331 1742 5373 et
1770 5319 2057 5389 iniquitates
2088 5326 2198 5369 tuas

616 5419 1014 5474 miserationibus
1056 5433 1330 5487 pauperum
1362 5414 1537 5479 :forte
1576 5415 1665 5468 erit
1703 5415 1844 5467 venia
1881 5412 2075 5466 delictis
2102 5410 2199 5463 tuis

618 5511 776 5581 (Dan.
811 5511 862 5565 4.
894 5510 1007 5578 2i).
1043 5510 1163 5564 lltec
1192 5510 1261 5563 ita
1288 5508 1421 5563 dixit
1451 5522 1555 5561 non
1584 5506 1829 5560 dubitans
1858 5504 2032 5575 (valde
2057 5502 2197 5556 enim

622 5604 715 5659 sibi
749 5615 1056 5672 persuasum
1082 5601 1243 5670 erat),
1272 5600 1364 5654 sed
1395 5608 1448 5652 ut
1479 5598 1624 5653 illum
1660 5598 1708 5651 in
1736 5596 1988 5665 majorem
2018 5593 2197 5663 injicco

620 5707 703 5751 ret
730 5696 973 5749 timorem
998 5736 1011 5759 ,
1038 5702 1091 5747 et
1120 5694 1370 5761 majorem
1404 5692 1517 5747 ha‘c
1552 5688 1774 5745 faciendi
1806 5688 2199 5743 necessitatem.

684 5836 703 5869 ί
738 5836 872 5889 Alius
893 5836 1016 5895 inec,
1040 5830 1156 5897 quid
1180 5830 1238 5882 ab
1262 5830 1440 5883 invidia
1468 5830 1639 5882 liberos
1659 5829 1795 5892 dico,
1821 5826 1999 5878 omisit.

1245 433 1304 489 S.
1341 424 1616 487 JOANNIS
1654 411 2128 479 CllliYSOSTOMI
2167 405 2481 464 Alttﬁllll-LP.
2518 399 3051 462 CONSTANTINOP.

3758 387 3880 448 196

2271 524 2403 580 Nam
2428 524 2473 579 si
2501 520 2817 577 affirmando
2854 519 3112 580 dixisset,
3144 510 3493 584 negligentior
3522 508 3607 564 ille
3640 506 3877 564 fitisstrt.

2264 615 2352 671 Sic
2377 622 2432 671 et
2456 628 2553 669 nos
2579 623 2704 667 tunc
2732 614 2963 665 maxime
2988 606 3244 679 quosdam
3273 618 3545 674 urgemus,
3571 618 3694 657 cum
3724 602 3870 656 dici-

2265 724 2381 763 mus
2407 725 2420 762 :
2450 706 2673 762 Hortare
2705 705 2851 759 illum
2883 703 3076 765 talem;
3106 714 3205 754 nec
3227 696 3497 763 addimus,
3527 695 3677 750 illum
3705 693 3874 748 audi-

2267 811 2439 857 turum
2464 815 2682 869 prorsus
2701 813 2843 863 esse,
2873 796 2989 861 sed,
3018 794 3244 850 fortasse
3270 793 3575 847 auditurum
3600 809 3615 845 :
3642 806 3767 845 nam
3793 805 3872 843 ex

2264 893 2597 948 dubitatione
2636 889 2806 959 major
2840 898 2989 942 ortus
3026 885 3217 950 timor,
3251 884 3417 953 magis
3447 882 3695 951 impellit.
3732 880 3875 935 Ideo

2267 984 2319 1039 id
2352 984 2423 1038 illi
2454 998 2557 1037 non
2589 981 2927 1036 manifestum
2956 978 3101 1033 fecit.
3131 976 3267 1044 Quid
3295 974 3473 1030 dicis?
3499 975 3733 1029 lantisne
3760 972 3875 1026 im-

2268 1074 2554 1147 pietatibus
2582 1075 2685 1129 erit
2717 1073 2912 1127 venia?
2943 1072 3135 1126 Etiam.

2342 1168 2505 1223 Omne
2531 1177 2789 1237 peccatum
2824 1176 2897 1220 est
2936 1167 3249 1235 elecmosyna
3278 1163 3507 1235 inferius.
3536 1193 3605 1202 —
3631 1162 3749 1217 Non
3777 1170 3874 1217 est

2269 1272 2542 1334 peccatum
2569 1303 2584 1329 ,
2617 1260 2757 1330 quod
2805 1276 2910 1314 non
2956 1260 3122 1330 possit
3163 1260 3500 1328 eleemosyna
3547 1271 3777 1326 purgare
3806 1264 3873 1310 et

2268 1358 2608 1427 exstinguere
2648 1370 2663 1409 :
2704 1369 2863 1409 omne
2910 1362 3183 1423 peccatum
3229 1363 3311 1407 est
3357 1351 3443 1405 illa
3492 1351 3716 1405 inferius
3749 1368 3764 1404 :
3794 1350 3871 1404 ad

2270 1466 2428 1505 omne
2454 1450 2647 1503 vulnus
2684 1457 2864 1517 aptum
2894 1444 3241 1517 pharmaeum
3269 1458 3370 1498 εει.
3403 1442 3539 1511 Quid
3576 1441 3874 1511 publicano

2270 1541 2545 1597 deterius?
2565 1540 2689 1594 ll:ce
2710 1540 2883 1593 omnis
2907 1537 3201 1608 iniquitatis
3225 1534 3435 1589 occasio
3457 1543 3539 1588 cst
3563 1551 3575 1587 :
3602 1532 3697 1587 sed
3723 1535 3874 1586 hanc

2272 1643 2440 1689 totum
2467 1632 2629 1688 abluit
2661 1630 2967 1686 Zacthams.
3001 1629 3152 1691 Vide,
3182 1627 3450 1698 quomodo
3483 1626 3584 1680 hoc
3613 1622 3873 1680 ostendat

2270 1726 2536 1790 Christus,
2567 1739 2687 1780 cum
2715 1724 2922 1778 curavit
2949 1721 3275 1791 marsupium
3311 1718 3530 1783 habere,
3559 1726 3615 1771 et
3644 1726 3872 1785 portare

2271 1834 2333 1874 ea
2364 1834 2481 1887 quae
2508 1815 2951 1872 immittebantur.
2985 1814 3180 1869 Paulus
3204 1827 3412 1882 quoque
3438 1809 3567 1864 dicit
3599 1827 3613 1862 :
3639 1806 3872 1862 Tantum

2271 1920 2325 1965 ut
2353 1927 2630 1981 pauperum
2661 1924 2904 1962 memores
2935 1908 3092 1960 simus
3120 1904 3261 1974 (Gal.
3291 1903 3345 1957 2.
3382 1901 3471 1972 10)
3500 1918 3513 1967 ;
3543 1891 3597 1956 et
3638 1901 3689 1954 in
3720 1899 3877 1954 Scri-

2272 2006 2441 2074 pzuris
2475 2005 2668 2074 passim
2698 2002 2796 2058 hac
2819 2003 2887 2057 de
2928 2017 2984 2056 re
3023 2000 3213 2070 agitur.
3250 1996 3475 2051 Pretium
3513 1995 3700 2048 animm
3729 1992 3827 2046 viri
3851 2032 3869 2057 ,

2274 2099 2474 2169 inquit,
2503 2098 2691 2152 divitia:
2719 2097 2937 2167 prapriaa
2967 2093 3148 2163 (Prov.
3181 2093 3265 2148 i5.
3301 2091 3356 2163 8)
3386 2109 3400 2155 ;
3431 2087 3676 2144 Christus
3703 2100 3870 2151 vero,

2275 2193 2338 2247 Si
2362 2193 2435 2247 vis
2461 2180 2709 2263 perfectus
2734 2205 2858 2255 esse,
2884 2189 3040 2242 vende
3061 2187 3229 2240 omnia
3251 2202 3363 2254 qua:
3383 2184 3554 2247 habes,
3577 2191 3624 2236 et
3645 2182 3713 2233 da
3733 2196 3875 2249 pau—

2275 2287 2496 2355 peribus,
2524 2293 2570 2337 et
2598 2282 2728 2348 veni,
2755 2296 2961 2349 sequere
2982 2296 3059 2333 me
3080 2278 3291 2350 (Matth.
3326 2276 3411 2332 l9.
3444 2276 3557 2347 21).
3585 2274 3710 2329 "me
3739 2288 3874 2328 vera

2275 2377 2532 2447 perfectio
2560 2383 2661 2430 est.
2696 2375 3048 2444 Eleemosyna
3083 2386 3208 2427 vero
3244 2385 3348 2424 non
3394 2367 3630 2438 pecuniis
3662 2366 3830 2420 modo
3854 2406 3873 2432 ,

2273 2470 2367 2525 sed
2397 2469 2557 2524 etiam
2583 2466 2835 2537 operibus
2864 2472 3165 2521 excreetur.
3193 2461 3436 2530 Exempli
3464 2473 3646 2525 causa,
3677 2472 3877 2527 ροεειιο

2276 2578 2395 2617 mus
2426 2560 2744 2629 patrocinari
2767 2600 2781 2626 ,
2815 2572 3095 2628 possumus
3127 2569 3341 2610 manum
3374 2552 3651 2624 porrigere
3678 2568 3693 2605 :
3723 2564 3879 2621 stupe

2279 2654 2628 2725 patrocinium
2662 2652 2780 2722 plus
2808 2650 3061 2717 servavit,
3092 2663 3249 2719 quam
3283 2646 3543 2717 pecuniae.

2348 2747 2402 2800 4.
2448 2746 2795 2815 Eleemosyna:
2821 2743 2959 2797 modi
2985 2741 3344 2809 varii.—Age
3371 2753 3499 2809 ergo
3530 2737 3580 2792 in
3606 2736 3871 2809 pratsenti

2278 2839 2456 2893 omnia
2496 2837 2853 2906 eleemosynte
2882 2848 3077 2904 genera
3110 2832 3425 2887 excitemus.
3459 2830 3621 2885 Potes
3651 2844 3744 2899 per
3776 2843 3879 2898 pe.

2279 2929 2506 2985 cnnias?
2548 2928 2625 2984 Ne
2664 2928 2842 2997 segnis
2868 2935 3006 2981 esto.
3048 2923 3206 2979 Potes
3244 2938 3338 2982 per
3368 2919 3760 2992 patrocinium?
3793 2918 3882 2975 No

2281 3022 2448 3087 dicas,
2478 3022 2598 3087 quia
2624 3020 2864 3089 pecuniae
2895 3033 2999 3070 non
3027 3016 3241 3080 adsunt;
3268 3015 3371 3070 hoc
3401 3008 3535 3068 nihil
3564 3020 3667 3069 est.
3700 3011 3883 3067 Valde

2285 3129 2531 3183 magnum
2559 3113 2661 3167 hoc
2694 3126 2906 3182 quoque
2944 3120 3063 3165 est:
3093 3124 3157 3162 ac
3195 3109 3239 3163 si
3272 3108 3549 3177 pecuniam
3585 3105 3835 3161 dedisses
3863 3147 3880 3173 ,

2283 3208 2362 3262 sic
2390 3204 2611 3260 affectus
2641 3213 2776 3258 esto.
2817 3202 2977 3257 Potes
3006 3201 3360 3256 ministrando
3384 3198 3614 3269 juvare?
3642 3198 3754 3253 lloe
3799 3198 3886 3252 fa-

2282 3302 2411 3354 cito.
2442 3297 2684 3367 Exempli
2708 3298 2898 3367 gratia,
2918 3304 3032 3349 arte
3058 3294 3295 3349 medicus
3318 3307 3376 3347 es
3392 3292 3417 3344 ?
3441 3291 3681 3346 lnfirmos
3703 3305 3836 3345 cura
3866 3306 3883 3355 ;

2282 3403 2329 3447 et
2363 3391 2465 3447 hoc
2494 3406 2741 3461 magnum
2771 3399 2872 3443 est.
2920 3387 3076 3442 Potes
3105 3386 3331 3441 consilio
3355 3385 3589 3454 juvare‘t
3618 3382 3731 3437 [foe
3755 3398 3889 3436 om-

2285 3486 2432 3539 nium
2460 3484 2719 3554 optimum
2752 3491 2835 3538 est
2874 3493 2928 3538 et
2972 3480 3261 3539 maximum
3289 3520 3304 3545 ,
3339 3480 3617 3548 majusque
3663 3478 3887 3532 lucrum

2288 3578 2449 3632 habet
2481 3595 2493 3631 :
2530 3591 2634 3631 non
2662 3576 2804 3630 enim
2836 3576 2935 3630 hac
2957 3576 3039 3628 via
3079 3572 3275 3628 famem
3306 3614 3321 3639 ,
3367 3572 3462 3628 sed
3503 3571 3884 3641 gravissimam

2286 3681 2511 3724 mortem
2535 3668 2706 3739 pellis.
2732 3667 2843 3722 llne
2862 3666 3090 3737 apostoli
3115 3666 3258 3727 bono
3282 3665 3422 3734 pleni
3446 3680 3662 3732 prorsus
3680 3672 3846 3717 erant
3867 3683 3883 3718 :

2288 3767 2405 3821 ideo
2425 3766 2769 3836 pecuniarum
2798 3760 3227 3817 distributionem
3255 3757 3597 3814 inferioribus
3624 3756 3885 3811 commit-

2288 3859 2469 3913 tebant
2497 3898 2511 3920 ,
2543 3856 2669 3910 dum
2716 3868 2969 3909 sermone
3010 3852 3289 3922 juvabant.
3326 3852 3408 3905 An
3456 3861 3610 3919 putas
3657 3863 3884 3919 parram

2287 3965 2407 4005 esse
2434 3950 2850 4017 elecmosynam,
2874 3945 3104 3999 animam
3128 3944 3373 4008 anxiam,
3403 3941 3472 3997 de
3499 3942 3754 3996 extremis
3785 3956 3887 4010 pec

2287 4044 2602 4098 riclitantem
2623 4082 2637 4107 ,
2676 4039 2838 4094 febris
2875 4038 3067 4094 ardore
3095 4036 3368 4091 detentam
3392 4077 3405 4101 ,
3439 4050 3467 4087 a
3500 4036 3689 4088 morbo
3719 4048 3887 4101 posse

2289 4135 2559 4190 liberare?
2587 4134 2744 4188 Verbi
2776 4132 2968 4202 gratia,
2998 4129 3150 4184 vides
3177 4129 3406 4182 amicum
3437 4126 3660 4180 avaritia
3686 4126 3886 4179 deten-

2291 4228 2443 4282 tum?
2472 4226 2723 4281 illiscrare
2754 4224 3048 4277 hominem.
3092 4220 3396 4275 Sull‘ocatur
3423 4218 3557 4275 ille?
3585 4217 3887 4286 Exstingue

2291 4322 2433 4376 illius
2464 4320 2659 4389 ignem.
2690 4316 2826 4383 Quid
2851 4316 3010 4387 igitur
3029 4314 3074 4369 si
3098 4327 3201 4367 non
3231 4312 3567 4381 obtemperet
3587 4310 3609 4363 ?
3628 4309 3708 4365 Tu
3737 4310 3887 4379 quod

2294 4426 2439 4470 tuum
2473 4421 2555 4467 est
2585 4409 2779 4476 facito,
2814 4423 2911 4464 nec
2943 4408 3161 4477 ignavus
3198 4406 3293 4459 sis.
3326 4404 3489 4460 Vides
3517 4419 3637 4458 eum
3676 4403 3727 4456 in
3758 4402 3886 4456 vin-

2292 4508 2427 4563 culis
2454 4502 2719 4559 detineri?
2749 4502 2765 4571 (
2791 4516 2911 4554 nam
2939 4498 3179 4570 pecunia:
3205 4512 3330 4553 vere
3360 4496 3569 4551 vincula
3601 4504 3721 4549 sunt
3746 4495 3785 4565 ).
3813 4494 3887 4549 ll-

2292 4602 2400 4654 lum
2429 4599 2534 4663 aali,
2560 4596 2755 4661 invise,
2779 4593 3084 4655 consolare,
3114 4606 3141 4643 a
3172 4589 3403 4643 vinculis
3424 4589 3629 4657 eripere
3659 4601 3885 4642 conare.

2294 4694 2349 4751 Si
2392 4694 2557 4754 nolit,
2601 4704 2765 4761 penes
2805 4688 2953 4741 illum
2993 4684 3148 4755 culpa
3187 4685 3309 4738 erit.
3358 4680 3547 4735 Vidisti
3600 4679 3799 4734 nudum
3831 4687 3887 4733 et

2295 4784 2677 4857 peregrinum?
2710 4779 2908 4853 (nudus
2927 4777 3070 4833 enim
3089 4789 3215 4829 vere
3239 4782 3292 4830 et
3316 4772 3630 4842 peregrinus
3660 4771 3713 4823 in
3735 4769 3893 4825 caelis

2297 4888 2399 4945 est,
2435 4878 2521 4947 qui
2552 4884 2751 4931 rectam
2779 4874 2916 4926 viam
2953 4884 3055 4923 non
3091 4868 3288 4947 curat).
3324 4864 3525 4934 Recipe
3552 4863 3605 4917 in
3644 4861 3892 4916 diverso-

2303 4965 2437 5024 rium
2468 4980 2611 5023 tuum
2633 5008 2649 5035 ,
2680 4961 3017 5019 vestimentis
3052 4946 3265 5013 virtutis
3294 4956 3453 5011 indue
3484 4955 3630 5009 illum
3657 4992 3671 5015 ,
3716 4952 3784 5007 da
3813 4954 3892 5008 illi

2302 5063 2566 5118 civitatem
2599 5060 2652 5114 in
2692 5058 2843 5113 ctelo.
2876 5053 3012 5121 Quid
3050 5066 3205 5121 ergo,
3238 5051 3281 5105 si
3317 5060 3369 5106 et
3398 5062 3499 5118 ego
3535 5046 3711 5101 nudus
3745 5047 3846 5101 sim
3876 5088 3891 5111 ,

2304 5152 2549 5224 inquies?
2578 5150 2829 5220 Teipsum
2866 5147 3025 5201 indue
3047 5145 3277 5214 primum
3306 5160 3317 5195 ε
3352 5142 3396 5195 si
3432 5139 3574 5195 nosti
3601 5147 3651 5194 te
3688 5137 3892 5193 nudum

2303 5263 2423 5303 esse
2448 5290 2461 5313 ,
2494 5247 2650 5316 plane
2677 5242 2782 5298 scis
2811 5252 2860 5296 te
2885 5240 3033 5297 indui
3064 5246 3332 5307 oportere.
3361 5234 3415 5290 Si
3446 5232 3701 5287 nuditatis
3730 5231 3892 5301 hujus

2306 5341 2517 5396 modum
2550 5337 2710 5401 nosti,
2737 5350 2895 5391 nosse
2924 5333 3144 5405 poteris,
3172 5345 3279 5403 quo
3296 5344 3429 5399 opus
3453 5330 3524 5384 sit
3546 5327 3889 5383 vestimento.

2306 5436 2442 5504 Quot
2465 5435 2717 5489 mulieres
2744 5431 2915 5487 serica
2951 5428 3265 5483 vestimenta
3298 5432 3507 5495 gestant
3526 5466 3539 5486 ,
3569 5422 3896 5489 virtutisque

2308 5531 2541 5584 vestibus
2584 5542 2801 5597 prorsus
2849 5524 3002 5579 nuda:
3037 5522 3206 5577 sunt?
3239 5521 3329 5574 llis
3377 5518 3496 5573 illas
3528 5516 3754 5571 vestiant
3793 5515 3894 5568 viri

2308 5622 2408 5676 sui.
2444 5621 2639 5675 Verum
2673 5634 2778 5673 non
2809 5615 3094 5671 admittunt
3122 5614 3241 5668 illas
3286 5620 3461 5665 vestes
3486 5650 3502 5672 ,
3535 5609 3634 5663 has
3663 5606 3899 5661 volunt?

2311 5713 2423 5768 lioc
2466 5712 2694 5782 primum
2742 5710 2938 5764 facito:
2981 5708 3190 5762 illarmn
3236 5703 3460 5759 vestium
3508 5699 3900 5768 concupiscen-

2312 5816 2434 5870 tiam
2462 5811 2566 5865 illis
2594 5805 2804 5863 insinua
2833 5818 2845 5868 ;
2875 5799 3098 5857 ostende
3131 5798 3233 5854 illis
3262 5797 3405 5868 ipsas
3437 5809 3555 5853 esse
3598 5793 3771 5849 nudas
3794 5834 3808 5860 ,
3835 5791 3906 5847 de
