  <div class='ocr_page' id='page_1' title='image "/cluster/home/n/w/nwhite01/storage/ocr_20150623/60/uva.x004246612/202.png"; bbox 0 0 4082 6486; ppageno 0'>
   <div class='ocr_carea' id='block_1_1' title="bbox 219 434 2663 499">
    <p class='ocr_par' dir='ltr' id='par_1_1' title="bbox 219 434 2663 499">
     <span class='ocr_line' id='line_1_1' title="bbox 219 434 2663 499; baseline -0.001 -5"><span class='ocrx_word' id='word_1_1' title='bbox 219 440 334 496; x_wconf 65' lang='grc' dir='ltr'>ὶθό</span> <span class='ocrx_word' id='word_1_2' title='bbox 1138 497 1141 499; x_wconf 62' lang='grc'>,</span> <span class='ocrx_word' id='word_1_3' title='bbox 1298 440 1364 496; x_wconf 71' lang='lat' dir='ltr'>IN</span> <span class='ocrx_word' id='word_1_4' title='bbox 1403 441 1581 498; x_wconf 75' lang='lat' dir='ltr'><strong>ACTA</strong></span> <span class='ocrx_word' id='word_1_5' title='bbox 1620 434 2178 494; x_wconf 75' lang='lat' dir='ltr'>APOSTOLORUM..</span> <span class='ocrx_word' id='word_1_6' title='bbox 2219 435 2458 491; x_wconf 78' lang='lat' dir='ltr'>IIOMIL.</span> <span class='ocrx_word' id='word_1_7' title='bbox 2497 434 2663 491; x_wconf 68' lang='lat' dir='ltr'>XXV.</span> 
     </span>
    </p>
   </div>
   <div class='ocr_carea' id='block_1_2' title="bbox 300 553 1908 630">
    <p class='ocr_par' dir='ltr' id='par_1_2' title="bbox 300 553 1908 630">
     <span class='ocr_line' id='line_1_2' title="bbox 300 553 1908 630; baseline -0.002 -20"><span class='ocrx_word' id='word_1_8' title='bbox 300 565 368 625; x_wconf 83' lang='grc' dir='ltr'>γ’.</span> <span class='ocrx_word' id='word_1_9' title='bbox 406 559 515 612; x_wconf 69' lang='grc' dir='ltr'>Καὶ</span> <span class='ocrx_word' id='word_1_10' title='bbox 543 559 667 626; x_wconf 79' lang='grc' dir='ltr'>ὅρα,</span> <span class='ocrx_word' id='word_1_11' title='bbox 718 561 802 611; x_wconf 81' lang='grc' dir='ltr'>ὅτι</span> <span class='ocrx_word' id='word_1_12' title='bbox 830 561 887 613; x_wconf 83' lang='grc' dir='ltr'>ἐν</span> <span class='ocrx_word' id='word_1_13' title='bbox 927 559 1026 630; x_wconf 85' lang='grc' dir='ltr'>μὲν</span> <span class='ocrx_word' id='word_1_14' title='bbox 1057 561 1168 622; x_wconf 82' lang='grc' dir='ltr'>τοῖς</span> <span class='ocrx_word' id='word_1_15' title='bbox 1194 559 1514 621; x_wconf 73' lang='grc' dir='ltr'>ἀποστόλοις</span> <span class='ocrx_word' id='word_1_16' title='bbox 1541 559 1720 627; x_wconf 68' lang='grc' dir='ltr'>ἕτεροι</span> <span class='ocrx_word' id='word_1_17' title='bbox 1749 553 1908 608; x_wconf 84' lang='grc' dir='ltr'>τοῦτο</span> 
     </span>
    </p>
   </div>
   <div class='ocr_carea' id='block_1_3' title="bbox 210 642 1906 718">
    <p class='ocr_par' dir='ltr' id='par_1_3' title="bbox 210 642 1906 718">
     <span class='ocr_line' id='line_1_3' title="bbox 210 642 1906 718; baseline -0.002 -20"><span class='ocrx_word' id='word_1_18' title='bbox 210 646 634 718; x_wconf 73' lang='grc' dir='ltr'>ἐπιτρέπονταιο</span> <span class='ocrx_word' id='word_1_19' title='bbox 688 647 921 700; x_wconf 86' lang='grc' dir='ltr'>ἐνταῦθα</span> <span class='ocrx_word' id='word_1_20' title='bbox 966 647 1024 700; x_wconf 89' lang='grc' dir='ltr'>δὲ</span> <span class='ocrx_word' id='word_1_21' title='bbox 1077 646 1288 710; x_wconf 79' lang='grc' dir='ltr'>Παῦλος</span> <span class='ocrx_word' id='word_1_22' title='bbox 1317 646 1414 700; x_wconf 73' lang='grc' dir='ltr'>καὶ</span> <span class='ocrx_word' id='word_1_23' title='bbox 1465 643 1774 715; x_wconf 85' lang='grc' dir='ltr'>Βαρνάϐας.</span> <span class='ocrx_word' id='word_1_24' title='bbox 1831 642 1906 696; x_wconf 88' lang='grc' dir='ltr'>Οὐ</span> 
     </span>
    </p>
   </div>
   <div class='ocr_carea' id='block_1_4' title="bbox 211 724 1908 801">
    <p class='ocr_par' dir='ltr' id='par_1_4' title="bbox 211 724 1908 801">
     <span class='ocr_line' id='line_1_4' title="bbox 211 724 1908 801; baseline 0 -21"><span class='ocrx_word' id='word_1_25' title='bbox 211 728 402 799; x_wconf 82' lang='grc' dir='ltr'>μικρά</span> <span class='ocrx_word' id='word_1_26' title='bbox 452 729 510 782; x_wconf 86' lang='grc' dir='ltr'>δὲ</span> <span class='ocrx_word' id='word_1_27' title='bbox 563 730 659 784; x_wconf 80' lang='grc' dir='ltr'>καὶ</span> <span class='ocrx_word' id='word_1_28' title='bbox 686 729 844 784; x_wconf 86' lang='grc' dir='ltr'>τοῦτο</span> <span class='ocrx_word' id='word_1_29' title='bbox 881 729 1164 800; x_wconf 77' lang='grc' dir='ltr'>οἰκονομία</span> <span class='ocrx_word' id='word_1_30' title='bbox 1194 724 1264 801; x_wconf 78' lang='grc' dir='ltr'>ἦν</span> <span class='ocrx_word' id='word_1_31' title='bbox 1312 728 1490 791; x_wconf 74' lang='grc' dir='ltr'>ἄλλως</span> <span class='ocrx_word' id='word_1_32' title='bbox 1529 727 1585 781; x_wconf 81' lang='grc' dir='ltr'>δὲ</span> <span class='ocrx_word' id='word_1_33' title='bbox 1622 725 1719 780; x_wconf 78' lang='grc' dir='ltr'>καὶ</span> <span class='ocrx_word' id='word_1_34' title='bbox 1761 725 1908 796; x_wconf 84' lang='grc' dir='ltr'>ἀρχὴ</span> 
     </span>
    </p>
   </div>
   <div class='ocr_carea' id='block_1_5' title="bbox 204 810 1908 888">
    <p class='ocr_par' dir='ltr' id='par_1_5' title="bbox 204 810 1908 888">
     <span class='ocr_line' id='line_1_5' title="bbox 204 810 1908 888; baseline 0.001 -23"><span class='ocrx_word' id='word_1_35' title='bbox 204 810 312 886; x_wconf 75' lang='grc' dir='ltr'>ἦν,</span> <span class='ocrx_word' id='word_1_36' title='bbox 343 817 436 870; x_wconf 77' lang='grc' dir='ltr'>καὶ</span> <span class='ocrx_word' id='word_1_37' title='bbox 463 816 602 882; x_wconf 85' lang='grc' dir='ltr'>τέως</span> <span class='ocrx_word' id='word_1_38' title='bbox 635 818 737 872; x_wconf 89' lang='grc' dir='ltr'>οὐκ</span> <span class='ocrx_word' id='word_1_39' title='bbox 764 817 873 872; x_wconf 75' lang='grc' dir='ltr'>ἔδει</span> <span class='ocrx_word' id='word_1_40' title='bbox 918 816 1395 888; x_wconf 87' lang='grc' dir='ltr'>σκανδαλισθῆναι.</span> <span class='ocrx_word' id='word_1_41' title='bbox 1466 815 1627 868; x_wconf 82' lang='grc' dir='ltr'>Ἀλλά</span> <span class='ocrx_word' id='word_1_42' title='bbox 1655 813 1753 868; x_wconf 91' lang='grc' dir='ltr'>νῦν</span> <span class='ocrx_word' id='word_1_43' title='bbox 1812 813 1908 866; x_wconf 87' lang='grc' dir='ltr'>οὐ-</span> 
     </span>
    </p>
   </div>
   <div class='ocr_carea' id='block_1_6' title="bbox 205 901 1908 975">
    <p class='ocr_par' dir='ltr' id='par_1_6' title="bbox 205 901 1908 975">
     <span class='ocr_line' id='line_1_6' title="bbox 205 901 1908 975; baseline -0.002 -18"><span class='ocrx_word' id='word_1_44' title='bbox 205 903 336 967; x_wconf 68' lang='grc' dir='ltr'>δεὶς</span> <span class='ocrx_word' id='word_1_45' title='bbox 363 904 522 959; x_wconf 85' lang='grc' dir='ltr'>τοῦτο</span> <span class='ocrx_word' id='word_1_46' title='bbox 559 908 722 968; x_wconf 87' lang='grc' dir='ltr'>ποιεῖ,</span> <span class='ocrx_word' id='word_1_47' title='bbox 759 906 936 959; x_wconf 85' lang='grc' dir='ltr'>καίτοι</span> <span class='ocrx_word' id='word_1_48' title='bbox 971 904 1129 975; x_wconf 83' lang='grc' dir='ltr'>λιμός</span> <span class='ocrx_word' id='word_1_49' title='bbox 1184 905 1301 958; x_wconf 89' lang='grc' dir='ltr'>ἐστι</span> <span class='ocrx_word' id='word_1_50' title='bbox 1329 903 1713 975; x_wconf 82' lang='grc' dir='ltr'>χαλεπώτερος</span> <span class='ocrx_word' id='word_1_51' title='bbox 1762 901 1908 956; x_wconf 82' lang='grc' dir='ltr'>ἐκεί-</span> 
     </span>
    </p>
   </div>
   <div class='ocr_carea' id='block_1_7' title="bbox 205 991 1906 1066">
    <p class='ocr_par' dir='ltr' id='par_1_7' title="bbox 205 991 1906 1066">
     <span class='ocr_line' id='line_1_7' title="bbox 205 991 1906 1066; baseline -0.001 -20"><span class='ocrx_word' id='word_1_52' title='bbox 205 1009 336 1046; x_wconf 87' lang='grc' dir='ltr'>νου.</span> <span class='ocrx_word' id='word_1_53' title='bbox 373 992 447 1046; x_wconf 88' lang='grc' dir='ltr'>Ού</span> <span class='ocrx_word' id='word_1_54' title='bbox 502 993 612 1064; x_wconf 89' lang='grc' dir='ltr'>γάρ</span> <span class='ocrx_word' id='word_1_55' title='bbox 666 995 814 1046; x_wconf 86' lang='grc' dir='ltr'>ἐστιν</span> <span class='ocrx_word' id='word_1_56' title='bbox 863 993 977 1047; x_wconf 87' lang='grc' dir='ltr'>ίσον</span> <span class='ocrx_word' id='word_1_57' title='bbox 1012 995 1167 1066; x_wconf 79' lang='grc' dir='ltr'>κοινῇ</span> <span class='ocrx_word' id='word_1_58' title='bbox 1219 994 1406 1064; x_wconf 85' lang='grc' dir='ltr'>φέρειν</span> <span class='ocrx_word' id='word_1_59' title='bbox 1431 992 1533 1064; x_wconf 79' lang='grc' dir='ltr'>τὴν</span> <span class='ocrx_word' id='word_1_60' title='bbox 1593 991 1906 1062; x_wconf 72' lang='grc' dir='ltr'>συμφορὰν,</span> 
     </span>
    </p>
   </div>
   <div class='ocr_carea' id='block_1_8' title="bbox 207 1075 1907 1153">
    <p class='ocr_par' dir='ltr' id='par_1_8' title="bbox 207 1075 1907 1153">
     <span class='ocr_line' id='line_1_8' title="bbox 207 1075 1907 1153; baseline -0.001 -20"><span class='ocrx_word' id='word_1_61' title='bbox 207 1081 316 1134; x_wconf 71' lang='grc' dir='ltr'>καὶ</span> <span class='ocrx_word' id='word_1_62' title='bbox 345 1081 564 1134; x_wconf 88' lang='grc' dir='ltr'>πάντων</span> <span class='ocrx_word' id='word_1_63' title='bbox 591 1082 648 1134; x_wconf 86' lang='grc' dir='ltr'>ἐν</span> <span class='ocrx_word' id='word_1_64' title='bbox 681 1080 917 1153; x_wconf 76' lang='grc' dir='ltr'>ἀφθονίᾳ</span> <span class='ocrx_word' id='word_1_65' title='bbox 965 1080 1156 1146; x_wconf 76' lang='grc' dir='ltr'>ὄντων,</span> <span class='ocrx_word' id='word_1_66' title='bbox 1191 1082 1319 1144; x_wconf 84' lang='grc' dir='ltr'>τοὺς</span> <span class='ocrx_word' id='word_1_67' title='bbox 1354 1079 1720 1151; x_wconf 82' lang='grc' dir='ltr'>πενεστέρους</span> <span class='ocrx_word' id='word_1_68' title='bbox 1766 1075 1907 1131; x_wconf 77' lang='grc' dir='ltr'>εἶναι</span> 
     </span>
    </p>
   </div>
   <div class='ocr_carea' id='block_1_9' title="bbox 204 1162 1906 1240">
    <p class='ocr_par' dir='ltr' id='par_1_9' title="bbox 204 1162 1906 1240">
     <span class='ocr_line' id='line_1_9' title="bbox 204 1162 1906 1240; baseline -0.002 -22"><span class='ocrx_word' id='word_1_69' title='bbox 204 1167 276 1218; x_wconf 85' lang='grc' dir='ltr'>ἐν</span> <span class='ocrx_word' id='word_1_70' title='bbox 309 1166 478 1238; x_wconf 79' lang='grc' dir='ltr'>λιμῷ.</span> <span class='ocrx_word' id='word_1_71' title='bbox 516 1168 650 1221; x_wconf 86' lang='grc' dir='ltr'>Τότε</span> <span class='ocrx_word' id='word_1_72' title='bbox 691 1166 854 1238; x_wconf 88' lang='grc' dir='ltr'>μόνον</span> <span class='ocrx_word' id='word_1_73' title='bbox 902 1167 1061 1237; x_wconf 81' lang='grc' dir='ltr'>λιμὸς</span> <span class='ocrx_word' id='word_1_74' title='bbox 1112 1162 1204 1240; x_wconf 80' lang='grc' dir='ltr'>ἦν,</span> <span class='ocrx_word' id='word_1_75' title='bbox 1239 1167 1330 1222; x_wconf 71' lang='grc' dir='ltr'>καὶ</span> <span class='ocrx_word' id='word_1_76' title='bbox 1359 1169 1407 1221; x_wconf 86' lang='grc' dir='ltr'>οί</span> <span class='ocrx_word' id='word_1_77' title='bbox 1459 1165 1753 1229; x_wconf 82' lang='grc' dir='ltr'>δεδωκότες</span> <span class='ocrx_word' id='word_1_78' title='bbox 1807 1164 1906 1216; x_wconf 84' lang='grc' dir='ltr'>πέ-</span> 
     </span>
    </p>
   </div>
   <div class='ocr_carea' id='block_1_10' title="bbox 205 1251 1908 1327">
    <p class='ocr_par' dir='ltr' id='par_1_10' title="bbox 205 1251 1908 1327">
     <span class='ocr_line' id='line_1_10' title="bbox 205 1251 1908 1327; baseline -0.001 -21"><span class='ocrx_word' id='word_1_79' title='bbox 205 1271 382 1325; x_wconf 86' lang='grc' dir='ltr'>νητες</span> <span class='ocrx_word' id='word_1_80' title='bbox 412 1255 641 1324; x_wconf 75' lang='grc' dir='ltr'>(Καθὼς</span> <span class='ocrx_word' id='word_1_81' title='bbox 677 1255 996 1324; x_wconf 81' lang='grc' dir='ltr'>ηὐπορεῖτο</span> <span class='ocrx_word' id='word_1_82' title='bbox 1035 1256 1144 1327; x_wconf 86' lang='grc' dir='ltr'>γάρ</span> <span class='ocrx_word' id='word_1_83' title='bbox 1197 1273 1289 1322; x_wconf 78' lang='grc' dir='ltr'>τις</span> <span class='ocrx_word' id='word_1_84' title='bbox 1338 1255 1540 1319; x_wconf 85' lang='grc' dir='ltr'>αὐτῶν,</span> <span class='ocrx_word' id='word_1_85' title='bbox 1596 1253 1774 1325; x_wconf 78' lang='grc' dir='ltr'>φησί)’</span> <span class='ocrx_word' id='word_1_86' title='bbox 1810 1251 1908 1306; x_wconf 92' lang='grc' dir='ltr'>νῦν</span> 
     </span>
    </p>
   </div>
   <div class='ocr_carea' id='block_1_11' title="bbox 203 1340 1908 1416">
    <p class='ocr_par' dir='ltr' id='par_1_11' title="bbox 203 1340 1908 1416">
     <span class='ocr_line' id='line_1_11' title="bbox 203 1340 1908 1416; baseline -0.001 -23"><span class='ocrx_word' id='word_1_87' title='bbox 203 1340 269 1394; x_wconf 79' lang='grc' dir='ltr'>δὲ</span> <span class='ocrx_word' id='word_1_88' title='bbox 296 1341 456 1416; x_wconf 82' lang='grc' dir='ltr'>λιμὸς</span> <span class='ocrx_word' id='word_1_89' title='bbox 481 1340 725 1409; x_wconf 77' lang='grc' dir='ltr'>διπλοῦς,</span> <span class='ocrx_word' id='word_1_90' title='bbox 769 1341 1024 1415; x_wconf 85' lang='grc' dir='ltr'>καθάπερ</span> <span class='ocrx_word' id='word_1_91' title='bbox 1059 1344 1091 1413; x_wconf 83' lang='grc' dir='ltr'>ἡ</span> <span class='ocrx_word' id='word_1_92' title='bbox 1127 1341 1360 1410; x_wconf 76' lang='grc' dir='ltr'>ἀφθονία</span> <span class='ocrx_word' id='word_1_93' title='bbox 1388 1341 1573 1411; x_wconf 82' lang='grc' dir='ltr'>διπλῆ,</span> <span class='ocrx_word' id='word_1_94' title='bbox 1609 1340 1770 1410; x_wconf 84' lang='grc' dir='ltr'>λιμὸς</span> <span class='ocrx_word' id='word_1_95' title='bbox 1813 1357 1908 1410; x_wconf 89' lang='grc' dir='ltr'>χα-</span> 
     </span>
    </p>
   </div>
   <div class='ocr_carea' id='block_1_12' title="bbox 203 1427 1903 1501">
    <p class='ocr_par' dir='ltr' id='par_1_12' title="bbox 203 1427 1903 1501">
     <span class='ocr_line' id='line_1_12' title="bbox 203 1427 1903 1501; baseline -0.001 -20"><span class='ocrx_word' id='word_1_96' title='bbox 203 1428 408 1494; x_wconf 71' lang='grc' dir='ltr'>λεπὸς,</span> <span class='ocrx_word' id='word_1_97' title='bbox 440 1429 598 1501; x_wconf 72' lang='grc' dir='ltr'>λιμὸς</span> <span class='ocrx_word' id='word_1_98' title='bbox 632 1430 694 1483; x_wconf 86' lang='grc' dir='ltr'>ού</span> <span class='ocrx_word' id='word_1_99' title='bbox 727 1429 822 1483; x_wconf 90' lang='grc' dir='ltr'>τοῦ</span> <span class='ocrx_word' id='word_1_100' title='bbox 857 1431 1015 1498; x_wconf 87' lang='grc' dir='ltr'>λόγον</span> <span class='ocrx_word' id='word_1_101' title='bbox 1045 1430 1278 1483; x_wconf 86' lang='grc' dir='ltr'>ἀκοῦσαι</span> <span class='ocrx_word' id='word_1_102' title='bbox 1332 1430 1564 1501; x_wconf 84' lang='grc' dir='ltr'>Κυρίου,</span> <span class='ocrx_word' id='word_1_103' title='bbox 1625 1427 1761 1480; x_wconf 81' lang='grc' dir='ltr'>ἀλλὰ</span> <span class='ocrx_word' id='word_1_104' title='bbox 1809 1427 1903 1481; x_wconf 83' lang='grc' dir='ltr'>τοῦ</span> 
     </span>
    </p>
   </div>
   <div class='ocr_carea' id='block_1_13' title="bbox 202 1514 1905 1589">
    <p class='ocr_par' dir='ltr' id='par_1_13' title="bbox 202 1514 1905 1589">
     <span class='ocr_line' id='line_1_13' title="bbox 202 1514 1905 1589; baseline -0.001 -21"><span class='ocrx_word' id='word_1_105' title='bbox 202 1516 494 1588; x_wconf 81' lang='grc' dir='ltr'>τραφῆναι</span> <span class='ocrx_word' id='word_1_106' title='bbox 547 1517 614 1570; x_wconf 82' lang='grc' dir='ltr'>δι’</span> <span class='ocrx_word' id='word_1_107' title='bbox 665 1517 1056 1589; x_wconf 87' lang='grc' dir='ltr'>ἐλεημοσύνης.</span> <span class='ocrx_word' id='word_1_108' title='bbox 1121 1517 1256 1570; x_wconf 86' lang='grc' dir='ltr'>Τότε</span> <span class='ocrx_word' id='word_1_109' title='bbox 1305 1517 1402 1571; x_wconf 72' lang='grc' dir='ltr'>καὶ</span> <span class='ocrx_word' id='word_1_110' title='bbox 1456 1519 1504 1570; x_wconf 83' lang='grc' dir='ltr'>οί</span> <span class='ocrx_word' id='word_1_111' title='bbox 1561 1518 1618 1568; x_wconf 91' lang='grc' dir='ltr'>ἐν</span> <span class='ocrx_word' id='word_1_112' title='bbox 1671 1514 1905 1586; x_wconf 71' lang='grc' dir='ltr'>Ἰουδαίᾳ</span> 
     </span>
    </p>
   </div>
   <div class='ocr_carea' id='block_1_14' title="bbox 202 1601 1906 1676">
    <p class='ocr_par' dir='ltr' id='par_1_14' title="bbox 202 1601 1906 1676">
     <span class='ocr_line' id='line_1_14' title="bbox 202 1601 1906 1676; baseline -0.001 -19"><span class='ocrx_word' id='word_1_113' title='bbox 202 1603 452 1674; x_wconf 78' lang='grc' dir='ltr'>πένητες</span> <span class='ocrx_word' id='word_1_114' title='bbox 495 1605 831 1669; x_wconf 88' lang='grc' dir='ltr'>ἀπέλαυσαν,</span> <span class='ocrx_word' id='word_1_115' title='bbox 888 1605 981 1659; x_wconf 78' lang='grc' dir='ltr'>καὶ</span> <span class='ocrx_word' id='word_1_116' title='bbox 1032 1607 1080 1658; x_wconf 77' lang='lat' dir='ltr'>al</span> <span class='ocrx_word' id='word_1_117' title='bbox 1111 1606 1170 1658; x_wconf 91' lang='grc' dir='ltr'>ἐν</span> <span class='ocrx_word' id='word_1_118' title='bbox 1239 1603 1544 1676; x_wconf 79' lang='grc' dir='ltr'>Ἀντιοχείᾳ</span> <span class='ocrx_word' id='word_1_119' title='bbox 1596 1602 1779 1666; x_wconf 77' lang='grc' dir='ltr'>εόντες</span> <span class='ocrx_word' id='word_1_120' title='bbox 1836 1601 1906 1656; x_wconf 79' lang='grc' dir='ltr'>τὰ</span> 
     </span>
    </p>
   </div>
   <div class='ocr_carea' id='block_1_15' title="bbox 185 1686 1906 1771">
    <p class='ocr_par' dir='ltr' id='par_1_15' title="bbox 185 1686 1906 1771">
     <span class='ocr_line' id='line_1_15' title="bbox 185 1686 1906 1771; baseline -0.001 -27"><span class='ocrx_word' id='word_1_121' title='bbox 185 1693 477 1762; x_wconf 65' lang='grc' dir='ltr'>,χρήματα</span> <span class='ocrx_word' id='word_1_122' title='bbox 513 1731 528 1757; x_wconf 90' lang='grc'>,</span> <span class='ocrx_word' id='word_1_123' title='bbox 593 1694 687 1747; x_wconf 81' lang='grc' dir='ltr'>καὶ</span> <span class='ocrx_word' id='word_1_124' title='bbox 750 1686 892 1746; x_wconf 78' lang='grc' dir='ltr'>οὗτοι</span> <span class='ocrx_word' id='word_1_125' title='bbox 962 1693 1164 1763; x_wconf 78' lang='grc' dir='ltr'>μᾶλλον</span> <span class='ocrx_word' id='word_1_126' title='bbox 1221 1692 1468 1747; x_wconf 88' lang='grc' dir='ltr'>ἐκείνων·</span> <span class='ocrx_word' id='word_1_127' title='bbox 1534 1691 1653 1744; x_wconf 69' lang='grc' dir='ltr'>νυνὶ</span> <span class='ocrx_word' id='word_1_128' title='bbox 1702 1690 1759 1744; x_wconf 81' lang='grc' dir='ltr'>δὲ</span> <span class='ocrx_word' id='word_1_129' title='bbox 1812 1690 1906 1771; x_wconf 75' lang='grc' dir='ltr'>καὶ</span> 
     </span>
    </p>
   </div>
   <div class='ocr_carea' id='block_1_16' title="bbox 201 1778 1907 1852">
    <p class='ocr_par' dir='ltr' id='par_1_16' title="bbox 201 1778 1907 1852">
     <span class='ocr_line' id='line_1_16' title="bbox 201 1778 1907 1852; baseline -0.001 -20"><span class='ocrx_word' id='word_1_130' title='bbox 201 1780 383 1851; x_wconf 62' lang='grc' dir='ltr'>⁴ἡμεῖς</span> <span class='ocrx_word' id='word_1_131' title='bbox 425 1781 520 1835; x_wconf 80' lang='grc' dir='ltr'>καὶ</span> <span class='ocrx_word' id='word_1_132' title='bbox 557 1783 605 1835; x_wconf 93' lang='grc' dir='ltr'>οί</span> <span class='ocrx_word' id='word_1_133' title='bbox 655 1781 887 1852; x_wconf 84' lang='grc' dir='ltr'>πένητες</span> <span class='ocrx_word' id='word_1_134' title='bbox 932 1784 989 1835; x_wconf 83' lang='grc' dir='ltr'>ἐν</span> <span class='ocrx_word' id='word_1_135' title='bbox 1023 1781 1186 1852; x_wconf 83' lang='grc' dir='ltr'>λιμῷ·</span> <span class='ocrx_word' id='word_1_136' title='bbox 1222 1782 1272 1834; x_wconf 80' lang='grc' dir='ltr'>οἱ</span> <span class='ocrx_word' id='word_1_137' title='bbox 1309 1781 1408 1852; x_wconf 86' lang='grc' dir='ltr'>μὲν</span> <span class='ocrx_word' id='word_1_138' title='bbox 1453 1779 1555 1850; x_wconf 88' lang='grc' dir='ltr'>τῆς</span> <span class='ocrx_word' id='word_1_139' title='bbox 1598 1778 1907 1848; x_wconf 75' lang='grc' dir='ltr'>ἀναγκαίας</span> 
     </span>
    </p>
   </div>
   <div class='ocr_carea' id='block_1_17' title="bbox 200 1868 1906 1942">
    <p class='ocr_par' dir='ltr' id='par_1_17' title="bbox 200 1868 1906 1942">
     <span class='ocr_line' id='line_1_17' title="bbox 200 1868 1906 1942; baseline -0.002 -20"><span class='ocrx_word' id='word_1_140' title='bbox 200 1869 550 1940; x_wconf 83' lang='grc' dir='ltr'>ἀποροῦντες</span> <span class='ocrx_word' id='word_1_141' title='bbox 581 1870 810 1941; x_wconf 87' lang='grc' dir='ltr'>τροφῆς,</span> <span class='ocrx_word' id='word_1_142' title='bbox 839 1873 1001 1942; x_wconf 81' lang='grc' dir='ltr'>ἡμεῖς</span> <span class='ocrx_word' id='word_1_143' title='bbox 1023 1870 1080 1924; x_wconf 86' lang='grc' dir='ltr'>δὲ</span> <span class='ocrx_word' id='word_1_144' title='bbox 1101 1873 1161 1925; x_wconf 83' lang='grc' dir='ltr'>ἐν</span> <span class='ocrx_word' id='word_1_145' title='bbox 1188 1872 1385 1925; x_wconf 85' lang='grc' dir='ltr'>σπάνει</span> <span class='ocrx_word' id='word_1_146' title='bbox 1411 1869 1506 1923; x_wconf 90' lang='grc' dir='ltr'>τοῦ</span> <span class='ocrx_word' id='word_1_147' title='bbox 1540 1868 1723 1930; x_wconf 78' lang='grc' dir='ltr'>ἐλέους</span> <span class='ocrx_word' id='word_1_148' title='bbox 1753 1868 1906 1930; x_wconf 87' lang='grc' dir='ltr'>δντες</span> 
     </span>
    </p>
   </div>
   <div class='ocr_carea' id='block_1_18' title="bbox 199 1956 1904 2031">
    <p class='ocr_par' dir='ltr' id='par_1_18' title="bbox 199 1956 1904 2031">
     <span class='ocr_line' id='line_1_18' title="bbox 199 1956 1904 2031; baseline 0 -22"><span class='ocrx_word' id='word_1_149' title='bbox 199 1956 308 2010; x_wconf 87' lang='grc' dir='ltr'>τοῦ</span> <span class='ocrx_word' id='word_1_150' title='bbox 340 1957 498 2012; x_wconf 89' lang='grc' dir='ltr'>Θεοῦ.</span> <span class='ocrx_word' id='word_1_151' title='bbox 549 1957 766 2028; x_wconf 82' lang='grc' dir='ltr'>Ταύτης</span> <span class='ocrx_word' id='word_1_152' title='bbox 794 1958 852 2011; x_wconf 83' lang='grc' dir='ltr'>δέ</span> <span class='ocrx_word' id='word_1_153' title='bbox 895 1958 995 2029; x_wconf 81' lang='grc' dir='ltr'>τῆς</span> <span class='ocrx_word' id='word_1_154' title='bbox 1036 1959 1244 2031; x_wconf 81' lang='grc' dir='ltr'>τροφῆς</span> <span class='ocrx_word' id='word_1_155' title='bbox 1277 1959 1430 2012; x_wconf 85' lang='grc' dir='ltr'>οὐδὲν</span> <span class='ocrx_word' id='word_1_156' title='bbox 1475 1957 1904 2027; x_wconf 85' lang='grc' dir='ltr'>ἀναγκαιότερον</span> 
     </span>
    </p>
   </div>
   <div class='ocr_carea' id='block_1_19' title="bbox 201 2043 1905 2118">
    <p class='ocr_par' dir='ltr' id='par_1_19' title="bbox 201 2043 1905 2118">
     <span class='ocr_line' id='line_1_19' title="bbox 201 2043 1905 2118; baseline 0.002 -23"><span class='ocrx_word' id='word_1_157' title='bbox 201 2043 411 2113; x_wconf 81' lang='grc' dir='ltr'>γένοιτ’</span> <span class='ocrx_word' id='word_1_158' title='bbox 437 2044 522 2099; x_wconf 85' lang='grc' dir='ltr'>ἀν.</span> <span class='ocrx_word' id='word_1_159' title='bbox 559 2046 674 2099; x_wconf 80' lang='grc' dir='ltr'>Οὐκ</span> <span class='ocrx_word' id='word_1_160' title='bbox 704 2045 850 2098; x_wconf 77' lang='grc' dir='ltr'>ἐστιν</span> <span class='ocrx_word' id='word_1_161' title='bbox 884 2045 1187 2117; x_wconf 78' lang='grc' dir='ltr'>ὑποστῆναι</span> <span class='ocrx_word' id='word_1_162' title='bbox 1231 2046 1299 2100; x_wconf 87' lang='grc' dir='ltr'>τά</span> <span class='ocrx_word' id='word_1_163' title='bbox 1327 2045 1436 2100; x_wconf 86' lang='grc' dir='ltr'>ἀπὸ</span> <span class='ocrx_word' id='word_1_164' title='bbox 1459 2047 1558 2118; x_wconf 86' lang='grc' dir='ltr'>τῆς</span> <span class='ocrx_word' id='word_1_165' title='bbox 1584 2043 1905 2115; x_wconf 82' lang='grc' dir='ltr'>πλησμονῆς</span> 
     </span>
    </p>
   </div>
   <div class='ocr_carea' id='block_1_20' title="bbox 201 2132 1902 2207">
    <p class='ocr_par' dir='ltr' id='par_1_20' title="bbox 201 2132 1902 2207">
     <span class='ocr_line' id='line_1_20' title="bbox 201 2132 1902 2207; baseline 0 -22"><span class='ocrx_word' id='word_1_166' title='bbox 201 2132 382 2186; x_wconf 80' lang='grc' dir='ltr'>κακά·</span> <span class='ocrx_word' id='word_1_167' title='bbox 416 2133 516 2186; x_wconf 81' lang='grc' dir='ltr'>οὐκ</span> <span class='ocrx_word' id='word_1_168' title='bbox 540 2134 688 2187; x_wconf 82' lang='grc' dir='ltr'>ἐστιν</span> <span class='ocrx_word' id='word_1_169' title='bbox 720 2135 801 2196; x_wconf 86' lang='grc' dir='ltr'>είς</span> <span class='ocrx_word' id='word_1_170' title='bbox 853 2133 1144 2206; x_wconf 79' lang='grc' dir='ltr'>ἀφεδρῶνα</span> <span class='ocrx_word' id='word_1_171' title='bbox 1195 2134 1552 2207; x_wconf 85' lang='grc' dir='ltr'>προχωρῆσαι</span> <span class='ocrx_word' id='word_1_172' title='bbox 1594 2132 1657 2187; x_wconf 85' lang='lat'>16</span> <span class='ocrx_word' id='word_1_173' title='bbox 1687 2132 1851 2186; x_wconf 80' lang='grc' dir='ltr'>πλέον</span> <span class='ocrx_word' id='word_1_174' title='bbox 1875 2145 1902 2174; x_wconf 69' lang='grc' dir='ltr'><strong>α</strong></span> 
     </span>
    </p>
   </div>
   <div class='ocr_carea' id='block_1_21' title="bbox 198 2220 1902 2294">
    <p class='ocr_par' dir='ltr' id='par_1_21' title="bbox 198 2220 1902 2294">
     <span class='ocr_line' id='line_1_21' title="bbox 198 2220 1902 2294; baseline -0.002 -19"><span class='ocrx_word' id='word_1_175' title='bbox 198 2220 424 2291; x_wconf 78' lang='grc' dir='ltr'>ταύτης</span> <span class='ocrx_word' id='word_1_176' title='bbox 447 2223 545 2292; x_wconf 81' lang='grc' dir='ltr'>τῆς</span> <span class='ocrx_word' id='word_1_177' title='bbox 580 2223 803 2294; x_wconf 79' lang='grc' dir='ltr'>τροφῆς.</span> <span class='ocrx_word' id='word_1_178' title='bbox 840 2222 1009 2277; x_wconf 80' lang='grc' dir='ltr'>Οὐδὲν</span> <span class='ocrx_word' id='word_1_179' title='bbox 1036 2221 1389 2293; x_wconf 89' lang='grc' dir='ltr'>ώραιότερον,</span> <span class='ocrx_word' id='word_1_180' title='bbox 1421 2221 1575 2276; x_wconf 84' lang='grc' dir='ltr'>οὐδὲν</span> <span class='ocrx_word' id='word_1_181' title='bbox 1608 2220 1902 2289; x_wconf 81' lang='grc' dir='ltr'>ὑγιεινότε-</span> 
     </span>
    </p>
   </div>
   <div class='ocr_carea' id='block_1_22' title="bbox 202 2309 1901 2382">
    <p class='ocr_par' dir='ltr' id='par_1_22' title="bbox 202 2309 1901 2382">
     <span class='ocr_line' id='line_1_22' title="bbox 202 2309 1901 2382; baseline 0.001 -20"><span class='ocrx_word' id='word_1_182' title='bbox 202 2327 308 2381; x_wconf 90' lang='grc' dir='ltr'>ρον</span> <span class='ocrx_word' id='word_1_183' title='bbox 359 2309 539 2382; x_wconf 72' lang='grc' dir='ltr'>ψυχῆς</span> <span class='ocrx_word' id='word_1_184' title='bbox 591 2309 736 2363; x_wconf 88' lang='grc' dir='ltr'>οῦτω</span> <span class='ocrx_word' id='word_1_185' title='bbox 782 2310 1147 2381; x_wconf 70' lang='grc' dir='ltr'>τρεφομένης*</span> <span class='ocrx_word' id='word_1_186' title='bbox 1184 2310 1370 2380; x_wconf 81' lang='grc' dir='ltr'>πάσης</span> <span class='ocrx_word' id='word_1_187' title='bbox 1412 2310 1663 2380; x_wconf 82' lang='grc' dir='ltr'>άνωτέρα</span> <span class='ocrx_word' id='word_1_188' title='bbox 1699 2309 1901 2381; x_wconf 76' lang='grc' dir='ltr'>ἔστηκε</span> 
     </span>
    </p>
   </div>
   <div class='ocr_carea' id='block_1_23' title="bbox 200 2399 1900 2471">
    <p class='ocr_par' dir='ltr' id='par_1_23' title="bbox 200 2399 1900 2471">
     <span class='ocr_line' id='line_1_23' title="bbox 200 2399 1900 2471; baseline 0.003 -19"><span class='ocrx_word' id='word_1_189' title='bbox 200 2399 395 2463; x_wconf 85' lang='grc' dir='ltr'>νόσου,</span> <span class='ocrx_word' id='word_1_190' title='bbox 430 2400 629 2463; x_wconf 83' lang='grc' dir='ltr'>παντὸς</span> <span class='ocrx_word' id='word_1_191' title='bbox 658 2399 838 2470; x_wconf 90' lang='grc' dir='ltr'>λιμοῦ,</span> <span class='ocrx_word' id='word_1_192' title='bbox 871 2401 1052 2471; x_wconf 82' lang='grc' dir='ltr'>πάσης</span> <span class='ocrx_word' id='word_1_193' title='bbox 1076 2400 1396 2470; x_wconf 79' lang='grc' dir='ltr'>ἀνωμαλίας</span> <span class='ocrx_word' id='word_1_194' title='bbox 1424 2402 1518 2454; x_wconf 83' lang='grc' dir='ltr'>καὶ</span> <span class='ocrx_word' id='word_1_195' title='bbox 1545 2399 1900 2471; x_wconf 78' lang='grc' dir='ltr'>δυσκρασίας·</span> 
     </span>
    </p>
   </div>
   <div class='ocr_carea' id='block_1_24' title="bbox 197 2476 1903 2559">
    <p class='ocr_par' dir='ltr' id='par_1_24' title="bbox 197 2476 1903 2559">
     <span class='ocr_line' id='line_1_24' title="bbox 197 2476 1903 2559; baseline 0 -19"><span class='ocrx_word' id='word_1_196' title='bbox 197 2487 387 2550; x_wconf 66' lang='grc' dir='ltr'>οὐδεὶς</span> <span class='ocrx_word' id='word_1_197' title='bbox 407 2487 576 2558; x_wconf 75' lang='grc' dir='ltr'>αὐτὴν</span> <span class='ocrx_word' id='word_1_198' title='bbox 599 2476 887 2558; x_wconf 81' lang='grc' dir='ltr'>δυνήσεται</span> <span class='ocrx_word' id='word_1_199' title='bbox 909 2487 1072 2543; x_wconf 70' lang='grc' dir='ltr'>ἐλεῖψ</span> <span class='ocrx_word' id='word_1_200' title='bbox 1097 2487 1236 2542; x_wconf 85' lang='grc' dir='ltr'>ἀλλά</span> <span class='ocrx_word' id='word_1_201' title='bbox 1259 2487 1510 2559; x_wconf 88' lang='grc' dir='ltr'>καθάπερ</span> <span class='ocrx_word' id='word_1_202' title='bbox 1536 2476 1903 2558; x_wconf 83' lang='grc' dir='ltr'>ἀδαμάντινον</span> 
     </span>
    </p>
   </div>
   <div class='ocr_carea' id='block_1_25' title="bbox 202 2573 1904 2646">
    <p class='ocr_par' dir='ltr' id='par_1_25' title="bbox 202 2573 1904 2646">
     <span class='ocr_line' id='line_1_25' title="bbox 202 2573 1904 2646; baseline 0.001 -20"><span class='ocrx_word' id='word_1_203' title='bbox 202 2574 377 2643; x_wconf 81' lang='grc' dir='ltr'>σῶμα</span> <span class='ocrx_word' id='word_1_204' title='bbox 409 2574 470 2627; x_wconf 85' lang='grc' dir='ltr'>οὐ</span> <span class='ocrx_word' id='word_1_205' title='bbox 512 2574 732 2646; x_wconf 89' lang='grc' dir='ltr'>σίδηρος</span> <span class='ocrx_word' id='word_1_206' title='bbox 769 2573 971 2645; x_wconf 82' lang='grc' dir='ltr'>πλῆξαι</span> <span class='ocrx_word' id='word_1_207' title='bbox 1002 2574 1244 2640; x_wconf 86' lang='grc' dir='ltr'>δύναται,</span> <span class='ocrx_word' id='word_1_208' title='bbox 1275 2575 1376 2628; x_wconf 83' lang='grc' dir='ltr'>οὐκ</span> <span class='ocrx_word' id='word_1_209' title='bbox 1403 2573 1532 2628; x_wconf 76' lang='grc' dir='ltr'>ἄλλο</span> <span class='ocrx_word' id='word_1_210' title='bbox 1560 2575 1729 2638; x_wconf 82' lang='grc' dir='ltr'>οὐδὲν,</span> <span class='ocrx_word' id='word_1_211' title='bbox 1759 2575 1904 2628; x_wconf 79' lang='grc' dir='ltr'>οὓτω</span> 
     </span>
    </p>
   </div>
   <div class='ocr_carea' id='block_1_26' title="bbox 200 2661 1904 2735">
    <p class='ocr_par' dir='ltr' id='par_1_26' title="bbox 200 2661 1904 2735">
     <span class='ocr_line' id='line_1_26' title="bbox 200 2661 1904 2735; baseline 0.001 -18"><span class='ocrx_word' id='word_1_212' title='bbox 200 2663 307 2717; x_wconf 78' lang='grc' dir='ltr'>καὶ</span> <span class='ocrx_word' id='word_1_213' title='bbox 341 2662 521 2733; x_wconf 74' lang='grc' dir='ltr'>ψυχὴν</span> <span class='ocrx_word' id='word_1_214' title='bbox 571 2662 682 2716; x_wconf 76' lang='grc' dir='ltr'>ἀπὸ</span> <span class='ocrx_word' id='word_1_215' title='bbox 713 2661 1086 2734; x_wconf 84' lang='grc' dir='ltr'>ἐλεημοσύνης</span> <span class='ocrx_word' id='word_1_216' title='bbox 1114 2665 1539 2735; x_wconf 83' lang='grc' dir='ltr'>συμπεπηγυῖαν</span> <span class='ocrx_word' id='word_1_217' title='bbox 1577 2663 1733 2718; x_wconf 78' lang='grc' dir='ltr'>οὐδὲν</span> <span class='ocrx_word' id='word_1_218' title='bbox 1764 2665 1904 2730; x_wconf 82' lang='grc' dir='ltr'>ὅλως</span> 
     </span>
    </p>
   </div>
   <div class='ocr_carea' id='block_1_27' title="bbox 198 2751 1903 2824">
    <p class='ocr_par' dir='ltr' id='par_1_27' title="bbox 198 2751 1903 2824">
     <span class='ocr_line' id='line_1_27' title="bbox 198 2751 1903 2824; baseline 0.001 -19"><span class='ocrx_word' id='word_1_219' title='bbox 198 2751 503 2821; x_wconf 84' lang='grc' dir='ltr'>δυνήσεται</span> <span class='ocrx_word' id='word_1_220' title='bbox 535 2751 695 2804; x_wconf 76' lang='grc' dir='ltr'>ἑλεῖν.</span> <span class='ocrx_word' id='word_1_221' title='bbox 735 2751 800 2802; x_wconf 88' lang='grc' dir='ltr'>Τί</span> <span class='ocrx_word' id='word_1_222' title='bbox 842 2751 972 2822; x_wconf 79' lang='grc' dir='ltr'>γὰρ,</span> <span class='ocrx_word' id='word_1_223' title='bbox 1001 2753 1124 2805; x_wconf 84' lang='grc' dir='ltr'>είπέ</span> <span class='ocrx_word' id='word_1_224' title='bbox 1185 2769 1299 2822; x_wconf 89' lang='grc' dir='ltr'>μοι,</span> <span class='ocrx_word' id='word_1_225' title='bbox 1338 2752 1542 2823; x_wconf 88' lang='grc' dir='ltr'>ταύτην</span> <span class='ocrx_word' id='word_1_226' title='bbox 1576 2752 1903 2824; x_wconf 87' lang='grc' dir='ltr'>χειρώσεταί</span> 
     </span>
    </p>
   </div>
   <div class='ocr_carea' id='block_1_28' title="bbox 200 2839 1904 2911">
    <p class='ocr_par' dir='ltr' id='par_1_28' title="bbox 200 2839 1904 2911">
     <span class='ocr_line' id='line_1_28' title="bbox 200 2839 1904 2911; baseline 0.001 -17"><span class='ocrx_word' id='word_1_227' title='bbox 200 2855 381 2904; x_wconf 85' lang='grc' dir='ltr'>ποτε;</span> <span class='ocrx_word' id='word_1_228' title='bbox 425 2839 620 2904; x_wconf 77' lang='grc' dir='ltr'>πενίας</span> <span class='ocrx_word' id='word_1_229' title='bbox 667 2840 780 2893; x_wconf 89' lang='grc' dir='ltr'>Οὐκ</span> <span class='ocrx_word' id='word_1_230' title='bbox 827 2839 993 2894; x_wconf 79' lang='grc' dir='ltr'>ἔστιν’</span> <span class='ocrx_word' id='word_1_231' title='bbox 1031 2841 1088 2894; x_wconf 88' lang='grc' dir='ltr'>ἐν</span> <span class='ocrx_word' id='word_1_232' title='bbox 1119 2840 1228 2911; x_wconf 73' lang='grc' dir='ltr'>γὰρ</span> <span class='ocrx_word' id='word_1_233' title='bbox 1265 2843 1378 2905; x_wconf 88' lang='grc' dir='ltr'>τοῖς</span> <span class='ocrx_word' id='word_1_234' title='bbox 1427 2841 1728 2911; x_wconf 84' lang='grc' dir='ltr'>βασιλικοῖς</span> <span class='ocrx_word' id='word_1_235' title='bbox 1762 2841 1904 2896; x_wconf 85' lang='grc' dir='ltr'>ἀπό-</span> 
     </span>
    </p>
   </div>
   <div class='ocr_carea' id='block_1_29' title="bbox 199 2928 1904 3004">
    <p class='ocr_par' dir='ltr' id='par_1_29' title="bbox 199 2928 1904 3004">
     <span class='ocr_line' id='line_1_29' title="bbox 199 2928 1904 3004; baseline 0.001 -22"><span class='ocrx_word' id='word_1_236' title='bbox 199 2943 394 2983; x_wconf 80' lang='grc' dir='ltr'>κειται</span> <span class='ocrx_word' id='word_1_237' title='bbox 441 2928 710 2998; x_wconf 88' lang='grc' dir='ltr'>ταμείοις.</span> <span class='ocrx_word' id='word_1_238' title='bbox 765 2928 926 2983; x_wconf 85' lang='grc' dir='ltr'>Ἀλλά</span> <span class='ocrx_word' id='word_1_239' title='bbox 956 2928 1160 3004; x_wconf 78' lang='grc' dir='ltr'>λῃστὴς</span> <span class='ocrx_word' id='word_1_240' title='bbox 1210 2931 1306 2982; x_wconf 71' lang='grc' dir='ltr'>καὶ</span> <span class='ocrx_word' id='word_1_241' title='bbox 1343 2930 1712 3002; x_wconf 84' lang='grc' dir='ltr'>τοιχωρύχος;</span> <span class='ocrx_word' id='word_1_242' title='bbox 1761 2930 1904 2984; x_wconf 77' lang='grc' dir='ltr'>Ἀλλ’</span> 
     </span>
    </p>
   </div>
   <div class='ocr_carea' id='block_1_30' title="bbox 199 3014 1904 3088">
    <p class='ocr_par' dir='ltr' id='par_1_30' title="bbox 199 3014 1904 3088">
     <span class='ocr_line' id='line_1_30' title="bbox 199 3014 1904 3088; baseline 0.001 -17"><span class='ocrx_word' id='word_1_243' title='bbox 199 3017 457 3080; x_wconf 76' lang='grc' dir='ltr'>ἐκείνους</span> <span class='ocrx_word' id='word_1_244' title='bbox 488 3015 662 3080; x_wconf 74' lang='grc' dir='ltr'>οὐδεὶς</span> <span class='ocrx_word' id='word_1_245' title='bbox 714 3015 956 3086; x_wconf 81' lang='grc' dir='ltr'>διορύξαι</span> <span class='ocrx_word' id='word_1_246' title='bbox 1011 3017 1138 3081; x_wconf 79' lang='grc' dir='ltr'>τοὺς</span> <span class='ocrx_word' id='word_1_247' title='bbox 1173 3017 1384 3088; x_wconf 83' lang='grc' dir='ltr'>τοίχους</span> <span class='ocrx_word' id='word_1_248' title='bbox 1432 3014 1543 3082; x_wconf 80' lang='grc' dir='ltr'>οἷός</span> <span class='ocrx_word' id='word_1_249' title='bbox 1597 3035 1679 3072; x_wconf 90' lang='grc' dir='ltr'>τε.</span> <span class='ocrx_word' id='word_1_250' title='bbox 1742 3019 1904 3073; x_wconf 83' lang='grc' dir='ltr'>Ἀλλά</span> 
     </span>
    </p>
   </div>
   <div class='ocr_carea' id='block_1_31' title="bbox 202 3102 1906 3178">
    <p class='ocr_par' dir='ltr' id='par_1_31' title="bbox 202 3102 1906 3178">
     <span class='ocr_line' id='line_1_31' title="bbox 202 3102 1906 3178; baseline 0.002 -21"><span class='ocrx_word' id='word_1_251' title='bbox 202 3103 463 3174; x_wconf 79' lang='grc' dir='ltr'>σκώληξ;</span> <span class='ocrx_word' id='word_1_252' title='bbox 501 3103 665 3158; x_wconf 79' lang='grc' dir='ltr'>Ἀλλά</span> <span class='ocrx_word' id='word_1_253' title='bbox 697 3104 791 3157; x_wconf 77' lang='grc' dir='ltr'>καὶ</span> <span class='ocrx_word' id='word_1_254' title='bbox 818 3104 1024 3176; x_wconf 81' lang='grc' dir='ltr'>ταύτης</span> <span class='ocrx_word' id='word_1_255' title='bbox 1045 3102 1318 3176; x_wconf 87' lang='grc' dir='ltr'>ἀνώτερος</span> <span class='ocrx_word' id='word_1_256' title='bbox 1355 3106 1455 3171; x_wconf 88' lang='grc' dir='ltr'>τῆς</span> <span class='ocrx_word' id='word_1_257' title='bbox 1487 3106 1668 3178; x_wconf 81' lang='grc' dir='ltr'>λύμης</span> <span class='ocrx_word' id='word_1_258' title='bbox 1696 3102 1850 3172; x_wconf 78' lang='grc' dir='ltr'>οὗτος</span> <span class='ocrx_word' id='word_1_259' title='bbox 1876 3109 1906 3161; x_wconf 98' lang='lat'>6</span> 
     </span>
    </p>
   </div>
   <div class='ocr_carea' id='block_1_32' title="bbox 203 3184 1903 3263">
    <p class='ocr_par' dir='ltr' id='par_1_32' title="bbox 203 3184 1903 3263">
     <span class='ocr_line' id='line_1_32' title="bbox 203 3184 1903 3263; baseline 0.003 -19"><span class='ocrx_word' id='word_1_260' title='bbox 203 3191 509 3263; x_wconf 82' lang='grc' dir='ltr'>θησαυρός.</span> <span class='ocrx_word' id='word_1_261' title='bbox 548 3191 707 3246; x_wconf 75' lang='grc' dir='ltr'>’Δλλά</span> <span class='ocrx_word' id='word_1_262' title='bbox 737 3190 1006 3262; x_wconf 81' lang='grc' dir='ltr'>βασκανία</span> <span class='ocrx_word' id='word_1_263' title='bbox 1036 3192 1131 3247; x_wconf 79' lang='grc' dir='ltr'>καὶ</span> <span class='ocrx_word' id='word_1_264' title='bbox 1162 3193 1387 3262; x_wconf 79' lang='grc' dir='ltr'>φθόνος;</span> <span class='ocrx_word' id='word_1_265' title='bbox 1436 3184 1594 3247; x_wconf 52' lang='grc' dir='ltr'>Ἀλλ(</span> <span class='ocrx_word' id='word_1_266' title='bbox 1615 3195 1736 3249; x_wconf 84' lang='grc' dir='ltr'>οὐδέ</span> <span class='ocrx_word' id='word_1_267' title='bbox 1778 3195 1903 3249; x_wconf 88' lang='grc' dir='ltr'>τού-</span> 
     </span>
    </p>
   </div>
   <div class='ocr_carea' id='block_1_33' title="bbox 204 3282 1904 3352">
    <p class='ocr_par' dir='ltr' id='par_1_33' title="bbox 204 3282 1904 3352">
     <span class='ocr_line' id='line_1_33' title="bbox 204 3282 1904 3352; baseline 0.002 -17"><span class='ocrx_word' id='word_1_268' title='bbox 204 3298 326 3345; x_wconf 89' lang='grc' dir='ltr'>τοις</span> <span class='ocrx_word' id='word_1_269' title='bbox 357 3283 666 3337; x_wconf 88' lang='grc' dir='ltr'>ἀλίσκεται.</span> <span class='ocrx_word' id='word_1_270' title='bbox 713 3282 876 3338; x_wconf 79' lang='grc' dir='ltr'>Ἀλλά</span> <span class='ocrx_word' id='word_1_271' title='bbox 903 3283 1261 3352; x_wconf 74' lang='grc' dir='ltr'>συκοφαντίαι</span> <span class='ocrx_word' id='word_1_272' title='bbox 1289 3283 1384 3336; x_wconf 76' lang='grc' dir='ltr'>καὶ</span> <span class='ocrx_word' id='word_1_273' title='bbox 1414 3283 1736 3351; x_wconf 85' lang='grc' dir='ltr'>ἐπιϐουλαί;</span> <span class='ocrx_word' id='word_1_274' title='bbox 1765 3285 1904 3339; x_wconf 81' lang='grc' dir='ltr'>Οὐδὲ</span> 
     </span>
    </p>
   </div>
   <div class='ocr_carea' id='block_1_34' title="bbox 203 3369 1904 3445">
    <p class='ocr_par' dir='ltr' id='par_1_34' title="bbox 203 3369 1904 3445">
     <span class='ocr_line' id='line_1_34' title="bbox 203 3369 1904 3445; baseline 0.003 -23"><span class='ocrx_word' id='word_1_275' title='bbox 203 3369 394 3422; x_wconf 89' lang='grc' dir='ltr'>τοῦτο·</span> <span class='ocrx_word' id='word_1_276' title='bbox 427 3369 625 3435; x_wconf 88' lang='grc' dir='ltr'>άσυλος</span> <span class='ocrx_word' id='word_1_277' title='bbox 657 3370 767 3443; x_wconf 82' lang='grc' dir='ltr'>γάρ</span> <span class='ocrx_word' id='word_1_278' title='bbox 796 3374 824 3425; x_wconf 90' lang='lat'>6</span> <span class='ocrx_word' id='word_1_279' title='bbox 852 3370 1143 3444; x_wconf 89' lang='grc' dir='ltr'>θησαυρός.</span> <span class='ocrx_word' id='word_1_280' title='bbox 1196 3371 1335 3426; x_wconf 82' lang='grc' dir='ltr'>Ἀλλ’</span> <span class='ocrx_word' id='word_1_281' title='bbox 1375 3372 1601 3445; x_wconf 74' lang='grc' dir='ltr'>αἰσχρὸν</span> <span class='ocrx_word' id='word_1_282' title='bbox 1630 3374 1680 3425; x_wconf 79' lang='grc' dir='ltr'>εί</span> <span class='ocrx_word' id='word_1_283' title='bbox 1729 3373 1904 3428; x_wconf 90' lang='grc' dir='ltr'>ταῦτα</span> 
     </span>
    </p>
   </div>
   <div class='ocr_carea' id='block_1_35' title="bbox 205 3456 1904 3532">
    <p class='ocr_par' dir='ltr' id='par_1_35' title="bbox 205 3456 1904 3532">
     <span class='ocr_line' id='line_1_35' title="bbox 205 3456 1904 3532; baseline 0.001 -21"><span class='ocrx_word' id='word_1_284' title='bbox 205 3456 467 3523; x_wconf 78' lang='grc' dir='ltr'>ἐπιδείξω</span> <span class='ocrx_word' id='word_1_285' title='bbox 529 3459 667 3529; x_wconf 83' lang='grc' dir='ltr'>μόνα</span> <span class='ocrx_word' id='word_1_286' title='bbox 705 3462 772 3531; x_wconf 78' lang='grc' dir='ltr'>τῇ</span> <span class='ocrx_word' id='word_1_287' title='bbox 830 3459 1170 3532; x_wconf 81' lang='grc' dir='ltr'>ἐλεημοσύνῃ</span> <span class='ocrx_word' id='word_1_288' title='bbox 1199 3460 1494 3530; x_wconf 83' lang='grc' dir='ltr'>προσόντα.</span> <span class='ocrx_word' id='word_1_289' title='bbox 1535 3460 1658 3530; x_wconf 78' lang='grc' dir='ltr'>οὐχὶ</span> <span class='ocrx_word' id='word_1_290' title='bbox 1704 3460 1761 3513; x_wconf 86' lang='grc' dir='ltr'>δὲ</span> <span class='ocrx_word' id='word_1_291' title='bbox 1809 3461 1904 3513; x_wconf 78' lang='grc' dir='ltr'>καὶ</span> 
     </span>
    </p>
   </div>
   <div class='ocr_carea' id='block_1_36' title="bbox 206 3545 1899 3620">
    <p class='ocr_par' dir='ltr' id='par_1_36' title="bbox 206 3545 1899 3620">
     <span class='ocr_line' id='line_1_36' title="bbox 206 3545 1899 3620; baseline 0.002 -22"><span class='ocrx_word' id='word_1_292' title='bbox 206 3545 496 3600; x_wconf 87' lang='grc' dir='ltr'>τάναντία.</span> <span class='ocrx_word' id='word_1_293' title='bbox 549 3546 624 3599; x_wconf 89' lang='grc' dir='ltr'>Οὐ</span> <span class='ocrx_word' id='word_1_294' title='bbox 681 3547 790 3618; x_wconf 84' lang='grc' dir='ltr'>γάρ</span> <span class='ocrx_word' id='word_1_295' title='bbox 838 3547 902 3618; x_wconf 79' lang='grc' dir='ltr'>δὴ</span> <span class='ocrx_word' id='word_1_296' title='bbox 958 3546 1258 3615; x_wconf 87' lang='grc' dir='ltr'>βασκανίας</span> <span class='ocrx_word' id='word_1_297' title='bbox 1316 3548 1661 3620; x_wconf 77' lang='grc' dir='ltr'>ἀπήλλακται</span> <span class='ocrx_word' id='word_1_298' title='bbox 1717 3548 1899 3620; x_wconf 82' lang='grc' dir='ltr'>μόνον,</span> 
     </span>
    </p>
   </div>
   <div class='ocr_carea' id='block_1_37' title="bbox 205 3633 1903 3706">
    <p class='ocr_par' dir='ltr' id='par_1_37' title="bbox 205 3633 1903 3706">
     <span class='ocr_line' id='line_1_37' title="bbox 205 3633 1903 3706; baseline 0.001 -18"><span class='ocrx_word' id='word_1_299' title='bbox 205 3633 349 3688; x_wconf 82' lang='grc' dir='ltr'>ἀλλά</span> <span class='ocrx_word' id='word_1_300' title='bbox 381 3635 477 3688; x_wconf 79' lang='grc' dir='ltr'>καὶ</span> <span class='ocrx_word' id='word_1_301' title='bbox 510 3634 760 3703; x_wconf 78' lang='grc' dir='ltr'>εὐλογίας</span> <span class='ocrx_word' id='word_1_302' title='bbox 784 3633 1048 3688; x_wconf 87' lang='grc' dir='ltr'>ἀπολαύει</span> <span class='ocrx_word' id='word_1_303' title='bbox 1075 3634 1280 3706; x_wconf 83' lang='grc' dir='ltr'>πολλῆς</span> <span class='ocrx_word' id='word_1_304' title='bbox 1312 3635 1406 3688; x_wconf 73' lang='grc' dir='ltr'>καὶ</span> <span class='ocrx_word' id='word_1_305' title='bbox 1455 3634 1607 3705; x_wconf 86' lang='grc' dir='ltr'>παρά</span> <span class='ocrx_word' id='word_1_306' title='bbox 1633 3635 1744 3687; x_wconf 89' lang='grc' dir='ltr'>τῶν</span> <span class='ocrx_word' id='word_1_307' title='bbox 1801 3636 1903 3690; x_wconf 83' lang='grc' dir='ltr'>οὐκ</span> 
     </span>
    </p>
   </div>
   <div class='ocr_carea' id='block_1_38' title="bbox 207 3716 1900 3795">
    <p class='ocr_par' dir='ltr' id='par_1_38' title="bbox 207 3716 1900 3795">
     <span class='ocr_line' id='line_1_38' title="bbox 207 3716 1900 3795; baseline 0 -19"><span class='ocrx_word' id='word_1_308' title='bbox 207 3716 270 3776; x_wconf 76' lang='grc' dir='ltr'>εῦ</span> <span class='ocrx_word' id='word_1_309' title='bbox 294 3721 700 3776; x_wconf 86' lang='grc' dir='ltr'>πεπονθόντων.</span> <span class='ocrx_word' id='word_1_310' title='bbox 755 3722 970 3795; x_wconf 83' lang='grc' dir='ltr'>Ὠσπερ</span> <span class='ocrx_word' id='word_1_311' title='bbox 998 3723 1109 3795; x_wconf 86' lang='grc' dir='ltr'>γάρ</span> <span class='ocrx_word' id='word_1_312' title='bbox 1155 3723 1206 3776; x_wconf 80' lang='grc' dir='ltr'>οἱ</span> <span class='ocrx_word' id='word_1_313' title='bbox 1234 3722 1377 3794; x_wconf 74' lang='grc' dir='ltr'>ὠμοὶ</span> <span class='ocrx_word' id='word_1_314' title='bbox 1425 3723 1522 3776; x_wconf 70' lang='grc' dir='ltr'>καὶ</span> <span class='ocrx_word' id='word_1_315' title='bbox 1570 3723 1797 3793; x_wconf 83' lang='grc' dir='ltr'>ἀπηνεῖς</span> <span class='ocrx_word' id='word_1_316' title='bbox 1838 3724 1900 3776; x_wconf 79' lang='grc' dir='ltr'>οὐ</span> 
     </span>
    </p>
   </div>
   <div class='ocr_carea' id='block_1_39' title="bbox 205 3809 1903 3883">
    <p class='ocr_par' dir='ltr' id='par_1_39' title="bbox 205 3809 1903 3883">
     <span class='ocr_line' id='line_1_39' title="bbox 205 3809 1903 3883; baseline -0.001 -20"><span class='ocrx_word' id='word_1_317' title='bbox 205 3809 341 3873; x_wconf 77' lang='grc' dir='ltr'>τοὺς</span> <span class='ocrx_word' id='word_1_318' title='bbox 369 3810 737 3881; x_wconf 71' lang='grc' dir='ltr'>ἠδικημένους</span> <span class='ocrx_word' id='word_1_319' title='bbox 765 3811 982 3881; x_wconf 87' lang='grc' dir='ltr'>ἐχουσιν</span> <span class='ocrx_word' id='word_1_320' title='bbox 1013 3811 1245 3883; x_wconf 76' lang='grc' dir='ltr'>ἐχθροὺς</span> <span class='ocrx_word' id='word_1_321' title='bbox 1278 3812 1463 3882; x_wconf 91' lang='grc' dir='ltr'>μόνον,</span> <span class='ocrx_word' id='word_1_322' title='bbox 1496 3809 1634 3864; x_wconf 85' lang='grc' dir='ltr'>ἀλλά</span> <span class='ocrx_word' id='word_1_323' title='bbox 1663 3811 1903 3874; x_wconf 74' lang='grc' dir='ltr'>καὶτοὺς</span> 
     </span>
    </p>
   </div>
   <div class='ocr_carea' id='block_1_40' title="bbox 207 3898 1898 3972">
    <p class='ocr_par' dir='ltr' id='par_1_40' title="bbox 207 3898 1898 3972">
     <span class='ocr_line' id='line_1_40' title="bbox 207 3898 1898 3972; baseline -0.001 -20"><span class='ocrx_word' id='word_1_324' title='bbox 207 3900 366 3952; x_wconf 81' lang='grc' dir='ltr'>οὐδὲν</span> <span class='ocrx_word' id='word_1_325' title='bbox 392 3899 669 3964; x_wconf 80' lang='grc' dir='ltr'>παθόντας</span> <span class='ocrx_word' id='word_1_326' title='bbox 689 3899 1092 3969; x_wconf 78' lang='grc' dir='ltr'>συναλγοῦντας</span> <span class='ocrx_word' id='word_1_327' title='bbox 1108 3900 1292 3964; x_wconf 88' lang='grc' dir='ltr'>αὐτοῖς</span> <span class='ocrx_word' id='word_1_328' title='bbox 1313 3901 1407 3953; x_wconf 76' lang='grc' dir='ltr'>καὶ</span> <span class='ocrx_word' id='word_1_329' title='bbox 1431 3898 1898 3972; x_wconf 59' lang='grc' dir='ltr'>κατηγοροῦντας</span> 
     </span>
    </p>
   </div>
   <div class='ocr_carea' id='block_1_41' title="bbox 207 3983 1902 4058">
    <p class='ocr_par' dir='ltr' id='par_1_41' title="bbox 207 3983 1902 4058">
     <span class='ocr_line' id='line_1_41' title="bbox 207 3983 1902 4058; baseline -0.001 -17"><span class='ocrx_word' id='word_1_330' title='bbox 207 3985 388 4050; x_wconf 73' lang='grc' dir='ltr'>οὕτως</span> <span class='ocrx_word' id='word_1_331' title='bbox 410 3988 460 4041; x_wconf 88' lang='grc' dir='ltr'>οί</span> <span class='ocrx_word' id='word_1_332' title='bbox 487 3987 700 4057; x_wconf 88' lang='grc' dir='ltr'>μεγάλα</span> <span class='ocrx_word' id='word_1_333' title='bbox 733 3987 1102 4058; x_wconf 80' lang='grc' dir='ltr'>ἐργασάμενοι</span> <span class='ocrx_word' id='word_1_334' title='bbox 1135 3985 1278 4040; x_wconf 89' lang='grc' dir='ltr'>καλά</span> <span class='ocrx_word' id='word_1_335' title='bbox 1304 3987 1426 4057; x_wconf 74' lang='grc' dir='ltr'>οὐχὶ</span> <span class='ocrx_word' id='word_1_336' title='bbox 1455 3989 1582 4051; x_wconf 81' lang='grc' dir='ltr'>τοὺς</span> <span class='ocrx_word' id='word_1_337' title='bbox 1612 3983 1670 4041; x_wconf 83' lang='grc' dir='ltr'>εὖ</span> <span class='ocrx_word' id='word_1_338' title='bbox 1697 4004 1902 4040; x_wconf 86' lang='grc' dir='ltr'>πεπον-</span> 
     </span>
    </p>
   </div>
   <div class='ocr_carea' id='block_1_42' title="bbox 209 4071 1902 4149">
    <p class='ocr_par' dir='ltr' id='par_1_42' title="bbox 209 4071 1902 4149">
     <span class='ocr_line' id='line_1_42' title="bbox 209 4071 1902 4149; baseline 0 -20"><span class='ocrx_word' id='word_1_339' title='bbox 209 4071 377 4139; x_wconf 77' lang='grc' dir='ltr'>θότας</span> <span class='ocrx_word' id='word_1_340' title='bbox 406 4075 588 4145; x_wconf 91' lang='grc' dir='ltr'>μόνον,</span> <span class='ocrx_word' id='word_1_341' title='bbox 618 4074 754 4129; x_wconf 82' lang='grc' dir='ltr'>ἀλλά</span> <span class='ocrx_word' id='word_1_342' title='bbox 798 4076 892 4128; x_wconf 72' lang='grc' dir='ltr'>καὶ</span> <span class='ocrx_word' id='word_1_343' title='bbox 926 4077 1052 4138; x_wconf 76' lang='grc' dir='ltr'>τοὺς</span> <span class='ocrx_word' id='word_1_344' title='bbox 1081 4073 1234 4129; x_wconf 76' lang='grc' dir='ltr'>οὐδὲν</span> <span class='ocrx_word' id='word_1_345' title='bbox 1272 4074 1545 4138; x_wconf 85' lang='grc' dir='ltr'>παθόντας</span> <span class='ocrx_word' id='word_1_346' title='bbox 1567 4074 1721 4149; x_wconf 73' lang='grc'>[205]</span> <span class='ocrx_word' id='word_1_347' title='bbox 1748 4075 1902 4146; x_wconf 78' lang='grc' dir='ltr'>ἔχου-</span> 
     </span>
    </p>
   </div>
   <div class='ocr_carea' id='block_1_43' title="bbox 211 4161 1905 4234">
    <p class='ocr_par' dir='ltr' id='par_1_43' title="bbox 211 4161 1905 4234">
     <span class='ocr_line' id='line_1_43' title="bbox 211 4161 1905 4234; baseline 0.001 -17"><span class='ocrx_word' id='word_1_348' title='bbox 211 4179 300 4217; x_wconf 85' lang='grc' dir='ltr'>σιν</span> <span class='ocrx_word' id='word_1_349' title='bbox 342 4163 654 4227; x_wconf 84' lang='grc' dir='ltr'>ἐπαινέτας.</span> <span class='ocrx_word' id='word_1_350' title='bbox 713 4164 777 4215; x_wconf 88' lang='grc' dir='ltr'>Τί</span> <span class='ocrx_word' id='word_1_351' title='bbox 821 4163 965 4231; x_wconf 88' lang='grc' dir='ltr'>λέγω</span> <span class='ocrx_word' id='word_1_352' title='bbox 1011 4161 1340 4232; x_wconf 82' lang='grc' dir='ltr'>βασκανίας;</span> <span class='ocrx_word' id='word_1_353' title='bbox 1370 4163 1483 4217; x_wconf 77' lang='grc' dir='ltr'>Καὶ</span> <span class='ocrx_word' id='word_1_354' title='bbox 1528 4163 1905 4234; x_wconf 64' lang='grc' dir='ltr'>ἐπιϐουλευόνς</span> 
     </span>
    </p>
   </div>
   <div class='ocr_carea' id='block_1_44' title="bbox 207 4250 1906 4324">
    <p class='ocr_par' dir='ltr' id='par_1_44' title="bbox 207 4250 1906 4324">
     <span class='ocr_line' id='line_1_44' title="bbox 207 4250 1906 4324; baseline 0.002 -20"><span class='ocrx_word' id='word_1_355' title='bbox 207 4267 324 4304; x_wconf 84' lang='grc' dir='ltr'>των</span> <span class='ocrx_word' id='word_1_356' title='bbox 343 4251 694 4316; x_wconf 82' lang='grc' dir='ltr'>ἀπήλλακται</span> <span class='ocrx_word' id='word_1_357' title='bbox 715 4251 742 4291; x_wconf 73' lang='grc' dir='ltr'>δ</span> <span class='ocrx_word' id='word_1_358' title='bbox 767 4251 862 4304; x_wconf 74' lang='grc' dir='ltr'>καὶ</span> <span class='ocrx_word' id='word_1_359' title='bbox 889 4250 1103 4324; x_wconf 76' lang='grc' dir='ltr'>λῃστῶν</span> <span class='ocrx_word' id='word_1_360' title='bbox 1121 4252 1216 4305; x_wconf 72' lang='grc' dir='ltr'>καὶ</span> <span class='ocrx_word' id='word_1_361' title='bbox 1248 4251 1617 4323; x_wconf 90' lang='grc' dir='ltr'>τοιχωρύχων.</span> <span class='ocrx_word' id='word_1_362' title='bbox 1643 4255 1718 4308; x_wconf 87' lang='grc' dir='ltr'>Οὐ</span> <span class='ocrx_word' id='word_1_363' title='bbox 1743 4253 1906 4307; x_wconf 92' lang='grc' dir='ltr'>τοῦτο</span> 
     </span>
    </p>
   </div>
   <div class='ocr_carea' id='block_1_45' title="bbox 209 4333 1904 4408">
    <p class='ocr_par' dir='ltr' id='par_1_45' title="bbox 209 4333 1904 4408">
     <span class='ocr_line' id='line_1_45' title="bbox 209 4333 1904 4408; baseline 0.002 -20"><span class='ocrx_word' id='word_1_364' title='bbox 209 4333 330 4405; x_wconf 66' lang='grc' dir='ltr'>ἔχει</span> <span class='ocrx_word' id='word_1_365' title='bbox 359 4335 518 4405; x_wconf 90' lang='grc' dir='ltr'>μόνον</span> <span class='ocrx_word' id='word_1_366' title='bbox 546 4335 608 4388; x_wconf 87' lang='lat'>16</span> <span class='ocrx_word' id='word_1_367' title='bbox 634 4333 820 4399; x_wconf 81' lang='grc' dir='ltr'>καλὸν,</span> <span class='ocrx_word' id='word_1_368' title='bbox 857 4334 973 4389; x_wconf 81' lang='grc' dir='ltr'>ἀλλ’</span> <span class='ocrx_word' id='word_1_369' title='bbox 1027 4337 1107 4389; x_wconf 76' lang='grc' dir='ltr'>ἐτι</span> <span class='ocrx_word' id='word_1_370' title='bbox 1147 4335 1285 4407; x_wconf 78' lang='grc' dir='ltr'>πρὸς</span> <span class='ocrx_word' id='word_1_371' title='bbox 1315 4336 1392 4406; x_wconf 80' lang='grc' dir='ltr'>τῷ</span> <span class='ocrx_word' id='word_1_372' title='bbox 1417 4336 1492 4408; x_wconf 84' lang='grc' dir='ltr'>μὴ</span> <span class='ocrx_word' id='word_1_373' title='bbox 1546 4336 1904 4391; x_wconf 87' lang='grc' dir='ltr'>ἐλαττοῦσθαι</span> 
     </span>
    </p>
   </div>
   <div class='ocr_carea' id='block_1_46' title="bbox 208 4421 1908 4494">
    <p class='ocr_par' dir='ltr' id='par_1_46' title="bbox 208 4421 1908 4494">
     <span class='ocr_line' id='line_1_46' title="bbox 208 4421 1908 4494; baseline 0.001 -16"><span class='ocrx_word' id='word_1_374' title='bbox 208 4423 310 4478; x_wconf 67' lang='grc' dir='ltr'>καλ⁵</span> <span class='ocrx_word' id='word_1_375' title='bbox 330 4421 554 4488; x_wconf 71' lang='grc' dir='ltr'>αὒξεται</span> <span class='ocrx_word' id='word_1_376' title='bbox 587 4424 684 4477; x_wconf 76' lang='grc' dir='ltr'>καὶ</span> <span class='ocrx_word' id='word_1_377' title='bbox 720 4423 801 4487; x_wconf 90' lang='grc' dir='ltr'>είς</span> <span class='ocrx_word' id='word_1_378' title='bbox 834 4422 1042 4494; x_wconf 84' lang='grc' dir='ltr'>πλῆθος</span> <span class='ocrx_word' id='word_1_379' title='bbox 1102 4424 1401 4480; x_wconf 89' lang='grc' dir='ltr'>ἐπιδίδωσι.</span> <span class='ocrx_word' id='word_1_380' title='bbox 1437 4423 1502 4477; x_wconf 90' lang='grc' dir='ltr'>Τί</span> <span class='ocrx_word' id='word_1_381' title='bbox 1539 4425 1635 4479; x_wconf 93' lang='grc' dir='ltr'>τοῦ</span> <span class='ocrx_word' id='word_1_382' title='bbox 1693 4425 1908 4484; x_wconf 74' lang='grc' dir='ltr'>Ναϐου-</span> 
     </span>
    </p>
   </div>
   <div class='ocr_carea' id='block_1_47' title="bbox 209 4507 1904 4585">
    <p class='ocr_par' dir='ltr' id='par_1_47' title="bbox 209 4507 1904 4585">
     <span class='ocr_line' id='line_1_47' title="bbox 209 4507 1904 4585; baseline 0.002 -20"><span class='ocrx_word' id='word_1_383' title='bbox 209 4507 500 4584; x_wconf 73' lang='grc' dir='ltr'>χοδονόσορ</span> <span class='ocrx_word' id='word_1_384' title='bbox 521 4510 746 4581; x_wconf 80' lang='grc' dir='ltr'>γέγονεν</span> <span class='ocrx_word' id='word_1_385' title='bbox 769 4512 1158 4585; x_wconf 77' lang='grc' dir='ltr'>αἱσχρότερον;</span> <span class='ocrx_word' id='word_1_386' title='bbox 1189 4511 1242 4565; x_wconf 90' lang='grc' dir='ltr'>τί</span> <span class='ocrx_word' id='word_1_387' title='bbox 1261 4512 1695 4584; x_wconf 72' lang='grc' dir='ltr'>δυσειδέστερονς</span> <span class='ocrx_word' id='word_1_388' title='bbox 1723 4514 1774 4567; x_wconf 89' lang='grc' dir='ltr'>τί</span> <span class='ocrx_word' id='word_1_389' title='bbox 1797 4531 1904 4567; x_wconf 83' lang='grc' dir='ltr'>πα-</span> 
     </span>
    </p>
   </div>
   <div class='ocr_carea' id='block_1_48' title="bbox 214 4595 1905 4673">
    <p class='ocr_par' dir='ltr' id='par_1_48' title="bbox 214 4595 1905 4673">
     <span class='ocr_line' id='line_1_48' title="bbox 214 4595 1905 4673; baseline 0.003 -21"><span class='ocrx_word' id='word_1_390' title='bbox 214 4598 598 4671; x_wconf 67' lang='grc' dir='ltr'>ρανομώτερον</span> <span class='ocrx_word' id='word_1_391' title='bbox 621 4616 636 4665; x_wconf 90' lang='grc'>;</span> <span class='ocrx_word' id='word_1_392' title='bbox 677 4597 907 4670; x_wconf 77' lang='grc' dir='ltr'>Ἀσεϐὴς</span> <span class='ocrx_word' id='word_1_393' title='bbox 932 4601 960 4652; x_wconf 88' lang='grc' dir='ltr'>ό</span> <span class='ocrx_word' id='word_1_394' title='bbox 985 4598 1272 4671; x_wconf 74' lang='grc' dir='ltr'>ἄνθρωπος</span> <span class='ocrx_word' id='word_1_395' title='bbox 1303 4595 1393 4670; x_wconf 80' lang='grc' dir='ltr'>ἦν,</span> <span class='ocrx_word' id='word_1_396' title='bbox 1433 4601 1602 4672; x_wconf 81' lang='grc' dir='ltr'>μυρία</span> <span class='ocrx_word' id='word_1_397' title='bbox 1628 4603 1905 4673; x_wconf 78' lang='grc' dir='ltr'>τεκμήρια</span> 
     </span>
    </p>
   </div>
   <div class='ocr_carea' id='block_1_49' title="bbox 210 4684 1905 4759">
    <p class='ocr_par' dir='ltr' id='par_1_49' title="bbox 210 4684 1905 4759">
     <span class='ocr_line' id='line_1_49' title="bbox 210 4684 1905 4759; baseline 0.002 -17"><span class='ocrx_word' id='word_1_398' title='bbox 210 4688 308 4742; x_wconf 76' lang='grc' dir='ltr'>καὶ</span> <span class='ocrx_word' id='word_1_399' title='bbox 344 4690 546 4758; x_wconf 73' lang='grc' dir='ltr'>σημεῖα</span> <span class='ocrx_word' id='word_1_400' title='bbox 595 4684 726 4747; x_wconf 84' lang='grc' dir='ltr'>εἶδε.</span> <span class='ocrx_word' id='word_1_401' title='bbox 766 4687 863 4740; x_wconf 75' lang='grc' dir='ltr'>καὶ</span> <span class='ocrx_word' id='word_1_402' title='bbox 899 4687 1000 4741; x_wconf 88' lang='grc' dir='ltr'>οὐκ</span> <span class='ocrx_word' id='word_1_403' title='bbox 1039 4686 1308 4758; x_wconf 73' lang='grc' dir='ltr'>ἠθέλησεν</span> <span class='ocrx_word' id='word_1_404' title='bbox 1371 4690 1709 4759; x_wconf 85' lang='grc' dir='ltr'>ἀνενεγκεῖν,</span> <span class='ocrx_word' id='word_1_405' title='bbox 1764 4691 1905 4745; x_wconf 86' lang='grc' dir='ltr'>ἀλλά</span> 
     </span>
    </p>
   </div>
   <div class='ocr_carea' id='block_1_50' title="bbox 209 4776 1904 4846">
    <p class='ocr_par' dir='ltr' id='par_1_50' title="bbox 209 4776 1904 4846">
     <span class='ocr_line' id='line_1_50' title="bbox 209 4776 1904 4846; baseline 0.001 -15"><span class='ocrx_word' id='word_1_406' title='bbox 209 4779 340 4842; x_wconf 73' lang='grc' dir='ltr'>τοὺς</span> <span class='ocrx_word' id='word_1_407' title='bbox 371 4777 464 4831; x_wconf 89' lang='grc' dir='ltr'>τοῦ</span> <span class='ocrx_word' id='word_1_408' title='bbox 500 4776 636 4831; x_wconf 87' lang='grc' dir='ltr'>Θεοῦ</span> <span class='ocrx_word' id='word_1_409' title='bbox 693 4776 914 4842; x_wconf 89' lang='grc' dir='ltr'>δούλους</span> <span class='ocrx_word' id='word_1_410' title='bbox 971 4779 1052 4841; x_wconf 79' lang='grc' dir='ltr'>εἰς</span> <span class='ocrx_word' id='word_1_411' title='bbox 1109 4776 1339 4846; x_wconf 84' lang='grc' dir='ltr'>κάμινον</span> <span class='ocrx_word' id='word_1_412' title='bbox 1373 4778 1648 4842; x_wconf 84' lang='grc' dir='ltr'>ἐνέϐαλεν,</span> <span class='ocrx_word' id='word_1_413' title='bbox 1713 4781 1761 4834; x_wconf 82' lang='grc' dir='ltr'>εί</span> <span class='ocrx_word' id='word_1_414' title='bbox 1810 4781 1904 4833; x_wconf 68' lang='grc' dir='ltr'>καὶ</span> 
     </span>
    </p>
   </div>
   <div class='ocr_carea' id='block_1_51' title="bbox 215 4865 1901 4943">
    <p class='ocr_par' dir='ltr' id='par_1_51' title="bbox 215 4865 1901 4943">
     <span class='ocr_line' id='line_1_51' title="bbox 215 4865 1901 4943; baseline 0.005 -21"><span class='ocrx_word' id='word_1_415' title='bbox 215 4869 360 4940; x_wconf 85' lang='grc' dir='ltr'>μετά</span> <span class='ocrx_word' id='word_1_416' title='bbox 381 4868 556 4924; x_wconf 89' lang='grc' dir='ltr'>ταῦτα</span> <span class='ocrx_word' id='word_1_417' title='bbox 579 4869 981 4942; x_wconf 82' lang='grc' dir='ltr'>προσεκύνησε.</span> <span class='ocrx_word' id='word_1_418' title='bbox 1004 4870 1069 4924; x_wconf 91' lang='grc' dir='ltr'>Τί</span> <span class='ocrx_word' id='word_1_419' title='bbox 1091 4865 1184 4925; x_wconf 85' lang='grc' dir='ltr'>οῦν</span> <span class='ocrx_word' id='word_1_420' title='bbox 1206 4872 1235 4924; x_wconf 89' lang='grc' dir='ltr'>ό</span> <span class='ocrx_word' id='word_1_421' title='bbox 1257 4872 1544 4943; x_wconf 80' lang='grc' dir='ltr'>προφήτης</span> <span class='ocrx_word' id='word_1_422' title='bbox 1566 4888 1579 4938; x_wconf 91' lang='lat'><strong>;</strong></span> <span class='ocrx_word' id='word_1_423' title='bbox 1613 4875 1901 4940; x_wconf 64' lang='grc' dir='ltr'>Βασιλεῖ),</span> 
     </span>
    </p>
   </div>
   <div class='ocr_carea' id='block_1_52' title="bbox 210 4956 1906 5030">
    <p class='ocr_par' dir='ltr' id='par_1_52' title="bbox 210 4956 1906 5030">
     <span class='ocr_line' id='line_1_52' title="bbox 210 4956 1906 5030; baseline 0.003 -19"><span class='ocrx_word' id='word_1_424' title='bbox 210 4959 252 5027; x_wconf 77' lang='grc' dir='ltr'><strong><em>ἠ</em></strong></span> <span class='ocrx_word' id='word_1_425' title='bbox 299 4956 508 5024; x_wconf 79' lang='grc' dir='ltr'>,βουλή</span> <span class='ocrx_word' id='word_1_426' title='bbox 551 4974 673 5028; x_wconf 82' lang='grc' dir='ltr'>μου</span> <span class='ocrx_word' id='word_1_427' title='bbox 701 4959 976 5028; x_wconf 78' lang='grc' dir='ltr'>ἁρεσὰτω</span> <span class='ocrx_word' id='word_1_428' title='bbox 1029 4973 1150 5014; x_wconf 86' lang='grc' dir='ltr'>σοι·</span> <span class='ocrx_word' id='word_1_429' title='bbox 1193 4960 1301 5027; x_wconf 83' lang='grc' dir='ltr'>τὰς</span> <span class='ocrx_word' id='word_1_430' title='bbox 1341 4961 1635 5030; x_wconf 79' lang='grc' dir='ltr'>ἁμαρτίας</span> <span class='ocrx_word' id='word_1_431' title='bbox 1678 4977 1796 5016; x_wconf 87' lang='grc' dir='ltr'>σου</span> <span class='ocrx_word' id='word_1_432' title='bbox 1835 4962 1906 5016; x_wconf 84' lang='grc' dir='ltr'>ἐν</span> 
     </span>
    </p>
   </div>
   <div class='ocr_carea' id='block_1_53' title="bbox 210 5047 1904 5119">
    <p class='ocr_par' dir='ltr' id='par_1_53' title="bbox 210 5047 1904 5119">
     <span class='ocr_line' id='line_1_53' title="bbox 210 5047 1904 5119; baseline 0.001 -16"><span class='ocrx_word' id='word_1_433' title='bbox 210 5047 662 5117; x_wconf 73' lang='grc' dir='ltr'>ἐλεημοσύναις</span> <span class='ocrx_word' id='word_1_434' title='bbox 689 5050 1026 5117; x_wconf 73' lang='grc' dir='ltr'>λύτρωσον,</span> <span class='ocrx_word' id='word_1_435' title='bbox 1059 5049 1160 5103; x_wconf 76' lang='grc' dir='ltr'>καί</span> <span class='ocrx_word' id='word_1_436' title='bbox 1219 5049 1325 5114; x_wconf 78' lang='grc' dir='ltr'>τὰς</span> <span class='ocrx_word' id='word_1_437' title='bbox 1379 5049 1635 5119; x_wconf 80' lang='grc' dir='ltr'>ἀνομίας</span> <span class='ocrx_word' id='word_1_438' title='bbox 1685 5064 1804 5104; x_wconf 86' lang='grc' dir='ltr'>σου</span> <span class='ocrx_word' id='word_1_439' title='bbox 1835 5050 1904 5104; x_wconf 81' lang='grc' dir='ltr'>ἐν</span> 
     </span>
    </p>
   </div>
   <div class='ocr_carea' id='block_1_54' title="bbox 212 5135 1905 5207">
    <p class='ocr_par' dir='ltr' id='par_1_54' title="bbox 212 5135 1905 5207">
     <span class='ocr_line' id='line_1_54' title="bbox 212 5135 1905 5207; baseline 0 -16"><span class='ocrx_word' id='word_1_440' title='bbox 212 5135 546 5206; x_wconf 79' lang='grc' dir='ltr'>οίκτιρμοῖς</span> <span class='ocrx_word' id='word_1_441' title='bbox 571 5135 866 5203; x_wconf 72' lang='grc' dir='ltr'>πενήτωνο</span> <span class='ocrx_word' id='word_1_442' title='bbox 901 5137 1049 5202; x_wconf 84' lang='grc' dir='ltr'>ίσως</span> <span class='ocrx_word' id='word_1_443' title='bbox 1081 5135 1255 5191; x_wconf 78' lang='grc' dir='ltr'>ἔσται</span> <span class='ocrx_word' id='word_1_444' title='bbox 1287 5137 1612 5207; x_wconf 71' lang='grc' dir='ltr'>συγγνώμη</span> <span class='ocrx_word' id='word_1_445' title='bbox 1647 5138 1772 5204; x_wconf 81' lang='grc' dir='ltr'>τοῖς</span> <span class='ocrx_word' id='word_1_446' title='bbox 1792 5154 1905 5191; x_wconf 83' lang='grc' dir='ltr'>πα-</span> 
     </span>
    </p>
   </div>
   <div class='ocr_carea' id='block_1_55' title="bbox 207 5220 1904 5296">
    <p class='ocr_par' dir='ltr' id='par_1_55' title="bbox 207 5220 1904 5296">
     <span class='ocr_line' id='line_1_55' title="bbox 207 5220 1904 5296; baseline 0.001 -17"><span class='ocrx_word' id='word_1_447' title='bbox 207 5225 571 5295; x_wconf 65' lang='grc' dir='ltr'>ραπτώμασί</span> <span class='ocrx_word' id='word_1_448' title='bbox 597 5239 734 5280; x_wconf 84' lang='grc' dir='ltr'>σου.</span> <span class='ocrx_word' id='word_1_449' title='bbox 765 5224 937 5279; x_wconf 88' lang='grc' dir='ltr'>Τοῦτο</span> <span class='ocrx_word' id='word_1_450' title='bbox 983 5224 1158 5289; x_wconf 78' lang='grc' dir='ltr'>οὕτως</span> <span class='ocrx_word' id='word_1_451' title='bbox 1191 5220 1368 5289; x_wconf 75' lang='grc' dir='ltr'>εἷπεν,</span> <span class='ocrx_word' id='word_1_452' title='bbox 1405 5225 1506 5279; x_wconf 87' lang='grc' dir='ltr'>οὐκ</span> <span class='ocrx_word' id='word_1_453' title='bbox 1539 5226 1904 5296; x_wconf 80' lang='grc' dir='ltr'>ἀμφιϐάλλων</span> 
     </span>
    </p>
   </div>
   <div class='ocr_carea' id='block_1_56' title="bbox 215 5309 1905 5386">
    <p class='ocr_par' dir='ltr' id='par_1_56' title="bbox 215 5309 1905 5386">
     <span class='ocr_line' id='line_1_56' title="bbox 215 5309 1905 5386; baseline -0.001 -17"><span class='ocrx_word' id='word_1_454' title='bbox 215 5315 452 5386; x_wconf 80' lang='grc' dir='ltr'>(σφόδρα</span> <span class='ocrx_word' id='word_1_455' title='bbox 481 5313 591 5386; x_wconf 78' lang='grc' dir='ltr'>γὰρ</span> <span class='ocrx_word' id='word_1_456' title='bbox 618 5309 688 5384; x_wconf 78' lang='grc' dir='ltr'>ἦν</span> <span class='ocrx_word' id='word_1_457' title='bbox 733 5313 1150 5384; x_wconf 77' lang='grc' dir='ltr'>πεπεισμένος),</span> <span class='ocrx_word' id='word_1_458' title='bbox 1181 5314 1318 5369; x_wconf 87' lang='grc' dir='ltr'>ἀλλά</span> <span class='ocrx_word' id='word_1_459' title='bbox 1371 5313 1698 5386; x_wconf 89' lang='grc' dir='ltr'>βουλόμενος</span> <span class='ocrx_word' id='word_1_460' title='bbox 1739 5315 1905 5369; x_wconf 82' lang='grc' dir='ltr'>αὐτὸν</span> 
     </span>
    </p>
   </div>
   <div class='ocr_carea' id='block_1_57' title="bbox 213 5402 1904 5474">
    <p class='ocr_par' dir='ltr' id='par_1_57' title="bbox 213 5402 1904 5474">
     <span class='ocr_line' id='line_1_57' title="bbox 213 5402 1904 5474; baseline 0 -16"><span class='ocrx_word' id='word_1_461' title='bbox 213 5406 298 5468; x_wconf 79' lang='grc' dir='ltr'>είς</span> <span class='ocrx_word' id='word_1_462' title='bbox 331 5403 554 5472; x_wconf 79' lang='grc' dir='ltr'>μείζονα</span> <span class='ocrx_word' id='word_1_463' title='bbox 587 5402 846 5474; x_wconf 73' lang='grc' dir='ltr'>ἐμϐαλεῖν</span> <span class='ocrx_word' id='word_1_464' title='bbox 885 5403 1073 5472; x_wconf 88' lang='grc' dir='ltr'>φόϐον,</span> <span class='ocrx_word' id='word_1_465' title='bbox 1108 5405 1204 5457; x_wconf 73' lang='grc' dir='ltr'>καὶ</span> <span class='ocrx_word' id='word_1_466' title='bbox 1253 5403 1479 5457; x_wconf 78' lang='grc' dir='ltr'>πλείονα</span> <span class='ocrx_word' id='word_1_467' title='bbox 1509 5403 1762 5474; x_wconf 87' lang='grc' dir='ltr'>ἀνάγκην</span> <span class='ocrx_word' id='word_1_468' title='bbox 1808 5403 1904 5458; x_wconf 93' lang='grc' dir='ltr'>τοῦ</span> 
     </span>
    </p>
   </div>
   <div class='ocr_carea' id='block_1_58' title="bbox 214 5487 1908 5562">
    <p class='ocr_par' dir='ltr' id='par_1_58' title="bbox 214 5487 1908 5562">
     <span class='ocr_line' id='line_1_58' title="bbox 214 5487 1908 5562; baseline -0.001 -17"><span class='ocrx_word' id='word_1_469' title='bbox 214 5490 396 5545; x_wconf 85' lang='grc' dir='ltr'>ταῦτα</span> <span class='ocrx_word' id='word_1_470' title='bbox 435 5490 679 5560; x_wconf 88' lang='grc' dir='ltr'>ποιῆσαι.</span> <span class='ocrx_word' id='word_1_471' title='bbox 709 5491 772 5543; x_wconf 64' lang='lat' dir='ltr'>Et</span> <span class='ocrx_word' id='word_1_472' title='bbox 807 5489 920 5562; x_wconf 85' lang='grc' dir='ltr'>γὰρ</span> <span class='ocrx_word' id='word_1_473' title='bbox 949 5487 1105 5544; x_wconf 78' lang='grc' dir='ltr'>εἶπεν</span> <span class='ocrx_word' id='word_1_474' title='bbox 1137 5489 1607 5561; x_wconf 82' lang='grc' dir='ltr'>ώμολογημὲνως,</span> <span class='ocrx_word' id='word_1_475' title='bbox 1637 5491 1908 5544; x_wconf 68' lang='grc' dir='ltr'>ὐπτιώτεο</span> 
     </span>
    </p>
   </div>
   <div class='ocr_carea' id='block_1_59' title="bbox 217 5578 1908 5654">
    <p class='ocr_par' dir='ltr' id='par_1_59' title="bbox 217 5578 1908 5654">
     <span class='ocr_line' id='line_1_59' title="bbox 217 5578 1908 5654; baseline 0.001 -20"><span class='ocrx_word' id='word_1_476' title='bbox 217 5597 315 5654; x_wconf 88' lang='grc' dir='ltr'>ρος</span> <span class='ocrx_word' id='word_1_477' title='bbox 339 5579 407 5634; x_wconf 84' lang='grc' dir='ltr'>ἂν</span> <span class='ocrx_word' id='word_1_478' title='bbox 433 5580 650 5649; x_wconf 75' lang='grc' dir='ltr'>ἐγένετο</span> <span class='ocrx_word' id='word_1_479' title='bbox 676 5581 905 5644; x_wconf 81' lang='grc' dir='ltr'>ἐκεῖνος.</span> <span class='ocrx_word' id='word_1_480' title='bbox 937 5578 1095 5635; x_wconf 88' lang='grc' dir='ltr'>Οῦτω</span> <span class='ocrx_word' id='word_1_481' title='bbox 1143 5580 1239 5634; x_wconf 72' lang='grc' dir='ltr'>καὶ</span> <span class='ocrx_word' id='word_1_482' title='bbox 1273 5581 1436 5650; x_wconf 71' lang='grc' dir='ltr'>ἡμεῖς</span> <span class='ocrx_word' id='word_1_483' title='bbox 1485 5578 1608 5632; x_wconf 90' lang='grc' dir='ltr'>τότε</span> <span class='ocrx_word' id='word_1_484' title='bbox 1666 5579 1908 5650; x_wconf 85' lang='grc' dir='ltr'>μάλιστα</span> 
     </span>
    </p>
   </div>
   <div class='ocr_carea' id='block_1_60' title="bbox 214 5665 1909 5739">
    <p class='ocr_par' dir='ltr' id='par_1_60' title="bbox 214 5665 1909 5739">
     <span class='ocr_line' id='line_1_60' title="bbox 214 5665 1909 5739; baseline -0.003 -15"><span class='ocrx_word' id='word_1_485' title='bbox 214 5667 466 5739; x_wconf 84' lang='grc' dir='ltr'>ὼθοῦμέν</span> <span class='ocrx_word' id='word_1_486' title='bbox 496 5684 668 5732; x_wconf 89' lang='grc' dir='ltr'>τινας,</span> <span class='ocrx_word' id='word_1_487' title='bbox 696 5668 827 5722; x_wconf 78' lang='grc' dir='ltr'>ὅταν</span> <span class='ocrx_word' id='word_1_488' title='bbox 857 5667 1129 5738; x_wconf 76' lang='grc' dir='ltr'>λέγωμενο</span> <span class='ocrx_word' id='word_1_489' title='bbox 1178 5666 1570 5737; x_wconf 83' lang='grc' dir='ltr'>Παρακάλεσον</span> <span class='ocrx_word' id='word_1_490' title='bbox 1597 5665 1689 5721; x_wconf 83' lang='grc' dir='ltr'>τὸν</span> <span class='ocrx_word' id='word_1_491' title='bbox 1733 5665 1909 5730; x_wconf 79' lang='grc' dir='ltr'>δεῖνα,</span> 
     </span>
    </p>
   </div>
   <div class='ocr_carea' id='block_1_61' title="bbox 215 5754 1909 5828">
    <p class='ocr_par' dir='ltr' id='par_1_61' title="bbox 215 5754 1909 5828">
     <span class='ocr_line' id='line_1_61' title="bbox 215 5754 1909 5828; baseline -0.002 -17"><span class='ocrx_word' id='word_1_492' title='bbox 215 5757 315 5811; x_wconf 70' lang='grc' dir='ltr'>καὶ</span> <span class='ocrx_word' id='word_1_493' title='bbox 354 5755 428 5828; x_wconf 77' lang='grc' dir='ltr'>μὴ</span> <span class='ocrx_word' id='word_1_494' title='bbox 461 5755 858 5826; x_wconf 75' lang='grc' dir='ltr'>ἐπαγάγωμεν,</span> <span class='ocrx_word' id='word_1_495' title='bbox 900 5757 982 5810; x_wconf 86' lang='grc' dir='ltr'>δτι</span> <span class='ocrx_word' id='word_1_496' title='bbox 1013 5755 1233 5818; x_wconf 90' lang='grc' dir='ltr'>πάντως</span> <span class='ocrx_word' id='word_1_497' title='bbox 1282 5754 1599 5820; x_wconf 88' lang='grc' dir='ltr'>ἀκούσεται,</span> <span class='ocrx_word' id='word_1_498' title='bbox 1630 5754 1771 5821; x_wconf 83' lang='grc' dir='ltr'>ἀλλ’,</span> <span class='ocrx_word' id='word_1_499' title='bbox 1825 5756 1909 5808; x_wconf 79' lang='grc' dir='ltr'>ὅτι</span> 
     </span>
    </p>
   </div>
   <div class='ocr_carea' id='block_1_62' title="bbox 215 5841 1908 5917">
    <p class='ocr_par' dir='ltr' id='par_1_62' title="bbox 215 5841 1908 5917">
     <span class='ocr_line' id='line_1_62' title="bbox 215 5841 1908 5917; baseline -0.003 -15"><span class='ocrx_word' id='word_1_500' title='bbox 215 5847 352 5910; x_wconf 80' lang='grc' dir='ltr'>ῖσως</span> <span class='ocrx_word' id='word_1_501' title='bbox 377 5843 692 5900; x_wconf 84' lang='grc' dir='ltr'>ἀκούσεται·</span> <span class='ocrx_word' id='word_1_502' title='bbox 719 5843 825 5900; x_wconf 80' lang='grc' dir='ltr'>ὑπὸ</span> <span class='ocrx_word' id='word_1_503' title='bbox 847 5843 957 5917; x_wconf 82' lang='grc' dir='ltr'>γάρ</span> <span class='ocrx_word' id='word_1_504' title='bbox 978 5844 1080 5916; x_wconf 87' lang='grc' dir='ltr'>τῆς</span> <span class='ocrx_word' id='word_1_505' title='bbox 1125 5842 1594 5914; x_wconf 81' lang='grc' dir='ltr'>ἀμφισϐητήσεως</span> <span class='ocrx_word' id='word_1_506' title='bbox 1642 5841 1848 5912; x_wconf 75' lang='grc' dir='ltr'>μείζων</span> <span class='ocrx_word' id='word_1_507' title='bbox 1879 5843 1908 5898; x_wconf 81' lang='lat'>6</span> 
     </span>
    </p>
   </div>
   <div class='ocr_carea' id='block_1_63' title="bbox 213 5931 1907 6006">
    <p class='ocr_par' dir='ltr' id='par_1_63' title="bbox 213 5931 1907 6006">
     <span class='ocr_line' id='line_1_63' title="bbox 213 5931 1907 6006; baseline -0.003 -17"><span class='ocrx_word' id='word_1_508' title='bbox 213 5935 380 6006; x_wconf 75' lang='grc' dir='ltr'>φόϐος</span> <span class='ocrx_word' id='word_1_509' title='bbox 431 5933 749 6006; x_wconf 85' lang='grc' dir='ltr'>γενόμενος,</span> <span class='ocrx_word' id='word_1_510' title='bbox 792 5933 994 6004; x_wconf 80' lang='grc' dir='ltr'>μᾶλλον</span> <span class='ocrx_word' id='word_1_511' title='bbox 1026 5932 1188 5988; x_wconf 79' lang='grc' dir='ltr'>αὐτὸν</span> <span class='ocrx_word' id='word_1_512' title='bbox 1236 5932 1385 5986; x_wconf 88' lang='grc' dir='ltr'>ώθεῖ.</span> <span class='ocrx_word' id='word_1_513' title='bbox 1415 5932 1513 5986; x_wconf 88' lang='grc' dir='ltr'>Διά</span> <span class='ocrx_word' id='word_1_514' title='bbox 1561 5931 1723 5986; x_wconf 91' lang='grc' dir='ltr'>τοῦτο</span> <span class='ocrx_word' id='word_1_515' title='bbox 1745 5931 1907 6002; x_wconf 86' lang='grc' dir='ltr'>δῆλον</span> 
     </span>
    </p>
   </div>
   <div class='ocr_carea' id='block_1_64' title="bbox 279 6080 1904 6146">
    <p class='ocr_par' dir='ltr' id='par_1_64' title="bbox 279 6080 1904 6146">
     <span class='ocr_line' id='line_1_64' title="bbox 279 6080 1904 6146; baseline 0 -15"><span class='ocrx_word' id='word_1_516' title='bbox 279 6084 307 6114; x_wconf 83' lang='grc'><strong><em>⁸</em></strong></span> <span class='ocrx_word' id='word_1_517' title='bbox 351 6081 558 6144; x_wconf 72' lang='lat' dir='ltr'><strong>Quidam</strong></span> <span class='ocrx_word' id='word_1_518' title='bbox 595 6082 846 6146; x_wconf 81' lang='grc' dir='ltr'>ἀφεδρῶνα</span> <span class='ocrx_word' id='word_1_519' title='bbox 881 6083 1163 6146; x_wconf 81' lang='grc' dir='ltr'>τελευτῆσαι</span> <span class='ocrx_word' id='word_1_520' title='bbox 1189 6081 1244 6130; x_wconf 86' lang='grc' dir='ltr'>τὸ</span> <span class='ocrx_word' id='word_1_521' title='bbox 1264 6082 1422 6130; x_wconf 85' lang='grc' dir='ltr'>πλέον.</span> <span class='ocrx_word' id='word_1_522' title='bbox 1491 6080 1519 6121; x_wconf 70' lang='grc' dir='ltr'>ὶι</span> <span class='ocrx_word' id='word_1_523' title='bbox 1540 6080 1684 6133; x_wconf 76' lang='lat' dir='ltr'><strong>Alius</strong></span> <span class='ocrx_word' id='word_1_524' title='bbox 1721 6081 1904 6146; x_wconf 75' lang='grc' dir='ltr'>ἐπαινέ-</span> 
     </span>
    </p>
   </div>
   <div class='ocr_carea' id='block_1_65' title="bbox 211 6145 1408 6205">
    <p class='ocr_par' dir='ltr' id='par_1_65' title="bbox 211 6145 1408 6205">
     <span class='ocr_line' id='line_1_65' title="bbox 211 6145 1408 6205; baseline -0.003 -9"><span class='ocrx_word' id='word_1_525' title='bbox 211 6163 313 6205; x_wconf 77' lang='grc' dir='ltr'>τας.</span> <span class='ocrx_word' id='word_1_526' title='bbox 347 6147 497 6195; x_wconf 86' lang='grc' dir='ltr'>ΙΙάλιν</span> <span class='ocrx_word' id='word_1_527' title='bbox 527 6147 626 6194; x_wconf 87' lang='grc' dir='ltr'>τῶν</span> <span class='ocrx_word' id='word_1_528' title='bbox 658 6145 1060 6193; x_wconf 79' lang='grc' dir='ltr'>ἐπιϐουλευόντων</span> <span class='ocrx_word' id='word_1_529' title='bbox 1088 6145 1408 6201; x_wconf 69' lang='grc' dir='ltr'>ἀπήλλακται.</span> 
     </span>
    </p>
   </div>
   <div class='ocr_carea' id='block_1_66' title="bbox 3593 440 3704 496">
    <p class='ocr_par' dir='ltr' id='par_1_66' title="bbox 3593 440 3704 496">
     <span class='ocr_line' id='line_1_66' title="bbox 3593 440 3704 496; baseline 0 -1"><span class='ocrx_word' id='word_1_530' title='bbox 3593 440 3704 496; x_wconf 75' lang='grc'>196</span> 
     </span>
    </p>
   </div>
   <div class='ocr_carea' id='block_1_67' title="bbox 2016 550 3710 624">
    <p class='ocr_par' dir='ltr' id='par_1_67' title="bbox 2016 550 3710 624">
     <span class='ocr_line' id='line_1_67' title="bbox 2016 550 3710 624; baseline 0.002 -20"><span class='ocrx_word' id='word_1_531' title='bbox 2016 553 2148 604; x_wconf 73' lang='grc' dir='ltr'>αὐτό</span> <span class='ocrx_word' id='word_1_532' title='bbox 2165 552 2266 604; x_wconf 84' lang='grc' dir='ltr'>οὐκ</span> <span class='ocrx_word' id='word_1_533' title='bbox 2286 553 2534 623; x_wconf 77' lang='grc' dir='ltr'>ἐποίησε.</span> <span class='ocrx_word' id='word_1_534' title='bbox 2557 552 2622 604; x_wconf 82' lang='grc' dir='ltr'>Τί</span> <span class='ocrx_word' id='word_1_535' title='bbox 2646 551 2825 620; x_wconf 73' lang='grc' dir='ltr'>λέγεις</span> <span class='ocrx_word' id='word_1_536' title='bbox 2850 569 2864 617; x_wconf 84' lang='grc'><strong>;</strong></span> <span class='ocrx_word' id='word_1_537' title='bbox 2890 552 3164 615; x_wconf 83' lang='grc' dir='ltr'>τοσούτοις</span> <span class='ocrx_word' id='word_1_538' title='bbox 3183 550 3530 624; x_wconf 71' lang='grc' dir='ltr'>ἀσεϐήμασιν</span> <span class='ocrx_word' id='word_1_539' title='bbox 3553 551 3710 608; x_wconf 77' lang='grc' dir='ltr'>ἔσται</span> 
     </span>
    </p>
   </div>
   <div class='ocr_carea' id='block_1_68' title="bbox 2019 641 2516 712">
    <p class='ocr_par' dir='ltr' id='par_1_68' title="bbox 2019 641 2516 712">
     <span class='ocr_line' id='line_1_68' title="bbox 2019 641 2516 712; baseline 0.008 -18"><span class='ocrx_word' id='word_1_540' title='bbox 2019 641 2321 712; x_wconf 84' lang='grc' dir='ltr'>συγγνώμη</span> <span class='ocrx_word' id='word_1_541' title='bbox 2347 659 2360 707; x_wconf 92' lang='grc'><strong>;</strong></span> <span class='ocrx_word' id='word_1_542' title='bbox 2390 641 2516 698; x_wconf 84' lang='grc' dir='ltr'>Ναί.</span> 
     </span>
    </p>
   </div>
   <div class='ocr_carea' id='block_1_69' title="bbox 2087 727 3712 803">
    <p class='ocr_par' dir='ltr' id='par_1_69' title="bbox 2087 727 3712 803">
     <span class='ocr_line' id='line_1_69' title="bbox 2087 727 3712 803; baseline 0.001 -20"><span class='ocrx_word' id='word_1_543' title='bbox 2087 731 2203 784; x_wconf 80' lang='grc' dir='ltr'>Οὐκ</span> <span class='ocrx_word' id='word_1_544' title='bbox 2229 730 2378 784; x_wconf 78' lang='grc' dir='ltr'>ἐστιν</span> <span class='ocrx_word' id='word_1_545' title='bbox 2404 730 2737 803; x_wconf 79' lang='grc' dir='ltr'>ἁμάρτημα,</span> <span class='ocrx_word' id='word_1_546' title='bbox 2762 731 2790 783; x_wconf 85' lang='grc' dir='ltr'><strong>ὃ</strong></span> <span class='ocrx_word' id='word_1_547' title='bbox 2815 728 2892 802; x_wconf 79' lang='grc' dir='ltr'>μὴ</span> <span class='ocrx_word' id='word_1_548' title='bbox 2917 727 3141 783; x_wconf 81' lang='grc' dir='ltr'>δύναται</span> <span class='ocrx_word' id='word_1_549' title='bbox 3162 728 3462 801; x_wconf 88' lang='grc' dir='ltr'>καθαρίσαι</span> <span class='ocrx_word' id='word_1_550' title='bbox 3484 729 3712 803; x_wconf 87' lang='grc' dir='ltr'>ἐλεημο-</span> 
     </span>
    </p>
   </div>
   <div class='ocr_carea' id='block_1_70' title="bbox 2016 816 3711 893">
    <p class='ocr_par' dir='ltr' id='par_1_70' title="bbox 2016 816 3711 893">
     <span class='ocr_line' id='line_1_70' title="bbox 2016 816 3711 893; baseline 0.002 -23"><span class='ocrx_word' id='word_1_551' title='bbox 2016 816 2172 888; x_wconf 85' lang='grc' dir='ltr'>σύνη,</span> <span class='ocrx_word' id='word_1_552' title='bbox 2225 819 2254 871; x_wconf 85' lang='lat'>6</span> <span class='ocrx_word' id='word_1_553' title='bbox 2315 818 2391 890; x_wconf 84' lang='grc' dir='ltr'>μὴ</span> <span class='ocrx_word' id='word_1_554' title='bbox 2430 817 2654 874; x_wconf 89' lang='grc' dir='ltr'>δύναται</span> <span class='ocrx_word' id='word_1_555' title='bbox 2688 819 2900 873; x_wconf 74' lang='grc' dir='ltr'>σϐέσαιο</span> <span class='ocrx_word' id='word_1_556' title='bbox 2936 819 3086 871; x_wconf 74' lang='grc' dir='ltr'>πᾶσα</span> <span class='ocrx_word' id='word_1_557' title='bbox 3133 817 3380 890; x_wconf 81' lang='grc' dir='ltr'>ἁμαρτία</span> <span class='ocrx_word' id='word_1_558' title='bbox 3419 820 3711 893; x_wconf 78' lang='grc' dir='ltr'>κατωτέρα</span> 
     </span>
    </p>
   </div>
   <div class='ocr_carea' id='block_1_71' title="bbox 2019 904 3711 980">
    <p class='ocr_par' dir='ltr' id='par_1_71' title="bbox 2019 904 3711 980">
     <span class='ocr_line' id='line_1_71' title="bbox 2019 904 3711 980; baseline 0.002 -22"><span class='ocrx_word' id='word_1_559' title='bbox 2019 904 2216 976; x_wconf 78' lang='grc' dir='ltr'>ταύτης</span> <span class='ocrx_word' id='word_1_560' title='bbox 2252 906 2475 978; x_wconf 75' lang='grc' dir='ltr'>ἕστηκε-,⁸</span> <span class='ocrx_word' id='word_1_561' title='bbox 2528 908 2821 980; x_wconf 88' lang='grc' dir='ltr'>φάρμακόν</span> <span class='ocrx_word' id='word_1_562' title='bbox 2853 907 2970 959; x_wconf 84' lang='grc' dir='ltr'>ἐστι</span> <span class='ocrx_word' id='word_1_563' title='bbox 3003 905 3142 978; x_wconf 82' lang='grc' dir='ltr'>πρὸς</span> <span class='ocrx_word' id='word_1_564' title='bbox 3176 908 3284 960; x_wconf 80' lang='grc' dir='ltr'>πᾶν</span> <span class='ocrx_word' id='word_1_565' title='bbox 3313 907 3537 979; x_wconf 87' lang='grc' dir='ltr'>τραῦμα</span> <span class='ocrx_word' id='word_1_566' title='bbox 3589 909 3711 962; x_wconf 81' lang='grc' dir='ltr'>ἐπι-</span> 
     </span>
    </p>
   </div>
   <div class='ocr_carea' id='block_1_72' title="bbox 2011 994 3711 1067">
    <p class='ocr_par' dir='ltr' id='par_1_72' title="bbox 2011 994 3711 1067">
     <span class='ocr_line' id='line_1_72' title="bbox 2011 994 3711 1067; baseline 0.002 -20"><span class='ocrx_word' id='word_1_567' title='bbox 2011 994 2244 1063; x_wconf 85' lang='grc' dir='ltr'>τήδειον.</span> <span class='ocrx_word' id='word_1_568' title='bbox 2283 995 2350 1049; x_wconf 87' lang='grc' dir='ltr'>Τί</span> <span class='ocrx_word' id='word_1_569' title='bbox 2380 995 2616 1051; x_wconf 71' lang='grc' dir='ltr'>τελώνου</span> <span class='ocrx_word' id='word_1_570' title='bbox 2650 998 2868 1067; x_wconf 86' lang='grc' dir='ltr'>χεῖρον;</span> <span class='ocrx_word' id='word_1_571' title='bbox 2917 995 3107 1066; x_wconf 83' lang='grc' dir='ltr'>Πάσης</span> <span class='ocrx_word' id='word_1_572' title='bbox 3138 995 3355 1060; x_wconf 82' lang='grc' dir='ltr'>ἀδικίας</span> <span class='ocrx_word' id='word_1_573' title='bbox 3383 997 3534 1051; x_wconf 76' lang='grc' dir='ltr'>ἐστὶν</span> <span class='ocrx_word' id='word_1_574' title='bbox 3584 997 3711 1052; x_wconf 80' lang='grc' dir='ltr'>ὑπό·</span> 
     </span>
    </p>
   </div>
   <div class='ocr_carea' id='block_1_73' title="bbox 2012 1081 3711 1158">
    <p class='ocr_par' dir='ltr' id='par_1_73' title="bbox 2012 1081 3711 1158">
     <span class='ocr_line' id='line_1_73' title="bbox 2012 1081 3711 1158; baseline 0.002 -23"><span class='ocrx_word' id='word_1_575' title='bbox 2012 1081 2183 1158; x_wconf 63' lang='grc' dir='ltr'>θεσις·</span> <span class='ocrx_word' id='word_1_576' title='bbox 2219 1083 2358 1137; x_wconf 85' lang='grc' dir='ltr'>ἀλλά</span> <span class='ocrx_word' id='word_1_577' title='bbox 2383 1083 2592 1155; x_wconf 88' lang='grc' dir='ltr'>ταύτην</span> <span class='ocrx_word' id='word_1_578' title='bbox 2618 1086 2799 1138; x_wconf 80' lang='grc' dir='ltr'>πᾶσαν</span> <span class='ocrx_word' id='word_1_579' title='bbox 2849 1083 3155 1154; x_wconf 74' lang='grc' dir='ltr'>ἀπενίψατο</span> <span class='ocrx_word' id='word_1_580' title='bbox 3185 1084 3213 1136; x_wconf 91' lang='lat'>6</span> <span class='ocrx_word' id='word_1_581' title='bbox 3246 1086 3537 1156; x_wconf 87' lang='grc' dir='ltr'>Ζακχαῖος.</span> <span class='ocrx_word' id='word_1_582' title='bbox 3566 1085 3711 1156; x_wconf 84' lang='grc' dir='ltr'>Ὅρα</span> 
     </span>
    </p>
   </div>
   <div class='ocr_carea' id='block_1_74' title="bbox 2011 1165 3709 1244">
    <p class='ocr_par' dir='ltr' id='par_1_74' title="bbox 2011 1165 3709 1244">
     <span class='ocr_line' id='line_1_74' title="bbox 2011 1165 3709 1244; baseline 0.001 -20"><span class='ocrx_word' id='word_1_583' title='bbox 2011 1170 2132 1235; x_wconf 90' lang='grc' dir='ltr'>πῶς</span> <span class='ocrx_word' id='word_1_584' title='bbox 2176 1172 2270 1226; x_wconf 74' lang='grc' dir='ltr'>καὶ</span> <span class='ocrx_word' id='word_1_585' title='bbox 2321 1173 2350 1225; x_wconf 91' lang='lat'>6</span> <span class='ocrx_word' id='word_1_586' title='bbox 2397 1171 2637 1244; x_wconf 78' lang='grc' dir='ltr'>Χριστὸς</span> <span class='ocrx_word' id='word_1_587' title='bbox 2693 1171 2853 1225; x_wconf 89' lang='grc' dir='ltr'>τοῦτο</span> <span class='ocrx_word' id='word_1_588' title='bbox 2884 1171 3146 1234; x_wconf 88' lang='grc' dir='ltr'>δείκνυσι,</span> <span class='ocrx_word' id='word_1_589' title='bbox 3183 1172 3252 1225; x_wconf 86' lang='grc' dir='ltr'>δι’</span> <span class='ocrx_word' id='word_1_590' title='bbox 3283 1165 3360 1227; x_wconf 82' lang='grc' dir='ltr'>ὧν</span> <span class='ocrx_word' id='word_1_591' title='bbox 3403 1171 3709 1226; x_wconf 76' lang='grc' dir='ltr'>ἐσπούδασε</span> 
     </span>
    </p>
   </div>
   <div class='ocr_carea' id='block_1_75' title="bbox 2011 1256 3710 1330">
    <p class='ocr_par' dir='ltr' id='par_1_75' title="bbox 2011 1256 3710 1330">
     <span class='ocr_line' id='line_1_75' title="bbox 2011 1256 3710 1330; baseline 0.002 -21"><span class='ocrx_word' id='word_1_592' title='bbox 2011 1257 2400 1330; x_wconf 87' lang='grc' dir='ltr'>γλωσσόκομον</span> <span class='ocrx_word' id='word_1_593' title='bbox 2428 1258 2594 1329; x_wconf 83' lang='grc' dir='ltr'>ἐχειν,</span> <span class='ocrx_word' id='word_1_594' title='bbox 2625 1257 2720 1311; x_wconf 78' lang='grc' dir='ltr'>καὶ</span> <span class='ocrx_word' id='word_1_595' title='bbox 2749 1257 2820 1311; x_wconf 90' lang='grc' dir='ltr'>τά</span> <span class='ocrx_word' id='word_1_596' title='bbox 2880 1256 3191 1328; x_wconf 87' lang='grc' dir='ltr'>βαλλόμενα</span> <span class='ocrx_word' id='word_1_597' title='bbox 3237 1258 3552 1329; x_wconf 80' lang='grc' dir='ltr'>βαστάζειν.</span> <span class='ocrx_word' id='word_1_598' title='bbox 3599 1259 3710 1312; x_wconf 75' lang='grc' dir='ltr'>Καὶ</span> 
     </span>
    </p>
   </div>
   <div class='ocr_carea' id='block_1_76' title="bbox 2012 1344 3710 1418">
    <p class='ocr_par' dir='ltr' id='par_1_76' title="bbox 2012 1344 3710 1418">
     <span class='ocr_line' id='line_1_76' title="bbox 2012 1344 3710 1418; baseline 0.002 -20"><span class='ocrx_word' id='word_1_599' title='bbox 2012 1344 2227 1409; x_wconf 82' lang='grc' dir='ltr'>Παῦλος</span> <span class='ocrx_word' id='word_1_600' title='bbox 2259 1346 2315 1399; x_wconf 85' lang='grc' dir='ltr'>δέ</span> <span class='ocrx_word' id='word_1_601' title='bbox 2344 1361 2498 1417; x_wconf 87' lang='grc' dir='ltr'>φησι·</span> <span class='ocrx_word' id='word_1_602' title='bbox 2528 1347 2738 1400; x_wconf 85' lang='grc' dir='ltr'>Μόνον</span> <span class='ocrx_word' id='word_1_603' title='bbox 2764 1344 2883 1399; x_wconf 83' lang='grc' dir='ltr'>τῶν</span> <span class='ocrx_word' id='word_1_604' title='bbox 2912 1345 3170 1415; x_wconf 78' lang='grc' dir='ltr'>πτωχῶν</span> <span class='ocrx_word' id='word_1_605' title='bbox 3198 1347 3301 1401; x_wconf 81' lang='grc' dir='ltr'>ἵνα</span> <span class='ocrx_word' id='word_1_606' title='bbox 3324 1349 3710 1418; x_wconf 79' lang='grc' dir='ltr'>μνημονεύωο</span> 
     </span>
    </p>
   </div>
   <div class='ocr_carea' id='block_1_77' title="bbox 2003 1433 3706 1508">
    <p class='ocr_par' dir='ltr' id='par_1_77' title="bbox 2003 1433 3706 1508">
     <span class='ocr_line' id='line_1_77' title="bbox 2003 1433 3706 1508; baseline 0.003 -22"><span class='ocrx_word' id='word_1_607' title='bbox 2003 1450 2141 1501; x_wconf 75' lang='grc' dir='ltr'>μενο</span> <span class='ocrx_word' id='word_1_608' title='bbox 2179 1435 2276 1487; x_wconf 74' lang='grc' dir='ltr'>καὶ</span> <span class='ocrx_word' id='word_1_609' title='bbox 2303 1433 2472 1498; x_wconf 86' lang='grc' dir='ltr'>πολὺς</span> <span class='ocrx_word' id='word_1_610' title='bbox 2509 1433 2788 1505; x_wconf 88' lang='grc' dir='ltr'>πανταχοῦ</span> <span class='ocrx_word' id='word_1_611' title='bbox 2819 1433 2926 1488; x_wconf 90' lang='grc' dir='ltr'>τῶν</span> <span class='ocrx_word' id='word_1_612' title='bbox 2949 1433 3185 1506; x_wconf 84' lang='grc' dir='ltr'>Γραφῶν</span> <span class='ocrx_word' id='word_1_613' title='bbox 3221 1434 3364 1507; x_wconf 80' lang='grc' dir='ltr'>ὑπὲρ</span> <span class='ocrx_word' id='word_1_614' title='bbox 3413 1435 3508 1490; x_wconf 90' lang='grc' dir='ltr'>τοῦ</span> <span class='ocrx_word' id='word_1_615' title='bbox 3559 1436 3706 1508; x_wconf 82' lang='grc' dir='ltr'>πρά-</span> 
     </span>
    </p>
   </div>
   <div class='ocr_carea' id='block_1_78' title="bbox 2009 1521 3708 1596">
    <p class='ocr_par' dir='ltr' id='par_1_78' title="bbox 2009 1521 3708 1596">
     <span class='ocr_line' id='line_1_78' title="bbox 2009 1521 3708 1596; baseline 0.003 -23"><span class='ocrx_word' id='word_1_616' title='bbox 2009 1535 2223 1591; x_wconf 88' lang='grc' dir='ltr'>γματος</span> <span class='ocrx_word' id='word_1_617' title='bbox 2259 1521 2450 1575; x_wconf 86' lang='grc' dir='ltr'>τούτου</span> <span class='ocrx_word' id='word_1_618' title='bbox 2477 1525 2505 1575; x_wconf 91' lang='grc' dir='ltr'>ό</span> <span class='ocrx_word' id='word_1_619' title='bbox 2528 1522 2705 1588; x_wconf 88' lang='grc' dir='ltr'>λόγος.</span> <span class='ocrx_word' id='word_1_620' title='bbox 2744 1523 2980 1591; x_wconf 75' lang='grc' dir='ltr'>Λύτρον</span> <span class='ocrx_word' id='word_1_621' title='bbox 3009 1521 3221 1594; x_wconf 71' lang='grc' dir='ltr'>’ψυχῆς</span> <span class='ocrx_word' id='word_1_622' title='bbox 3246 1523 3487 1591; x_wconf 77' lang='grc' dir='ltr'>ἀνδρὸς,</span> <span class='ocrx_word' id='word_1_623' title='bbox 3518 1527 3708 1596; x_wconf 74' lang='grc' dir='ltr'>φησὶν,</span> 
     </span>
    </p>
   </div>
   <div class='ocr_carea' id='block_1_79' title="bbox 2007 1610 3711 1683">
    <p class='ocr_par' dir='ltr' id='par_1_79' title="bbox 2007 1610 3711 1683">
     <span class='ocr_line' id='line_1_79' title="bbox 2007 1610 3711 1683; baseline 0.003 -20"><span class='ocrx_word' id='word_1_624' title='bbox 2007 1614 2042 1672; x_wconf 71' lang='grc' dir='ltr'>,ό</span> <span class='ocrx_word' id='word_1_625' title='bbox 2066 1610 2221 1677; x_wconf 80' lang='grc' dir='ltr'>ἴδιος</span> <span class='ocrx_word' id='word_1_626' title='bbox 2250 1610 2538 1678; x_wconf 55' lang='grc' dir='ltr'>πλοῦτος</span> <span class='ocrx_word' id='word_1_627' title='bbox 2567 1614 2662 1665; x_wconf 75' lang='grc' dir='ltr'>καὶ</span> <span class='ocrx_word' id='word_1_628' title='bbox 2687 1614 2714 1665; x_wconf 91' lang='lat'>6</span> <span class='ocrx_word' id='word_1_629' title='bbox 2742 1611 3002 1683; x_wconf 76' lang='lat' dir='ltr'>Xp:&lt;r16;°</span> <span class='ocrx_word' id='word_1_630' title='bbox 3022 1614 3092 1666; x_wconf 84' lang='grc' dir='ltr'>Εί</span> <span class='ocrx_word' id='word_1_631' title='bbox 3139 1611 3340 1678; x_wconf 74' lang='grc' dir='ltr'>θέλεις</span> <span class='ocrx_word' id='word_1_632' title='bbox 3379 1613 3611 1681; x_wconf 81' lang='grc' dir='ltr'>τέλειος</span> <span class='ocrx_word' id='word_1_633' title='bbox 3629 1610 3711 1668; x_wconf 76' lang='grc' dir='ltr'>εἴ·</span> 
     </span>
    </p>
   </div>
   <div class='ocr_carea' id='block_1_80' title="bbox 2007 1698 3706 1772">
    <p class='ocr_par' dir='ltr' id='par_1_80' title="bbox 2007 1698 3706 1772">
     <span class='ocr_line' id='line_1_80' title="bbox 2007 1698 3706 1772; baseline 0.002 -21"><span class='ocrx_word' id='word_1_634' title='bbox 2007 1715 2128 1761; x_wconf 76' lang='grc' dir='ltr'>ναι,</span> <span class='ocrx_word' id='word_1_635' title='bbox 2156 1698 2452 1769; x_wconf 80' lang='grc' dir='ltr'>πώλησόν</span> <span class='ocrx_word' id='word_1_636' title='bbox 2481 1717 2601 1755; x_wconf 87' lang='grc' dir='ltr'>σου</span> <span class='ocrx_word' id='word_1_637' title='bbox 2631 1718 2705 1756; x_wconf 83' lang='grc' dir='ltr'>τα</span> <span class='ocrx_word' id='word_1_638' title='bbox 2736 1700 3115 1769; x_wconf 84' lang='grc' dir='ltr'>ὑπάρχοντα,</span> <span class='ocrx_word' id='word_1_639' title='bbox 3147 1700 3250 1754; x_wconf 77' lang='grc' dir='ltr'>καὶ</span> <span class='ocrx_word' id='word_1_640' title='bbox 3279 1701 3388 1767; x_wconf 81' lang='grc' dir='ltr'>δός</span> <span class='ocrx_word' id='word_1_641' title='bbox 3422 1701 3706 1772; x_wconf 78' lang='grc' dir='ltr'>πτωχοῖς,</span> 
     </span>
    </p>
   </div>
   <div class='ocr_carea' id='block_1_81' title="bbox 2009 1785 3707 1861">
    <p class='ocr_par' dir='ltr' id='par_1_81' title="bbox 2009 1785 3707 1861">
     <span class='ocr_line' id='line_1_81' title="bbox 2009 1785 3707 1861; baseline 0.004 -22"><span class='ocrx_word' id='word_1_642' title='bbox 2009 1785 2106 1840; x_wconf 79' lang='grc' dir='ltr'>καί</span> <span class='ocrx_word' id='word_1_643' title='bbox 2130 1785 2331 1856; x_wconf 82' lang='grc' dir='ltr'>δεῦρο,</span> <span class='ocrx_word' id='word_1_644' title='bbox 2358 1788 2681 1843; x_wconf 81' lang='grc' dir='ltr'>ἀκολούθει</span> <span class='ocrx_word' id='word_1_645' title='bbox 2706 1805 2829 1859; x_wconf 85' lang='grc' dir='ltr'>μοι.</span> <span class='ocrx_word' id='word_1_646' title='bbox 2866 1788 3040 1842; x_wconf 87' lang='grc' dir='ltr'>Τοῦτο</span> <span class='ocrx_word' id='word_1_647' title='bbox 3074 1789 3358 1861; x_wconf 86' lang='grc' dir='ltr'>τελειότης</span> <span class='ocrx_word' id='word_1_648' title='bbox 3387 1791 3618 1854; x_wconf 74' lang='grc' dir='ltr'>εἰκότως</span> <span class='ocrx_word' id='word_1_649' title='bbox 3656 1801 3707 1846; x_wconf 75' lang='grc' dir='ltr'>ο.</span> 
     </span>
    </p>
   </div>
   <div class='ocr_carea' id='block_1_82' title="bbox 2021 1870 3709 1945">
    <p class='ocr_par' dir='ltr' id='par_1_82' title="bbox 2021 1870 3709 1945">
     <span class='ocr_line' id='line_1_82' title="bbox 2021 1870 3709 1945; baseline 0.004 -22"><span class='ocrx_word' id='word_1_650' title='bbox 2021 1870 2395 1944; x_wconf 85' lang='grc' dir='ltr'>Ἐλεημοσύνη</span> <span class='ocrx_word' id='word_1_651' title='bbox 2428 1872 2485 1926; x_wconf 83' lang='grc' dir='ltr'>δὲ</span> <span class='ocrx_word' id='word_1_652' title='bbox 2519 1872 2622 1927; x_wconf 85' lang='grc' dir='ltr'>οὐκ</span> <span class='ocrx_word' id='word_1_653' title='bbox 2644 1874 2704 1927; x_wconf 87' lang='grc' dir='ltr'>ἐν</span> <span class='ocrx_word' id='word_1_654' title='bbox 2733 1874 2982 1945; x_wconf 83' lang='grc' dir='ltr'>χρήμασι</span> <span class='ocrx_word' id='word_1_655' title='bbox 3000 1874 3214 1941; x_wconf 85' lang='grc' dir='ltr'>γίνεται</span> <span class='ocrx_word' id='word_1_656' title='bbox 3240 1874 3420 1945; x_wconf 76' lang='grc' dir='ltr'>μόνον,</span> <span class='ocrx_word' id='word_1_657' title='bbox 3447 1874 3586 1929; x_wconf 84' lang='grc' dir='ltr'>ἀλλά</span> <span class='ocrx_word' id='word_1_658' title='bbox 3611 1876 3709 1930; x_wconf 80' lang='grc' dir='ltr'>καὶ</span> 
     </span>
    </p>
   </div>
   <div class='ocr_carea' id='block_1_83' title="bbox 2006 1957 3708 2035">
    <p class='ocr_par' dir='ltr' id='par_1_83' title="bbox 2006 1957 3708 2035">
     <span class='ocr_line' id='line_1_83' title="bbox 2006 1957 3708 2035; baseline 0.004 -23"><span class='ocrx_word' id='word_1_659' title='bbox 2006 1960 2065 2012; x_wconf 87' lang='grc' dir='ltr'>ἐν</span> <span class='ocrx_word' id='word_1_660' title='bbox 2095 1960 2439 2031; x_wconf 86' lang='grc' dir='ltr'>πράγμασιν.</span> <span class='ocrx_word' id='word_1_661' title='bbox 2473 1957 2602 2014; x_wconf 78' lang='grc' dir='ltr'>Οἴόν</span> <span class='ocrx_word' id='word_1_662' title='bbox 2632 1979 2683 2014; x_wconf 88' lang='grc' dir='ltr'>τι</span> <span class='ocrx_word' id='word_1_663' title='bbox 2707 1960 2874 2030; x_wconf 84' lang='grc' dir='ltr'>λέγω·</span> <span class='ocrx_word' id='word_1_664' title='bbox 2909 1959 3067 2015; x_wconf 87' lang='grc' dir='ltr'>Ἐστι</span> <span class='ocrx_word' id='word_1_665' title='bbox 3096 1962 3193 2015; x_wconf 73' lang='grc' dir='ltr'>καὶ</span> <span class='ocrx_word' id='word_1_666' title='bbox 3232 1963 3556 2035; x_wconf 82' lang='grc' dir='ltr'>προστῆναι,</span> <span class='ocrx_word' id='word_1_667' title='bbox 3590 1963 3708 2018; x_wconf 82' lang='grc' dir='ltr'>ἐστι</span> 
     </span>
    </p>
   </div>
   <div class='ocr_carea' id='block_1_84' title="bbox 2007 2040 3710 2123">
    <p class='ocr_par' dir='ltr' id='par_1_84' title="bbox 2007 2040 3710 2123">
     <span class='ocr_line' id='line_1_84' title="bbox 2007 2040 3710 2123; baseline 0.005 -23"><span class='ocrx_word' id='word_1_668' title='bbox 2007 2040 2110 2101; x_wconf 70' lang='grc' dir='ltr'>καῖ’</span> <span class='ocrx_word' id='word_1_669' title='bbox 2121 2048 2281 2119; x_wconf 76' lang='grc' dir='ltr'>χεῖρα</span> <span class='ocrx_word' id='word_1_670' title='bbox 2308 2047 2518 2119; x_wconf 75' lang='grc' dir='ltr'>ὀρέξαιο</span> <span class='ocrx_word' id='word_1_671' title='bbox 2554 2048 2819 2114; x_wconf 85' lang='grc' dir='ltr'>πολλάκις</span> <span class='ocrx_word' id='word_1_672' title='bbox 2839 2048 2937 2104; x_wconf 76' lang='grc' dir='ltr'>καὶ</span> <span class='ocrx_word' id='word_1_673' title='bbox 2956 2050 3261 2123; x_wconf 86' lang='grc' dir='ltr'>χρημάτων</span> <span class='ocrx_word' id='word_1_674' title='bbox 3286 2049 3552 2122; x_wconf 81' lang='grc' dir='ltr'>μειζόνως</span> <span class='ocrx_word' id='word_1_675' title='bbox 3576 2052 3710 2108; x_wconf 82' lang='grc' dir='ltr'>ἐσω-</span> 
     </span>
    </p>
   </div>
   <div class='ocr_carea' id='block_1_85' title="bbox 2007 2134 3018 2209">
    <p class='ocr_par' dir='ltr' id='par_1_85' title="bbox 2007 2134 3018 2209">
     <span class='ocr_line' id='line_1_85' title="bbox 2007 2134 3018 2209; baseline 0.005 -22"><span class='ocrx_word' id='word_1_676' title='bbox 2007 2151 2100 2188; x_wconf 88' lang='grc' dir='ltr'>σεν</span> <span class='ocrx_word' id='word_1_677' title='bbox 2134 2135 2166 2206; x_wconf 81' lang='grc' dir='ltr'>ἡ</span> <span class='ocrx_word' id='word_1_678' title='bbox 2191 2134 2279 2188; x_wconf 82' lang='grc' dir='ltr'>διὰ</span> <span class='ocrx_word' id='word_1_679' title='bbox 2305 2135 2656 2207; x_wconf 89' lang='grc' dir='ltr'>πραγμάτων</span> <span class='ocrx_word' id='word_1_680' title='bbox 2682 2137 3018 2209; x_wconf 88' lang='grc' dir='ltr'>προστασία.</span> 
     </span>
    </p>
   </div>
   <div class='ocr_carea' id='block_1_86' title="bbox 2079 2220 3708 2299">
    <p class='ocr_par' dir='ltr' id='par_1_86' title="bbox 2079 2220 3708 2299">
     <span class='ocr_line' id='line_1_86' title="bbox 2079 2220 3708 2299; baseline 0.002 -20"><span class='ocrx_word' id='word_1_681' title='bbox 2079 2223 2142 2279; x_wconf 90' lang='lat'>6&#39;.</span> <span class='ocrx_word' id='word_1_682' title='bbox 2171 2223 2383 2278; x_wconf 86' lang='grc' dir='ltr'>Οὐκοῦν</span> <span class='ocrx_word' id='word_1_683' title='bbox 2401 2225 2539 2298; x_wconf 84' lang='grc' dir='ltr'>φέρε</span> <span class='ocrx_word' id='word_1_684' title='bbox 2563 2225 2742 2280; x_wconf 89' lang='grc' dir='ltr'>πάντα</span> <span class='ocrx_word' id='word_1_685' title='bbox 2770 2226 3088 2298; x_wconf 81' lang='grc' dir='ltr'>κινήσωμεν</span> <span class='ocrx_word' id='word_1_686' title='bbox 3110 2226 3204 2281; x_wconf 83' lang='grc' dir='ltr'>ἐπὶ</span> <span class='ocrx_word' id='word_1_687' title='bbox 3225 2225 3322 2281; x_wconf 93' lang='grc' dir='ltr'>τοῦ</span> <span class='ocrx_word' id='word_1_688' title='bbox 3351 2220 3621 2299; x_wconf 84' lang='grc' dir='ltr'>παρόντος</span> <span class='ocrx_word' id='word_1_689' title='bbox 3637 2231 3708 2284; x_wconf 81' lang='grc' dir='ltr'>τά</span> 
     </span>
    </p>
   </div>
   <div class='ocr_carea' id='block_1_87' title="bbox 2004 2311 3706 2388">
    <p class='ocr_par' dir='ltr' id='par_1_87' title="bbox 2004 2311 3706 2388">
     <span class='ocr_line' id='line_1_87' title="bbox 2004 2311 3706 2388; baseline 0.004 -23"><span class='ocrx_word' id='word_1_690' title='bbox 2004 2312 2104 2383; x_wconf 88' lang='grc' dir='ltr'>τῆς</span> <span class='ocrx_word' id='word_1_691' title='bbox 2165 2311 2540 2386; x_wconf 85' lang='grc' dir='ltr'>ἐλεημοσύνης</span> <span class='ocrx_word' id='word_1_692' title='bbox 2587 2314 2726 2386; x_wconf 80' lang='grc' dir='ltr'>εῖδη.</span> <span class='ocrx_word' id='word_1_693' title='bbox 2785 2314 3027 2368; x_wconf 80' lang='grc' dir='ltr'>Δύνασαι</span> <span class='ocrx_word' id='word_1_694' title='bbox 3084 2313 3176 2368; x_wconf 83' lang='grc' dir='ltr'>διὰ</span> <span class='ocrx_word' id='word_1_695' title='bbox 3223 2315 3569 2386; x_wconf 76' lang='grc' dir='ltr'>χρημάτωνς</span> <span class='ocrx_word' id='word_1_696' title='bbox 3611 2316 3706 2388; x_wconf 81' lang='grc' dir='ltr'>Μὴ</span> 
     </span>
    </p>
   </div>
   <div class='ocr_carea' id='block_1_88' title="bbox 2003 2400 3708 2478">
    <p class='ocr_par' dir='ltr' id='par_1_88' title="bbox 2003 2400 3708 2478">
     <span class='ocr_line' id='line_1_88' title="bbox 2003 2400 3708 2478; baseline 0.001 -24"><span class='ocrx_word' id='word_1_697' title='bbox 2003 2401 2172 2456; x_wconf 81' lang='grc' dir='ltr'>δκνει.</span> <span class='ocrx_word' id='word_1_698' title='bbox 2201 2400 2441 2454; x_wconf 87' lang='grc' dir='ltr'>Δύνασαι</span> <span class='ocrx_word' id='word_1_699' title='bbox 2461 2400 2550 2455; x_wconf 86' lang='grc' dir='ltr'>διὰ</span> <span class='ocrx_word' id='word_1_700' title='bbox 2589 2402 2966 2474; x_wconf 86' lang='grc' dir='ltr'>προστασίας;</span> <span class='ocrx_word' id='word_1_701' title='bbox 3015 2402 3109 2473; x_wconf 80' lang='grc' dir='ltr'>Μὴ</span> <span class='ocrx_word' id='word_1_702' title='bbox 3139 2403 3324 2476; x_wconf 82' lang='grc' dir='ltr'>εῖπῃς,</span> <span class='ocrx_word' id='word_1_703' title='bbox 3348 2402 3540 2474; x_wconf 83' lang='grc' dir='ltr'>ἐπειδὴ</span> <span class='ocrx_word' id='word_1_704' title='bbox 3570 2406 3708 2478; x_wconf 79' lang='grc' dir='ltr'>χρή-</span> 
     </span>
    </p>
   </div>
   <div class='ocr_carea' id='block_1_89' title="bbox 2009 2487 3708 2564">
    <p class='ocr_par' dir='ltr' id='par_1_89' title="bbox 2009 2487 3708 2564">
     <span class='ocr_line' id='line_1_89' title="bbox 2009 2487 3708 2564; baseline 0.002 -22"><span class='ocrx_word' id='word_1_705' title='bbox 2009 2505 2155 2558; x_wconf 88' lang='grc' dir='ltr'>ματα</span> <span class='ocrx_word' id='word_1_706' title='bbox 2179 2488 2280 2542; x_wconf 87' lang='grc' dir='ltr'>οὐκ</span> <span class='ocrx_word' id='word_1_707' title='bbox 2309 2487 2451 2555; x_wconf 78' lang='grc' dir='ltr'>ἐστι,</span> <span class='ocrx_word' id='word_1_708' title='bbox 2485 2489 2646 2544; x_wconf 90' lang='grc' dir='ltr'>τοῦτο</span> <span class='ocrx_word' id='word_1_709' title='bbox 2677 2490 2832 2544; x_wconf 81' lang='grc' dir='ltr'>οὐδέν</span> <span class='ocrx_word' id='word_1_710' title='bbox 2855 2492 2993 2546; x_wconf 84' lang='grc' dir='ltr'>ἐστι.</span> <span class='ocrx_word' id='word_1_711' title='bbox 3027 2490 3246 2563; x_wconf 85' lang='grc' dir='ltr'>Σφόδρα</span> <span class='ocrx_word' id='word_1_712' title='bbox 3273 2491 3368 2545; x_wconf 77' lang='grc' dir='ltr'>καὶ</span> <span class='ocrx_word' id='word_1_713' title='bbox 3416 2491 3579 2546; x_wconf 86' lang='grc' dir='ltr'>τοῦτο</span> <span class='ocrx_word' id='word_1_714' title='bbox 3617 2492 3708 2564; x_wconf 84' lang='grc' dir='ltr'>μέ-</span> 
     </span>
    </p>
   </div>
   <div class='ocr_carea' id='block_1_90' title="bbox 2005 2575 3705 2650">
    <p class='ocr_par' dir='ltr' id='par_1_90' title="bbox 2005 2575 3705 2650">
     <span class='ocr_line' id='line_1_90' title="bbox 2005 2575 3705 2650; baseline 0.003 -20"><span class='ocrx_word' id='word_1_715' title='bbox 2005 2591 2099 2645; x_wconf 86' lang='grc' dir='ltr'>γα·</span> <span class='ocrx_word' id='word_1_716' title='bbox 2138 2575 2328 2650; x_wconf 82' lang='grc' dir='ltr'>ὥσπερ</span> <span class='ocrx_word' id='word_1_717' title='bbox 2376 2578 2600 2648; x_wconf 86' lang='grc' dir='ltr'>χρυσίον</span> <span class='ocrx_word' id='word_1_718' title='bbox 2648 2577 2919 2644; x_wconf 80' lang='grc' dir='ltr'>δεδωκὼς,</span> <span class='ocrx_word' id='word_1_719' title='bbox 2967 2577 3113 2633; x_wconf 74' lang='grc' dir='ltr'>οὕτω</span> <span class='ocrx_word' id='word_1_720' title='bbox 3165 2579 3429 2634; x_wconf 89' lang='grc' dir='ltr'>διάκεισο.</span> <span class='ocrx_word' id='word_1_721' title='bbox 3465 2580 3705 2636; x_wconf 89' lang='grc' dir='ltr'>Δύνασαι</span> 
     </span>
    </p>
   </div>
   <div class='ocr_carea' id='block_1_91' title="bbox 2003 2662 3707 2742">
    <p class='ocr_par' dir='ltr' id='par_1_91' title="bbox 2003 2662 3707 2742">
     <span class='ocr_line' id='line_1_91' title="bbox 2003 2662 3707 2742; baseline 0.002 -23"><span class='ocrx_word' id='word_1_722' title='bbox 2003 2664 2094 2719; x_wconf 78' lang='grc' dir='ltr'>διὰ</span> <span class='ocrx_word' id='word_1_723' title='bbox 2117 2663 2450 2737; x_wconf 87' lang='grc' dir='ltr'>θεραπείας;</span> <span class='ocrx_word' id='word_1_724' title='bbox 2487 2667 2599 2721; x_wconf 77' lang='grc' dir='ltr'>Καὶ</span> <span class='ocrx_word' id='word_1_725' title='bbox 2624 2666 2785 2721; x_wconf 90' lang='grc' dir='ltr'>τοῦτο</span> <span class='ocrx_word' id='word_1_726' title='bbox 2809 2667 3060 2738; x_wconf 90' lang='grc' dir='ltr'>ποίησον.</span> <span class='ocrx_word' id='word_1_727' title='bbox 3097 2662 3248 2734; x_wconf 73' lang='grc' dir='ltr'>Οἷον,</span> <span class='ocrx_word' id='word_1_728' title='bbox 3308 2668 3493 2741; x_wconf 82' lang='grc' dir='ltr'>ίατρδς</span> <span class='ocrx_word' id='word_1_729' title='bbox 3531 2664 3584 2722; x_wconf 80' lang='grc' dir='ltr'>εἶ</span> <span class='ocrx_word' id='word_1_730' title='bbox 3606 2669 3707 2742; x_wconf 79' lang='grc' dir='ltr'>τὴν</span> 
     </span>
    </p>
   </div>
   <div class='ocr_carea' id='block_1_92' title="bbox 2007 2755 3708 2828">
    <p class='ocr_par' dir='ltr' id='par_1_92' title="bbox 2007 2755 3708 2828">
     <span class='ocr_line' id='line_1_92' title="bbox 2007 2755 3708 2828; baseline 0.003 -22"><span class='ocrx_word' id='word_1_731' title='bbox 2007 2755 2368 2826; x_wconf 85' lang='grc' dir='ltr'>ἐπιστήμην;</span> <span class='ocrx_word' id='word_1_732' title='bbox 2443 2755 2838 2827; x_wconf 78' lang='grc' dir='ltr'>Ἐπιμελήθητι</span> <span class='ocrx_word' id='word_1_733' title='bbox 2881 2755 3337 2828; x_wconf 70' lang='grc' dir='ltr'>ἀρρωστούντων·</span> <span class='ocrx_word' id='word_1_734' title='bbox 3395 2756 3492 2810; x_wconf 68' lang='grc' dir='ltr'>καὶ</span> <span class='ocrx_word' id='word_1_735' title='bbox 3545 2755 3708 2811; x_wconf 82' lang='grc' dir='ltr'>τοῦτο</span> 
     </span>
    </p>
   </div>
   <div class='ocr_carea' id='block_1_93' title="bbox 2010 2843 3707 2919">
    <p class='ocr_par' dir='ltr' id='par_1_93' title="bbox 2010 2843 3707 2919">
     <span class='ocr_line' id='line_1_93' title="bbox 2010 2843 3707 2919; baseline 0.001 -21"><span class='ocrx_word' id='word_1_736' title='bbox 2010 2845 2175 2916; x_wconf 89' lang='grc' dir='ltr'>μέγα.</span> <span class='ocrx_word' id='word_1_737' title='bbox 2224 2843 2463 2898; x_wconf 84' lang='grc' dir='ltr'>Δύνασαι</span> <span class='ocrx_word' id='word_1_738' title='bbox 2510 2844 2600 2898; x_wconf 87' lang='grc' dir='ltr'>διά</span> <span class='ocrx_word' id='word_1_739' title='bbox 2636 2845 2986 2919; x_wconf 82' lang='grc' dir='ltr'>συμϐουλῆς;</span> <span class='ocrx_word' id='word_1_740' title='bbox 3043 2843 3232 2916; x_wconf 85' lang='grc' dir='ltr'>Πολλῷ</span> <span class='ocrx_word' id='word_1_741' title='bbox 3278 2844 3438 2900; x_wconf 84' lang='grc' dir='ltr'>τοῦτο</span> <span class='ocrx_word' id='word_1_742' title='bbox 3484 2846 3707 2900; x_wconf 70' lang='grc' dir='ltr'>πάντων</span> 
     </span>
    </p>
   </div>
   <div class='ocr_carea' id='block_1_94' title="bbox 2011 2934 3709 3007">
    <p class='ocr_par' dir='ltr' id='par_1_94' title="bbox 2011 2934 3709 3007">
     <span class='ocr_line' id='line_1_94' title="bbox 2011 2934 3709 3007; baseline 0.002 -21"><span class='ocrx_word' id='word_1_743' title='bbox 2011 2937 2218 3005; x_wconf 74' lang='grc' dir='ltr'>μεῖζον·</span> <span class='ocrx_word' id='word_1_744' title='bbox 2248 2934 2388 3004; x_wconf 78' lang='grc' dir='ltr'>αὕτη</span> <span class='ocrx_word' id='word_1_745' title='bbox 2420 2934 2649 3006; x_wconf 84' lang='grc' dir='ltr'>βελτίων</span> <span class='ocrx_word' id='word_1_746' title='bbox 2681 2935 2922 2999; x_wconf 86' lang='grc' dir='ltr'>πάντων,</span> <span class='ocrx_word' id='word_1_747' title='bbox 2961 2935 2994 3007; x_wconf 84' lang='grc' dir='ltr'>ἢ</span> <span class='ocrx_word' id='word_1_748' title='bbox 3029 2935 3124 2989; x_wconf 73' lang='grc' dir='ltr'>καλ⁸</span> <span class='ocrx_word' id='word_1_749' title='bbox 3170 2934 3394 3000; x_wconf 86' lang='grc' dir='ltr'>πλείων,</span> <span class='ocrx_word' id='word_1_750' title='bbox 3453 2935 3565 3006; x_wconf 81' lang='grc' dir='ltr'>ὅσῳ</span> <span class='ocrx_word' id='word_1_751' title='bbox 3612 2937 3709 2990; x_wconf 77' lang='grc' dir='ltr'>καὶ</span> 
     </span>
    </p>
   </div>
   <div class='ocr_carea' id='block_1_95' title="bbox 2009 3022 3707 3096">
    <p class='ocr_par' dir='ltr' id='par_1_95' title="bbox 2009 3022 3707 3096">
     <span class='ocr_line' id='line_1_95' title="bbox 2009 3022 3707 3096; baseline 0.002 -21"><span class='ocrx_word' id='word_1_752' title='bbox 2009 3023 2198 3092; x_wconf 74' lang='grc' dir='ltr'>μεῖζον</span> <span class='ocrx_word' id='word_1_753' title='bbox 2225 3022 2340 3093; x_wconf 79' lang='grc' dir='ltr'>ἔχει</span> <span class='ocrx_word' id='word_1_754' title='bbox 2371 3023 2430 3077; x_wconf 86' lang='lat'>16</span> <span class='ocrx_word' id='word_1_755' title='bbox 2461 3022 2674 3096; x_wconf 73' lang='grc' dir='ltr'>κέρδοςο</span> <span class='ocrx_word' id='word_1_756' title='bbox 2711 3022 2772 3076; x_wconf 85' lang='grc' dir='ltr'>οὐ</span> <span class='ocrx_word' id='word_1_757' title='bbox 2811 3023 2920 3095; x_wconf 85' lang='grc' dir='ltr'>γὰρ</span> <span class='ocrx_word' id='word_1_758' title='bbox 2966 3022 3129 3094; x_wconf 78' lang='grc' dir='ltr'>λιμὸν</span> <span class='ocrx_word' id='word_1_759' title='bbox 3163 3022 3333 3090; x_wconf 86' lang='grc' dir='ltr'>λύεις,</span> <span class='ocrx_word' id='word_1_760' title='bbox 3370 3022 3508 3077; x_wconf 77' lang='grc' dir='ltr'>ἀλλὰ</span> <span class='ocrx_word' id='word_1_761' title='bbox 3538 3023 3707 3078; x_wconf 87' lang='grc' dir='ltr'>θάνα-</span> 
     </span>
    </p>
   </div>
   <div class='ocr_carea' id='block_1_96' title="bbox 2006 3112 3710 3185">
    <p class='ocr_par' dir='ltr' id='par_1_96' title="bbox 2006 3112 3710 3185">
     <span class='ocr_line' id='line_1_96' title="bbox 2006 3112 3710 3185; baseline 0.002 -21"><span class='ocrx_word' id='word_1_762' title='bbox 2006 3130 2099 3168; x_wconf 87' lang='grc' dir='ltr'>τον</span> <span class='ocrx_word' id='word_1_763' title='bbox 2134 3114 2393 3184; x_wconf 82' lang='grc' dir='ltr'>χαλεπόν.</span> <span class='ocrx_word' id='word_1_764' title='bbox 2430 3114 2706 3185; x_wconf 73' lang='grc' dir='ltr'>Τοιαύτης</span> <span class='ocrx_word' id='word_1_765' title='bbox 2737 3113 2833 3169; x_wconf 69' lang='grc' dir='ltr'>καὶ</span> <span class='ocrx_word' id='word_1_766' title='bbox 2858 3114 2905 3166; x_wconf 84' lang='grc' dir='ltr'>οἱ</span> <span class='ocrx_word' id='word_1_767' title='bbox 2936 3112 3230 3167; x_wconf 89' lang='grc' dir='ltr'>ἀπόστολοι</span> <span class='ocrx_word' id='word_1_768' title='bbox 3260 3115 3326 3167; x_wconf 85' lang='grc' dir='ltr'>ἐκ</span> <span class='ocrx_word' id='word_1_769' title='bbox 3381 3113 3710 3185; x_wconf 88' lang='grc' dir='ltr'>περιουσίας</span> 
     </span>
    </p>
   </div>
   <div class='ocr_carea' id='block_1_97' title="bbox 2005 3196 3711 3274">
    <p class='ocr_par' dir='ltr' id='par_1_97' title="bbox 2005 3196 3711 3274">
     <span class='ocr_line' id='line_1_97' title="bbox 2005 3196 3711 3274; baseline 0.002 -20"><span class='ocrx_word' id='word_1_770' title='bbox 2005 3196 2148 3272; x_wconf 80' lang='grc' dir='ltr'>ἦσαν</span> <span class='ocrx_word' id='word_1_771' title='bbox 2173 3201 2649 3273; x_wconf 71' lang='grc' dir='ltr'>ἐμπεπλησμένον</span> <span class='ocrx_word' id='word_1_772' title='bbox 2687 3201 2777 3255; x_wconf 86' lang='grc' dir='ltr'>διὰ</span> <span class='ocrx_word' id='word_1_773' title='bbox 2821 3199 2982 3254; x_wconf 89' lang='grc' dir='ltr'>τοῦτο</span> <span class='ocrx_word' id='word_1_774' title='bbox 3004 3201 3104 3273; x_wconf 82' lang='grc' dir='ltr'>τὴν</span> <span class='ocrx_word' id='word_1_775' title='bbox 3124 3201 3233 3255; x_wconf 88' lang='grc' dir='ltr'>τῶν</span> <span class='ocrx_word' id='word_1_776' title='bbox 3271 3220 3377 3273; x_wconf 85' lang='grc' dir='ltr'>χρη</span> <span class='ocrx_word' id='word_1_777' title='bbox 3388 3203 3573 3274; x_wconf 87' lang='grc' dir='ltr'>μάτων</span> <span class='ocrx_word' id='word_1_778' title='bbox 3593 3203 3711 3258; x_wconf 85' lang='grc' dir='ltr'>δια-</span> 
     </span>
    </p>
   </div>
   <div class='ocr_carea' id='block_1_98' title="bbox 2007 3288 3709 3360">
    <p class='ocr_par' dir='ltr' id='par_1_98' title="bbox 2007 3288 3709 3360">
     <span class='ocr_line' id='line_1_98' title="bbox 2007 3288 3709 3360; baseline 0.001 -18"><span class='ocrx_word' id='word_1_779' title='bbox 2007 3289 2179 3360; x_wconf 79' lang='grc' dir='ltr'>νομὴν</span> <span class='ocrx_word' id='word_1_780' title='bbox 2207 3293 2318 3351; x_wconf 85' lang='grc' dir='ltr'>τοῖς</span> <span class='ocrx_word' id='word_1_781' title='bbox 2355 3292 2473 3358; x_wconf 81' lang='grc' dir='ltr'>μετ’</span> <span class='ocrx_word' id='word_1_782' title='bbox 2509 3291 2710 3352; x_wconf 78' lang='grc' dir='ltr'>αὐτοὺς</span> <span class='ocrx_word' id='word_1_783' title='bbox 2740 3289 3115 3360; x_wconf 70' lang='grc' dir='ltr'>ἐνεχείρισαν,</span> <span class='ocrx_word' id='word_1_784' title='bbox 3160 3289 3320 3343; x_wconf 72' lang='grc' dir='ltr'>αὐτοὶ</span> <span class='ocrx_word' id='word_1_785' title='bbox 3345 3288 3443 3360; x_wconf 83' lang='grc' dir='ltr'>τὴν</span> <span class='ocrx_word' id='word_1_786' title='bbox 3476 3289 3566 3343; x_wconf 82' lang='grc' dir='ltr'>διὰ</span> <span class='ocrx_word' id='word_1_787' title='bbox 3596 3292 3709 3345; x_wconf 86' lang='grc' dir='ltr'>τῶν</span> 
     </span>
    </p>
   </div>
   <div class='ocr_carea' id='block_1_99' title="bbox 2006 3375 3710 3449">
    <p class='ocr_par' dir='ltr' id='par_1_99' title="bbox 2006 3375 3710 3449">
     <span class='ocr_line' id='line_1_99' title="bbox 2006 3375 3710 3449; baseline 0.002 -21"><span class='ocrx_word' id='word_1_788' title='bbox 2006 3375 2182 3444; x_wconf 89' lang='grc' dir='ltr'>λόγων</span> <span class='ocrx_word' id='word_1_789' title='bbox 2228 3375 2382 3449; x_wconf 58' lang='grc' dir='ltr'>ιεοδ]</span> <span class='ocrx_word' id='word_1_790' title='bbox 2435 3377 2903 3447; x_wconf 87' lang='grc' dir='ltr'>ἐπιδεικνύμενοι.</span> <span class='ocrx_word' id='word_1_791' title='bbox 2963 3377 3036 3430; x_wconf 86' lang='grc' dir='ltr'><strong><em>Ἦ</em></strong></span> <span class='ocrx_word' id='word_1_792' title='bbox 3089 3377 3298 3449; x_wconf 87' lang='grc' dir='ltr'>μικράν</span> <span class='ocrx_word' id='word_1_793' title='bbox 3334 3376 3710 3448; x_wconf 74' lang='grc' dir='ltr'>ἐλεημοσύνην</span> 
     </span>
    </p>
   </div>
   <div class='ocr_carea' id='block_1_100' title="bbox 2005 3459 3712 3536">
    <p class='ocr_par' dir='ltr' id='par_1_100' title="bbox 2005 3459 3712 3536">
     <span class='ocr_line' id='line_1_100' title="bbox 2005 3459 3712 3536; baseline 0.001 -20"><span class='ocrx_word' id='word_1_794' title='bbox 2005 3462 2108 3516; x_wconf 79' lang='grc' dir='ltr'>οἴει</span> <span class='ocrx_word' id='word_1_795' title='bbox 2141 3459 2506 3533; x_wconf 62' lang='grc' dir='ltr'>εἷναι,ι;νυχὴν</span> <span class='ocrx_word' id='word_1_796' title='bbox 2553 3462 2943 3534; x_wconf 80' lang='grc' dir='ltr'>ἀπορουμένην</span> <span class='ocrx_word' id='word_1_797' title='bbox 2994 3462 3046 3531; x_wconf 70' lang='grc' dir='ltr'>ἀ,</span> <span class='ocrx_word' id='word_1_798' title='bbox 3101 3462 3529 3519; x_wconf 81' lang='grc' dir='ltr'>κινδυνεύουσαν</span> <span class='ocrx_word' id='word_1_799' title='bbox 3578 3466 3712 3536; x_wconf 70' lang='grc' dir='ltr'>περὶ</span> 
     </span>
    </p>
   </div>
   <div class='ocr_carea' id='block_1_101' title="bbox 2004 3548 3712 3622">
    <p class='ocr_par' dir='ltr' id='par_1_101' title="bbox 2004 3548 3712 3622">
     <span class='ocr_line' id='line_1_101' title="bbox 2004 3548 3712 3622; baseline 0.003 -19"><span class='ocrx_word' id='word_1_800' title='bbox 2004 3550 2117 3603; x_wconf 86' lang='grc' dir='ltr'>τῶν</span> <span class='ocrx_word' id='word_1_801' title='bbox 2161 3551 2431 3620; x_wconf 84' lang='grc' dir='ltr'>ἐσχάτων,</span> <span class='ocrx_word' id='word_1_802' title='bbox 2466 3549 2571 3603; x_wconf 80' lang='grc' dir='ltr'>ὑπὸ</span> <span class='ocrx_word' id='word_1_803' title='bbox 2623 3548 2926 3622; x_wconf 84' lang='grc' dir='ltr'>πυρώσεως</span> <span class='ocrx_word' id='word_1_804' title='bbox 2959 3551 3355 3622; x_wconf 85' lang='grc' dir='ltr'>συνεχομένην,</span> <span class='ocrx_word' id='word_1_805' title='bbox 3413 3550 3712 3622; x_wconf 81' lang='grc' dir='ltr'>δυνηθῆναι</span> 
     </span>
    </p>
   </div>
   <div class='ocr_carea' id='block_1_102' title="bbox 2007 3633 3714 3712">
    <p class='ocr_par' dir='ltr' id='par_1_102' title="bbox 2007 3633 3714 3712">
     <span class='ocr_line' id='line_1_102' title="bbox 2007 3633 3714 3712; baseline 0 -20"><span class='ocrx_word' id='word_1_806' title='bbox 2007 3638 2318 3705; x_wconf 78' lang='grc' dir='ltr'>ἀπαλλάξαι</span> <span class='ocrx_word' id='word_1_807' title='bbox 2339 3639 2440 3709; x_wconf 88' lang='grc' dir='ltr'>τῆς</span> <span class='ocrx_word' id='word_1_808' title='bbox 2471 3638 2626 3691; x_wconf 86' lang='grc' dir='ltr'>νόσου</span> <span class='ocrx_word' id='word_1_809' title='bbox 2655 3655 2669 3704; x_wconf 92' lang='grc'><strong>;</strong></span> <span class='ocrx_word' id='word_1_810' title='bbox 2693 3633 2840 3699; x_wconf 76' lang='grc' dir='ltr'>Οἷον,</span> <span class='ocrx_word' id='word_1_811' title='bbox 2865 3639 2999 3709; x_wconf 72' lang='grc' dir='ltr'>δρᾷς</span> <span class='ocrx_word' id='word_1_812' title='bbox 3027 3637 3184 3706; x_wconf 83' lang='grc' dir='ltr'>φίλον</span> <span class='ocrx_word' id='word_1_813' title='bbox 3213 3638 3319 3692; x_wconf 84' lang='grc' dir='ltr'>ὑπὸ</span> <span class='ocrx_word' id='word_1_814' title='bbox 3343 3638 3714 3712; x_wconf 83' lang='grc' dir='ltr'>φιλαργυρίας</span> 
     </span>
    </p>
   </div>
   <div class='ocr_carea' id='block_1_103' title="bbox 2008 3723 3710 3798">
    <p class='ocr_par' dir='ltr' id='par_1_103' title="bbox 2008 3723 3710 3798">
     <span class='ocr_line' id='line_1_103' title="bbox 2008 3723 3710 3798; baseline 0 -16"><span class='ocrx_word' id='word_1_815' title='bbox 2008 3723 2408 3798; x_wconf 86' lang='grc' dir='ltr'>κατεχόμενον;</span> <span class='ocrx_word' id='word_1_816' title='bbox 2456 3727 2711 3794; x_wconf 82' lang='grc' dir='ltr'>Ἐλέησον</span> <span class='ocrx_word' id='word_1_817' title='bbox 2766 3725 2860 3778; x_wconf 80' lang='grc' dir='ltr'>τὸν</span> <span class='ocrx_word' id='word_1_818' title='bbox 2901 3725 3214 3798; x_wconf 81' lang='grc' dir='ltr'>ἄνθρωπον.</span> <span class='ocrx_word' id='word_1_819' title='bbox 3271 3727 3710 3796; x_wconf 74' lang='grc' dir='ltr'>Ἀποπνίγεταις</span> 
     </span>
    </p>
   </div>
   <div class='ocr_carea' id='block_1_104' title="bbox 2009 3808 3716 3885">
    <p class='ocr_par' dir='ltr' id='par_1_104' title="bbox 2009 3808 3716 3885">
     <span class='ocr_line' id='line_1_104' title="bbox 2009 3808 3716 3885; baseline 0.002 -19"><span class='ocrx_word' id='word_1_820' title='bbox 2009 3814 2212 3868; x_wconf 89' lang='grc' dir='ltr'>Σϐέσον</span> <span class='ocrx_word' id='word_1_821' title='bbox 2237 3813 2405 3868; x_wconf 81' lang='grc' dir='ltr'>αὐτοῦ</span> <span class='ocrx_word' id='word_1_822' title='bbox 2438 3812 2498 3866; x_wconf 85' lang='grc' dir='ltr'>τὸ</span> <span class='ocrx_word' id='word_1_823' title='bbox 2528 3811 2661 3884; x_wconf 90' lang='grc' dir='ltr'>πῦρ.</span> <span class='ocrx_word' id='word_1_824' title='bbox 2699 3812 2764 3866; x_wconf 89' lang='grc' dir='ltr'>Τί</span> <span class='ocrx_word' id='word_1_825' title='bbox 2794 3808 2911 3875; x_wconf 80' lang='grc' dir='ltr'>οὗν,</span> <span class='ocrx_word' id='word_1_826' title='bbox 2951 3812 3018 3866; x_wconf 81' lang='grc' dir='ltr'>ἂν</span> <span class='ocrx_word' id='word_1_827' title='bbox 3047 3813 3122 3885; x_wconf 78' lang='grc' dir='ltr'>μὴ</span> <span class='ocrx_word' id='word_1_828' title='bbox 3182 3814 3469 3885; x_wconf 87' lang='grc' dir='ltr'>πείθηται;</span> <span class='ocrx_word' id='word_1_829' title='bbox 3526 3817 3600 3868; x_wconf 78' lang='grc' dir='ltr'>Συ</span> <span class='ocrx_word' id='word_1_830' title='bbox 3649 3816 3716 3870; x_wconf 83' lang='lat'>16</span> 
     </span>
    </p>
   </div>
   <div class='ocr_carea' id='block_1_105' title="bbox 2008 3897 3715 3974">
    <p class='ocr_par' dir='ltr' id='par_1_105' title="bbox 2008 3897 3715 3974">
     <span class='ocr_line' id='line_1_105' title="bbox 2008 3897 3715 3974; baseline 0.002 -19"><span class='ocrx_word' id='word_1_831' title='bbox 2008 3902 2208 3956; x_wconf 88' lang='grc' dir='ltr'>σαυτοῦ</span> <span class='ocrx_word' id='word_1_832' title='bbox 2255 3902 2506 3972; x_wconf 91' lang='grc' dir='ltr'>ποίησον,</span> <span class='ocrx_word' id='word_1_833' title='bbox 2557 3902 2653 3954; x_wconf 73' lang='grc' dir='ltr'>καλ.</span> <span class='ocrx_word' id='word_1_834' title='bbox 2687 3901 2762 3972; x_wconf 84' lang='grc' dir='ltr'>μὴ</span> <span class='ocrx_word' id='word_1_835' title='bbox 2810 3903 3184 3974; x_wconf 78' lang='grc' dir='ltr'>κατοκνήσῃς.</span> <span class='ocrx_word' id='word_1_836' title='bbox 3244 3897 3400 3967; x_wconf 71' lang='grc' dir='ltr'>Εἶδες</span> <span class='ocrx_word' id='word_1_837' title='bbox 3446 3903 3610 3958; x_wconf 80' lang='grc' dir='ltr'>αὐτὸν</span> <span class='ocrx_word' id='word_1_838' title='bbox 3652 3907 3715 3959; x_wconf 87' lang='grc' dir='ltr'>ἐν</span> 
     </span>
    </p>
   </div>
   <div class='ocr_carea' id='block_1_106' title="bbox 2005 3989 3711 4064">
    <p class='ocr_par' dir='ltr' id='par_1_106' title="bbox 2005 3989 3711 4064">
     <span class='ocr_line' id='line_1_106' title="bbox 2005 3989 3711 4064; baseline 0.002 -20"><span class='ocrx_word' id='word_1_839' title='bbox 2005 3991 2228 4062; x_wconf 87' lang='grc' dir='ltr'>δεσμοῖς</span> <span class='ocrx_word' id='word_1_840' title='bbox 2281 3989 2684 4061; x_wconf 73' lang='grc' dir='ltr'>κατεχόμενονξ</span> <span class='ocrx_word' id='word_1_841' title='bbox 2720 3989 2917 4060; x_wconf 83' lang='grc' dir='ltr'>(δεσμά</span> <span class='ocrx_word' id='word_1_842' title='bbox 2948 3991 3058 4062; x_wconf 83' lang='grc' dir='ltr'>γὰρ</span> <span class='ocrx_word' id='word_1_843' title='bbox 3107 3991 3280 4055; x_wconf 77' lang='grc' dir='ltr'>ὅντως</span> <span class='ocrx_word' id='word_1_844' title='bbox 3302 3990 3370 4044; x_wconf 83' lang='grc' dir='ltr'>τὰ</span> <span class='ocrx_word' id='word_1_845' title='bbox 3398 3994 3711 4064; x_wconf 76' lang='grc' dir='ltr'>χρήματα.)</span> 
     </span>
    </p>
   </div>
   <div class='ocr_carea' id='block_1_107' title="bbox 2010 4078 3711 4152">
    <p class='ocr_par' dir='ltr' id='par_1_107' title="bbox 2010 4078 3711 4152">
     <span class='ocr_line' id='line_1_107' title="bbox 2010 4078 3711 4152; baseline 0 -18"><span class='ocrx_word' id='word_1_846' title='bbox 2010 4078 2247 4134; x_wconf 84' lang='grc' dir='ltr'>’Λπελθε</span> <span class='ocrx_word' id='word_1_847' title='bbox 2279 4081 2414 4150; x_wconf 74' lang='grc' dir='ltr'>πρὸς</span> <span class='ocrx_word' id='word_1_848' title='bbox 2458 4079 2642 4143; x_wconf 78' lang='grc' dir='ltr'>αὐτὸν,</span> <span class='ocrx_word' id='word_1_849' title='bbox 2690 4078 2990 4148; x_wconf 77' lang='grc' dir='ltr'>ἐπίσκεψαι</span> <span class='ocrx_word' id='word_1_850' title='bbox 3029 4079 3216 4144; x_wconf 83' lang='grc' dir='ltr'>αὐτὸν,</span> <span class='ocrx_word' id='word_1_851' title='bbox 3277 4081 3711 4152; x_wconf 75' lang='grc' dir='ltr'>παραμύθησαι,</span> 
     </span>
    </p>
   </div>
   <div class='ocr_carea' id='block_1_108' title="bbox 2006 4168 3708 4242">
    <p class='ocr_par' dir='ltr' id='par_1_108' title="bbox 2006 4168 3708 4242">
     <span class='ocr_line' id='line_1_108' title="bbox 2006 4168 3708 4242; baseline 0 -19"><span class='ocrx_word' id='word_1_852' title='bbox 2006 4171 2301 4242; x_wconf 78' lang='grc' dir='ltr'>πειράθητι</span> <span class='ocrx_word' id='word_1_853' title='bbox 2347 4169 2457 4223; x_wconf 86' lang='grc' dir='ltr'>τῶν</span> <span class='ocrx_word' id='word_1_854' title='bbox 2514 4168 2733 4240; x_wconf 82' lang='grc' dir='ltr'>δεσμῶν</span> <span class='ocrx_word' id='word_1_855' title='bbox 2773 4169 3066 4223; x_wconf 89' lang='grc' dir='ltr'>ἀπολῦσαι.</span> <span class='ocrx_word' id='word_1_856' title='bbox 3137 4170 3235 4222; x_wconf 78' lang='grc' dir='ltr'>Ἂν</span> <span class='ocrx_word' id='word_1_857' title='bbox 3291 4169 3370 4242; x_wconf 77' lang='grc' dir='ltr'>μὴ</span> <span class='ocrx_word' id='word_1_858' title='bbox 3423 4168 3708 4241; x_wconf 85' lang='grc' dir='ltr'>βούληται,</span> 
     </span>
    </p>
   </div>
   <div class='ocr_carea' id='block_1_109' title="bbox 2006 4254 3761 4334">
    <p class='ocr_par' dir='ltr' id='par_1_109' title="bbox 2006 4254 3761 4334">
     <span class='ocr_line' id='line_1_109' title="bbox 2006 4254 3761 4334; baseline 0.002 -22"><span class='ocrx_word' id='word_1_859' title='bbox 2006 4259 2106 4329; x_wconf 80' lang='grc' dir='ltr'>τὴν</span> <span class='ocrx_word' id='word_1_860' title='bbox 2136 4258 2317 4312; x_wconf 88' lang='grc' dir='ltr'>αἰτίαν</span> <span class='ocrx_word' id='word_1_861' title='bbox 2351 4257 2516 4321; x_wconf 82' lang='grc' dir='ltr'>αὐτὸς</span> <span class='ocrx_word' id='word_1_862' title='bbox 2567 4258 2851 4328; x_wconf 87' lang='grc' dir='ltr'>ὑπομενεῖ.</span> <span class='ocrx_word' id='word_1_863' title='bbox 2911 4254 3067 4320; x_wconf 84' lang='grc' dir='ltr'>Εἶδες</span> <span class='ocrx_word' id='word_1_864' title='bbox 3095 4257 3303 4329; x_wconf 84' lang='grc' dir='ltr'>γυμνὸν</span> <span class='ocrx_word' id='word_1_865' title='bbox 3352 4259 3448 4312; x_wconf 75' lang='grc' dir='ltr'>καὶ</span> <span class='ocrx_word' id='word_1_866' title='bbox 3503 4258 3710 4326; x_wconf 71' lang='grc' dir='ltr'>ξένονς</span> <span class='ocrx_word' id='word_1_867' title='bbox 3757 4329 3761 4334; x_wconf 18' lang='grc' dir='ltr'><em>α</em></span> 
     </span>
    </p>
   </div>
   <div class='ocr_carea' id='block_1_110' title="bbox 2009 4345 3712 4422">
    <p class='ocr_par' dir='ltr' id='par_1_110' title="bbox 2009 4345 3712 4422">
     <span class='ocr_line' id='line_1_110' title="bbox 2009 4345 3712 4422; baseline 0.001 -21"><span class='ocrx_word' id='word_1_868' title='bbox 2009 4348 2237 4418; x_wconf 73' lang='grc' dir='ltr'>(γυμνὸς</span> <span class='ocrx_word' id='word_1_869' title='bbox 2290 4347 2400 4419; x_wconf 85' lang='grc' dir='ltr'>γάρ</span> <span class='ocrx_word' id='word_1_870' title='bbox 2459 4346 2630 4411; x_wconf 76' lang='grc' dir='ltr'>ὅντως</span> <span class='ocrx_word' id='word_1_871' title='bbox 2690 4348 2784 4400; x_wconf 75' lang='grc' dir='ltr'>καὶ</span> <span class='ocrx_word' id='word_1_872' title='bbox 2819 4345 2971 4413; x_wconf 79' lang='grc' dir='ltr'>ξένος</span> <span class='ocrx_word' id='word_1_873' title='bbox 3039 4348 3155 4400; x_wconf 59' lang='grc' dir='ltr'>ἐστὶ¹</span> <span class='ocrx_word' id='word_1_874' title='bbox 3205 4347 3314 4401; x_wconf 89' lang='grc' dir='ltr'>τῶν</span> <span class='ocrx_word' id='word_1_875' title='bbox 3374 4349 3623 4422; x_wconf 75' lang='grc' dir='ltr'>οὐρανῶν</span> <span class='ocrx_word' id='word_1_876' title='bbox 3679 4351 3712 4403; x_wconf 85' lang='lat'>6</span> 
     </span>
    </p>
   </div>
   <div class='ocr_carea' id='block_1_111' title="bbox 2008 4435 3712 4510">
    <p class='ocr_par' dir='ltr' id='par_1_111' title="bbox 2008 4435 3712 4510">
     <span class='ocr_line' id='line_1_111' title="bbox 2008 4435 3712 4510; baseline 0.002 -22"><span class='ocrx_word' id='word_1_877' title='bbox 2008 4435 2124 4506; x_wconf 89' lang='grc' dir='ltr'>βίου</span> <span class='ocrx_word' id='word_1_878' title='bbox 2182 4435 2347 4508; x_wconf 85' lang='grc' dir='ltr'>ὀρθοῦ</span> <span class='ocrx_word' id='word_1_879' title='bbox 2405 4435 2482 4507; x_wconf 83' lang='grc' dir='ltr'>μὴ</span> <span class='ocrx_word' id='word_1_880' title='bbox 2527 4435 3010 4508; x_wconf 78' lang='grc' dir='ltr'>ἐπιμελούμενος.)</span> <span class='ocrx_word' id='word_1_881' title='bbox 3040 4437 3187 4491; x_wconf 87' lang='grc' dir='ltr'>Λάϐε</span> <span class='ocrx_word' id='word_1_882' title='bbox 3246 4439 3329 4502; x_wconf 81' lang='grc' dir='ltr'>είς</span> <span class='ocrx_word' id='word_1_883' title='bbox 3352 4438 3413 4492; x_wconf 90' lang='lat'>16</span> <span class='ocrx_word' id='word_1_884' title='bbox 3453 4439 3712 4510; x_wconf 66' lang='grc' dir='ltr'>καταγώς</span> 
     </span>
    </p>
   </div>
   <div class='ocr_carea' id='block_1_112' title="bbox 2006 4525 3714 4599">
    <p class='ocr_par' dir='ltr' id='par_1_112' title="bbox 2006 4525 3714 4599">
     <span class='ocr_line' id='line_1_112' title="bbox 2006 4525 3714 4599; baseline 0.003 -20"><span class='ocrx_word' id='word_1_885' title='bbox 2006 4543 2125 4595; x_wconf 89' lang='grc' dir='ltr'>γιον</span> <span class='ocrx_word' id='word_1_886' title='bbox 2157 4526 2216 4580; x_wconf 77' lang='grc' dir='ltr'>τὸ</span> <span class='ocrx_word' id='word_1_887' title='bbox 2243 4526 2357 4589; x_wconf 85' lang='grc' dir='ltr'>σὸν,</span> <span class='ocrx_word' id='word_1_888' title='bbox 2395 4525 2659 4596; x_wconf 81' lang='grc' dir='ltr'>περίϐαλε</span> <span class='ocrx_word' id='word_1_889' title='bbox 2706 4526 2903 4595; x_wconf 86' lang='grc' dir='ltr'>ἱμάτια</span> <span class='ocrx_word' id='word_1_890' title='bbox 2931 4525 3001 4580; x_wconf 75' lang='grc' dir='ltr'>τὰ</span> <span class='ocrx_word' id='word_1_891' title='bbox 3029 4527 3128 4598; x_wconf 83' lang='grc' dir='ltr'>τῆς</span> <span class='ocrx_word' id='word_1_892' title='bbox 3173 4527 3401 4599; x_wconf 87' lang='grc' dir='ltr'>ἀρετῆς,</span> <span class='ocrx_word' id='word_1_893' title='bbox 3425 4528 3511 4587; x_wconf 77' lang='lat'>66:</span> <span class='ocrx_word' id='word_1_894' title='bbox 3551 4530 3714 4586; x_wconf 76' lang='grc' dir='ltr'>πόλιν</span> 
     </span>
    </p>
   </div>
   <div class='ocr_carea' id='block_1_113' title="bbox 2006 4609 3712 4690">
    <p class='ocr_par' dir='ltr' id='par_1_113' title="bbox 2006 4609 3712 4690">
     <span class='ocr_line' id='line_1_113' title="bbox 2006 4609 3712 4690; baseline 0.001 -20"><span class='ocrx_word' id='word_1_895' title='bbox 2006 4618 2108 4690; x_wconf 78' lang='grc' dir='ltr'>τὴν</span> <span class='ocrx_word' id='word_1_896' title='bbox 2129 4618 2187 4671; x_wconf 85' lang='grc' dir='ltr'>ἐν</span> <span class='ocrx_word' id='word_1_897' title='bbox 2203 4614 2438 4688; x_wconf 79' lang='grc' dir='ltr'>οὐρανῷ.</span> <span class='ocrx_word' id='word_1_898' title='bbox 2457 4615 2524 4669; x_wconf 91' lang='grc' dir='ltr'>Τί</span> <span class='ocrx_word' id='word_1_899' title='bbox 2538 4611 2652 4680; x_wconf 84' lang='grc' dir='ltr'>οῦν,</span> <span class='ocrx_word' id='word_1_900' title='bbox 2679 4615 2747 4669; x_wconf 84' lang='grc' dir='ltr'>ἀν</span> <span class='ocrx_word' id='word_1_901' title='bbox 2767 4615 2877 4680; x_wconf 85' lang='grc' dir='ltr'>ἐγὼ</span> <span class='ocrx_word' id='word_1_902' title='bbox 2889 4633 2958 4685; x_wconf 88' lang='grc' dir='ltr'>γυ</span> <span class='ocrx_word' id='word_1_903' title='bbox 2967 4616 3097 4687; x_wconf 78' lang='grc' dir='ltr'>μνδς</span> <span class='ocrx_word' id='word_1_904' title='bbox 3112 4609 3178 4680; x_wconf 80' lang='grc' dir='ltr'>ὦ,</span> <span class='ocrx_word' id='word_1_905' title='bbox 3197 4617 3333 4688; x_wconf 91' lang='grc' dir='ltr'>φησί</span> <span class='ocrx_word' id='word_1_906' title='bbox 3354 4618 3493 4683; x_wconf 73' lang='grc' dir='ltr'>;Κα“ι</span> <span class='ocrx_word' id='word_1_907' title='bbox 3512 4619 3712 4673; x_wconf 82' lang='grc' dir='ltr'>σαυτὸν</span> 
     </span>
    </p>
   </div>
   <div class='ocr_carea' id='block_1_114' title="bbox 2008 4701 3712 4780">
    <p class='ocr_par' dir='ltr' id='par_1_114' title="bbox 2008 4701 3712 4780">
     <span class='ocr_line' id='line_1_114' title="bbox 2008 4701 3712 4780; baseline 0.001 -17"><span class='ocrx_word' id='word_1_908' title='bbox 2008 4709 2229 4763; x_wconf 81' lang='grc' dir='ltr'>ἐνδυσον</span> <span class='ocrx_word' id='word_1_909' title='bbox 2277 4707 2517 4780; x_wconf 84' lang='grc' dir='ltr'>πρῶτον·</span> <span class='ocrx_word' id='word_1_910' title='bbox 2551 4709 2600 4760; x_wconf 82' lang='grc' dir='ltr'>εἰ</span> <span class='ocrx_word' id='word_1_911' title='bbox 2631 4701 2782 4769; x_wconf 78' lang='grc' dir='ltr'>οἶδας</span> <span class='ocrx_word' id='word_1_912' title='bbox 2815 4707 2899 4760; x_wconf 85' lang='grc' dir='ltr'>ὅτι</span> <span class='ocrx_word' id='word_1_913' title='bbox 2934 4707 3142 4778; x_wconf 76' lang='grc' dir='ltr'>γυμνὸς</span> <span class='ocrx_word' id='word_1_914' title='bbox 3198 4702 3270 4772; x_wconf 78' lang='grc' dir='ltr'>εἶ,</span> <span class='ocrx_word' id='word_1_915' title='bbox 3338 4708 3557 4772; x_wconf 87' lang='grc' dir='ltr'>πάντως</span> <span class='ocrx_word' id='word_1_916' title='bbox 3613 4710 3712 4766; x_wconf 78' lang='grc' dir='ltr'>καὶ</span> 
     </span>
    </p>
   </div>
   <div class='ocr_carea' id='block_1_115' title="bbox 2007 4791 3710 4867">
    <p class='ocr_par' dir='ltr' id='par_1_115' title="bbox 2007 4791 3710 4867">
     <span class='ocr_line' id='line_1_115' title="bbox 2007 4791 3710 4867; baseline -0.002 -16"><span class='ocrx_word' id='word_1_917' title='bbox 2007 4798 2090 4851; x_wconf 77' lang='grc' dir='ltr'>ὅτι</span> <span class='ocrx_word' id='word_1_918' title='bbox 2125 4794 2412 4867; x_wconf 85' lang='grc' dir='ltr'>ἐνδυθῆναι</span> <span class='ocrx_word' id='word_1_919' title='bbox 2455 4793 2695 4863; x_wconf 72' lang='grc' dir='ltr'>ὀφείλεις</span> <span class='ocrx_word' id='word_1_920' title='bbox 2741 4791 2911 4856; x_wconf 83' lang='grc' dir='ltr'>οἶδας.</span> <span class='ocrx_word' id='word_1_921' title='bbox 2944 4793 3010 4850; x_wconf 82' lang='grc' dir='ltr'><strong>Εἰ</strong></span> <span class='ocrx_word' id='word_1_922' title='bbox 3034 4793 3242 4864; x_wconf 89' lang='grc' dir='ltr'>ταύτης</span> <span class='ocrx_word' id='word_1_923' title='bbox 3295 4795 3458 4866; x_wconf 84' lang='grc' dir='ltr'>μόνον</span> <span class='ocrx_word' id='word_1_924' title='bbox 3483 4795 3580 4865; x_wconf 90' lang='grc' dir='ltr'>τῆς</span> <span class='ocrx_word' id='word_1_925' title='bbox 3608 4812 3710 4863; x_wconf 88' lang='grc' dir='ltr'>γυ-</span> 
     </span>
    </p>
   </div>
   <div class='ocr_carea' id='block_1_116' title="bbox 2012 4882 3710 4957">
    <p class='ocr_par' dir='ltr' id='par_1_116' title="bbox 2012 4882 3710 4957">
     <span class='ocr_line' id='line_1_116' title="bbox 2012 4882 3710 4957; baseline -0.001 -20"><span class='ocrx_word' id='word_1_926' title='bbox 2012 4885 2276 4957; x_wconf 87' lang='grc' dir='ltr'>μνότητος</span> <span class='ocrx_word' id='word_1_927' title='bbox 2327 4882 2621 4937; x_wconf 80' lang='grc' dir='ltr'>ἐπίστασαι</span> <span class='ocrx_word' id='word_1_928' title='bbox 2669 4882 2760 4936; x_wconf 83' lang='grc' dir='ltr'>τὸν</span> <span class='ocrx_word' id='word_1_929' title='bbox 2788 4882 3014 4953; x_wconf 85' lang='grc' dir='ltr'>τρόπον,</span> <span class='ocrx_word' id='word_1_930' title='bbox 3043 4882 3252 4955; x_wconf 76' lang='grc' dir='ltr'>δυνήσῃ</span> <span class='ocrx_word' id='word_1_931' title='bbox 3274 4883 3479 4952; x_wconf 89' lang='grc' dir='ltr'>γνῶναι</span> <span class='ocrx_word' id='word_1_932' title='bbox 3508 4883 3710 4956; x_wconf 74' lang='grc' dir='ltr'>ῥαδίως</span> 
     </span>
    </p>
   </div>
   <div class='ocr_carea' id='block_1_117' title="bbox 2007 4970 3712 5046">
    <p class='ocr_par' dir='ltr' id='par_1_117' title="bbox 2007 4970 3712 5046">
     <span class='ocr_line' id='line_1_117' title="bbox 2007 4970 3712 5046; baseline -0.002 -18"><span class='ocrx_word' id='word_1_933' title='bbox 2007 4974 2104 5028; x_wconf 72' lang='grc' dir='ltr'>καὶ</span> <span class='ocrx_word' id='word_1_934' title='bbox 2157 4974 2259 5046; x_wconf 77' lang='grc' dir='ltr'>τὴν</span> <span class='ocrx_word' id='word_1_935' title='bbox 2315 4972 2485 5043; x_wconf 84' lang='grc' dir='ltr'>αὐτῆς</span> <span class='ocrx_word' id='word_1_936' title='bbox 2542 4970 2910 5041; x_wconf 82' lang='grc' dir='ltr'>καταστολήν.</span> <span class='ocrx_word' id='word_1_937' title='bbox 2963 4970 3139 5024; x_wconf 88' lang='grc' dir='ltr'>Πόσαι</span> <span class='ocrx_word' id='word_1_938' title='bbox 3195 4973 3460 5041; x_wconf 86' lang='grc' dir='ltr'>γυναῖκες</span> <span class='ocrx_word' id='word_1_939' title='bbox 3502 4971 3712 5043; x_wconf 82' lang='grc' dir='ltr'>σηρικά</span> 
     </span>
    </p>
   </div>
   <div class='ocr_carea' id='block_1_118' title="bbox 2011 5059 3710 5134">
    <p class='ocr_par' dir='ltr' id='par_1_118' title="bbox 2011 5059 3710 5134">
     <span class='ocr_line' id='line_1_118' title="bbox 2011 5059 3710 5134; baseline 0.001 -20"><span class='ocrx_word' id='word_1_940' title='bbox 2011 5062 2205 5134; x_wconf 76' lang='grc' dir='ltr'>ἱμάτια</span> <span class='ocrx_word' id='word_1_941' title='bbox 2254 5060 2504 5132; x_wconf 81' lang='grc' dir='ltr'>φοροῦσι,</span> <span class='ocrx_word' id='word_1_942' title='bbox 2534 5060 2741 5132; x_wconf 74' lang='grc' dir='ltr'>γυμναὶ</span> <span class='ocrx_word' id='word_1_943' title='bbox 2767 5060 2824 5114; x_wconf 77' lang='grc' dir='ltr'>δὲ</span> <span class='ocrx_word' id='word_1_944' title='bbox 2859 5059 3032 5124; x_wconf 80' lang='grc' dir='ltr'>ὅντως</span> <span class='ocrx_word' id='word_1_945' title='bbox 3061 5061 3170 5114; x_wconf 70' lang='grc' dir='ltr'>εἰσὶ</span> <span class='ocrx_word' id='word_1_946' title='bbox 3219 5061 3330 5117; x_wconf 88' lang='grc' dir='ltr'>τῶν</span> <span class='ocrx_word' id='word_1_947' title='bbox 3371 5062 3474 5134; x_wconf 80' lang='grc' dir='ltr'>τῆς</span> <span class='ocrx_word' id='word_1_948' title='bbox 3503 5062 3710 5133; x_wconf 84' lang='grc' dir='ltr'>ἀρετῆς</span> 
     </span>
    </p>
   </div>
   <div class='ocr_carea' id='block_1_119' title="bbox 2010 5133 3709 5222">
    <p class='ocr_par' dir='ltr' id='par_1_119' title="bbox 2010 5133 3709 5222">
     <span class='ocr_line' id='line_1_119' title="bbox 2010 5133 3709 5222; baseline -0.001 -17"><span class='ocrx_word' id='word_1_949' title='bbox 2010 5133 2526 5222; x_wconf 76' lang='grc' dir='ltr'>ίματίυν;’1”αύτας</span> <span class='ocrx_word' id='word_1_950' title='bbox 2558 5152 2607 5204; x_wconf 85' lang='grc' dir='ltr'>οἱ</span> <span class='ocrx_word' id='word_1_951' title='bbox 2664 5149 2861 5222; x_wconf 83' lang='grc' dir='ltr'>ἄνδρες</span> <span class='ocrx_word' id='word_1_952' title='bbox 2915 5148 3390 5220; x_wconf 78' lang='grc' dir='ltr'>περιϐαλέτωσαν.</span> <span class='ocrx_word' id='word_1_953' title='bbox 3446 5133 3588 5204; x_wconf 63' lang='grc' dir='ltr'>’Ἀλλ’</span> <span class='ocrx_word' id='word_1_954' title='bbox 3645 5149 3709 5204; x_wconf 83' lang='grc' dir='ltr'>οῦ</span> 
     </span>
    </p>
   </div>
   <div class='ocr_carea' id='block_1_120' title="bbox 2008 5236 3710 5312">
    <p class='ocr_par' dir='ltr' id='par_1_120' title="bbox 2008 5236 3710 5312">
     <span class='ocr_line' id='line_1_120' title="bbox 2008 5236 3710 5312; baseline -0.001 -20"><span class='ocrx_word' id='word_1_955' title='bbox 2008 5239 2323 5312; x_wconf 88' lang='grc' dir='ltr'>προσίενται</span> <span class='ocrx_word' id='word_1_956' title='bbox 2379 5239 2447 5293; x_wconf 85' lang='grc' dir='ltr'>τά</span> <span class='ocrx_word' id='word_1_957' title='bbox 2496 5238 2689 5309; x_wconf 80' lang='grc' dir='ltr'>ἱμάτια</span> <span class='ocrx_word' id='word_1_958' title='bbox 2729 5239 2936 5300; x_wconf 86' lang='grc' dir='ltr'>ἐκεῖνα,</span> <span class='ocrx_word' id='word_1_959' title='bbox 2968 5236 3107 5290; x_wconf 82' lang='grc' dir='ltr'>ἀλλά</span> <span class='ocrx_word' id='word_1_960' title='bbox 3159 5236 3335 5291; x_wconf 88' lang='grc' dir='ltr'>ταῦτα</span> <span class='ocrx_word' id='word_1_961' title='bbox 3387 5236 3710 5308; x_wconf 84' lang='grc' dir='ltr'>βούλονται;</span> 
     </span>
    </p>
   </div>
   <div class='ocr_carea' id='block_1_121' title="bbox 2009 5325 3712 5402">
    <p class='ocr_par' dir='ltr' id='par_1_121' title="bbox 2009 5325 3712 5402">
     <span class='ocr_line' id='line_1_121' title="bbox 2009 5325 3712 5402; baseline -0.001 -19"><span class='ocrx_word' id='word_1_962' title='bbox 2009 5327 2184 5383; x_wconf 89' lang='grc' dir='ltr'>Τοῦτο</span> <span class='ocrx_word' id='word_1_963' title='bbox 2236 5328 2454 5402; x_wconf 88' lang='grc' dir='ltr'>πρῶτον</span> <span class='ocrx_word' id='word_1_964' title='bbox 2490 5327 2738 5398; x_wconf 89' lang='grc' dir='ltr'>ποίησον·</span> <span class='ocrx_word' id='word_1_965' title='bbox 2776 5329 2857 5390; x_wconf 88' lang='grc' dir='ltr'>είς</span> <span class='ocrx_word' id='word_1_966' title='bbox 2893 5326 2994 5397; x_wconf 88' lang='grc' dir='ltr'>τὴν</span> <span class='ocrx_word' id='word_1_967' title='bbox 3044 5325 3345 5398; x_wconf 75' lang='grc' dir='ltr'>ἐπιθυμίαν</span> <span class='ocrx_word' id='word_1_968' title='bbox 3397 5327 3568 5392; x_wconf 81' lang='grc' dir='ltr'>αὐτάς</span> <span class='ocrx_word' id='word_1_969' title='bbox 3601 5327 3712 5381; x_wconf 90' lang='grc' dir='ltr'>τῶν</span> 
     </span>
    </p>
   </div>
   <div class='ocr_carea' id='block_1_122' title="bbox 2010 5413 3710 5489">
    <p class='ocr_par' dir='ltr' id='par_1_122' title="bbox 2010 5413 3710 5489">
     <span class='ocr_line' id='line_1_122' title="bbox 2010 5413 3710 5489; baseline -0.001 -18"><span class='ocrx_word' id='word_1_970' title='bbox 2010 5417 2248 5489; x_wconf 81' lang='grc' dir='ltr'>ἱματίων</span> <span class='ocrx_word' id='word_1_971' title='bbox 2296 5416 2529 5470; x_wconf 85' lang='grc' dir='ltr'>ἐκείνων</span> <span class='ocrx_word' id='word_1_972' title='bbox 2559 5416 2930 5485; x_wconf 82' lang='grc' dir='ltr'>κατάστησον,</span> <span class='ocrx_word' id='word_1_973' title='bbox 2959 5413 3135 5479; x_wconf 78' lang='grc' dir='ltr'>δεῖξον</span> <span class='ocrx_word' id='word_1_974' title='bbox 3172 5415 3253 5469; x_wconf 81' lang='grc' dir='ltr'>ὅτι</span> <span class='ocrx_word' id='word_1_975' title='bbox 3310 5415 3520 5486; x_wconf 85' lang='grc' dir='ltr'>γυμναί</span> <span class='ocrx_word' id='word_1_976' title='bbox 3575 5416 3710 5480; x_wconf 77' lang='grc' dir='ltr'>εισι,</span> 
     </span>
    </p>
   </div>
   <div class='ocr_carea' id='block_1_123' title="bbox 2012 5501 3716 5576">
    <p class='ocr_par' dir='ltr' id='par_1_123' title="bbox 2012 5501 3716 5576">
     <span class='ocr_line' id='line_1_123' title="bbox 2012 5501 3716 5576; baseline -0.002 -16"><span class='ocrx_word' id='word_1_977' title='bbox 2012 5504 2322 5576; x_wconf 78' lang='grc' dir='ltr'>διαλέχθητι</span> <span class='ocrx_word' id='word_1_978' title='bbox 2349 5505 2480 5576; x_wconf 54' lang='grc' dir='ltr'>περὶ⁵</span> <span class='ocrx_word' id='word_1_979' title='bbox 2507 5504 2610 5574; x_wconf 89' lang='grc' dir='ltr'>τῆς</span> <span class='ocrx_word' id='word_1_980' title='bbox 2646 5503 2882 5575; x_wconf 85' lang='grc' dir='ltr'>κρίσεως</span> <span class='ocrx_word' id='word_1_981' title='bbox 2912 5503 3013 5573; x_wconf 78' lang='grc' dir='ltr'>τῆς</span> <span class='ocrx_word' id='word_1_982' title='bbox 3045 5501 3380 5574; x_wconf 83' lang='grc' dir='ltr'>μελλούσης·</span> <span class='ocrx_word' id='word_1_983' title='bbox 3412 5503 3556 5557; x_wconf 83' lang='grc' dir='ltr'>είπέ⁹</span> <span class='ocrx_word' id='word_1_984' title='bbox 3581 5504 3716 5558; x_wconf 76' lang='grc' dir='ltr'>Ἀλ-</span> 
     </span>
    </p>
   </div>
   <div class='ocr_carea' id='block_1_124' title="bbox 2009 5590 3716 5667">
    <p class='ocr_par' dir='ltr' id='par_1_124' title="bbox 2009 5590 3716 5667">
     <span class='ocr_line' id='line_1_124' title="bbox 2009 5590 3716 5667; baseline -0.001 -20"><span class='ocrx_word' id='word_1_985' title='bbox 2009 5593 2118 5647; x_wconf 85' lang='grc' dir='ltr'>λων</span> <span class='ocrx_word' id='word_1_986' title='bbox 2147 5596 2281 5667; x_wconf 78' lang='grc' dir='ltr'>ἡμῖν</span> <span class='ocrx_word' id='word_1_987' title='bbox 2315 5595 2434 5647; x_wconf 86' lang='grc' dir='ltr'>ἐκεῖ</span> <span class='ocrx_word' id='word_1_988' title='bbox 2461 5593 2561 5656; x_wconf 86' lang='grc' dir='ltr'>δεῖ,</span> <span class='ocrx_word' id='word_1_989' title='bbox 2596 5593 2658 5646; x_wconf 88' lang='grc' dir='ltr'>οὐ</span> <span class='ocrx_word' id='word_1_990' title='bbox 2681 5592 2910 5646; x_wconf 85' lang='grc' dir='ltr'>τούτων.</span> <span class='ocrx_word' id='word_1_991' title='bbox 2949 5592 3015 5647; x_wconf 78' lang='lat' dir='ltr'>El</span> <span class='ocrx_word' id='word_1_992' title='bbox 3043 5592 3101 5646; x_wconf 85' lang='grc' dir='ltr'>δέ</span> <span class='ocrx_word' id='word_1_993' title='bbox 3130 5590 3415 5662; x_wconf 83' lang='grc' dir='ltr'>ἀνέχοισθέ</span> <span class='ocrx_word' id='word_1_994' title='bbox 3451 5608 3575 5662; x_wconf 88' lang='grc' dir='ltr'>μου,</span> <span class='ocrx_word' id='word_1_995' title='bbox 3614 5595 3716 5646; x_wconf 75' lang='grc' dir='ltr'>καὶ</span> 
     </span>
    </p>
   </div>
   <div class='ocr_carea' id='block_1_125' title="bbox 2010 5675 3712 5750">
    <p class='ocr_par' dir='ltr' id='par_1_125' title="bbox 2010 5675 3712 5750">
     <span class='ocr_line' id='line_1_125' title="bbox 2010 5675 3712 5750; baseline -0.003 -17"><span class='ocrx_word' id='word_1_996' title='bbox 2010 5679 2122 5749; x_wconf 81' lang='grc' dir='ltr'>ἐγὼ</span> <span class='ocrx_word' id='word_1_997' title='bbox 2142 5680 2241 5750; x_wconf 81' lang='grc' dir='ltr'>τὴν</span> <span class='ocrx_word' id='word_1_998' title='bbox 2266 5678 2584 5748; x_wconf 84' lang='grc' dir='ltr'>γυμνότητα</span> <span class='ocrx_word' id='word_1_999' title='bbox 2604 5677 2784 5742; x_wconf 80' lang='grc' dir='ltr'>δείξω.</span> <span class='ocrx_word' id='word_1_1000' title='bbox 2823 5676 2881 5730; x_wconf 82' lang='grc'>’0</span> <span class='ocrx_word' id='word_1_1001' title='bbox 2907 5675 3134 5748; x_wconf 72' lang='grc' dir='ltr'>γυμνὸς,</span> <span class='ocrx_word' id='word_1_1002' title='bbox 3160 5675 3367 5746; x_wconf 75' lang='grc' dir='ltr'>ψύχους</span> <span class='ocrx_word' id='word_1_1003' title='bbox 3401 5676 3502 5748; x_wconf 84' lang='grc' dir='ltr'>μὲν</span> <span class='ocrx_word' id='word_1_1004' title='bbox 3533 5677 3712 5743; x_wconf 74' lang='grc' dir='ltr'>ὄντος,</span> 
     </span>
    </p>
   </div>
   <div class='ocr_carea' id='block_1_126' title="bbox 2011 5764 3714 5838">
    <p class='ocr_par' dir='ltr' id='par_1_126' title="bbox 2011 5764 3714 5838">
     <span class='ocr_line' id='line_1_126' title="bbox 2011 5764 3714 5838; baseline -0.001 -16"><span class='ocrx_word' id='word_1_1005' title='bbox 2011 5768 2230 5838; x_wconf 87' lang='grc' dir='ltr'>πέπηγε</span> <span class='ocrx_word' id='word_1_1006' title='bbox 2265 5767 2361 5821; x_wconf 77' lang='grc' dir='ltr'>καὶ</span> <span class='ocrx_word' id='word_1_1007' title='bbox 2382 5766 2596 5838; x_wconf 83' lang='grc' dir='ltr'>τρέμει,</span> <span class='ocrx_word' id='word_1_1008' title='bbox 2621 5767 2719 5820; x_wconf 73' lang='grc' dir='ltr'>καὶ</span> <span class='ocrx_word' id='word_1_1009' title='bbox 2754 5765 3190 5835; x_wconf 86' lang='grc' dir='ltr'>συνεσταλμένος</span> <span class='ocrx_word' id='word_1_1010' title='bbox 3219 5764 3443 5833; x_wconf 73' lang='grc' dir='ltr'>ἕστηκε,</span> <span class='ocrx_word' id='word_1_1011' title='bbox 3471 5781 3714 5832; x_wconf 81' lang='grc' dir='ltr'>συναγα-</span> 
     </span>
    </p>
   </div>
   <div class='ocr_carea' id='block_1_127' title="bbox 2011 5853 3718 5928">
    <p class='ocr_par' dir='ltr' id='par_1_127' title="bbox 2011 5853 3718 5928">
     <span class='ocr_line' id='line_1_127' title="bbox 2011 5853 3718 5928; baseline -0.002 -18"><span class='ocrx_word' id='word_1_1012' title='bbox 2011 5856 2124 5928; x_wconf 85' lang='grc' dir='ltr'>γὼν</span> <span class='ocrx_word' id='word_1_1013' title='bbox 2159 5857 2289 5920; x_wconf 78' lang='grc' dir='ltr'>τοὺς</span> <span class='ocrx_word' id='word_1_1014' title='bbox 2316 5856 2630 5928; x_wconf 83' lang='grc' dir='ltr'>βραχίονας·</span> <span class='ocrx_word' id='word_1_1015' title='bbox 2665 5853 2862 5926; x_wconf 82' lang='grc' dir='ltr'>θέρους</span> <span class='ocrx_word' id='word_1_1016' title='bbox 2889 5854 2947 5910; x_wconf 73' lang='grc' dir='ltr'>δὲ</span> <span class='ocrx_word' id='word_1_1017' title='bbox 2970 5853 3145 5919; x_wconf 73' lang='grc' dir='ltr'>ὄντος,</span> <span class='ocrx_word' id='word_1_1018' title='bbox 3186 5855 3289 5908; x_wconf 75' lang='grc' dir='ltr'>οὐκ</span> <span class='ocrx_word' id='word_1_1019' title='bbox 3340 5853 3444 5909; x_wconf 81' lang='grc' dir='ltr'>ἔτι.</span> <span class='ocrx_word' id='word_1_1020' title='bbox 3479 5855 3577 5907; x_wconf 73' lang='grc' dir='ltr'>Ἂν</span> <span class='ocrx_word' id='word_1_1021' title='bbox 3607 5853 3718 5906; x_wconf 82' lang='grc' dir='ltr'>τοί·</span> 
     </span>
    </p>
   </div>
   <div class='ocr_carea' id='block_1_128' title="bbox 2010 5942 3715 6014">
    <p class='ocr_par' dir='ltr' id='par_1_128' title="bbox 2010 5942 3715 6014">
     <span class='ocr_line' id='line_1_128' title="bbox 2010 5942 3715 6014; baseline -0.004 -14"><span class='ocrx_word' id='word_1_1022' title='bbox 2010 5964 2105 6000; x_wconf 85' lang='grc' dir='ltr'>νυν</span> <span class='ocrx_word' id='word_1_1023' title='bbox 2149 5946 2308 6014; x_wconf 79' lang='grc' dir='ltr'>δείξω</span> <span class='ocrx_word' id='word_1_1024' title='bbox 2364 5944 2458 6000; x_wconf 75' lang='grc' dir='ltr'>καὶ</span> <span class='ocrx_word' id='word_1_1025' title='bbox 2507 5945 2634 6008; x_wconf 81' lang='grc' dir='ltr'>τοὺς</span> <span class='ocrx_word' id='word_1_1026' title='bbox 2693 5943 3060 6008; x_wconf 78' lang='grc' dir='ltr'>πλουτοῦντας</span> <span class='ocrx_word' id='word_1_1027' title='bbox 3090 5942 3312 6006; x_wconf 77' lang='grc' dir='ltr'>καὶτὰς</span> <span class='ocrx_word' id='word_1_1028' title='bbox 3371 5942 3715 6007; x_wconf 85' lang='grc' dir='ltr'>πλουτούσας</span> 
     </span>
    </p>
   </div>
   <div class='ocr_carea' id='block_1_129' title="bbox 2076 6136 3387 6202">
    <p class='ocr_par' dir='ltr' id='par_1_129' title="bbox 2076 6136 3387 6202">
     <span class='ocr_line' id='line_1_129' title="bbox 2076 6136 3387 6202; baseline -0.01 -7"><span class='ocrx_word' id='word_1_1029' title='bbox 2076 6148 2098 6176; x_wconf 67' lang='grc' dir='ltr'>θ</span> <span class='ocrx_word' id='word_1_1030' title='bbox 2127 6144 2261 6195; x_wconf 80' lang='lat' dir='ltr'><strong>Idem</strong></span> <span class='ocrx_word' id='word_1_1031' title='bbox 2287 6136 2431 6192; x_wconf 89' lang='grc' dir='ltr'>τοῦτο</span> <span class='ocrx_word' id='word_1_1032' title='bbox 2454 6141 2772 6198; x_wconf 81' lang='grc' dir='ltr'>τελειότητος.</span> <span class='ocrx_word' id='word_1_1033' title='bbox 2841 6140 2868 6180; x_wconf 83' lang='lat' dir='ltr'><strong>d</strong></span> <span class='ocrx_word' id='word_1_1034' title='bbox 2904 6141 2996 6191; x_wconf 78' lang='lat' dir='ltr'><strong>Alii</strong></span> <span class='ocrx_word' id='word_1_1035' title='bbox 3019 6139 3387 6202; x_wconf 62' lang='grc' dir='ltr'>ἀπερριμμένην,</span> 
     </span>
    </p>
   </div>
  </div>
