4082 6516
222 503 310 558 ltl't'
1146 489 1212 546 IN
1250 488 1430 545 ACTA
1476 481 2010 541 APOSTOLOIKUM.
2057 483 2287 539 llOllll..
2332 483 2526 540 XXVI:

213 614 402 686 judicio
423 611 608 667 futuro
631 611 839 668 dissere
865 628 879 675 ;
907 608 996 662 dic
1029 623 1042 661 :
1078 605 1212 661 Aliis
1230 604 1386 659 nobis
1411 603 1522 656 illic
1545 616 1681 670 Opus
1702 610 1807 663 est,

216 721 312 760 non
345 705 522 760 hisce.
567 704 625 760 Si
655 719 742 759 me
787 702 1003 763 feratis,
1034 713 1135 769 ego
1179 696 1472 751 nuditatem
1504 689 1806 747 ostendam.

213 799 390 855 Nudus
420 799 644 869 frigoris
690 808 931 865 tempore
973 793 1110 862 riget
1149 803 1203 846 et
1250 789 1470 852 tremit,
1503 792 1812 841 contractus

212 901 342 957 stat,
388 892 632 948 reductis
659 889 932 946 brachiis:
969 889 1020 941 in
1049 895 1240 940 testate
1270 898 1396 937 vero
1426 897 1531 935 non
1567 881 1716 935 item.
1752 878 1808 933 Si

211 987 361 1057 igitur
388 985 681 1041 ostendero
698 982 892 1038 divites
926 981 1070 1035 viros
1087 987 1141 1035 et
1165 977 1420 1031 mulieres
1437 990 1501 1029 eo
1523 974 1691 1044 magis
1713 988 1809 1026 nu-

209 1079 299 1133 dos
324 1093 465 1142 esse,
486 1091 598 1146 quo
624 1075 792 1146 magis
808 1071 1148 1137 suntvesuti,
1169 1086 1236 1124 Le
1267 1084 1406 1138 a-gre
1438 1066 1641 1121 feratis.
1667 1063 1806 1133 Quid

208 1188 348 1243 ergo,
375 1184 709 1240 quieso,cum
735 1168 802 1223 de
830 1167 1073 1238 gebcnna
1103 1164 1263 1219 verba
1303 1161 1560 1217 iaciemus
1586 1201 1600 1225 ,
1631 1159 1806 1230 deque

211 1259 483 1316 tormentis
517 1260 630 1313 illis
663 1277 675 1312 :
711 1274 887 1313 annon
919 1258 1090 1326 magis
1119 1255 1196 1308 illi
1241 1255 1413 1325 rigent
1440 1269 1503 1306 ac
1531 1261 1802 1316 tremunt,

208 1368 355 1422 quam
387 1352 517 1406 nudi
566 1352 684 1405 illi?
733 1365 912 1404 annon
942 1349 1135 1403 acerbe
1181 1347 1569 1418 ingemiscunt,
1602 1353 1656 1399 et
1687 1358 1806 1400 sese

207 1444 450 1498 damnant
475 1443 500 1495 ?
534 1442 674 1510 Quid
698 1456 827 1511 ergo
853 1481 868 1506 ,
903 1439 1121 1510 quando
1150 1439 1382 1509 aliquem
1415 1436 1616 1492 adeunt
1643 1445 1696 1489 et
1727 1436 1807 1489 di-

205 1545 326 1591 cunt
347 1577 362 1604 ,
411 1535 522 1590 Ora
567 1549 665 1604 pro
694 1548 818 1587 me:
851 1546 1029 1586 annon
1071 1530 1260 1586 eadem
1289 1571 1302 1594 ,
1335 1545 1455 1599 qua:
1487 1528 1596 1592 illi,
1642 1528 1803 1581 verba

205 1627 520 1697 proferunt?
551 1629 621 1680 At
650 1640 791 1680 nunc
811 1666 825 1688 ,
861 1623 987 1678 licet
1018 1622 1182 1676 multa
1214 1619 1801 1684 dixerimus,'nondum

203 1720 473 1775 manifesta
501 1728 586 1774 est
618 1717 831 1771 uuditas
857 1734 869 1768 :
905 1716 1013 1770 illic
1043 1730 1170 1769 vero
1198 1712 1479 1767 manifesta
1506 1712 1630 1766 erit.
1660 1711 1806 1782 Quo-

203 1814 353 1869 modo
397 1823 453 1868 ct
491 1829 600 1884 qua
644 1808 892 1865 ratione?
922 1808 1058 1864 Cum
1102 1808 1291 1864 sericis
1337 1806 1444 1862 illis
1475 1805 1712 1861 vestibus
1751 1815 1804 1860 et

201 1907 416 1978 gemmis
459 1905 679 1960 amissis
705 1947 720 1970 ,
767 1903 900 1959 solis
932 1903 1018 1958 vel
1049 1900 1264 1957 virtutis
1293 1899 1378 1956 vel
1418 1899 1532 1954 vitii
1563 1899 1804 1954 vestibus

200 1998 369 2054 amicti
397 2012 594 2052 omnes
619 2005 913 2052 cernentur
939 2012 953 2062 ;
979 2009 1100 2049 cum
1135 2007 1400 2064 pauperes
1424 1991 1591 2063 gloria
1621 1992 1803 2046 amicti

199 2091 352 2145 multa
397 2088 816 2161 comparebunt,
857 2089 1054 2144 divites
1082 2102 1214 2142 vero
1251 2085 1381 2141 nudi
1423 2100 1488 2141 ac
1520 2095 1702 2156 turpes
1736 2085 1802 2139 ad

199 2184 446 2254 supplicia
483 2183 790 2238 trahentur.
820 2180 967 2250 Quid
1003 2179 1285 2235 delicatius
1321 2188 1438 2234 erat
1473 2177 1568 2232 illo
1593 2177 1759 2231 divite
1785 2218 1799 2241 ,

195 2276 277 2346 qui
305 2274 631 2330 induebatur
655 2273 930 2344 purpura?
950 2271 1078 2343 quid
1103 2271 1388 2342 pauperius
1416 2268 1659 2324 Lazaro?
1682 2278 1801 2324 uter

197 2382 315 2437 ergo
359 2366 736 2422 mendicorum
783 2364 1094 2435 proferebat
1137 2363 1346 2418 verba?
1394 2374 1514 2417 uter
1555 2361 1706 2432 quasi
1746 2361 1800 2416 in

195 2456 515 2512 abundantia
560 2457 844 2529 degebat?
875 2456 930 2512 Si
975 2455 1096 2525 quis
1142 2455 1362 2510 domum
1409 2454 1591 2509 multis
1637 2462 1795 2509 ornet

193 2548 384 2613 aulicis,
415 2550 536 2618 ipse
566 2563 698 2603 vero
730 2548 873 2602 intus
903 2547 1077 2601 nudus
1117 2547 1206 2610 sit,
1241 2545 1385 2616 quod
1420 2545 1677 2600 lucrum?
1703 2544 1794 2601 Sic

194 2648 242 2693 et
269 2640 585 2696 mulieribus
605 2638 804 2694 accidit
835 2657 847 2690 :
883 2639 1104 2693 domum
1131 2637 1332 2707 quippe
1355 2638 1572 2701 animm,
1603 2651 1800 2706 corpus

195 2732 325 2800 dico,
356 2734 546 2789 multis
566 2733 829 2790 decorant
847 2733 1215 2797 urnnuenlis;
1243 2731 1647 2787 materfamilias
1670 2745 1798 2786 vero

3436 487 3537 540 193

1932 601 2075 655 intus
2104 600 2260 656 sedet
2288 602 2451 657 nuda.
2476 599 2829 656 Commodule
2858 600 2988 655 mihi
3018 600 3212 655 anima-
3241 603 3449 671 oculos,
3477 616 3537 660 et

1924 694 2203 748 ostendam
2233 693 2386 747 vobis
2407 693 2600 746 animm
2630 692 2951 748 nuditatem.
2979 693 3108 760 Qua:
3135 695 3279 748 enim
3301 704 3384 749 est
3409 697 3532 750 ani-

1923 803 2026 842 ma:
2052 786 2255 842 vestis?
2282 786 2466 842 Virtus
2491 795 2659 842 certe.
2691 785 2822 856 Quae
2839 787 3056 844 nuditas
3077 787 3104 842 ’ἒ
3131 787 3352 844 Malitia.
3382 789 3535 845 Sicut

1921 880 2065 934 enim
2114 879 2158 933 si
2192 879 2310 947 quis
2353 880 2585 934 liberum
2626 881 2935 949 quempiam
2989 889 3172 944 exuat,
3209 881 3531 947 erubescit,

1919 971 2259 1027 contrahitur
2282 983 2334 1025 et
2366 969 2494 1040 fugit
2529 987 2542 1025 ;
2574 971 2651 1025 sic
2687 972 2732 1026 si
2766 971 3002 1025 animam
3036 971 3119 1026 his
3150 971 3393 1027 vestibus
3424 988 3531 1028 non

1920 1064 2158 1118 indutam
2197 1063 2388 1118 intueri
2417 1063 2643 1118 velimus
2670 1104 2685 1130 ,
2727 1063 3003 1118 erubescit
3045 1063 3157 1118 illa.
3191 1063 3332 1129 Quot
3373 1075 3531 1134 putm

1918 1171 2061 1210 nunc
2091 1155 2296 1225 pudore
2320 1153 2481 1218 allici,
2511 1166 2566 1210 et
2608 1155 2662 1209 in
2693 1153 3020 1224 profundum
3062 1155 3400 1211 descendere
3426 1198 3439 1220 ,
3475 1168 3532 1211 ut

1917 1250 2067 1318 quasi
2098 1247 2384 1319 quodpiam
2419 1247 2782 1302 velamentum
2809 1257 3148 1318 quaerentes,
3182 1256 3243 1302 ut
3272 1264 3338 1303 ue
3364 1249 3528 1303 verba

1918 1341 2008 1394 illa
2041 1339 2306 1394 audiant?
2334 1339 2465 1407 Quae
2492 1354 2621 1394 vero
2653 1338 2796 1394 illius
2839 1339 2942 1395 sibi
2991 1339 3118 1394 mali
3147 1340 3380 1396 conscia:
3420 1356 3528 1395 non

1915 1441 2061 1494 sunt,
2090 1431 2635 1512 lmtanturngaudent,
2669 1430 3026 1498 delectantur,
3064 1441 3120 1486 et
3146 1431 3214 1486 de
3240 1430 3399 1486 dictis
3424 1431 3529 1485 Int-

1911 1524 2148 1594 jusmodi
2195 1525 2515 1594 gloriantur.
2566 1522 2706 1578 Audi
2743 1523 2812 1578 de
2854 1523 3010 1577 beata
3057 1523 3280 1578 Thecla.
3329 1523 3422 1579 Illa
3473 1537 3530 1578 ut

1919 1620 2143 1674 Paulum
2173 1619 2418 1684 videret,
2453 1633 2645 1673 aurum
2673 1633 2828 1673 suum
2856 1617 3003 1672 dedit
3037 1635 3049 1668 :
3083 1628 3134 1671 tu
3169 1629 3225 1671 ut
3253 1619 3526 1674 Christum

1915 1711 2102 1766 videas
2125 1751 2138 1774 ,
2178 1724 2353 1781 neque
2383 1710 2600 1765 obolum
2630 1709 2846 1765 dederis
2877 1726 2890 1775 ;
2924 1709 3017 1763 sed
3066 1711 3281 1764 miraris
3308 1712 3525 1782 quidem

1917 1803 2060 1858 illius
2085 1812 2257 1873 gesm,
2295 1817 2395 1857 nec
2422 1802 2667 1856 imitaris.
2705 1800 2821 1857 Non
2852 1801 3006 1855 audis
3032 1843 3046 1866 ,
3078 1817 3237 1873 quant
3270 1804 3410 1858 beati
3442 1805 3526 1860 di-

1912 1906 2105 1951 cantur
2131 1895 2552 1954 misericostlcs?
2577 1894 2724 1949 Beati
2751 1896 3121 1960 misericordes,
3160 1897 3366 1966 inquit,
3390 1915 3522 1965 quo-

1913 1991 2052 2043 niam
2101 1990 2202 2058 ipsi
2242 1989 2646 2044 misericordiam
2697 1998 3069 2059 consequentur
3110 1988 3325 2061 (Matth.
3357 1991 3408 2046 5.
3438 1982 3516 2060 7).

1912 2083 2064 2152 Quod
2093 2084 2299 2138 lucrum
2330 2099 2359 2138 a
2385 2083 2640 2155 pretiosis
2671 2084 2958 2139 vestibus?
2983 2084 3243 2154 quamdiu
3278 2086 3344 2140 ad
3382 2086 3524 2140 hunc

1910 2179 2163 2233 amictum
2194 2177 2564 2232 inhiahimus?
2594 2177 2929 2232 Amiciamur
2953 2179 3126 2248 gloria
3165 2176 3362 2234 Christi
3389 2222 3403 2248 ,
3437 2181 3524 2235 illa

1911 2272 2310 2342 pulchritudine
2336 2272 2771 2338 circumdemur,
2803 2283 2860 2326 ut
2886 2282 2940 2327 et
2969 2272 3057 2327 hic
3099 2271 3383 2328 laudemur
3406 2315 3421 2340 ,
3471 2285 3527 2329 et

1915 2366 2026 2421 illic
2052 2376 2254 2422 :eterna
2291 2381 2690 2438 consequamur
2722 2366 2886 2430 bona,
2915 2366 3086 2437 gratia
3111 2374 3164 2421 et
3196 2366 3527 2436 benignitate

1913 2459 2125 2516 Domini
2157 2459 2326 2515 nostri
2354 2458 2483 2514 Jesu
2511 2457 2739 2521 Christi,
2767 2459 2984 2529 quicum
3019 2457 3164 2512 Patri
3210 2467 3263 2513 et
3299 2458 3522 2528 Spiritui

1911 2564 2102 2609 sancto
2131 2552 2324 2623 gloria,
2358 2552 2667 2621 imperium,
2702 2550 2901 2620 honor,
2930 2566 3075 2607 nunc
3096 2559 3152 2606 et
3177 2565 3396 2621 semper
3420 2592 3434 2617 ,
3469 2559 3525 2607 et

1913 2646 1964 2700 in
1994 2645 2191 2702 saecula
2212 2644 2558 2701 seculorum.
2592 2646 2788 2699 Amen.

196 2853 3508 2882 Μ

1543 2942 1897 3006 HOMILIA
1941 2941 2186 3002 XXVII

193 3091 310 3147 Car.
344 3092 431 3147 12.
469 3094 518 3147 l.
563 3091 668 3147 Illa
703 3101 871 3146 autem
899 3101 1121 3162 tempore
1142 3091 1278 3145 misit
1312 3089 1540 3145 Herodes
1567 3106 1659 3144 rea:
1682 3106 1793 3143 ma-

257 3203 369 3250 nus,
412 3196 468 3239 ut
519 3186 763 3257 afﬂigeret
809 3185 1060 3255 quosdam
1108 3185 1171 3237 de
1210 3182 1457 3238 Ecclesia.
1499 3182 1554 3236 2.
1593 3181 1791 3236 Occidit

257 3288 420 3331 autem
464 3277 723 3331 Jacobum
754 3280 967 3348 fratrem
1007 3274 1228 3329 Joannis
1265 3275 1459 3345 gladio.
1506 3276 1560 3329 ὅ.
1608 3273 1792 3328 l’itlens

257 3378 417 3422 autent
440 3370 568 3440 quia
590 3369 809 3437 placeret
832 3366 1055 3434 Judtzis,
1085 3367 1323 3437 apposuit
1354 3374 1406 3419 ut
1436 3364 1790 3436 apprehende-

254 3471 324 3515 ret
344 3473 388 3514 et
422 3460 662 3514 Petrum.
695 3458 862 3513 Erant
880 3467 1051 3512 autem
1076 3457 1185 3512 dies
1215 3460 1547 3528 Azymorum.

260 3553 304 3604 l.
346 3551 501 3618 Quod
537 3550 668 3605 illud
696 3550 826 3604 dicit
859 3549 1112 3618 tempus?
1142 3549 1294 3616 Quod
1308 3564 1446 3618 .mox
1466 3547 1791 3619 sequebatur

196 3641 382 3712 utique.
417 3642 525 3698 Sed
562 3641 649 3696 hic
674 3640 892 3712 quidem
928 3640 1031 3696 hoc
1068 3651 1246 3710 pacto,
1298 3641 1425 3695 alibi
1449 3656 1579 3696 vero
1608 3656 1785 3696 secus.

195 3732 312 3787 Cum
336 3736 479 3788 enim
510 3733 795 3787 Matthmus
825 3733 993 3799 dicit,
1027 3731 1094 3787 In
1124 3734 1302 3787 diebus
1332 3734 1436 3787 illis
1464 3735 1593 3788 venit
1618 3733 1787 3788 Joan-

196 3843 272 3880 nes
296 3829 578 3895 prtcdicaus
619 3827 638 3899 (
665 3826 856 3882 Matth.
889 3829 941 3883 3.
975 3829 997 3882 l
1027 3827 1084 3898 );
1117 3844 1224 3882 non
1255 3838 1545 3897 sequentes
1572 3830 1688 3885 dies
1716 3830 1789 3885 si-

197 3917 414 3983 gniﬁcat,
463 3918 562 3973 sed
606 3918 748 3985 illos,
781 3919 833 3973 in
862 3919 1058 3989 quibus
1104 3918 1217 3974 ﬁeri
1263 3919 1490 3990 contigit
1540 3920 1592 3974 id
1644 3920 1786 3991 quod

198 4009 450 4066 narrabat.
503 4010 618 4065 lloe
663 4011 863 4081 quippe
912 4026 1067 4065 more
1116 4009 1286 4065 utitur
1330 4010 1608 4081 Scriptura
1644 4011 1788 4066 :ali-

196 4103 395 4168 quando
433 4118 557 4173 quae
585 4102 916 4172 subsequnta
962 4112 1089 4157 sunt
1121 4112 1339 4171 narrat;
1369 4103 1656 4175 aliquando
1687 4121 1786 4160 au-

197 4199 290 4245 tem
317 4210 432 4264 qua:
461 4205 650 4263 postea
678 4196 1040 4264 contigerunt,
1066 4209 1130 4249 ac
1168 4196 1212 4250 si
1242 4211 1363 4250 mox
1393 4205 1784 4267 sequerentur,

198 4299 442 4344 recenset.
482 4290 628 4346 liene
669 4301 846 4346 autem
891 4291 1041 4358 dicit,
1093 4291 1324 4347 Herodes
1369 4311 1459 4348 rea:
1486 4309 1503 4347 :
1531 4293 1616 4350 hic
1642 4295 1784 4349 enim

198 4394 291 4434 non
321 4393 430 4437 erat
457 4385 522 4450 is,
573 4385 814 4454 quicum
857 4386 1074 4442 Christo
1113 4398 1465 4442 memoratur.
1499 4387 1640 4443 Ecce
1684 4389 1785 4442 alia

199 4477 425 4530 tentatio.
456 4474 526 4531 Et
550 4477 692 4544 vide,
725 4477 865 4547 quod
895 4479 1047 4534 initio
1079 4479 1348 4544 dicebam,
1383 4481 1655 4550 quomodo
1700 4495 1787 4536 res

199 4577 484 4636 nectantur,
538 4570 811 4639 quomodo
859 4586 954 4640 per
995 4573 1228 4642 quietem
1282 4582 1336 4628 et
1383 4589 1479 4643 per
1518 4589 1786 4628 :erumnas

198 4663 358 4715 omnia
386 4672 767 4719 contexantur.
793 4663 908 4718 Non
945 4663 1057 4735 jam
1081 4665 1290 4732 Judaei,
1321 4681 1427 4721 non
1454 4666 1742 4721 concilium
1769 4684 1783 4732 ;

199 4751 282 4806 sed
299 4768 390 4808 rex
421 4754 664 4809 immittit
706 4770 921 4820 manus,
957 4764 1014 4810 ut
1041 4755 1262 4827 afﬂigat.
1313 4757 1484 4828 Major
1524 4767 1784 4828 potestas,

198 4847 392 4914 gravius
412 4847 462 4903 In
481 4840 636 4915 llu'm,
668 4851 901 4904 maxime
927 4851 1047 4920 quia
1083 4851 1150 4906 ad
1176 4851 1403 4921 gratiam
1451 4852 1782 4908 ludat-orum.

201 4936 382 4995 Occidit
407 4953 581 4997 autem
616 4942 869 4998 Jacobum
919 4945 1133 5014 fratrem
1174 4945 1394 5001 Joannis
1431 4947 1625 5018 gladio.
1656 4947 1785 5003 Sine

199 5045 340 5087 causa
366 5045 417 5090 et
446 5045 505 5090 ut
532 5051 661 5091 casu
687 5036 932 5108 contigit.
968 5037 1023 5092 Si
1050 5037 1170 5108 quis
1199 5047 1581 5108 veroquzerat,
1617 5053 1713 5093 cur
1733 5039 1784 5092 id

199 5128 487 5191 permiserit
560 5128 736 5194 Deus,
790 5129 1244 5198 respondebimus
1292 5121 1406 5200 pro‘
1442 5130 1548 5199 illis
1608 5131 1782 5200 ipsis:

200 5219 355 5285 primo
387 5221 628 5292 quidem,
664 5233 722 5277 ut
764 5225 1108 5293 persuaderet
1169 5225 1317 5295 ipsis,
1353 5241 1412 5281 se
1451 5227 1534 5280 vel
1575 5226 1784 5282 occisos

199 5315 496 5381 praevalere,
528 5323 585 5368 ut
619 5323 673 5370 et
716 5316 766 5370 in
807 5318 1084 5388 Stephano
1124 5320 1386 5390 contigit;
1437 5322 1696 5386 secundo,
1727 5333 1785 5378 ut

198 5399 333 5458 daret
357 5404 562 5461 Judaeis
603 5406 815 5472 locum,
849 5417 1132 5480 postquam
1165 5413 1400 5467 furorem
1447 5428 1604 5468 suum
1628 5429 1783 5470 exsa-

200 5496 458 5563 tiaveraut,
489 5498 838 5570 resipiscendi
865 5504 932 5558 ab
959 5504 1199 5566 insania;
1228 5508 1408 5574 tertio,
1443 5517 1500 5561 ut
1531 5509 1784 5564 ostende.

200 5599 270 5641 rct
294 5603 358 5645 ex
378 5593 736 5660 permissnone
769 5610 864 5649 sua
898 5596 947 5650 id
981 5594 1181 5652 laetum
1211 5614 1350 5654 esse.
1397 5599 1585 5654 Videns
1612 5611 1781 5656 autem

198 5681 304 5746 quia
322 5685 538 5752 placeret
558 5686 777 5752 Iudaeis,
808 5693 1048 5761 apposuit
1077 5704 1128 5746 ut
1165 5696 1569 5764 appro/tenderet
1596 5706 1642 5749 et
1675 5695 1778 5749 Pe-

200 5779 332 5828 trum.
360 5774 404 5832 0
429 5780 837 5848 perversitatem
872 5784 1176 5853 ingentem!
1208 5788 1320 5852 Qua
1346 5787 1396 5842 in
1423 5803 1481 5843 re
1511 5789 1782 5858 gratiﬁca-

200 5862 338 5920 batur
357 5869 504 5939 ipsis,
528 5871 708 5928 Ctedes
735 5876 903 5945 gratis
930 5886 984 5931 et
1016 5888 1223 5935 temere
1261 5879 1617 5950 perpetratis?
1646 5878 1778 5935 Erat

201 5967 345 6014 autem
381 5963 487 6019 dics
534 5965 865 6038 Azymorum.
914 5969 1110 6027 lterum
1156 5971 1425 6044 superﬂua
1461 5972 1777 6032 Judzcorum

1902 3090 2175 3144 accuratio
2207 3106 2219 3142 :
2247 3087 2497 3144 occidere
2515 3102 2622 3142 non
2645 3085 3021 3157 prohibebant,
3050 3087 3144 3142 sed
3167 3086 3253 3141 tali
3278 3095 3523 3158 tempore

1903 3183 2028 3237 talia
2059 3181 2360 3252 patrabaut.
2394 3182 2448 3236 4.
2486 3181 2648 3246 Quem
2689 3197 2804 3235 cum
2835 3181 3281 3252 apprehendisset,
3312 3182 3447 3236 misit
3466 3181 3522 3235 in

1897 3291 2174 3342 carcerem,
2201 3275 2405 3328 tradens
2431 3285 2656 3347 quatuor
2678 3273 3098 3345 quaternionibus
3121 3275 3358 3329 militum.
3393 3274 3522 3330 lltcc

1897 3381 1964 3424 ex
2019 3366 2199 3422 furore
2237 3376 2291 3422 et
2345 3375 2492 3422 metu
2537 3365 2697 3422 facta.
2749 3365 2971 3431 Occidit,
3022 3367 3217 3436 inquit,
3262 3366 3516 3422 Iacobum

1897 3464 2108 3532 fratrem
2133 3459 2352 3514 Joannis
2375 3459 2570 3530 gladio.
2595 3459 2842 3514 Vidistin‘
2868 3459 3086 3513 illorum
3107 3457 3520 3516 fortitudinem?

1895 3550 1976 3606 Ne
2022 3552 2143 3622 quis
2194 3551 2339 3606 enim
2370 3551 2596 3616 diceret,
2633 3550 2754 3605 ideo
2799 3551 2944 3620 ipsos
2996 3551 3115 3606 sine
3165 3552 3407 3618 periculo
3459 3562 3519 3608 et

1898 3651 2047 3698 metu
2077 3655 2306 3698 mortem
2339 3643 2490 3698 adire
2511 3686 2524 3707 ,
2554 3643 2678 3713 quia
2729 3643 2871 3698 Deus
2908 3644 3133 3699 eruebat
3178 3645 3344 3714 ipsos,
3398 3647 3518 3702 ideo

1895 3735 2142 3804 permisit
2175 3745 2231 3790 ut
2260 3734 2640 3790 occiderentur
2662 3775 2676 3800 ,
2710 3734 3052 3805 tnaximequc
3101 3737 3376 3808 corypba-i
3405 3780 3420 3802 ,
3462 3749 3520 3794 ut

1897 3828 2182 3884 homicidis
2226 3829 2560 3895 ostenderet,
2595 3829 2742 3900 ipsos
2777 3844 2950 3900 neque
2984 3830 3065 3885 sic
3111 3831 3380 3888 desistere
3418 3849 3516 3889 nc-

1895 3937 1999 3990 que
2024 3918 2316 3991 prohiberi.
2352 3922 2405 3976 5.
2438 3919 2626 3976 Petrus
2654 3922 2825 3992 itaque
2868 3923 3164 3976 servabatur
3187 3925 3236 3977 in
3268 3941 3470 3978 carcere
3497 3943 3514 3980 :

1895 4012 2061 4065 oratio
2109 4022 2278 4065 autem
2323 4012 2475 4081 ﬁebat
2514 4014 2623 4066 sine
2647 4014 3029 4068 intermissione
3071 4015 3134 4068 ab
3171 4015 3404 4070 Ecclesia
3447 4017 3511 4070 ad

1897 4105 2060 4160 Deum
2088 4123 2181 4176 pro
2210 4123 2290 4162 eo.
2334 4106 2464 4160 Erat
2512 4115 2637 4162 tunc
2683 4106 2750 4161 de
2795 4107 2971 4178 capite
3017 4119 3314 4162 certamen.
3360 4108 3515 4177 Quod

1895 4199 1984 4255 ille
2015 4201 2227 4254 occisus
2254 4212 2423 4265 esset,
2449 4200 2500 4256 id
2526 4202 2772 4256 timorem
2799 4201 2903 4255 illis
2927 4202 3241 4265 incutiebat,
3276 4203 3518 4273 itemque

1893 4290 2036 4361 quod
2070 4289 2156 4345 hic
2187 4291 2240 4345 in
2268 4305 2545 4347 carcerem
2573 4293 2855 4363 conjectns
2883 4304 3052 4349 esset.
3085 4295 3139 4349 6.
3164 4293 3290 4349 Cum
3339 4307 3515 4349 autem

1897 4383 2240 4452 producturus
2270 4400 2383 4438 eum
2410 4395 2537 4440 esset
2567 4383 2823 4452 Herodes,
2857 4397 3004 4440 nocte
3030 4388 3122 4442 illa
3158 4386 3346 4442 Petrus
3392 4391 3516 4443 dor-

1894 4475 2079 4530 miebat
2121 4478 2255 4530 inter
2297 4476 2428 4532 duos
2471 4478 2678 4541 milites,
2722 4479 2920 4533 vinctus
2968 4481 3158 4533 catenis
3199 4481 3437 4535 duabus:
3466 4492 3514 4536 et

1895 4571 2126 4625 custodes
2151 4581 2270 4625 ante
2301 4572 2486 4625 ostium
2525 4572 2874 4626 custodiebant
2905 4590 3187 4627 carcerem.
3222 4575 3275 4629 7.
3309 4573 3374 4628 Et
3402 4592 3514 4629 ecce

1894 4665 2105 4735 angelus
2139 4663 2351 4718 Domini
2377 4665 2593 4728 adstitit,
2618 4675 2664 4719 et
2692 4665 2864 4719 lumen
2893 4666 3094 4734 refulsit
3117 4667 3168 4720 in
3190 4666 3512 4732 habitacula;

1895 4772 2232 4826 percussaque
2257 4757 2414 4809 latere
2438 4755 2596 4821 Petri,
2627 4758 2865 4811 excitavit
2892 4758 3063 4823 illum,
3094 4761 3267 4814 dicens
3298 4759 3512 4832 :Surge

1893 4850 2151 4903 velociter.
2184 4849 2246 4904 lit
2271 4851 2558 4905 ceciderunt
2591 4863 2785 4906 cateuw
2815 4853 2953 4906 illius
2972 4852 3035 4907 de
3062 4853 3314 4908 manibus.
3348 4854 3504 4918 Vide,

1891 4944 1982 5016 illa
2017 4954 2175 4999 nocte
2208 4943 2380 5014 ipsum
2418 4945 2638 5014 eripuit.
2674 4944 2742 4998 Et
2775 4946 2945 4999 lumen
2972 4946 3175 5016 refulsit
3216 4949 3268 5002 in
3312 4948 3512 5003 habita-

1894 5019 2030 5102 cula,
2063 5053 2128 5091 ue
2177 5046 2389 5106 putaret
2432 5053 2554 5091 esse
2601 5047 2875 5106 spectrum
2909 5057 2922 5093 :
2956 5039 3131 5093 lucem
3179 5055 3308 5094 vero
3349 5055 3511 5096 nemo

1896 5129 2027 5184 vidit
2059 5141 2256 5199 przeter
2287 5130 2459 5183 illmn.
2498 5130 2722 5184 Etiamsi
2753 5130 2897 5184 enim
2930 5129 3034 5185 hoc
3061 5130 3132 5185 ita
3167 5130 3363 5186 factum
3390 5132 3511 5188 ine-

1893 5223 1994 5289 rit,
2026 5224 2074 5276 id
2111 5234 2287 5278 tamen
2318 5225 2406 5280 ille
2437 5225 2772 5295 phantasiam
2805 5240 2926 5280 esse
2957 5227 3216 5296 putabat,
3244 5227 3385 5297 quod
3421 5243 3509 5284 res

1893 5315 2261 5384 iuexslteclata
2311 5329 2489 5382 esset;
2551 5318 2650 5372 nisi
2708 5319 2778 5371 ita
2835 5317 3033 5373 laetum
3078 5318 3286 5386 luisset,
3337 5322 3508 5374 multo

1895 5409 2065 5476 magis
2107 5410 2476 5478 suspicaturus
2513 5419 2627 5463 erat
2659 5426 2672 5461 :
2706 5410 2774 5463 ita
2823 5423 3012 5465 contra
3056 5420 3288 5466 mortem
3331 5412 3506 5466 aciem

1893 5501 2257 5577 instruxerat;
2285 5503 2444 5572 idque
2465 5503 2587 5573 quia
2612 5512 2896 5573 postquam
2924 5504 3107 5558 multis
3124 5504 3316 5561 diebus
3345 5505 3507 5560 isthic

1893 5606 2181 5656 manserat,
2215 5596 2451 5650 nondum
2479 5607 2696 5667 ereptus
2743 5595 2950 5652 fuisset.
2979 5597 3046 5653 Et
3076 5613 3209 5664 cur,
3261 5600 3497 5668 inquies,

1893 5705 1998 5742 non
2028 5689 2271 5758 permisit
2318 5690 2457 5743 Deus
2498 5700 2553 5743 ut
2601 5689 2651 5743 in
2698 5706 2891 5745 manus
2924 5692 3192 5746 incideret
3242 5692 3497 5755 Herodis,

1889 5792 1945 5838 et
1975 5792 2102 5838 tunc
2123 5782 2358 5852 eripuit?
2386 5782 2522 5850 Quia
2561 5783 2692 5838 illud
2741 5784 2792 5837 in
2821 5795 3106 5854 stuporem
3129 5779 3456 5854 conjecisset
3487 5802 3502 5851 ;

1890 5874 1994 5931 hoc
2019 5886 2200 5931 autem
2232 5892 2328 5947 pro
2350 5877 2456 5932 illis
2484 5875 2667 5933 (iebat.
2695 5877 2880 5949 Neque
2909 5880 3052 5933 enim
3088 5889 3330 5948 putatum
3370 5877 3502 5933 fuis-

1890 5984 1972 6030 set
2000 5971 2148 6046 ipsos
2172 5987 2311 6030 esse
2343 5973 2612 6041 homines,
2646 5973 2691 6028 si
2737 5974 2919 6028 omnia
2962 5973 3218 6029 divinitus
3255 5973 3515 6030 iecisset.-
