4072 6478
608 422 704 475 191)

600 542 752 595 Circa
777 534 1099 603 Stephanum
1120 538 1309 584 autem
1340 526 1463 596 quid
1495 540 1597 579 non
1629 521 1796 576 fecit?
1823 536 1999 575 nonne
2032 528 2170 570 latit-

602 643 757 700 quam
787 624 960 691 angeli
989 621 1187 676 vultutn
1215 620 1295 673 eis
1324 614 1602 671 exhibuit?
1628 611 1761 678 Quid
1789 621 1966 664 autem
2011 616 2063 662 et
2091 607 2177 660 hic

602 729 745 775 retro
790 716 1033 771 relictum
1065 712 1185 767 est?
1227 711 1280 765 8.
1311 706 1455 762 Dixit
1484 714 1646 783 autem
1675 702 1881 773 angelus
1924 700 1991 767 qd
2017 714 2131 752 eum
2157 715 2177 752 :

602 809 865 878 Prasinge
888 815 952 869 te,
986 816 1032 858 et
1062 804 1229 857 calcea
1260 811 1306 854 te
1323 798 1512 869 caligas
1534 808 1665 849 tuas.
1686 794 1781 847 llic
1810 793 1968 846 etiam
1999 798 2178 843 osten-

600 901 678 953 dit
705 914 815 953 rem
846 912 947 950 non
975 910 1041 949 ex
1067 894 1190 947 dolo
1226 890 1415 945 factum
1453 888 1615 940 fuisse
1650 902 1661 937 :
1693 897 1849 938 nemo
1874 882 2053 945 enim,
2086 896 2174 948 qut

603 992 825 1047 festinus
857 987 1035 1042 fudere
1061 986 1207 1050 velit,
1243 992 1439 1036 tantam
1468 980 1904 1039 adliibeteurant,
1938 974 2173 1029 utetiam

601 1083 794 1151 caligas
825 1077 1081 1146 accipiat,
1113 1084 1166 1129 et
1195 1090 1253 1128 se
1287 1072 1591 1142 prmcingat.
1624 1068 1763 1122 Fecit
1790 1078 1957 1119 autem
1986 1066 2077 1119 sic.
2111 1063 2177 1117 Et

603 1174 731 1226 dixit
760 1172 835 1224 illi
858 1185 877 1223 :
904 1166 1174 1223 Circumda
1202 1166 1287 1218 tibi
1317 1165 1658 1217 vestimentum
1704 1170 1864 1223 tuum,
1912 1167 1955 1210 et
1978 1172 2179 1224 sequere

605 1281 701 1318 me.
732 1264 785 1318 9.
820 1262 885 1316 lit
926 1276 1152 1331 egressus
1193 1258 1485 1327 sequebatur
1518 1268 1669 1308 eum:
1696 1263 1740 1305 et
1779 1250 2022 1305 nesciebat
2061 1250 2177 1320 quia

608 1370 774 1408 verum
802 1363 904 1418 est,
932 1351 1065 1422 quod
1106 1350 1251 1417 ﬁebat
1274 1363 1363 1418 per
1382 1346 1650 1417 angelum;
1678 1340 1987 1397 existimabat
2011 1350 2178 1393 autem

602 1462 653 1496 se
675 1446 827 1496 visum
857 1444 1039 1495 videre.
1074 1440 1155 1495 10,
1187 1438 1525 1491 Transeuntes
1568 1444 1732 1487 autem
1781 1434 1994 1502 primam
2022 1441 2066 1483 et
2092 1445 2175 1483 se-

601 1536 815 1589 cundam
837 1534 1139 1594 custodiam,
1177 1538 1413 1583 venerunt
1452 1528 1517 1579 ad
1557 1535 1754 1595 portam
1785 1527 2036 1594 ferream,
2066 1536 2179 1591 qui:

602 1626 735 1679 ducit
760 1626 826 1677 ad
844 1625 1110 1684 civitatem,
1128 1602 1388 1691 quaeultra
1419 1628 1593 1685 aperta
1612 1627 1683 1669 est
1710 1616 1797 1668 eis.
1828 1614 1961 1668 Ecce
1988 1628 2177 1667 secun-

602 1718 726 1771 dum
755 1716 985 1785 signum.
1014 1699 1146 1767 Cum
1186 1711 1431 1766 discessit
1458 1710 1700 1779 angelus,
1750 1715 1877 1760 tunc
1918 1704 2178 1759 intellexit

603 1810 811 1863 Petrus.
845 1807 909 1861 Et
930 1816 1163 1861 exeuntes
1192 1813 1531 1873 processerunt
1550 1805 1708 1855 vicum
1738 1818 1912 1865 unum,
1944 1810 1990 1851 et
2014 1799 2148 1852 conti
2160 1829 2176 1838 -

603 1919 703 1956 nuo
734 1902 955 1955 discessit
983 1900 1189 1970 angelus
1219 1898 1278 1950 ab
1306 1914 1382 1950 eo.
1418 1898 1502 1951 11.
1538 1895 1601 1949 Et
1632 1894 1811 1948 Petrus
1840 1893 1905 1945 ad
1928 1908 1979 1945 se
2011 1906 2177 1943 recer-

600 2012 705 2057 sus,
730 1994 856 2047 dixit
885 2007 904 2047 :
935 1990 1088 2045 Nunc
1113 1993 1237 2056 scio,
1257 1990 1373 2059 quia
1396 2005 1503 2041 vere
1525 1988 1657 2039 misit
1672 1986 1917 2039 Dominus
1942 1984 2177 2053 angelum

601 2104 765 2150 suum,
795 2094 839 2139 et
868 2085 1047 2153 eripuit
1066 2101 1143 2137 me
1161 2085 1221 2137 de
1246 2100 1393 2135 manu
1426 2079 1662 2147 Herodis,
1687 2088 1733 2132 et
1756 2079 1815 2131 de
1837 2078 1972 2131 omni
2001 2092 2174 2145 exspe-

601 2182 816 2233 ctatione
835 2179 993 2250 plebis
1020 2176 1337 2231 Judworum.
1368 2173 1517 2229 Nunc
1542 2175 1664 2239 scio,
1693 2170 1882 2241 inquit,
1905 2185 2008 2223 non
2032 2180 2173 2222 tunc.

603 2270 709 2324 Cur
738 2285 824 2325 res
854 2270 925 2323 ita
956 2268 1128 2339 agitur
1149 2309 1163 2331 ,
1213 2282 1309 2321 nec
1350 2266 1534 2320 Petrus
1583 2265 1633 2318 in
1680 2262 1754 2318 rei
1781 2271 1943 2333 gesta:
1965 2276 2176 2315 scnsmn

604 2362 769 2427 venit,
802 2360 901 2415 etsi
927 2359 1014 2413 tali
1061 2358 1325 2413 frueretur
1361 2356 1672 2412 liberatione
1698 2396 1711 2420 ,
1743 2352 1955 2423 quando
1994 2364 2179 2405 omnes

604 2452 762 2505 soluti
789 2451 980 2506 erant?
1004 2449 1297 2505 Confestim
1327 2448 1437 2501 vult
1464 2448 1610 2501 illum
1642 2444 1878 2507 liberari,
1912 2452 1965 2497 et
1991 2453 2175 2512 postea

604 2545 655 2597 in
681 2545 752 2597 rei
777 2558 989 2597 sensum
1024 2543 1225 2596 venire.
1254 2540 1403 2608 Quod
1440 2553 1564 2593 vero
1594 2548 1797 2593 catena:
1828 2536 1894 2589 de
1937 2531 2179 2588 manibus

604 2634 717 2702 ejus
742 2633 1052 2697 ceciderint,
1084 2646 1329 2700 maguum
1354 2640 1466 2683 erat
1488 2629 1696 2698 signum
1728 2624 1867 2696 quod
1892 2640 1995 2679 non
2027 2622 2179 2694 fuge-

604 2736 704 2781 ret.
736 2725 819 2780 l2.
851 2724 1279 2792 Consideransque
1302 2723 1434 2775 venit
1478 2721 1544 2772 ad
1569 2728 1771 2771 domum
1800 2717 1983 2770 Maria:
2009 2715 2183 2768 matris

605 2816 840 2881 Joannis,
889 2816 973 2884 qui
1017 2813 1464 2884 cognominabatur
1491 2810 1725 2874 Mai-cus,
1755 2810 1838 2862 ubi
1866 2818 2005 2862 erant
2040 2808 2183 2861 multi

607 2907 894 2977 congregati
918 2916 963 2958 et
987 2914 1204 2958 orantes.
1234 2905 1318 2958 15.
1351 2902 1597 2955 Pulsante
1622 2911 1785 2954 autem
1807 2900 1960 2955 Petro
2004 2901 2183 2954 ostium

606 3001 795 3070 fanum,
830 2997 1067 3065 processit
1092 2996 1258 3066 puella
1295 2997 1361 3047 ad
1387 2995 1717 3059 audiendum,
1754 2993 1955 3046 nomine
1980 2991 2177 3045 Rhode.

609 3088 694 3143 Μ.
727 3086 793 3140 Et
816 3097 865 3138 ut
887 3086 1113 3156 cognovit
1134 3101 1299 3138 vocent
1328 3084 1487 3150 Petti,
1508 3100 1613 3154 pra:
1638 3084 1821 3152 gaudio
1855 3098 1954 3135 non
1986 3082 2184 3151 aperuit

606 3179 838 3250 ianuam.
878 3176 1154 3246 Perpende
1184 3177 1397 3231 Petrum
1428 3192 1532 3229 non
1564 3177 1740 3229 statim
1772 3173 2047 3238 accedere,
2090 3174 2184 3227 sed

609 3269 757 3339 prius
809 3270 928 3322 lteta
970 3270 1088 3323 suis
1121 3269 1387 3322 nuntiare.
1429 3268 1708 3321 Accurrens
1739 3278 1905 3319 autent
1944 3266 2187 3319 nuntiavit

611 3372 748 3416 stare
774 3359 979 3413 Petrum
1006 3370 1119 3413 ante
1149 3361 1385 3431 januam.
1416 3360 1498 3413 15.
1528 3358 1554 3410 Ι
1564 3359 1622 3411 lli
1654 3368 1819 3411 autent
1859 3358 2091 3411 dixerunt
2120 3357 2187 3409 ad

615 3467 722 3505 eam
743 3463 766 3505 .'
787 3450 1008 3505 Insanis.
1036 3449 1140 3504 Illa
1163 3461 1332 3503 autem
1352 3450 1629 3520 afﬁrmabat
1651 3451 1721 3503 sic
1748 3467 1801 3504 se
1820 3450 2019 3504 habere.

681 3541 737 3595 2.
781 3541 911 3596 Vide
940 3551 993 3595 ct
1020 3542 1238 3594 ancillas
1268 3542 1459 3609 pietate
1491 3541 1689 3609 plenas.
1722 3540 1835 3595 Ρη
1866 3541 2056 3609 gaudio
2083 3556 2186 3594 non

614 3633 821 3701 aperuit
852 3632 1041 3685 ostium
1071 3646 1085 3696 ;
1117 3631 1188 3683 illi
1220 3646 1345 3685 vero
1378 3646 1435 3684 re
1465 3633 1534 3683 ita
1564 3642 1715 3701 gesta
1745 3630 2059 3685 renuebant.
2084 3630 2189 3684 Illa

611 3722 885 3794 aﬂ‘irmabat
923 3722 993 3776 sic
1020 3738 1072 3775 se
1102 3718 1301 3774 habere.
1351 3719 1442 3774 Illi
1470 3732 1634 3775 autent
1663 3721 1923 3784 dicebant,
1968 3722 2189 3791 Angelus

611 3814 720 3883 ejus
748 3822 839 3867 est.
893 3813 979 3867 16.
1026 3810 1207 3865 Petrus
1246 3826 1361 3864 vero
1404 3812 1741 3880 perseverabat
1784 3811 2014 3882 pulsans.
2062 3809 2189 3866 Cum

612 3915 775 3959 autem
804 3906 1113 3972 aperuissent
1138 3944 1151 3966 ,
1185 3902 1413 3956 viderunt
1442 3920 1551 3957 eum
1575 3944 1585 3966 ,
1618 3913 1665 3957 et
1696 3903 2074 3973 obstupuerunt.
2101 3903 2187 3956 17.

614 3998 853 4053 Annaeus
884 4008 1049 4052 autem
1081 3997 1152 4049 eis
1181 4012 1333 4049 manu
1363 4004 1416 4048 ut
1447 4005 1660 4049 tacerent
1686 4036 1699 4061 ,
1731 3998 1953 4048 narravit
1978 3996 2048 4047 eis
2070 4011 2191 4062 quo-

616 4090 765 4142 modo
812 4087 947 4143 Deus
976 4087 1228 4141 eduxisset
1259 4103 1370 4141 eum
1400 4087 1461 4140 de
1492 4104 1709 4153 carcere,
1743 4087 1968 4153 dixitque
1989 4102 2008 4139 :
2038 4085 2189 4139 Nunc

616 4184 735 4234 tiate
759 4180 947 4234 Jacobo
972 4190 1016 4234 et
1046 4177 1287 4249 fratribus
1314 4178 1441 4232 Ittec.
1470 4178 1533 4231 Et
1564 4195 1787 4249 egressus
1811 4180 1932 4231 abiit
1962 4180 2008 4231 in
2036 4179 2193 4231 alium

618 4274 797 4327 larunt.
844 4273 1164 4342 Repetamus
1195 4272 1352 4341 igitur
1379 4271 1568 4324 seriem
1598 4271 1933 4325 narrationis.
1966 4269 2067 4323 Illo
2098 4287 2192 4322 au-

620 4375 717 4418 tem
769 4374 1021 4433 tempore,
1073 4363 1267 4431 inquit,
1318 4362 1449 4415 misit
1492 4360 1717 4415 Herodes
1753 4378 1841 4415 rea:
1876 4378 2055 4415 manus
2085 4402 2099 4427 ,
2141 4369 2194 4413 ut

620 4456 851 4527 afﬂigeret
882 4454 1122 4525 quosdam
1159 4455 1220 4506 de
1252 4453 1496 4506 Ecclesia.
1543 4452 1701 4519 Quasi
1744 4452 1851 4506 fera
1899 4460 2099 4507 temere
2142 4460 2197 4505 et

620 4548 739 4601 sine
784 4561 940 4599 causa
984 4559 1169 4599 omnes
1212 4544 1429 4597 invadit.
1479 4543 1591 4597 lloc
1637 4552 1753 4607 est,
1803 4542 1944 4612 quod
1987 4542 2193 4597 dicebat

618 4637 862 4692 Christus
892 4654 905 4691 :
940 4638 1157 4691 Calicem
1180 4678 1194 4699 ,
1230 4654 1375 4707 quem
1407 4653 1496 4705 ego
1526 4636 1768 4689 bibiturus
1806 4653 1952 4701 sum,
1984 4636 2155 4690 bibetis
2178 4652 2197 4689 :

620 4731 666 4774 et
689 4722 935 4790 baptismo
953 4764 967 4787 ,
991 4738 1090 4791 quo
1111 4738 1200 4791 ego
1216 4721 1459 4790 baptizor,
1496 4721 1868 4790 baptisabimini
1896 4720 2083 4790 (Marc.
2109 4720 2195 4775 10.

623 4812 732 4881 39).
784 4810 977 4866 Occidit
1002 4820 1167 4865 autem
1187 4852 1202 4879 ,
1232 4812 1399 4882 inquit
1421 4854 1433 4877 ,
1464 4810 1708 4863 Jacobum
1748 4814 1955 4880 fratrem
1985 4810 2199 4864 Joannis

624 4904 812 4973 gladio.
844 4904 910 4957 Et
936 4920 1032 4959 cur
1054 4944 1068 4970 ,
1103 4905 1338 4974 inquies,
1374 4920 1477 4958 non
1510 4903 1685 4957 statim
1721 4904 1934 4957 Petrum
1965 4903 2200 4957 occidit?

625 4993 847 5047 Causam
890 4996 1118 5063 scriptor
1156 4995 1309 5051 affert
1349 5012 1362 5047 ε
1419 4994 1577 5047 Erant
1622 4997 1753 5047 enim
1782 5036 1795 5061 ,
1844 4995 2045 5063 inquit,
2094 4995 2200 5048 dies

625 5086 926 5154 Ast/morum
950 5100 969 5138 :
1006 5094 1061 5139 et
1090 5086 1203 5154 ejus
1232 5101 1412 5139 necem
1444 5074 1801 5139 volebatieum
1835 5087 2019 5151 majori
2051 5087 2199 5140 cele-

628 5176 821 5231 britate
854 5176 990 5230 fieri.
1034 5176 1111 5231 Illi
1157 5177 1313 5245 igitur
1343 5176 1412 5230 ob
1451 5176 1863 5231 admonitionem
1893 5178 2201 5233 Camalielis

623 5254 731 5333 jani
785 5282 811 5318 a
861 5266 1097 5322 caedibus
1145 5267 1519 5332 abstinebant;
1572 5268 1805 5338 alioquin
1857 5284 1982 5323 vero
2031 5285 2201 5339 neque

634 5370 823 5411 causas
854 5357 1230 5420 inveniebant;
1264 5357 1358 5413 sed
1393 5374 1486 5426 per
1512 5358 1643 5412 alios
1671 5373 1731 5412 ea
1776 5360 1886 5427 ipsa
1927 5360 2200 5414 machina-

632 5446 841 5502 hautur.
884 5448 1017 5513 Quia
1050 5464 1173 5503 vero
1200 5450 1332 5504 alius
1361 5460 1475 5505 erat
1504 5450 1749 5514 Jacohus,
1781 5452 1942 5507 frater
1970 5454 2199 5516 Domini,

632 5537 752 5591 ideo
781 5541 1071 5610 designavit
1098 5541 1283 5595 dicens
1308 5583 1322 5607 ,
1361 5540 1595 5595 Fratrem
1627 5541 1863 5614 Joannis.
1908 5545 2091 5599 V'ideu‘
2120 5560 2203 5600 re-

631 5646 749 5685 rum
781 5647 1039 5688 summam
1087 5650 1248 5704 penes
1280 5633 1377 5689 ltos
1421 5644 1527 5689 tres
1574 5634 1770 5701 fuisse,
1803 5638 2031 5693 maxime
2077 5652 2202 5693 vero

634 5739 797 5792 penes
829 5725 1039 5781 Petrum
1076 5738 1128 5782 et
1156 5726 1454 5782 Jacobumi
1486 5726 1597 5780 lloe
1625 5728 1853 5783 maxime
1883 5731 2203 5786 condemna-

636 5813 707 5867 tio
753 5812 958 5870 illorum
1000 5826 1131 5873 erat.
1161 5816 1277 5872 Non
1306 5817 1447 5873 enim
1487 5816 1594 5887 jam
1626 5816 1853 5873 humana
1897 5822 2199 5890 praedicatio

1385 408 1440 465 S.
1481 405 1754 464 JOANXIS
1790 402 2262 462 CIIRYSOSTOMI
2303 393 2618 452 ARCHIEP.
2660 392 3185 449 CONSTANTINOP.

3766 396 3865 447 2οΠ

2281 510 2681 575 ostendebatur,
2710 519 2763 563 et
2796 525 2923 565 vere
2951 509 3273 579 implebatur
3299 507 3424 561 illttd
3444 548 3457 570 ,
3493 507 3759 562 )Estitnati
3786 529 3868 563 su-

2284 622 2395 657 mus
2421 604 2547 657 sicut
2573 619 2684 656 oves
2709 603 2971 656 occisionis
2992 602 3175 670 (Psal.
3199 601 3286 657 43.
3309 601 3379 656 22
3396 602 3432 671 ).
3466 601 3651 655 Videtis
3679 612 3870 664 autem,

2282 693 2490 756 inquit,
2534 693 2653 760 quia
2685 693 2905 746 placeret
2935 692 3167 759 Judaris,
3208 692 3443 761 apposuit
3484 701 3537 744 ut
3577 692 3867 762 apprehen-

2281 787 2417 836 derct
2468 799 2513 836 et
2561 788 2791 835 Petrum.
2840 783 3088 837 Placebat
3129 784 3339 851 etedes,
3370 794 3423 839 et
3452 784 3626 838 czcdes
3666 786 3864 855 iniqua.

2280 873 2460 942 Magna
2491 873 2717 927 llerodis
2747 874 2983 936 insania;
3008 875 3252 929 absurdis
3273 891 3458 929 eorum
3490 877 3868 948 cupiditatibus

2282 964 2563 1019 serviebat.
2608 964 2740 1017 Cum
2785 965 3113 1033 oportuisset
3139 967 3280 1019 enim
3308 969 3629 1021 contrarium
3658 968 3865 1033 facere,

2283 1064 2337 1107 et
2377 1054 2589 1108 illorum
2637 1054 2893 1124 impetum
2934 1069 3224 1120 coercere,
3271 1056 3357 1112 ille
3399 1068 3583 1112 contra
3615 1059 3869 1114 incitabat

2283 1147 2433 1215 quasi
2476 1145 2715 1200 carnifex
2756 1147 2974 1217 quidam
3010 1148 3415 1217 aegrotandum,
3459 1164 3564 1203 tton
3599 1167 3722 1205 vero
3753 1168 3869 1206 me-

2283 1237 2435 1289 dicus
2457 1278 2471 1302 ,
2504 1238 2710 1290 etiamsi
2742 1237 2904 1291 millia
2937 1239 3176 1307 exempla
3211 1238 3468 1305 haberet,
3498 1251 3548 1295 et
3575 1242 3658 1296 avi
3685 1254 3737 1296 et
3771 1254 3867 1310 pa-

2284 1328 2378 1381 tris
2418 1328 2686 1393 llerodis;
2731 1339 2785 1383 et
2827 1330 3096 1399 quomodo
3134 1330 3224 1385 ille
3264 1330 3478 1400 quidem
3522 1342 3741 1403 pr0pter
3766 1349 3870 1388 cae-

2280 1418 2400 1473 dem
2460 1420 2737 1474 infantium
2800 1437 2987 1491 magna
3042 1422 3267 1478 subierit
3322 1424 3498 1490 mala;
3560 1424 3646 1479 hie
3695 1442 3867 1492 vero,

2278 1510 2483 1566 Joanne
2520 1527 2663 1568 cteso
2688 1554 2703 1578 ,
2734 1528 2896 1581 grave
2927 1513 3121 1568 bellum
3168 1514 3498 1569 excitaverit.
3558 1516 3717 1583 Quem
3756 1534 3871 1571 cum

2280 1606 2698 1674 apprehendisset
2722 1647 2737 1672 ,
2773 1605 2943 1676 inquit
2969 1647 2984 1672 ,
3022 1607 3154 1661 misit
3183 1607 3235 1660 in
3262 1624 3531 1662 carcerem.
3562 1608 3825 1665 Metuebat
3852 1650 3868 1676 ,

2284 1713 2350 1751 ne
2381 1708 2597 1767 propter
2626 1698 2871 1753 timorem
2904 1715 2967 1754 ex
3003 1710 3175 1754 morte
3205 1699 3388 1755 Jacobi
3420 1714 3737 1773 conceptum
3779 1717 3873 1757 se.

2281 1791 2499 1846 cederet
2543 1792 2733 1847 Petrus
2760 1811 2773 1846 :
2805 1804 2856 1847 et
2887 1803 2942 1847 ut
2974 1795 3024 1848 in
3058 1804 3171 1847 tuto
3201 1805 3453 1865 poneret,
3484 1798 3628 1851 misit
3669 1798 3718 1851 in
3748 1813 3873 1851 car-

2282 1896 2485 1936 cerem.
2528 1884 2645 1948 Quo
2672 1885 2970 1938 accuratior
2994 1886 3233 1939 custodia
3255 1928 3268 1949 ,
3301 1902 3367 1941 eo
3407 1887 3697 1943 mirabilius
3743 1904 3869 1958 spe-

2280 1972 2566 2025 ctaculum.
2602 1972 2715 2028 Hoc
2758 1983 2936 2028 autem
2968 1975 3131 2031 Petro
3180 1978 3561 2045 conducebat,
3612 1980 3700 2049 qui
3747 1980 3873 2036 hinc

2285 2061 2556 2129 probatior
2594 2063 2815 2119 eﬂ’ectus
2860 2074 2979 2133 est,
3027 2075 3081 2121 et
3124 2066 3490 2124 fortitudinem
3532 2085 3681 2125 suam
3720 2073 3876 2127 exhi-

2283 2150 2417 2207 buit.
2454 2152 2629 2208 Oratio
2656 2167 2852 2219 autem,
2896 2156 3097 2227 inquit,
3142 2160 3293 2227 ﬁebat
3333 2160 3440 2216 sine
3483 2163 3871 2219 intermissione.

2284 2244 2497 2299 Amoris
2531 2242 2787 2299 indicium
2820 2256 2934 2301 erat
2971 2249 3161 2302 oratio.
3209 2248 3418 2305 Patrem
3450 2266 3636 2308 omnes
3662 2269 3873 2324 quaere-

2282 2334 2408 2389 bant
2429 2378 2442 2400 ,
2477 2348 2677 2404 patrem
2711 2348 3068 2394 mansuetum.
3096 2341 3221 2395 Sine
3250 2343 3650 2411 intermissione,
3678 2346 3871 2416 inquit,

2284 2428 2445 2479 oratio
2475 2446 2566 2497 pro
2604 2429 2694 2482 illo
2719 2430 2888 2497 ﬁebat.
2914 2431 3106 2487 Audite
3126 2474 3141 2499 ,
3174 2450 3280 2503 quo
3311 2447 3490 2489 essent
3517 2435 3708 2492 affectu
3748 2453 3875 2509 erga

2283 2515 2531 2571 doctores
2558 2532 2703 2574 suos.
2750 2520 2865 2575 Non
2919 2524 3406 2590 tumultuabantur,
3451 2543 3555 2583 non
3590 2529 3879 2585 turbaban-

2285 2615 2406 2672 tur;
2452 2611 2545 2663 sed
2578 2611 2642 2664 ad
2679 2614 2975 2668 orationem
3018 2618 3158 2671 versi
3200 2630 3354 2686 sunt,
3396 2636 3579 2675 verum
3621 2632 3672 2677 et
3715 2623 3875 2679 inex-

2294 2702 2579 2768 pugnabile
2601 2706 2967 2761 commilitium
2998 2726 3010 2761 :
3042 2709 3107 2762 ad
3148 2710 3289 2765 illam
3331 2712 3717 2784 confugiebant.
3759 2716 3876 2772 Non

2286 2790 2538 2849 dicebant
2568 2814 2579 2848 :
2628 2796 2856 2853 llumilis
2884 2816 2982 2870 ego
3014 2811 3069 2856 et
3108 2804 3303 2859 nullius
3334 2808 3485 2876 pretii
3514 2824 3609 2877 pro
3641 2809 3729 2863 illo
3758 2826 3878 2866 ora-

2288 2897 2398 2937 rem
2430 2885 2442 2937 ε
2469 2885 2601 2952 Quia
2626 2887 2767 2941 enim
2800 2906 2863 2945 ex
2892 2894 3112 2947 caritate
3135 2895 3392 2965 agebant,
3418 2898 3550 2953 nihil
3576 2899 3878 2971 hujusmodi

2284 2975 2612 3042 cogitabant.
2660 2976 2749 3031 Vis
2788 2979 2999 3036 discere
3042 2994 3238 3052 quanta
3289 2989 3368 3041 vel
3422 2989 3574 3045 inviti
3609 2991 3879 3051 fecerint?

2286 3059 2408 3116 illo»
2440 3064 2771 3133 probatiores
2798 3070 3189 3141 cxltibucrunt,
3219 3074 3319 3133 hos
3346 3078 3709 3150 diligentiores
3738 3084 3882 3141 fece-

2287 3166 2431 3211 runt.
2466 3158 2530 3212 Et
2562 3160 2681 3215 vide
2715 3164 3041 3222 teutationes
3070 3169 3123 3223 in
3153 3169 3288 3225 festo
3313 3171 3400 3228 die
3428 3174 3690 3245 inductas,
3720 3189 3779 3233 ut
3805 3180 3881 3237 illi

2290 3249 2547 3305 clariores
2589 3263 2794 3307 essent.
2843 3254 2967 3311 Cum
3007 3271 3175 3313 autent
3216 3265 3555 3333 producturus
3593 3287 3703 3323 eum
3754 3284 3883 3328 esset

2292 3338 2554 3407 Ilerodes,
2605 3344 2813 3413 inquit,
2859 3361 3003 3403 nocte
3046 3352 3138 3405 illa
3189 3352 3367 3409 Petrus
3411 3358 3702 3417 dormiebat.
3751 3362 3883 3420 Vide

2291 3431 2507 3488 Petrum
2548 3434 2903 3493 dormientem
2932 3481 2947 3507 ,
2993 3458 3092 3497 nec
3135 3452 3341 3501 terrore
3381 3449 3462 3503 vel
3506 3460 3648 3506 metu
3693 3454 3884 3512 deten-

2294 3534 2421 3576 tum.
2457 3525 2529 3578 Ea
2561 3526 2672 3595 ipsa
2705 3539 2890 3596 nocte,
2936 3547 3037 3601 qua
3072 3535 3443 3601 producendus
3470 3552 3617 3606 erat,
3649 3545 3887 3603 dormieo

2296 3615 2415 3681 bat,
2452 3620 2629 3672 omnia
2663 3621 2712 3673 in
2745 3622 2910 3676 Deum
2945 3627 3212 3693 rejiciens.
3252 3628 3360 3685 Nec
3403 3634 3718 3703 simpliciter
3759 3638 3888 3696 dor-

2293 3709 2509 3775 miebat,
2537 3710 2652 3777 sed,
2676 3711 2815 3767 Inter
2834 3715 2961 3769 duos
2988 3719 3195 3785 milites,
3216 3722 3406 3777 vinctus
3437 3732 3624 3782 catenis
3664 3730 3884 3788 duabus.

2291 3797 2437 3854 Inter
2461 3802 2587 3856 duos
2615 3804 2757 3859 enim
2776 3848 2789 3869 ,
2823 3808 3026 3878 inquit,
3051 3811 3233 3867 milites
3263 3826 3371 3869 erat
3398 3818 3671 3887 dortniens,
3693 3824 3887 3880 vinctus

2294 3895 2491 3951 duabus
2518 3901 2729 3954 catenis.
2779 3900 2964 3959 Viden‘
3006 3922 3163 3975 quam
3207 3922 3450 3967 accurata
3494 3918 3773 3973 custodia?
3817 3920 3887 3975 Et

2295 4002 2406 4040 ecce
2441 3988 2650 4059 angelus
2695 3991 2933 4059 Domini,
2969 3996 3170 4067 inquit,
3201 4002 3434 4072 adstitit,
3475 4007 3675 4077 dicens,
3720 4010 3888 4084 Surge

2295 4079 2548 4134 velociter.
2581 4082 2925 4141 Dormiebant
2957 4089 3113 4144 simul
3145 4096 3393 4149 custodes
3421 4114 3432 4149 :
3468 4098 3589 4153 ideo
3627 4102 3756 4157 nihil
3803 4079 3889 4175 ge-

2295 4181 2498 4227 storum
2528 4189 2831 4233 senserunt.
2865 4179 3068 4236 Lumen
3103 4199 3231 4239 vero
3270 4187 3498 4257 refulsit,
3520 4199 3578 4245 ut
3602 4202 3656 4247 et
3684 4195 3888 4251 videret

2297 4272 2349 4317 et
2377 4265 2585 4321 audiret
2614 4266 2803 4324 Petrus
2823 4312 2838 4338 ,
2874 4287 2973 4327 nec
3001 4284 3213 4344 putaret
3240 4278 3571 4347 phantasiam
3623 4301 3761 4344 esse.
3806 4289 3888 4347 Ne

2300 4368 2424 4447 vero
2454 4358 2687 4447 segniter
2707 4371 2888 4430 ageret
2908 4404 2923 4427 ,
2951 4363 3087 4419 latus
3115 4367 3231 4435 ejus
3255 4374 3501 4439 percutit.
3520 4373 3703 4447 Neque
3726 4381 3889 4437 modo

2300 4444 2477 4508 audit,
2506 4445 2708 4517 Surge;
2735 4452 2827 4505 sed
2851 4455 3010 4507 etiam
3032 4456 3271 4525 additur,
3309 4459 3549 4517 Velociter
3571 4483 3590 4519 .·
3614 4444 3715 4522 tam
3738 4482 3891 4528 arcte

2301 4535 2618 4627 dormiebat.
2645 4540 2983 4599 Existintabat
3009 4560 3175 4603 autem
3202 4569 3256 4605 se
3281 4554 3437 4607 visunt
3464 4558 3626 4612 videre
3644 4602 3658 4624 ,
3694 4563 3887 4627 inquit.

2306 4626 2645 4683 Pertransivit
2666 4643 2833 4687 autem
2864 4638 3079 4703 primam
3100 4651 3147 4693 et
3167 4644 3434 4697 secundant
3463 4626 3887 4710 ctistodianuUlii

2304 4734 2445 4775 nunc
2484 4732 2607 4777 sunt
2650 4723 2931 4781 haeretici?
2978 4728 3260 4798 Quomodo
3302 4740 3669 4805 pertransiei-it
3708 4744 3892 4801 dicant

2306 4811 2495 4864 nobis:
2546 4813 2636 4867 sed
2665 4830 2768 4869 non
2802 4828 3079 4887 poterunt.
3128 4823 3285 4893 Atqui
3330 4837 3547 4897 propter
3591 4830 3693 4889 hoc
3736 4836 3888 4891 illum

2305 4902 2505 4993 accingi
2534 4904 2685 4973 jubet
2713 4918 2768 4962 et
2796 4909 3026 4966 calceari
3049 4953 3063 4977 ,
3098 4923 3155 4967 ut
3184 4926 3237 4968 et
3267 4914 3389 4971 hinc
3415 4919 3487 4973 illi
3527 4927 3887 4993 persuadeat,

2309 4991 2409 5045 hoc
2436 5009 2539 5048 non
2567 5012 2685 5051 esse
2714 4999 3063 5067 phantasma;
3112 5014 3273 5073 utque
3302 5020 3546 5069 somnum
3574 5024 3844 5069 excuteret

2306 5088 2571 5158 sciretque
2598 5108 2711 5145 rem
2740 5108 2861 5147 esse
2894 5110 3092 5150 veram.
3124 5097 3246 5154 ideo
3272 5102 3449 5157 statim
3480 5106 3783 5163 ceciderunt
3806 5126 3891 5165 ca-

2310 5188 2442 5233 tena}
2477 5182 2543 5235 de
2590 5185 2831 5239 manibus
2861 5187 3011 5256 ejus,
3048 5200 3103 5245 et
3145 5192 3377 5259 audivit,
3423 5195 3592 5268 Surge
3633 5202 3885 5260 uelociter.

2309 5270 2419 5327 lloe
2446 5289 2574 5328 vero
2603 5292 2707 5330 non
2736 5280 3094 5345 perturbantis
3121 5294 3235 5349 est,
3266 5287 3360 5341 sed
3392 5292 3662 5344 monentis
3692 5308 3758 5346 ne
3784 5294 3891 5347 dif-

2306 5359 2487 5418 ferret.
2522 5365 2589 5420 Et
2619 5370 2900 5437 nesciebat,
2946 5373 3151 5444 inquit,
3180 5380 3298 5447 quia
3328 5396 3497 5435 verum
3528 5393 3598 5436 est
3629 5384 3680 5436 id
3700 5428 3716 5451 ,
3752 5390 3891 5455 quod

2308 5455 2458 5522 ﬁebat
2488 5475 2577 5526 per
2601 5463 2836 5532 angelum
2860 5481 2878 5517 :
2907 5467 3219 5523 existimabat
3246 5483 3410 5525 autem
3440 5492 3493 5529 se
3520 5478 3676 5529 visum
3704 5481 3887 5535 videte.

2309 5544 2437 5602 Jure
2457 5589 2470 5607 .
2502 5552 2571 5603 ob
2599 5566 2775 5605 rerum
2805 5563 3071 5623 gestarum
3103 5560 3503 5619 sublimitatem.

2382 5642 2434 5695 5.
2480 5640 2685 5708 Viden‘,
2716 5655 2912 5713 quanta
2939 5648 3008 5703 sit
3034 5650 3167 5721 signi
3196 5655 3546 5724 magnitudo?
3582 5674 3735 5729 quam
3762 5676 3887 5731 per-

2310 5732 2468 5786 eellat
2507 5733 2812 5790 videnti-in?
2857 5754 3015 5808 quam
3065 5746 3381 5802 incredibile
3427 5750 3551 5803 illud
3603 5754 3889 5810 videatur?

2312 5820 2442 5878 Nam
2474 5826 2517 5881 si
2554 5826 2743 5884 Petrus
2776 5838 2922 5887 tanto
2953 5842 3191 5906 tempore
3218 5853 3274 5894 se
3300 5840 3470 5896 visum
3497 5842 3675 5901 videre
3701 5846 3885 5904 existi-
