4082 6548
236 515 320 571 9m
1175 495 1240 551 1N
1281 491 1457 548 ACTA
1501 479 2029 542 APOSTOIDRUM.
2073 479 2302 535 lIOillL.
2349 475 2538 533 XXVI.

237 633 427 692 iualiat,
457 624 558 679 etsi
590 620 912 692 przccinctus
941 623 995 670 et
1023 612 1330 668 calceatus:
1379 604 1502 674 quid
1535 603 1672 656 alius
1700 615 1806 652 non

238 736 406 792 passus
443 724 590 772 esset
613 715 638 768 ‘i
663 712 1044 772 Transeuntes,
1077 705 1277 773 inquit,
1312 701 1527 769 primaut
1561 706 1606 748 et
1631 709 1815 746 secun-

235 830 337 866 amn
390 810 710 872 custodiam,
763 810 1002 859 uenerunt
1053 798 1120 850 ad
1181 805 1378 864 portant
1438 795 1654 860 ferream
1698 801 1716 838 :
1768 793 1815 837 et

235 917 452 961 euantes
488 908 837 971 processerunt
871 895 1033 948 vicum
1069 906 1225 943 unum
1255 898 1299 940 et
1325 885 1560 939 continuo
1585 877 1815 932 discessit

238 1001 432 1069 angelus
454 997 514 1050 ab
538 1011 612 1049 eo.
637 991 768 1059 Qtue
789 991 931 1042 intus
954 986 1089 1040 faeta
1113 992 1256 1043 sunt,
1282 977 1607 1032 mirabiliora
1624 981 1811 1032 erant;

241 1092 330 1145 hoc
358 1105 486 1142 vero
513 1087 765 1151 deinceps
797 1078 1100 1133 humanius.
1130 1075 1262 1128 Cum
1294 1070 1423 1124 nihil
1447 1077 1562 1121 erat
1586 1061 1815 1133 impedi-

239 1183 425 1246 iunoni,
460 1177 709 1234 discessit
742 1174 983 1243 angelus.
1030 1170 1212 1237 Neque
1239 1165 1381 1219 enim
1428 1156 1815 1227 pertransisset

238 1277 409 1329 I’etrtts
428 1315 445 1340 ,
478 1287 597 1326 cum
633 1279 706 1323 tot
738 1275 928 1322 essent
958 1264 1137 1318 obices
1165 1279 1178 1314 :
1207 1273 1333 1312 vere
1363 1268 1593 1321 namque
1627 1261 1814 1317 stupor

230 1369 420 1419 aderat.
474 1363 626 1416 Nunc
655 1361 790 1416 scio.
839 1357 1044 1424 inquit,
1078 1353 1196 1423 quia
1237 1365 1347 1403 vere
1376 1348 1511 1400 misit
1564 1342 1813 1397 Dominus

230 1459 448 1529 angelum
495 1473 680 1519 suum,
737 1462 780 1506 et
822 1451 1008 1513 eripuit
1051 1464 1130 1500 me
1168 1447 1230 1498 de
1267 1459 1420 1496 manu
1465 1437 1683 1492 Herodis
1708 1476 1720 1498 ,
1771 1441 1816 1485 et

230 1553 283 1602 de
310 1549 443 1602 omni
481 1544 854 1614 exspectatione
901 1538 1058 1610 plebis
1101 1537 1420 1590 Judworum.
1470 1529 1661 1584 Nunc:
1709 1538 1814 1578 non

230 1652 372 1702 tunc,
407 1636 623 1706 quando
655 1635 704 1687 in
734 1631 962 1686 vinculis
991 1643 1162 1683 eram.
1208 1623 1649 1688 Consideransque
1686 1615 1817 1668 venit

229 1733 274 1782 in
303 1732 506 1782 domum
551 1725 733 1780 Maria:
761 1723 937 1775 matris
979 1719 1218 1773 Joannis.
1267 1713 1404 1782 Quid
1451 1710 1553 1765 sibi
1594 1708 1707 1761 vult
1755 1706 1812 1758 il-

229 1822 308 1876 lud
330 1863 344 1886 ,
372 1816 758 1876 Cousiderans?
782 1813 1036 1883 Cogitans
1072 1811 1158 1863 ubi
1191 1815 1355 1864 esset.
1399 1804 1494 1857 Vel
1529 1803 1630 1855 hoc
1657 1800 1818 1869 igitur

226 1911 609 1973 consideravit;
639 1907 722 1962 vel
746 1905 887 1974 quod
913 1918 1018 1956 non
1043 1908 1318 1970 oporteret
1339 1907 1624 1961 utcumque
1644 1891 1813 1955 abire,

229 2005 312 2056 sed
360 1999 684 2056 benefactori
721 1998 890 2052 vicem
924 1994 1253 2064 rependere:
1284 1989 1423 2060 quod
1458 1987 1546 2041 ifle
1574 1982 1818 2038 conside-

228 2111 342 2148 rans
363 2137 376 2158 ,
407 2095 557 2149 venit
587 2094 638 2145 in
667 2091 885 2145 domum
917 2087 1112 2142 Marini.
1158 2086 1287 2150 Quis
1317 2094 1399 2137 est
1428 2081 1513 2134 hic
1539 2075 1818 2133 Joannes?

229 2185 376 2240 Forte
409 2187 453 2239 is
479 2226 495 2250 ,
527 2184 615 2253 qui
647 2196 861 2251 semper
885 2195 1006 2234 cum
1038 2178 1144 2232 illis
1173 2186 1326 2238 erat;
1364 2172 1593 2240 ideoque
1620 2182 1820 2237 cogno-

228 2293 339 2330 men
359 2261 531 2331 etiam
562 2274 678 2344 ejus
708 2273 909 2342 posuit.
1061 2340 1066 2346 _

294 2369 544 2440 Magnum
575 2369 762 2420 bonum
789 2364 1014 2434 afflictio.
1043 2390 1114 2401 —
1147 2358 1278 2413 Vide
1315 2366 1570 2428 quantum
1616 2355 1700 2409 sit»
1724 2353 1819 2407 bo-

229 2480 344 2516 num
375 2461 630 2524 afflictio,
665 2468 923 2528 quantum
957 2466 1114 2510 noctu
1148 2462 1428 2524 precantes
1457 2451 1777 2520 proficerent
1799 2489 1815 2510 .

224 2569 375 2623 quam
420 2551 614 2622 vigiles
660 2550 784 2604 hinc
815 2548 1182 2602 efficerentur.
1230 2543 1514 2605 Vidistin‘,
1560 2550 1818 2612 quantum

227 2647 422 2700 lucrum
466 2659 533 2698 ex
566 2642 713 2697 exede
759 2639 1058 2709 Stephani?
1105 2636 1340 2691 vidistin‘
1371 2645 1563 2705 quanta
1608 2649 1674 2688 ex
1718 2632 1819 2685 hoc

224 2752 435 2792 carcere
486 2735 734 2789 utilitas?
780 2733 893 2788 Non
940 2733 1080 2787 enim
1131 2731 1392 2786 ulciscens
1437 2729 1578 2783 Deus
1624 2728 1819 2794 injuste

227 2829 478 2884 ltedentes
509 2870 523 2892 ,
559 2827 636 2881 sic
665 2841 917 2896 magnum
949 2823 1185 2878 ostendit
1214 2821 1548 2891 evangelium
1576 2835 1591 2882 ;
1638 2819 1733 2872 sed
1766 2819 1817 2870 in

228 2924 349 2992 ipsis
405 2921 728 2977 laedentibus
780 2919 913 2973 nihil
965 2918 1091 2972 mali
1148 2915 1474 2985 patientibus
1529 2916 1671 2983 ipsas
1727 2912 1819 2964 tri-

228 3017 527 3071 bulationes
570 3031 666 3084 per
706 3029 765 3068 se
810 3028 1062 3082 magnum
1107 3009 1234 3080 quid
1279 3023 1401 3063 esse
1437 3005 1704 3067 ostendit,
1753 3019 1820 3057 ne

228 3108 302 3163 vel
326 3109 393 3161 ab
422 3108 528 3162 illis
552 3106 688 3176 eripi
718 3146 734 3170 ,
762 3104 844 3160 vel
875 3104 1133 3157 ultionem
1162 3100 1301 3155 sumi
1328 3112 1654 3169 quaeramus.
1701 3097 1821 3149 Per-

229 3201 438 3270 pende“
475 3197 749 3269 quomodo
800 3197 1010 3251 ancillae
1055 3194 1192 3266 apud
1243 3209 1337 3248 eos
1382 3193 1433 3246 in
1484 3195 1594 3260 pari
1650 3188 1820 3257 pretio

226 3302 416 3348 essent.
455 3291 580 3345 Pro!
607 3290 797 3362 gaudio
820 3331 836 3355 ,
869 3287 1074 3358 inquit,
1107 3304 1206 3340 non
1235 3286 1452 3357 aperuit.
1493 3285 1532 3337 Ε
1561 3299 1618 3338 re
1641 3293 1818 3336 autem

229 3388 291 3438 ita
321 3386 520 3438 factum
551 3391 663 3450 est,
696 3397 765 3436 ne
794 3390 848 3436 ct
879 3381 954 3434 illi
984 3382 1164 3434 statim
1196 3378 1443 3431 videntes
1475 3376 1818 3442 obstupesce-

229 3489 336 3532 rent
359 3519 373 3543 ,
413 3487 468 3532 et
498 3491 604 3530 ttOu
636 3475 956 3538 crederent,
986 3473 1079 3529 sed
1113 3489 1265 3526 mens
1301 3473 1510 3533 illorum
1541 3485 1820 3524 exercere-

229 3580 325 3622 tur.
347 3570 411 3624 Et
434 3567 582 3640 quod
612 3581 712 3621 nos
733 3567 910 3622 facere
926 3566 1184 3627 solemus,
1204 3564 1397 3618 ancilla
1417 3577 1630 3632 quoque
1648 3561 1822 3615 lat-ere

227 3661 557 3731 deprehensa
585 3669 672 3716 est
695 3676 708 3712 :
739 3659 826 3713 illa
855 3674 1083 3727 namque
1105 3657 1324 3710 curabat
1347 3672 1459 3708 rem
1486 3656 1663 3708 betam
1691 3671 1822 3705 imu-

229 3757 392 3819 tiare;
428 3755 550 3808 beta
584 3752 782 3823 quippe
813 3766 899 3805 res
929 3759 1065 3804 eral.
1099 3747 1190 3800 Illi
1219 3765 1332 3800 vero
1361 3747 1590 3799 dicebant
1621 3746 1699 3802 ei.
1733 3743 1822 3796 In-

227 3847 378 3898 sanis.
415 3844 529 3898 Illa
558 3853 730 3896 autem
775 3841 1055 3911 aﬂirmabat
1098 3840 1169 3891 sic
1213 3854 1263 3890 se
1296 3835 1477 3889 habere
1507 3851 1524 3888 :
1550 3834 1628 3887 illi
1658 3847 1823 3886 niuem

226 3940 497 3993 dicebant:
550 3937 773 4007 Angelus
819 3937 929 4006 ejus
977 3942 1070 3987 est.
1134 3931 1268 3984 llinc
1308 3945 1489 3983 verum
1541 3928 1821 3998 probatur,

228 4045 663 4102 unumquemque
718 4037 960 4081 nostrum
1003 4023 1252 4094 angelum
1295 4022 1514 4076 habere.
1573 4021 1637 4074 Et
1684 4019 1825 4074 unde

226 4126 274 4178 in
320 4134 559 4178 mentem
599 4119 763 4174 subiit
807 4118 910 4173 illis
958 4117 1206 4185 angelum
1258 4111 1427 4167 esse?
1485 4113 1528 4164 A
1582 4120 1826 4178 tempore

228 4215 352 4268 illud
400 4213 840 4282 suSpicabantur.
892 4207 961 4262 Ut
992 4218 1162 4259 autem
1196 4203 1543 4274 perseverabat
1572 4203 1782 4268 pulsans
1807 4243 1822 4265 ,

227 4309 431 4378 inquit.
482 4323 601 4358 cum
657 4303 1012 4369 aperuissent,
1075 4300 1307 4352 uiderunt
1351 4313 1506 4361 eum,
1551 4305 1596 4348 et
1652 4294 1826 4348 obstu-

226 4407 462 4466 puerunt.
497 4396 603 4448 Ille
631 4411 744 4446 vero
776 4409 1004 4443 ammcns
1033 4407 1187 4442 manu
1207 4429 1223 4454 ,
1263 4389 1536 4443 silentium
1577 4403 1824 4457 magnum

226 4493 344 4546 fecit
369 4535 385 4559 ,
420 4500 478 4544 ut
509 4488 816 4543 audiretur.
842 4485 1083 4554 Optatior
1111 4483 1367 4553 deinceps
1387 4481 1661 4548 discipulis
1687 4491 1823 4545 erat,

227 4602 326 4638 non
362 4585 529 4638 tnodo
568 4582 712 4650 quod
750 4591 992 4632 servatus
1022 4586 1198 4639 esset,
1229 4577 1323 4630 sed
1355 4576 1515 4629 etiam
1552 4573 1692 4643 quod
1733 4573 1828 4627 ad-

225 4688 363 4730 esset
382 4687 437 4730 et
458 4673 767 4728 accederet.
785 4672 1002 4724 Diseunt
1022 4667 1301 4722 manifeste
1318 4667 1496 4720 omnia
1517 4666 1825 4725 familiares,

226 4771 436 4821 discunt
467 4776 525 4820 ct
555 4765 716 4818 alieni
741 4805 754 4826 ,
802 4764 844 4815 si
877 4761 1101 4818 credere
1129 4761 1334 4820 velint;
1378 4759 1471 4814 sed
1515 4760 1823 4812 noluerunt.

229 4861 338 4914 Hoc
381 4861 551 4914 etiam
590 4858 642 4909 in
670 4855 886 4909 (λιιι-1810
915 4853 1109 4906 factum
1140 4863 1243 4906 est.
1295 4851 1574 4911 Nuntiate,
1613 4851 1782 4919 inquit
1808 4892 1823 4914 ,

225 4955 414 5007 Jucobo
439 4967 488 5006 et
512 4951 761 5022 fratribus
783 4949 906 5000 Iure.
938 4946 1068 5001 Vide
1089 4945 1357 5014 quomodo
1385 4959 1574 4996 vanam
1603 4943 1825 5012 gloriam

228 5064 330 5101 non
361 5054 600 5116 quaerat.
631 5039 744 5094 Non
772 5039 916 5092 enim
951 5038 1082 5090 dixit
1104 5079 1116 5098 .
1160 5036 1406 5104 Undique
1438 5035 1553 5089 lucc
1579 5034 1829 5088 omnibus

229 5144 468 5194 nuntiate
495 5158 510 5202 ;
541 5135 640 5190 sed
667 5176 680 5196 ,
715 5133 999 5186 Fratribus.
1034 5130 1099 5183 lit
1123 5129 1357 5183 abscessit
1378 5131 1428 5182 in
1456 5128 1615 5180 alium
1641 5129 1825 5180 locant.

230 5233 410 5304 Neque
434 5231 587 5286 enim
615 5226 850 5280 tentabat
872 5226 1034 5279 Iletnn
1052 5265 1065 5285 ,
1093 5237 1264 5289 neque
1291 5235 1408 5274 sese
1432 5221 1481 5273 in
1509 5219 1830 5272 tentatimics

229 5324 505 5392 injiciebat
534 5339 547 5373 :
575 5317 708 5372 illud
730 5318 870 5371 enim
891 5315 1024 5383 jussi
1051 5322 1251 5367 tantum
1272 5311 1556 5366 faciebant.
1579 5309 1827 5380 Ingressi,

230 5419 396 5486 inquit
418 5461 432 5482 ,
482 5417 537 5468 in
573 5413 852 5481 templum,
886 5409 1149 5472 loquimini
1181 5404 1370 5476 pOpulo
1414 5403 1434 5475 (
1461 5405 1573 5457 Act.
1606 5404 1661 5458 5.
1693 5402 1827 5476 ΞΟ).

232 5511 539 5564 Audierunt
580 5514 635 5558 et
677 5502 858 5555 statim
899 5499 1180 5570 obsequuti
1217 5508 1361 5553 sunt.
1411 5497 1522 5550 Hoc
1568 5511 1696 5550 vero
1721 5494 1831 5562 jam

234 5618 334 5654 non
367 5601 501 5655 dicit
527 5597 779 5663 angelus,
805 5593 895 5647 sed
918 5593 1059 5663 quod
1087 5591 1311 5644 silenter
1336 5589 1576 5643 abscedit
1598 5598 1652 5641 et
1675 5596 1832 5641 noctu

232 5695 406 5747 eduxit
429 5733 445 5756 ,
465 5691 616 5746 dedit
644 5686 946 5740 facultatem
972 5683 1275 5739 secedendi.
1296 5683 1408 5737 lloe
1428 5691 1606 5735 autem
1636 5679 1832 5734 factum

232 5797 354 5849 est,
405 5791 465 5836 ut
510 5778 789 5833 discamus
833 5776 998 5830 multa
1046 5776 1278 5829 humano
1327 5788 1478 5828 more
1527 5771 1834 5840 dispensata

237 5875 430 5936 fuisse.
491 5883 554 5927 ut
606 5886 673 5925 ne
721 5870 810 5922 ille
855 5868 1048 5924 iterum
1102 5867 1509 5937 periclitaretur.
1570 5864 1645 5917 l\'e
1693 5865 1834 5918 enim

239 5981 348 6034 post
378 5971 684 6022 .liseessum
728 5962 840 6031 ejus
879 5962 1117 6016 dicerent
1145 5963 1390 6030 angelmn
1419 5959 1533 6027 ejus
1565 5973 1700 6025 esse,
1737 5960 1832 6011 hoc

3407 468 3514 523 202

1922 596 2070 663 prius
2099 595 2381 658 dixerunt,
2430 599 2486 647 et
2531 599 2714 659 postea
2760 588 2912 644 illum
2940 589 3222 649 viderunt,
3255 591 3344 656 qui
3379 590 3513 644 hanc

1919 688 2226 755 Opinionem
2259 685 2494 739 sustulit.
2527 685 2581 737 Si
2611 684 2832 752 angelus
2859 682 3081 744 fuisset,
3115 699 3219 734 non
3252 685 3515 749 pulsasset

1921 780 2085 844 fores,
2106 795 2205 834 nec
2227 778 2540 833 secessisset
2565 778 2615 831 in
2638 775 2804 831 alium
2829 776 3333 831 locutn.Confirmat
3353 776 3514 830 etiam

1921 871 2062 934 illos,
2094 871 2235 940 quod
2270 889 2373 924 non
2408 871 2456 923 in
2489 871 2573 924 die
2605 869 2797 924 factum
2827 869 2913 924 sit.
2945 868 3008 922 Hi
3035 868 3192 924 soluti
3223 870 3518 940 precaban-

1921 975 2040 1026 tur.
2084 965 2172 1018 ille
2211 969 2423 1020 vinctus
2452 963 2776 1020 dormiebat.
2828 962 2884 1018 Si
2928 972 3168 1032 putasset
3211 978 3324 1016 rem
3353 1004 3368 1026 ,
3398 977 3516 1031 qua:

1918 1056 2196 1125 agebatur,
2225 1071 2406 1110 veram
2435 1070 2580 1118 esse,
2599 1056 2912 1124 perterritus
2935 1055 3122 1110 fuisset
3140 1098 3156 1116 ,
3182 1071 3282 1110 nec
3309 1071 3517 1110 memor

1919 1156 2193 1217 gestorum
2223 1166 2236 1201 :
2271 1162 2415 1202 nunc
2443 1156 2624 1202 autem
2663 1148 2814 1216 quasi
2845 1149 2895 1200 in
2925 1163 3117 1202 somno
3145 1147 3334 1202 videns
3354 1189 3368 1214 ,
3400 1150 3518 1204 sine

1921 1239 2321 1308 perturbatione
2337 1249 2473 1294 erat.
2488 1239 2764 1305 Venerunt,
2784 1241 2974 1310 inquit,
2988 1241 3056 1294 ad
3069 1252 3263 1310 portam
3278 1247 3514 1312 ferream.

1920 1332 2054 1389 Vide.
2080 1348 2239 1402 quam
2269 1332 2422 1387 firma
2453 1343 2614 1388 esset.
2646 1333 2987 1388 Transeuntes
3013 1376 3026 1395 .
3059 1335 3270 1401 inquit,
3300 1336 3518 1406 primam

1919 1436 1964 1479 et
1996 1428 2274 1481 secrmdam
2299 1427 2582 1480 custodiam
2605 1467 2620 1489 ,
2654 1439 2891 1481 uenerunt
2935 1429 3002 1480 ad
3048 1439 3247 1498 portam
3280 1433 3515 1500 feturam.

1923 1519 1985 1573 Et
2015 1535 2111 1574 cur
2135 1561 2149 1582 .
2183 1521 2390 1590 inquies
2409 1563 2424 1583 ,
2457 1537 2561 1574 non
2592 1537 2686 1587 per
2711 1523 2918 1590 seipsos
2947 1521 3048 1576 hoc
3077 1523 3318 1576 faciunt?
3366 1523 3518 1577 Cur?

1919 1612 2056 1678 Quia
2088 1613 2187 1666 hac
2213 1614 2264 1666 in
2292 1627 2352 1668 re
2381 1613 2521 1667 Deus
2549 1613 2673 1667 illos
2704 1614 2971 1679 honorat,
3003 1615 3142 1683 quod
3177 1632 3269 1683 per
3296 1619 3515 1686 angelos

1918 1713 2071 1757 eruat
2103 1704 2268 1772 ipsos.
2315 1703 2452 1769 Quid
2481 1705 2653 1776 ergo?
2681 1723 2778 1759 cur
2805 1723 2908 1760 non
2938 1707 3016 1762 sic
3044 1709 3093 1759 in
3129 1708 3290 1762 Paulo
3320 1711 3517 1765 factum

1918 1794 2051 1848 est?
2093 1795 2203 1850 lllic
2229 1812 2260 1850 e
2289 1812 2348 1850 re
2379 1795 2472 1850 fuit
2501 1837 2517 1860 ,
2559 1799 2680 1867 quia
2715 1798 2990 1852 custodem
3024 1803 3256 1854 careeris
3301 1803 3520 1866 credere

1919 1889 2204 1956 oportebat
2233 1906 2244 1952 ;
2281 1889 2367 1942 hic
2394 1905 2523 1944 vero
2549 1890 2721 1943 solum
2755 1905 2890 1961 opus
2915 1901 3031 1945 erat
3058 1894 3358 1960 apostolum
3389 1894 3521 1950 libc-

1922 1980 2069 2033 rari:
2118 1980 2356 2049 alioquin
2405 1995 2533 2036 vero
2580 1982 2716 2034 Dens
2758 1983 2970 2037 diverse
3000 1986 3178 2037 omnia
3220 1985 3515 2054 dispensat.

1921 2074 2034 2129 Illic
2061 2075 2255 2129 Paulus
2287 2075 2513 2146 hymnos
2539 2078 2766 2131 canebat
2799 2076 2935 2149 (Act.
2971 2079 3049 2134 l6.
3079 2079 3194 2152 23),
3223 2083 3308 2136 hic
3331 2084 3520 2139 Petrus

1919 2167 2242 2222 dormiebat.
2272 2169 2349 2223 Ne
2379 2185 2507 2240 ergo
2537 2173 2871 2226 occultemus
2899 2175 3157 2229 miracula
3195 2177 3306 2243 Dei,
3335 2179 3429 2232 sed
3452 2181 3518 2234 ad

1920 2260 2202 2314 utilitatem
2254 2271 2493 2315 nostram
2541 2263 2654 2318 ha-c
2701 2263 2962 2335 divulgari
3011 2284 3303 2333 curemus,
3352 2282 3405 2324 et
3453 2273 3517 2325 ad

1920 2351 2150 2406 aliorum
2182 2351 2618 2408 ardilicalimiem.
2652 2353 2724 2410 Ut
2751 2357 2894 2411 enim
2926 2358 3258 2414 admirabilis
3289 2363 3404 2426 l'uit,
3430 2367 3517 2434 qui

1919 2444 2072 2514 ligari
2105 2445 2311 2508 voluit;
2341 2445 2410 2500 ita
2439 2446 2808 2501 admirabilior
2835 2449 2923 2516 qui
2953 2465 3056 2503 non
3082 2453 3228 2520 prius
3250 2452 3518 2517 discessit,

1921 2549 2079 2604 quam
2104 2536 2216 2589 suis
2232 2538 2410 2591 omnia
2432 2542 2750 2592 nuntiasset.
2776 2540 3041 2610 Dixitque.
3066 2543 3313 2599 Nuntiate
3328 2546 3522 2601 Jacobo

1922 2638 1968 2681 et
1999 2628 2265 2698 fratribus.
2297 2629 2406 2685 Cur
2435 2632 2618 2687 dicere
2641 2633 2794 2700 jubet
2819 2635 2877 2687 ’?
2907 2635 2972 2690 Ut
3008 2633 3080 2691 illi
3111 2639 3417 2707 gaudeant.
3466 2654 3521 2696 ut

1923 2737 1991 2777 ne
2021 2722 2237 2777 solliciti
2267 2724 2375 2778 sint
2396 2767 2409 2790 ,
2441 2734 2499 2779 ut
2531 2741 2623 2794 per
2653 2726 2750 2779 bos
2779 2727 2856 2781 illi
2887 2728 3096 2783 discant
3119 2772 3133 2795 ,
3166 2749 3269 2786 non
3301 2734 3397 2802 ipsi
3429 2751 3522 2804 per

1924 2816 2043 2869 illos
2068 2834 2079 2867 :
2107 2817 2182 2871 sic
2204 2817 2272 2872 de
2295 2817 2538 2872 inferiori
2569 2831 2719 2888 parte
2744 2835 2930 2874 curam
2960 2824 3196 2888 gerebat.
3228 2825 3369 2881 Nihil
3395 2843 3523 2895 ergo

1924 2907 2197 2964 moderata
2231 2907 2526 2966 afﬂictione
2573 2912 2785 2965 melius.
2838 2912 3060 2979 Qualem
3111 2925 3263 2983 putas
3306 2917 3520 2972 illorum

1925 3014 2052 3058 tunc
2081 3001 2244 3057 fuisse
2271 3004 2553 3056 animum?
2580 3017 2772 3072 quanta
2804 3008 3076 3075 voluptate
3104 3009 3312 3077 plenam
3338 3013 3363 3064 'l

2007 3094 2280 3165 Vigilantia
2328 3096 2810 3154 laudarim—Ubi
2863 3110 2988 3154 sunt
3035 3117 3175 3156 nunc
3225 3105 3520 3170 mulieres,

1923 3204 2040 3256 qua:
2068 3198 2174 3242 tota
2196 3200 2354 3243 nocte
2375 3188 2644 3244 dormiunt
2669 3191 2692 3243 ?
2724 3192 2810 3244 ubi
2837 3193 2955 3257 viri,
2985 3194 3073 3261 qui
3104 3210 3277 3264 neque
3299 3198 3348 3250 in
3384 3197 3524 3252 lceto

1924 3293 1982 3331 se
2013 3279 2267 3333 versant?
2295 3278 2484 3333 Viden‘
2513 3281 2723 3350 vigilem
2756 3283 3034 3336 animam?
3073 3283 3208 3338 Cum
3244 3289 3522 3352 uxoribus,

1923 3371 2106 3441 put-ris
2138 3383 2192 3426 et
2235 3372 2447 3426 ancillis
2480 3372 2646 3427 Demn
2677 3374 3059 3441 celebrabant,
3103 3393 3196 3446 per
3222 3379 3523 3434 tribulatio-

1925 3482 2046 3519 nem
2078 3466 2319 3533 puriores
2350 3466 2483 3522 cmlo
2512 3466 2709 3522 effecti.
2741 3468 2892 3524 Nunc
2931 3485 3090 3535 vero,
3119 3473 3162 3525 si
3200 3489 3419 3540 parvum
3445 3478 3523 3530 vi«

1923 3557 2145 3612 deamus
2191 3560 2528 3626 periculum,
2561 3561 2913 3616 concidimus.
2961 3563 3101 3618 Nihil
3148 3565 3388 3623 Ecclesia
3440 3571 3524 3623 iii-I

1925 3649 2280 3718 splendidius.
2328 3649 2476 3720 Ipsos
2527 3652 2832 3718 imitemur,
2884 3655 3221 3710 mmolemur.
3261 3657 3378 3712 Non
3410 3660 3528 3714 ideo

1926 3740 2063 3794 facta
2098 3750 2181 3794 est
2216 3757 2343 3806 nos,
2388 3751 2446 3796 ut
2491 3759 2589 3811 per
2630 3754 2793 3797 totam
2830 3733 3157 3801 dormiamus
3188 3759 3241 3802 et
3272 3751 3522 3805 otiemur.

1930 3833 2039 3886 [loc
2073 3833 2429 3887 testificantur
2455 3834 2712 3898 artifices,
2750 3837 3132 3906 negotiatores,
3161 3851 3488 3895 mereatmes
3513 3887 3525 3902 ,

1928 3926 2164 3979 Ecclesia
2192 3925 2285 3980 Dei
2306 3927 2478 3980 media
2506 3941 2734 3997 surgens
2757 3937 2932 3983 nocte.
2958 3928 3127 3998 Surge
3154 3942 3206 3984 et
3236 3941 3310 3993 tu.
3338 3943 3390 3987 et
3410 3936 3529 3989 vide

1927 4020 2204 4075 slcllarunt
2252 4020 2511 4084 chorum,
2561 4020 2883 4090 profundum
2936 4022 3245 4089 silentium,
3291 4030 3528 4096 quietem

1929 4112 2148 4165 multam
2174 4111 2529 4181 :obstupesce
2544 4111 2611 4166 de
2634 4113 2839 4166 Domini
2862 4115 2933 4168 tui
2959 4116 3311 4184 providentia.
3338 4120 3532 4175 l‘urior

1933 4218 2056 4260 tunc
2083 4217 2167 4260 est
2187 4208 2389 4271 anima,
2420 4207 2604 4268 levior,
2635 4207 2903 4274 subtilior,
2937 4210 3205 4275 sublimis,
3235 4213 3483 4281 expedita
3514 4233 3527 4268 :

1931 4299 2168 4352 tenebras
2201 4298 2350 4365 ἱρείη,
2383 4298 2651 4353 silentium
2685 4301 2906 4354 multum
2929 4344 2942 4363 ,
2976 4302 3026 4354 in
3055 4307 3527 4372 COmpttnctimteut

1931 4393 2186 4446 inducere
2235 4400 2479 4461 possunt.
2530 4392 2584 4446 Si
2638 4409 2766 4447 vero
2813 4395 3004 4448 C:t‘lt|tll
3054 4399 3309 4466 respicias
3356 4401 3530 4455 stellis

1929 4485 2078 4552 quasi
2110 4485 2405 4538 innumeris
2444 4481 2753 4538 distinctum
2784 4487 2974 4551 oculis,
3028 4490 3334 4544 omnimoda
3379 4494 3532 4546 volu-

1932 4587 2074 4645 ptate
2099 4577 2290 4636 frueris
2311 4577 2618 4630 Creatorem
2643 4579 2822 4632 statim
2848 4590 3026 4634 mente
3051 4593 3323 4649 reputans.
3356 4585 3409 4640 Si
3438 4600 3531 4638 co-

1931 4669 2180 4738 gitaveris
2204 4685 2319 4733 eos,
2349 4670 2437 4739 qui
2464 4670 2697 4725 interdiu
2721 4674 2975 4738 clamant,
3006 4675 3199 4740 rident,
3232 4679 3527 4746 exsultant,

1930 4764 2160 4826 saliunt,
2215 4763 2410 4832 injuste
2455 4775 2653 4834 agunt,
2687 4768 2926 4820 avaritia:
2958 4771 3193 4834 student,
3229 4773 3524 4839 minantur,

1932 4855 2208 4908 innumera
2231 4856 2366 4908 mala
2395 4855 2648 4921 inferunt,
2676 4868 2798 4910 tunt-
2821 4875 2847 4910 a
2879 4863 3102 4916 mortuis
3127 4863 3253 4916 nihil
3283 4866 3522 4931 differre,

1933 4948 2220 5000 lnnnanam
2269 4964 2484 5000 omnem
2543 4952 2901 5018 arrogantiam
2950 4953 3249 5010 damnabis.
3297 4959 3530 5016 Somnus

1934 5039 2179 5102 arcessit,
2215 5050 2267 5093 et
2297 5053 2540 5092 naturam
2571 5043 2841 5110 superavit
2870 5060 2884 5097 :
2921 5044 3094 5113 imago
3134 5058 3215 5116 est
3260 5053 3447 5106 mortis
3478 5067 3532 5108 et

1933 5132 2428 5186 Consumtnatiottis.
2454 5134 2506 5186 Si
2533 5135 2706 5187 \‘icunt
2741 5141 3071 5204 respexeris,
3099 5143 3299 5196 nullam
3345 5162 3531 5203 vocctn

1934 5223 2154 5287 audies;
2189 5223 2231 5276 si
2260 5223 2513 5285 domum,
2548 5241 2734 5280 omnes
2766 5229 2972 5282 videbis
2999 5235 3147 5299 quasi
3189 5235 3238 5286 in
3278 5240 3532 5306 sepulcro

1933 5316 2192 5379 jaeenles.
2227 5315 2348 5368 Haec
2379 5318 2557 5370 omnia
2592 5331 2813 5385 possunt
2838 5321 3071 5376 animam
3100 5327 3358 5394 excitare,
3386 5344 3438 5382 et
3463 5334 3530 5386 ad

1936 5408 2310 5477 cogitationem
2337 5411 2818 5464 cunsurmnationis
2857 5413 3133 5468 inducere.

2010 5504 2062 5554 4.
2100 5501 2194 5553 llic
2227 5516 2353 5554 vero
2383 5502 2509 5554 mihi
2539 5511 2593 5555 et
2619 5503 2684 5555 ad
2720 5504 2864 5557 viros
2890 5516 2944 5559 ct
2978 5507 3042 5560 ad
3079 5511 3330 5565 mulieres
3354 5528 3534 5568 sermo

1939 5604 2037 5646 est.
2076 5592 2253 5646 Flecte
2293 5609 2488 5662 genua,
2528 5595 2844 5664 ingernisce,
2886 5599 3050 5653 Deum
3091 5617 3311 5670 precare
3354 5616 3410 5657 ut
3443 5609 3534 5662 tibi

1939 5691 2009 5741 sit
2039 5687 2296 5755 pr0pilius
2329 5705 2342 5740 :
2377 5691 2655 5744 nocturnis
2683 5690 2771 5743 ille
2802 5693 3050 5760 precibus
3078 5697 3248 5766 magis
3280 5699 3534 5761 flectitur,

1940 5795 2060 5834 cum
2109 5779 2309 5849 requiei
2360 5791 2569 5848 tempus
2611 5783 2661 5836 in
2706 5783 2907 5838 luctum
2956 5789 3200 5842 verteris.
3229 5790 3536 5850 Recordare

2011 5968 2020 5991 ‘
2069 5963 2200 6050 lime‘,
2229 5977 2313 6011 (ιη-
2343 5966 2506 6015 direre
2525 5966 2677 6027 iubet.
2696 5965 2873 6015 desunt
2904 5969 2950 6016 in
2978 5969 3266 6028 quibusdam
