  <div class='ocr_page' id='page_1' title='image "/cluster/home/n/w/nwhite01/storage/ocr_20150623/60/uva.x004246612/209.png"; bbox 0 0 4082 6498; ppageno 0'>
   <div class='ocr_carea' id='block_1_1' title="bbox 594 457 701 508">
    <p class='ocr_par' dir='ltr' id='par_1_1' title="bbox 594 457 701 508">
     <span class='ocr_line' id='line_1_1' title="bbox 594 457 701 508; baseline 0.009 -1"><span class='ocrx_word' id='word_1_1' title='bbox 594 457 701 508; x_wconf 67' lang='grc'><strong>2115</strong></span> 
     </span>
    </p>
   </div>
   <div class='ocr_carea' id='block_1_2' title="bbox 593 563 2172 640">
    <p class='ocr_par' dir='ltr' id='par_1_2' title="bbox 593 563 2172 640">
     <span class='ocr_line' id='line_1_2' title="bbox 593 563 2172 640; baseline -0.008 -15"><span class='ocrx_word' id='word_1_2' title='bbox 593 574 875 625; x_wconf 84' lang='lat' dir='ltr'><strong>verborum</strong></span> <span class='ocrx_word' id='word_1_3' title='bbox 899 569 1036 640; x_wconf 72' lang='lat' dir='ltr'><strong>regis</strong></span> <span class='ocrx_word' id='word_1_4' title='bbox 1064 568 1205 623; x_wconf 84' lang='lat' dir='ltr'><strong>illius</strong></span> <span class='ocrx_word' id='word_1_5' title='bbox 1236 586 1247 620; x_wconf 90' lang='lat'>:</span> <span class='ocrx_word' id='word_1_6' title='bbox 1281 566 1525 623; x_wconf 82' lang='lat' dir='ltr'><strong>Laboravi</strong></span> <span class='ocrx_word' id='word_1_7' title='bbox 1550 569 1599 620; x_wconf 89' lang='lat' dir='ltr'><strong>in</strong></span> <span class='ocrx_word' id='word_1_8' title='bbox 1624 567 1810 637; x_wconf 80' lang='lat' dir='ltr'><strong>gemitu</strong></span> <span class='ocrx_word' id='word_1_9' title='bbox 1835 581 1963 627; x_wconf 75' lang='lat' dir='ltr'><strong>meo,</strong></span> <span class='ocrx_word' id='word_1_10' title='bbox 1993 563 2172 617; x_wconf 75' lang='lat' dir='ltr'><strong>tuv.:bo</strong></span> 
     </span>
    </p>
   </div>
   <div class='ocr_carea' id='block_1_3' title="bbox 600 658 2164 734">
    <p class='ocr_par' dir='ltr' id='par_1_3' title="bbox 600 658 2164 734">
     <span class='ocr_line' id='line_1_3' title="bbox 600 658 2164 734; baseline -0.008 -17"><span class='ocrx_word' id='word_1_11' title='bbox 600 681 688 734; x_wconf 71' lang='lat' dir='ltr'><strong>per</strong></span> <span class='ocrx_word' id='word_1_12' title='bbox 712 662 934 732; x_wconf 83' lang='lat' dir='ltr'><strong>singulas</strong></span> <span class='ocrx_word' id='word_1_13' title='bbox 954 670 1120 714; x_wconf 81' lang='lat' dir='ltr'><strong>noctes</strong></span> <span class='ocrx_word' id='word_1_14' title='bbox 1143 660 1321 713; x_wconf 79' lang='lat' dir='ltr'><strong>fectum</strong></span> <span class='ocrx_word' id='word_1_15' title='bbox 1347 676 1530 724; x_wconf 82' lang='lat' dir='ltr'><strong>meum,</strong></span> <span class='ocrx_word' id='word_1_16' title='bbox 1558 658 1792 728; x_wconf 80' lang='lat' dir='ltr'><strong>locrymis</strong></span> <span class='ocrx_word' id='word_1_17' title='bbox 1811 658 1932 710; x_wconf 85' lang='lat' dir='ltr'><strong>meis</strong></span> <span class='ocrx_word' id='word_1_18' title='bbox 1954 663 2164 707; x_wconf 77' lang='lat' dir='ltr'><strong>stratum</strong></span> 
     </span>
    </p>
   </div>
   <div class='ocr_carea' id='block_1_4' title="bbox 599 745 2164 822">
    <p class='ocr_par' dir='ltr' id='par_1_4' title="bbox 599 745 2164 822">
     <span class='ocr_line' id='line_1_4' title="bbox 599 745 2164 822; baseline -0.006 -17"><span class='ocrx_word' id='word_1_19' title='bbox 599 770 761 807; x_wconf 84' lang='lat' dir='ltr'><strong>meum</strong></span> <span class='ocrx_word' id='word_1_20' title='bbox 784 752 956 822; x_wconf 84' lang='lat' dir='ltr'><strong>rignbo</strong></span> <span class='ocrx_word' id='word_1_21' title='bbox 977 750 1147 821; x_wconf 84' lang='lat' dir='ltr'><strong>(Psal.</strong></span> <span class='ocrx_word' id='word_1_22' title='bbox 1180 749 1230 805; x_wconf 84' lang='lat'><strong>6.</strong></span> <span class='ocrx_word' id='word_1_23' title='bbox 1250 753 1326 812; x_wconf 82' lang='lat'><strong>&#39;7).</strong></span> <span class='ocrx_word' id='word_1_24' title='bbox 1357 749 1699 817; x_wconf 86' lang='lat' dir='ltr'><strong>Quantumvis</strong></span> <span class='ocrx_word' id='word_1_25' title='bbox 1726 746 1929 802; x_wconf 75' lang='lat' dir='ltr'><strong>deliciis</strong></span> <span class='ocrx_word' id='word_1_26' title='bbox 1960 745 2164 809; x_wconf 84' lang='lat' dir='ltr'><strong>alﬂuas,</strong></span> 
     </span>
    </p>
   </div>
   <div class='ocr_carea' id='block_1_5' title="bbox 594 841 2166 914">
    <p class='ocr_par' dir='ltr' id='par_1_5' title="bbox 594 841 2166 914">
     <span class='ocr_line' id='line_1_5' title="bbox 594 841 2166 914; baseline -0.006 -15"><span class='ocrx_word' id='word_1_27' title='bbox 594 863 697 899; x_wconf 82' lang='lat' dir='ltr'><strong>non</strong></span> <span class='ocrx_word' id='word_1_28' title='bbox 724 846 892 914; x_wconf 79' lang='lat' dir='ltr'><strong>magis</strong></span> <span class='ocrx_word' id='word_1_29' title='bbox 922 860 1078 913; x_wconf 89' lang='lat' dir='ltr'><strong>quam</strong></span> <span class='ocrx_word' id='word_1_30' title='bbox 1111 844 1227 906; x_wconf 90' lang='lat' dir='ltr'><strong>ille;</strong></span> <span class='ocrx_word' id='word_1_31' title='bbox 1260 842 1595 912; x_wconf 83' lang='lat' dir='ltr'><strong>quantumvis</strong></span> <span class='ocrx_word' id='word_1_32' title='bbox 1622 841 1695 894; x_wconf 88' lang='lat' dir='ltr'><strong>sis</strong></span> <span class='ocrx_word' id='word_1_33' title='bbox 1736 841 1884 894; x_wconf 86' lang='lat' dir='ltr'><strong>dives</strong></span> <span class='ocrx_word' id='word_1_34' title='bbox 1907 882 1920 903; x_wconf 89' lang='lat'><strong>,</strong></span> <span class='ocrx_word' id='word_1_35' title='bbox 1965 856 2067 891; x_wconf 90' lang='lat' dir='ltr'><strong>non</strong></span> <span class='ocrx_word' id='word_1_36' title='bbox 2107 853 2166 892; x_wconf 89' lang='lat' dir='ltr'><strong>es</strong></span> 
     </span>
    </p>
   </div>
   <div class='ocr_carea' id='block_1_6' title="bbox 592 930 2164 999">
    <p class='ocr_par' dir='ltr' id='par_1_6' title="bbox 592 930 2164 999">
     <span class='ocr_line' id='line_1_6' title="bbox 592 930 2164 999; baseline -0.006 -10"><span class='ocrx_word' id='word_1_37' title='bbox 592 936 750 989; x_wconf 88' lang='lat' dir='ltr'><strong>ditior</strong></span> <span class='ocrx_word' id='word_1_38' title='bbox 781 935 995 989; x_wconf 81' lang='lat' dir='ltr'><strong>Davide.</strong></span> <span class='ocrx_word' id='word_1_39' title='bbox 1029 934 1324 999; x_wconf 73' lang='lat' dir='ltr'><strong>lternmqne</strong></span> <span class='ocrx_word' id='word_1_40' title='bbox 1348 935 1422 985; x_wconf 88' lang='lat' dir='ltr'><strong>ait</strong></span> <span class='ocrx_word' id='word_1_41' title='bbox 1456 932 1544 985; x_wconf 91' lang='lat' dir='ltr'><strong>ille</strong></span> <span class='ocrx_word' id='word_1_42' title='bbox 1573 950 1584 983; x_wconf 76' lang='grc' dir='ltr'>ε</span> <span class='ocrx_word' id='word_1_43' title='bbox 1614 930 1787 984; x_wconf 77' lang='lat' dir='ltr'><strong>Media</strong></span> <span class='ocrx_word' id='word_1_44' title='bbox 1826 939 1969 983; x_wconf 89' lang='lat' dir='ltr'><strong>nocte</strong></span> <span class='ocrx_word' id='word_1_45' title='bbox 1993 946 2164 998; x_wconf 83' lang='lat' dir='ltr'><strong>surge-</strong></span> 
     </span>
    </p>
   </div>
   <div class='ocr_carea' id='block_1_7' title="bbox 594 1024 2167 1094">
    <p class='ocr_par' dir='ltr' id='par_1_7' title="bbox 594 1024 2167 1094">
     <span class='ocr_line' id='line_1_7' title="bbox 594 1024 2167 1094; baseline -0.002 -14"><span class='ocrx_word' id='word_1_46' title='bbox 594 1031 706 1080; x_wconf 84' lang='lat' dir='ltr'><strong>bum</strong></span> <span class='ocrx_word' id='word_1_47' title='bbox 756 1028 825 1080; x_wconf 81' lang='lat' dir='ltr'><strong>ad</strong></span> <span class='ocrx_word' id='word_1_48' title='bbox 871 1028 1204 1093; x_wconf 79' lang='lat' dir='ltr'><strong>conﬁtendum</strong></span> <span class='ocrx_word' id='word_1_49' title='bbox 1247 1026 1334 1077; x_wconf 89' lang='lat' dir='ltr'><strong>tibi</strong></span> <span class='ocrx_word' id='word_1_50' title='bbox 1375 1042 1524 1093; x_wconf 87' lang='lat' dir='ltr'><strong>super</strong></span> <span class='ocrx_word' id='word_1_51' title='bbox 1556 1026 1756 1094; x_wconf 82' lang='lat' dir='ltr'><strong>judicia</strong></span> <span class='ocrx_word' id='word_1_52' title='bbox 1804 1024 2017 1093; x_wconf 79' lang='lat' dir='ltr'><strong>justitite</strong></span> <span class='ocrx_word' id='word_1_53' title='bbox 2068 1034 2167 1077; x_wconf 71' lang='lat' dir='ltr'><strong>tute</strong></span> 
     </span>
    </p>
   </div>
   <div class='ocr_carea' id='block_1_8' title="bbox 592 1116 2159 1187">
    <p class='ocr_par' dir='ltr' id='par_1_8' title="bbox 592 1116 2159 1187">
     <span class='ocr_line' id='line_1_8' title="bbox 592 1116 2159 1187; baseline 0 -18"><span class='ocrx_word' id='word_1_54' title='bbox 592 1120 608 1187; x_wconf 85' lang='lat'><strong>(</strong></span> <span class='ocrx_word' id='word_1_55' title='bbox 638 1117 781 1170; x_wconf 82' lang='lat' dir='ltr'><strong>Psul.</strong></span> <span class='ocrx_word' id='word_1_56' title='bbox 818 1118 936 1172; x_wconf 80' lang='lat' dir='ltr'><strong>H8.</strong></span> <span class='ocrx_word' id='word_1_57' title='bbox 969 1116 1091 1187; x_wconf 67' lang='grc' dir='ltr'><strong>ΟΞ).</strong></span> <span class='ocrx_word' id='word_1_58' title='bbox 1126 1116 1274 1169; x_wconf 77' lang='lat' dir='ltr'><strong>Tunc</strong></span> <span class='ocrx_word' id='word_1_59' title='bbox 1306 1131 1440 1168; x_wconf 82' lang='lat' dir='ltr'><strong>Vana</strong></span> <span class='ocrx_word' id='word_1_60' title='bbox 1470 1116 1636 1185; x_wconf 76' lang='lat' dir='ltr'><strong>gloria</strong></span> <span class='ocrx_word' id='word_1_61' title='bbox 1670 1132 1772 1168; x_wconf 87' lang='lat' dir='ltr'><strong>non</strong></span> <span class='ocrx_word' id='word_1_62' title='bbox 1804 1125 1853 1169; x_wconf 77' lang='lat' dir='ltr'><strong>te</strong></span> <span class='ocrx_word' id='word_1_63' title='bbox 1887 1116 2118 1183; x_wconf 73' lang='lat' dir='ltr'><strong>exagitat</strong></span> <span class='ocrx_word' id='word_1_64' title='bbox 2146 1132 2159 1169; x_wconf 89' lang='lat'><strong>:</strong></span> 
     </span>
    </p>
   </div>
   <div class='ocr_carea' id='block_1_9' title="bbox 584 1207 2157 1277">
    <p class='ocr_par' dir='ltr' id='par_1_9' title="bbox 584 1207 2157 1277">
     <span class='ocr_line' id='line_1_9' title="bbox 584 1207 2157 1277; baseline 0.001 -19"><span class='ocrx_word' id='word_1_65' title='bbox 584 1209 850 1277; x_wconf 74' lang='lat' dir='ltr'><strong>quomodo</strong></span> <span class='ocrx_word' id='word_1_66' title='bbox 881 1220 1057 1277; x_wconf 87' lang='lat' dir='ltr'><strong>posset</strong></span> <span class='ocrx_word' id='word_1_67' title='bbox 1078 1210 1218 1262; x_wconf 82' lang='lat' dir='ltr'><strong>enim</strong></span> <span class='ocrx_word' id='word_1_68' title='bbox 1247 1210 1493 1263; x_wconf 89' lang='lat' dir='ltr'><strong>omnibus</strong></span> <span class='ocrx_word' id='word_1_69' title='bbox 1524 1208 1929 1271; x_wconf 86' lang='lat' dir='ltr'><strong>dormientibus,</strong></span> <span class='ocrx_word' id='word_1_70' title='bbox 1960 1222 2056 1260; x_wconf 78' lang='lat' dir='ltr'><strong>nec</strong></span> <span class='ocrx_word' id='word_1_71' title='bbox 2079 1207 2157 1259; x_wconf 84' lang='lat' dir='ltr'><strong>vi-</strong></span> 
     </span>
    </p>
   </div>
   <div class='ocr_carea' id='block_1_10' title="bbox 587 1299 2157 1368">
    <p class='ocr_par' dir='ltr' id='par_1_10' title="bbox 587 1299 2157 1368">
     <span class='ocr_line' id='line_1_10' title="bbox 587 1299 2157 1368; baseline 0.001 -20"><span class='ocrx_word' id='word_1_72' title='bbox 587 1301 875 1354; x_wconf 72' lang='lat' dir='ltr'><strong>dentibus?</strong></span> <span class='ocrx_word' id='word_1_73' title='bbox 902 1300 1047 1353; x_wconf 90' lang='lat' dir='ltr'><strong>Tunc</strong></span> <span class='ocrx_word' id='word_1_74' title='bbox 1074 1316 1169 1353; x_wconf 82' lang='lat' dir='ltr'><strong>nec</strong></span> <span class='ocrx_word' id='word_1_75' title='bbox 1202 1301 1405 1368; x_wconf 81' lang='lat' dir='ltr'><strong>ignavia</strong></span> <span class='ocrx_word' id='word_1_76' title='bbox 1434 1316 1531 1354; x_wconf 89' lang='lat' dir='ltr'><strong>nec</strong></span> <span class='ocrx_word' id='word_1_77' title='bbox 1552 1300 1827 1353; x_wconf 90' lang='lat' dir='ltr'><strong>oseitantia</strong></span> <span class='ocrx_word' id='word_1_78' title='bbox 1860 1299 2113 1352; x_wconf 85' lang='lat' dir='ltr'><strong>invadunt</strong></span> <span class='ocrx_word' id='word_1_79' title='bbox 2144 1317 2157 1350; x_wconf 89' lang='lat'><strong>:</strong></span> 
     </span>
    </p>
   </div>
   <div class='ocr_carea' id='block_1_11' title="bbox 583 1392 2157 1462">
    <p class='ocr_par' dir='ltr' id='par_1_11' title="bbox 583 1392 2157 1462">
     <span class='ocr_line' id='line_1_11' title="bbox 583 1392 2157 1462; baseline 0.001 -19"><span class='ocrx_word' id='word_1_80' title='bbox 583 1394 847 1462; x_wconf 80' lang='lat' dir='ltr'><strong>qtttmIOdo</strong></span> <span class='ocrx_word' id='word_1_81' title='bbox 880 1402 1094 1461; x_wconf 85' lang='lat' dir='ltr'><strong>possent</strong></span> <span class='ocrx_word' id='word_1_82' title='bbox 1142 1394 1305 1453; x_wconf 76' lang='lat' dir='ltr'><strong>enim,</strong></span> <span class='ocrx_word' id='word_1_83' title='bbox 1359 1408 1478 1446; x_wconf 89' lang='lat' dir='ltr'><strong>cum</strong></span> <span class='ocrx_word' id='word_1_84' title='bbox 1524 1402 1598 1445; x_wconf 87' lang='lat' dir='ltr'><strong>tot</strong></span> <span class='ocrx_word' id='word_1_85' title='bbox 1639 1404 1886 1461; x_wconf 89' lang='lat' dir='ltr'><strong>tantaque</strong></span> <span class='ocrx_word' id='word_1_86' title='bbox 1926 1392 2157 1445; x_wconf 89' lang='lat' dir='ltr'><strong>animam</strong></span> 
     </span>
    </p>
   </div>
   <div class='ocr_carea' id='block_1_12' title="bbox 593 1483 2157 1553">
    <p class='ocr_par' dir='ltr' id='par_1_12' title="bbox 593 1483 2157 1553">
     <span class='ocr_line' id='line_1_12' title="bbox 593 1483 2157 1553; baseline 0 -18"><span class='ocrx_word' id='word_1_87' title='bbox 593 1484 823 1536; x_wconf 67' lang='lat' dir='ltr'><strong>excitent</strong></span> <span class='ocrx_word' id='word_1_88' title='bbox 844 1483 867 1536; x_wconf 67' lang='grc' dir='ltr'><strong>ἲ</strong></span> <span class='ocrx_word' id='word_1_89' title='bbox 892 1484 1016 1536; x_wconf 84' lang='lat' dir='ltr'><strong>Post</strong></span> <span class='ocrx_word' id='word_1_90' title='bbox 1045 1484 1166 1536; x_wconf 87' lang='lat' dir='ltr'><strong>talia</strong></span> <span class='ocrx_word' id='word_1_91' title='bbox 1209 1484 1480 1553; x_wconf 79' lang='lat' dir='ltr'><strong>pervigilia</strong></span> <span class='ocrx_word' id='word_1_92' title='bbox 1519 1499 1734 1536; x_wconf 82' lang='lat' dir='ltr'><strong>somnus</strong></span> <span class='ocrx_word' id='word_1_93' title='bbox 1763 1484 1941 1537; x_wconf 90' lang='lat' dir='ltr'><strong>suavis</strong></span> <span class='ocrx_word' id='word_1_94' title='bbox 1969 1492 2068 1544; x_wconf 86' lang='lat' dir='ltr'><strong>est,</strong></span> <span class='ocrx_word' id='word_1_95' title='bbox 2103 1492 2157 1537; x_wconf 85' lang='lat' dir='ltr'><strong>et</strong></span> 
     </span>
    </p>
   </div>
   <div class='ocr_carea' id='block_1_13' title="bbox 589 1574 2155 1638">
    <p class='ocr_par' dir='ltr' id='par_1_13' title="bbox 589 1574 2155 1638">
     <span class='ocr_line' id='line_1_13' title="bbox 589 1574 2155 1638; baseline 0 -13"><span class='ocrx_word' id='word_1_96' title='bbox 589 1574 942 1627; x_wconf 81' lang='lat' dir='ltr'><strong>revelationes</strong></span> <span class='ocrx_word' id='word_1_97' title='bbox 990 1574 1278 1627; x_wconf 83' lang='lat' dir='ltr'><strong>mirabiles.</strong></span> <span class='ocrx_word' id='word_1_98' title='bbox 1323 1574 1432 1627; x_wconf 89' lang='lat' dir='ltr'><strong>llnc</strong></span> <span class='ocrx_word' id='word_1_99' title='bbox 1476 1574 1556 1627; x_wconf 90' lang='lat' dir='ltr'><strong>fac</strong></span> <span class='ocrx_word' id='word_1_100' title='bbox 1591 1582 1645 1627; x_wconf 90' lang='lat' dir='ltr'><strong>et</strong></span> <span class='ocrx_word' id='word_1_101' title='bbox 1683 1583 1735 1625; x_wconf 90' lang='lat' dir='ltr'><strong>tu</strong></span> <span class='ocrx_word' id='word_1_102' title='bbox 1776 1574 1876 1638; x_wconf 84' lang='lat' dir='ltr'><strong>vir,</strong></span> <span class='ocrx_word' id='word_1_103' title='bbox 1911 1588 2013 1626; x_wconf 89' lang='lat' dir='ltr'><strong>non</strong></span> <span class='ocrx_word' id='word_1_104' title='bbox 2042 1574 2155 1627; x_wconf 88' lang='lat' dir='ltr'><strong>sola</strong></span> 
     </span>
    </p>
   </div>
   <div class='ocr_carea' id='block_1_14' title="bbox 583 1664 2153 1719">
    <p class='ocr_par' dir='ltr' id='par_1_14' title="bbox 583 1664 2153 1719">
     <span class='ocr_line' id='line_1_14' title="bbox 583 1664 2153 1719; baseline 0 -2"><span class='ocrx_word' id='word_1_105' title='bbox 583 1664 792 1719; x_wconf 82' lang='lat' dir='ltr'><strong>mulier.</strong></span> <span class='ocrx_word' id='word_1_106' title='bbox 846 1664 1168 1718; x_wconf 79' lang='lat' dir='ltr'><strong>Siti-celesia</strong></span> <span class='ocrx_word' id='word_1_107' title='bbox 1209 1664 1395 1717; x_wconf 89' lang='lat' dir='ltr'><strong>domus</strong></span> <span class='ocrx_word' id='word_1_108' title='bbox 1425 1664 1551 1717; x_wconf 86' lang='lat' dir='ltr'><strong>viris</strong></span> <span class='ocrx_word' id='word_1_109' title='bbox 1592 1674 1644 1717; x_wconf 91' lang='lat' dir='ltr'><strong>et</strong></span> <span class='ocrx_word' id='word_1_110' title='bbox 1692 1664 1998 1717; x_wconf 79' lang='lat' dir='ltr'><strong>mulieribus</strong></span> <span class='ocrx_word' id='word_1_111' title='bbox 2024 1680 2153 1717; x_wconf 47' lang='lat' dir='ltr'><strong>eon‘</strong></span> 
     </span>
    </p>
   </div>
   <div class='ocr_carea' id='block_1_15' title="bbox 580 1754 2156 1825">
    <p class='ocr_par' dir='ltr' id='par_1_15' title="bbox 580 1754 2156 1825">
     <span class='ocr_line' id='line_1_15' title="bbox 580 1754 2156 1825; baseline 0.002 -20"><span class='ocrx_word' id='word_1_112' title='bbox 580 1766 745 1809; x_wconf 74' lang='lat' dir='ltr'><strong>stans.</strong></span> <span class='ocrx_word' id='word_1_113' title='bbox 767 1754 843 1809; x_wconf 88' lang='lat' dir='ltr'><strong>Ne</strong></span> <span class='ocrx_word' id='word_1_114' title='bbox 862 1756 981 1825; x_wconf 89' lang='lat' dir='ltr'><strong>quia</strong></span> <span class='ocrx_word' id='word_1_115' title='bbox 1013 1765 1063 1807; x_wconf 93' lang='lat' dir='ltr'><strong>tu</strong></span> <span class='ocrx_word' id='word_1_116' title='bbox 1085 1754 1226 1807; x_wconf 78' lang='lat' dir='ltr'><strong>solus</strong></span> <span class='ocrx_word' id='word_1_117' title='bbox 1254 1755 1351 1814; x_wconf 84' lang='lat' dir='ltr'><strong>vir,</strong></span> <span class='ocrx_word' id='word_1_118' title='bbox 1379 1756 1487 1823; x_wconf 85' lang='lat' dir='ltr'><strong>ipsa</strong></span> <span class='ocrx_word' id='word_1_119' title='bbox 1520 1754 1629 1808; x_wconf 88' lang='lat' dir='ltr'><strong>sola</strong></span> <span class='ocrx_word' id='word_1_120' title='bbox 1661 1755 1848 1809; x_wconf 85' lang='lat' dir='ltr'><strong>mulier</strong></span> <span class='ocrx_word' id='word_1_121' title='bbox 1874 1765 1975 1815; x_wconf 89' lang='lat' dir='ltr'><strong>est,</strong></span> <span class='ocrx_word' id='word_1_122' title='bbox 2004 1765 2156 1823; x_wconf 90' lang='lat' dir='ltr'><strong>putes</strong></span> 
     </span>
    </p>
   </div>
   <div class='ocr_carea' id='block_1_16' title="bbox 580 1844 2153 1914">
    <p class='ocr_par' dir='ltr' id='par_1_16' title="bbox 580 1844 2153 1914">
     <span class='ocr_line' id='line_1_16' title="bbox 580 1844 2153 1914; baseline -0.001 -16"><span class='ocrx_word' id='word_1_123' title='bbox 580 1848 629 1898; x_wconf 90' lang='lat' dir='ltr'><strong>id</strong></span> <span class='ocrx_word' id='word_1_124' title='bbox 654 1846 1031 1914; x_wconf 87' lang='lat' dir='ltr'><strong>impedimento</strong></span> <span class='ocrx_word' id='word_1_125' title='bbox 1061 1860 1199 1900; x_wconf 84' lang='lat' dir='ltr'><strong>esse.</strong></span> <span class='ocrx_word' id='word_1_126' title='bbox 1238 1844 1373 1897; x_wconf 83' lang='lat' dir='ltr'><strong>Nam</strong></span> <span class='ocrx_word' id='word_1_127' title='bbox 1420 1847 1501 1898; x_wconf 86' lang='lat' dir='ltr'><strong>ubi</strong></span> <span class='ocrx_word' id='word_1_128' title='bbox 1526 1846 1627 1897; x_wconf 85' lang='lat' dir='ltr'><strong>duo</strong></span> <span class='ocrx_word' id='word_1_129' title='bbox 1656 1845 1841 1911; x_wconf 77' lang='lat' dir='ltr'><strong>fuerint</strong></span> <span class='ocrx_word' id='word_1_130' title='bbox 1869 1845 2153 1914; x_wconf 75' lang='lat' dir='ltr'><strong>congregati</strong></span> 
     </span>
    </p>
   </div>
   <div class='ocr_carea' id='block_1_17' title="bbox 576 1936 2153 2005">
    <p class='ocr_par' dir='ltr' id='par_1_17' title="bbox 576 1936 2153 2005">
     <span class='ocr_line' id='line_1_17' title="bbox 576 1936 2153 2005; baseline 0.001 -17"><span class='ocrx_word' id='word_1_131' title='bbox 576 1940 627 1990; x_wconf 86' lang='lat' dir='ltr'><strong>in</strong></span> <span class='ocrx_word' id='word_1_132' title='bbox 674 1938 874 1990; x_wconf 88' lang='lat' dir='ltr'><strong>nomine</strong></span> <span class='ocrx_word' id='word_1_133' title='bbox 920 1953 1062 1998; x_wconf 87' lang='lat' dir='ltr'><strong>meo,</strong></span> <span class='ocrx_word' id='word_1_134' title='bbox 1114 1936 1316 2005; x_wconf 83' lang='lat' dir='ltr'><strong>inquit,</strong></span> <span class='ocrx_word' id='word_1_135' title='bbox 1367 1937 1473 1989; x_wconf 79' lang='lat' dir='ltr'><strong>illic</strong></span> <span class='ocrx_word' id='word_1_136' title='bbox 1526 1954 1636 1989; x_wconf 86' lang='lat' dir='ltr'><strong>sum</strong></span> <span class='ocrx_word' id='word_1_137' title='bbox 1676 1938 1728 1989; x_wconf 87' lang='lat' dir='ltr'><strong>in</strong></span> <span class='ocrx_word' id='word_1_138' title='bbox 1769 1937 1930 1988; x_wconf 87' lang='lat' dir='ltr'><strong>medio</strong></span> <span class='ocrx_word' id='word_1_139' title='bbox 1983 1952 2153 1989; x_wconf 86' lang='lat' dir='ltr'><strong>eorum</strong></span> 
     </span>
    </p>
   </div>
   <div class='ocr_carea' id='block_1_18' title="bbox 580 2026 2147 2097">
    <p class='ocr_par' dir='ltr' id='par_1_18' title="bbox 580 2026 2147 2097">
     <span class='ocr_line' id='line_1_18' title="bbox 580 2026 2147 2097; baseline -0.001 -16"><span class='ocrx_word' id='word_1_140' title='bbox 580 2028 805 2090; x_wconf 77' lang='lat' dir='ltr'><strong>(Matth.</strong></span> <span class='ocrx_word' id='word_1_141' title='bbox 840 2028 925 2083; x_wconf 97' lang='grc'><strong>18.</strong></span> <span class='ocrx_word' id='word_1_142' title='bbox 975 2028 1104 2097; x_wconf 75' lang='grc'><strong>20).</strong></span> <span class='ocrx_word' id='word_1_143' title='bbox 1155 2028 1249 2083; x_wconf 85' lang='lat' dir='ltr'><strong>Ubi</strong></span> <span class='ocrx_word' id='word_1_144' title='bbox 1294 2026 1538 2081; x_wconf 84' lang='lat' dir='ltr'><strong>Christus</strong></span> <span class='ocrx_word' id='word_1_145' title='bbox 1570 2028 1803 2089; x_wconf 86' lang='lat' dir='ltr'><strong>medius,</strong></span> <span class='ocrx_word' id='word_1_146' title='bbox 1850 2028 1921 2080; x_wconf 91' lang='lat' dir='ltr'><strong>ibi</strong></span> <span class='ocrx_word' id='word_1_147' title='bbox 1959 2043 2147 2097; x_wconf 81' lang='lat' dir='ltr'><strong>magna</strong></span> 
     </span>
    </p>
   </div>
   <div class='ocr_carea' id='block_1_19' title="bbox 582 2118 2149 2187">
    <p class='ocr_par' dir='ltr' id='par_1_19' title="bbox 582 2118 2149 2187">
     <span class='ocr_line' id='line_1_19' title="bbox 582 2118 2149 2187; baseline 0 -16"><span class='ocrx_word' id='word_1_148' title='bbox 582 2118 860 2172; x_wconf 89' lang='lat' dir='ltr'><strong>multitudo</strong></span> <span class='ocrx_word' id='word_1_149' title='bbox 886 2130 965 2172; x_wconf 90' lang='lat' dir='ltr'><strong>est</strong></span> <span class='ocrx_word' id='word_1_150' title='bbox 1000 2138 1012 2173; x_wconf 93' lang='lat'>:</span> <span class='ocrx_word' id='word_1_151' title='bbox 1046 2118 1130 2172; x_wconf 91' lang='lat' dir='ltr'><strong>ubi</strong></span> <span class='ocrx_word' id='word_1_152' title='bbox 1171 2118 1432 2181; x_wconf 77' lang='lat' dir='ltr'><strong>Christus,</strong></span> <span class='ocrx_word' id='word_1_153' title='bbox 1476 2132 1696 2171; x_wconf 90' lang='lat' dir='ltr'><strong>necesse</strong></span> <span class='ocrx_word' id='word_1_154' title='bbox 1731 2128 1809 2170; x_wconf 71' lang='lat' dir='ltr'><strong>est</strong></span> <span class='ocrx_word' id='word_1_155' title='bbox 1846 2126 1898 2170; x_wconf 89' lang='lat' dir='ltr'><strong>et</strong></span> <span class='ocrx_word' id='word_1_156' title='bbox 1932 2118 2149 2187; x_wconf 80' lang='lat' dir='ltr'><strong>angelos</strong></span> 
     </span>
    </p>
   </div>
   <div class='ocr_carea' id='block_1_20' title="bbox 574 2207 2145 2279">
    <p class='ocr_par' dir='ltr' id='par_1_20' title="bbox 574 2207 2145 2279">
     <span class='ocr_line' id='line_1_20' title="bbox 574 2207 2145 2279; baseline -0.002 -16"><span class='ocrx_word' id='word_1_157' title='bbox 574 2224 692 2264; x_wconf 67' lang='lat' dir='ltr'><strong>esse</strong></span> <span class='ocrx_word' id='word_1_158' title='bbox 715 2219 766 2264; x_wconf 90' lang='lat' dir='ltr'><strong>et</strong></span> <span class='ocrx_word' id='word_1_159' title='bbox 794 2208 1144 2279; x_wconf 80' lang='lat' dir='ltr'><strong>archangelos</strong></span> <span class='ocrx_word' id='word_1_160' title='bbox 1165 2217 1218 2261; x_wconf 88' lang='lat' dir='ltr'><strong>et</strong></span> <span class='ocrx_word' id='word_1_161' title='bbox 1237 2208 1368 2261; x_wconf 88' lang='lat' dir='ltr'><strong>alias</strong></span> <span class='ocrx_word' id='word_1_162' title='bbox 1392 2216 1701 2276; x_wconf 89' lang='lat' dir='ltr'><strong>potestates.</strong></span> <span class='ocrx_word' id='word_1_163' title='bbox 1728 2207 1838 2260; x_wconf 75' lang='lat' dir='ltr'><strong>Non</strong></span> <span class='ocrx_word' id='word_1_164' title='bbox 1869 2208 2027 2276; x_wconf 80' lang='lat' dir='ltr'><strong>igitur</strong></span> <span class='ocrx_word' id='word_1_165' title='bbox 2046 2210 2145 2261; x_wconf 84' lang='lat' dir='ltr'><strong>snli</strong></span> 
     </span>
    </p>
   </div>
   <div class='ocr_carea' id='block_1_21' title="bbox 570 2297 2148 2367">
    <p class='ocr_par' dir='ltr' id='par_1_21' title="bbox 570 2297 2148 2367">
     <span class='ocr_line' id='line_1_21' title="bbox 570 2297 2148 2367; baseline -0.003 -15"><span class='ocrx_word' id='word_1_166' title='bbox 570 2301 699 2353; x_wconf 83' lang='lat' dir='ltr'><strong>estis</strong></span> <span class='ocrx_word' id='word_1_167' title='bbox 728 2302 965 2354; x_wconf 90' lang='lat' dir='ltr'><strong>omnium</strong></span> <span class='ocrx_word' id='word_1_168' title='bbox 1003 2300 1259 2355; x_wconf 90' lang='lat' dir='ltr'><strong>habentes</strong></span> <span class='ocrx_word' id='word_1_169' title='bbox 1290 2300 1591 2353; x_wconf 91' lang='lat' dir='ltr'><strong>Dominum.</strong></span> <span class='ocrx_word' id='word_1_170' title='bbox 1629 2299 1831 2352; x_wconf 75' lang='lat' dir='ltr'><strong>Rursus</strong></span> <span class='ocrx_word' id='word_1_171' title='bbox 1860 2297 1981 2351; x_wconf 91' lang='lat' dir='ltr'><strong>andi</strong></span> <span class='ocrx_word' id='word_1_172' title='bbox 2026 2314 2148 2367; x_wconf 84' lang='lat' dir='ltr'><strong>pro-</strong></span> 
     </span>
    </p>
   </div>
   <div class='ocr_carea' id='block_1_22' title="bbox 578 2390 2148 2461">
    <p class='ocr_par' dir='ltr' id='par_1_22' title="bbox 578 2390 2148 2461">
     <span class='ocr_line' id='line_1_22' title="bbox 578 2390 2148 2461; baseline 0.001 -19"><span class='ocrx_word' id='word_1_173' title='bbox 578 2390 789 2459; x_wconf 85' lang='lat' dir='ltr'><strong>pbetam</strong></span> <span class='ocrx_word' id='word_1_174' title='bbox 816 2391 1080 2446; x_wconf 85' lang='lat' dir='ltr'><strong>dicentem</strong></span> <span class='ocrx_word' id='word_1_175' title='bbox 1108 2409 1122 2445; x_wconf 90' lang='lat'>:</span> <span class='ocrx_word' id='word_1_176' title='bbox 1154 2390 1338 2444; x_wconf 81' lang='lat' dir='ltr'><strong>Melior</strong></span> <span class='ocrx_word' id='word_1_177' title='bbox 1370 2400 1443 2443; x_wconf 85' lang='lat' dir='ltr'><strong>est</strong></span> <span class='ocrx_word' id='word_1_178' title='bbox 1474 2407 1599 2444; x_wconf 79' lang='lat' dir='ltr'><strong>iuius</strong></span> <span class='ocrx_word' id='word_1_179' title='bbox 1625 2392 1813 2461; x_wconf 78' lang='lat' dir='ltr'><strong>faciens</strong></span> <span class='ocrx_word' id='word_1_180' title='bbox 1843 2391 2148 2443; x_wconf 77' lang='lat' dir='ltr'><strong>voluntatem</strong></span> 
     </span>
    </p>
   </div>
   <div class='ocr_carea' id='block_1_23' title="bbox 573 2480 2147 2550">
    <p class='ocr_par' dir='ltr' id='par_1_23' title="bbox 573 2480 2147 2550">
     <span class='ocr_line' id='line_1_23' title="bbox 573 2480 2147 2550; baseline -0.002 -14"><span class='ocrx_word' id='word_1_181' title='bbox 573 2483 810 2546; x_wconf 87' lang='lat' dir='ltr'><strong>Domini,</strong></span> <span class='ocrx_word' id='word_1_182' title='bbox 843 2499 992 2550; x_wconf 84' lang='lat' dir='ltr'><strong>quant</strong></span> <span class='ocrx_word' id='word_1_183' title='bbox 1022 2482 1158 2535; x_wconf 80' lang='lat' dir='ltr'><strong>mille</strong></span> <span class='ocrx_word' id='word_1_184' title='bbox 1183 2482 1377 2549; x_wconf 85' lang='lat' dir='ltr'><strong>iniqui(</strong></span> <span class='ocrx_word' id='word_1_185' title='bbox 1403 2480 1562 2534; x_wconf 83' lang='lat' dir='ltr'><strong>Eccti.</strong></span> <span class='ocrx_word' id='word_1_186' title='bbox 1589 2483 1674 2535; x_wconf 80' lang='grc'><strong>16.</strong></span> <span class='ocrx_word' id='word_1_187' title='bbox 1710 2482 1801 2550; x_wconf 84' lang='grc'><strong>5).</strong></span> <span class='ocrx_word' id='word_1_188' title='bbox 1829 2481 1964 2534; x_wconf 85' lang='lat' dir='ltr'><strong>Nihil</strong></span> <span class='ocrx_word' id='word_1_189' title='bbox 1998 2481 2147 2534; x_wconf 79' lang='lat' dir='ltr'><strong>infir-</strong></span> 
     </span>
    </p>
   </div>
   <div class='ocr_carea' id='block_1_24' title="bbox 570 2569 2141 2640">
    <p class='ocr_par' dir='ltr' id='par_1_24' title="bbox 570 2569 2141 2640">
     <span class='ocr_line' id='line_1_24' title="bbox 570 2569 2141 2640; baseline -0.001 -15"><span class='ocrx_word' id='word_1_190' title='bbox 570 2574 705 2627; x_wconf 90' lang='lat' dir='ltr'><strong>mius</strong></span> <span class='ocrx_word' id='word_1_191' title='bbox 740 2572 919 2627; x_wconf 88' lang='lat' dir='ltr'><strong>multis</strong></span> <span class='ocrx_word' id='word_1_192' title='bbox 949 2572 1161 2639; x_wconf 79' lang='lat' dir='ltr'><strong>iniquis,</strong></span> <span class='ocrx_word' id='word_1_193' title='bbox 1192 2571 1319 2625; x_wconf 86' lang='lat' dir='ltr'><strong>nihil</strong></span> <span class='ocrx_word' id='word_1_194' title='bbox 1349 2569 1538 2624; x_wconf 91' lang='lat' dir='ltr'><strong>fortius</strong></span> <span class='ocrx_word' id='word_1_195' title='bbox 1566 2586 1692 2635; x_wconf 91' lang='lat' dir='ltr'><strong>uno,</strong></span> <span class='ocrx_word' id='word_1_196' title='bbox 1731 2574 1819 2640; x_wconf 89' lang='lat' dir='ltr'><strong>qui</strong></span> <span class='ocrx_word' id='word_1_197' title='bbox 1850 2571 2141 2625; x_wconf 87' lang='lat' dir='ltr'><strong>secundum</strong></span> 
     </span>
    </p>
   </div>
   <div class='ocr_carea' id='block_1_25' title="bbox 572 2662 2143 2733">
    <p class='ocr_par' dir='ltr' id='par_1_25' title="bbox 572 2662 2143 2733">
     <span class='ocr_line' id='line_1_25' title="bbox 572 2662 2143 2733; baseline -0.002 -14"><span class='ocrx_word' id='word_1_198' title='bbox 572 2665 665 2719; x_wconf 91' lang='lat' dir='ltr'><strong>Dei</strong></span> <span class='ocrx_word' id='word_1_199' title='bbox 699 2665 866 2733; x_wconf 80' lang='lat' dir='ltr'><strong>legem</strong></span> <span class='ocrx_word' id='word_1_200' title='bbox 895 2665 1039 2717; x_wconf 84' lang='lat' dir='ltr'><strong>vivit.</strong></span> <span class='ocrx_word' id='word_1_201' title='bbox 1063 2662 1117 2716; x_wconf 92' lang='lat' dir='ltr'><strong>Si</strong></span> <span class='ocrx_word' id='word_1_202' title='bbox 1152 2663 1240 2717; x_wconf 87' lang='lat' dir='ltr'><strong>tibi</strong></span> <span class='ocrx_word' id='word_1_203' title='bbox 1265 2664 1371 2717; x_wconf 90' lang='lat' dir='ltr'><strong>sint</strong></span> <span class='ocrx_word' id='word_1_204' title='bbox 1398 2663 1579 2728; x_wconf 85' lang='lat' dir='ltr'><strong>liberi,</strong></span> <span class='ocrx_word' id='word_1_205' title='bbox 1611 2663 1780 2716; x_wconf 78' lang='lat' dir='ltr'><strong>excita</strong></span> <span class='ocrx_word' id='word_1_206' title='bbox 1814 2663 1967 2726; x_wconf 87' lang='lat' dir='ltr'><strong>illos;</strong></span> <span class='ocrx_word' id='word_1_207' title='bbox 1994 2673 2046 2717; x_wconf 92' lang='lat' dir='ltr'><strong>et</strong></span> <span class='ocrx_word' id='word_1_208' title='bbox 2074 2666 2143 2717; x_wconf 86' lang='lat' dir='ltr'><strong>sit</strong></span> 
     </span>
    </p>
   </div>
   <div class='ocr_carea' id='block_1_26' title="bbox 566 2755 2144 2824">
    <p class='ocr_par' dir='ltr' id='par_1_26' title="bbox 566 2755 2144 2824">
     <span class='ocr_line' id='line_1_26' title="bbox 566 2755 2144 2824; baseline -0.001 -15"><span class='ocrx_word' id='word_1_209' title='bbox 566 2759 783 2811; x_wconf 89' lang='lat' dir='ltr'><strong>omnino</strong></span> <span class='ocrx_word' id='word_1_210' title='bbox 814 2757 984 2810; x_wconf 88' lang='lat' dir='ltr'><strong>noctis</strong></span> <span class='ocrx_word' id='word_1_211' title='bbox 1012 2767 1250 2824; x_wconf 85' lang='lat' dir='ltr'><strong>tempore</strong></span> <span class='ocrx_word' id='word_1_212' title='bbox 1286 2756 1474 2809; x_wconf 90' lang='lat' dir='ltr'><strong>domus</strong></span> <span class='ocrx_word' id='word_1_213' title='bbox 1505 2756 1728 2807; x_wconf 73' lang='lat' dir='ltr'><strong>ecclesia</strong></span> <span class='ocrx_word' id='word_1_214' title='bbox 1758 2772 1769 2806; x_wconf 91' lang='lat'><strong>:</strong></span> <span class='ocrx_word' id='word_1_215' title='bbox 1804 2755 1847 2808; x_wconf 90' lang='lat' dir='ltr'><strong>si</strong></span> <span class='ocrx_word' id='word_1_216' title='bbox 1883 2772 2011 2809; x_wconf 89' lang='lat' dir='ltr'><strong>vero</strong></span> <span class='ocrx_word' id='word_1_217' title='bbox 2039 2757 2144 2808; x_wconf 81' lang='lat' dir='ltr'><strong>sint</strong></span> 
     </span>
    </p>
   </div>
   <div class='ocr_carea' id='block_1_27' title="bbox 567 2848 2144 2917">
    <p class='ocr_par' dir='ltr' id='par_1_27' title="bbox 567 2848 2144 2917">
     <span class='ocr_line' id='line_1_27' title="bbox 567 2848 2144 2917; baseline -0.001 -15"><span class='ocrx_word' id='word_1_218' title='bbox 567 2850 731 2905; x_wconf 86' lang='lat' dir='ltr'><strong>teneri</strong></span> <span class='ocrx_word' id='word_1_219' title='bbox 752 2890 767 2914; x_wconf 90' lang='lat'><strong>,</strong></span> <span class='ocrx_word' id='word_1_220' title='bbox 800 2864 895 2903; x_wconf 92' lang='lat' dir='ltr'><strong>nec</strong></span> <span class='ocrx_word' id='word_1_221' title='bbox 916 2849 1131 2917; x_wconf 85' lang='lat' dir='ltr'><strong>vigilare</strong></span> <span class='ocrx_word' id='word_1_222' title='bbox 1152 2848 1355 2915; x_wconf 87' lang='lat' dir='ltr'><strong>possint</strong></span> <span class='ocrx_word' id='word_1_223' title='bbox 1372 2888 1385 2911; x_wconf 92' lang='lat'><strong>,</strong></span> <span class='ocrx_word' id='word_1_224' title='bbox 1412 2862 1567 2900; x_wconf 86' lang='lat' dir='ltr'><strong>unam</strong></span> <span class='ocrx_word' id='word_1_225' title='bbox 1588 2848 1875 2900; x_wconf 83' lang='lat' dir='ltr'><strong>alteramve</strong></span> <span class='ocrx_word' id='word_1_226' title='bbox 1900 2849 2144 2901; x_wconf 86' lang='lat' dir='ltr'><strong>emittant</strong></span> 
     </span>
    </p>
   </div>
   <div class='ocr_carea' id='block_1_28' title="bbox 566 2938 2137 3007">
    <p class='ocr_par' dir='ltr' id='par_1_28' title="bbox 566 2938 2137 3007">
     <span class='ocr_line' id='line_1_28' title="bbox 566 2938 2137 3007; baseline 0 -16"><span class='ocrx_word' id='word_1_227' title='bbox 566 2943 859 2994; x_wconf 87' lang='lat' dir='ltr'><strong>orationem</strong></span> <span class='ocrx_word' id='word_1_228' title='bbox 906 2948 959 2992; x_wconf 91' lang='lat' dir='ltr'><strong>et</strong></span> <span class='ocrx_word' id='word_1_229' title='bbox 997 2938 1291 3007; x_wconf 87' lang='lat' dir='ltr'><strong>quiescant.</strong></span> <span class='ocrx_word' id='word_1_230' title='bbox 1334 2938 1557 2989; x_wconf 84' lang='lat' dir='ltr'><strong>Tantum</strong></span> <span class='ocrx_word' id='word_1_231' title='bbox 1597 2952 1775 3003; x_wconf 81' lang='lat' dir='ltr'><strong>surge,</strong></span> <span class='ocrx_word' id='word_1_232' title='bbox 1823 2948 1875 2991; x_wconf 92' lang='lat' dir='ltr'><strong>et</strong></span> <span class='ocrx_word' id='word_1_233' title='bbox 1919 2938 2043 2991; x_wconf 90' lang='lat' dir='ltr'><strong>illud</strong></span> <span class='ocrx_word' id='word_1_234' title='bbox 2088 2939 2137 2991; x_wconf 92' lang='lat' dir='ltr'><strong>in</strong></span> 
     </span>
    </p>
   </div>
   <div class='ocr_carea' id='block_1_29' title="bbox 562 3028 2136 3098">
    <p class='ocr_par' dir='ltr' id='par_1_29' title="bbox 562 3028 2136 3098">
     <span class='ocr_line' id='line_1_29' title="bbox 562 3028 2136 3098; baseline -0.001 -15"><span class='ocrx_word' id='word_1_235' title='bbox 562 3030 940 3087; x_wconf 77' lang='lat' dir='ltr'><strong>consuetudine</strong></span> <span class='ocrx_word' id='word_1_236' title='bbox 959 3045 1111 3098; x_wconf 90' lang='lat' dir='ltr'><strong>pone.</strong></span> <span class='ocrx_word' id='word_1_237' title='bbox 1129 3028 1265 3082; x_wconf 79' lang='lat' dir='ltr'><strong>Nihil</strong></span> <span class='ocrx_word' id='word_1_238' title='bbox 1283 3029 1379 3081; x_wconf 86' lang='lat' dir='ltr'><strong>hoc</strong></span> <span class='ocrx_word' id='word_1_239' title='bbox 1397 3028 1758 3096; x_wconf 85' lang='lat' dir='ltr'><strong>promptuario</strong></span> <span class='ocrx_word' id='word_1_240' title='bbox 1776 3028 1981 3090; x_wconf 91' lang='lat' dir='ltr'><strong>melius,</strong></span> <span class='ocrx_word' id='word_1_241' title='bbox 1996 3030 2136 3097; x_wconf 88' lang='lat' dir='ltr'><strong>quod</strong></span> 
     </span>
    </p>
   </div>
   <div class='ocr_carea' id='block_1_30' title="bbox 565 3120 2137 3190">
    <p class='ocr_par' dir='ltr' id='par_1_30' title="bbox 565 3120 2137 3190">
     <span class='ocr_line' id='line_1_30' title="bbox 565 3120 2137 3190; baseline -0.003 -13"><span class='ocrx_word' id='word_1_242' title='bbox 565 3124 699 3178; x_wconf 82' lang='lat' dir='ltr'><strong>tales</strong></span> <span class='ocrx_word' id='word_1_243' title='bbox 726 3136 913 3190; x_wconf 89' lang='lat' dir='ltr'><strong>preces</strong></span> <span class='ocrx_word' id='word_1_244' title='bbox 939 3121 1210 3187; x_wconf 89' lang='lat' dir='ltr'><strong>suscipiet.</strong></span> <span class='ocrx_word' id='word_1_245' title='bbox 1245 3120 1381 3172; x_wconf 85' lang='lat' dir='ltr'><strong>Audi</strong></span> <span class='ocrx_word' id='word_1_246' title='bbox 1408 3121 1716 3187; x_wconf 86' lang='lat' dir='ltr'><strong>prophetam</strong></span> <span class='ocrx_word' id='word_1_247' title='bbox 1740 3120 2003 3173; x_wconf 85' lang='lat' dir='ltr'><strong>dicentem</strong></span> <span class='ocrx_word' id='word_1_248' title='bbox 2031 3139 2045 3173; x_wconf 88' lang='lat'><strong>:</strong></span> <span class='ocrx_word' id='word_1_249' title='bbox 2078 3120 2137 3175; x_wconf 87' lang='lat' dir='ltr'><strong>Si</strong></span> 
     </span>
    </p>
   </div>
   <div class='ocr_carea' id='block_1_31' title="bbox 560 3212 2136 3281">
    <p class='ocr_par' dir='ltr' id='par_1_31' title="bbox 560 3212 2136 3281">
     <span class='ocr_line' id='line_1_31' title="bbox 560 3212 2136 3281; baseline -0.001 -16"><span class='ocrx_word' id='word_1_250' title='bbox 560 3231 748 3269; x_wconf 85' lang='lat' dir='ltr'><strong>memor</strong></span> <span class='ocrx_word' id='word_1_251' title='bbox 773 3214 847 3281; x_wconf 82' lang='lat' dir='ltr'><strong>fui</strong></span> <span class='ocrx_word' id='word_1_252' title='bbox 876 3213 947 3265; x_wconf 87' lang='lat' dir='ltr'><strong>tui</strong></span> <span class='ocrx_word' id='word_1_253' title='bbox 970 3228 1121 3281; x_wconf 87' lang='lat' dir='ltr'><strong>super</strong></span> <span class='ocrx_word' id='word_1_254' title='bbox 1142 3219 1351 3264; x_wconf 90' lang='lat' dir='ltr'><strong>stratum</strong></span> <span class='ocrx_word' id='word_1_255' title='bbox 1383 3227 1541 3263; x_wconf 88' lang='lat' dir='ltr'><strong>meum</strong></span> <span class='ocrx_word' id='word_1_256' title='bbox 1565 3252 1579 3277; x_wconf 89' lang='lat'><strong>,</strong></span> <span class='ocrx_word' id='word_1_257' title='bbox 1612 3213 1662 3262; x_wconf 86' lang='lat' dir='ltr'><strong>in</strong></span> <span class='ocrx_word' id='word_1_258' title='bbox 1696 3212 1952 3263; x_wconf 82' lang='lat' dir='ltr'><strong>matutinis</strong></span> <span class='ocrx_word' id='word_1_259' title='bbox 1975 3213 2136 3265; x_wconf 84' lang='lat' dir='ltr'><strong>medi-</strong></span> 
     </span>
    </p>
   </div>
   <div class='ocr_carea' id='block_1_32' title="bbox 560 3304 2133 3377">
    <p class='ocr_par' dir='ltr' id='par_1_32' title="bbox 560 3304 2133 3377">
     <span class='ocr_line' id='line_1_32' title="bbox 560 3304 2133 3377; baseline -0.001 -18"><span class='ocrx_word' id='word_1_260' title='bbox 560 3309 702 3361; x_wconf 83' lang='lat' dir='ltr'><strong>tubar</strong></span> <span class='ocrx_word' id='word_1_261' title='bbox 722 3310 773 3360; x_wconf 88' lang='lat' dir='ltr'><strong>in</strong></span> <span class='ocrx_word' id='word_1_262' title='bbox 803 3317 849 3360; x_wconf 90' lang='lat' dir='ltr'><strong>te</strong></span> <span class='ocrx_word' id='word_1_263' title='bbox 878 3306 1051 3377; x_wconf 86' lang='lat' dir='ltr'><strong>(Psal.</strong></span> <span class='ocrx_word' id='word_1_264' title='bbox 1077 3304 1165 3359; x_wconf 75' lang='grc'><strong>62.</strong></span> <span class='ocrx_word' id='word_1_265' title='bbox 1197 3305 1285 3373; x_wconf 88' lang='lat'><strong>7).</strong></span> <span class='ocrx_word' id='word_1_266' title='bbox 1312 3307 1377 3358; x_wconf 83' lang='lat' dir='ltr'><strong>At</strong></span> <span class='ocrx_word' id='word_1_267' title='bbox 1404 3305 1549 3359; x_wconf 85' lang='lat' dir='ltr'><strong>dices</strong></span> <span class='ocrx_word' id='word_1_268' title='bbox 1577 3322 1589 3357; x_wconf 92' lang='lat'>:</span> <span class='ocrx_word' id='word_1_269' title='bbox 1625 3305 1725 3359; x_wconf 84' lang='lat' dir='ltr'><strong>Per</strong></span> <span class='ocrx_word' id='word_1_270' title='bbox 1750 3305 1890 3358; x_wconf 90' lang='lat' dir='ltr'><strong>diem</strong></span> <span class='ocrx_word' id='word_1_271' title='bbox 1916 3307 2133 3359; x_wconf 89' lang='lat' dir='ltr'><strong>multum</strong></span> 
     </span>
    </p>
   </div>
   <div class='ocr_carea' id='block_1_33' title="bbox 562 3395 2131 3465">
    <p class='ocr_par' dir='ltr' id='par_1_33' title="bbox 562 3395 2131 3465">
     <span class='ocr_line' id='line_1_33' title="bbox 562 3395 2131 3465; baseline -0.001 -14"><span class='ocrx_word' id='word_1_272' title='bbox 562 3400 831 3461; x_wconf 88' lang='lat' dir='ltr'><strong>laboravi,</strong></span> <span class='ocrx_word' id='word_1_273' title='bbox 862 3412 958 3451; x_wconf 86' lang='lat' dir='ltr'><strong>nec</strong></span> <span class='ocrx_word' id='word_1_274' title='bbox 988 3411 1223 3465; x_wconf 89' lang='lat' dir='ltr'><strong>possum.</strong></span> <span class='ocrx_word' id='word_1_275' title='bbox 1256 3395 1377 3448; x_wconf 65' lang='lat' dir='ltr'><strong>llaec</strong></span> <span class='ocrx_word' id='word_1_276' title='bbox 1408 3395 1653 3449; x_wconf 89' lang='lat' dir='ltr'><strong>obtentus</strong></span> <span class='ocrx_word' id='word_1_277' title='bbox 1683 3404 1806 3448; x_wconf 89' lang='lat' dir='ltr'><strong>sunt</strong></span> <span class='ocrx_word' id='word_1_278' title='bbox 1832 3406 1883 3447; x_wconf 91' lang='lat' dir='ltr'><strong>et</strong></span> <span class='ocrx_word' id='word_1_279' title='bbox 1913 3397 2131 3449; x_wconf 81' lang='lat' dir='ltr'><strong>cavilla-</strong></span> 
     </span>
    </p>
   </div>
   <div class='ocr_carea' id='block_1_34' title="bbox 561 3486 2131 3559">
    <p class='ocr_par' dir='ltr' id='par_1_34' title="bbox 561 3486 2131 3559">
     <span class='ocr_line' id='line_1_34' title="bbox 561 3486 2131 3559; baseline -0.003 -14"><span class='ocrx_word' id='word_1_280' title='bbox 561 3495 753 3547; x_wconf 79' lang='lat' dir='ltr'><strong>tiones.</strong></span> <span class='ocrx_word' id='word_1_281' title='bbox 797 3489 1148 3559; x_wconf 83' lang='lat' dir='ltr'><strong>Quantumvis</strong></span> <span class='ocrx_word' id='word_1_282' title='bbox 1178 3489 1319 3542; x_wconf 89' lang='lat' dir='ltr'><strong>enim</strong></span> <span class='ocrx_word' id='word_1_283' title='bbox 1352 3486 1677 3541; x_wconf 85' lang='lat' dir='ltr'><strong>laboraveris</strong></span> <span class='ocrx_word' id='word_1_284' title='bbox 1698 3529 1711 3553; x_wconf 94' lang='lat'><strong>,</strong></span> <span class='ocrx_word' id='word_1_285' title='bbox 1746 3503 1848 3540; x_wconf 90' lang='lat' dir='ltr'><strong>non</strong></span> <span class='ocrx_word' id='word_1_286' title='bbox 1877 3498 2131 3557; x_wconf 75' lang='lat' dir='ltr'><strong>quantum</strong></span> 
     </span>
    </p>
   </div>
   <div class='ocr_carea' id='block_1_35' title="bbox 560 3578 2130 3649">
    <p class='ocr_par' dir='ltr' id='par_1_35' title="bbox 560 3578 2130 3649">
     <span class='ocr_line' id='line_1_35' title="bbox 560 3578 2130 3649; baseline -0.004 -10"><span class='ocrx_word' id='word_1_287' title='bbox 560 3586 707 3639; x_wconf 86' lang='lat' dir='ltr'><strong>faber</strong></span> <span class='ocrx_word' id='word_1_288' title='bbox 734 3583 974 3644; x_wconf 61' lang='lat' dir='ltr'><strong>aerarius,</strong></span> <span class='ocrx_word' id='word_1_289' title='bbox 1012 3582 1097 3649; x_wconf 87' lang='lat' dir='ltr'><strong>qui</strong></span> <span class='ocrx_word' id='word_1_290' title='bbox 1130 3590 1236 3633; x_wconf 88' lang='lat' dir='ltr'><strong>tam</strong></span> <span class='ocrx_word' id='word_1_291' title='bbox 1266 3594 1480 3649; x_wconf 80' lang='lat' dir='ltr'><strong>gravem</strong></span> <span class='ocrx_word' id='word_1_292' title='bbox 1526 3578 1775 3631; x_wconf 90' lang='lat' dir='ltr'><strong>malleum</strong></span> <span class='ocrx_word' id='word_1_293' title='bbox 1821 3580 1886 3632; x_wconf 92' lang='lat' dir='ltr'><strong>ab</strong></span> <span class='ocrx_word' id='word_1_294' title='bbox 1926 3580 2032 3631; x_wconf 87' lang='lat' dir='ltr'><strong>alto</strong></span> <span class='ocrx_word' id='word_1_295' title='bbox 2066 3579 2130 3632; x_wconf 93' lang='lat' dir='ltr'><strong>ad</strong></span> 
     </span>
    </p>
   </div>
   <div class='ocr_carea' id='block_1_36' title="bbox 562 3670 2130 3748">
    <p class='ocr_par' dir='ltr' id='par_1_36' title="bbox 562 3670 2130 3748">
     <span class='ocr_line' id='line_1_36' title="bbox 562 3670 2130 3748; baseline -0.002 -19"><span class='ocrx_word' id='word_1_296' title='bbox 562 3692 726 3748; x_wconf 86' lang='lat' dir='ltr'><strong>usque</strong></span> <span class='ocrx_word' id='word_1_297' title='bbox 748 3691 943 3746; x_wconf 90' lang='lat' dir='ltr'><strong>prunas</strong></span> <span class='ocrx_word' id='word_1_298' title='bbox 960 3674 1207 3735; x_wconf 72' lang='lat' dir='ltr'><strong>demittit,</strong></span> <span class='ocrx_word' id='word_1_299' title='bbox 1233 3684 1285 3725; x_wconf 91' lang='lat' dir='ltr'><strong>et</strong></span> <span class='ocrx_word' id='word_1_300' title='bbox 1306 3670 1507 3724; x_wconf 87' lang='lat' dir='ltr'><strong>fumum</strong></span> <span class='ocrx_word' id='word_1_301' title='bbox 1530 3679 1639 3723; x_wconf 92' lang='lat' dir='ltr'><strong>toto</strong></span> <span class='ocrx_word' id='word_1_302' title='bbox 1659 3684 1883 3739; x_wconf 85' lang='lat' dir='ltr'><strong>corpore</strong></span> <span class='ocrx_word' id='word_1_303' title='bbox 1903 3672 2130 3740; x_wconf 81' lang='lat' dir='ltr'><strong>excipit:</strong></span> 
     </span>
    </p>
   </div>
   <div class='ocr_carea' id='block_1_37' title="bbox 557 3762 2126 3830">
    <p class='ocr_par' dir='ltr' id='par_1_37' title="bbox 557 3762 2126 3830">
     <span class='ocr_line' id='line_1_37' title="bbox 557 3762 2126 3830; baseline -0.004 -7"><span class='ocrx_word' id='word_1_304' title='bbox 557 3780 612 3823; x_wconf 90' lang='lat' dir='ltr'><strong>et</strong></span> <span class='ocrx_word' id='word_1_305' title='bbox 636 3781 809 3822; x_wconf 86' lang='lat' dir='ltr'><strong>tamen</strong></span> <span class='ocrx_word' id='word_1_306' title='bbox 840 3766 1121 3819; x_wconf 80' lang='lat' dir='ltr'><strong>maximam</strong></span> <span class='ocrx_word' id='word_1_307' title='bbox 1160 3763 1330 3816; x_wconf 90' lang='lat' dir='ltr'><strong>noctis</strong></span> <span class='ocrx_word' id='word_1_308' title='bbox 1354 3770 1555 3830; x_wconf 89' lang='lat' dir='ltr'><strong>partem</strong></span> <span class='ocrx_word' id='word_1_309' title='bbox 1582 3776 1641 3815; x_wconf 88' lang='lat' dir='ltr'><strong>ea</strong></span> <span class='ocrx_word' id='word_1_310' title='bbox 1674 3762 1726 3813; x_wconf 91' lang='lat' dir='ltr'><strong>in</strong></span> <span class='ocrx_word' id='word_1_311' title='bbox 1760 3777 1818 3814; x_wconf 90' lang='lat' dir='ltr'><strong>re</strong></span> <span class='ocrx_word' id='word_1_312' title='bbox 1838 3764 2126 3816; x_wconf 90' lang='lat' dir='ltr'><strong>consumit.</strong></span> 
     </span>
    </p>
   </div>
   <div class='ocr_carea' id='block_1_38' title="bbox 556 3851 2127 3922">
    <p class='ocr_par' dir='ltr' id='par_1_38' title="bbox 556 3851 2127 3922">
     <span class='ocr_line' id='line_1_38' title="bbox 556 3851 2127 3922; baseline -0.005 -7"><span class='ocrx_word' id='word_1_313' title='bbox 556 3861 734 3915; x_wconf 75' lang='lat' dir='ltr'><strong>Nostis</strong></span> <span class='ocrx_word' id='word_1_314' title='bbox 772 3860 967 3921; x_wconf 89' lang='lat' dir='ltr'><strong>etiam,</strong></span> <span class='ocrx_word' id='word_1_315' title='bbox 1002 3856 1284 3918; x_wconf 86' lang='lat' dir='ltr'><strong>mulieres,</strong></span> <span class='ocrx_word' id='word_1_316' title='bbox 1333 3854 1376 3906; x_wconf 87' lang='lat' dir='ltr'><strong>si</strong></span> <span class='ocrx_word' id='word_1_317' title='bbox 1421 3851 1633 3921; x_wconf 87' lang='lat' dir='ltr'><strong>quando</strong></span> <span class='ocrx_word' id='word_1_318' title='bbox 1675 3853 1828 3905; x_wconf 89' lang='lat' dir='ltr'><strong>nobis</strong></span> <span class='ocrx_word' id='word_1_319' title='bbox 1857 3853 1906 3905; x_wconf 91' lang='lat' dir='ltr'><strong>in</strong></span> <span class='ocrx_word' id='word_1_320' title='bbox 1945 3869 2127 3922; x_wconf 79' lang='lat' dir='ltr'><strong>agrum</strong></span> 
     </span>
    </p>
   </div>
   <div class='ocr_carea' id='block_1_39' title="bbox 556 3940 2129 4019">
    <p class='ocr_par' dir='ltr' id='par_1_39' title="bbox 556 3940 2129 4019">
     <span class='ocr_line' id='line_1_39' title="bbox 556 3940 2129 4019; baseline -0.004 -13"><span class='ocrx_word' id='word_1_321' title='bbox 556 3954 850 4007; x_wconf 76' lang='lat' dir='ltr'><strong>concedere</strong></span> <span class='ocrx_word' id='word_1_322' title='bbox 871 3966 1004 4019; x_wconf 90' lang='lat' dir='ltr'><strong>opus</strong></span> <span class='ocrx_word' id='word_1_323' title='bbox 1027 3948 1141 4013; x_wconf 87' lang='lat' dir='ltr'><strong>fuit,</strong></span> <span class='ocrx_word' id='word_1_324' title='bbox 1164 3956 1254 4000; x_wconf 91' lang='lat' dir='ltr'><strong>ant</strong></span> <span class='ocrx_word' id='word_1_325' title='bbox 1280 3946 1343 3998; x_wconf 88' lang='lat' dir='ltr'><strong>ad</strong></span> <span class='ocrx_word' id='word_1_326' title='bbox 1372 3945 1723 4013; x_wconf 75' lang='lat' dir='ltr'><strong>pervigilium,</strong></span> <span class='ocrx_word' id='word_1_327' title='bbox 1747 3940 2012 4008; x_wconf 85' lang='lat' dir='ltr'><strong>quomodo</strong></span> <span class='ocrx_word' id='word_1_328' title='bbox 2036 3962 2129 4014; x_wconf 91' lang='lat' dir='ltr'><strong>per</strong></span> 
     </span>
    </p>
   </div>
   <div class='ocr_carea' id='block_1_40' title="bbox 557 4035 2127 4107">
    <p class='ocr_par' dir='ltr' id='par_1_40' title="bbox 557 4035 2127 4107">
     <span class='ocr_line' id='line_1_40' title="bbox 557 4035 2127 4107; baseline -0.006 -8"><span class='ocrx_word' id='word_1_329' title='bbox 557 4057 717 4099; x_wconf 87' lang='lat' dir='ltr'><strong>totam</strong></span> <span class='ocrx_word' id='word_1_330' title='bbox 766 4054 974 4098; x_wconf 84' lang='lat' dir='ltr'><strong>noctem</strong></span> <span class='ocrx_word' id='word_1_331' title='bbox 1022 4041 1094 4093; x_wconf 90' lang='lat' dir='ltr'><strong>illi</strong></span> <span class='ocrx_word' id='word_1_332' title='bbox 1143 4038 1380 4107; x_wconf 78' lang='lat' dir='ltr'><strong>vigilant.</strong></span> <span class='ocrx_word' id='word_1_333' title='bbox 1417 4035 1481 4089; x_wconf 82' lang='lat' dir='ltr'><strong>Et</strong></span> <span class='ocrx_word' id='word_1_334' title='bbox 1525 4036 1617 4087; x_wconf 88' lang='lat' dir='ltr'><strong>tibi</strong></span> <span class='ocrx_word' id='word_1_335' title='bbox 1650 4050 1777 4103; x_wconf 79' lang='lat' dir='ltr'><strong>ergo</strong></span> <span class='ocrx_word' id='word_1_336' title='bbox 1806 4035 2016 4089; x_wconf 86' lang='lat' dir='ltr'><strong>oflicina</strong></span> <span class='ocrx_word' id='word_1_337' title='bbox 2058 4040 2127 4093; x_wconf 86' lang='lat' dir='ltr'><strong>sit</strong></span> 
     </span>
    </p>
   </div>
   <div class='ocr_carea' id='block_1_41' title="bbox 1284 445 3075 509">
    <p class='ocr_par' dir='ltr' id='par_1_41' title="bbox 1284 445 3075 509">
     <span class='ocr_line' id='line_1_41' title="bbox 1284 445 3075 509; baseline -0.004 -1"><span class='ocrx_word' id='word_1_338' title='bbox 1284 452 1337 508; x_wconf 90' lang='lat' dir='ltr'><strong>S.</strong></span> <span class='ocrx_word' id='word_1_339' title='bbox 1378 450 1650 509; x_wconf 67' lang='lat' dir='ltr'><strong>JOANNIS</strong></span> <span class='ocrx_word' id='word_1_340' title='bbox 1688 449 2153 506; x_wconf 73' lang='lat' dir='ltr'><strong>CliRYSOSTUMl</strong></span> <span class='ocrx_word' id='word_1_341' title='bbox 2194 446 2510 503; x_wconf 71' lang='lat' dir='ltr'><strong>AliClllEP.</strong></span> <span class='ocrx_word' id='word_1_342' title='bbox 2543 445 3075 506; x_wconf 72' lang='lat' dir='ltr'><strong>CONSTANTINUP.</strong></span> 
     </span>
    </p>
   </div>
   <div class='ocr_carea' id='block_1_42' title="bbox 3754 446 3865 501">
    <p class='ocr_par' dir='ltr' id='par_1_42' title="bbox 3754 446 3865 501">
     <span class='ocr_line' id='line_1_42' title="bbox 3754 446 3865 501; baseline 0.027 -3"><span class='ocrx_word' id='word_1_343' title='bbox 3754 446 3865 501; x_wconf 64' lang='lat'><strong>305</strong></span> 
     </span>
    </p>
   </div>
   <div class='ocr_carea' id='block_1_43' title="bbox 2280 558 3862 628">
    <p class='ocr_par' dir='ltr' id='par_1_43' title="bbox 2280 558 3862 628">
     <span class='ocr_line' id='line_1_43' title="bbox 2280 558 3862 628; baseline 0 -13"><span class='ocrx_word' id='word_1_344' title='bbox 2280 562 2605 628; x_wconf 77' lang='lat' dir='ltr'><strong>Spirittlalis,</strong></span> <span class='ocrx_word' id='word_1_345' title='bbox 2654 580 2760 617; x_wconf 88' lang='lat' dir='ltr'><strong>non</strong></span> <span class='ocrx_word' id='word_1_346' title='bbox 2810 572 2867 616; x_wconf 91' lang='lat' dir='ltr'><strong>ut</strong></span> <span class='ocrx_word' id='word_1_347' title='bbox 2894 562 3033 616; x_wconf 86' lang='lat' dir='ltr'><strong>ollas</strong></span> <span class='ocrx_word' id='word_1_348' title='bbox 3076 570 3130 616; x_wconf 88' lang='lat' dir='ltr'><strong>et</strong></span> <span class='ocrx_word' id='word_1_349' title='bbox 3167 560 3392 625; x_wconf 82' lang='lat' dir='ltr'><strong>lebetes,</strong></span> <span class='ocrx_word' id='word_1_350' title='bbox 3418 558 3510 614; x_wconf 89' lang='lat' dir='ltr'><strong>sed</strong></span> <span class='ocrx_word' id='word_1_351' title='bbox 3544 568 3599 611; x_wconf 91' lang='lat' dir='ltr'><strong>ut</strong></span> <span class='ocrx_word' id='word_1_352' title='bbox 3624 559 3862 615; x_wconf 84' lang='lat' dir='ltr'><strong>animam</strong></span> 
     </span>
    </p>
   </div>
   <div class='ocr_carea' id='block_1_44' title="bbox 2280 650 3865 724">
    <p class='ocr_par' dir='ltr' id='par_1_44' title="bbox 2280 650 3865 724">
     <span class='ocr_line' id='line_1_44' title="bbox 2280 650 3865 724; baseline 0.002 -21"><span class='ocrx_word' id='word_1_353' title='bbox 2280 664 2419 707; x_wconf 81' lang='lat' dir='ltr'><strong>tuam</strong></span> <span class='ocrx_word' id='word_1_354' title='bbox 2454 671 2629 721; x_wconf 91' lang='lat' dir='ltr'><strong>pares,</strong></span> <span class='ocrx_word' id='word_1_355' title='bbox 2659 670 2778 724; x_wconf 76' lang='lat' dir='ltr'><strong>qua:</strong></span> <span class='ocrx_word' id='word_1_356' title='bbox 2808 664 2862 707; x_wconf 78' lang='lat' dir='ltr'><strong>et</strong></span> <span class='ocrx_word' id='word_1_357' title='bbox 2905 653 3097 707; x_wconf 71' lang='lat' dir='ltr'><strong>aerario</strong></span> <span class='ocrx_word' id='word_1_358' title='bbox 3139 661 3192 707; x_wconf 91' lang='lat' dir='ltr'><strong>et</strong></span> <span class='ocrx_word' id='word_1_359' title='bbox 3222 650 3440 707; x_wconf 81' lang='lat' dir='ltr'><strong>aurifice</strong></span> <span class='ocrx_word' id='word_1_360' title='bbox 3469 652 3637 705; x_wconf 90' lang='lat' dir='ltr'><strong>multo</strong></span> <span class='ocrx_word' id='word_1_361' title='bbox 3667 652 3865 707; x_wconf 87' lang='lat' dir='ltr'><strong>melior</strong></span> 
     </span>
    </p>
   </div>
   <div class='ocr_carea' id='block_1_45' title="bbox 2276 743 3860 813">
    <p class='ocr_par' dir='ltr' id='par_1_45' title="bbox 2276 743 3860 813">
     <span class='ocr_line' id='line_1_45' title="bbox 2276 743 3860 813; baseline 0.001 -17"><span class='ocrx_word' id='word_1_362' title='bbox 2276 754 2379 799; x_wconf 78' lang='lat' dir='ltr'><strong>est.</strong></span> <span class='ocrx_word' id='word_1_363' title='bbox 2414 745 2658 798; x_wconf 83' lang='lat' dir='ltr'><strong>Animam</strong></span> <span class='ocrx_word' id='word_1_364' title='bbox 2687 745 2921 813; x_wconf 77' lang='lat' dir='ltr'><strong>peccatis</strong></span> <span class='ocrx_word' id='word_1_365' title='bbox 2946 747 3288 797; x_wconf 80' lang='lat' dir='ltr'><strong>inveteratam</strong></span> <span class='ocrx_word' id='word_1_366' title='bbox 3321 743 3479 797; x_wconf 90' lang='lat' dir='ltr'><strong>induc</strong></span> <span class='ocrx_word' id='word_1_367' title='bbox 3509 744 3561 795; x_wconf 94' lang='lat' dir='ltr'><strong>in</strong></span> <span class='ocrx_word' id='word_1_368' title='bbox 3586 743 3860 797; x_wconf 84' lang='lat' dir='ltr'><strong>oflicinam</strong></span> 
     </span>
    </p>
   </div>
   <div class='ocr_carea' id='block_1_46' title="bbox 2272 833 3859 897">
    <p class='ocr_par' dir='ltr' id='par_1_46' title="bbox 2272 833 3859 897">
     <span class='ocr_line' id='line_1_46' title="bbox 2272 833 3859 897; baseline -0.001 -8"><span class='ocrx_word' id='word_1_369' title='bbox 2272 836 2620 889; x_wconf 82' lang='lat' dir='ltr'><strong>confessionis</strong></span> <span class='ocrx_word' id='word_1_370' title='bbox 2646 853 2659 887; x_wconf 92' lang='lat'>:</span> <span class='ocrx_word' id='word_1_371' title='bbox 2690 836 2940 890; x_wconf 88' lang='lat' dir='ltr'><strong>malleum</strong></span> <span class='ocrx_word' id='word_1_372' title='bbox 2970 850 2997 885; x_wconf 90' lang='lat' dir='ltr'><strong>a</strong></span> <span class='ocrx_word' id='word_1_373' title='bbox 3021 850 3230 887; x_wconf 89' lang='lat' dir='ltr'><strong>snnnno</strong></span> <span class='ocrx_word' id='word_1_374' title='bbox 3252 834 3428 897; x_wconf 91' lang='lat' dir='ltr'><strong>indue,</strong></span> <span class='ocrx_word' id='word_1_375' title='bbox 3456 833 3505 886; x_wconf 90' lang='lat' dir='ltr'><strong>id</strong></span> <span class='ocrx_word' id='word_1_376' title='bbox 3529 844 3629 894; x_wconf 87' lang='lat' dir='ltr'><strong>est,</strong></span> <span class='ocrx_word' id='word_1_377' title='bbox 3660 834 3859 887; x_wconf 78' lang='lat' dir='ltr'><strong>verbo-</strong></span> 
     </span>
    </p>
   </div>
   <div class='ocr_carea' id='block_1_47' title="bbox 2274 923 3862 994">
    <p class='ocr_par' dir='ltr' id='par_1_47' title="bbox 2274 923 3862 994">
     <span class='ocr_line' id='line_1_47' title="bbox 2274 923 3862 994; baseline -0.002 -14"><span class='ocrx_word' id='word_1_378' title='bbox 2274 943 2389 980; x_wconf 91' lang='lat' dir='ltr'><strong>rum</strong></span> <span class='ocrx_word' id='word_1_379' title='bbox 2430 926 2825 980; x_wconf 80' lang='lat' dir='ltr'><strong>damnationem</strong></span> <span class='ocrx_word' id='word_1_380' title='bbox 2858 944 2870 978; x_wconf 93' lang='lat'>:</span> <span class='ocrx_word' id='word_1_381' title='bbox 2905 927 3140 979; x_wconf 88' lang='lat' dir='ltr'><strong>accende</strong></span> <span class='ocrx_word' id='word_1_382' title='bbox 3192 925 3367 994; x_wconf 80' lang='lat' dir='ltr'><strong>ignem</strong></span> <span class='ocrx_word' id='word_1_383' title='bbox 3412 923 3661 994; x_wconf 81' lang='lat' dir='ltr'><strong>Spiritus.</strong></span> <span class='ocrx_word' id='word_1_384' title='bbox 3693 924 3862 979; x_wconf 79' lang='lat' dir='ltr'><strong>Multo</strong></span> 
     </span>
    </p>
   </div>
   <div class='ocr_carea' id='block_1_48' title="bbox 2274 1016 3860 1086">
    <p class='ocr_par' dir='ltr' id='par_1_48' title="bbox 2274 1016 3860 1086">
     <span class='ocr_line' id='line_1_48' title="bbox 2274 1016 3860 1086; baseline 0.001 -18"><span class='ocrx_word' id='word_1_385' title='bbox 2274 1018 2697 1086; x_wconf 67' lang='lat' dir='ltr'><strong>pra&#39;stautiorem</strong></span> <span class='ocrx_word' id='word_1_386' title='bbox 2723 1028 2892 1071; x_wconf 89' lang='lat' dir='ltr'><strong>artem</strong></span> <span class='ocrx_word' id='word_1_387' title='bbox 2928 1018 3111 1070; x_wconf 83' lang='lat' dir='ltr'><strong>babes.</strong></span> <span class='ocrx_word' id='word_1_388' title='bbox 3139 1016 3253 1070; x_wconf 86' lang='lat' dir='ltr'><strong>Non</strong></span> <span class='ocrx_word' id='word_1_389' title='bbox 3286 1033 3445 1071; x_wconf 85' lang='lat' dir='ltr'><strong>aurea</strong></span> <span class='ocrx_word' id='word_1_390' title='bbox 3479 1034 3603 1069; x_wconf 76' lang='lat' dir='ltr'><strong>vasa</strong></span> <span class='ocrx_word' id='word_1_391' title='bbox 3637 1018 3860 1071; x_wconf 71' lang='lat' dir='ltr'><strong>concin-</strong></span> 
     </span>
    </p>
   </div>
   <div class='ocr_carea' id='block_1_49' title="bbox 2272 1108 3859 1175">
    <p class='ocr_par' dir='ltr' id='par_1_49' title="bbox 2272 1108 3859 1175">
     <span class='ocr_line' id='line_1_49' title="bbox 2272 1108 3859 1175; baseline 0 -14"><span class='ocrx_word' id='word_1_392' title='bbox 2272 1126 2396 1171; x_wconf 86' lang='lat' dir='ltr'><strong>nas;</strong></span> <span class='ocrx_word' id='word_1_393' title='bbox 2430 1109 2520 1163; x_wconf 74' lang='lat' dir='ltr'><strong>sed</strong></span> <span class='ocrx_word' id='word_1_394' title='bbox 2549 1124 2678 1161; x_wconf 90' lang='lat' dir='ltr'><strong>anro</strong></span> <span class='ocrx_word' id='word_1_395' title='bbox 2708 1109 2854 1162; x_wconf 87' lang='lat' dir='ltr'><strong>omni</strong></span> <span class='ocrx_word' id='word_1_396' title='bbox 2893 1108 3263 1175; x_wconf 80' lang='lat' dir='ltr'><strong>pretiosiorem</strong></span> <span class='ocrx_word' id='word_1_397' title='bbox 3291 1109 3521 1161; x_wconf 91' lang='lat' dir='ltr'><strong>animam</strong></span> <span class='ocrx_word' id='word_1_398' title='bbox 3554 1111 3690 1162; x_wconf 84' lang='lat' dir='ltr'><strong>sient</strong></span> <span class='ocrx_word' id='word_1_399' title='bbox 3720 1125 3859 1162; x_wconf 48' lang='lat' dir='ltr'><strong>atra-</strong></span> 
     </span>
    </p>
   </div>
   <div class='ocr_carea' id='block_1_50' title="bbox 2269 1202 3856 1270">
    <p class='ocr_par' dir='ltr' id='par_1_50' title="bbox 2269 1202 3856 1270">
     <span class='ocr_line' id='line_1_50' title="bbox 2269 1202 3856 1270; baseline 0 -15"><span class='ocrx_word' id='word_1_400' title='bbox 2269 1202 2379 1255; x_wconf 91' lang='lat' dir='ltr'><strong>rius</strong></span> <span class='ocrx_word' id='word_1_401' title='bbox 2421 1211 2616 1256; x_wconf 89' lang='lat' dir='ltr'><strong>lractas</strong></span> <span class='ocrx_word' id='word_1_402' title='bbox 2647 1218 2661 1253; x_wconf 89' lang='lat'><strong>:</strong></span> <span class='ocrx_word' id='word_1_403' title='bbox 2710 1217 2814 1254; x_wconf 90' lang='lat' dir='ltr'><strong>non</strong></span> <span class='ocrx_word' id='word_1_404' title='bbox 2857 1217 2946 1256; x_wconf 81' lang='lat' dir='ltr'><strong>vas</strong></span> <span class='ocrx_word' id='word_1_405' title='bbox 2977 1217 3292 1269; x_wconf 83' lang='lat' dir='ltr'><strong>corporeum</strong></span> <span class='ocrx_word' id='word_1_406' title='bbox 3320 1216 3578 1270; x_wconf 83' lang='lat' dir='ltr'><strong>apparas;</strong></span> <span class='ocrx_word' id='word_1_407' title='bbox 3612 1203 3704 1255; x_wconf 87' lang='lat' dir='ltr'><strong>sed</strong></span> <span class='ocrx_word' id='word_1_408' title='bbox 3734 1205 3856 1255; x_wconf 66' lang='lat' dir='ltr'><strong>ani-</strong></span> 
     </span>
    </p>
   </div>
   <div class='ocr_carea' id='block_1_51' title="bbox 2268 1288 3854 1361">
    <p class='ocr_par' dir='ltr' id='par_1_51' title="bbox 2268 1288 3854 1361">
     <span class='ocr_line' id='line_1_51' title="bbox 2268 1288 3854 1361; baseline 0.001 -16"><span class='ocrx_word' id='word_1_409' title='bbox 2268 1310 2407 1347; x_wconf 81' lang='lat' dir='ltr'><strong>inani</strong></span> <span class='ocrx_word' id='word_1_410' title='bbox 2448 1295 2515 1348; x_wconf 90' lang='lat' dir='ltr'><strong>ab</strong></span> <span class='ocrx_word' id='word_1_411' title='bbox 2554 1294 2697 1347; x_wconf 88' lang='lat' dir='ltr'><strong>omni</strong></span> <span class='ocrx_word' id='word_1_412' title='bbox 2738 1295 2978 1347; x_wconf 71' lang='lat' dir='ltr'><strong>smculari</strong></span> <span class='ocrx_word' id='word_1_413' title='bbox 3021 1288 3293 1361; x_wconf 69' lang='lat' dir='ltr'><strong>phantasia</strong></span> <span class='ocrx_word' id='word_1_414' title='bbox 3328 1293 3541 1348; x_wconf 88' lang='lat' dir='ltr'><strong>liberas.</strong></span> <span class='ocrx_word' id='word_1_415' title='bbox 3574 1294 3727 1348; x_wconf 83' lang='lat' dir='ltr'><strong>Adsit</strong></span> <span class='ocrx_word' id='word_1_416' title='bbox 3758 1294 3854 1347; x_wconf 84' lang='lat' dir='ltr'><strong>tibi</strong></span> 
     </span>
    </p>
   </div>
   <div class='ocr_carea' id='block_1_52' title="bbox 2266 1386 3856 1455">
    <p class='ocr_par' dir='ltr' id='par_1_52' title="bbox 2266 1386 3856 1455">
     <span class='ocr_line' id='line_1_52' title="bbox 2266 1386 3856 1455; baseline 0.003 -17"><span class='ocrx_word' id='word_1_417' title='bbox 2266 1386 2501 1450; x_wconf 82' lang='lat' dir='ltr'><strong>lucerna,</strong></span> <span class='ocrx_word' id='word_1_418' title='bbox 2528 1402 2633 1440; x_wconf 87' lang='lat' dir='ltr'><strong>non</strong></span> <span class='ocrx_word' id='word_1_419' title='bbox 2658 1387 2770 1439; x_wconf 78' lang='lat' dir='ltr'><strong>lure</strong></span> <span class='ocrx_word' id='word_1_420' title='bbox 2792 1386 3008 1451; x_wconf 89' lang='lat' dir='ltr'><strong>ardens,</strong></span> <span class='ocrx_word' id='word_1_421' title='bbox 3032 1387 3125 1438; x_wconf 80' lang='lat' dir='ltr'><strong>sed</strong></span> <span class='ocrx_word' id='word_1_422' title='bbox 3153 1402 3309 1455; x_wconf 90' lang='lat' dir='ltr'><strong>quam</strong></span> <span class='ocrx_word' id='word_1_423' title='bbox 3336 1397 3595 1439; x_wconf 84' lang='lat' dir='ltr'><strong>memorat</strong></span> <span class='ocrx_word' id='word_1_424' title='bbox 3622 1387 3856 1455; x_wconf 87' lang='lat' dir='ltr'><strong>prophe-</strong></span> 
     </span>
    </p>
   </div>
   <div class='ocr_carea' id='block_1_53' title="bbox 2267 1476 3851 1549">
    <p class='ocr_par' dir='ltr' id='par_1_53' title="bbox 2267 1476 3851 1549">
     <span class='ocr_line' id='line_1_53' title="bbox 2267 1476 3851 1549; baseline 0.001 -20"><span class='ocrx_word' id='word_1_425' title='bbox 2267 1486 2355 1530; x_wconf 82' lang='lat' dir='ltr'><strong>ta:</strong></span> <span class='ocrx_word' id='word_1_426' title='bbox 2386 1476 2615 1530; x_wconf 83' lang='lat' dir='ltr'><strong>Lucerna</strong></span> <span class='ocrx_word' id='word_1_427' title='bbox 2652 1478 2862 1546; x_wconf 82' lang='lat' dir='ltr'><strong>pedibus</strong></span> <span class='ocrx_word' id='word_1_428' title='bbox 2909 1478 3031 1528; x_wconf 79' lang='lat' dir='ltr'><strong>meis</strong></span> <span class='ocrx_word' id='word_1_429' title='bbox 3073 1476 3154 1530; x_wconf 70' lang='lat' dir='ltr'><strong>lex</strong></span> <span class='ocrx_word' id='word_1_430' title='bbox 3192 1487 3277 1529; x_wconf 80' lang='lat' dir='ltr'><strong>tua</strong></span> <span class='ocrx_word' id='word_1_431' title='bbox 3304 1480 3320 1546; x_wconf 87' lang='lat'>(</span> <span class='ocrx_word' id='word_1_432' title='bbox 3348 1476 3487 1529; x_wconf 79' lang='lat' dir='ltr'><strong>Psal.</strong></span> <span class='ocrx_word' id='word_1_433' title='bbox 3528 1480 3650 1531; x_wconf 90' lang='grc'><strong>118.</strong></span> <span class='ocrx_word' id='word_1_434' title='bbox 3686 1479 3851 1549; x_wconf 73' lang='grc'><strong>105).</strong></span> 
     </span>
    </p>
   </div>
   <div class='ocr_carea' id='block_1_54' title="bbox 2265 1566 3849 1621">
    <p class='ocr_par' dir='ltr' id='par_1_54' title="bbox 2265 1566 3849 1621">
     <span class='ocr_line' id='line_1_54' title="bbox 2265 1566 3849 1621; baseline 0 0"><span class='ocrx_word' id='word_1_435' title='bbox 2265 1568 2513 1621; x_wconf 77' lang='lat' dir='ltr'><strong>Accende</strong></span> <span class='ocrx_word' id='word_1_436' title='bbox 2553 1566 2881 1619; x_wconf 85' lang='lat' dir='ltr'><strong>orationibus</strong></span> <span class='ocrx_word' id='word_1_437' title='bbox 2924 1566 3192 1619; x_wconf 87' lang='lat' dir='ltr'><strong>animam:</strong></span> <span class='ocrx_word' id='word_1_438' title='bbox 3226 1566 3270 1619; x_wconf 87' lang='lat' dir='ltr'><strong>si</strong></span> <span class='ocrx_word' id='word_1_439' title='bbox 3309 1568 3439 1619; x_wconf 85' lang='lat' dir='ltr'><strong>satis</strong></span> <span class='ocrx_word' id='word_1_440' title='bbox 3469 1567 3613 1619; x_wconf 86' lang='lat' dir='ltr'><strong>illam</strong></span> <span class='ocrx_word' id='word_1_441' title='bbox 3649 1566 3849 1621; x_wconf 85' lang='lat' dir='ltr'><strong>habere</strong></span> 
     </span>
    </p>
   </div>
   <div class='ocr_carea' id='block_1_55' title="bbox 2263 1658 3302 1724">
    <p class='ocr_par' dir='ltr' id='par_1_55' title="bbox 2263 1658 3302 1724">
     <span class='ocr_line' id='line_1_55' title="bbox 2263 1658 3302 1724; baseline 0 -13"><span class='ocrx_word' id='word_1_442' title='bbox 2263 1660 2477 1724; x_wconf 81' lang='lat' dir='ltr'><strong>videris,</strong></span> <span class='ocrx_word' id='word_1_443' title='bbox 2508 1658 2662 1722; x_wconf 89' lang='lat' dir='ltr'><strong>educ,</strong></span> <span class='ocrx_word' id='word_1_444' title='bbox 2692 1658 2908 1713; x_wconf 72' lang='lat' dir='ltr'><strong>cfl&#39;orina</strong></span> <span class='ocrx_word' id='word_1_445' title='bbox 2942 1658 3081 1712; x_wconf 89' lang='lat' dir='ltr'><strong>illam</strong></span> <span class='ocrx_word' id='word_1_446' title='bbox 3118 1669 3173 1711; x_wconf 92' lang='lat' dir='ltr'><strong>nt</strong></span> <span class='ocrx_word' id='word_1_447' title='bbox 3204 1661 3302 1713; x_wconf 91' lang='lat' dir='ltr'><strong>vis.</strong></span> 
     </span>
    </p>
   </div>
   <div class='ocr_carea' id='block_1_56' title="bbox 2336 1752 3843 1821">
    <p class='ocr_par' dir='ltr' id='par_1_56' title="bbox 2336 1752 3843 1821">
     <span class='ocr_line' id='line_1_56' title="bbox 2336 1752 3843 1821; baseline 0.001 -16"><span class='ocrx_word' id='word_1_448' title='bbox 2336 1752 2511 1805; x_wconf 82' lang='lat' dir='ltr'><strong>Oratio</strong></span> <span class='ocrx_word' id='word_1_449' title='bbox 2540 1761 2723 1821; x_wconf 81' lang='lat' dir='ltr'><strong>purgat</strong></span> <span class='ocrx_word' id='word_1_450' title='bbox 2752 1752 3029 1821; x_wconf 77' lang='lat' dir='ltr'><strong>rubiginem</strong></span> <span class='ocrx_word' id='word_1_451' title='bbox 3056 1752 3657 1819; x_wconf 61' lang='lat' dir='ltr'><strong>peccatorum—Crede</strong></span> <span class='ocrx_word' id='word_1_452' title='bbox 3678 1752 3811 1807; x_wconf 86' lang='lat' dir='ltr'><strong>mihi</strong></span> <span class='ocrx_word' id='word_1_453' title='bbox 3829 1796 3843 1814; x_wconf 88' lang='lat'><strong>,</strong></span> 
     </span>
    </p>
   </div>
   <div class='ocr_carea' id='block_1_57' title="bbox 2260 1844 3850 1911">
    <p class='ocr_par' dir='ltr' id='par_1_57' title="bbox 2260 1844 3850 1911">
     <span class='ocr_line' id='line_1_57' title="bbox 2260 1844 3850 1911; baseline 0.001 -15"><span class='ocrx_word' id='word_1_454' title='bbox 2260 1858 2364 1897; x_wconf 88' lang='lat' dir='ltr'><strong>non</strong></span> <span class='ocrx_word' id='word_1_455' title='bbox 2394 1845 2468 1896; x_wconf 89' lang='lat' dir='ltr'><strong>sic</strong></span> <span class='ocrx_word' id='word_1_456' title='bbox 2496 1844 2631 1911; x_wconf 77' lang='lat' dir='ltr'><strong>ignis</strong></span> <span class='ocrx_word' id='word_1_457' title='bbox 2673 1844 2968 1910; x_wconf 75' lang='lat' dir='ltr'><strong>rubiginem</strong></span> <span class='ocrx_word' id='word_1_458' title='bbox 3016 1852 3236 1911; x_wconf 75' lang='lat' dir='ltr'><strong>purgat.</strong></span> <span class='ocrx_word' id='word_1_459' title='bbox 3288 1853 3344 1897; x_wconf 90' lang='lat' dir='ltr'><strong>ut</strong></span> <span class='ocrx_word' id='word_1_460' title='bbox 3374 1852 3627 1897; x_wconf 88' lang='lat' dir='ltr'><strong>nocturna</strong></span> <span class='ocrx_word' id='word_1_461' title='bbox 3675 1845 3850 1898; x_wconf 84' lang='lat' dir='ltr'><strong>oratio</strong></span> 
     </span>
    </p>
   </div>
   <div class='ocr_carea' id='block_1_58' title="bbox 2260 1934 3844 2003">
    <p class='ocr_par' dir='ltr' id='par_1_58' title="bbox 2260 1934 3844 2003">
     <span class='ocr_line' id='line_1_58' title="bbox 2260 1934 3844 2003; baseline 0.002 -17"><span class='ocrx_word' id='word_1_462' title='bbox 2260 1936 2557 2003; x_wconf 70' lang='lat' dir='ltr'><strong>rubiginem</strong></span> <span class='ocrx_word' id='word_1_463' title='bbox 2602 1944 2939 2003; x_wconf 86' lang='lat' dir='ltr'><strong>peccatorum</strong></span> <span class='ocrx_word' id='word_1_464' title='bbox 2988 1944 3314 1989; x_wconf 85' lang='lat' dir='ltr'><strong>nostrorum.</strong></span> <span class='ocrx_word' id='word_1_465' title='bbox 3354 1934 3752 2000; x_wconf 78' lang='lat' dir='ltr'><strong>Revereamnr,</strong></span> <span class='ocrx_word' id='word_1_466' title='bbox 3800 1938 3844 1989; x_wconf 80' lang='lat' dir='ltr'><strong>si</strong></span> 
     </span>
    </p>
   </div>
   <div class='ocr_carea' id='block_1_59' title="bbox 2259 2026 3847 2089">
    <p class='ocr_par' dir='ltr' id='par_1_59' title="bbox 2259 2026 3847 2089">
     <span class='ocr_line' id='line_1_59' title="bbox 2259 2026 3847 2089; baseline 0 -10"><span class='ocrx_word' id='word_1_467' title='bbox 2259 2029 2527 2080; x_wconf 87' lang='lat' dir='ltr'><strong>neminem</strong></span> <span class='ocrx_word' id='word_1_468' title='bbox 2557 2026 2760 2089; x_wconf 90' lang='lat' dir='ltr'><strong>alium,</strong></span> <span class='ocrx_word' id='word_1_469' title='bbox 2803 2027 2994 2078; x_wconf 90' lang='lat' dir='ltr'><strong>saltem</strong></span> <span class='ocrx_word' id='word_1_470' title='bbox 3034 2038 3325 2081; x_wconf 88' lang='lat' dir='ltr'><strong>nocturnos</strong></span> <span class='ocrx_word' id='word_1_471' title='bbox 3362 2026 3629 2080; x_wconf 74' lang='lat' dir='ltr'><strong>custodes.</strong></span> <span class='ocrx_word' id='word_1_472' title='bbox 3665 2026 3745 2080; x_wconf 83' lang='lat' dir='ltr'><strong>illi</strong></span> <span class='ocrx_word' id='word_1_473' title='bbox 3775 2029 3847 2079; x_wconf 91' lang='lat' dir='ltr'><strong>ob</strong></span> 
     </span>
    </p>
   </div>
   <div class='ocr_carea' id='block_1_60' title="bbox 2258 2116 3844 2187">
    <p class='ocr_par' dir='ltr' id='par_1_60' title="bbox 2258 2116 3844 2187">
     <span class='ocr_line' id='line_1_60' title="bbox 2258 2116 3844 2187; baseline -0.001 -18"><span class='ocrx_word' id='word_1_474' title='bbox 2258 2118 2542 2171; x_wconf 86' lang='lat' dir='ltr'><strong>humanam</strong></span> <span class='ocrx_word' id='word_1_475' title='bbox 2578 2117 2750 2186; x_wconf 79' lang='lat' dir='ltr'><strong>legem</strong></span> <span class='ocrx_word' id='word_1_476' title='bbox 2782 2118 3113 2170; x_wconf 88' lang='lat' dir='ltr'><strong>circumeunt</strong></span> <span class='ocrx_word' id='word_1_477' title='bbox 3145 2119 3195 2169; x_wconf 93' lang='lat' dir='ltr'><strong>in</strong></span> <span class='ocrx_word' id='word_1_478' title='bbox 3229 2116 3424 2187; x_wconf 73' lang='lat' dir='ltr'><strong>frigore</strong></span> <span class='ocrx_word' id='word_1_479' title='bbox 3463 2118 3687 2172; x_wconf 91' lang='lat' dir='ltr'><strong>multum</strong></span> <span class='ocrx_word' id='word_1_480' title='bbox 3730 2120 3844 2173; x_wconf 85' lang='lat' dir='ltr'><strong>ela-</strong></span> 
     </span>
    </p>
   </div>
   <div class='ocr_carea' id='block_1_61' title="bbox 2255 2210 3841 2279">
    <p class='ocr_par' dir='ltr' id='par_1_61' title="bbox 2255 2210 3841 2279">
     <span class='ocr_line' id='line_1_61' title="bbox 2255 2210 3841 2279; baseline 0.001 -18"><span class='ocrx_word' id='word_1_481' title='bbox 2255 2222 2481 2275; x_wconf 80' lang='lat' dir='ltr'><strong>Inziutcs,</strong></span> <span class='ocrx_word' id='word_1_482' title='bbox 2513 2221 2565 2264; x_wconf 90' lang='lat' dir='ltr'><strong>et</strong></span> <span class='ocrx_word' id='word_1_483' title='bbox 2598 2212 2650 2263; x_wconf 93' lang='lat' dir='ltr'><strong>in</strong></span> <span class='ocrx_word' id='word_1_484' title='bbox 2679 2211 2807 2264; x_wconf 81' lang='lat' dir='ltr'><strong>vicis</strong></span> <span class='ocrx_word' id='word_1_485' title='bbox 2833 2210 3139 2279; x_wconf 76' lang='lat' dir='ltr'><strong>gradictiles</strong></span> <span class='ocrx_word' id='word_1_486' title='bbox 3161 2251 3176 2275; x_wconf 91' lang='lat'><strong>,</strong></span> <span class='ocrx_word' id='word_1_487' title='bbox 3226 2225 3368 2279; x_wconf 62' lang='lat' dir='ltr'><strong>sa&#39;pe</strong></span> <span class='ocrx_word' id='word_1_488' title='bbox 3409 2211 3608 2263; x_wconf 85' lang='lat' dir='ltr'><strong>madidi</strong></span> <span class='ocrx_word' id='word_1_489' title='bbox 3653 2212 3733 2262; x_wconf 81' lang='lat' dir='ltr'><strong>Vel</strong></span> <span class='ocrx_word' id='word_1_490' title='bbox 3764 2212 3841 2262; x_wconf 85' lang='lat' dir='ltr'><strong>ri-</strong></span> 
     </span>
    </p>
   </div>
   <div class='ocr_carea' id='block_1_62' title="bbox 2259 2301 3844 2371">
    <p class='ocr_par' dir='ltr' id='par_1_62' title="bbox 2259 2301 3844 2371">
     <span class='ocr_line' id='line_1_62' title="bbox 2259 2301 3844 2371; baseline 0.001 -19"><span class='ocrx_word' id='word_1_491' title='bbox 2259 2313 2444 2370; x_wconf 64' lang='lat' dir='ltr'><strong>gentes</strong></span> <span class='ocrx_word' id='word_1_492' title='bbox 2464 2344 2479 2365; x_wconf 95' lang='lat'><strong>,</strong></span> <span class='ocrx_word' id='word_1_493' title='bbox 2513 2301 2672 2371; x_wconf 88' lang='lat' dir='ltr'><strong>idque</strong></span> <span class='ocrx_word' id='word_1_494' title='bbox 2704 2312 2920 2371; x_wconf 87' lang='lat' dir='ltr'><strong>prepter</strong></span> <span class='ocrx_word' id='word_1_495' title='bbox 2951 2312 3001 2355; x_wconf 92' lang='lat' dir='ltr'><strong>te</strong></span> <span class='ocrx_word' id='word_1_496' title='bbox 3027 2310 3277 2369; x_wconf 88' lang='lat' dir='ltr'><strong>tuamque</strong></span> <span class='ocrx_word' id='word_1_497' title='bbox 3305 2301 3562 2362; x_wconf 85' lang='lat' dir='ltr'><strong>salutem,</strong></span> <span class='ocrx_word' id='word_1_498' title='bbox 3591 2317 3656 2355; x_wconf 90' lang='lat' dir='ltr'><strong>ac</strong></span> <span class='ocrx_word' id='word_1_499' title='bbox 3681 2316 3844 2369; x_wconf 89' lang='lat' dir='ltr'><strong>pecn-</strong></span> 
     </span>
    </p>
   </div>
   <div class='ocr_carea' id='block_1_63' title="bbox 2256 2392 3843 2461">
    <p class='ocr_par' dir='ltr' id='par_1_63' title="bbox 2256 2392 3843 2461">
     <span class='ocr_line' id='line_1_63' title="bbox 2256 2392 3843 2461; baseline 0.001 -16"><span class='ocrx_word' id='word_1_500' title='bbox 2256 2394 2460 2445; x_wconf 84' lang='lat' dir='ltr'><strong>niarum</strong></span> <span class='ocrx_word' id='word_1_501' title='bbox 2501 2403 2708 2446; x_wconf 90' lang='lat' dir='ltr'><strong>tuarum</strong></span> <span class='ocrx_word' id='word_1_502' title='bbox 2753 2393 3069 2447; x_wconf 89' lang='lat' dir='ltr'><strong>custodiam.</strong></span> <span class='ocrx_word' id='word_1_503' title='bbox 3114 2392 3205 2445; x_wconf 89' lang='lat' dir='ltr'><strong>Ille</strong></span> <span class='ocrx_word' id='word_1_504' title='bbox 3242 2394 3584 2461; x_wconf 80' lang='lat' dir='ltr'><strong>pecuniarum</strong></span> <span class='ocrx_word' id='word_1_505' title='bbox 3626 2402 3843 2447; x_wconf 85' lang='lat' dir='ltr'><strong>tuarum</strong></span> 
     </span>
    </p>
   </div>
   <div class='ocr_carea' id='block_1_64' title="bbox 2253 2485 3837 2553">
    <p class='ocr_par' dir='ltr' id='par_1_64' title="bbox 2253 2485 3837 2553">
     <span class='ocr_line' id='line_1_64' title="bbox 2253 2485 3837 2553; baseline 0.002 -18"><span class='ocrx_word' id='word_1_506' title='bbox 2253 2494 2451 2537; x_wconf 87' lang='lat' dir='ltr'><strong>tantam</strong></span> <span class='ocrx_word' id='word_1_507' title='bbox 2481 2500 2660 2538; x_wconf 89' lang='lat' dir='ltr'><strong>curam</strong></span> <span class='ocrx_word' id='word_1_508' title='bbox 2684 2486 2857 2553; x_wconf 81' lang='lat' dir='ltr'><strong>gerit;</strong></span> <span class='ocrx_word' id='word_1_509' title='bbox 2891 2494 2945 2538; x_wconf 88' lang='lat' dir='ltr'><strong>tu</strong></span> <span class='ocrx_word' id='word_1_510' title='bbox 2968 2499 3099 2539; x_wconf 86' lang='lat' dir='ltr'><strong>vero</strong></span> <span class='ocrx_word' id='word_1_511' title='bbox 3126 2499 3222 2537; x_wconf 88' lang='lat' dir='ltr'><strong>nec</strong></span> <span class='ocrx_word' id='word_1_512' title='bbox 3245 2485 3472 2537; x_wconf 88' lang='lat' dir='ltr'><strong>animam</strong></span> <span class='ocrx_word' id='word_1_513' title='bbox 3494 2494 3634 2537; x_wconf 77' lang='lat' dir='ltr'><strong>tuam</strong></span> <span class='ocrx_word' id='word_1_514' title='bbox 3658 2499 3837 2539; x_wconf 85' lang='lat' dir='ltr'><strong>coras.</strong></span> 
     </span>
    </p>
   </div>
   <div class='ocr_carea' id='block_1_65' title="bbox 2248 2575 3840 2644">
    <p class='ocr_par' dir='ltr' id='par_1_65' title="bbox 2248 2575 3840 2644">
     <span class='ocr_line' id='line_1_65' title="bbox 2248 2575 3840 2644; baseline 0 -15"><span class='ocrx_word' id='word_1_515' title='bbox 2248 2575 2362 2629; x_wconf 87' lang='lat' dir='ltr'><strong>Non</strong></span> <span class='ocrx_word' id='word_1_516' title='bbox 2397 2586 2447 2629; x_wconf 91' lang='lat' dir='ltr'><strong>te</strong></span> <span class='ocrx_word' id='word_1_517' title='bbox 2475 2592 2637 2644; x_wconf 83' lang='lat' dir='ltr'><strong>cogo,</strong></span> <span class='ocrx_word' id='word_1_518' title='bbox 2673 2585 2729 2628; x_wconf 93' lang='lat' dir='ltr'><strong>ut</strong></span> <span class='ocrx_word' id='word_1_519' title='bbox 2755 2576 2855 2629; x_wconf 89' lang='lat' dir='ltr'><strong>sub</strong></span> <span class='ocrx_word' id='word_1_520' title='bbox 2887 2575 2977 2628; x_wconf 89' lang='lat' dir='ltr'><strong>dio</strong></span> <span class='ocrx_word' id='word_1_521' title='bbox 3002 2576 3299 2628; x_wconf 82' lang='lat' dir='ltr'><strong>eireumeas</strong></span> <span class='ocrx_word' id='word_1_522' title='bbox 3323 2576 3461 2628; x_wconf 91' lang='lat' dir='ltr'><strong>sicut</strong></span> <span class='ocrx_word' id='word_1_523' title='bbox 3504 2576 3624 2638; x_wconf 85' lang='lat' dir='ltr'><strong>ille,</strong></span> <span class='ocrx_word' id='word_1_524' title='bbox 3661 2592 3840 2643; x_wconf 78' lang='lat' dir='ltr'><strong>neque</strong></span> 
     </span>
    </p>
   </div>
   <div class='ocr_carea' id='block_1_66' title="bbox 2250 2667 3839 2736">
    <p class='ocr_par' dir='ltr' id='par_1_66' title="bbox 2250 2667 3839 2736">
     <span class='ocr_line' id='line_1_66' title="bbox 2250 2667 3839 2736; baseline -0.001 -15"><span class='ocrx_word' id='word_1_525' title='bbox 2250 2679 2305 2722; x_wconf 92' lang='lat' dir='ltr'><strong>ut</strong></span> <span class='ocrx_word' id='word_1_526' title='bbox 2335 2670 2499 2721; x_wconf 88' lang='lat' dir='ltr'><strong>altum</strong></span> <span class='ocrx_word' id='word_1_527' title='bbox 2529 2670 2729 2722; x_wconf 90' lang='lat' dir='ltr'><strong>clames</strong></span> <span class='ocrx_word' id='word_1_528' title='bbox 2754 2679 2808 2721; x_wconf 90' lang='lat' dir='ltr'><strong>et</strong></span> <span class='ocrx_word' id='word_1_529' title='bbox 2844 2668 3197 2736; x_wconf 85' lang='lat' dir='ltr'><strong>dirumparis;</strong></span> <span class='ocrx_word' id='word_1_530' title='bbox 3226 2667 3319 2721; x_wconf 90' lang='lat' dir='ltr'><strong>sed</strong></span> <span class='ocrx_word' id='word_1_531' title='bbox 3353 2669 3403 2720; x_wconf 92' lang='lat' dir='ltr'><strong>in</strong></span> <span class='ocrx_word' id='word_1_532' title='bbox 3438 2669 3551 2736; x_wconf 90' lang='lat' dir='ltr'><strong>ipso</strong></span> <span class='ocrx_word' id='word_1_533' title='bbox 3582 2670 3839 2735; x_wconf 87' lang='lat' dir='ltr'><strong>pennario</strong></span> 
     </span>
    </p>
   </div>
   <div class='ocr_carea' id='block_1_67' title="bbox 2252 2758 3839 2828">
    <p class='ocr_par' dir='ltr' id='par_1_67' title="bbox 2252 2758 3839 2828">
     <span class='ocr_line' id='line_1_67' title="bbox 2252 2758 3839 2828; baseline 0.002 -19"><span class='ocrx_word' id='word_1_534' title='bbox 2252 2760 2330 2812; x_wconf 88' lang='lat' dir='ltr'><strong>vel</strong></span> <span class='ocrx_word' id='word_1_535' title='bbox 2357 2759 2602 2813; x_wconf 90' lang='lat' dir='ltr'><strong>cnbicnlo</strong></span> <span class='ocrx_word' id='word_1_536' title='bbox 2627 2759 2779 2813; x_wconf 86' lang='lat' dir='ltr'><strong>flecte</strong></span> <span class='ocrx_word' id='word_1_537' title='bbox 2801 2774 2970 2828; x_wconf 83' lang='lat' dir='ltr'><strong>genua</strong></span> <span class='ocrx_word' id='word_1_538' title='bbox 2991 2800 3006 2822; x_wconf 89' lang='lat'><strong>,</strong></span> <span class='ocrx_word' id='word_1_539' title='bbox 3034 2773 3251 2827; x_wconf 66' lang='lat' dir='ltr'><strong>preciire</strong></span> <span class='ocrx_word' id='word_1_540' title='bbox 3270 2758 3573 2811; x_wconf 76' lang='lat' dir='ltr'><strong>Dominum.</strong></span> <span class='ocrx_word' id='word_1_541' title='bbox 3593 2758 3701 2810; x_wconf 77' lang='lat' dir='ltr'><strong>Cur</strong></span> <span class='ocrx_word' id='word_1_542' title='bbox 3725 2763 3839 2827; x_wconf 60' lang='lat' dir='ltr'><strong>ipse</strong></span> 
     </span>
    </p>
   </div>
   <div class='ocr_carea' id='block_1_68' title="bbox 2248 2850 3839 2920">
    <p class='ocr_par' dir='ltr' id='par_1_68' title="bbox 2248 2850 3839 2920">
     <span class='ocr_line' id='line_1_68' title="bbox 2248 2850 3839 2920; baseline -0.003 -15"><span class='ocrx_word' id='word_1_543' title='bbox 2248 2852 2491 2905; x_wconf 80' lang='lat' dir='ltr'><strong>Christus</strong></span> <span class='ocrx_word' id='word_1_544' title='bbox 2520 2853 2851 2920; x_wconf 79' lang='lat' dir='ltr'><strong>pernoctavit</strong></span> <span class='ocrx_word' id='word_1_545' title='bbox 2880 2852 2928 2903; x_wconf 89' lang='lat' dir='ltr'><strong>in</strong></span> <span class='ocrx_word' id='word_1_546' title='bbox 2957 2860 3135 2904; x_wconf 87' lang='lat' dir='ltr'><strong>monte</strong></span> <span class='ocrx_word' id='word_1_547' title='bbox 3154 2850 3174 2901; x_wconf 86' lang='lat'><strong>?</strong></span> <span class='ocrx_word' id='word_1_548' title='bbox 3196 2864 3370 2902; x_wconf 87' lang='lat' dir='ltr'><strong>annon</strong></span> <span class='ocrx_word' id='word_1_549' title='bbox 3395 2858 3451 2902; x_wconf 93' lang='lat' dir='ltr'><strong>ut</strong></span> <span class='ocrx_word' id='word_1_550' title='bbox 3475 2850 3626 2901; x_wconf 88' lang='lat' dir='ltr'><strong>nobis</strong></span> <span class='ocrx_word' id='word_1_551' title='bbox 3652 2864 3839 2902; x_wconf 77' lang='lat' dir='ltr'><strong>exem-</strong></span> 
     </span>
    </p>
   </div>
   <div class='ocr_carea' id='block_1_69' title="bbox 2247 2940 3839 3013">
    <p class='ocr_par' dir='ltr' id='par_1_69' title="bbox 2247 2940 3839 3013">
     <span class='ocr_line' id='line_1_69' title="bbox 2247 2940 3839 3013; baseline -0.002 -17"><span class='ocrx_word' id='word_1_552' title='bbox 2247 2945 2335 3013; x_wconf 86' lang='lat' dir='ltr'><strong>plo</strong></span> <span class='ocrx_word' id='word_1_553' title='bbox 2358 2944 2538 2998; x_wconf 87' lang='lat' dir='ltr'><strong>esset?</strong></span> <span class='ocrx_word' id='word_1_554' title='bbox 2566 2943 2711 2996; x_wconf 84' lang='lat' dir='ltr'><strong>Tune</strong></span> <span class='ocrx_word' id='word_1_555' title='bbox 2735 2943 2995 3010; x_wconf 81' lang='lat' dir='ltr'><strong>respirant</strong></span> <span class='ocrx_word' id='word_1_556' title='bbox 3019 2942 3242 3010; x_wconf 71' lang='lat' dir='ltr'><strong>plantw,</strong></span> <span class='ocrx_word' id='word_1_557' title='bbox 3271 2943 3319 2993; x_wconf 94' lang='lat' dir='ltr'><strong>in</strong></span> <span class='ocrx_word' id='word_1_558' title='bbox 3346 2951 3501 2993; x_wconf 80' lang='lat' dir='ltr'><strong>nocte</strong></span> <span class='ocrx_word' id='word_1_559' title='bbox 3528 2940 3646 2993; x_wconf 87' lang='lat' dir='ltr'><strong>dico</strong></span> <span class='ocrx_word' id='word_1_560' title='bbox 3670 2957 3684 2993; x_wconf 91' lang='lat'><strong>:</strong></span> <span class='ocrx_word' id='word_1_561' title='bbox 3712 2953 3839 2994; x_wconf 87' lang='lat' dir='ltr'><strong>tunc</strong></span> 
     </span>
    </p>
   </div>
   <div class='ocr_carea' id='block_1_70' title="bbox 2245 3034 3835 3103">
    <p class='ocr_par' dir='ltr' id='par_1_70' title="bbox 2245 3034 3835 3103">
     <span class='ocr_line' id='line_1_70' title="bbox 2245 3034 3835 3103; baseline -0.001 -16"><span class='ocrx_word' id='word_1_562' title='bbox 2245 3036 2417 3087; x_wconf 88' lang='lat' dir='ltr'><strong>anima</strong></span> <span class='ocrx_word' id='word_1_563' title='bbox 2457 3035 2575 3103; x_wconf 86' lang='lat' dir='ltr'><strong>plus</strong></span> <span class='ocrx_word' id='word_1_564' title='bbox 2616 3050 2773 3103; x_wconf 89' lang='lat' dir='ltr'><strong>quam</strong></span> <span class='ocrx_word' id='word_1_565' title='bbox 2809 3034 2911 3086; x_wconf 76' lang='lat' dir='ltr'><strong>illa:</strong></span> <span class='ocrx_word' id='word_1_566' title='bbox 2943 3049 3117 3086; x_wconf 88' lang='lat' dir='ltr'><strong>rorem</strong></span> <span class='ocrx_word' id='word_1_567' title='bbox 3148 3034 3364 3100; x_wconf 74' lang='lat' dir='ltr'><strong>excipit.</strong></span> <span class='ocrx_word' id='word_1_568' title='bbox 3398 3034 3523 3097; x_wconf 68' lang='lat' dir='ltr'><strong>Quze</strong></span> <span class='ocrx_word' id='word_1_569' title='bbox 3556 3034 3604 3085; x_wconf 90' lang='lat' dir='ltr'><strong>in</strong></span> <span class='ocrx_word' id='word_1_570' title='bbox 3634 3034 3721 3085; x_wconf 81' lang='lat' dir='ltr'><strong>die</strong></span> <span class='ocrx_word' id='word_1_571' title='bbox 3752 3036 3835 3086; x_wconf 76' lang='lat' dir='ltr'><strong>Sol</strong></span> 
     </span>
    </p>
   </div>
   <div class='ocr_carea' id='block_1_71' title="bbox 2242 3126 3839 3194">
    <p class='ocr_par' dir='ltr' id='par_1_71' title="bbox 2242 3126 3839 3194">
     <span class='ocr_line' id='line_1_71' title="bbox 2242 3126 3839 3194; baseline -0.001 -16"><span class='ocrx_word' id='word_1_572' title='bbox 2242 3127 2478 3189; x_wconf 88' lang='lat' dir='ltr'><strong>adussit,</strong></span> <span class='ocrx_word' id='word_1_573' title='bbox 2512 3142 2573 3180; x_wconf 90' lang='lat' dir='ltr'><strong>ea</strong></span> <span class='ocrx_word' id='word_1_574' title='bbox 2606 3136 2766 3179; x_wconf 89' lang='lat' dir='ltr'><strong>noctu</strong></span> <span class='ocrx_word' id='word_1_575' title='bbox 2812 3128 3210 3192; x_wconf 77' lang='lat' dir='ltr'><strong>refrigerantur.</strong></span> <span class='ocrx_word' id='word_1_576' title='bbox 3243 3126 3405 3194; x_wconf 76' lang='lat' dir='ltr'><strong>Magis</strong></span> <span class='ocrx_word' id='word_1_577' title='bbox 3434 3142 3590 3193; x_wconf 88' lang='lat' dir='ltr'><strong>quam</strong></span> <span class='ocrx_word' id='word_1_578' title='bbox 3621 3142 3709 3179; x_wconf 90' lang='lat' dir='ltr'><strong>ros</strong></span> <span class='ocrx_word' id='word_1_579' title='bbox 3740 3145 3839 3178; x_wconf 83' lang='lat' dir='ltr'><strong>uo-</strong></span> 
     </span>
    </p>
   </div>
   <div class='ocr_carea' id='block_1_72' title="bbox 2244 3218 3837 3289">
    <p class='ocr_par' dir='ltr' id='par_1_72' title="bbox 2244 3218 3837 3289">
     <span class='ocr_line' id='line_1_72' title="bbox 2244 3218 3837 3289; baseline 0 -17"><span class='ocrx_word' id='word_1_580' title='bbox 2244 3232 2444 3273; x_wconf 79' lang='lat' dir='ltr'><strong>cturua:</strong></span> <span class='ocrx_word' id='word_1_581' title='bbox 2469 3219 2717 3289; x_wconf 76' lang='lat' dir='ltr'><strong>lacryma:</strong></span> <span class='ocrx_word' id='word_1_582' title='bbox 2738 3229 2920 3271; x_wconf 81' lang='lat' dir='ltr'><strong>contra</strong></span> <span class='ocrx_word' id='word_1_583' title='bbox 2943 3218 3405 3285; x_wconf 77' lang='lat' dir='ltr'><strong>concupiscentias</strong></span> <span class='ocrx_word' id='word_1_584' title='bbox 3431 3229 3484 3273; x_wconf 90' lang='lat' dir='ltr'><strong>et</strong></span> <span class='ocrx_word' id='word_1_585' title='bbox 3506 3228 3687 3271; x_wconf 75' lang='lat' dir='ltr'><strong>contra</strong></span> <span class='ocrx_word' id='word_1_586' title='bbox 3712 3238 3837 3271; x_wconf 82' lang='lat' dir='ltr'><strong>oin-</strong></span> 
     </span>
    </p>
   </div>
   <div class='ocr_carea' id='block_1_73' title="bbox 2246 3309 3836 3375">
    <p class='ocr_par' dir='ltr' id='par_1_73' title="bbox 2246 3309 3836 3375">
     <span class='ocr_line' id='line_1_73' title="bbox 2246 3309 3836 3375; baseline 0.002 -14"><span class='ocrx_word' id='word_1_587' title='bbox 2246 3325 2367 3364; x_wconf 89' lang='lat' dir='ltr'><strong>nem</strong></span> <span class='ocrx_word' id='word_1_588' title='bbox 2415 3310 2660 3363; x_wconf 89' lang='lat' dir='ltr'><strong>ardorem</strong></span> <span class='ocrx_word' id='word_1_589' title='bbox 2711 3318 3005 3375; x_wconf 68' lang='lat' dir='ltr'><strong>testumqne</strong></span> <span class='ocrx_word' id='word_1_590' title='bbox 3067 3309 3452 3371; x_wconf 69' lang='lat' dir='ltr'><strong>demittuntur,</strong></span> <span class='ocrx_word' id='word_1_591' title='bbox 3502 3324 3603 3363; x_wconf 84' lang='lat' dir='ltr'><strong>nec</strong></span> <span class='ocrx_word' id='word_1_592' title='bbox 3649 3311 3836 3363; x_wconf 84' lang='lat' dir='ltr'><strong>sinunt</strong></span> 
     </span>
    </p>
   </div>
   <div class='ocr_carea' id='block_1_74' title="bbox 2242 3398 3835 3470">
    <p class='ocr_par' dir='ltr' id='par_1_74' title="bbox 2242 3398 3835 3470">
     <span class='ocr_line' id='line_1_74' title="bbox 2242 3398 3835 3470; baseline -0.001 -17"><span class='ocrx_word' id='word_1_593' title='bbox 2242 3415 2405 3470; x_wconf 74' lang='lat' dir='ltr'><strong>grave</strong></span> <span class='ocrx_word' id='word_1_594' title='bbox 2434 3400 2706 3469; x_wconf 91' lang='lat' dir='ltr'><strong>quidpiam</strong></span> <span class='ocrx_word' id='word_1_595' title='bbox 2741 3400 2867 3468; x_wconf 88' lang='lat' dir='ltr'><strong>pati.</strong></span> <span class='ocrx_word' id='word_1_596' title='bbox 2898 3398 3005 3452; x_wconf 84' lang='lat' dir='ltr'><strong>Nisi</strong></span> <span class='ocrx_word' id='word_1_597' title='bbox 3030 3410 3204 3451; x_wconf 85' lang='lat' dir='ltr'><strong>autem</strong></span> <span class='ocrx_word' id='word_1_598' title='bbox 3230 3414 3350 3452; x_wconf 89' lang='lat' dir='ltr'><strong>rore</strong></span> <span class='ocrx_word' id='word_1_599' title='bbox 3378 3399 3466 3451; x_wconf 74' lang='lat' dir='ltr'><strong>ille</strong></span> <span class='ocrx_word' id='word_1_600' title='bbox 3491 3401 3694 3452; x_wconf 87' lang='lat' dir='ltr'><strong>fruatur</strong></span> <span class='ocrx_word' id='word_1_601' title='bbox 3715 3402 3835 3452; x_wconf 58' lang='lat' dir='ltr'><strong>ani-</strong></span> 
     </span>
    </p>
   </div>
   <div class='ocr_carea' id='block_1_75' title="bbox 2242 3489 3834 3559">
    <p class='ocr_par' dir='ltr' id='par_1_75' title="bbox 2242 3489 3834 3559">
     <span class='ocr_line' id='line_1_75' title="bbox 2242 3489 3834 3559; baseline 0.001 -15"><span class='ocrx_word' id='word_1_602' title='bbox 2242 3507 2360 3555; x_wconf 92' lang='lat' dir='ltr'><strong>ma,</strong></span> <span class='ocrx_word' id='word_1_603' title='bbox 2398 3492 2624 3545; x_wconf 89' lang='lat' dir='ltr'><strong>interdiu</strong></span> <span class='ocrx_word' id='word_1_604' title='bbox 2658 3492 2931 3544; x_wconf 90' lang='lat' dir='ltr'><strong>aduretur.</strong></span> <span class='ocrx_word' id='word_1_605' title='bbox 2967 3490 3162 3543; x_wconf 82' lang='lat' dir='ltr'><strong>Verum</strong></span> <span class='ocrx_word' id='word_1_606' title='bbox 3192 3489 3364 3554; x_wconf 89' lang='lat' dir='ltr'><strong>absit,</strong></span> <span class='ocrx_word' id='word_1_607' title='bbox 3412 3498 3465 3542; x_wconf 90' lang='lat' dir='ltr'><strong>ut</strong></span> <span class='ocrx_word' id='word_1_608' title='bbox 3499 3489 3692 3559; x_wconf 83' lang='lat' dir='ltr'><strong>aliquis</strong></span> <span class='ocrx_word' id='word_1_609' title='bbox 3736 3508 3834 3546; x_wconf 80' lang='lat' dir='ltr'><strong>ve-</strong></span> 
     </span>
    </p>
   </div>
   <div class='ocr_carea' id='block_1_76' title="bbox 2239 3580 3833 3651">
    <p class='ocr_par' dir='ltr' id='par_1_76' title="bbox 2239 3580 3833 3651">
     <span class='ocr_line' id='line_1_76' title="bbox 2239 3580 3833 3651; baseline 0.002 -16"><span class='ocrx_word' id='word_1_610' title='bbox 2239 3595 2403 3635; x_wconf 78' lang='lat' dir='ltr'><strong>Strum</strong></span> <span class='ocrx_word' id='word_1_611' title='bbox 2435 3583 2501 3636; x_wconf 91' lang='lat' dir='ltr'><strong>ab</strong></span> <span class='ocrx_word' id='word_1_612' title='bbox 2531 3584 2649 3651; x_wconf 73' lang='lat' dir='ltr'><strong>igne</strong></span> <span class='ocrx_word' id='word_1_613' title='bbox 2676 3583 2763 3635; x_wconf 91' lang='lat' dir='ltr'><strong>illo</strong></span> <span class='ocrx_word' id='word_1_614' title='bbox 2790 3591 3061 3635; x_wconf 81' lang='lat' dir='ltr'><strong>exuratur.</strong></span> <span class='ocrx_word' id='word_1_615' title='bbox 3120 3580 3222 3634; x_wconf 87' lang='lat' dir='ltr'><strong>Sed</strong></span> <span class='ocrx_word' id='word_1_616' title='bbox 3257 3582 3453 3634; x_wconf 90' lang='lat' dir='ltr'><strong>utinam</strong></span> <span class='ocrx_word' id='word_1_617' title='bbox 3500 3596 3598 3634; x_wconf 90' lang='lat' dir='ltr'><strong>nos</strong></span> <span class='ocrx_word' id='word_1_618' title='bbox 3640 3597 3833 3638; x_wconf 82' lang='lat' dir='ltr'><strong>omnes</strong></span> 
     </span>
    </p>
   </div>
   <div class='ocr_carea' id='block_1_77' title="bbox 2241 3670 3832 3743">
    <p class='ocr_par' dir='ltr' id='par_1_77' title="bbox 2241 3670 3832 3743">
     <span class='ocr_line' id='line_1_77' title="bbox 2241 3670 3832 3743; baseline 0 -15"><span class='ocrx_word' id='word_1_619' title='bbox 2241 3674 2533 3743; x_wconf 71' lang='lat' dir='ltr'><strong>refrigerati</strong></span> <span class='ocrx_word' id='word_1_620' title='bbox 2561 3684 2614 3729; x_wconf 87' lang='lat' dir='ltr'><strong>et</strong></span> <span class='ocrx_word' id='word_1_621' title='bbox 2639 3670 2811 3726; x_wconf 85' lang='lat' dir='ltr'><strong>divina</strong></span> <span class='ocrx_word' id='word_1_622' title='bbox 2838 3673 3075 3727; x_wconf 89' lang='lat' dir='ltr'><strong>fruentes</strong></span> <span class='ocrx_word' id='word_1_623' title='bbox 3095 3672 3399 3736; x_wconf 87' lang='lat' dir='ltr'><strong>clementia,</strong></span> <span class='ocrx_word' id='word_1_624' title='bbox 3430 3690 3455 3723; x_wconf 88' lang='lat' dir='ltr'><strong>a</strong></span> <span class='ocrx_word' id='word_1_625' title='bbox 3485 3684 3832 3741; x_wconf 84' lang='lat' dir='ltr'><strong>peccatorum</strong></span> 
     </span>
    </p>
   </div>
   <div class='ocr_carea' id='block_1_78' title="bbox 2239 3764 3834 3834">
    <p class='ocr_par' dir='ltr' id='par_1_78' title="bbox 2239 3764 3834 3834">
     <span class='ocr_line' id='line_1_78' title="bbox 2239 3764 3834 3834; baseline -0.006 -13"><span class='ocrx_word' id='word_1_626' title='bbox 2239 3768 2441 3821; x_wconf 86' lang='lat' dir='ltr'><strong>sarcina</strong></span> <span class='ocrx_word' id='word_1_627' title='bbox 2476 3767 2764 3820; x_wconf 81' lang='lat' dir='ltr'><strong>liberemur</strong></span> <span class='ocrx_word' id='word_1_628' title='bbox 2789 3806 2802 3829; x_wconf 95' lang='lat'><strong>,</strong></span> <span class='ocrx_word' id='word_1_629' title='bbox 2850 3765 3015 3834; x_wconf 77' lang='lat' dir='ltr'><strong>gratia</strong></span> <span class='ocrx_word' id='word_1_630' title='bbox 3049 3773 3103 3818; x_wconf 89' lang='lat' dir='ltr'><strong>et</strong></span> <span class='ocrx_word' id='word_1_631' title='bbox 3134 3764 3459 3833; x_wconf 77' lang='lat' dir='ltr'><strong>benignitate</strong></span> <span class='ocrx_word' id='word_1_632' title='bbox 3489 3764 3694 3818; x_wconf 90' lang='lat' dir='ltr'><strong>Domini</strong></span> <span class='ocrx_word' id='word_1_633' title='bbox 3729 3780 3834 3818; x_wconf 79' lang='lat' dir='ltr'><strong>no-</strong></span> 
     </span>
    </p>
   </div>
   <div class='ocr_carea' id='block_1_79' title="bbox 2238 3854 3831 3926">
    <p class='ocr_par' dir='ltr' id='par_1_79' title="bbox 2238 3854 3831 3926">
     <span class='ocr_line' id='line_1_79' title="bbox 2238 3854 3831 3926; baseline -0.004 -11"><span class='ocrx_word' id='word_1_634' title='bbox 2238 3861 2331 3915; x_wconf 92' lang='lat' dir='ltr'><strong>stri</strong></span> <span class='ocrx_word' id='word_1_635' title='bbox 2356 3860 2478 3915; x_wconf 81' lang='lat' dir='ltr'><strong>Jesn</strong></span> <span class='ocrx_word' id='word_1_636' title='bbox 2505 3858 2701 3913; x_wconf 87' lang='lat' dir='ltr'><strong>Christi</strong></span> <span class='ocrx_word' id='word_1_637' title='bbox 2726 3898 2739 3920; x_wconf 91' lang='lat'><strong>,</strong></span> <span class='ocrx_word' id='word_1_638' title='bbox 2765 3859 2975 3926; x_wconf 89' lang='lat' dir='ltr'><strong>quicum</strong></span> <span class='ocrx_word' id='word_1_639' title='bbox 3000 3855 3140 3908; x_wconf 88' lang='lat' dir='ltr'><strong>Patri</strong></span> <span class='ocrx_word' id='word_1_640' title='bbox 3165 3864 3218 3907; x_wconf 74' lang='grc' dir='ltr'>(ιι</span> <span class='ocrx_word' id='word_1_641' title='bbox 3245 3855 3462 3924; x_wconf 83' lang='lat' dir='ltr'><strong>Spiritui</strong></span> <span class='ocrx_word' id='word_1_642' title='bbox 3487 3865 3674 3909; x_wconf 88' lang='lat' dir='ltr'><strong>sancto</strong></span> <span class='ocrx_word' id='word_1_643' title='bbox 3702 3854 3831 3925; x_wconf 74' lang='lat' dir='ltr'><strong>glo-</strong></span> 
     </span>
    </p>
   </div>
   <div class='ocr_carea' id='block_1_80' title="bbox 2238 3945 3829 4019">
    <p class='ocr_par' dir='ltr' id='par_1_80' title="bbox 2238 3945 3829 4019">
     <span class='ocr_line' id='line_1_80' title="bbox 2238 3945 3829 4019; baseline -0.003 -14"><span class='ocrx_word' id='word_1_644' title='bbox 2238 3952 2343 4013; x_wconf 89' lang='lat' dir='ltr'><strong>ria,</strong></span> <span class='ocrx_word' id='word_1_645' title='bbox 2373 3952 2650 4019; x_wconf 70' lang='lat' dir='ltr'><strong>imperiunm</strong></span> <span class='ocrx_word' id='word_1_646' title='bbox 2674 3990 2689 4013; x_wconf 93' lang='lat'><strong>,</strong></span> <span class='ocrx_word' id='word_1_647' title='bbox 2717 3949 2905 4009; x_wconf 86' lang='lat' dir='ltr'><strong>honor,</strong></span> <span class='ocrx_word' id='word_1_648' title='bbox 2940 3961 3080 3998; x_wconf 89' lang='lat' dir='ltr'><strong>nunc</strong></span> <span class='ocrx_word' id='word_1_649' title='bbox 3110 3954 3163 3999; x_wconf 90' lang='lat' dir='ltr'><strong>ct</strong></span> <span class='ocrx_word' id='word_1_650' title='bbox 3192 3959 3426 4014; x_wconf 89' lang='lat' dir='ltr'><strong>semper,</strong></span> <span class='ocrx_word' id='word_1_651' title='bbox 3460 3954 3513 3999; x_wconf 88' lang='lat' dir='ltr'><strong>et</strong></span> <span class='ocrx_word' id='word_1_652' title='bbox 3543 3945 3596 3997; x_wconf 88' lang='lat' dir='ltr'><strong>in</strong></span> <span class='ocrx_word' id='word_1_653' title='bbox 3624 3947 3829 4002; x_wconf 66' lang='lat' dir='ltr'><strong>smcula</strong></span> 
     </span>
    </p>
   </div>
   <div class='ocr_carea' id='block_1_81' title="bbox 2238 4045 2801 4098">
    <p class='ocr_par' dir='ltr' id='par_1_81' title="bbox 2238 4045 2801 4098">
     <span class='ocr_line' id='line_1_81' title="bbox 2238 4045 2801 4098; baseline -0.007 -1"><span class='ocrx_word' id='word_1_654' title='bbox 2238 4046 2573 4098; x_wconf 79' lang='lat' dir='ltr'><strong>sa-enlornm.</strong></span> <span class='ocrx_word' id='word_1_655' title='bbox 2612 4045 2801 4095; x_wconf 84' lang='lat' dir='ltr'><strong>Amen.</strong></span> 
     </span>
    </p>
   </div>
   <div class='ocr_carea' id='block_1_82' title="bbox 1896 4216 2540 4281">
    <p class='ocr_par' dir='ltr' id='par_1_82' title="bbox 1896 4216 2540 4281">
     <span class='ocr_line' id='line_1_82' title="bbox 1896 4216 2540 4281; baseline 0.006 -7"><span class='ocrx_word' id='word_1_656' title='bbox 1896 4216 2229 4281; x_wconf 82' lang='lat' dir='ltr'><strong>HOMILIA</strong></span> <span class='ocrx_word' id='word_1_657' title='bbox 2278 4220 2540 4281; x_wconf 73' lang='lat' dir='ltr'><strong>XXVII.</strong></span> 
     </span>
    </p>
   </div>
   <div class='ocr_carea' id='block_1_83' title="bbox 554 4358 2123 4427">
    <p class='ocr_par' dir='ltr' id='par_1_83' title="bbox 554 4358 2123 4427">
     <span class='ocr_line' id='line_1_83' title="bbox 554 4358 2123 4427; baseline -0.01 -6"><span class='ocrx_word' id='word_1_658' title='bbox 554 4372 680 4423; x_wconf 66' lang='lat' dir='ltr'><strong>(lar.</strong></span> <span class='ocrx_word' id='word_1_659' title='bbox 713 4368 797 4423; x_wconf 66' lang='lat'><strong>12.</strong></span> <span class='ocrx_word' id='word_1_660' title='bbox 830 4383 881 4418; x_wconf 89' lang='lat' dir='ltr'><strong>v.</strong></span> <span class='ocrx_word' id='word_1_661' title='bbox 918 4366 1000 4419; x_wconf 88' lang='grc'><strong>18.</strong></span> <span class='ocrx_word' id='word_1_662' title='bbox 1038 4362 1193 4416; x_wconf 79' lang='lat' dir='ltr'><strong>Facta</strong></span> <span class='ocrx_word' id='word_1_663' title='bbox 1218 4370 1383 4413; x_wconf 81' lang='lat' dir='ltr'><strong>autem</strong></span> <span class='ocrx_word' id='word_1_664' title='bbox 1420 4358 1531 4421; x_wconf 89' lang='lat' dir='ltr'><strong>die,</strong></span> <span class='ocrx_word' id='word_1_665' title='bbox 1561 4368 1665 4411; x_wconf 87' lang='lat' dir='ltr'><strong>erat</strong></span> <span class='ocrx_word' id='word_1_666' title='bbox 1700 4374 1799 4410; x_wconf 89' lang='lat' dir='ltr'><strong>non</strong></span> <span class='ocrx_word' id='word_1_667' title='bbox 1833 4376 1987 4427; x_wconf 77' lang='lat' dir='ltr'><strong>parra</strong></span> <span class='ocrx_word' id='word_1_668' title='bbox 2015 4370 2123 4411; x_wconf 74' lang='lat' dir='ltr'><strong>tur-</strong></span> 
     </span>
    </p>
   </div>
   <div class='ocr_carea' id='block_1_84' title="bbox 628 4448 2124 4523">
    <p class='ocr_par' dir='ltr' id='par_1_84' title="bbox 628 4448 2124 4523">
     <span class='ocr_line' id='line_1_84' title="bbox 628 4448 2124 4523; baseline -0.005 -11"><span class='ocrx_word' id='word_1_669' title='bbox 628 4462 758 4514; x_wconf 85' lang='lat' dir='ltr'><strong>butio</strong></span> <span class='ocrx_word' id='word_1_670' title='bbox 781 4460 908 4511; x_wconf 87' lang='lat' dir='ltr'><strong>inter</strong></span> <span class='ocrx_word' id='word_1_671' title='bbox 928 4456 1127 4518; x_wconf 81' lang='lat' dir='ltr'><strong>milites,</strong></span> <span class='ocrx_word' id='word_1_672' title='bbox 1147 4454 1386 4523; x_wconf 85' lang='lat' dir='ltr'><strong>quidnam</strong></span> <span class='ocrx_word' id='word_1_673' title='bbox 1409 4456 1597 4520; x_wconf 84' lang='lat' dir='ltr'><strong>factum</strong></span> <span class='ocrx_word' id='word_1_674' title='bbox 1616 4460 1739 4502; x_wconf 82' lang='lat' dir='ltr'><strong>esset</strong></span> <span class='ocrx_word' id='word_1_675' title='bbox 1758 4452 1819 4502; x_wconf 85' lang='lat' dir='ltr'><strong>de</strong></span> <span class='ocrx_word' id='word_1_676' title='bbox 1841 4448 2009 4503; x_wconf 84' lang='lat' dir='ltr'><strong>Petro.</strong></span> <span class='ocrx_word' id='word_1_677' title='bbox 2045 4452 2124 4505; x_wconf 87' lang='grc'><strong>19.</strong></span> 
     </span>
    </p>
   </div>
   <div class='ocr_carea' id='block_1_85' title="bbox 632 4544 2127 4613">
    <p class='ocr_par' dir='ltr' id='par_1_85' title="bbox 632 4544 2127 4613">
     <span class='ocr_line' id='line_1_85' title="bbox 632 4544 2127 4613; baseline -0.007 -8"><span class='ocrx_word' id='word_1_678' title='bbox 632 4552 856 4606; x_wconf 81' lang='lat' dir='ltr'><strong>Herodes</strong></span> <span class='ocrx_word' id='word_1_679' title='bbox 883 4561 1045 4601; x_wconf 79' lang='lat' dir='ltr'><strong>mitem</strong></span> <span class='ocrx_word' id='word_1_680' title='bbox 1078 4563 1189 4599; x_wconf 81' lang='lat' dir='ltr'><strong>cunt</strong></span> <span class='ocrx_word' id='word_1_681' title='bbox 1218 4544 1499 4613; x_wconf 70' lang='lat' dir='ltr'><strong>requisisset</strong></span> <span class='ocrx_word' id='word_1_682' title='bbox 1532 4558 1643 4593; x_wconf 87' lang='lat' dir='ltr'><strong>eum</strong></span> <span class='ocrx_word' id='word_1_683' title='bbox 1667 4583 1682 4605; x_wconf 96' lang='lat'><strong>,</strong></span> <span class='ocrx_word' id='word_1_684' title='bbox 1715 4553 1757 4593; x_wconf 89' lang='lat' dir='ltr'><strong>et</strong></span> <span class='ocrx_word' id='word_1_685' title='bbox 1785 4560 1882 4594; x_wconf 90' lang='lat' dir='ltr'><strong>non</strong></span> <span class='ocrx_word' id='word_1_686' title='bbox 1915 4544 2127 4595; x_wconf 81' lang='lat' dir='ltr'><strong>invenis-</strong></span> 
     </span>
    </p>
   </div>
   <div class='ocr_carea' id='block_1_86' title="bbox 624 4633 2123 4713">
    <p class='ocr_par' dir='ltr' id='par_1_86' title="bbox 624 4633 2123 4713">
     <span class='ocr_line' id='line_1_86' title="bbox 624 4633 2123 4713; baseline -0.008 -16"><span class='ocrx_word' id='word_1_687' title='bbox 624 4657 695 4699; x_wconf 71' lang='lat' dir='ltr'><strong>set</strong></span> <span class='ocrx_word' id='word_1_688' title='bbox 717 4687 731 4709; x_wconf 89' lang='lat'><strong>,</strong></span> <span class='ocrx_word' id='word_1_689' title='bbox 759 4642 1078 4713; x_wconf 86' lang='lat' dir='ltr'><strong>inquisitione</strong></span> <span class='ocrx_word' id='word_1_690' title='bbox 1108 4644 1239 4707; x_wconf 78' lang='lat' dir='ltr'><strong>facta</strong></span> <span class='ocrx_word' id='word_1_691' title='bbox 1267 4638 1328 4687; x_wconf 88' lang='lat' dir='ltr'><strong>dc</strong></span> <span class='ocrx_word' id='word_1_692' title='bbox 1356 4633 1662 4694; x_wconf 84' lang='lat' dir='ltr'><strong>custodibus,</strong></span> <span class='ocrx_word' id='word_1_693' title='bbox 1686 4636 1837 4701; x_wconf 75' lang='lat' dir='ltr'><strong>jussit</strong></span> <span class='ocrx_word' id='word_1_694' title='bbox 1861 4652 1941 4685; x_wconf 83' lang='lat' dir='ltr'><strong>eos</strong></span> <span class='ocrx_word' id='word_1_695' title='bbox 1965 4636 2123 4689; x_wconf 82' lang='lat' dir='ltr'><strong>abdu-</strong></span> 
     </span>
    </p>
   </div>
   <div class='ocr_carea' id='block_1_87' title="bbox 625 4723 2122 4799">
    <p class='ocr_par' dir='ltr' id='par_1_87' title="bbox 625 4723 2122 4799">
     <span class='ocr_line' id='line_1_87' title="bbox 625 4723 2122 4799; baseline -0.009 -9"><span class='ocrx_word' id='word_1_696' title='bbox 625 4739 669 4790; x_wconf 83' lang='lat' dir='ltr'><strong>ci</strong></span> <span class='ocrx_word' id='word_1_697' title='bbox 700 4754 718 4789; x_wconf 92' lang='lat'><strong><em>:</em></strong></span> <span class='ocrx_word' id='word_1_698' title='bbox 746 4734 1140 4799; x_wconf 78' lang='lat' dir='ltr'><strong>descendensque</strong></span> <span class='ocrx_word' id='word_1_699' title='bbox 1165 4730 1226 4781; x_wconf 84' lang='lat' dir='ltr'><strong>de</strong></span> <span class='ocrx_word' id='word_1_700' title='bbox 1248 4726 1433 4779; x_wconf 75' lang='lat' dir='ltr'><strong>Judwa</strong></span> <span class='ocrx_word' id='word_1_701' title='bbox 1461 4723 1739 4778; x_wconf 68' lang='lat' dir='ltr'><strong>Catsaream</strong></span> <span class='ocrx_word' id='word_1_702' title='bbox 1761 4766 1773 4785; x_wconf 91' lang='lat'><strong>,</strong></span> <span class='ocrx_word' id='word_1_703' title='bbox 1801 4725 1869 4775; x_wconf 87' lang='lat' dir='ltr'><strong>ibi</strong></span> <span class='ocrx_word' id='word_1_704' title='bbox 1903 4742 2122 4777; x_wconf 59' lang='lat' dir='ltr'><strong>Comma-</strong></span> 
     </span>
    </p>
   </div>
   <div class='ocr_carea' id='block_1_88' title="bbox 632 4837 880 4881">
    <p class='ocr_par' dir='ltr' id='par_1_88' title="bbox 632 4837 880 4881">
     <span class='ocr_line' id='line_1_88' title="bbox 632 4837 880 4881; baseline -0.004 -1"><span class='ocrx_word' id='word_1_705' title='bbox 632 4840 768 4881; x_wconf 81' lang='lat' dir='ltr'><strong>ratus</strong></span> <span class='ocrx_word' id='word_1_706' title='bbox 792 4837 880 4879; x_wconf 80' lang='lat' dir='ltr'><strong>est.</strong></span> 
     </span>
    </p>
   </div>
   <div class='ocr_carea' id='block_1_89' title="bbox 634 4909 2127 4983">
    <p class='ocr_par' dir='ltr' id='par_1_89' title="bbox 634 4909 2127 4983">
     <span class='ocr_line' id='line_1_89' title="bbox 634 4909 2127 4983; baseline -0.01 -9"><span class='ocrx_word' id='word_1_707' title='bbox 634 4922 685 4974; x_wconf 84' lang='grc'><strong>1.</strong></span> <span class='ocrx_word' id='word_1_708' title='bbox 710 4919 853 4972; x_wconf 78' lang='lat' dir='ltr'><strong>Multi</strong></span> <span class='ocrx_word' id='word_1_709' title='bbox 880 4916 1020 4968; x_wconf 87' lang='lat' dir='ltr'><strong>dubii</strong></span> <span class='ocrx_word' id='word_1_710' title='bbox 1038 4922 1301 4983; x_wconf 74' lang='lat' dir='ltr'><strong>qiiznrtint,</strong></span> <span class='ocrx_word' id='word_1_711' title='bbox 1322 4927 1416 4963; x_wconf 83' lang='lat' dir='ltr'><strong>cur</strong></span> <span class='ocrx_word' id='word_1_712' title='bbox 1438 4910 1577 4963; x_wconf 89' lang='lat' dir='ltr'><strong>Deus</strong></span> <span class='ocrx_word' id='word_1_713' title='bbox 1606 4910 1720 4961; x_wconf 89' lang='lat' dir='ltr'><strong>illos</strong></span> <span class='ocrx_word' id='word_1_714' title='bbox 1740 4910 1865 4961; x_wconf 88' lang='lat' dir='ltr'><strong>olim</strong></span> <span class='ocrx_word' id='word_1_715' title='bbox 1901 4909 2127 4965; x_wconf 71' lang='lat' dir='ltr'><strong>infante:</strong></span> 
     </span>
    </p>
   </div>
   <div class='ocr_carea' id='block_1_90' title="bbox 564 5002 2093 5082">
    <p class='ocr_par' dir='ltr' id='par_1_90' title="bbox 564 5002 2093 5082">
     <span class='ocr_line' id='line_1_90' title="bbox 564 5002 2093 5082; baseline -0.008 -19"><span class='ocrx_word' id='word_1_716' title='bbox 564 5021 782 5082; x_wconf 86' lang='lat' dir='ltr'><strong>propter</strong></span> <span class='ocrx_word' id='word_1_717' title='bbox 809 5026 865 5059; x_wconf 89' lang='lat' dir='ltr'><strong>se</strong></span> <span class='ocrx_word' id='word_1_718' title='bbox 896 5006 1101 5058; x_wconf 81' lang='lat' dir='ltr'><strong>occisos</strong></span> <span class='ocrx_word' id='word_1_719' title='bbox 1131 5003 1417 5071; x_wconf 71' lang='lat' dir='ltr'><strong>neglexerit</strong></span> <span class='ocrx_word' id='word_1_720' title='bbox 1444 5002 1491 5065; x_wconf 74' lang='grc'>⁸,</span> <span class='ocrx_word' id='word_1_721' title='bbox 1523 5011 1573 5052; x_wconf 89' lang='lat' dir='ltr'><strong>et</strong></span> <span class='ocrx_word' id='word_1_722' title='bbox 1605 5015 1731 5052; x_wconf 85' lang='lat' dir='ltr'><strong>unm</strong></span> <span class='ocrx_word' id='word_1_723' title='bbox 1775 5016 1983 5052; x_wconf 82' lang='lat' dir='ltr'><strong>rnrsinn</strong></span> <span class='ocrx_word' id='word_1_724' title='bbox 2024 5002 2093 5051; x_wconf 90' lang='lat' dir='ltr'><strong>mi</strong></span> 
     </span>
    </p>
   </div>
   <div class='ocr_carea' id='block_1_91' title="bbox 562 5090 2127 5167">
    <p class='ocr_par' dir='ltr' id='par_1_91' title="bbox 562 5090 2127 5167">
     <span class='ocr_line' id='line_1_91' title="bbox 562 5090 2127 5167; baseline -0.009 -10"><span class='ocrx_word' id='word_1_725' title='bbox 562 5106 681 5157; x_wconf 90' lang='lat' dir='ltr'><strong>lites</strong></span> <span class='ocrx_word' id='word_1_726' title='bbox 730 5108 942 5167; x_wconf 82' lang='lat' dir='ltr'><strong>propter</strong></span> <span class='ocrx_word' id='word_1_727' title='bbox 983 5097 1191 5148; x_wconf 82' lang='lat' dir='ltr'><strong>Petrum</strong></span> <span class='ocrx_word' id='word_1_728' title='bbox 1226 5092 1564 5151; x_wconf 88' lang='lat' dir='ltr'><strong>interfectos,</strong></span> <span class='ocrx_word' id='word_1_729' title='bbox 1609 5092 1703 5141; x_wconf 66' lang='lat' dir='ltr'><strong>etsi</strong></span> <span class='ocrx_word' id='word_1_730' title='bbox 1753 5090 1980 5157; x_wconf 84' lang='lat' dir='ltr'><strong>potuerit</strong></span> <span class='ocrx_word' id='word_1_731' title='bbox 2010 5090 2127 5143; x_wconf 65' lang='lat' dir='ltr'><strong>illus“</strong></span> 
     </span>
    </p>
   </div>
   <div class='ocr_carea' id='block_1_92' title="bbox 556 5182 2125 5249">
    <p class='ocr_par' dir='ltr' id='par_1_92' title="bbox 556 5182 2125 5249">
     <span class='ocr_line' id='line_1_92' title="bbox 556 5182 2125 5249; baseline -0.008 -3"><span class='ocrx_word' id='word_1_732' title='bbox 556 5210 675 5249; x_wconf 87' lang='lat' dir='ltr'><strong>cum</strong></span> <span class='ocrx_word' id='word_1_733' title='bbox 708 5193 860 5245; x_wconf 78' lang='lat' dir='ltr'><strong>l’etro</strong></span> <span class='ocrx_word' id='word_1_734' title='bbox 891 5202 1119 5242; x_wconf 79' lang='lat' dir='ltr'><strong>servare.</strong></span> <span class='ocrx_word' id='word_1_735' title='bbox 1154 5186 1257 5237; x_wconf 89' lang='lat' dir='ltr'><strong>Sed</strong></span> <span class='ocrx_word' id='word_1_736' title='bbox 1290 5184 1330 5235; x_wconf 89' lang='lat' dir='ltr'><strong>si</strong></span> <span class='ocrx_word' id='word_1_737' title='bbox 1363 5198 1480 5234; x_wconf 88' lang='lat' dir='ltr'><strong>cum</strong></span> <span class='ocrx_word' id='word_1_738' title='bbox 1516 5182 1671 5233; x_wconf 82' lang='lat' dir='ltr'><strong>Petro</strong></span> <span class='ocrx_word' id='word_1_739' title='bbox 1704 5183 1894 5234; x_wconf 80' lang='lat' dir='ltr'><strong>milites</strong></span> <span class='ocrx_word' id='word_1_740' title='bbox 1916 5182 2125 5235; x_wconf 76' lang='lat' dir='ltr'><strong>eduxis-</strong></span> 
     </span>
    </p>
   </div>
   <div class='ocr_carea' id='block_1_93' title="bbox 559 5274 2119 5353">
    <p class='ocr_par' dir='ltr' id='par_1_93' title="bbox 559 5274 2119 5353">
     <span class='ocr_line' id='line_1_93' title="bbox 559 5274 2119 5353; baseline -0.012 -12"><span class='ocrx_word' id='word_1_741' title='bbox 559 5299 639 5341; x_wconf 69' lang='lat' dir='ltr'><strong>Sel</strong></span> <span class='ocrx_word' id='word_1_742' title='bbox 671 5284 919 5353; x_wconf 79' lang='lat' dir='ltr'><strong>angelus,</strong></span> <span class='ocrx_word' id='word_1_743' title='bbox 964 5281 1011 5332; x_wconf 89' lang='lat' dir='ltr'><strong>id</strong></span> <span class='ocrx_word' id='word_1_744' title='bbox 1047 5297 1137 5346; x_wconf 79' lang='lat' dir='ltr'><strong>pro</strong></span> <span class='ocrx_word' id='word_1_745' title='bbox 1167 5278 1281 5342; x_wconf 79' lang='lat' dir='ltr'><strong>fuga</strong></span> <span class='ocrx_word' id='word_1_746' title='bbox 1318 5276 1550 5327; x_wconf 89' lang='lat' dir='ltr'><strong>habitum</strong></span> <span class='ocrx_word' id='word_1_747' title='bbox 1594 5274 1796 5326; x_wconf 72' lang='lat' dir='ltr'><strong>fuisset.</strong></span> <span class='ocrx_word' id='word_1_748' title='bbox 1829 5275 1932 5326; x_wconf 86' lang='lat' dir='ltr'><strong>Cur</strong></span> <span class='ocrx_word' id='word_1_749' title='bbox 1963 5289 2119 5341; x_wconf 75' lang='lat' dir='ltr'><strong>ergo,</strong></span> 
     </span>
    </p>
   </div>
   <div class='ocr_carea' id='block_1_94' title="bbox 562 5365 2123 5448">
    <p class='ocr_par' dir='ltr' id='par_1_94' title="bbox 562 5365 2123 5448">
     <span class='ocr_line' id='line_1_94' title="bbox 562 5365 2123 5448; baseline -0.01 -16"><span class='ocrx_word' id='word_1_750' title='bbox 562 5380 801 5448; x_wconf 81' lang='lat' dir='ltr'><strong>inquies,</strong></span> <span class='ocrx_word' id='word_1_751' title='bbox 838 5392 939 5426; x_wconf 86' lang='lat' dir='ltr'><strong>non</strong></span> <span class='ocrx_word' id='word_1_752' title='bbox 983 5372 1137 5423; x_wconf 78' lang='lat' dir='ltr'><strong>aliter</strong></span> <span class='ocrx_word' id='word_1_753' title='bbox 1182 5368 1477 5436; x_wconf 74' lang='lat' dir='ltr'><strong>disposuit?</strong></span> <span class='ocrx_word' id='word_1_754' title='bbox 1523 5381 1641 5418; x_wconf 86' lang='lat' dir='ltr'><strong>nam</strong></span> <span class='ocrx_word' id='word_1_755' title='bbox 1691 5366 1845 5434; x_wconf 78' lang='lat' dir='ltr'><strong>qUaIe</strong></span> <span class='ocrx_word' id='word_1_756' title='bbox 1875 5365 2123 5417; x_wconf 85' lang='lat' dir='ltr'><strong>damnum</strong></span> 
     </span>
    </p>
   </div>
   <div class='ocr_carea' id='block_1_95' title="bbox 566 5458 2127 5525">
    <p class='ocr_par' dir='ltr' id='par_1_95' title="bbox 566 5458 2127 5525">
     <span class='ocr_line' id='line_1_95' title="bbox 566 5458 2127 5525; baseline -0.008 -3"><span class='ocrx_word' id='word_1_757' title='bbox 566 5484 701 5523; x_wconf 88' lang='lat' dir='ltr'><strong>nunc</strong></span> <span class='ocrx_word' id='word_1_758' title='bbox 724 5468 911 5521; x_wconf 89' lang='lat' dir='ltr'><strong>factum</strong></span> <span class='ocrx_word' id='word_1_759' title='bbox 931 5465 1043 5519; x_wconf 66' lang='lat' dir='ltr'><strong>est!</strong></span> <span class='ocrx_word' id='word_1_760' title='bbox 1082 5466 1131 5513; x_wconf 76' lang='lat' dir='ltr'><strong>Si</strong></span> <span class='ocrx_word' id='word_1_761' title='bbox 1158 5460 1552 5513; x_wconf 72' lang='lat' dir='ltr'><strong>consideremus</strong></span> <span class='ocrx_word' id='word_1_762' title='bbox 1570 5475 1682 5523; x_wconf 78' lang='lat' dir='ltr'><strong>eos,</strong></span> <span class='ocrx_word' id='word_1_763' title='bbox 1718 5458 1802 5525; x_wconf 92' lang='lat' dir='ltr'><strong>qni</strong></span> <span class='ocrx_word' id='word_1_764' title='bbox 1842 5458 2031 5523; x_wconf 82' lang='lat' dir='ltr'><strong>injuste</strong></span> <span class='ocrx_word' id='word_1_765' title='bbox 2075 5465 2127 5509; x_wconf 87' lang='lat' dir='ltr'><strong>ct</strong></span> 
     </span>
    </p>
   </div>
   <div class='ocr_carea' id='block_1_96' title="bbox 536 5536 2127 5629">
    <p class='ocr_par' dir='ltr' id='par_1_96' title="bbox 536 5536 2127 5629">
     <span class='ocr_line' id='line_1_96' title="bbox 536 5536 2127 5629; baseline -0.014 -15"><span class='ocrx_word' id='word_1_766' title='bbox 536 5536 652 5629; x_wconf 15' lang='lat' dir='ltr'><strong>iper</strong></span> <span class='ocrx_word' id='word_1_767' title='bbox 679 5557 822 5611; x_wconf 76' lang='lat' dir='ltr'><strong>nefas</strong></span> <span class='ocrx_word' id='word_1_768' title='bbox 848 5555 979 5625; x_wconf 63' lang='lat' dir='ltr'><strong>passi</strong></span> <span class='ocrx_word' id='word_1_769' title='bbox 1018 5562 1158 5609; x_wconf 84' lang='lat' dir='ltr'><strong>sunt.</strong></span> <span class='ocrx_word' id='word_1_770' title='bbox 1194 5551 1321 5602; x_wconf 86' lang='lat' dir='ltr'><strong>nihil</strong></span> <span class='ocrx_word' id='word_1_771' title='bbox 1348 5548 1524 5601; x_wconf 86' lang='lat' dir='ltr'><strong>damni</strong></span> <span class='ocrx_word' id='word_1_772' title='bbox 1552 5549 1817 5616; x_wconf 67' lang='lat' dir='ltr'><strong>acet-pisse</strong></span> <span class='ocrx_word' id='word_1_773' title='bbox 1840 5588 1853 5609; x_wconf 89' lang='lat'><strong>,</strong></span> <span class='ocrx_word' id='word_1_774' title='bbox 1887 5562 1988 5598; x_wconf 87' lang='lat' dir='ltr'><strong>non</strong></span> <span class='ocrx_word' id='word_1_775' title='bbox 2016 5546 2127 5599; x_wconf 74' lang='lat' dir='ltr'><strong>hzec</strong></span> 
     </span>
    </p>
   </div>
   <div class='ocr_carea' id='block_1_97' title="bbox 559 5640 2123 5723">
    <p class='ocr_par' dir='ltr' id='par_1_97' title="bbox 559 5640 2123 5723">
     <span class='ocr_line' id='line_1_97' title="bbox 559 5640 2123 5723; baseline -0.009 -18"><span class='ocrx_word' id='word_1_776' title='bbox 559 5664 880 5723; x_wconf 68' lang='grc' dir='ltr'>ιίυιῡτριιιιις.</span> <span class='ocrx_word' id='word_1_777' title='bbox 925 5649 1030 5699; x_wconf 75' lang='lat' dir='ltr'><strong>Cur</strong></span> <span class='ocrx_word' id='word_1_778' title='bbox 1083 5647 1220 5699; x_wconf 87' lang='lat' dir='ltr'><strong>enim</strong></span> <span class='ocrx_word' id='word_1_779' title='bbox 1270 5659 1372 5695; x_wconf 87' lang='lat' dir='ltr'><strong>non</strong></span> <span class='ocrx_word' id='word_1_780' title='bbox 1422 5642 1550 5695; x_wconf 73' lang='lat' dir='ltr'><strong>dii-is</strong></span> <span class='ocrx_word' id='word_1_781' title='bbox 1596 5641 1749 5695; x_wconf 67' lang='lat' dir='ltr'><strong>etiam</strong></span> <span class='ocrx_word' id='word_1_782' title='bbox 1798 5643 1861 5693; x_wconf 89' lang='lat' dir='ltr'><strong>de</strong></span> <span class='ocrx_word' id='word_1_783' title='bbox 1893 5640 2123 5704; x_wconf 79' lang='lat' dir='ltr'><strong>.lacobo,</strong></span> 
     </span>
    </p>
   </div>
   <div class='ocr_carea' id='block_1_98' title="bbox 632 5796 2124 5865">
    <p class='ocr_par' dir='ltr' id='par_1_98' title="bbox 632 5796 2124 5865">
     <span class='ocr_line' id='line_1_98' title="bbox 632 5796 2124 5865; baseline -0.01 -10"><span class='ocrx_word' id='word_1_784' title='bbox 632 5810 641 5829; x_wconf 88' lang='lat'><strong>&#39;</strong></span> <span class='ocrx_word' id='word_1_785' title='bbox 678 5806 869 5864; x_wconf 75' lang='lat' dir='ltr'><strong>Quidam</strong></span> <span class='ocrx_word' id='word_1_786' title='bbox 913 5813 1014 5852; x_wconf 59' lang='lat' dir='ltr'><strong>Mss.</strong></span> <span class='ocrx_word' id='word_1_787' title='bbox 1043 5804 1108 5849; x_wconf 87' lang='lat' dir='ltr'><strong>sic</strong></span> <span class='ocrx_word' id='word_1_788' title='bbox 1133 5802 1367 5864; x_wconf 82' lang='lat' dir='ltr'><strong>incipiunt</strong></span> <span class='ocrx_word' id='word_1_789' title='bbox 1392 5816 1401 5847; x_wconf 91' lang='lat'>:</span> <span class='ocrx_word' id='word_1_790' title='bbox 1436 5801 1688 5865; x_wconf 75' lang='lat' dir='ltr'><strong>.&lt;::ntforte</strong></span> <span class='ocrx_word' id='word_1_791' title='bbox 1712 5796 1792 5855; x_wconf 81' lang='lat' dir='ltr'><strong>qui</strong></span> <span class='ocrx_word' id='word_1_792' title='bbox 1833 5797 1965 5865; x_wconf 80' lang='lat' dir='ltr'><strong>dubii</strong></span> <span class='ocrx_word' id='word_1_793' title='bbox 1992 5807 2124 5857; x_wconf 63' lang='lat' dir='ltr'><strong>qui:-</strong></span> 
     </span>
    </p>
   </div>
   <div class='ocr_carea' id='block_1_99' title="bbox 572 5864 1933 5923">
    <p class='ocr_par' dir='ltr' id='par_1_99' title="bbox 572 5864 1933 5923">
     <span class='ocr_line' id='line_1_99' title="bbox 572 5864 1933 5923; baseline -0.011 -5"><span class='ocrx_word' id='word_1_794' title='bbox 572 5874 672 5918; x_wconf 71' lang='lat' dir='ltr'><strong>Tttltl</strong></span> <span class='ocrx_word' id='word_1_795' title='bbox 696 5883 777 5917; x_wconf 68' lang='lat' dir='ltr'><strong>cur</strong></span> <span class='ocrx_word' id='word_1_796' title='bbox 804 5876 928 5916; x_wconf 74' lang='lat' dir='ltr'><strong>Iu‘us</strong></span> <span class='ocrx_word' id='word_1_797' title='bbox 966 5867 1367 5923; x_wconf 61' lang='lat' dir='ltr'><strong>athletaspropter</strong></span> <span class='ocrx_word' id='word_1_798' title='bbox 1394 5877 1439 5912; x_wconf 68' lang='lat' dir='ltr'><strong>se</strong></span> <span class='ocrx_word' id='word_1_799' title='bbox 1457 5864 1631 5909; x_wconf 46' lang='grc' dir='ltr'><strong>(λιβρις</strong></span> <span class='ocrx_word' id='word_1_800' title='bbox 1659 5865 1933 5921; x_wconf 59' lang='grc' dir='ltr'>γιιυιυχινιιι.</span> 
     </span>
    </p>
   </div>
   <div class='ocr_carea' id='block_1_100' title="bbox 2237 4343 3779 4437">
    <p class='ocr_par' dir='ltr' id='par_1_100' title="bbox 2237 4360 3779 4437">
     <span class='ocr_line' id='line_1_100' title="bbox 2237 4360 3779 4437; baseline -0.006 -17"><span class='ocrx_word' id='word_1_801' title='bbox 2237 4385 2401 4437; x_wconf 88' lang='lat' dir='ltr'><strong>quare</strong></span> <span class='ocrx_word' id='word_1_802' title='bbox 2453 4368 2599 4419; x_wconf 90' lang='lat' dir='ltr'><strong>illum</strong></span> <span class='ocrx_word' id='word_1_803' title='bbox 2651 4380 2755 4417; x_wconf 87' lang='lat' dir='ltr'><strong>non</strong></span> <span class='ocrx_word' id='word_1_804' title='bbox 2806 4361 3037 4430; x_wconf 85' lang='lat' dir='ltr'><strong>eripuit?</strong></span> <span class='ocrx_word' id='word_1_805' title='bbox 3086 4360 3334 4429; x_wconf 79' lang='lat' dir='ltr'><strong>Alioquin</strong></span> <span class='ocrx_word' id='word_1_806' title='bbox 3384 4374 3511 4412; x_wconf 82' lang='lat' dir='ltr'><strong>vero</strong></span> <span class='ocrx_word' id='word_1_807' title='bbox 3556 4374 3660 4411; x_wconf 90' lang='lat' dir='ltr'><strong>non</strong></span> <span class='ocrx_word' id='word_1_808' title='bbox 3703 4376 3779 4413; x_wconf 81' lang='lat' dir='ltr'><strong>ei.</strong></span> 
     </span>
    </p>
   </div>
   <div class='ocr_carea' id='block_1_101' title="bbox 2236 4451 3822 4524">
    <p class='ocr_par' dir='ltr' id='par_1_101' title="bbox 2236 4451 3822 4524">
     <span class='ocr_line' id='line_1_101' title="bbox 2236 4451 3822 4524; baseline -0.004 -13"><span class='ocrx_word' id='word_1_809' title='bbox 2236 4460 2410 4511; x_wconf 88' lang='lat' dir='ltr'><strong>adhuc</strong></span> <span class='ocrx_word' id='word_1_810' title='bbox 2433 4457 2615 4524; x_wconf 61' lang='lat' dir='ltr'><strong>iudicii</strong></span> <span class='ocrx_word' id='word_1_811' title='bbox 2651 4466 2879 4523; x_wconf 88' lang='lat' dir='ltr'><strong>tempus,</strong></span> <span class='ocrx_word' id='word_1_812' title='bbox 2905 4463 2958 4505; x_wconf 93' lang='lat' dir='ltr'><strong>nt</strong></span> <span class='ocrx_word' id='word_1_813' title='bbox 2988 4452 3210 4519; x_wconf 70' lang='lat' dir='ltr'><strong>singulis</strong></span> <span class='ocrx_word' id='word_1_814' title='bbox 3238 4466 3335 4520; x_wconf 87' lang='lat' dir='ltr'><strong>pro</strong></span> <span class='ocrx_word' id='word_1_815' title='bbox 3366 4452 3555 4503; x_wconf 90' lang='lat' dir='ltr'><strong>merito</strong></span> <span class='ocrx_word' id='word_1_816' title='bbox 3577 4451 3822 4505; x_wconf 84' lang='lat' dir='ltr'><strong>daretur.</strong></span> 
     </span>
    </p>
   </div>
   <div class='ocr_carea' id='block_1_102' title="bbox 2235 4544 3823 4617">
    <p class='ocr_par' dir='ltr' id='par_1_102' title="bbox 2235 4544 3823 4617">
     <span class='ocr_line' id='line_1_102' title="bbox 2235 4544 3823 4617; baseline -0.004 -14"><span class='ocrx_word' id='word_1_817' title='bbox 2235 4549 2338 4603; x_wconf 90' lang='lat' dir='ltr'><strong>Sed</strong></span> <span class='ocrx_word' id='word_1_818' title='bbox 2372 4564 2543 4617; x_wconf 82' lang='lat' dir='ltr'><strong>neque</strong></span> <span class='ocrx_word' id='word_1_819' title='bbox 2582 4548 2770 4601; x_wconf 88' lang='lat' dir='ltr'><strong>Petrus</strong></span> <span class='ocrx_word' id='word_1_820' title='bbox 2803 4546 2979 4613; x_wconf 84' lang='lat' dir='ltr'><strong>injecit</strong></span> <span class='ocrx_word' id='word_1_821' title='bbox 3016 4545 3131 4596; x_wconf 90' lang='lat' dir='ltr'><strong>illos</strong></span> <span class='ocrx_word' id='word_1_822' title='bbox 3174 4545 3224 4595; x_wconf 92' lang='lat' dir='ltr'><strong>in</strong></span> <span class='ocrx_word' id='word_1_823' title='bbox 3260 4557 3448 4595; x_wconf 90' lang='lat' dir='ltr'><strong>manus</strong></span> <span class='ocrx_word' id='word_1_824' title='bbox 3476 4544 3608 4608; x_wconf 84' lang='lat' dir='ltr'><strong>ejus.</strong></span> <span class='ocrx_word' id='word_1_825' title='bbox 3646 4544 3823 4596; x_wconf 88' lang='lat' dir='ltr'><strong>llero-</strong></span> 
     </span>
    </p>
   </div>
   <div class='ocr_carea' id='block_1_103' title="bbox 2234 4635 3824 4710">
    <p class='ocr_par' dir='ltr' id='par_1_103' title="bbox 2234 4635 3824 4710">
     <span class='ocr_line' id='line_1_103' title="bbox 2234 4635 3824 4710; baseline -0.003 -16"><span class='ocrx_word' id='word_1_826' title='bbox 2234 4642 2328 4695; x_wconf 90' lang='lat' dir='ltr'><strong>des</strong></span> <span class='ocrx_word' id='word_1_827' title='bbox 2354 4657 2481 4710; x_wconf 80' lang='lat' dir='ltr'><strong>ergo</strong></span> <span class='ocrx_word' id='word_1_828' title='bbox 2512 4655 2657 4708; x_wconf 72' lang='lat' dir='ltr'><strong>aegre</strong></span> <span class='ocrx_word' id='word_1_829' title='bbox 2709 4639 2941 4700; x_wconf 80' lang='lat' dir='ltr'><strong>ferebat,</strong></span> <span class='ocrx_word' id='word_1_830' title='bbox 2985 4636 3122 4705; x_wconf 83' lang='lat' dir='ltr'><strong>quod</strong></span> <span class='ocrx_word' id='word_1_831' title='bbox 3174 4635 3394 4688; x_wconf 88' lang='lat' dir='ltr'><strong>delusus</strong></span> <span class='ocrx_word' id='word_1_832' title='bbox 3444 4643 3618 4698; x_wconf 84' lang='lat' dir='ltr'><strong>esset,</strong></span> <span class='ocrx_word' id='word_1_833' title='bbox 3675 4636 3824 4689; x_wconf 77' lang='lat' dir='ltr'><strong>sicut</strong></span> 
     </span>
    </p>
   </div>
   <div class='ocr_carea' id='block_1_104' title="bbox 2233 4726 3823 4796">
    <p class='ocr_par' dir='ltr' id='par_1_104' title="bbox 2233 4726 3823 4796">
     <span class='ocr_line' id='line_1_104' title="bbox 2233 4726 3823 4796; baseline -0.004 -8"><span class='ocrx_word' id='word_1_834' title='bbox 2233 4751 2363 4788; x_wconf 79' lang='lat' dir='ltr'><strong>avus</strong></span> <span class='ocrx_word' id='word_1_835' title='bbox 2391 4750 2518 4786; x_wconf 90' lang='lat' dir='ltr'><strong>suns</strong></span> <span class='ocrx_word' id='word_1_836' title='bbox 2546 4733 2762 4786; x_wconf 89' lang='lat' dir='ltr'><strong>delusus</strong></span> <span class='ocrx_word' id='word_1_837' title='bbox 2807 4730 2975 4783; x_wconf 89' lang='lat' dir='ltr'><strong>fuerat</strong></span> <span class='ocrx_word' id='word_1_838' title='bbox 3002 4746 3027 4779; x_wconf 89' lang='lat' dir='ltr'><strong>a</strong></span> <span class='ocrx_word' id='word_1_839' title='bbox 3058 4728 3226 4796; x_wconf 77' lang='lat' dir='ltr'><strong>magis</strong></span> <span class='ocrx_word' id='word_1_840' title='bbox 3258 4747 3269 4779; x_wconf 88' lang='lat'><strong>:</strong></span> <span class='ocrx_word' id='word_1_841' title='bbox 3302 4728 3423 4779; x_wconf 89' lang='lat' dir='ltr'><strong>hinc</strong></span> <span class='ocrx_word' id='word_1_842' title='bbox 3449 4726 3823 4781; x_wconf 87' lang='lat' dir='ltr'><strong>dissecabatur</strong></span> 
     </span>
    </p>
   </div>
   <div class='ocr_carea' id='block_1_105' title="bbox 2234 4819 3821 4891">
    <p class='ocr_par' dir='ltr' id='par_1_105' title="bbox 2234 4819 3821 4891">
     <span class='ocr_line' id='line_1_105' title="bbox 2234 4819 3821 4891; baseline -0.005 -10"><span class='ocrx_word' id='word_1_843' title='bbox 2234 4837 2287 4881; x_wconf 88' lang='lat' dir='ltr'><strong>et</strong></span> <span class='ocrx_word' id='word_1_844' title='bbox 2323 4826 2453 4880; x_wconf 89' lang='lat' dir='ltr'><strong>risui</strong></span> <span class='ocrx_word' id='word_1_845' title='bbox 2495 4834 2609 4879; x_wconf 90' lang='lat' dir='ltr'><strong>erat</strong></span> <span class='ocrx_word' id='word_1_846' title='bbox 2653 4825 2945 4891; x_wconf 58' lang='lat' dir='ltr'><strong>expositus.</strong></span> <span class='ocrx_word' id='word_1_847' title='bbox 2982 4823 3021 4874; x_wconf 83' lang='lat' dir='ltr'>E</span> <span class='ocrx_word' id='word_1_848' title='bbox 3056 4839 3110 4873; x_wconf 86' lang='lat' dir='ltr'><strong>re</strong></span> <span class='ocrx_word' id='word_1_849' title='bbox 3137 4834 3315 4873; x_wconf 84' lang='lat' dir='ltr'><strong>autem</strong></span> <span class='ocrx_word' id='word_1_850' title='bbox 3351 4819 3508 4873; x_wconf 90' lang='lat' dir='ltr'><strong>fuerit</strong></span> <span class='ocrx_word' id='word_1_851' title='bbox 3536 4819 3821 4887; x_wconf 87' lang='lat' dir='ltr'><strong>scriptoris</strong></span> 
     </span>
    </p>
   </div>
   <div class='ocr_carea' id='block_1_106' title="bbox 2233 4911 3821 4979">
    <p class='ocr_par' dir='ltr' id='par_1_106' title="bbox 2233 4911 3821 4979">
     <span class='ocr_line' id='line_1_106' title="bbox 2233 4911 3821 4979; baseline -0.006 -7"><span class='ocrx_word' id='word_1_852' title='bbox 2233 4920 2415 4971; x_wconf 88' lang='lat' dir='ltr'><strong>audire</strong></span> <span class='ocrx_word' id='word_1_853' title='bbox 2444 4917 2599 4970; x_wconf 81' lang='lat' dir='ltr'><strong>verba</strong></span> <span class='ocrx_word' id='word_1_854' title='bbox 2627 4936 2639 4971; x_wconf 91' lang='lat'><strong>:</strong></span> <span class='ocrx_word' id='word_1_855' title='bbox 2676 4915 2835 4967; x_wconf 81' lang='lat' dir='ltr'><strong>Facta</strong></span> <span class='ocrx_word' id='word_1_856' title='bbox 2862 4924 3027 4965; x_wconf 78' lang='lat' dir='ltr'><strong>autem</strong></span> <span class='ocrx_word' id='word_1_857' title='bbox 3059 4913 3157 4972; x_wconf 85' lang='lat' dir='ltr'><strong>die,</strong></span> <span class='ocrx_word' id='word_1_858' title='bbox 3194 4911 3380 4979; x_wconf 89' lang='lat' dir='ltr'><strong>inquit,</strong></span> <span class='ocrx_word' id='word_1_859' title='bbox 3406 4920 3509 4961; x_wconf 85' lang='lat' dir='ltr'><strong>erat</strong></span> <span class='ocrx_word' id='word_1_860' title='bbox 3536 4926 3633 4962; x_wconf 87' lang='lat' dir='ltr'><strong>non</strong></span> <span class='ocrx_word' id='word_1_861' title='bbox 3658 4926 3821 4973; x_wconf 77' lang='lat' dir='ltr'><strong>parva</strong></span> 
     </span>
    </p>
   </div>
   <div class='ocr_carea' id='block_1_107' title="bbox 2234 5000 3815 5070">
    <p class='ocr_par' dir='ltr' id='par_1_107' title="bbox 2234 5000 3815 5070">
     <span class='ocr_line' id='line_1_107' title="bbox 2234 5000 3815 5070; baseline -0.005 -8"><span class='ocrx_word' id='word_1_862' title='bbox 2234 5012 2447 5063; x_wconf 77' lang='lat' dir='ltr'><strong>turbotio</strong></span> <span class='ocrx_word' id='word_1_863' title='bbox 2478 5012 2603 5062; x_wconf 81' lang='lat' dir='ltr'><strong>inter</strong></span> <span class='ocrx_word' id='word_1_864' title='bbox 2643 5010 2827 5061; x_wconf 86' lang='lat' dir='ltr'><strong>milites</strong></span> <span class='ocrx_word' id='word_1_865' title='bbox 2848 5048 2861 5070; x_wconf 94' lang='lat'><strong>,</strong></span> <span class='ocrx_word' id='word_1_866' title='bbox 2903 5003 3142 5065; x_wconf 73' lang='lat' dir='ltr'><strong>quidnam</strong></span> <span class='ocrx_word' id='word_1_867' title='bbox 3174 5009 3359 5070; x_wconf 75' lang='lat' dir='ltr'><strong>factum</strong></span> <span class='ocrx_word' id='word_1_868' title='bbox 3385 5012 3511 5055; x_wconf 87' lang='lat' dir='ltr'><strong>esset</strong></span> <span class='ocrx_word' id='word_1_869' title='bbox 3540 5004 3602 5054; x_wconf 81' lang='lat' dir='ltr'><strong>de</strong></span> <span class='ocrx_word' id='word_1_870' title='bbox 3629 5000 3815 5055; x_wconf 80' lang='lat' dir='ltr'><strong>Petro.</strong></span> 
     </span>
    </p>
   </div>
   <div class='ocr_carea' id='block_1_108' title="bbox 2236 5093 3817 5167">
    <p class='ocr_par' dir='ltr' id='par_1_108' title="bbox 2236 5093 3817 5167">
     <span class='ocr_line' id='line_1_108' title="bbox 2236 5093 3817 5167; baseline -0.008 -10"><span class='ocrx_word' id='word_1_871' title='bbox 2236 5104 2369 5157; x_wconf 69' lang='lat' dir='ltr'><strong>Hert</strong></span> <span class='ocrx_word' id='word_1_872' title='bbox 2402 5106 2460 5156; x_wconf 65' lang='grc' dir='ltr'><strong>ἐδ</strong></span> <span class='ocrx_word' id='word_1_873' title='bbox 2490 5115 2656 5155; x_wconf 73' lang='lat' dir='ltr'><strong>autem</strong></span> <span class='ocrx_word' id='word_1_874' title='bbox 2682 5118 2795 5154; x_wconf 89' lang='lat' dir='ltr'><strong>cum</strong></span> <span class='ocrx_word' id='word_1_875' title='bbox 2818 5098 3100 5167; x_wconf 77' lang='lat' dir='ltr'><strong>requisisset</strong></span> <span class='ocrx_word' id='word_1_876' title='bbox 3126 5112 3238 5148; x_wconf 86' lang='lat' dir='ltr'><strong>eum</strong></span> <span class='ocrx_word' id='word_1_877' title='bbox 3258 5136 3272 5159; x_wconf 92' lang='lat'><strong>,</strong></span> <span class='ocrx_word' id='word_1_878' title='bbox 3308 5106 3353 5146; x_wconf 88' lang='lat' dir='ltr'><strong>et</strong></span> <span class='ocrx_word' id='word_1_879' title='bbox 3391 5111 3489 5145; x_wconf 85' lang='lat' dir='ltr'><strong>non</strong></span> <span class='ocrx_word' id='word_1_880' title='bbox 3518 5093 3817 5155; x_wconf 80' lang='lat' dir='ltr'><strong>invenisset,</strong></span> 
     </span>
    </p>
   </div>
   <div class='ocr_carea' id='block_1_109' title="bbox 2234 5184 3818 5264">
    <p class='ocr_par' dir='ltr' id='par_1_109' title="bbox 2234 5184 3818 5264">
     <span class='ocr_line' id='line_1_109' title="bbox 2234 5184 3818 5264; baseline -0.008 -16"><span class='ocrx_word' id='word_1_881' title='bbox 2234 5199 2364 5264; x_wconf 76' lang='lat' dir='ltr'><strong>inqu.</strong></span> <span class='ocrx_word' id='word_1_882' title='bbox 2418 5198 2548 5248; x_wconf 86' lang='lat' dir='ltr'><strong>tione</strong></span> <span class='ocrx_word' id='word_1_883' title='bbox 2596 5196 2730 5262; x_wconf 81' lang='lat' dir='ltr'><strong>{acta</strong></span> <span class='ocrx_word' id='word_1_884' title='bbox 2781 5194 2843 5243; x_wconf 83' lang='lat' dir='ltr'><strong>de</strong></span> <span class='ocrx_word' id='word_1_885' title='bbox 2893 5188 3198 5249; x_wconf 82' lang='lat' dir='ltr'><strong>custodibus,</strong></span> <span class='ocrx_word' id='word_1_886' title='bbox 3252 5187 3408 5257; x_wconf 85' lang='lat' dir='ltr'><strong>jussit</strong></span> <span class='ocrx_word' id='word_1_887' title='bbox 3456 5202 3540 5238; x_wconf 85' lang='lat' dir='ltr'><strong>eos</strong></span> <span class='ocrx_word' id='word_1_888' title='bbox 3593 5184 3818 5244; x_wconf 84' lang='lat' dir='ltr'><strong>abduci;</strong></span> 
     </span>
    </p>
   </div>
   <div class='ocr_carea' id='block_1_110' title="bbox 2234 5276 3816 5355">
    <p class='ocr_par' dir='ltr' id='par_1_110' title="bbox 2234 5276 3816 5355">
     <span class='ocr_line' id='line_1_110' title="bbox 2234 5276 3816 5355; baseline -0.011 -14"><span class='ocrx_word' id='word_1_889' title='bbox 2234 5288 2438 5341; x_wconf 76' lang='lat' dir='ltr'><strong>etiamsi</strong></span> <span class='ocrx_word' id='word_1_890' title='bbox 2472 5285 2867 5355; x_wconf 84' lang='lat' dir='ltr'><strong>inquisitionem</strong></span> <span class='ocrx_word' id='word_1_891' title='bbox 2915 5282 3108 5333; x_wconf 83' lang='lat' dir='ltr'><strong>faciens</strong></span> <span class='ocrx_word' id='word_1_892' title='bbox 3150 5280 3387 5333; x_wconf 85' lang='lat' dir='ltr'><strong>audisset</strong></span> <span class='ocrx_word' id='word_1_893' title='bbox 3428 5279 3494 5327; x_wconf 86' lang='lat' dir='ltr'><strong>ab</strong></span> <span class='ocrx_word' id='word_1_894' title='bbox 3521 5279 3598 5329; x_wconf 92' lang='lat' dir='ltr'><strong>eis</strong></span> <span class='ocrx_word' id='word_1_895' title='bbox 3621 5316 3634 5337; x_wconf 91' lang='lat'><strong>,</strong></span> <span class='ocrx_word' id='word_1_896' title='bbox 3668 5276 3816 5343; x_wconf 84' lang='lat' dir='ltr'><strong>quod</strong></span> 
     </span>
    </p>
   </div>
   <div class='ocr_carea' id='block_1_111' title="bbox 2235 5370 3819 5441">
    <p class='ocr_par' dir='ltr' id='par_1_111' title="bbox 2235 5370 3819 5441">
     <span class='ocr_line' id='line_1_111' title="bbox 2235 5370 3819 5441; baseline -0.013 -6"><span class='ocrx_word' id='word_1_897' title='bbox 2235 5382 2427 5435; x_wconf 70' lang='lat' dir='ltr'><strong>relicta:</strong></span> <span class='ocrx_word' id='word_1_898' title='bbox 2460 5380 2680 5432; x_wconf 61' lang='lat' dir='ltr'><strong>fuissent</strong></span> <span class='ocrx_word' id='word_1_899' title='bbox 2726 5386 2959 5438; x_wconf 71' lang='lat' dir='ltr'><strong>ealcum,</strong></span> <span class='ocrx_word' id='word_1_900' title='bbox 3000 5372 3138 5441; x_wconf 86' lang='lat' dir='ltr'><strong>quod</strong></span> <span class='ocrx_word' id='word_1_901' title='bbox 3165 5373 3373 5425; x_wconf 77' lang='lat' dir='ltr'><strong>calceos</strong></span> <span class='ocrx_word' id='word_1_902' title='bbox 3405 5370 3728 5437; x_wconf 64' lang='lat' dir='ltr'><strong>acet-pisset,</strong></span> <span class='ocrx_word' id='word_1_903' title='bbox 3758 5381 3819 5423; x_wconf 67' lang='lat' dir='ltr'><strong>ei</strong></span> 
     </span>
    </p>
   </div>
   <div class='ocr_carea' id='block_1_112' title="bbox 2234 5459 3816 5542">
    <p class='ocr_par' dir='ltr' id='par_1_112' title="bbox 2234 5459 3816 5542">
     <span class='ocr_line' id='line_1_112' title="bbox 2234 5459 3816 5542; baseline -0.005 -21"><span class='ocrx_word' id='word_1_904' title='bbox 2234 5472 2369 5542; x_wconf 80' lang='lat' dir='ltr'><strong>quod</strong></span> <span class='ocrx_word' id='word_1_905' title='bbox 2399 5486 2563 5535; x_wconf 83' lang='lat' dir='ltr'><strong>usque</strong></span> <span class='ocrx_word' id='word_1_906' title='bbox 2593 5468 2655 5521; x_wconf 90' lang='lat' dir='ltr'><strong>ad</strong></span> <span class='ocrx_word' id='word_1_907' title='bbox 2693 5467 2834 5519; x_wconf 85' lang='lat' dir='ltr'><strong>illam</strong></span> <span class='ocrx_word' id='word_1_908' title='bbox 2864 5476 3071 5518; x_wconf 89' lang='lat' dir='ltr'><strong>noctem</strong></span> <span class='ocrx_word' id='word_1_909' title='bbox 3104 5478 3285 5517; x_wconf 87' lang='lat' dir='ltr'><strong>secum</strong></span> <span class='ocrx_word' id='word_1_910' title='bbox 3318 5460 3522 5514; x_wconf 81' lang='lat' dir='ltr'><strong>fuisset.</strong></span> <span class='ocrx_word' id='word_1_911' title='bbox 3552 5459 3653 5514; x_wconf 86' lang='lat' dir='ltr'><strong>Sed</strong></span> <span class='ocrx_word' id='word_1_912' title='bbox 3684 5460 3816 5527; x_wconf 88' lang='lat' dir='ltr'><strong>quid</strong></span> 
     </span>
    </p>
   </div>
   <div class='ocr_carea' id='block_1_113' title="bbox 2234 5552 3815 5625">
    <p class='ocr_par' dir='ltr' id='par_1_113' title="bbox 2234 5552 3815 5625">
     <span class='ocr_line' id='line_1_113' title="bbox 2234 5552 3815 5625; baseline -0.008 -10"><span class='ocrx_word' id='word_1_913' title='bbox 2234 5563 2601 5618; x_wconf 80' lang='lat' dir='ltr'><strong>occultarum?</strong></span> <span class='ocrx_word' id='word_1_914' title='bbox 2642 5576 2737 5613; x_wconf 89' lang='lat' dir='ltr'><strong>cur</strong></span> <span class='ocrx_word' id='word_1_915' title='bbox 2782 5574 2884 5611; x_wconf 92' lang='lat' dir='ltr'><strong>non</strong></span> <span class='ocrx_word' id='word_1_916' title='bbox 2933 5573 3060 5625; x_wconf 77' lang='lat' dir='ltr'><strong>ergo</strong></span> <span class='ocrx_word' id='word_1_917' title='bbox 3104 5565 3157 5607; x_wconf 86' lang='lat' dir='ltr'><strong>et</strong></span> <span class='ocrx_word' id='word_1_918' title='bbox 3201 5554 3299 5621; x_wconf 89' lang='lat' dir='ltr'><strong>ipsi</strong></span> <span class='ocrx_word' id='word_1_919' title='bbox 3333 5552 3618 5621; x_wconf 78' lang='lat' dir='ltr'><strong>fugerunt?</strong></span> <span class='ocrx_word' id='word_1_920' title='bbox 3658 5552 3815 5619; x_wconf 66' lang='lat' dir='ltr'><strong>Atqui</strong></span> 
     </span>
    </p>
   </div>
   <div class='ocr_carea' id='block_1_114' title="bbox 2234 5644 3812 5724">
    <p class='ocr_par' dir='ltr' id='par_1_114' title="bbox 2234 5644 3812 5724">
     <span class='ocr_line' id='line_1_114' title="bbox 2234 5644 3812 5724; baseline -0.005 -19"><span class='ocrx_word' id='word_1_921' title='bbox 2234 5666 2463 5724; x_wconf 77' lang='lat' dir='ltr'><strong>opmnnt</strong></span> <span class='ocrx_word' id='word_1_922' title='bbox 2512 5655 2678 5720; x_wconf 85' lang='lat' dir='ltr'><strong>ipsum</strong></span> <span class='ocrx_word' id='word_1_923' title='bbox 2725 5650 2824 5703; x_wconf 87' lang='lat' dir='ltr'><strong>hoc</strong></span> <span class='ocrx_word' id='word_1_924' title='bbox 2862 5649 3039 5702; x_wconf 82' lang='lat' dir='ltr'><strong>mirari</strong></span> <span class='ocrx_word' id='word_1_925' title='bbox 3071 5656 3122 5699; x_wconf 91' lang='lat' dir='ltr'><strong>et</strong></span> <span class='ocrx_word' id='word_1_926' title='bbox 3148 5646 3548 5713; x_wconf 78' lang='lat' dir='ltr'><strong>obstupescere.</strong></span> <span class='ocrx_word' id='word_1_927' title='bbox 3586 5644 3812 5697; x_wconf 89' lang='lat' dir='ltr'><strong>Demnm</strong></span> 
     </span>
    </p>
   </div>
   <div class='ocr_carea' id='block_1_115' title="bbox 2235 5736 3817 5803">
    <p class='ocr_par' dir='ltr' id='par_1_115' title="bbox 2235 5736 3817 5803">
     <span class='ocr_line' id='line_1_115' title="bbox 2235 5736 3817 5803; baseline -0.008 0"><span class='ocrx_word' id='word_1_928' title='bbox 2235 5767 2298 5803; x_wconf 77' lang='lat' dir='ltr'><strong>ex</strong></span> <span class='ocrx_word' id='word_1_929' title='bbox 2332 5750 2479 5801; x_wconf 70' lang='lat' dir='ltr'><strong>illurn</strong></span> <span class='ocrx_word' id='word_1_930' title='bbox 2569 5760 2694 5798; x_wconf 83' lang='lat' dir='ltr'><strong>nece</strong></span> <span class='ocrx_word' id='word_1_931' title='bbox 2720 5743 3054 5796; x_wconf 88' lang='lat' dir='ltr'><strong>manifestum</strong></span> <span class='ocrx_word' id='word_1_932' title='bbox 3081 5751 3161 5793; x_wconf 80' lang='lat' dir='ltr'><strong>est</strong></span> <span class='ocrx_word' id='word_1_933' title='bbox 3182 5739 3429 5792; x_wconf 83' lang='lat' dir='ltr'><strong>omnibus</strong></span> <span class='ocrx_word' id='word_1_934' title='bbox 3450 5748 3503 5791; x_wconf 90' lang='lat' dir='ltr'><strong>et</strong></span> <span class='ocrx_word' id='word_1_935' title='bbox 3532 5738 3619 5789; x_wconf 82' lang='lat' dir='ltr'><strong>ilei</strong></span> <span class='ocrx_word' id='word_1_936' title='bbox 3650 5736 3817 5791; x_wconf 59' lang='lat' dir='ltr'><strong>inira.</strong></span> 
     </span>
    </p>
   </div>
   <div class='ocr_carea' id='block_1_116' title="bbox 2235 5829 3815 5901">
    <p class='ocr_par' dir='ltr' id='par_1_116' title="bbox 2235 5829 3815 5901">
     <span class='ocr_line' id='line_1_116' title="bbox 2235 5829 3815 5901; baseline -0.008 -5"><span class='ocrx_word' id='word_1_937' title='bbox 2235 5844 2405 5896; x_wconf 80' lang='lat' dir='ltr'><strong>enimn</strong></span> <span class='ocrx_word' id='word_1_938' title='bbox 2435 5850 2481 5893; x_wconf 85' lang='lat' dir='ltr'><strong>et</strong></span> <span class='ocrx_word' id='word_1_939' title='bbox 2522 5840 2655 5891; x_wconf 75' lang='lat' dir='ltr'><strong>.ilins</strong></span> <span class='ocrx_word' id='word_1_940' title='bbox 2689 5836 2880 5889; x_wconf 77' lang='lat' dir='ltr'><strong>scelus.</strong></span> <span class='ocrx_word' id='word_1_941' title='bbox 2914 5832 3017 5888; x_wconf 83' lang='lat' dir='ltr'><strong>Sed</strong></span> <span class='ocrx_word' id='word_1_942' title='bbox 3043 5832 3180 5898; x_wconf 87' lang='lat' dir='ltr'><strong>vide,</strong></span> <span class='ocrx_word' id='word_1_943' title='bbox 3208 5829 3478 5901; x_wconf 84' lang='lat' dir='ltr'><strong>quomodo</strong></span> <span class='ocrx_word' id='word_1_944' title='bbox 3504 5829 3585 5883; x_wconf 81' lang='lat' dir='ltr'><strong>liie</strong></span> <span class='ocrx_word' id='word_1_945' title='bbox 3612 5845 3673 5883; x_wconf 89' lang='lat' dir='ltr'><strong>ea</strong></span> <span class='ocrx_word' id='word_1_946' title='bbox 3706 5846 3815 5885; x_wconf 86' lang='lat' dir='ltr'><strong>non</strong></span> 
     </span>
    </p>
   </div>
  </div>
