4082 6478
169 410 272 463 205

171 527 442 592 occultet,
482 527 576 582 sed
620 538 674 582 et
705 526 939 580 historia:
970 523 1309 586 meminerit,
1353 530 1410 574 ut
1438 521 1626 575 doceat
1653 535 1772 574 nos.

172 620 376 674 Deinde
396 620 508 673 ait:
536 617 945 686 Descemlerisque
963 632 994 666 a
1012 613 1198 667 Judrea
1222 613 1524 678 Cursaream,
1550 612 1617 664 ibi
1645 627 1776 682 com-

170 724 400 766 moratus
421 722 518 766 est.
543 712 632 766 ‘20.
651 710 777 763 Erat
793 721 958 763 autem
984 708 1222 763 Herodes
1244 708 1402 760 iratus
1422 705 1590 776 Tyriis
1613 716 1658 758 et
1689 703 1774 758 Si-

167 807 355 859 doniis.
375 809 445 859 At
467 807 546 859 illi
561 807 817 858 unanimes
839 813 1077 858 venerunt
1097 802 1165 854 ad
1175 819 1309 864 eum,
1329 811 1374 853 et
1395 816 1634 870 persuaso
1654 797 1772 851 Bla-

165 909 261 963 sio,
281 901 373 968 qui
391 910 511 954 erat
527 916 677 966 super
689 898 975 951 cubiculum
991 896 1142 966 regis,
1161 895 1483 962 postulabant
1500 909 1692 960 pacem,
1714 908 1772 944 eo

164 992 303 1053 quod
328 995 560 1044 aleretur
585 990 718 1060 regio
733 1006 904 1042 eorum
920 987 981 1040 ab
999 988 1107 1041 illo.
1139 987 1230 1040 21.
1255 985 1460 1040 Statuto
1478 996 1643 1037 autem
1666 984 1767 1045 die.

170 1079 405 1134 Herodes
439 1082 644 1134 vestitus
670 1090 798 1134 reste
822 1080 981 1149 regia,
1012 1079 1140 1132 sedit
1162 1093 1254 1146 pro
1277 1077 1517 1130 tribunali
1537 1119 1550 1140 ,
1580 1087 1625 1129 et
1649 1092 1772 1128 con-

164 1175 473 1226 tionabatur
497 1175 564 1225 ad
589 1190 690 1227 eos.
719 1173 809 1228 9.2.
842 1172 1073 1242 Papulas
1105 1181 1273 1224 autent
1298 1169 1636 1233 acclumabat,
1670 1167 1766 1222 Dei

161 1281 258 1316 vox
277 1307 292 1329 ,
335 1281 444 1317 non
481 1266 721 1319 hominis.
748 1265 839 1318 25.
873 1263 1151 1334 Confestim
1181 1271 1350 1316 autem
1379 1262 1624 1330 percussit
1654 1276 1769 1312 eum

161 1358 376 1425 angelus
404 1355 655 1420 Domini,
689 1373 745 1410 eo
765 1358 904 1426 quod
930 1373 1030 1409 non
1055 1356 1272 1408 dedisset
1300 1355 1517 1423 gloriam
1551 1353 1655 1405 Deo
1682 1371 1700 1406 :
1721 1363 1767 1406 et
1847 1347 1850 1350 ’

160 1461 501 1518 consumptus
523 1465 553 1500 a
570 1448 813 1502 vermibus
829 1448 1120 1516 exspiravit.
1139 1448 1228 1502 24.
1257 1446 1470 1501 Verbum
1488 1457 1652 1498 autem
1673 1444 1768 1498 Dei

161 1541 416 1593 crescebat
449 1550 501 1592 et
549 1539 997 1608 multiplicabatur.
1047 1537 1160 1592 Non
1191 1553 1352 1608 parva
1404 1553 1490 1592 res
1521 1539 1636 1592 hme
1659 1549 1759 1593 est.

159 1631 351 1685 Statim
387 1633 547 1686 illum
581 1633 710 1688 ultio
757 1633 950 1687 invasit
979 1652 992 1685 :
1022 1633 1122 1686 etsi
1169 1649 1272 1686 non
1306 1642 1522 1701 propter
1549 1631 1763 1686 Petrum

161 1724 494 1787 invasisset,
543 1735 597 1778 at
636 1735 853 1795 propter
877 1734 1214 1794 arrogantem
1257 1725 1398 1780 illius
1425 1727 1760 1779 concionem.

157 1817 317 1883 Atqui
347 1817 458 1871 etsi
491 1817 564 1870 illi
593 1818 994 1880 acclamarunt,
1031 1817 1270 1887 inquies,
1313 1815 1439 1886 quid
1468 1814 1572 1870 hoc
1601 1814 1665 1868 ad
1697 1815 1762 1868 il-

161 1904 304 1959 lum?
325 1909 599 1972 Quoniam
620 1909 732 1977 ipse
749 1923 933 1962 vocem
954 1909 1183 1977 excepit.
1197 1908 1450 1978 quoniam
1467 1923 1527 1963 se
1543 1907 1762 1974 dignum

159 1999 369 2066 putavit
420 1999 518 2052 tali
566 1999 896 2054 adulatione.
937 1999 1041 2054 Per
1069 1999 1208 2054 hanc
1239 2001 1470 2055 maxime
1501 2001 1761 2054 erudiun-

162 2100 264 2151 tur,
295 2090 388 2156 qui
430 2100 640 2144 temere
667 2090 971 2145 adulantur.
1009 2090 1292 2161 Perpende
1339 2092 1463 2146 item
1511 2103 1764 2160 utrosque

161 2181 426 2234 meruisse.
459 2195 684 2250 parias;
717 2182 858 2237 hunc
884 2191 1062 2238 autem
1094 2184 1271 2252 plecti.
1306 2183 1420 2238 Non
1449 2185 1592 2258 enim
1613 2183 1762 2252 judi-

161 2270 224 2323 cii
269 2281 494 2342 tempus
541 2287 681 2326 nunc
710 2282 824 2340 est,
875 2272 970 2331 sed
1017 2275 1185 2344 magis
1233 2275 1452 2328 noxium
1497 2276 1762 2344 supplicio

161 2362 361 2428 allicit,
414 2365 527 2419 illis
573 2365 845 2432 dimissis,
894 2375 950 2419 ut
977 2364 1103 2421 hinc
1143 2368 1346 2421 lucrum
1375 2368 1660 2436 accipiant.
1696 2367 1761 2421 Et

161 2455 360 2512 uerbum
393 2457 494 2512 Dei
522 2461 806 2525 crescebat,
840 2460 1045 2530 inquit,
1076 2472 1124 2514 et
1160 2462 1616 2532 multiplicabatur.
1648 2463 1761 2519 Hoc

160 2557 274 2613 est,
326 2564 391 2604 ea
442 2562 660 2620 peracta
705 2567 786 2606 re.
835 2551 1078 2606 Vidistin‘
1108 2553 1199 2607 Dei
1244 2556 1755 2611 (acetiomiam‘l25.

163 2637 426 2696 Barnabas
453 2657 625 2696 autem
654 2653 702 2698 et
740 2643 934 2699 Saulus
969 2648 1150 2699 reversi
1178 2656 1295 2699 sunt
1324 2647 1386 2700 ab
1423 2646 1760 2718 Jerosolymis

161 2733 356 2800 expleto
401 2735 681 2789 ministerio
701 2777 716 2802 ,
739 2747 996 2804 assinnpto
1023 2737 1245 2805 Joanne,
1264 2741 1351 2808 qui
1375 2743 1760 2810 cognominatus

163 2835 229 2877 est
283 2826 517 2880 Marcus.
560 2827 710 2898 (Cap.
743 2830 911 2900 i5.)|.
949 2830 1114 2883 Erant
1141 2844 1306 2886 autem
1336 2835 1542 2900 quidam
1568 2837 1620 2888 in
1649 2834 1758 2888 Ec-

162 2917 331 2982 clesia,
361 2933 480 2988 quae
510 2931 618 2972 erat
645 2921 944 2978 Antiochiae.
977 2928 1237 2990 prapheta:
1269 2935 1316 2978 et
1354 2925 1604 2988 doctores,
1632 2925 1758 2979 Bar-

164 3009 334 3070 nabas,
370 3020 422 3063 et
477 3009 688 3065 Simeon
777 3014 861 3078 qui
907 3017 1180 3068 vocabatur
1225 3014 1420 3086 Niger,
1477 3027 1521 3070 et
1569 3017 1759 3071 Lucius

165 3101 482 3170 Cyrenensis,
510 3114 555 3157 et
577 3103 835 3159 Manahen
864 3106 1081 3161 Herodis
1103 3111 1368 3163 tetrarchae
1394 3110 1755 3175 collactaneus,

166 3205 209 3247 et
235 3195 454 3250 Saulus.
483 3197 677 3253 Adhuc
704 3199 1002 3254 Barnabam
1029 3203 1258 3270 primum
1289 3215 1552 3258 memorat
1578 3223 1588 3258 :
1626 3223 1762 3258 min-

166 3286 284 3341 dum
305 3290 451 3344 enim
476 3290 656 3345 clarus
677 3303 789 3347 erat
811 3293 1026 3357 Paulus.
1054 3296 1287 3350 nondum
1311 3298 1522 3368 signum
1545 3300 1758 3368 aliquod

170 3376 380 3434 fecerat.
411 3381 472 3436 2.
512 3381 921 3440 Μὶηἱδιναηιίὺυε
949 3397 1116 3439 autem
1145 3387 1248 3441 illis
1273 3388 1518 3454 Domino,
1548 3400 1591 3443 et
1612 3393 1758 3460 jeju-

171 3477 398 3530 nantibus
421 3519 437 3540 ,
464 3477 598 3530 dixit
624 3477 850 3545 Spiritus
874 3491 1080 3534 sanctus
1110 3497 1129 3534 :
1158 3481 1434 3552 Segreggte
1471 3484 1594 3536 mihi
1623 3481 1758 3535 Bar-

175 3566 354 3618 nabam
384 3578 433 3620 et
456 3567 676 3622 Saulum
702 3570 753 3622 in
775 3587 922 3638 opus,
949 3571 1018 3623 ad
1043 3573 1182 3640 quod
1210 3574 1379 3626 vocavi
1404 3591 1506 3626 eos.
1533 3575 1586 3627 5.
1616 3573 1761 3627 Tunc

173 3657 454 3727 jejunantes
482 3671 530 3714 et
558 3672 758 3716 orantes
785 3663 1196 3733 imponentesque
1224 3667 1295 3718 eis
1324 3683 1522 3730 manus,
1557 3668 1762 3719 dimise-

175 3759 285 3801 runt
320 3751 460 3805 illos.
509 3752 642 3818 Quid
672 3765 788 3821 est,
842 3754 1288 3811 Ministrantibus?
1316 3758 1756 3814 Praedicantibus.

179 3838 444 3914 Segregate
495 3845 648 3910 mihi,
683 3847 883 3916 inquit,
914 3845 1208 3900 Barnabam
1250 3859 1296 3902 et
1341 3848 1580 3904 Saulum.
1622 3852 1759 3916 Quid

177 3933 266 3986 sibi
298 3937 440 4000 vult,
475 3936 752 4008 Segregate
790 3941 958 3993 mihi?
984 3940 1064 3994 Ad
1097 3958 1251 4009 opus,
1281 3943 1348 3998 ad
1377 3947 1758 4012 apostolatum.

183 4023 303 4079 Vide
328 4044 569 4090 rursum,
593 4045 620 4080 a
646 4030 842 4098 quibus
866 4031 1185 4086 ordinentur
1209 4051 1222 4086 ι
1251 4049 1280 4086 a
1306 4033 1474 4088 Lucio
1499 4035 1762 4107 Cyrenaio

185 4127 234 4171 et
260 4119 506 4187 Munatio,
542 4123 648 4174 imo
677 4139 704 4175 a
733 4123 956 4191 Spiritu.
985 4123 1196 4192 Quanto
1217 4127 1358 4180 enim
1385 4128 1618 4183 minores
1642 4146 1764 4198 per-

180 4223 342 4276 sonat,
391 4221 544 4267 tanto
583 4213 780 4266 clarior
810 4225 1035 4284 apparet
1086 4216 1179 4271 Dei
1231 4219 1421 4287 gratia.
1471 4218 1762 4274 Ordinatur

179 4299 381 4357 demum
413 4305 465 4357 in
502 4304 860 4374 apostolatum
888 4346 902 4368 ,
934 4316 990 4359 ut
1024 4322 1147 4361 cmn
1183 4320 1444 4376 potestate
1486 4313 1760 4380 praedicet.

182 4391 447 4457 Quomodo
473 4396 636 4466 igitur
661 4396 775 4466 ipse
799 4397 966 4450 dicit?
996 4396 1116 4451 Non
1137 4399 1200 4452 ab
1221 4401 1528 4468 hominibus,
1560 4421 1652 4457 nec
1674 4423 1764 4474 per

184 4485 391 4559 homines
434 4486 653 4559 (Colat.
689 4491 737 4544 1.
769 4489 793 4542 i
820 4490 880 4561 )‘l
925 4489 1046 4543 Non
1077 4491 1139 4543 ab
1167 4493 1460 4548 hominibus
1475 4495 1636 4552 adixit
1656 4536 1671 4562 ,
1705 4509 1764 4553 ut

183 4577 501 4645 declararet,
551 4597 656 4636 non
710 4581 984 4636 hominem
1037 4583 1210 4654 ipsum
1256 4601 1480 4642 vocasse
1525 4589 1609 4641 vel
1663 4588 1762 4642 ad-

185 4670 421 4726 duxisse:
453 4692 615 4744 neque
656 4693 746 4744 per
770 4676 998 4730 homines
1019 4719 1034 4743 ,
1068 4680 1190 4747 quia
1238 4697 1342 4734 non
1375 4681 1442 4736 ab
1469 4683 1576 4738 alio
1601 4700 1760 4754 quam

183 4776 208 4812 a
233 4765 423 4831 Spiritu
453 4768 651 4820 missus
688 4777 791 4823 est.
836 4768 960 4823 Ideo
990 4772 1066 4822 sic
1105 4772 1308 4825 addidit
1340 4792 1351 4826 :
1384 4775 1437 4829 ό.
1487 4774 1560 4829 lli
1595 4788 1764 4848 itaque

187 4854 314 4907 missi
336 4873 367 4908 a
396 4856 596 4927 Spiritu
620 4901 633 4922 ,
666 4860 1024 4914 descenderunt
1053 4863 1338 4916 Seleuciam
1362 4882 1379 4920 :
1408 4867 1526 4922 inde
1555 4871 1763 4940 naviga-

188 4958 340 4999 verunt
386 4949 437 5003 in
485 4949 730 5020 Cyprum.
784 4952 886 5006 Sed
933 4956 1180 5023 superius
1227 4956 1367 5013 dicta
1398 4962 1757 5030 exploremus.

191 5031 338 5090 Facta
373 5051 546 5094 autem
572 5042 653 5093 die
673 5082 687 5102 .
728 5052 834 5094 erat
864 5044 1083 5098 turbatio
1113 5064 1212 5099 non
1245 5065 1400 5115 parva
1422 5063 1628 5119 propter
1655 5051 1759 5104 Pe-

191 5136 326 5182 trum.
359 5131 421 5184 Et
443 5133 770 5202 inquisitione
790 5135 928 5204 facta
953 5135 1017 5189 de
1039 5139 1349 5203 custodibus,
1377 5142 1533 5208 ﬂtﬂll
1557 5142 1758 5195 abduci.

196 5218 258 5272 Ita
280 5237 430 5278 sensu
461 5227 756 5282 destitutus
782 5226 882 5281 fuit
903 5270 918 5293 ,
949 5240 1005 5282 ut
1033 5231 1195 5283 etiam
1230 5233 1426 5298 injuste
1455 5236 1640 5302 punire
1666 5253 1761 5306 ag-

192 5317 504 5380 grederetur.
553 5319 694 5374 Ecce
735 5335 950 5376 causam
996 5323 1210 5376 illorum
1253 5324 1503 5379 defendo.
1542 5327 1760 5383 Vincula

194 5420 331 5461 erant
353 5452 365 5469 .
390 5413 640 5469 custodes
669 5415 832 5477 intus,
856 5430 1040 5468 career
1067 5417 1281 5468 clausus
1301 5459 1314 5480 ,
1345 5434 1604 5485 nusquam
1641 5436 1760 5486 per-

196 5498 357 5558 fossus
403 5509 620 5574 paries,
673 5524 862 5561 iniines
909 5508 1096 5561 eadem
1141 5509 1420 5574 dicebant,
1473 5512 1642 5564 llomo
1673 5514 1762 5567 ille

197 5605 359 5660 raptus
385 5615 485 5653 non
513 5610 628 5664 est,
664 5613 759 5653 em-
787 5599 902 5650 illos
928 5601 1303 5656 condemnas?
1345 5603 1388 5656 si
1417 5603 1632 5658 solvere
1661 5620 1760 5656 νω-

197 5681 428 5752 luissent,
457 5693 538 5744 vel
565 5703 690 5744 ante
716 5691 1003 5746 solvissent
1025 5734 1037 5755 ,
1063 5692 1151 5749 vel
1181 5694 1341 5748 simul
1367 5697 1622 5749 exiSseut.
1653 5697 1758 5751 Sed

198 5781 424 5840 pecunias
442 5785 789 5854 acceperunt?
805 5783 1083 5854 Quomodo
1098 5787 1187 5856 qui
1205 5801 1377 5855 neque
1395 5802 1496 5856 pan
1505 5789 1614 5856 peri
1634 5804 1760 5841 ero-

197 5881 305 5934 tiifc
324 5884 556 5946 interm;
577 5878 662 5934 his
680 5879 917 5937 dedisset
933 5881 954 5920 9
977 5881 1159 5951 Neque
1180 5881 1320 5935 enim
1351 5880 1531 5936 fracta:
1552 5891 1756 5936 catena:

1121 406 1183 461 ΙΝ
1224 407 1402 462 ACTA
1445 403 1970 462 APOSTOLORUM.
2017 401 2242 458 llOMlL.
2287 401 2499 456 XXVII.

3375 409 3479 465 90F.

1886 533 2060 588 neque
2090 522 2278 572 solutas
2314 529 2459 574 sunt.
2494 518 2784 589 Oportebat
2821 520 3002 577 videre
3043 536 3155 576 rem
3195 538 3317 579 esse
3343 525 3480 580 divi.

1884 624 2040 673 nam,
2063 626 2168 664 non
2201 611 2508 664 humanam.
2540 611 2742 668 Deinde
2764 655 2778 680 ,
2808 614 2929 684 quia
2964 614 3240 668 historiam
3267 632 3477 672 memo-

1881 715 2097 757 raturus
2124 713 2276 768 erat,
2328 705 2447 759 ideo
2471 705 2632 758 etiam
2665 707 2883 760 nomina
2918 706 3064 776 ponit
3085 749 3101 774 ,
3133 719 3189 763 ut
3223 710 3480 778 probetur

1879 797 2062 848 omnia
2090 812 2218 849 vere
2238 797 2363 851 dici.
2397 796 2461 850 Et
2485 815 2726 861 persuaso
2746 840 2760 864 ,
2796 798 2994 870 inquit,
3027 799 3234 867 Blasio,
3263 804 3349 872 qui
3371 817 3479 857 erat

1877 902 2030 953 super
2053 887 2338 940 cubiculum
2361 890 2512 958 regis,
2541 891 2864 952 postulabant
2892 908 3084 960 pacem.
3110 892 3223 947 Hoc
3244 893 3438 947 iaciunt
3463 937 3475 954 ,

1877 979 2000 1048 quia
2030 979 2197 1034 laines
2222 991 2354 1034 erat.
2383 982 2589 1034 Statuto
2614 993 2780 1035 autem
2803 984 2903 1048 die,
2928 987 3107 1040 sedens
3131 984 3360 1039 Herodes
3386 1005 3476 1056 pro

1876 1071 2149 1136 tribunali,
2183 1075 2550 1140 concionatur,
2603 1075 2794 1144 inquit.
2829 1075 3106 1147 Confestim
3147 1091 3313 1132 autem
3356 1097 3472 1149 per-

1876 1162 2032 1213 cussit
2069 1179 2182 1215 eum
2211 1165 2423 1234 angelus
2458 1163 2668 1220 Domini
2691 1183 2709 1220 :
2738 1178 2784 1221 et
2813 1179 3139 1237 consumptus
3168 1189 3200 1224 a
3227 1174 3472 1225 vermibus

1873 1255 2166 1323 exspiravit.

1943 1340 2009 1400 ἓξ
2032 1347 2144 1402 Hoc
2169 1357 2223 1402 ct
2252 1347 2517 1420 Josephus
2541 1351 2668 1407 dicit
2700 1353 2799 1422 (a),
2831 1354 2971 1422 quod
3004 1355 3054 1409 in
3082 1356 3301 1426 longum
3326 1373 3473 1412 mor-

1873 1436 1995 1490 bum
2029 1439 2292 1494 inciderit.
2323 1441 2470 1495 Multi
2501 1444 2679 1513 itaque
2709 1445 2812 1499 hoc
2843 1448 3155 1500 neseiebant
3183 1466 3197 1508 ;
3245 1459 3467 1516 aposto-

1873 1528 1956 1582 lus
1982 1547 2106 1586 vero
2133 1543 2331 1586 narrat.
2362 1535 2556 1589 Verum
2589 1536 2882 1605 ignorantia
2913 1538 3013 1590 illis
3046 1541 3316 1608 proderat,
3341 1540 3470 1594 dum

1873 1619 2102 1675 llermlis
2129 1639 2312 1678 casum
2347 1627 2502 1680 morti
2529 1626 2716 1682 Jacobi
2744 1638 2798 1682 et
2824 1630 3053 1684 militum
3077 1631 3207 1685 cedi
3239 1632 3472 1699 imputa-

1871 1723 2010 1767 rent.
2038 1714 2337 1784 Perpende,
2379 1719 2596 1787 quando
2620 1721 2921 1790 apostolum
2953 1723 3170 1787 occidit,
3202 1724 3332 1777 nihil
3367 1727 3472 1778 tale

1871 1803 1997 1860 fecit
2028 1824 2041 1860 :
2072 1809 2286 1875 quando
2313 1810 2452 1873 illos,
2480 1811 2610 1865 nihil
2641 1812 2872 1867 dicebat.
2906 1813 3100 1882 Utpote
3125 1815 3322 1870 dubius
3343 1833 3472 1886 ergo

1871 1910 1924 1954 et
1952 1901 2209 1955 confusus
2240 1919 2306 1956 ex
2333 1902 2514 1958 Judaea
2546 1905 2847 1960 Ca-saream
2884 1909 3044 1962 venit.
3083 1909 3207 1962 Mihi
3239 1909 3469 1972 videtur,

1870 2006 1991 2044 eum
2036 1992 2160 2047 illos
2189 1994 2459 2048 abducere
2491 1996 2690 2061 vellet,
2723 1997 2788 2050 ad
2826 1998 2923 2051 hos
2967 1999 3178 2053 venisse
3199 2041 3213 2064 ,
3245 2011 3301 2052 ut
3351 2015 3472 2055 sese

1871 2095 2121 2153 purgaret
2152 2103 2166 2148 ;
2202 2087 2532 2140 irascebatur
2560 2089 2703 2142 enim
2752 2090 2879 2154 illis,
2912 2091 3037 2144 dum
3068 2091 3150 2145 his
3185 2093 3264 2145 sic
3301 2094 3470 2161 grati-

1870 2174 2143 2233 ﬁcaretur.
2173 2177 2304 2231 Vide
2334 2195 2492 2249 qnam
2525 2165 2674 2234 vanae
2702 2180 2889 2251 gloria:
2936 2181 3164 2251 cupidus
3190 2182 3350 2236 homo
3385 2199 3472 2239 es-

1868 2279 1969 2324 set.
2005 2269 2240 2325 Gratiam
2287 2271 2387 2325 illis
2417 2272 2638 2327 daturus
2667 2274 3023 2328 coneionatus
3051 2283 3156 2328 est.
3198 2273 3470 2344 .losephus

1869 2377 1997 2415 vero
2045 2362 2138 2427 ait,
2171 2364 2344 2432 ipsum
2363 2375 2522 2437 ,veste
2575 2365 2854 2435 splendida
2886 2377 2939 2422 et
2989 2375 3212 2438 argento
3261 2368 3468 2423 intexta

1867 2453 2122 2507 amictum
2155 2452 2341 2509 fuisse.
2372 2455 2506 2510 Vide
2532 2457 2696 2512 etiam
2738 2473 2898 2528 quam
2933 2457 3242 2513 adulatores
3289 2469 3472 2514 essent

1867 2544 1983 2608 illi,
2027 2555 2080 2598 et
2106 2547 2470 2615 apostolorum
2514 2563 2753 2603 sensum.
2785 2552 2953 2616 Quem
2995 2551 3139 2606 enim
3180 2566 3316 2621 gens
3359 2562 3468 2606 tota

1866 2640 2100 2705 eolebat,
2134 2640 2276 2695 hunc
2307 2642 2381 2695 illi
2414 2643 2762 2711 respuebant.
2795 2643 2945 2697 Tune
2995 2643 3098 2697 illis
3140 2644 3322 2699 datum
3362 2656 3462 2708 est,

1869 2743 1924 2785 ut
1956 2734 2304 2802 respirarent,
2340 2744 2394 2788 et
2423 2735 2588 2788 multa
2617 2744 2766 2804 parta
2793 2745 2918 2788 sunt
2947 2736 3084 2789 bona
3109 2750 3174 2790 ex
3207 2735 3349 2790 illius
3388 2737 3466 2790 ul-

1869 2825 2032 2879 tione.
2063 2826 2282 2891 Quodsi
2315 2828 2402 2880 ille
2431 2827 2532 2881 hoc
2558 2827 2762 2891 audito,
2807 2827 2917 2882 Vox
2938 2827 3064 2894 Dei,
3091 2845 3193 2882 non
3223 2830 3462 2892 hominis,

1866 2917 1990 2972 licet
2018 2917 2147 2971 nihil
2200 2920 2435 2981 dixerit,
2471 2920 2593 2973 talia
2645 2935 2833 2988 passus
2879 2932 3002 2974 est:
3044 2922 3215 2976 multo
3262 2921 3466 2991 majora

1864 3009 2133 3075 Christus,
2163 3012 2207 3064 si
2236 3011 2376 3064 Deus
2404 3027 2509 3064 non
2539 3010 2730 3066 fuisset
2750 3053 2764 3074 ,
2791 3027 2980 3081 passus
3007 3023 3170 3075 esset,
3206 3013 3293 3082 qui
3321 3027 3466 3066 sem-

1869 3119 1963 3170 per
1987 3104 2223 3167 dicebat,
2266 3102 2424 3158 Verba
2454 3122 2564 3157 mea
2589 3120 2692 3158 non
2719 3121 2827 3158 mea
2855 3115 2991 3167 sunt,
3017 3116 3091 3169 et,
3125 3105 3348 3158 Ministri
3371 3106 3468 3158 mei

1867 3195 2038 3266 utique
2067 3197 2374 3249 decertarent
2426 3195 2618 3269 (Joan.
2663 3199 2752 3251 i4.
2799 3196 2888 3252 10.
2933 3208 2980 3251 et
3021 3198 3106 3252 18.
3140 3197 3269 3268 56),
3318 3197 3466 3250 simi-

1868 3287 2061 3356 liaque.
2090 3288 2180 3343 Ille
2208 3305 2337 3343 vero
2374 3288 2515 3344 foede
2545 3301 2598 3345 et
2627 3291 3004 3345 miserabiliter
3036 3293 3194 3345 vitam
3233 3292 3426 3347 clausit
3451 3309 3465 3355 ;

1867 3390 1921 3431 et
1970 3381 2101 3434 nihil
2149 3396 2216 3435 ex
2265 3397 2330 3436 eo
2351 3384 2640 3452 reliquum.
2693 3384 2974 3453 Perpende
3021 3387 3148 3440 item
3197 3387 3470 3456 quomodo

1869 3470 2050 3524 Blasto
2081 3473 2425 3538 assentimur,
2470 3483 2524 3527 et.
2568 3491 2727 3540 quam
2780 3475 2938 3531 facile
2984 3478 3147 3530 miser
3191 3478 3278 3532 ille
3309 3477 3470 3532 homo

1870 3563 2152 3628 irascatur,
2185 3573 2239 3618 et
2270 3576 2451 3633 postea
2487 3568 2779 3636 mitigetur,
2814 3568 3012 3638 ubique
3045 3570 3226 3638 pepuli
3256 3585 3466 3630 servus.

1870 3656 2111 3724 nihilque
2153 3655 2380 3710 liberum
2430 3657 2656 3712 habens.
2689 3656 2980 3712 Considera
3018 3661 3142 3713 item
3174 3663 3468 3716 auctorita-

1871 3759 1975 3803 tem
1996 3750 2227 3818 Spiritus
2248 3751 2443 3805 sancti.
2462 3749 2872 3807 Ministrantibus
2900 3764 3066 3806 autem
3095 3754 3197 3808 illis
3227 3755 3465 3820 Domino,

1871 3841 2062 3911 inquit,
2090 3851 2139 3895 et
2173 3843 2550 3911 jejunantibus,
2583 3844 2712 3896 dixit
2741 3843 2968 3911 Spiritus
3016 3857 3255 3900 sanctus:
3284 3849 3472 3918 Segre-

1868 3944 1985 4003 gate
2029 3934 2155 3986 mihi
2199 3933 2487 3987 Ilarnabam
2525 3945 2569 3990 et
2613 3935 2855 3990 Saulum.
2903 3937 3033 4006 Quis
3083 3954 3247 3995 ausus
3283 3953 3463 4004 esset,

1871 4025 1971 4078 nisi
2001 4033 2148 4078 tanta
2190 4036 2455 4095 potestate
2487 4028 2648 4081 fultus
2669 4070 2687 4093 ,
2721 4029 2835 4083 haec
2875 4031 3102 4086 dicere?
3149 4032 3258 4086 lloc
3288 4043 3467 4088 autem

1871 4119 1950 4175 iit.
1985 4127 2171 4171 utnon
2200 4117 2359 4172 simul
2408 4119 2505 4189 ipsi
2551 4131 2821 4175 maneant.
2861 4121 3004 4175 Vidit
3053 4124 3170 4177 illos
3213 4124 3471 4194 majorem

1872 4207 2069 4261 habere
2087 4209 2355 4272 virtutem,
2377 4220 2430 4264 et
2453 4211 2696 4280 pluribus
2721 4227 2878 4282 posse
2898 4212 3164 4270 sufﬁcere.
3189 4215 3472 4283 Quomodo

1871 4309 2048 4353 autem
2079 4301 2186 4354 illis
2231 4303 2480 4371 loquutus
2524 4303 2643 4358 est?
2686 4303 2847 4359 Forte
2878 4322 2974 4374 per
3001 4307 3310 4375 prophetas.
3349 4309 3472 4362 Idm

1869 4405 1996 4448 ante
2024 4392 2179 4456 dixit,
2209 4403 2264 4448 et
2295 4395 2585 4464 prephetas
2609 4395 2774 4452 luisse
2799 4410 2852 4452 et
2875 4399 3150 4468 jejuuasse
3177 4411 3340 4469 atque
3373 4405 3472 4456 iiii-

1871 4484 2152 4549 nistrasse,
2181 4495 2237 4561 ut
2261 4485 2440 4542 discas
2467 4489 2634 4542 multa
2664 4489 2956 4544 sobrietate
2982 4507 3116 4561 Opus
3143 4495 3326 4548 fuisse.
3353 4497 3466 4548 Au-

1872 4576 2084 4631 tiochia:
2113 4559 2412 4646 ordinatur,
2469 4582 2556 4636 ubi
2591 4583 2863 4651 praedicat.
2899 4559 3136 4641 Curium
3164 4589 3295 4644 dixit
3317 4631 3331 4654 ,
3371 4592 3472 4644 Do-

1870 4670 2016 4725 mino
2071 4683 2380 4741 segregate,
2440 4676 2574 4739 sed,
2619 4674 2790 4729 Mihi?
2841 4676 3090 4733 Ostendit
3140 4697 3296 4734 unam
3349 4699 3471 4739 esse

1870 4765 2163 4833 potentiam
2185 4779 2240 4819 et
2271 4766 2537 4822 virtutem.

1944 4857 2138 4928 Magna
2178 4875 2259 4910 res
2298 4861 2573 4930 jejunium.
2617 4861 2839 4917 Muliere
2883 4865 3078 4919 deliciis
3131 4869 3302 4922 dedita
3340 4871 3472 4925 nihil

1871 4953 2088 5018 turpius.
2118 4979 2190 4988 —
2219 4949 2407 5004 Viden'
2438 4963 2633 5020 quanta
2668 4970 2752 5007 res
2782 4957 2852 5008 sit
2889 4957 3150 5026 jejunium
3175 4961 3198 5014 ?
3221 4961 3470 5017 Ostendit.

1870 5039 2128 5110 Spiritum
2153 5041 2332 5095 omnia
2362 5044 2570 5098 iecisse.
2592 5044 2838 5114 Magnam
2868 5051 3361 5117 quoddam'bonum
3389 5069 3471 5112 est

1867 5130 2126 5200 jejunium
2157 5155 2169 5188 ;
2205 5151 2308 5188 non
2341 5136 2572 5190 termino
2615 5138 3097 5196 circumscribitur.
3132 5145 3265 5199 Cum
3317 5151 3466 5204 ordi-

1871 5239 2000 5278 nare
2034 5229 2344 5295 oportebat,
2398 5237 2525 5282 tunc
2565 5229 2811 5298 jejunaut
2839 5250 2852 5286 :
2883 5245 2936 5288 et
2970 5235 3340 5303 jejunantibus
3367 5243 3470 5296 illis

1868 5316 2004 5370 dixit
2025 5316 2278 5386 Spiritus.
2307 5320 2580 5390 Jejuninm
2611 5339 2737 5377 vero
2767 5343 2872 5380 non
2901 5327 3004 5383 hoc
3030 5331 3204 5385 soloin
3228 5346 3305 5389 est
3331 5353 3345 5399 ;
3373 5338 3468 5392 sed

1869 5410 2029 5461 etiam
2063 5410 2334 5464 abstinere
2377 5429 2406 5466 a
2439 5414 2679 5478 deliciis,
2730 5415 2917 5484 jejuni:
2951 5423 3159 5489 Species
3197 5437 3298 5480 est.
3359 5429 3469 5484 lloe

1872 5514 2075 5559 tantum
2113 5520 2212 5574 ego
2259 5507 2463 5574 impero
2513 5525 2526 5559 :
2573 5524 2678 5562 non
2721 5510 2994 5579 jejunatc,
3035 5515 3129 5568 sed
3181 5536 3208 5568 a
3263 5520 3472 5576 deliciis

1871 5598 2151 5651 abstinete.
2183 5599 2450 5652 Alimenta
2501 5616 2836 5670 quznramns.
2892 5620 2995 5658 non
3027 5611 3464 5678 corruptionem;

1869 5689 2115 5744 alimenta
2136 5707 2458 5759 quaeramus,
2485 5708 2590 5746 non
2610 5695 2919 5748 morborum
2944 5700 3254 5754 occasiones
3276 5712 3330 5755 et
3350 5705 3464 5772 spi-

1939 5893 2014 5954 (α)
2051 5888 2169 5941 Vide
2195 5893 2595 5956 .lnsepImtii,.lib.
2630 5896 2837 5952 19..ι.7.
