4082 6492
610 418 712 478 207

607 532 875 590 ritualium
920 541 976 584 et
1017 544 1430 600 corporeorum;
1479 527 1786 579 alimentum
1836 534 2174 593 quaramus,

604 622 743 692 quod
775 622 1101 690 voluptatem
1127 622 1340 690 quidem
1381 618 1604 681 habeat,
1651 632 1755 671 non
1800 630 1928 669 vero
1960 612 2180 667 delicias

606 712 841 766 molestia
873 712 1076 781 plenas.
1102 710 1235 765 Illud
1263 724 1423 763 suave
1469 717 1573 774 est,
1628 707 1732 762 hoc
1782 705 2176 775 perniciosum,

604 802 734 857 illud
760 803 1002 872 voluptas
1033 812 1147 868 est,
1183 802 1281 855 hoc
1303 801 1490 863 labor;
1522 798 1651 853 illud
1684 797 1975 853 secundum
2020 806 2177 849 natu-

604 909 747 957 ram,
796 894 896 947 hoc
926 906 1115 963 pra-ter
1144 903 1405 947 naturam.
1460 892 1553 946 Dic
1585 890 1725 945 enim
1767 888 1894 943 mihi
1919 929 1935 954 ,
1970 888 2014 941 si
2058 887 2179 955 quis

602 987 753 1041 daret
783 987 876 1041 tibi
906 988 1135 1041 toxicum
1161 985 1227 1039 ad
1258 995 1439 1054 potum
1462 1026 1475 1046 ,
1506 999 1682 1038 nonne
1708 982 1807 1035 hoc
1844 991 2039 1049 prseter
2078 995 2174 1032 na-

604 1089 772 1131 turam
804 1079 983 1132 esset?
1008 1079 1050 1131 si
1082 1077 1198 1146 quis
1223 1078 1365 1148 ligna
1394 1088 1446 1129 et
1473 1076 1705 1146 lapides,
1742 1089 1921 1128 nonne
1959 1087 2174 1128 aversa-

602 1169 757 1233 reris,
789 1179 842 1223 et
868 1168 1082 1238 quidem
1127 1168 1352 1224 merito?
1383 1168 1581 1222 Przuler
1621 1180 1858 1221 naturam
1890 1168 2031 1220 enim
2076 1165 2175 1218 hoc

600 1272 719 1327 est,
750 1271 806 1314 ut
839 1272 892 1315 et
933 1258 1158 1316 deliciae.
1182 1260 1315 1316 Nam
1347 1272 1403 1313 ut
1430 1262 1479 1313 in
1509 1259 1724 1314 civitate
1744 1302 1760 1325 ,
1801 1276 1918 1329 qua:
1963 1257 2175 1312 obside-

601 1365 703 1417 tttr,
738 1369 921 1423 magna
954 1356 1281 1423 perturbatio
1310 1362 1365 1409 et
1389 1353 1644 1409 tumultus
1669 1364 1750 1407 est
1771 1396 1785 1417 ,
1827 1352 2050 1406 inimicis
2094 1350 2172 1403 in-

596 1443 746 1512 gredi
783 1446 1137 1499 conantibus:
1170 1447 1240 1499 ita
1270 1456 1324 1500 et
1353 1446 1404 1499 in
1448 1446 1623 1498 anima
1653 1445 1877 1507 aecidit,
1918 1443 2045 1496 dum
2096 1443 2174 1494 vi-

597 1548 722 1586 num
748 1543 801 1586 et
820 1534 1023 1588 delicia:
1054 1536 1455 1605 superveniunt.
1485 1534 1578 1589 Cui
1603 1552 1677 1589 tite
1703 1578 1717 1601 ,
1773 1537 1853 1589 cui
1880 1534 2124 1587 tumultus
2152 1575 2167 1597 ,

594 1623 675 1677 cui
696 1624 936 1678 molestia:
958 1635 1006 1678 et
1033 1642 1209 1696 nugtz,
1236 1627 1318 1678 cui
1333 1627 1624 1696 judicium?
1661 1643 1826 1679 nonne
1850 1628 1911 1680 iis
1932 1666 1945 1681 .
1977 1626 2063 1694 qui
2092 1627 2170 1679 vi-

596 1732 715 1768 num
735 1715 935 1769 assidue
962 1717 1172 1786 potant?
1200 1716 1359 1786 Cujus
1395 1719 1523 1787 lippi
1562 1729 1681 1771 sunt
1702 1719 1836 1770 oculi
1873 1716 2053 1785 (Prov.
2078 1715 2165 1771 25.

591 1806 682 1861 9.9.
708 1807 832 1878 30)?
864 1807 1057 1862 Verum
1088 1809 1340 1879 quidquid
1369 1810 1681 1875 dixerimus,
1714 1826 1818 1862 non
1867 1819 2213 1910 avertemug

592 1913 705 1963 eos,
730 1899 817 1968 qui
843 1899 1048 1953 deliciis
1071 1898 1200 1953 dant
1222 1915 1461 1968 cperam.
1492 1900 1591 1955 nisi
1615 1901 1776 1954 alium
1798 1900 2171 1969 aggrediamur

590 1992 752 2044 animi
770 1992 1033 2045 morbum.
1062 1991 1125 2045 Et
1152 1994 1376 2061 primum
1397 2003 1579 2046 contra
1604 1994 1855 2047 mulieres
1877 1995 1943 2045 sit
1968 2006 2166 2046 sermo.

592 2084 726 2137 Nihil
762 2086 964 2153 tzrpius
1015 2088 1235 2139 mu.iere
1276 2085 1485 2139 deliciis
1522 2084 1736 2151 dedita,
1787 2084 1917 2138 nihil
1968 2084 2171 2152 turpius

590 2179 797 2233 ebriosa
825 2199 839 2234 :
879 2182 1193 2234 obscuratur
1217 2182 1356 2235 enim
1389 2182 1487 2236 llos
1517 2184 1697 2237 vultus
1745 2183 1861 2251 ejus
1884 2224 1899 2249 ,
1930 2184 2172 2237 turbatur

590 2272 849 2327 serenitas
879 2282 932 2326 et
960 2274 1191 2327 suavitas
1228 2274 1504 2327 oculorum
1531 2316 1545 2337 ,
1578 2274 1727 2343 quasi
1769 2276 1905 2329 nube
1939 2275 2169 2345 quadam

590 2364 793 2419 solares
820 2364 998 2419 radios
1024 2365 1302 2421 subeunte.
1323 2366 1427 2421 Res
1452 2376 1534 2421 est
1556 2367 1828 2421 illiberalis
1847 2378 1901 2421 et
1923 2368 2130 2422 servilis
2152 2410 2166 2433 ,

588 2468 748 2525 atque
774 2459 1099 2528 ignobilitate
1124 2461 1294 2527 plena.
1320 2461 1489 2529 Quam
1512 2461 1744 2515 insuavis
1769 2471 1851 2516 est
1872 2463 2065 2518 mulier
2093 2464 2172 2516 vi-

591 2564 715 2601 num
746 2551 953 2618 spirans
975 2593 987 2613 ,
1020 2552 1159 2621 quod
1190 2553 1331 2607 oleat
1352 2563 1406 2608 et
1434 2565 1743 2623 corruptum
1771 2557 1840 2609 sit
1880 2556 2005 2610 dum
2046 2572 2168 2610 eru-

589 2647 697 2690 ctat
743 2641 983 2694 carnium
1025 2653 1394 2711 corruptarum
1433 2644 1747 2711 humorem,
1789 2657 2070 2715 aggravata
2114 2656 2170 2701 ut

591 2746 809 2800 surgere
835 2742 1085 2801 nequeat,
1117 2735 1409 2790 rubicunda
1438 2737 1555 2805 plus
1582 2753 1742 2807 quam
1775 2751 1871 2805 par
1894 2747 1996 2804 est,
2026 2740 2167 2793 osci-

592 2834 727 2886 tans,
752 2835 804 2877 et
831 2824 1271 2895 caligineoffusa?
1297 2830 1366 2881 At
1403 2844 1507 2882 non
1542 2830 1660 2883 talis
1706 2840 1790 2884 est
1832 2830 1950 2895 illa,
1992 2845 2109 2900 quae
2136 2848 2168 2887 a

590 2916 856 2985 voluptate
882 2916 1147 2982 abstinet;
1189 2918 1283 2973 sed
1324 2919 1581 2987 honesta,
1630 2931 1934 2989 temperans
1959 2934 2013 2977 et
2053 2922 2161 2977 for-

589 3020 736 3059 mosa
772 3023 785 3059 :
819 3022 939 3060 nam
968 3008 1132 3061 animi
1165 3010 1481 3078 compositio
1523 3012 1747 3067 multum
1776 3015 1985 3082 corpori
2014 3013 2167 3067 aﬂ‘ert

588 3097 855 3151 decorem.
878 3096 953 3151 Ne
980 3108 1131 3167 putes
1154 3103 1295 3152 enim
1325 3118 1353 3151 a
1376 3102 1640 3170 corporali
1671 3103 1842 3157 solum
1870 3106 2046 3172 Specie
2069 3105 2169 3161 hoc

592 3188 724 3242 lieri.
760 3188 828 3240 Da
863 3188 1147 3243 formosam
1178 3190 1429 3258 puellam,
1460 3192 1838 3259 turbulentam,
1864 3195 2164 3264 loquacem,

592 3282 994 3346 conviciantem,
1023 3284 1311 3348 ebriosam,
1335 3294 1699 3353 sumptuosam
1738 3304 1750 3339 :
1782 3302 1958 3343 nonne
1980 3293 2169 3358 quavis

593 3373 729 3428 feeds
770 3384 821 3427 et
854 3375 988 3441 turpi
1015 3374 1305 3428 deformior
1341 3376 1461 3429 est?
1504 3375 1559 3430 Si
1601 3392 1728 3431 vero
1773 3380 2031 3448 pudorem
2078 3381 2171 3435 ba-

594 3466 708 3520 beat
732 3508 747 3532 ,
775 3468 817 3519 si
847 3476 1050 3530 taceat,
1080 3468 1121 3519 si
1152 3468 1468 3521 erubescere
1504 3468 1785 3535 didirerit,
1826 3486 1889 3525 ac
1930 3473 2168 3528 modeste

592 3559 767 3628 loqui,
813 3558 857 3613 si
898 3562 1141 3627 ieiunare
1166 3600 1179 3619 ,
1208 3559 1401 3629 duplex
1453 3568 1535 3613 est
1572 3561 1911 3629 pulchritudo
1936 3606 1949 3625 ,
1999 3565 2170 3634 major

590 3650 794 3712 forma,
842 3651 1042 3719 gratior
1081 3652 1288 3714 vultus,
1330 3652 1573 3707 castitate
1616 3663 1671 3707 ct
1717 3666 1906 3707 ornatu
1956 3657 2164 3727 plenus.

595 3744 684 3797 \'is
714 3744 816 3803 iam
845 3744 912 3798 de
941 3744 1070 3798 viris
1102 3745 1421 3813 loquamur?
1452 3745 1587 3811 Quid
1614 3746 1765 3800 ebrio
1795 3750 2042 3817 turpius?
2073 3751 2167 3803 lti-

591 3836 799 3889 diculus
832 3845 913 3888 est
953 3834 1163 3889 famulis
1186 3878 1198 3899 ,
1248 3835 1504 3889 ridiculus
1542 3837 1815 3904 hostibus,
1851 3840 2170 3896 miserabilis

591 3924 728 3992 apud
755 3925 954 3979 amicos
974 3964 988 3988 ,
1020 3927 1161 3979 omni
1192 3926 1535 3982 damnatione
1584 3927 1773 3995 dignus
1800 3946 1813 3981 :
1846 3928 1956 3983 fera
2002 3932 2168 4002 magis

592 4030 747 4083 quam
777 4014 935 4070 homo
969 4033 983 4069 :
1015 4031 1134 4070 nam
1165 4017 1342 4071 multis
1369 4017 1680 4088 ingurgitari
1714 4019 1883 4087 pardi,
1920 4022 2087 4076 leonis
2116 4033 2168 4077 ‹·ι

595 4106 702 4160 ursi
733 4115 833 4160 est.
864 4108 933 4159 At
964 4107 1048 4160 illa
1080 4108 1156 4161 sic
1183 4108 1374 4161 merito
1400 4109 1598 4162 faciunt
1627 4127 1640 4162 :
1672 4126 1774 4162 non
1802 4111 1999 4166 habent
2028 4116 2166 4169 enim

594 4199 821 4252 animam
850 4199 1178 4255 rationalem.
1203 4200 1339 4266 Quin
1368 4210 1422 4253 et
1449 4200 1552 4253 ilhe
1574 4201 1618 4255 si
1647 4201 1781 4255 ultra
1809 4218 2108 4258 mensuram
2137 4222 2166 4260 a

596 4301 779 4343 natura
809 4290 1081 4345 definitam
1112 4290 1291 4356 edant,
1324 4300 1438 4346 toto
1460 4307 1685 4361 corpore
1706 4306 2123 4363 corrumpuntur
2155 4317 2168 4351 :

593 4390 792 4452 quanto
823 4384 989 4451 magis
1015 4383 1148 4435 nos?
1194 4382 1315 4437 Ideo
1344 4383 1495 4437 nobis
1524 4385 1663 4439 Deus
1711 4396 1992 4454 augustum
2046 4404 2171 4443 ven-

597 4486 730 4528 trem
762 4474 943 4538 dedit;
979 4474 1097 4528 Ideo
1125 4490 1341 4543 parvam
1374 4476 1466 4528 tibi
1496 4492 1796 4531 mensuram
1824 4480 2085 4549 definivit,
2116 4492 2171 4537 ut

594 4568 809 4621 doceret
837 4570 1066 4621 animam
1096 4570 1269 4622 curari
1299 4579 1566 4637 oportere.

668 4660 721 4711 5.
752 4658 1162 4711 Consideremus
1200 4660 1366 4727 ipsam
1410 4662 1847 4717 constitutionem
1896 4676 2131 4721 nostram
2155 4710 2168 4729 .

598 4758 652 4801 et
678 4748 971 4802 videbimus
997 4764 1157 4802 unam
1192 4751 1499 4818 particulam
1530 4752 1579 4805 in
1626 4753 1777 4807 nobis
1808 4755 1942 4810 hanc
1976 4757 2171 4813 habere

596 4841 980 4908 Operatimiem.
1013 4840 1086 4893 Os
1128 4843 1269 4895 enim
1304 4853 1541 4897 nostrum
1572 4851 1627 4897 et
1648 4845 1823 4915 lingua
1852 4848 1916 4901 ad
1947 4848 2175 4918 hymnos

595 4936 844 5001 deputata
874 4942 1027 4988 sunt.
1059 4932 1237 4987 fauces
1257 4934 1321 4987 ad
1349 4951 1553 4989 vocem.
1588 4937 1710 4991 Ideo
1742 4942 2031 4995 necessitas
2077 4960 2172 4994 na-

598 5040 729 5081 tura:
761 5041 857 5079 n05
884 5025 1091 5097 ligavit,
1124 5039 1177 5079 ut
1206 5043 1271 5079 ne
1302 5028 1446 5081 inviti
1473 5028 1683 5097 quidem
1710 5032 1758 5083 in
1787 5032 2000 5085 multam
2030 5033 2171 5086 dil'li-

597 5122 844 5175 cultatem
890 5119 1203 5174 incidamus.
1238 5120 1291 5173 Si
1337 5137 1564 5189 namque
1588 5123 1829 5192 voluptas
1872 5126 2085 5179 morbos
2117 5139 2171 5181 et

599 5211 935 5278 :rgritudines
966 5227 1069 5265 non
1098 5212 1335 5274 haberet.
1367 5214 1658 5267 tolerabilis
1691 5230 1774 5268 res
1813 5224 1955 5271 esset
1988 5234 2001 5270 :
2032 5233 2170 5271 nunc

598 5315 775 5357 autem
825 5314 1026 5358 naturre
1078 5305 1168 5357 tibi
1215 5306 1471 5359 terminos
1516 5306 1725 5373 ιιεοιίι,
1773 5317 1829 5361 ιιι
1865 5322 1933 5362 ηε
1982 5309 2166 5362 volens

595 5400 807 5466 quidem
838 5398 1261 5467 transgrediaris.
1308 5399 1491 5452 Nonne
1530 5400 1884 5468 voluptatem,
1935 5400 2129 5455 dilecte
2154 5445 2168 5463 .

596 5489 833 5561 quatris?
874 5489 1016 5543 lianc
1042 5506 1069 5541 a
1101 5490 1397 5557 frugalitate
1430 5491 1639 5558 parabis
1665 5508 1677 5545 :
1706 5506 1882 5546 nonne
1909 5492 2141 5547 valetudi

597 5582 757 5635 nem?
801 5581 865 5635 Et
896 5580 1030 5633 hanc
1055 5596 1303 5648 quoque:
1351 5596 1525 5635 nonne
1572 5584 1867 5637 libertatem
1909 5600 1937 5637 a
1984 5587 2170 5639 curis?

597 5673 740 5727 lianc
786 5671 1006 5726 itidem:
1042 5686 1217 5725 nonne
1276 5673 1608 5737 libertatem,
1664 5676 1822 5727 rolmr
1872 5689 1925 5730 et
1977 5678 2167 5732 inlitam

596 5765 1029 5821 constitutionem
1057 5766 1316 5833 corporis,
1342 5768 1531 5819 anima:
1558 5767 1919 5833 sobrietatem,
1950 5772 2167 5839 vigilan-

598 5856 721 5909 tium
741 5858 761 5887 ’
792 5856 933 5911 Bona
959 5856 1134 5912 omnia
1161 5855 1243 5911 hic
1265 5867 1383 5912 sunt
1418 5878 1427 5910 :
1466 5859 1513 5912 in
1542 5861 1757 5929 crapula
1799 5877 1922 5915 vero
1950 5876 2162 5917 conua-

1313 415 1369 469 S.
1408 413 1519 469 10.)
1534 411 1682 466 XNIS
1717 402 2187 465 CIIRYSOSTOMI
2226 402 2539 458 AliClllEP.
2580 401 3110 457 CONSTANTINOP.

3764 399 3887 455 9.09

2291 534 2365 572 m
2396 559 2410 585 ,
2446 518 2753 582 insuavitas,
2789 518 2926 573 mala
2958 519 3223 585 valetudo,
3248 519 3486 583 morbus,
3516 518 3884 587 illiberalitas,

2284 622 2544 680 sumptus.
2572 611 2722 667 Unde
2745 614 2925 683 igitur,
2950 614 3176 683 inquies,
3198 613 3263 667 ad
3289 614 3430 668 illam
3453 613 3722 669 currimus
3746 630 3886 667 om-

2284 702 2421 756 nes?
2458 704 2537 757 Ab
2566 703 2896 758 infirmitate.
2928 705 3021 760 Dic
3049 708 3191 760 enim
3220 705 3345 759 mihi
3372 749 3385 772 ,
3419 722 3517 761 cur
3540 722 3682 777 aeger
3710 708 3884 761 noxia

2282 797 2707 865 quaerit?annon
2758 796 2857 853 hoc
2904 799 3075 867 ipsum
3118 800 3326 870 signum
3372 810 3454 855 est
3501 800 3717 855 morbi?
3756 799 3885 853 Cur

2281 889 2501 944 claudus
2524 906 2629 945 non
2655 900 2800 946 recte
2832 892 3064 946 incedit?
3099 907 3276 945 nonne
3306 908 3372 946 ex
3403 894 3607 962 ignavia
3640 903 3693 947 et
3719 894 3878 963 quod

2281 981 2415 1034 nolit
2434 983 2689 1037 accedere
2714 982 2779 1037 ad
2809 982 3113 1037 medicum?
3141 984 3245 1038 Res
3273 985 3414 1039 enim
3441 984 3559 1038 alia:
3591 994 3881 1053 tempora-

2282 1090 2434 1128 neam
2467 1074 2664 1129 habent
2690 1075 3014 1143 voluptatem
3048 1087 3468 1145 perpetuumque
3508 1078 3875 1146 supplicium;

2278 1166 2398 1218 alia:
2432 1181 2462 1220 e
2502 1168 2771 1221 contrario
2797 1176 3195 1235 temporaneam
3227 1170 3533 1243 patientiam
3574 1181 3627 1223 et
3666 1185 3878 1239 perpe-

2282 1265 2428 1309 tnum
2454 1255 2724 1326 gaudium.
2753 1257 2852 1323 Qui
2877 1257 3039 1327 igitur
3058 1259 3137 1313 sic
3165 1256 3336 1313 mellis
3360 1268 3414 1313 et
3435 1260 3655 1329 ignavus
3674 1269 3779 1325 est,
3813 1270 3879 1314 ιιι

2280 1364 2385 1401 non
2413 1357 2718 1403 contemnat
2761 1359 3054 1419 przcsentes
3084 1349 3306 1405 delicias
3346 1365 3441 1418 pro
3471 1352 3661 1405 futuris
3682 1393 3699 1415 ,
3758 1352 3877 1405 cito

2278 1440 2501 1508 capitur.
2534 1440 2626 1495 llic
2646 1442 2796 1506 mihi,
2825 1441 2962 1495 Esau
2988 1441 3127 1496 unde
3148 1452 3333 1509 captus
3354 1452 3470 1507 est;
3498 1442 3638 1496 unde
3664 1442 3872 1495 factum

2280 1545 2333 1587 ut
2361 1540 2673 1601 praesentem
2703 1532 3023 1600 voluptatem
3075 1532 3250 1587 futuro
3296 1533 3484 1587 lmnori
3527 1533 3807 1603 prmferret
3835 1536 3863 1586 ’ἒ

2280 1623 2355 1676 lix
2386 1622 2627 1679 mollitie.
2652 1624 2763 1680 Hoc
2790 1625 2959 1693 ipsum
2988 1640 3119 1680 vero
3138 1626 3299 1691 unde,
3329 1628 3573 1697 inquies?
3598 1644 3671 1681 ..χ
3708 1628 3873 1682 nobis

2278 1717 2439 1785 ipsis;
2468 1716 2609 1786 quod
2640 1718 2761 1771 hinc
2793 1718 3133 1772 manifestum
3163 1732 3263 1774 est.
3296 1719 3521 1785 Quando
3570 1722 3821 1775 volumus
3847 1762 3865 1783 .

2278 1823 2373 1862 nes
2402 1810 2715 1871 excitamus,
2743 1820 2796 1863 et
2825 1810 3086 1877 patientes
3112 1809 3394 1865 efficimur.
3424 1811 3479 1865 Si
3509 1811 3668 1881 igitur
3688 1828 3870 1881 quan-

2276 1900 2449 1969 doque
2484 1900 2759 1955 advenerit
2790 1902 3081 1955 necessitas
3101 1944 3115 1967 ,
3164 1918 3306 1972 s:cpe
3332 1902 3707 1958 contendendo
3738 1914 3868 1957 tan-

2278 1998 2408 2054 tum,
2432 1991 2556 2059 quid
2592 1993 2725 2047 utile
2750 1993 2818 2045 sit
2848 1994 3229 2062 conspicimus.

2346 2081 2491 2136 Gula:
2516 2084 2671 2137 mala.
2702 2113 2771 2123 —
2793 2082 2929 2138 Cum
2962 2099 3091 2153 ergo
3128 2085 3333 2139 deliciis
3375 2094 3426 2140 te
3455 2084 3729 2139 dedituros
3758 2102 3820 2139 es
3850 2129 3865 2150 ,

2277 2185 2672 2245 temporaneam
2711 2192 2829 2232 esse
2866 2178 3193 2246 voluptatem
3240 2179 3411 2247 cogita
3440 2219 3453 2242 ,
3496 2178 3869 2248 damnumque

2275 2266 2397 2322 hinc
2441 2270 2759 2337 proveniens
2798 2271 3090 2338 (damnum
3122 2270 3264 2324 enim
3299 2286 3420 2326 vere
3456 2280 3539 2325 est
3564 2314 3577 2335 ,
3612 2288 3732 2325 cum
3765 2288 3866 2325 sua

2275 2360 2508 2429 pernicie
2538 2368 2610 2413 tot
2640 2375 2771 2429 opes
2802 2360 3113 2430 insumere),
3149 2362 3383 2422 morbos,
3420 2361 3775 2425 inﬁrmitates,
3806 2374 3868 2417 et

2273 2453 2594 2523 voluptatem
2621 2464 2922 2507 contemne.
2953 2454 3094 2519 Quot
3125 2456 3201 2507 vis
3242 2454 3334 2507 tibi
3366 2454 3607 2507 homines
3636 2472 3863 2509 enume-

2274 2560 2386 2599 rem
2412 2546 2545 2597 mala
2580 2559 2761 2613 passos
2790 2560 2817 2596 a
2847 2544 3219 2599 deliciis?Noe
3252 2545 3541 2599 im-briatns
3566 2556 3645 2599 est
3672 2562 3735 2601 ac
3763 2563 3865 2598 nu-

2272 2636 2462 2701 datus;
2496 2649 2548 2691 et
2573 2638 2691 2691 vide
2722 2648 2851 2705 quot
2885 2639 3008 2692 hinc
3039 2639 3175 2690 mala
3204 2640 3481 2691 evenerint
3513 2658 3523 2691 :
3559 2655 3653 2708 per
3680 2641 3863 2708 gulam

2274 2729 2413 2783 Esau
2458 2729 2803 2799 primogenita
2846 2729 3113 2798 perdidit,
3147 2739 3201 2783 et
3235 2728 3300 2781 ad
3346 2729 3521 2783 fratris
3563 2731 3764 2784 eaedem
3801 2748 3865 2784 se

2273 2820 2520 2872 accinxit.
2558 2818 2783 2888 Papulas
2812 2818 2981 2873 Israel
3017 2822 3144 2873 sedit
3178 2822 3483 2873 manducare
3508 2832 3553 2875 et
3579 2822 3744 2874 bibere
3768 2863 3783 2887 ,
3815 2833 3866 2875 et

2272 2918 2591 2962 surrexerunt
2638 2911 2810 2963 ludere
2850 2910 2865 2977 (
2897 2908 3066 2963 Exod.
3103 2910 3188 2963 32.
3221 2912 3253 2964 6
3282 2913 3319 2979 ).
3382 2910 3503 2964 Ideo
3556 2913 3657 2975 ait,
3703 2912 3862 2967 Com-

2272 3001 2423 3054 edens
2451 3011 2499 3054 et
2526 3001 2693 3055 bibens
2719 3001 2985 3055 recordare
3010 3001 3217 3055 Domini
3244 3001 3338 3055 Dei
3366 3005 3437 3056 lui
3458 3002 3632 3070 (Deut.
3664 3005 3717 3058 6.
3749 3006 3865 3073 12).

2274 3094 2330 3149 In
2362 3094 2706 3163 praecipitium
2747 3095 2889 3149 enim
2920 3104 3177 3161 ruerunt,
3211 3097 3297 3165 qui
3330 3097 3381 3149 in
3410 3097 3629 3151 delicias
3662 3098 3868 3152 incidi--

2274 3196 2416 3241 runt.
2458 3186 2643 3254 Vidua,
2677 3187 2866 3258 inquit,
2897 3203 3009 3258 quae
3035 3189 3087 3240 in
3118 3187 3311 3241 deliciis
3342 3198 3432 3253 est,
3465 3189 3632 3243 vivens
3662 3202 3869 3244 mortua

2273 3291 2344 3335 est
2371 3280 2445 3354 (l.
2474 3279 2609 3335 Tim.
2640 3282 2693 3335 5.
2724 3280 2814 3352 6);
2847 3296 2910 3337 ac
2939 3297 3171 3344 rursum,
3204 3280 3579 3351 lmpinguatus,
3610 3283 3875 3336 incrassa-'

2274 3384 2353 3427 tus
2377 3384 2469 3438 est,
2498 3384 2543 3427 et
2568 3374 2901 3428 reralcitravit
2922 3374 3131 3427 dilectus
3154 3372 3329 3443 (Deut.
3356 3374 3443 3429 59..
3476 3375 3590 3443 15);
3623 3390 3871 3428 rursum-

2274 3481 2376 3533 que
2395 3467 2676 3534 Apostolus
2699 3501 2714 3528 ,
2744 3465 2924 3519 Carnis
2954 3482 3128 3517 caram
3158 3482 3222 3517 ne
3257 3466 3471 3533 feceritis
3509 3466 3558 3518 in
3600 3465 3871 3519 desideriis

2276 3555 2466 3627 (Rom.
2502 3558 2586 3612 15.
2628 3557 2748 3624 14).
2790 3556 2903 3610 Non
2952 3557 3123 3626 legem
3172 3571 3311 3626 pono
3347 3556 3613 3625 jejunium
3643 3557 3659 3624 (
3691 3573 3872 3626 neque

2275 3650 2416 3703 enim
2446 3657 2529 3704 est
2553 3649 2642 3719 qui
2671 3649 2853 3704 audiat
2879 3648 2915 3715 ),
2949 3650 3043 3702 sed
3078 3650 3402 3717 voluptatem
3444 3650 3657 3702 nimiam
3690 3651 3824 3703 tollo
3851 3694 3867 3713 ,

2274 3741 2489 3795 delicias
2530 3742 2783 3795 exscindo
2823 3741 2887 3794 ad
2923 3741 3204 3794 utilitatem
3247 3752 3517 3794 vestram:
3550 3742 3695 3795 velut
3720 3744 3871 3795 enim

2278 3842 2505 3896 torrens,
2530 3832 2609 3887 sic
2633 3833 2809 3886 omnia
2836 3834 3155 3886 subvertant
3179 3833 3383 3887 delicia:
3407 3852 3419 3897 ;
3455 3834 3584 3886 nihil
3614 3846 3697 3886 cst
3722 3837 3870 3903 quod

2277 3924 2533 3992 impediat
2571 3924 2721 3988 illas;
2762 3940 2791 3976 e
2832 3940 2996 3993 regno
3038 3924 3276 3993 ejiciunt.
3307 3924 3440 3989 Quid
3472 3925 3742 3995 amplius?
3780 3927 3876 3982 Vis

2275 4013 2549 4067 deliciari?
2582 4013 2662 4067 Da
2703 4014 3025 4082 pauperibus
3050 4054 3065 4075 .
3096 4030 3225 4068 voca
3269 4011 3539 4069 Christum
3564 4058 3580 4078 ,
3621 4026 3677 4069 ut
3704 4018 3871 4070 etiam

2276 4106 2483 4159 sublata
2526 4120 2707 4159 mensa
2748 4104 3034 4159 delicieris.
3068 4105 3219 4160 Nunc
3248 4107 3390 4161 enim
3422 4122 3530 4161 non
3563 4108 3766 4171 habes;
3800 4111 3873 4162 ita

2276 4196 2531 4265 expedit:
2562 4211 2735 4265 neque
2780 4195 2922 4248 eiiim
2978 4206 3121 4249 stant
3168 4198 3450 4265 prmsentia
3480 4216 3493 4252 :
3528 4209 3651 4253 tunc
3686 4212 3873 4254 autem

2280 4288 2522 4342 habebis.
2574 4288 2664 4341 Vis
2708 4289 2990 4343 deliciari?
3041 4289 3135 4344 Aie
3178 4291 3411 4345 animam
3443 4308 3458 4346 :
3487 4293 3550 4346 da
3598 4294 3675 4346 illi
3717 4294 3877 4349 cibos

2278 4382 2473 4451 qmbus
2502 4380 2740 4434 assuevit
2767 4398 2781 4434 :
2811 4397 2876 4435 ne
2910 4382 3047 4435 fame
3079 4382 3291 4437 occidas
3322 4384 3487 4437 illam.
3521 4384 3756 4453 Tempus
3790 4401 3875 4439 εει

2281 4474 2402 4527 belli
2447 4483 2497 4527 et
2546 4488 2751 4543 pugnae,
2783 4481 2837 4527 tu
2868 4489 2991 4528 vero
3030 4475 3186 4530 Sedes
3228 4476 3279 4528 in
3301 4475 3548 4530 deliciis?
3576 4476 3693 4531 Non
3718 4479 3877 4533 vides

2279 4580 2373 4619 eos
2402 4564 2492 4633 qui
2533 4574 2737 4633 sceptra
2772 4572 2992 4629 tenent,
3025 4566 3077 4618 in
3109 4568 3345 4619 exercitu
3389 4566 3659 4635 frugaliter
3689 4569 3879 4623 \il‘ell-

2281 4666 2379 4709 tes.
2416 4653 2538 4708 Non
2575 4665 2645 4708 est
2674 4656 2815 4707 nobis
2848 4656 2979 4707 lucta
3007 4656 3247 4709 adversus
3273 4658 3567 4725 sanguinem
3595 4669 3639 4710 et
3664 4676 3876 4711 carnem

2282 4748 2298 4814 (
2328 4747 2517 4815 Epltes.
2560 4746 2611 4799 6.
2653 4747 2717 4799 Η.
2739 4745 2797 4814 );
2834 4757 2887 4800 ιιι
2916 4763 3047 4800 vero
3081 4757 3133 4800 te
3168 4748 3465 4817 impinguas
3494 4753 3875 4819 pugnaturus?

2285 4842 2539 4894 Dentibus
2582 4841 2815 4893 stridens
2857 4850 2965 4893 stat
3008 4840 3380 4905 adversarius;
3429 4852 3480 4894 tu
3514 4858 3638 4896 vero
3668 4844 3877 4898 effusas

2281 4952 2338 4986 es
2368 4942 2419 4985 ct
2450 4948 2645 4986 mensa:
2675 4932 2935 4986 addictus.
2971 4934 3098 4986 Scio
3140 4949 3224 4989 me
3265 4933 3379 4989 lucc
3422 4934 3616 4988 frustra
3646 4935 3835 4992 dicere
3862 4981 3873 4994 .

2282 5025 2374 5079 sed
2416 5040 2519 5078 non
2558 5026 2828 5080 omnibus.
2873 5024 2970 5089 Qui
3008 5025 3149 5078 habet
3185 5042 3332 5079 aures
3367 5029 3648 5091 audiendi,
3691 5032 3879 5083 audiat

2283 5118 2427 5187 (an.
2456 5122 2508 5175 8.
2538 5122 2611 5192 8).
2644 5118 2887 5172 Christus
2917 5119 3053 5173 fatue
3084 5120 3339 5185 tabescit;
3364 5131 3417 5174 et
3443 5132 3494 5173 tu
3522 5138 3627 5189 pra:
3648 5128 3875 5191 crapula

2281 5212 2602 5281 dirumperis
2626 5229 2637 5261 :
2665 5212 2772 5263 duo
2801 5211 2915 5264 sine
2944 5227 3189 5264 mensura
3220 5222 3362 5265 sunt.
3397 5213 3532 5278 Quid
3566 5214 3706 5267 enim
3742 5217 3875 5267 mali

2284 5322 2387 5357 non
2408 5305 2615 5372 pariunt
2637 5302 2841 5356 delicia:
2866 5302 2979 5371 ?(a)
3004 5301 3138 5375 [Sibi
3161 5303 3287 5372 ipsis
3306 5304 3653 5357 advetsantur
3674 5304 3713 5375 :]
3729 5307 3878 5360 unde

2282 5400 2461 5451 nescio
2490 5397 2757 5465 quomodo
2794 5396 2891 5449 hoc
2928 5412 3119 5451 nomen
3149 5397 3351 5451 sortita:
3379 5399 3481 5451 sint
3506 5415 3520 5461 ;
3550 5399 3643 5452 sed
3672 5384 3869 5467 q‘ncsn—

2280 5492 2564 5546 admodum
2596 5501 2649 5545 et
2678 5490 2841 5560 gloria
2882 5508 2998 5559 qum
3030 5500 3112 5545 est
3150 5492 3362 5545 infamia
3390 5534 3403 5555 ,
3436 5503 3491 5546 et
3518 5491 3717 5547 divitia:
3750 5512 3877 5560 qua:

2280 5597 2403 5639 sunt
2443 5592 2725 5653 paupertas
2749 5623 2763 5646 ,
2802 5582 2871 5635 ita
2908 5582 3065 5636 dicta:
3101 5593 3225 5637 sunt
3255 5602 3267 5638 :
3298 5585 3374 5638 sic
3409 5596 3460 5639 et
3502 5585 3708 5639 delicia:
3748 5602 3875 5654 que

2281 5688 2404 5731 sunt
2446 5674 2723 5728 molestie.
2755 5672 2894 5729 Num
2936 5674 3242 5727 immolandi
3281 5690 3466 5729 sumus
3492 5717 3504 5738 ,
3535 5678 3625 5744 qui
3662 5691 3761 5731 n0s
3804 5681 3873 5733 ita

2342 5811 2414 5870 (a)
2439 5820 2549 5875 Qtlu:
2586 5807 2773 5875 uncinis
2795 5805 3083 5856 clauduntur
3112 5823 3205 5857 nou
3242 5808 3362 5868 legit
3400 5810 3579 5871 uenti,
3609 5817 3870 5875 posuimue

2283 5889 2327 5921 ιιι
2364 5868 2580 5933 margine
2604 5868 2817 5917 sat'ilius.
