4082 6478
148 429 238 479 20‘.)

150 541 570 612 nnpinguamus?
593 543 704 598 Cur
727 537 891 592 vcrmi
923 537 1117 591 lautam
1147 553 1302 608 paras
1329 534 1613 591 mensam?
1641 553 1734 591 cur

147 635 388 703 majorem
419 633 552 688 facis
573 633 775 688 sanietn
794 631 818 685 τ
840 647 934 684 cur
950 630 1136 686 fontes
1159 631 1412 684 sudorum
1435 641 1489 683 et
1517 630 1732 685 fictores

145 725 394 793 deponis?
422 740 520 778 cur
561 733 614 777 te
643 723 708 776 ad
737 722 913 776 oumia
962 722 1202 775 inutilem
1246 721 1463 776 reddis?
1496 721 1586 775 Vis
1613 736 1732 777 esse

146 821 318 870 fortem
343 818 562 870 oculum
579 817 604 868 ?
624 814 830 883 Corpus
853 813 932 868 lac
955 814 1252 866 robustum.
1283 811 1413 866 Nam
1439 812 1488 864 itt
1513 812 1731 866 chordis

141 927 247 978 qua:
277 923 456 962 crassa
501 916 555 962 ct
587 907 813 973 impura,
852 905 916 959 ad
941 905 1222 958 melodiam
1253 904 1450 957 inuilis
1486 912 1586 964 est,
1611 918 1728 971 qua:

143 1017 256 1054 vero
285 1000 524 1068 undique
553 1013 680 1066 pura
709 1007 764 1051 et
794 1005 942 1050 tensa
973 1038 988 1060 ,
1017 994 1084 1048 ad
1114 1009 1278 1048 sonos
1308 995 1528 1046 tmtnino
1559 993 1722 1046 utilis.

140 1091 232 1142 tlnr
257 1090 466 1144 deludis
493 1087 768 1142 animam?
796 1103 893 1142 cur
923 1087 1178 1156 parietem
1206 1085 1524 1139 crassiorem
1558 1083 1726 1138 facis?

139 1198 223 1234 cur
251 1196 498 1250 magnum
529 1179 734 1232 fumum
761 1189 814 1232 et
842 1176 1078 1231 nubem?
1103 1173 1534 1245 quandoquidem
1565 1189 1727 1242 vapo-

137 1289 212 1327 res
239 1283 292 1326 ttt
321 1273 515 1328 nebula
543 1273 787 1342 quzedam
816 1269 1049 1339 undique
1076 1269 1440 1323 ell‘utuluutur.
1477 1269 1531 1322 Si
1567 1282 1726 1321 nemo

137 1366 516 1429 alius,saltent
563 1363 776 1418 athleta:
819 1363 1050 1415 doceant
1098 1370 1184 1426 te,
1231 1377 1426 1428 corpus
1471 1361 1724 1429 gracilius

136 1473 242 1511 esse
280 1456 575 1510 robustius.
607 1456 694 1510 Sic
733 1466 784 1508 et
827 1455 999 1506 anima
1036 1452 1388 1522 pltiloSoplti;e
1419 1453 1595 1505 dedita
1632 1455 1722 1504 lir—

136 1551 292 1611 mior;
323 1548 519 1601 similis
550 1563 778 1616 namque
814 1556 895 1599 est
932 1547 1130 1614 auriga:
1167 1554 1221 1596 et
1250 1560 1408 1612 equo.
1446 1545 1510 1596 Et
1539 1545 1721 1596 videre

135 1642 242 1696 licet
263 1683 277 1704 ,
303 1643 444 1694 sicut
471 1640 718 1692 homines
743 1638 952 1692 delicati
983 1646 1034 1691 et
1063 1637 1339 1690 obesiores
1361 1678 1375 1697 .
1405 1637 1481 1692 si:
1514 1647 1566 1689 et
1593 1637 1721 1690 obe~

133 1736 286 1786 stores
319 1733 443 1803 equi
483 1732 751 1786 difﬁcilius
790 1731 1091 1783 excitantur
1115 1769 1132 1795 ,
1161 1739 1214 1784 et
1256 1730 1480 1782 multum
1521 1731 1720 1799 auriga:

134 1825 310 1893 negotii
349 1824 647 1878 facessunt.
689 1821 990 1890 Optandutn
1033 1829 1201 1887 certe,
1238 1830 1294 1874 ut
1333 1820 1716 1890 obsequentem

1061 423 1127 478 IN
1166 423 1344 478 ACTA
1387 423 1910 481 Αῐνοδτυιυιιωι
1954 427 2186 482 ιιυλιιιι.
2231 428 2470 484 XXVIII.

3336 436 3446 490 ‘ilO

1836 549 1890 592 et
1939 541 2150 594 brutum
2193 557 2389 611 equum
2439 542 2645 597 habens
2695 543 2864 612 possit
2913 543 3154 599 bravium
3204 551 3443 619 assequi.

1837 633 2063 698 Quando
2091 644 2268 690 autem
2299 636 2506 705 cogitur
2531 638 2711 707 auriga
2745 638 2960 693 trahere
2989 639 3160 708 ipsum
3185 681 3199 704 ,
3234 651 3289 694 et
3319 644 3442 696 titil-

1836 725 1931 780 lies
1960 727 2164 794 lapsum
2191 743 2257 782 ne
2285 728 2572 798 pungendo
2597 731 2810 797 quidem
2839 731 2999 800 erigit
3023 734 3261 787 :etiautsi
3287 735 3443 787 valde

1833 817 1903 868 sit
1947 818 2146 884 peritus
2171 861 2184 883 ,
2217 833 2247 871 a
2276 819 2500 872 victoria
2540 820 2770 874 excidet.
2815 821 2889 875 Ne
2925 822 3290 889 despiciantns
3320 830 3434 877 aui-

1834 921 1973 959 mam
2007 917 2264 974 nostram,
2296 924 2324 962 a
2355 924 2581 978 Corpore
2609 912 2826 975 la-sam;
2861 913 2968 964 itno
2998 913 3138 965 illam
3173 917 3442 983 perspica-

1831 999 2030 1052 ciorem
2061 997 2365 1054 efficiamus
2396 1021 2408 1054 :
2438 1001 2573 1054 alam
2604 1003 2719 1070 ejus
2748 1004 2916 1058 levem
2952 1005 3239 1058 reddamus
3259 1048 3273 1067 ,
3308 1007 3440 1058 mol-

1831 1088 1962 1143 liora
1983 1092 2190 1144 viucula
2219 1110 2230 1144 :
2252 1093 2596 1146 sermonibus
2618 1096 2759 1147 illam
2786 1111 3087 1163 pascamus,
3111 1097 3435 1164 frugalitate,

1831 1191 1890 1234 ut
1932 1199 2119 1236 sanum
2153 1185 2222 1237 sit
2254 1199 2450 1254 corpus
2476 1227 2490 1249 ,
2533 1196 2588 1238 ut
2621 1187 2896 1240 robustum
2923 1228 2938 1253 ,
2985 1199 3038 1242 ttt
3077 1189 3307 1259 gaudeat
3339 1206 3438 1241 nec

1828 1277 2048 1332 doleat:
2085 1289 2140 1332 ut
2188 1290 2369 1334 nostra
2413 1282 2492 1334 sic
2539 1291 2683 1335 recte
2732 1284 3124 1336 constituentes
3166 1283 3436 1352 possimus

1829 1385 2089 1424 summam
2123 1372 2372 1425 virtutem
2412 1372 2677 1442 attingere
2705 1416 2717 1435 ,
2755 1384 2915 1443 atque
2947 1386 3145 1427 a-terna
3178 1375 3434 1442 eouscqui

1829 1473 1987 1524 bona,
2010 1464 2178 1531 gratia
2202 1474 2254 1516 et
2281 1465 2609 1533 benignitate
2637 1466 2843 1519 Dontini
2873 1468 3040 1519 nostri
3062 1467 3186 1520 Jesu
3211 1467 3432 1524 Christi.

1825 1557 2038 1623 quicum
2091 1558 2230 1611 Patri
2277 1574 2489 1627 notique
2534 1560 2754 1628 Spiritui
2794 1571 2984 1615 sancto
3012 1561 3182 1628 gloria
3207 1601 3222 1622 ,
3261 1563 3432 1628 impe-

1827 1648 1984 1707 rium,
2007 1648 2198 1711 honor,
2225 1665 2365 1703 nunc
2389 1659 2442 1702 ct
2468 1665 2702 1720 semper,
2723 1661 2776 1705 et
2799 1652 2850 1705 itt
2871 1652 3064 1706 smcula
3088 1651 3432 1706 saiculorum.

1827 1742 2017 1792 Arnen.

1413 2027 1759 2089 HOMllJA
1807 2031 2099 2093 XXVlll.

127 2182 240 2235 CAP.
285 2182 368 2235 l5.
404 2197 460 2234 v.
494 2182 547 2233 4.
584 2178 650 2231 Et
693 2176 792 2248 ipsi
837 2177 1036 2247 quidem
1085 2176 1224 2230 missi
1253 2193 1284 2228 a
1313 2174 1514 2241 Spiritu
1545 2184 1719 2225 sancto

189 2273 410 2325 abierunt
441 2271 772 2333 Seleuciam;
795 2280 840 2324 et
868 2270 985 2322 inde
1007 2270 1368 2338 navigaverunt
1389 2270 1438 2318 in
1468 2266 1714 2336 Cyprum.

191 2367 236 2420 5.
268 2365 331 2418 Iit
356 2383 471 2418 cum
505 2365 752 2417 venissent
780 2363 1120 2425 Salaminam,
1149 2361 1494 2430 praedicabant
1515 2360 1718 2413 verbum

192 2457 277 2510 Dei
298 2463 346 2510 in
368 2457 644 2528 synagogis
654 2455 686 2508 .I
695 2455 954 2509 udtcorum
964 2496 975 2507 .
1006 2452 1270 2506 Habebunt
1292 2463 1458 2505 autem
1481 2463 1526 2506 et
1549 2451 1580 2504 J
1589 2470 1716 2503 ouu-

191 2567 294 2602 uent
319 2551 630 2602 ministrum.

193 2642 240 2698 l.
279 2640 520 2696 Ordinati
562 2639 719 2693 simul
752 2639 996 2693 exierunt
1023 2680 1036 2702 ,
1067 2647 1121 2691 et
1152 2638 1202 2690 in
1235 2637 1466 2708 Cyprum
1501 2636 1716 2704 naviga-

129 2745 269 2798 runt,
298 2751 362 2786 eo
403 2733 546 2802 qttod
581 2733 684 2785 illic
728 2731 886 2786 null:e
922 2741 1100 2785 essent
1145 2730 1371 2791 insidias,
1396 2738 1449 2782 et
1491 2729 1710 2782 verbum

130 2826 208 2880 Dei
254 2827 358 2898 jam
391 2828 802 2882 disseminatum
839 2837 1004 2880 esset.
1038 2825 1336 2880 Antiochia:
1364 2824 1576 2896 quidem
1605 2826 1708 2891 jam

130 2918 258 2973 tntilli
291 2931 438 2974 erant
461 2940 472 2973 :
498 2919 770 2973 Pltaiuieia
808 2933 970 2986 prope
993 2916 1331 2972 Paltcstinam
1355 2917 1712 2987 et-at,Cyprus

130 3030 218 3063 nou
242 3014 384 3066 item.
410 3013 682 3067 Ca-terttnt
707 3031 770 3065 ne
789 3026 1018 3081 qum-ras,
1049 3026 1245 3078 quare;
1268 3009 1481 3076 quando
1502 3009 1704 3077 Spiritu

129 3116 432 3160 moventur:
465 3122 574 3160 non
622 3107 795 3160 Solum
837 3106 978 3157 enim
1023 3104 1224 3174 Spiritu
1269 3115 1392 3155 situt
1432 3104 1660 3156 ordinati
1688 3143 1703 3167 ,

129 3197 206 3249 sed
233 3199 385 3251 etiam
422 3198 594 3252 missi.
633 3195 697 3249 Et
726 3214 838 3249 cum
866 3197 1111 3249 venissent
1139 3195 1457 3250 Salaminam
1480 3236 1491 3254 ,
1525 3195 1709 3261 pra'di-

130 3290 284 3340 cubant
315 3291 516 3343 terbum
543 3287 642 3342 Dei
665 3289 718 3340 in
749 3288 1016 3358 synagogis
1045 3286 1361 3340 Juda'orum.
1401 3287 1559 3339 Vides
1588 3288 1708 3339 illos

129 3393 230 3430 eum
261 3381 401 3434 omni
433 3380 710 3451 diligentia
742 3383 960 3433 verbum
995 3383 1238 3432 nuntiare
1273 3380 1456 3446 primis
1487 3379 1610 3440 illis,
1641 3394 1706 3432 uc

131 3469 232 3521 illos
261 3472 707 3526 cttutcntiosiores
745 3469 1064 3524 redderent?
1095 3471 1156 3524 Et
1181 3472 1251 3522 illi
1279 3471 1486 3522 nonnisi
1510 3469 1707 3523 Judmis

129 3562 460 3631 loquebantur
489 3608 501 3626 ,
533 3574 589 3619 et
618 3565 668 3616 Ιιὶ
697 3563 762 3617 ad
799 3578 1094 3636 synagogas
1125 3565 1388 3616 abierunt.
1416 3565 1467 3618 ϐ.
1499 3563 1562 3617 Et
1591 3581 1706 3616 cum

130 3656 535 3720 perambulassent
547 3656 1056 3708 universaminsulam
1071 3671 1224 3723 usque
1242 3654 1497 3723 Pop/tum,
1514 3673 1707 3708 invene-

129 3754 228 3797 runt
244 3747 395 3799 virum
405 3745 678 3816 quemdam
699 3761 902 3814 magum
924 3747 1414 3815 pseudopt'Oplietam
1437 3747 1700 3808 Jutltenm,

131 3836 197 3886 cui
227 3853 393 3891 nomen
425 3836 682 3907 Barjesu,’
709 3838 760 3890 7.
784 3839 865 3906 qui
901 3848 1008 3889 erat
1041 3853 1154 3890 cum
1185 3841 1482 3900 proconsule
1522 3839 1703 3907 Scrin

133 3925 294 3991 Parua,
323 3933 425 3984 viro
455 3934 704 3999 prudente
732 3947 749 3984 :
775 3931 860 3998 qui
888 3910 1144 3984 accersitis
1172 3930 1408 3983 Bnrnaba
1435 3943 1482 3984 et
1513 3933 1697 3998 Saulo,

129 4019 413 4073 desiderabat
443 4023 627 4074 audire
651 4021 850 4075 verbum
879 4021 993 4074 Dei.
1022 4022 1074 4076 8.
1112 4021 1382 4075 Resistcbal
1408 4036 1573 4077 autem
1599 4026 1701 4080 illis

132 4109 315 4180 lilymas
355 4131 532 4185 magus
563 4114 676 4182 (sic
717 4115 850 4168 enim
891 4115 1246 4183 interpretatur
1288 4133 1467 4168 nomen
1513 4117 1696 4186 ejus),

128 4219 327 4268 qtttcrcns
363 4217 589 4260 avertere
630 4207 977 4276 proconsulem
1011 4224 1041 4259 a
1072 4208 1190 4273 ﬁde.
1238 4206 1468 4260 Rursum
1512 4215 1697 4278 magus

127 4292 317 4349 Juda-us
345 4301 482 4353 sicut
523 4299 732 4354 Simon.
773 4301 835 4352 lit
864 4299 1146 4352 considera
1181 4300 1352 4366 ipsum
1381 4343 1394 4360 ,
1425 4301 1547 4353 dum
1578 4301 1697 4355 aliis

131 4389 477 4453 pra'dicabant,
506 4375 613 4446 non
643 4392 865 4445 multum
892 4391 1274 4460 indignantem,
1299 4394 1394 4446 sed
1423 4410 1542 4446 cum
1573 4409 1695 4462 pro-

126 4485 368 4536 consulem
391 4485 672 4538 adiisscut.
704 4483 854 4551 Quod
877 4492 1055 4536 autent
1082 4485 1131 4536 itt
1158 4485 1475 4550 proconsule
1501 4485 1693 4538 mirum

129 4583 212 4637 est,
241 4578 371 4645 quod
401 4578 550 4631 illius
577 4578 742 4645 magia
775 4588 1194 4645 praeoccupatus,
1230 4577 1456 4631 voluerit
1480 4589 1694 4647 aposto-

127 4664 190 4716 los
215 4669 404 4723 audire.
434 4671 525 4725 Sic
557 4679 611 4723 et
640 4668 956 4723 Samaritaui
989 4668 1263 4732 fecerunt;
1291 4679 1344 4722 et
1372 4685 1434 4723 ex
1468 4686 1690 4738 compa-

128 4759 304 4814 ratione
331 4761 552 4816 victoria
591 4773 812 4830 apparet
837 4803 850 4823 ,
891 4771 944 4812 et
985 4761 1150 4828 magia
1193 4761 1447 4814 vincitur.
1485 4759 1690 4830 Ubique

127 4862 238 4900 vana
263 4853 414 4919 gloria
441 4864 494 4907 et
521 4869 675 4905 amor
703 4851 1026 4920 principatus
1054 4867 1227 4904 causae
1256 4852 1515 4904 malorum
1541 4864 1686 4905 sunt.

124 4937 168 4990 9.
192 4942 362 4997 Saulus
387 4959 578 5008 autem,
602 4949 686 5013 qui
711 4955 756 4997 et
789 4944 1001 5007 Paulus,
1027 4946 1244 5012 repletus
1273 4945 1467 5014 Spiritu
1488 4957 1682 5009 sancto,

126 5032 294 5089 intuens
328 5040 376 5091 in
414 5057 529 5091 eum
554 5081 567 5101 ,
605 5041 690 5092 lt).
728 5039 856 5091 dixit
882 5055 898 5090 :
923 5038 966 5090 0
994 5039 1138 5105 plene
1167 5039 1301 5089 omni
1332 5038 1449 5090 dolo
1475 5048 1520 5091 et
1551 5043 1687 5092 omni

126 5126 322 5190 fallacia,
351 5130 422 5197 [ili
451 5132 665 5185 diaboli.
696 5131 894 5182 inimice
919 5129 1081 5180 omnis
1109 5129 1337 5195 iustitiae,
1369 5146 1468 5180 non
1498 5129 1685 5184 desinis

123 5217 371 5274 subvertere
396 5226 496 5277 vias
535 5222 736 5274 Domini
768 5222 970 5275 rectus?
997 5223 1084 5275 ll.
1119 5221 1183 5274 Et
1208 5239 1343 5274 nunc
1368 5238 1478 5275 ecce
1506 5240 1683 5275 manus

129 5304 304 5362 llontini
333 5331 480 5383 super
506 5326 577 5375 te,
607 5325 653 5367 et
679 5315 775 5366 eris
798 5331 958 5367 ca'cus
978 5354 994 5376 ,
1023 5329 1124 5365 non
1154 5313 1322 5365 ridens
1349 5314 1503 5365 solem
1532 5332 1685 5382 usque

123 5402 176 5448 ml
200 5412 395 5467 tempus.
432 5409 527 5461 llic
562 5424 753 5461 nomen
795 5407 935 5460 illius
967 5417 1199 5458 mutatur
1245 5415 1362 5474 post
1392 5407 1681 5460 ordinatio-

126 5508 258 5555 ιιι-ιιι,
283 5497 328 5549 id
353 5501 488 5567 quod
521 5501 681 5552 etiam
715 5499 870 5552 Petro
899 5499 1109 5550 accidit.
1146 5497 1210 5550 Et
1239 5497 1378 5561 vide,
1413 5515 1514 5550 non
1547 5514 1679 5551 cou-

129 5585 310 5639 tumelia
336 5602 433 5656 est,
463 5591 556 5644 sed
588 5590 898 5659 increpatio.
933 5588 1236 5644 Petulantes
1261 5589 1402 5642 enim
1431 5600 1482 5640 et
1512 5589 1680 5656 impu-

128 5670 288 5732 dentes
307 5681 376 5735 sic
396 5695 608 5754 Oportet
631 5684 926 5752 increpare.
951 5681 994 5735 0
1013 5683 1158 5750 plene
1172 5683 1308 5734 omni
1326 5683 1462 5745 dolo,
1487 5683 1677 5751 inquit,

131 5781 165 5818 α
183 5776 304 5824 omni
323 5776 545 5845 fallacia,
569 5777 646 5845 [ili
673 5777 860 5830 diaboli
881 5818 895 5841 ,
921 5775 1119 5828 inimice
1145 5776 1305 5828 omnis
1323 5775 1556 5843 justitia‘.
1585 5775 1680 5831 llic

135 5864 304 5918 terclat
340 5884 396 5922 ca
421 5914 435 5935 ,
466 5887 584 5940 tunc
626 5870 678 5924 itt
709 5878 886 5926 mente
920 5867 1010 5923 ille
1042 5867 1265 5922 habebat
1288 5911 1302 5931 ,
1335 5868 1460 5923 dum
1493 5871 1677 5924 salutis

1827 2177 2047 2232 obtentu
2084 2181 2455 2247 proconsulem
2494 2182 2761 2249 perderet.
2796 2181 2917 2236 Non
2948 2181 3136 2237 desinis
3161 2223 3177 2248 ,
3213 2184 3378 2254 inquit
3411 2224 3425 2247 ,

1824 2269 2108 2323 subvertere
2134 2273 2242 2324 vias
2273 2271 2514 2326 Domini?
2536 2274 2598 2328 Et
2628 2289 2750 2328 cum
2795 2274 2898 2327 title
2925 2317 2938 2339 ,
2969 2275 3084 2328 Non
3117 2288 3300 2328 contra
3332 2293 3429 2329 nos

1823 2361 2069 2415 decet-tas
2095 2373 2147 2416 et
2179 2379 2382 2433 pugnas
2402 2407 2417 2429 ,
2450 2365 2524 2416 ait
2544 2407 2557 2426 ,
2589 2366 2682 2420 sed
2709 2367 2821 2419 vias
2852 2368 3059 2420 Domini
3092 2377 3266 2421 rectas
3296 2369 3428 2420 sub-

1823 2453 2008 2518 vertis,
2036 2465 2088 2506 et
2119 2469 2239 2508 cum
2270 2457 2515 2510 encomio
2540 2455 2653 2509 tunc
2679 2457 2826 2511 dicit.
2862 2456 2926 2510 Et
2954 2475 3086 2511 nunc
3114 2475 3226 2511 ecce
3246 2475 3427 2512 manus

1823 2545 2030 2598 Domini
2058 2563 2211 2612 super
2238 2557 2285 2600 te
2308 2588 2321 2610 ,
2348 2559 2397 2600 et
2423 2550 2521 2602 eris
2547 2566 2727 2601 cu'cus.
2762 2549 2878 2616 Quo
2915 2549 3027 2617 ipse
3063 2549 3315 2602 reductus
3344 2558 3427 2602 est

1822 2638 1995 2707 signo,
2029 2638 2128 2692 hoc
2160 2648 2212 2693 et
2243 2639 2392 2692 illum
2420 2641 2530 2691 vult
2559 2639 2836 2694 reducere.
2870 2639 2936 2693 ιιι
2967 2639 3090 2693 illttd
3113 2681 3126 2702 ,
3160 2638 3330 2706 Usque
3359 2642 3425 2690 ad

1822 2740 2019 2798 tempus
2043 2771 2057 2793 ,
2089 2745 2192 2784 non
2227 2731 2492 2798 punientis
2523 2731 2722 2785 dictum
2755 2743 2836 2785 est
2861 2774 2875 2796 ,
2910 2731 3003 2785 sed
3035 2735 3420 2786 eottvertentis.

1821 2820 1950 2873 Nam
1982 2823 2024 2874 si
2062 2823 2328 2890 puuieutis
2371 2833 2551 2888 esset,
2585 2825 2732 2877 illuttt
2763 2825 2813 2877 itt
2856 2834 3173 2893 perpetuuut
3209 2824 3425 2880 fecisset

1819 2931 2020 2968 cmenm
2052 2933 2064 2968 :
2097 2932 2238 2969 nunc
2266 2932 2393 2969 vero
2426 2932 2529 2969 non
2558 2916 2660 2970 hoc
2687 2918 2824 2986 agit,
2860 2916 2953 2971 Sed
2982 2918 3044 2970 ad
3077 2927 3288 2986 tempus
3313 2957 3326 2980 ,
3362 2927 3419 2970 ut

1821 3007 2194 3074 proConsulem
2228 3007 2480 3061 lucretur.
2516 3007 2581 3060 Et
2611 3009 2874 3079 confestim
2902 3010 3080 3062 cecidit
3109 3010 3158 3060 in
3190 3025 3304 3061 eum
3331 3026 3419 3060 cn-

1819 3098 1919 3167 ligo
1960 3109 2006 3152 et
2051 3099 2301 3162 tenebrw,
2346 3109 2390 3152 et
2428 3100 2672 3152 circuiens
2711 3100 2961 3168 quaerebat
2999 3101 3087 3169 qui
3129 3100 3174 3152 ei
3216 3117 3421 3152 manum

1817 3193 1980 3245 duret.
2017 3191 2098 3243 ΓΞ.
2133 3189 2275 3244 Tunc
2303 3192 2576 3260 proconsul
2599 3208 2711 3244 cum
2740 3191 2944 3244 vidisset
2970 3195 3182 3260 factum,
3207 3192 3420 3243 credidit

1816 3285 2077 3336 admirans
2097 3300 2250 3351 super
2271 3284 2501 3336 doctrina
2526 3282 2748 3336 Domini.
2773 3283 2900 3336 Jttrc
2920 3292 3067 3336 certe
3090 3300 3104 3336 :
3128 3298 3248 3335 itam
3270 3300 3416 3344 eum,

1815 3377 1903 3446 qui
1936 3377 2104 3443 magia
2136 3387 2539 3445 pra-occupatus
2579 3387 2694 3429 erat
2721 3417 2734 3440 ,
2777 3375 2875 3429 hac
2922 3390 3077 3442 pmua
3107 3375 3288 3429 doceri
3323 3393 3420 3444 νηι-

1813 3477 1948 3520 erat.
1993 3468 2084 3523 Sic
2127 3467 2360 3538 Egyptti
2397 3469 2533 3536 magi
2565 3467 2692 3519 olim
2725 3482 2752 3518 a
2789 3467 3011 3534 pustulis
3041 3467 3232 3520 eruditi
3268 3479 3413 3521 situt.

1814 3560 2090 3628 Perpende
2127 3570 2303 3614 autem
2347 3560 2464 3614 illos
2506 3576 2610 3612 non
2655 3558 2810 3613 isthic
2853 3574 3057 3612 moram
3099 3560 3371 3614 trahentes
3398 3603 3412 3625 ,

1813 3665 1994 3724 utpote
2021 3655 2342 3724 proconsule
2366 3655 2477 3722 jam
2506 3653 2759 3709 credente
2782 3695 2794 3715 .
2827 3669 3002 3724 neque
3030 3654 3334 3708 adulatione
3362 3666 3415 3709 et

1813 3746 2017 3800 hooorc
2045 3746 2265 3799 emolliti
2296 3754 2442 3809 sunt,
2471 3745 2565 3799 sed
2594 3747 2770 3799 statim
2803 3745 2950 3814 operi
2981 3761 3039 3799 se
3068 3746 3408 3803 dediderunt.

1809 3851 1862 3894 et
1895 3839 1944 3892 iu
1990 3838 2400 3892 transmarinam
2439 3839 2711 3906 regionem
2741 3853 2799 3891 se
2828 3839 3190 3892 coutulertmt.
3225 3839 3309 3892 l5.
3346 3837 3412 3891 Ισῖι

1807 3949 1922 3984 cum
1955 3948 1980 3983 e
2008 3929 2177 4001 Cypro
2210 3933 2526 4000 navigassent
2552 3928 2754 3984 Paulus
2789 3941 2836 3982 et
2866 3931 2953 3999 qui
2980 3948 3094 3982 cum
3131 3947 3188 3983 eo
3229 3941 3370 3984 erant
3393 3974 3407 3993 ,

1807 4036 2047 4077 venerunt
2083 4022 2278 4094 Pergcu
2312 4023 2652 4093 Pamphyliw.
2692 4021 2920 4074 Joannes
2949 4033 3115 4076 autem
3147 4023 3409 4076 discedens

1805 4117 1867 4168 ab
1909 4117 1979 4169 eis
2007 4157 2020 4177 ,
2062 4133 2289 4169 reversus
2323 4127 2392 4169 est
2421 4114 2816 4183 Jcrosolymom.
2855 4116 2939 4169 14.
2973 4115 3065 4169 Illi
3093 4128 3258 4169 autem
3288 4135 3402 4182 pcr-

1805 4220 2117 4261 transeuntes
2162 4206 2360 4278 Pergen
2385 4249 2400 4273 ,
2443 4218 2684 4260 venerunt
2724 4208 3042 4261 Antiochiam
3075 4208 3284 4263 Pisidia:
3317 4221 3408 4262 :et

1804 4302 2016 4369 ingressi
2053 4317 2364 4369 synagogam
2406 4299 2487 4351 die
2527 4301 2847 4352 sabbatorum
2883 4303 3137 4353 sederunt.
3174 4300 3402 4356 liurSum

1806 4393 1856 4446 in
1886 4409 2186 4464 synagogas
2217 4393 2396 4446 habitu
2423 4392 2729 4447 Judu-orutn
2764 4393 2987 4462 ingressi
3021 4405 3138 4447 sunt
3161 4438 3173 4459 ,
3206 4413 3273 4450 ne
3304 4397 3405 4450 int-

1804 4495 2166 4553 pttgnaretttur
2185 4486 2265 4538 vel
2291 4485 2650 4553 pellerentur:
2672 4494 2724 4538 (δι
2748 4487 2814 4538 ita
2839 4497 3005 4538 totum
3033 4489 3398 4554 pt'l'llttielittttl.

1803 4575 1890 4631 15.
1923 4574 2048 4628 Post
2087 4576 2344 4637 lectionem
2373 4586 2538 4628 autent
2577 4576 2703 4644 legis
2731 4586 2775 4628 et
2807 4578 3169 4646 prOplietarn-m
3195 4620 3208 4642 ,
3249 4582 3399 4631 mia.—

1800 4679 1915 4722 runt
1947 4669 2198 4738 principrs
2233 4684 2506 4738 synagoga:
2543 4668 2610 4718 ad
2635 4685 2720 4720 eos
2744 4709 2756 4730 ,
2787 4669 3009 4722 dicentes
3037 4685 3054 4721 :
3077 4667 3287 4724 Fratres
3307 4711 3320 4730 ,
3357 4675 3398 4722 .κὶ

1799 4775 1868 4816 cst
1900 4764 1950 4814 in
1977 4763 2114 4815 vobis
2145 4779 2306 4813 sermo
2333 4763 2697 4814 exhortationis
2725 4762 2792 4812 ad
2820 4762 3011 4830 plebem
3035 4806 3047 4825 ,
3079 4763 3248 4816 dicite.
3277 4765 3395 4818 .lattt

1800 4857 1922 4908 hinc
1949 4871 2067 4924 quae
2099 4855 2316 4907 Paulum
2358 4863 2600 4921 spectant
2631 4854 2888 4906 discimus
2909 4897 2923 4919 ,
2953 4871 3072 4907 cum
3107 4866 3258 4908 antea
3289 4875 3394 4910 non

1800 4964 1961 5015 pauca
1994 4948 2060 4998 de
2092 4947 2246 4996 Pt-tro
2277 4945 2642 4997 didicerimus.
2676 4943 2779 4998 Sed
2810 4962 2930 5012 quae
2972 4948 3217 5013 superius
3253 4947 3393 5000 dit-ta

1796 5049 1916 5093 sunt
1945 5039 2308 5104 CX|-l0l'CtllllS.
2341 5036 2405 5088 Et
2441 5053 2554 5088 cum
2597 5038 2841 5088 venissent
2871 5037 3220 5102 Salaminam,
3256 5058 3389 5107 prie.

1796 5130 2027 5182 dicabant
2059 5129 2261 5181 verbum
2295 5127 2388 5180 Dei
2420 5129 2470 5180 itt
2505 5128 2787 5196 metropoli
2832 5130 3013 5197 Cypri.
3061 5132 3166 5182 l‘er
3191 5149 3388 5183 animm

1793 5230 2105 5276 manserunt
2135 5221 2450 5273 Antiochia;
2482 5220 2769 5289 Oportebat
2805 5221 2896 5272 illo
2924 5223 3086 5285 abire,
3124 5241 3220 5276 nec
3249 5240 3385 5276 svm-

1794 5332 1889 5384 per
1916 5315 1997 5367 hic
2024 5313 2212 5368 sedere
2241 5330 2253 5365 ε
2285 5314 2572 5382 majoribus
2599 5330 2730 5381 opus
2761 5315 3028 5367 habebant
3054 5315 3386 5368 doctoribus.

1799 5409 1945 5473 Vide,
1973 5405 2242 5477 quomodo
2267 5407 2523 5459 Seleucim
2555 5421 2657 5457 non
2687 5421 2866 5457 tuoras
2892 5407 3125 5467 trahant,
3150 5409 3388 5461 scientes

1791 5519 1818 5554 a
1853 5501 2019 5556 vicina
2063 5499 2282 5552 civitate
2331 5499 2552 5551 multmn
2602 5499 2843 5550 utilitatis
2883 5501 3155 5567 accepisse
3200 5499 3388 5553 Seleu-

1789 5593 1995 5645 t-iuuses
2021 5633 2034 5654 ,
2069 5589 2160 5643 sed
2208 5591 2313 5643 illic
2344 5591 2503 5642 etiam
2545 5589 2800 5642 festinant
2838 5591 2900 5642 ad
2934 5606 2994 5643 ea
3022 5633 3036 5654 ,
3067 5608 3184 5659 qur
3218 5594 3384 5658 magis

1789 5684 2068 5750 urgebant.
2111 5681 2240 5734 Nam
2290 5694 2344 5734 ttt
2385 5694 2647 5736 venerunt
2690 5684 2752 5736 ad
2803 5686 3122 5753 tuetropoliu
3172 5687 3381 5749 insnlm,

1789 5773 2160 5843 proconsulem
2205 5772 2491 5828 emendare
2531 5775 2839 5829 studebant.
2874 5776 3025 5843 Quod
3057 5786 3234 5830 autem
3276 5794 3380 5830 non

1789 5883 1850 5918 ex
1883 5864 2186 5920 adulatione
2212 5863 2443 5930 dicatur,
2482 5865 2602 5918 lirat
2631 5883 2744 5919 cum
2771 5867 3090 5933 proconsule.
3124 5870 3230 5920 tiro
3262 5885 3379 5922 vru-
