4082 6476
652 430 750 484 Ωιι

653 550 817 606 dente,
850 559 914 596 ex
943 556 1003 594 re
1031 541 1140 607 ipsa
1168 536 1316 591 disce
1344 553 1356 588 :
1382 529 1644 603 quomodo
1682 543 1784 581 non
1815 525 1996 577 multis-
2016 531 2228 573 Sermo—

657 635 812 691 nibus
836 649 969 701 Opus
996 631 1261 690 habuerit.
1291 624 1557 697 quomodo
1581 620 1804 674 voluerit
1830 619 1997 685 ipsum
2025 612 2228 665 audire.

657 729 722 782 Et
749 728 960 780 notuina
988 725 1256 777 civitatum
1293 727 1564 778 recenset,
1596 711 1880 767 ostendens
1907 706 2070 776 quod,
2100 719 2232 770 quo-

657 821 795 873 niam
828 834 995 885 nuper
1023 817 1237 870 verbum
1271 819 1603 879 receperant,
1628 821 1762 875 opus
1788 812 1901 856 crat
1925 795 2232 855 eonlirmari

657 910 776 963 illos
828 918 883 961 ιιι
932 908 981 960 in
1033 906 1133 960 [ide
1179 911 1455 957 manerent
1497 918 1508 953 :
1559 915 1722 969 quare
1770 897 2072 964 frequenter
2117 892 2235 945 illas

655 1003 872 1055 adeunt.
907 999 1176 1066 Perpende
1197 1039 1211 1061 ,
1241 993 1510 1066 quomodo
1538 991 1667 1044 nihil
1699 1006 1850 1058 mago
1880 987 2106 1051 dixerit,
2139 985 2235 1038 do-

659 1111 756 1147 nec
785 1095 874 1148 ille
900 1093 1232 1146 occasionem
1261 1091 1434 1153 daret,
1458 1087 1549 1141 sed
1577 1087 1797 1140 verbum
1829 1082 2034 1138 Domini
2061 1084 2233 1134 solum

657 1187 1056 1241 annuntiabaut.
1101 1185 1232 1252 Quia
1263 1184 1404 1237 enim
1444 1182 1578 1236 alios
1622 1179 1956 1234 attendentes
1986 1175 2233 1239 videbat,

659 1281 710 1334 id
742 1295 902 1333 ttnom
935 1280 1020 1332 ille
1049 1279 1098 1331 in
1127 1291 1292 1345 sc.ch
1322 1275 1570 1336 habebat,
1598 1291 1664 1326 tte
1692 1274 1777 1326 ille
1806 1267 2232 1339 pcrsuaderctut.

659 1373 725 1426 Et
755 1388 851 1426 cur
878 1388 980 1424 non
1009 1370 1150 1424 aliud
1179 1370 1385 1438 signum
1419 1367 1581 1422 fecit?
1607 1366 1725 1435 quia
1760 1364 1959 1417 nullum
1992 1361 2115 1416 huic
2142 1375 2239 1430 par

659 1473 799 1523 crat,
833 1463 969 1525 quod
1003 1462 1270 1513 inimictmt
1300 1469 1532 1526 capt-ret.

729 1554 783 1607 2.
821 1555 886 1607 Et
915 1554 1050 1616 vide,
1079 1556 1249 1620 primo
1278 1552 1538 1618 objurgat,
1567 1559 1614 1603 et
1645 1561 1767 1602 tunc.
1795 1549 1966 1618 punit.
1995 1546 2240 1602 Ostendit

661 1655 835 1697 autem
869 1645 1012 1697 illum
1039 1645 1181 1708 juste
1215 1642 1317 1710 pati
1343 1659 1459 1695 cum
1486 1642 1650 1694 dit-it:
1687 1639 1731 1694 0
1757 1643 1902 1709 plene
1926 1641 2063 1692 omni
2086 1637 2240 1692 dolo!

663 1737 764 1790 hoc
789 1748 868 1790 est
892 1779 906 1800 ,
940 1737 1068 1789 ttiltil
1112 1736 1234 1789 dolo
1271 1751 1492 1787 vacuum
1525 1734 1747 1788 habens.
1796 1734 1860 1787 Et
1892 1742 2033 1787 recte
2073 1733 2237 1797 dicit,

666 1826 814 1881 Omni
857 1829 1010 1892 dolo;
1042 1828 1321 1881 simulabat
1351 1828 1513 1882 enim.
1551 1826 1655 1880 Fili
1695 1827 1882 1879 diaboli
1908 1843 1925 1879 :
1951 1841 2069 1878 nam
2108 1841 2241 1894 opus

664 1918 806 1972 illius
845 1919 1052 1988 agebat.
1087 1917 1298 1970 lnimire
1326 1919 1487 1970 omnis
1526 1919 1732 1979 iustitia:
1761 1933 1778 1970 :
1807 1917 1918 1970 hinc
1947 1918 2086 1970 enim
2118 1933 2242 1971 vere

663 2023 777 2066 Crat
818 2011 990 2063 omnis
1029 2010 1252 2079 justitia.
1296 2010 1418 2064 Milli
1450 2010 1662 2064 videtur
1699 2011 1796 2061 hoc
1827 2008 2044 2070 dicens,
2081 2008 2243 2062 vitam

663 2104 802 2157 illius
831 2104 1169 2171 redarguere.
1201 2102 1268 2157 Ut
1292 2117 1466 2158 autem
1489 2104 1796 2158 05tenderet
1821 2103 1935 2158 h:rc
1957 2103 2113 2157 verba
2139 2118 2242 2156 non

665 2194 732 2247 ab
762 2195 832 2248 ira
868 2194 1148 2262 proliciSt-i,
1179 2195 1321 2262 prius
1347 2196 1478 2249 dixit
1507 2213 1519 2247 :
1550 2194 1789 2262 Repletus
1818 2195 2015 2266 Spiritu
2039 2205 2247 2259 sancto;

672 2287 774 2340 hoc,
801 2297 911 2351 est,
941 2289 1270 2349 onerationc.
1298 2288 1360 2342 Et
1384 2306 1515 2342 nunc
1535 2305 1646 2344 ecce
1665 2308 1844 2344 manus
1867 2290 2072 2343 Domini
2099 2307 2250 2360 super

673 2386 734 2430 te.
767 2378 880 2431 Non
930 2380 1059 2432 ultio
1097 2390 1209 2433 erat
1231 2420 1248 2444 ,
1276 2381 1367 2435 scd
1403 2381 1629 2436 medela.
1663 2385 1740 2436 Ac
1776 2384 1817 2436 si
1857 2384 2061 2437 diceret
2092 2402 2103 2435 :
2130 2383 2246 2436 Non

670 2487 767 2534 ego
793 2468 946 2526 facio.
977 2469 1068 2523 sed
1102 2470 1190 2524 Dei
1223 2486 1430 2525 manus.
1459 2471 1590 2527 Vide
1620 2481 1676 2526 ut
1704 2473 1909 2526 alienus
1932 2483 2013 2526 est
2033 2489 2062 2527 a
2087 2473 2243 2527 fastu.

672 2558 788 2612 I'Iris
826 2576 986 2612 cwcns
1013 2603 1025 2624 ,
1058 2578 1157 2613 non
1197 2562 1368 2616 ridens
1403 2563 1556 2616 solem
1595 2580 1748 2630 usque
1785 2566 1852 2616 ad
1889 2575 2099 2632 tempus.
2139 2565 2250 2619 lloc

672 2649 800 2703 dtcit
825 2692 840 2715 ,
875 2661 929 2703 ttt
956 2652 1042 2704 det
1085 2652 1156 2704 illi
1209 2655 1531 2720 petulantia:
1576 2656 1773 2710 locum.
1808 2656 2076 2726 Nusquam
2107 2657 2250 2710 enim

673 2743 921 2795 Volebant
948 2761 1010 2797 ex
1042 2745 1277 2798 tristibus
1308 2747 1576 2812 ctmspicui
1607 2763 1744 2812 esse,
1777 2751 2016 2816 quamvis
2045 2750 2141 2802 hoc
2169 2767 2253 2802 er-

674 2849 735 2899 gn
761 2833 997 2886 inimiCos
1021 2837 1223 2888 lict-ent.
1245 2836 1347 2888 Sed
1364 2852 1484 2904 erga
1509 2853 1635 2891 suos
1654 2842 1773 2906 jure
1795 2839 2006 2906 quidem
2031 2842 2249 2893 merito:

673 2939 791 2976 cum
823 2939 945 2975 vero
971 2923 1037 2976 de
1066 2924 1253 2979 alienis
1282 2938 1544 2992 ageretur,
1577 2946 1679 2982 non
1712 2932 1856 2994 item,
1887 2947 1951 2983 ne
1980 2941 2254 2998 putaretur

677 3030 760 3069 tes
789 3032 848 3069 ex
880 3018 1190 3071 net-essittte
1217 3031 1264 3072 et
1301 3021 1487 3072 titnore
1517 3024 1794 3089 prolit-isci.
1827 3024 2092 3078 (la-citatis
2125 3041 2253 3079 vero

676 3107 880 3172 signum
925 3106 1018 3160 fuit
1043 3150 1056 3169 ,
1103 3109 1241 3175 quod
1281 3110 1528 3163 ductores
1565 3122 1847 3181 qua'rcret.
1884 3115 2082 3169 Deinde
2109 3117 2256 3172 videt

675 3200 968 3252 crccitatem
1001 3203 1300 3266 proconsul.
1334 3214 1382 3256 et
1410 3204 1586 3256 statim
1616 3205 1786 3259 credit
1814 3224 1827 3258 :
1859 3223 2028 3273 neque
2054 3209 2258 3277 simpli-

677 3293 827 3353 citer,
853 3295 943 3344 St'tl
971 3291 1329 3363 ()bxlttpcscetts
1354 3298 1514 3349 :vidit
1536 3313 1675 3350 cunn
1701 3314 1804 3351 non
1830 3298 1913 3352 hic
1937 3301 2092 3353 verba
2116 3302 2252 3369 (lari,

679 3398 850 3451 neque
881 3384 1096 3437 fallaciis
1125 3402 1233 3437 rem
1264 3388 1364 3455 agi.
1400 3387 1527 3442 Vide
1551 3399 1802 3455 quantum
1831 3392 2085 3444 doctrinze
2111 3409 2255 3445 amo.

681 3487 790 3525 rem
836 3473 1012 3526 habuit
1039 3517 1052 3534 ,
1087 3475 1173 3543 qui
1219 3487 1417 3528 tantum
1462 3479 1683 3547 gerebat
1732 3482 2099 3551 principatum.
2141 3485 2256 3538 Non

678 3563 810 3615 dixit
839 3581 990 3633 mago
1019 3565 1211 3618 Paulus
1238 3586 1249 3620 :
1276 3567 1385 3619 Non
1414 3569 1612 3623 desinis
1635 3571 1946 3628 subvertere
1969 3591 2260 3642 proconsu-

680 3654 780 3708 lcm
802 3672 815 3718 ;
840 3657 952 3718 sed,
990 3656 1104 3710 Vias
1127 3657 1349 3723 Domini,
1374 3662 1511 3729 quod
1542 3664 1710 3730 majus
1733 3675 1875 3729 erat;
1902 3683 1966 3720 ne
1989 3669 2258 3723 videretur

679 3748 902 3801 adulari.
938 3751 1043 3802 Cur
1075 3769 1197 3804 vero
1226 3753 1457 3807 Joannes
1493 3756 1691 3811 recedit
1729 3759 1795 3811 ab
1825 3760 1940 3812 eis?
1982 3776 2100 3814 nam
2141 3763 2254 3828 ait,

678 3838 903 3894 Joannes
925 3845 1154 3896 recedens
1175 3846 1236 3896 ab
1264 3847 1350 3906 eis,
1377 3861 1598 3899 reversus
1621 3857 1688 3900 est
1709 3848 2097 3920 Jet'osolymam.
2124 3853 2255 3920 Quia

681 3935 887 4002 longius
915 3936 1164 4004 deinceps
1197 3940 1294 3991 iter
1319 3938 1675 4007 suscipiebant
1704 3961 1715 3992 :
1746 3946 1987 4010 quamvis
2020 3947 2128 4014 ipse
2158 3949 2258 4000 mi-

679 4028 843 4080 nister
866 4041 1037 4092 esset;
1067 4029 1136 4082 illt
1163 4046 1286 4083 vero
1313 4032 1604 4098 periculum
1628 4034 1882 4088 subirent.
1911 4037 2111 4092 Rursus
2136 4040 2260 4094 l‘er-

677 4135 778 4188 gen
807 4121 1100 4183 venientes,
1134 4134 1546 4189 prtetercurrunt
1578 4127 1708 4180 alias
1735 4131 1973 4182 civitates
2001 4149 2011 4181 :
2042 4149 2160 4185 natu
2194 4133 2257 4186 ad

680 4217 994 4284 ntetropolin
1043 4217 1373 4270 Antiochiam
1417 4218 1751 4274 festinabant.
1797 4223 1864 4276 Et
1910 4225 2062 4289 vide,
2100 4242 2255 4295 quain

679 4305 992 4372 compendio
1021 4317 1199 4360 narret
1229 4309 1475 4376 scriptor.
1509 4310 1778 4377 Sederttnt,
1810 4315 1997 4384 inquit,
2029 4317 2078 4368 in
2105 4335 2259 4386 syna-

678 4415 807 4466 gogu
835 4398 914 4449 dic
942 4397 1259 4452 sabbatorum
1288 4417 1304 4453 :
1329 4413 1384 4454 ιιι
1411 4406 1641 4456 sermoni
1674 4407 1808 4458 viam
1854 4423 2114 4476 pararent.
2149 4411 2258 4466 Nec

678 4489 882 4556 priores
914 4489 1218 4557 loqttun'ur,
1249 4493 1339 4545 sed
1372 4493 1594 4556 invitati,
1619 4504 1670 4548 et
1696 4499 1840 4565 quasi
1875 4499 2108 4567 hospites
2137 4519 2258 4571 pro-

677 4584 866 4636 vocati.
897 4584 949 4636 Si
981 4594 1154 4636 autem
1189 4601 1289 4638 non
1325 4587 1390 4640 ibi
1424 4590 1741 4643 mansissent
1764 4633 1776 4652 ,
1819 4608 1995 4644 sermo
2027 4611 2128 4647 non
2160 4597 2257 4650 ha-

681 4675 819 4728 bitus
850 4675 1050 4730 fuisset.
1077 4677 1169 4730 llic
1195 4679 1365 4747 primo
1396 4681 1644 4748 praedicat
1673 4683 1880 4738 Paulus.
1913 4687 1973 4739 Et
2000 4687 2117 4740 vide
2144 4691 2258 4756 ejus

681 4768 1012 4835 prudentiain
1042 4787 1052 4816 :
1083 4771 1164 4823 ubi
1196 4786 1373 4826 sermo
1401 4790 1614 4842 sparsus
1645 4779 1841 4837 fuerat,
1865 4786 2253 4848 przrtercurrit;

682 4857 768 4908 ttbi
819 4873 942 4909 νυνι)
992 4860 1165 4911 ttllllIIS
1213 4861 1400 4926 fuerat,
1449 4865 1645 4918 diutius
1692 4883 1902 4930 manet;
1950 4880 2004 4922 ttt
2047 4881 2099 4924 et
2146 4873 2257 4941 ipse

681 4963 718 4999 s-
743 4949 919 5000 ribeus
950 4949 1075 5001 dicit
1105 4969 1117 5003 :
1150 4951 1237 5005 Sic
1263 4965 1424 5005 antem
1458 4958 1625 5010 studui
1657 4964 2014 5028 euangelizare,
2047 4983 2146 5017 non
2173 4969 2256 5020 ubi

681 5040 965 5091 nominatus
997 5053 1065 5093 est
1091 5041 1316 5096 Christus
1345 5044 1362 5114 (
1391 5046 1533 5100 fiam.
1571 5050 1653 5103 15.
1683 5050 1751 5105 20
1776 5055 1813 5118 ).
1847 5053 1955 5107 lloe
1987 5072 2108 5107 vero
2139 5075 2253 5111 ma-

677 5148 795 5198 gure
824 5131 1146 5185 fortitudinis
1176 5146 1306 5190 erat.
1344 5138 1475 5192 Vere
1497 5158 1521 5190 a
1551 5142 1805 5211 principio
1831 5146 2154 5202 admirabilis
2175 5153 2257 5205 'vir

683 5225 776 5276 fttit
805 5243 814 5276 :
846 5225 1130 5279 crucifixus
1151 5269 1162 5288 ,
1192 5228 1244 5280 in
1276 5231 1388 5283 acie
1419 5234 1638 5300 positus,
1669 5236 1865 5288 sciebat
1897 5252 2088 5306 quanta
2123 5245 2256 5309 poti-

682 5327 824 5367 retur
867 5318 1074 5385 gratia;
1119 5334 1210 5384 par
1257 5321 1454 5373 induxit
1499 5324 1746 5378 studium.
1795 5326 1906 5380 Non
1954 5334 2256 5386 succensuit

679 5407 868 5460 .loanni
901 5430 912 5462 :
943 5425 1044 5461 non
1073 5411 1210 5463 enim
1241 5411 1395 5480 hujus
1420 5427 1533 5467 erat
1561 5419 1655 5486 (α),
1686 5419 1775 5472 sed
1804 5423 1948 5489 operi
1981 5425 2211 5478 hrerebat
2238 5445 2251 5481 :

680 5516 787 5554 non
837 5503 1170 5566 formidavit,
1227 5521 1329 5559 non
1382 5508 1550 5561 timuit
1600 5512 1649 5564 in
1700 5514 1866 5569 media
1916 5518 2252 5573 multitudine

747 5639 820 5695 tu)
858 5645 1041 5709 Toxlus
1072 5647 1258 5689 amcos
1283 5642 1465 5709 habet.
1503 5657 1542 5694 ὠ
1568 5658 1633 5709 τᾷρ
1659 5661 1783 5698 τοὺτου
1818 5655 1871 5709 ἧν.
1899 5659 2134 5703 [annuens
2173 5669 2244 5705 ssc

679 5699 969 5767 vertendum
997 5709 1145 5767 putat,
1168 5712 1266 5751 .\ou
1289 5705 1414 5752 cnim
1449 5705 1536 5754 ὑπ’
1561 5699 1751 5757 deditus
1773 5699 1875 5759 erat
1909 5727 1924 5762 :
1953 5699 2244 5767 veléiétﬁ;

679 5763 819 5836 tas-sis
837 5760 1169 5836 (:thlicaltt_l.tlttl
1197 5777 1207 5809 :
1238 5773 1327 5836 fon
1349 5767 1472 5814 enim
1498 5769 1643 5830 ipsius
1667 5779 1806 5831 etut;
1835 5776 1877 5823 ltl
1905 5760 2122 5836 ἐδιζῖιὸιῖ

681 5821 765 5872 sed
791 5818 946 5872 Uurdal
968 5836 1020 5871 as
1047 5823 1176 5872 illum
1204 5826 1484 5879 adduxerat.
1515 5818 1523 5830 ’
1629 5818 1635 5820 ⁷
1671 5818 1678 5819 ί
1742 5818 1746 5819 ν
1775 5818 1803 5831 ”
1835 5818 1844 5823 ’
1869 5818 1877 5822 ’
1909 5818 1996 5836 ﬂ"
2017 5818 2108 5827 ’Μ’
2137 5818 2241 5838 "w'

1375 418 1431 472 S.
1475 411 1748 471 JOANNIS
1784 399 2261 462 CHRYSOSTOMI
2302 398 2614 455 ARCllIEP.
2648 399 3174 455 CONSTANTINOP.

3819 398 3923 452 Eli

2341 517 2641 569 conclusus.
2673 515 2804 568 Vide
2830 516 3096 584 quomodo
3123 513 3444 584 providetur,
3472 529 3533 565 ne
3565 512 3762 566 Paulus
3793 528 3926 580 pra:-

2339 607 2480 661 dicet
2511 608 2560 658 in
2591 607 2882 660 JeruSalem
2914 625 2925 658 :
2956 605 3250 659 sufficiebat
3283 607 3380 658 hoc
3406 603 3611 664 audire,
3639 604 3780 671 quod
3809 619 3921 656 cre-

2339 700 2596 760 didisset;
2655 700 3027 767 przmliCantcm
3079 713 3203 750 vero
3253 713 3354 751 non
3411 699 3655 749 tulissent
3707 705 3927 765 propter

2339 792 2515 845 odium
2549 809 2559 839 :
2587 801 2639 844 et
2681 792 2863 859 procul
2908 793 3095 859 migrat
3127 790 3213 842 ubi
3250 801 3408 843 notus
3438 805 3541 841 non
3574 797 3708 842 erat.
3745 787 3926 840 Primo

2341 899 2548 953 magum
2593 882 2860 952 redarguit
2883 925 2898 947 ,
2930 895 2982 936 et
3020 883 3190 952 qualis
3218 893 3360 934 esset
3387 883 3597 948 aperuit
3630 898 3644 933 :
3675 879 3927 948 quodque

2343 977 2461 1030 talis
2499 985 2632 1030 esset
2658 1016 2670 1037 ,
2705 977 2908 1043 signuzn
2952 973 3207 1042 probavit.
3250 973 3360 1028 Hoc
3399 974 3605 1042 signum
3649 982 3769 1026 erat
3813 972 3928 1037 ejus

2341 1071 2533 1121 anima:
2562 1069 2834 1121 emclatis.
2866 1068 2944 1120 Ad
2979 1077 3182 1134 tempus
3218 1067 3430 1134 patitur,
3466 1073 3520 1117 ιιι
3553 1062 3925 1130 pmttiteutiam

2341 1168 2479 1229 agat.
2513 1160 2654 1214 Bene
2680 1170 2854 1212 autem
2887 1161 2935 1212 in
2968 1161 3187 1212 sabbato
3220 1157 3412 1211 Paulus
3441 1155 3655 1211 intravit
3683 1157 3735 1208 in
3769 1169 3926 1224 syna-

2341 1266 2549 1322 gogatn,
2593 1251 2804 1319 quando
2844 1267 3029 1304 omnes
3066 1250 3370 1319 coogrcgati
3403 1258 3574 1304 erant.
3604 1249 3689 1301 lii.
3719 1246 3783 1298 lt”:
3817 1256 3928 1313 post

2343 1343 2623 1406 lectionem,
2657 1343 2852 1412 inquit,
2881 1344 3003 1412 legis
3028 1352 3075 1394 et
3105 1344 3482 1410 prop/letarum,
3513 1342 3756 1392 miserunt
3788 1342 3928 1405 prin-

2342 1434 2478 1502 cipes
2506 1450 2777 1503 synagoyte
2799 1476 2814 1498 ,
2843 1435 3058 1487 dicentes
3085 1451 3103 1486 :
3142 1433 3245 1484 l'iri
3273 1437 3454 1502 fratres
3473 1475 3487 1497 ,
3520 1433 3566 1486 si
3607 1443 3678 1485 est
3707 1433 3759 1484 iu
3791 1432 3927 1484 vobis

2343 1545 2505 1581 sermo
2531 1529 2892 1581 exhortationis
2916 1528 2982 1579 ad
3011 1528 3272 1596 papa/nm,
3298 1528 3464 1581 dicite.
3498 1526 3627 1579 Vide
3658 1527 3776 1580 illos
3807 1536 3928 1578 tunc

2344 1620 2460 1673 sine
2492 1619 2685 1672 invidia
2718 1621 2921 1688 cupiam
2957 1620 3158 1680 facere;
3194 1632 3373 1687 postea
3407 1635 3531 1673 vero
3559 1633 3662 1672 non
3695 1620 3842 1670 item.
3874 1617 3927 1670 Si

2347 1711 2448 1766 hoc
2467 1713 2786 1770 voluissetis.
2806 1713 3265 1781 magiscqiortehat
3286 1713 3574 1766 exhortari.
3600 1711 3765 1774 Setl,o
3792 1711 3928 1780 prin-

2344 1803 2550 1872 cipatus
2581 1819 2814 1858 amorem
2843 1805 2854 1856 Ξ
2889 1819 2920 1857 o
2946 1820 3132 1856 vanam
3165 1805 3384 1873 gloriam
3409 1806 3421 1859 !
3451 1804 3718 1872 quontodo
3747 1805 3926 1855 0tu..ia

2347 1897 2604 1949 subvertit
2624 1905 2677 1948 et
2709 1898 2878 1964 perdit
2907 1913 2918 1950 :
2947 1907 3130 1951 contra
3164 1899 3450 1965 prOpriam,
3474 1907 3656 1950 eontra
3689 1904 3924 1949 mutuam

2348 1988 2571 2043 salutem
2603 2000 2744 2044 stare
2773 1989 2957 2044 suadet
2988 2007 2999 2043 :
3032 1990 3099 2043 ita
3128 2005 3301 2044 Caicus
3330 1989 3491 2044 eflieit
3523 1992 3561 2053 ⁸,
3595 2001 3649 2043 ιιι
3677 1989 3927 2043 ductores

2349 2093 2673 2148 qua-rantur.
2710 2081 2916 2137 Utinam
2949 2084 3134 2136 saltent
3180 2082 3316 2147 hoc,
3357 2084 3556 2136 utinam
3599 2082 3787 2136 s..ltcm
3835 2080 3929 2133 du-

2350 2181 2524 2226 ctores
2556 2183 2859 2242 qutererent
2887 2191 2900 2228 :
2927 2189 3108 2228 verum
3142 2176 3240 2229 hoc
3272 2192 3376 2228 non
3407 2185 3672 2242 qua-runt,
3704 2173 3795 2228 sed
3829 2175 3925 2228 sibi

2352 2265 2480 2332 ipsis
2514 2275 2678 2318 totum
2706 2266 3059 2321 committunt.
3101 2267 3375 2321 Neminem
3422 2270 3510 2324 ille
3542 2268 3670 2323 sinit
3701 2269 3879 2322 videre
3907 2288 3920 2323 :

2351 2359 2488 2410 sicut
2512 2357 2682 2426 caligo
2710 2369 2765 2412 et
2794 2361 2983 2414 nebula
3016 2360 3226 2426 ingruit,
3263 2379 3360 2415 nec.
3387 2365 3513 2416 sinit
3542 2364 3825 2431 inspicere.

2435 2451 2618 2506 Vitium
2653 2455 2931 2522 aliquando
2960 2455 3104 2507 aliud
3129 2455 3298 2507 vitium
3330 2466 3626 2524 snperat.—
3641 2456 3808 2524 Quaut
3841 2456 3928 2507 tle-

2356 2543 2653 2598 fensionem
2697 2546 3031 2608 habebimus,
3077 2547 3166 2616 qui
3213 2562 3306 2614 per
3349 2549 3527 2601 vitium
3576 2547 3702 2600 illttd
3751 2547 3930 2599 vilium

2355 2635 2496 2689 aliud
2527 2651 2861 2706 superamus.
2891 2637 2982 2691 Sed
3015 2654 3119 2692 non
3168 2653 3262 2707 per
3309 2639 3552 2692 timorem
3602 2639 3736 2693 Dei?
3775 2638 3929 2693 Verbi

2353 2728 2543 2796 gratia.
2577 2729 2726 2781 multi
2772 2729 2860 2797 qtti
2898 2729 3058 2784 simul
3104 2731 3284 2785 lascivi
3329 2740 3384 2786 et
3428 2733 3570 2785 avari
3621 2743 3794 2796 erant,
3846 2747 3934 2800 per

2358 2821 2740 2886 parcimoniatn
2794 2823 3060 2876 lasciviam
3105 2836 3457 2893 superarunt;
3512 2825 3598 2878 alii
3640 2834 3822 2878 contra
3871 2841 3932 2877 ιιι

2355 2912 2569 2965 lascivia
2609 2917 2868 2983 pecunias
2909 2927 3371 2986 contempserunt.
3423 2918 3654 2972 Rursum
3683 2919 3771 2970 alii
3803 2933 3931 2969 vana

2356 3005 2524 3073 gloria
2565 3009 2726 3075 capti,
2761 3007 2922 3062 ambo
2963 3008 3063 3084 illa
3097 3010 3219 3063 vitia
3274 3021 3635 3079 prostravere,
3686 3012 3935 3079 pecunias

2358 3100 2474 3151 sine
2511 3101 2670 3154 modo
2711 3101 3070 3166 insumentes,
3112 3114 3165 3158 et
3205 3104 3397 3159 frustra
3437 3107 3772 3162 continentes
3807 3124 3819 3158 :
3851 3106 3936 3160 alii

2361 3208 2568 3246 rursum
2593 3210 2742 3246 vana:
2765 3195 2944 3264 gloria:
2965 3195 3249 3249 admodum
3272 3197 3470 3266 cupidi,
3493 3197 3592 3252 hoc
3613 3199 3794 3253 vitium
3813 3215 3938 3252 con—

2362 3294 2711 3352 tempserunt,
2746 3285 2910 3340 multa
2959 3287 3095 3342 fmda
3124 3288 3263 3357 passi
3295 3298 3349 3342 et
3378 3300 3597 3360 propter
3635 3305 3848 3345 amores
3887 3299 3936 3342 et

2364 3393 2578 3450 prOptcr
2624 3384 2876 3450 pecunias
2925 3400 2938 3438 :
2987 3382 3076 3436 alii
3123 3399 3332 3437 rursum
3379 3394 3434 3437 ut
3481 3385 3611 3438 iram
3665 3385 3938 3454 explerent

2362 3488 2533 3538 suam,
2567 3475 2841 3529 innumera
2880 3475 3071 3530 damna
3099 3475 3328 3539 subiere,
3365 3484 3419 3535 et
3447 3477 3579 3529 nihil
3611 3477 3754 3530 aliud
3783 3491 3936 3530 cura-

2363 3578 2572 3623 verunt.
2606 3584 2761 3637 quam
2792 3579 2845 3621 ιιι
2872 3568 3191 3622 voluntatem
3223 3584 3373 3623 suam
3402 3569 3467 3624 ad
3490 3569 3735 3624 cllectum
3771 3570 3938 3624 dedu-

2360 3673 2566 3714 cerent.
2611 3663 2674 3716 Et
2705 3662 2844 3732 quod
2877 3663 3053 3732 passio
3086 3664 3272 3731 poutit,
3319 3680 3421 3716 non
3455 3667 3625 3732 potuit
3665 3665 3805 3733 apud
3846 3679 3938 3717 nos

2366 3754 2454 3808 Dei
2486 3759 2663 3808 timor.
2696 3756 2757 3809 Et
2785 3756 2909 3824 quid
2947 3756 3244 3823 passionem
3267 3757 3430 3810 dico?
3457 3756 3607 3822 Quod
3641 3757 3814 3826 pudor
3845 3760 3937 3806 Ιιιι⁴

2364 3859 2552 3898 manus
2583 3855 2773 3913 potest,
2808 3861 2910 3898 non
2961 3855 3136 3913 potest
3178 3848 3268 3903 Dei
3304 3849 3481 3902 timor.
3520 3848 3676 3900 Multa
3717 3859 3771 3901 et
3805 3861 3938 3901 tecte

2366 3937 2587 3991 faciams
2627 3950 2680 3992 et
2727 3955 3007 4005 peccamus
3042 3957 3148 4006 pra:
3191 3940 3462 3994 ltotnintnn
3499 3941 3734 4010 pudore;
3779 3942 3935 3994 Detun

2364 4048 2489 4086 vero
2518 4049 2623 4085 non
2652 4033 2915 4085 timemus.
2942 4034 3079 4100 Quot
3109 4049 3214 4102 pra:
3240 4034 3440 4101 pudore
3459 4050 3587 4101 opes
3607 4033 3938 4088 είΪιυίιϊυιιιϊ

2362 4134 2490 4194 quot
2533 4127 2724 4179 frustra
2767 4127 3072 4180 atnbieruut
3111 4128 3295 4181 amicis
3337 4129 3386 4179 itt
3435 4129 3574 4181 male
3604 4127 3938 4183 servientes?

2361 4226 2491 4286 quot
2514 4218 2562 4269 in
2593 4219 2883 4270 amicorum
2912 4219 3132 4286 gratiam
3160 4219 3451 4285 SuqtiSsitltt!
3480 4219 3873 4287 percavernnt?

2433 4310 2486 4363 5.
2524 4309 2702 4362 Gloria
2745 4311 2965 4362 humana
3010 4310 3294 4380 fugienda;
3343 4326 3574 4381 qnwnum
3615 4310 3784 4380 gloria
3812 4324 3937 4374 nute-

2362 4401 2521 4453 renda
2548 4403 2629 4453 sit.
2651 4401 2788 4455 —Si
2818 4417 2946 4469 ergo
2972 4413 3022 4454 et
3057 4401 3280 4455 allectus
3319 4411 3371 4453 ιιι
3405 4402 3573 4467 pttdor
3603 4401 3866 4454 humanus
3891 4409 3938 4452 et

2364 4494 2427 4546 ad
2458 4503 2669 4562 peccata
2702 4504 2754 4548 et
2792 4494 2856 4547 ad
2909 4495 3044 4548 bona
3074 4511 3232 4561 opera
3267 4511 3361 4546 nos
3405 4503 3626 4562 possunt
3668 4493 3934 4556 inducere,

2365 4589 2556 4641 frustra
2597 4589 2820 4642 dicimus
2867 4603 2964 4640 nos
2996 4603 3097 4642 n0n
3146 4603 3342 4656 posse:
3378 4603 3658 4656 possumus
3693 4589 3858 4650 enim,
3897 4583 3936 4637 si

2365 4683 2605 4734 volumus
2630 4697 2642 4745 ;
2677 4682 2809 4735 velle
2836 4691 3034 4745 autem,
3065 4696 3250 4732 omnes
3277 4689 3504 4748 oportet.
3534 4679 3627 4733 Dic
3657 4679 3790 4732 mihi
3817 4697 3829 4732 :
3852 4691 3938 4731 cur

2365 4791 2466 4826 non
2512 4785 2661 4843 potes
2700 4773 2930 4841 gloriam
2969 4775 3201 4834 vincere,
3236 4787 3354 4824 cuni
3403 4772 3488 4824 alii
3535 4772 3782 4825 eamdem
3826 4769 3936 4823 atti-

2365 4884 2528 4928 main,
2555 4867 2689 4920 idem
2717 4867 2970 4937 cmpos",
2995 4865 3237 4920 eamdem
3259 4865 3501 4930 fortnam,
3521 4865 3766 4919 eamdem
3788 4865 3936 4918 vitam

2364 4961 2637 5024 habentes,
2689 4961 2854 5030 ipsam
2904 4960 3365 5028 vincaittHJogita
3416 4961 3603 5024 llcutn,
3649 4961 3824 5025 cogita
3855 4972 3935 5008 stt-

2365 5069 2576 5122 pernam
2609 5056 2830 5123 gloriam
2867 5073 2878 5106 :
2909 5055 3092 5108 confer
3135 5055 3273 5105 illam
3309 5071 3425 5107 cum
3476 5053 3852 5122 prwsentihus,
3891 5058 3938 5102 et

2362 5150 2534 5204 statim
2563 5153 2628 5203 ah
2661 5154 2754 5204 hac
2785 5152 2948 5220 gloria
2983 5152 3206 5206 resilies.
3239 5150 3294 5204 Si
3338 5150 3556 5201 omnino
3592 5148 3819 5216 gloriam
3855 5161 3938 5197 cx-

2364 5246 2514 5310 petis,
2551 5262 2665 5297 cam
2691 5263 2806 5313 qtue
2836 5261 2957 5300 vere
2983 5246 3146 5314 gloria
3176 5257 3258 5299 est
3287 5245 3624 5312 concupisce.
3659 5247 3789 5309 Qua:
3831 5243 3935 5312 glu-

2360 5338 2434 5394 ria
2466 5354 2566 5404 est,
2598 5359 2717 5396 cum
2767 5342 3034 5395 infamiam
3075 5343 3285 5412 pariat?
3334 5359 3453 5411 qua:
3491 5342 3680 5411 gloria.
3725 5343 3931 5411 quando

2362 5433 2668 5488 inferiorum
2701 5435 2956 5487 honorem
2994 5451 3191 5504 cupere
3234 5436 3440 5504 cogeris
3484 5445 3537 5488 et
3569 5436 3659 5487 illo
3686 5452 3820 5504 opus
3850 5435 3932 5488 ha-

2361 5527 2521 5582 bere?
2551 5530 2733 5582 Honor
2758 5539 2839 5581 est
2868 5528 3126 5598 majorum
3159 5527 3324 5598 gloria
3355 5527 3477 5582 frui.
3509 5529 3564 5583 Si
3596 5529 3818 5584 omnino
3843 5527 3933 5596 glo-

2425 5718 2436 5748 ι
2467 5718 2668 5782 Quidam
2695 5717 2895 5782 habent,
2916 5730 3022 5782 rere
3045 5730 3196 5782 necas
3218 5716 3382 5782 efficit.

2422 5782 2439 5810 ²
2467 5779 2597 5846 ligec,
2623 5778 3092 5846 eaiittiet.'t_(tnintant,
3119 5777 3444 5845 idem"corpus
3468 5817 3481 5841 ,
3510 5793 3604 5828 non
3631 5781 3858 5846 legunt-tr
3884 5777 3923 5824 in

2367 5836 2552 5904 Μιιιιίιζ,
2578 5843 2662 5890 sed
2689 5854 2716 5889 ρ
2741 5854 2760 5887 θ
2781 5837 2908 5890 tvilio
2932 5836 3118 5903 adjecta
3136 5850 3263 5894 sunt.
