  <div class='ocr_page' id='page_1' title='image "/cluster/home/n/w/nwhite01/storage/ocr_20150623/60/uva.x004246612/220.png"; bbox 0 0 4082 6486; ppageno 0'>
   <div class='ocr_carea' id='block_1_1' title="bbox 197 435 294 488">
    <p class='ocr_par' dir='ltr' id='par_1_1' title="bbox 197 435 294 488">
     <span class='ocr_line' id='line_1_1' title="bbox 197 435 294 488; baseline 0.01 -1"><span class='ocrx_word' id='word_1_1' title='bbox 197 435 294 488; x_wconf 68' lang='lat'><strong>213</strong></span> 
     </span>
    </p>
   </div>
   <div class='ocr_carea' id='block_1_2' title="bbox 197 537 1794 619">
    <p class='ocr_par' dir='ltr' id='par_1_2' title="bbox 197 537 1794 619">
     <span class='ocr_line' id='line_1_2' title="bbox 197 537 1794 619; baseline -0.011 -14"><span class='ocrx_word' id='word_1_2' title='bbox 197 555 321 606; x_wconf 87' lang='lat' dir='ltr'><strong>riam</strong></span> <span class='ocrx_word' id='word_1_3' title='bbox 346 549 556 619; x_wconf 81' lang='lat' dir='ltr'><strong>diligis,</strong></span> <span class='ocrx_word' id='word_1_4' title='bbox 584 563 704 603; x_wconf 74' lang='lat' dir='ltr'><strong>eam</strong></span> <span class='ocrx_word' id='word_1_5' title='bbox 735 546 911 616; x_wconf 82' lang='lat' dir='ltr'><strong>potius</strong></span> <span class='ocrx_word' id='word_1_6' title='bbox 937 559 1076 606; x_wconf 87' lang='lat' dir='ltr'><strong>ama,</strong></span> <span class='ocrx_word' id='word_1_7' title='bbox 1108 558 1226 611; x_wconf 76' lang='lat' dir='ltr'><strong>qua:</strong></span> <span class='ocrx_word' id='word_1_8' title='bbox 1249 557 1277 593; x_wconf 90' lang='lat' dir='ltr'><strong>a</strong></span> <span class='ocrx_word' id='word_1_9' title='bbox 1307 541 1415 594; x_wconf 89' lang='lat' dir='ltr'><strong>Deo</strong></span> <span class='ocrx_word' id='word_1_10' title='bbox 1441 547 1544 592; x_wconf 90' lang='lat' dir='ltr'><strong>est.</strong></span> <span class='ocrx_word' id='word_1_11' title='bbox 1569 537 1622 592; x_wconf 87' lang='lat' dir='ltr'><strong>Si</strong></span> <span class='ocrx_word' id='word_1_12' title='bbox 1653 537 1794 591; x_wconf 90' lang='lat' dir='ltr'><strong>illam</strong></span> 
     </span>
    </p>
   </div>
   <div class='ocr_carea' id='block_1_3' title="bbox 193 632 1785 709">
    <p class='ocr_par' dir='ltr' id='par_1_3' title="bbox 193 632 1785 709">
     <span class='ocr_line' id='line_1_3' title="bbox 193 632 1785 709; baseline -0.009 -12"><span class='ocrx_word' id='word_1_13' title='bbox 193 659 372 697; x_wconf 83' lang='lat' dir='ltr'><strong>amans</strong></span> <span class='ocrx_word' id='word_1_14' title='bbox 405 643 550 695; x_wconf 90' lang='lat' dir='ltr'><strong>hanc</strong></span> <span class='ocrx_word' id='word_1_15' title='bbox 578 654 823 709; x_wconf 80' lang='lat' dir='ltr'><strong>spernas,</strong></span> <span class='ocrx_word' id='word_1_16' title='bbox 848 637 985 691; x_wconf 87' lang='lat' dir='ltr'><strong>hanc</strong></span> <span class='ocrx_word' id='word_1_17' title='bbox 1009 634 1216 688; x_wconf 81' lang='lat' dir='ltr'><strong>videbis</strong></span> <span class='ocrx_word' id='word_1_18' title='bbox 1245 632 1531 702; x_wconf 81' lang='lat' dir='ltr'><strong>ignobilem</strong></span> <span class='ocrx_word' id='word_1_19' title='bbox 1562 647 1574 681; x_wconf 92' lang='lat'>:</span> <span class='ocrx_word' id='word_1_20' title='bbox 1599 645 1785 699; x_wconf 89' lang='lat' dir='ltr'><strong>quam-</strong></span> 
     </span>
    </p>
   </div>
   <div class='ocr_carea' id='block_1_4' title="bbox 193 724 1787 802">
    <p class='ocr_par' dir='ltr' id='par_1_4' title="bbox 193 724 1787 802">
     <span class='ocr_line' id='line_1_4' title="bbox 193 724 1787 802; baseline -0.009 -15"><span class='ocrx_word' id='word_1_21' title='bbox 193 735 277 790; x_wconf 86' lang='lat' dir='ltr'><strong>diu</strong></span> <span class='ocrx_word' id='word_1_22' title='bbox 310 735 477 797; x_wconf 90' lang='lat' dir='ltr'><strong>illam,</strong></span> <span class='ocrx_word' id='word_1_23' title='bbox 531 747 651 802; x_wconf 66' lang='lat' dir='ltr'><strong>quin</strong></span> <span class='ocrx_word' id='word_1_24' title='bbox 682 746 713 785; x_wconf 85' lang='lat' dir='ltr'><strong>a</strong></span> <span class='ocrx_word' id='word_1_25' title='bbox 743 731 852 783; x_wconf 87' lang='lat' dir='ltr'><strong>Deo</strong></span> <span class='ocrx_word' id='word_1_26' title='bbox 893 739 996 792; x_wconf 90' lang='lat' dir='ltr'><strong>est,</strong></span> <span class='ocrx_word' id='word_1_27' title='bbox 1033 741 1134 779; x_wconf 91' lang='lat' dir='ltr'><strong>non</strong></span> <span class='ocrx_word' id='word_1_28' title='bbox 1187 724 1406 789; x_wconf 75' lang='lat' dir='ltr'><strong>videris,</strong></span> <span class='ocrx_word' id='word_1_29' title='bbox 1446 737 1619 790; x_wconf 87' lang='lat' dir='ltr'><strong>neque</strong></span> <span class='ocrx_word' id='word_1_30' title='bbox 1651 724 1787 773; x_wconf 91' lang='lat' dir='ltr'><strong>hanc</strong></span> 
     </span>
    </p>
   </div>
   <div class='ocr_carea' id='block_1_5' title="bbox 191 813 1786 896">
    <p class='ocr_par' dir='ltr' id='par_1_5' title="bbox 191 813 1786 896">
     <span class='ocr_line' id='line_1_5' title="bbox 191 813 1786 896; baseline -0.006 -18"><span class='ocrx_word' id='word_1_31' title='bbox 191 829 410 888; x_wconf 64' lang='lat' dir='ltr'><strong>ridebis,</strong></span> <span class='ocrx_word' id='word_1_32' title='bbox 446 843 610 896; x_wconf 90' lang='lat' dir='ltr'><strong>quam</strong></span> <span class='ocrx_word' id='word_1_33' title='bbox 655 825 824 893; x_wconf 89' lang='lat' dir='ltr'><strong>turpis</strong></span> <span class='ocrx_word' id='word_1_34' title='bbox 861 837 1054 889; x_wconf 84' lang='lat' dir='ltr'><strong>nempe</strong></span> <span class='ocrx_word' id='word_1_35' title='bbox 1096 820 1184 883; x_wconf 90' lang='lat' dir='ltr'><strong>sit,</strong></span> <span class='ocrx_word' id='word_1_36' title='bbox 1217 833 1376 887; x_wconf 85' lang='lat' dir='ltr'><strong>quam</strong></span> <span class='ocrx_word' id='word_1_37' title='bbox 1421 815 1672 871; x_wconf 89' lang='lat' dir='ltr'><strong>ridicula.</strong></span> <span class='ocrx_word' id='word_1_38' title='bbox 1720 813 1786 870; x_wconf 88' lang='lat' dir='ltr'><strong>Ut</strong></span> 
     </span>
    </p>
   </div>
   <div class='ocr_carea' id='block_1_6' title="bbox 189 908 1784 987">
    <p class='ocr_par' dir='ltr' id='par_1_6' title="bbox 189 908 1784 987">
     <span class='ocr_line' id='line_1_6' title="bbox 189 908 1784 987; baseline -0.007 -15"><span class='ocrx_word' id='word_1_39' title='bbox 189 921 323 972; x_wconf 72' lang='lat' dir='ltr'><strong>milli]</strong></span> <span class='ocrx_word' id='word_1_40' title='bbox 364 919 456 987; x_wconf 91' lang='lat' dir='ltr'><strong>qui</strong></span> <span class='ocrx_word' id='word_1_41' title='bbox 497 917 674 978; x_wconf 62' lang='lat' dir='ltr'><strong>mal-te,</strong></span> <span class='ocrx_word' id='word_1_42' title='bbox 703 914 962 969; x_wconf 77' lang='lat' dir='ltr'><strong>deformis</strong></span> <span class='ocrx_word' id='word_1_43' title='bbox 1011 909 1272 980; x_wconf 58' lang='lat' dir='ltr'><strong>{teditque</strong></span> <span class='ocrx_word' id='word_1_44' title='bbox 1318 908 1559 963; x_wconf 86' lang='lat' dir='ltr'><strong>mulieris</strong></span> <span class='ocrx_word' id='word_1_45' title='bbox 1601 921 1784 961; x_wconf 88' lang='lat' dir='ltr'><strong>amore</strong></span> 
     </span>
    </p>
   </div>
   <div class='ocr_carea' id='block_1_7' title="bbox 188 999 1783 1080">
    <p class='ocr_par' dir='ltr' id='par_1_7' title="bbox 188 999 1783 1080">
     <span class='ocr_line' id='line_1_7' title="bbox 188 999 1783 1080; baseline -0.007 -14"><span class='ocrx_word' id='word_1_46' title='bbox 188 1014 319 1080; x_wconf 66' lang='lat' dir='ltr'><strong>capti</strong></span> <span class='ocrx_word' id='word_1_47' title='bbox 348 1020 498 1072; x_wconf 85' lang='lat' dir='ltr'><strong>sunt,</strong></span> <span class='ocrx_word' id='word_1_48' title='bbox 530 1011 704 1065; x_wconf 89' lang='lat' dir='ltr'><strong>donec</strong></span> <span class='ocrx_word' id='word_1_49' title='bbox 733 1008 874 1061; x_wconf 89' lang='lat' dir='ltr'><strong>illam</strong></span> <span class='ocrx_word' id='word_1_50' title='bbox 913 1014 1113 1068; x_wconf 88' lang='lat' dir='ltr'><strong>amant,</strong></span> <span class='ocrx_word' id='word_1_51' title='bbox 1147 1020 1251 1057; x_wconf 91' lang='lat' dir='ltr'><strong>non</strong></span> <span class='ocrx_word' id='word_1_52' title='bbox 1284 1012 1508 1069; x_wconf 88' lang='lat' dir='ltr'><strong>possunt</strong></span> <span class='ocrx_word' id='word_1_53' title='bbox 1539 999 1654 1070; x_wconf 81' lang='lat' dir='ltr'><strong>ejus</strong></span> <span class='ocrx_word' id='word_1_54' title='bbox 1683 999 1783 1055; x_wconf 89' lang='lat' dir='ltr'><strong>de-</strong></span> 
     </span>
    </p>
   </div>
   <div class='ocr_carea' id='block_1_8' title="bbox 191 1095 1780 1169">
    <p class='ocr_par' dir='ltr' id='par_1_8' title="bbox 191 1095 1780 1169">
     <span class='ocr_line' id='line_1_8' title="bbox 191 1095 1780 1169; baseline -0.012 -4"><span class='ocrx_word' id='word_1_55' title='bbox 191 1111 509 1165; x_wconf 88' lang='lat' dir='ltr'><strong>formitatem</strong></span> <span class='ocrx_word' id='word_1_56' title='bbox 540 1107 745 1168; x_wconf 88' lang='lat' dir='ltr'><strong>videre,</strong></span> <span class='ocrx_word' id='word_1_57' title='bbox 783 1103 976 1157; x_wconf 78' lang='lat' dir='ltr'><strong>affectu</strong></span> <span class='ocrx_word' id='word_1_58' title='bbox 1003 1101 1262 1169; x_wconf 85' lang='lat' dir='ltr'><strong>judicium</strong></span> <span class='ocrx_word' id='word_1_59' title='bbox 1311 1099 1634 1152; x_wconf 88' lang='lat' dir='ltr'><strong>obscurante</strong></span> <span class='ocrx_word' id='word_1_60' title='bbox 1666 1114 1678 1146; x_wconf 90' lang='lat'><strong>:</strong></span> <span class='ocrx_word' id='word_1_61' title='bbox 1711 1095 1780 1147; x_wconf 88' lang='lat' dir='ltr'><strong>ita</strong></span> 
     </span>
    </p>
   </div>
   <div class='ocr_carea' id='block_1_9' title="bbox 186 1196 1769 1272">
    <p class='ocr_par' dir='ltr' id='par_1_9' title="bbox 186 1196 1769 1272">
     <span class='ocr_line' id='line_1_9' title="bbox 186 1196 1769 1272; baseline -0.01 -16"><span class='ocrx_word' id='word_1_62' title='bbox 186 1211 236 1256; x_wconf 86' lang='lat' dir='ltr'><strong>et</strong></span> <span class='ocrx_word' id='word_1_63' title='bbox 264 1203 347 1256; x_wconf 88' lang='lat' dir='ltr'><strong>hic</strong></span> <span class='ocrx_word' id='word_1_64' title='bbox 377 1199 640 1272; x_wconf 77' lang='lat' dir='ltr'><strong>quamdiu</strong></span> <span class='ocrx_word' id='word_1_65' title='bbox 668 1198 862 1253; x_wconf 73' lang='lat' dir='ltr'><strong>affectu</strong></span> <span class='ocrx_word' id='word_1_66' title='bbox 900 1196 1230 1258; x_wconf 89' lang='lat' dir='ltr'><strong>detinemur,</strong></span> <span class='ocrx_word' id='word_1_67' title='bbox 1259 1207 1480 1246; x_wconf 87' lang='lat' dir='ltr'><strong>cernere</strong></span> <span class='ocrx_word' id='word_1_68' title='bbox 1517 1204 1620 1242; x_wconf 90' lang='lat' dir='ltr'><strong>non</strong></span> <span class='ocrx_word' id='word_1_69' title='bbox 1651 1201 1769 1256; x_wconf 88' lang='lat' dir='ltr'><strong>pos--</strong></span> 
     </span>
    </p>
   </div>
   <div class='ocr_carea' id='block_1_10' title="bbox 187 1280 1776 1361">
    <p class='ocr_par' dir='ltr' id='par_1_10' title="bbox 187 1280 1776 1361">
     <span class='ocr_line' id='line_1_10' title="bbox 187 1280 1776 1361; baseline -0.011 -13"><span class='ocrx_word' id='word_1_70' title='bbox 187 1309 361 1348; x_wconf 83' lang='lat' dir='ltr'><strong>Smnus</strong></span> <span class='ocrx_word' id='word_1_71' title='bbox 391 1302 656 1361; x_wconf 88' lang='lat' dir='ltr'><strong>quantum</strong></span> <span class='ocrx_word' id='word_1_72' title='bbox 687 1294 758 1344; x_wconf 87' lang='lat' dir='ltr'><strong>sit</strong></span> <span class='ocrx_word' id='word_1_73' title='bbox 783 1289 1000 1343; x_wconf 88' lang='lat' dir='ltr'><strong>malum.</strong></span> <span class='ocrx_word' id='word_1_74' title='bbox 1039 1283 1320 1354; x_wconf 90' lang='lat' dir='ltr'><strong>Quomodo</strong></span> <span class='ocrx_word' id='word_1_75' title='bbox 1351 1297 1498 1352; x_wconf 86' lang='lat' dir='ltr'><strong>ergo,</strong></span> <span class='ocrx_word' id='word_1_76' title='bbox 1547 1280 1776 1350; x_wconf 79' lang='lat' dir='ltr'><strong>inquies,</strong></span> 
     </span>
    </p>
   </div>
   <div class='ocr_carea' id='block_1_11' title="bbox 185 1377 1779 1449">
    <p class='ocr_par' dir='ltr' id='par_1_11' title="bbox 185 1377 1779 1449">
     <span class='ocr_line' id='line_1_11' title="bbox 185 1377 1779 1449; baseline -0.01 -10"><span class='ocrx_word' id='word_1_77' title='bbox 185 1387 334 1438; x_wconf 83' lang='lat' dir='ltr'><strong>abeo</strong></span> <span class='ocrx_word' id='word_1_78' title='bbox 366 1381 759 1438; x_wconf 83' lang='lat' dir='ltr'><strong>liberabimur?</strong></span> <span class='ocrx_word' id='word_1_79' title='bbox 789 1380 974 1449; x_wconf 84' lang='lat' dir='ltr'><strong>Cogita</strong></span> <span class='ocrx_word' id='word_1_80' title='bbox 1015 1393 1136 1442; x_wconf 90' lang='lat' dir='ltr'><strong>eos,</strong></span> <span class='ocrx_word' id='word_1_81' title='bbox 1168 1377 1256 1446; x_wconf 91' lang='lat' dir='ltr'><strong>qui</strong></span> <span class='ocrx_word' id='word_1_82' title='bbox 1289 1377 1598 1429; x_wconf 79' lang='lat' dir='ltr'><strong>innumeras</strong></span> <span class='ocrx_word' id='word_1_83' title='bbox 1647 1386 1779 1441; x_wconf 85' lang='lat' dir='ltr'><strong>opes</strong></span> 
     </span>
    </p>
   </div>
   <div class='ocr_carea' id='block_1_12' title="bbox 185 1470 1777 1546">
    <p class='ocr_par' dir='ltr' id='par_1_12' title="bbox 185 1470 1777 1546">
     <span class='ocr_line' id='line_1_12' title="bbox 185 1470 1777 1546; baseline -0.005 -14"><span class='ocrx_word' id='word_1_84' title='bbox 185 1481 605 1546; x_wconf 72' lang='lat' dir='ltr'><strong>insumpsi-runt,</strong></span> <span class='ocrx_word' id='word_1_85' title='bbox 636 1485 690 1530; x_wconf 91' lang='lat' dir='ltr'><strong>et</strong></span> <span class='ocrx_word' id='word_1_86' title='bbox 715 1473 846 1527; x_wconf 84' lang='lat' dir='ltr'><strong>nihil</strong></span> <span class='ocrx_word' id='word_1_87' title='bbox 887 1473 1010 1527; x_wconf 90' lang='lat' dir='ltr'><strong>hinc</strong></span> <span class='ocrx_word' id='word_1_88' title='bbox 1047 1471 1250 1525; x_wconf 88' lang='lat' dir='ltr'><strong>fructus</strong></span> <span class='ocrx_word' id='word_1_89' title='bbox 1289 1471 1524 1526; x_wconf 86' lang='lat' dir='ltr'><strong>tulerunt</strong></span> <span class='ocrx_word' id='word_1_90' title='bbox 1559 1487 1573 1524; x_wconf 91' lang='lat'><strong>:</strong></span> <span class='ocrx_word' id='word_1_91' title='bbox 1604 1470 1777 1539; x_wconf 82' lang='lat' dir='ltr'><strong>cogita</strong></span> 
     </span>
    </p>
   </div>
   <div class='ocr_carea' id='block_1_13' title="bbox 183 1562 1779 1638">
    <p class='ocr_par' dir='ltr' id='par_1_13' title="bbox 183 1562 1779 1638">
     <span class='ocr_line' id='line_1_13' title="bbox 183 1562 1779 1638; baseline -0.005 -15"><span class='ocrx_word' id='word_1_92' title='bbox 183 1583 435 1634; x_wconf 82' lang='lat' dir='ltr'><strong>mortuos,</strong></span> <span class='ocrx_word' id='word_1_93' title='bbox 471 1570 563 1638; x_wconf 87' lang='lat' dir='ltr'><strong>qui</strong></span> <span class='ocrx_word' id='word_1_94' title='bbox 594 1579 791 1621; x_wconf 87' lang='lat' dir='ltr'><strong>tantam</strong></span> <span class='ocrx_word' id='word_1_95' title='bbox 838 1566 1016 1635; x_wconf 86' lang='lat' dir='ltr'><strong>adepti</strong></span> <span class='ocrx_word' id='word_1_96' title='bbox 1046 1574 1172 1618; x_wconf 87' lang='lat' dir='ltr'><strong>sunt</strong></span> <span class='ocrx_word' id='word_1_97' title='bbox 1198 1562 1445 1632; x_wconf 76' lang='lat' dir='ltr'><strong>gloriam,</strong></span> <span class='ocrx_word' id='word_1_98' title='bbox 1486 1562 1580 1616; x_wconf 78' lang='lat' dir='ltr'><strong>sed</strong></span> <span class='ocrx_word' id='word_1_99' title='bbox 1615 1564 1779 1616; x_wconf 86' lang='lat' dir='ltr'><strong>insta-</strong></span> 
     </span>
    </p>
   </div>
   <div class='ocr_carea' id='block_1_14' title="bbox 181 1659 1773 1733">
    <p class='ocr_par' dir='ltr' id='par_1_14' title="bbox 181 1659 1773 1733">
     <span class='ocr_line' id='line_1_14' title="bbox 181 1659 1773 1733; baseline -0.006 -16"><span class='ocrx_word' id='word_1_100' title='bbox 181 1663 357 1726; x_wconf 86' lang='lat' dir='ltr'><strong>bilem,</strong></span> <span class='ocrx_word' id='word_1_101' title='bbox 398 1680 524 1733; x_wconf 66' lang='lat' dir='ltr'><strong>quae</strong></span> <span class='ocrx_word' id='word_1_102' title='bbox 571 1663 728 1730; x_wconf 87' lang='lat' dir='ltr'><strong>periit</strong></span> <span class='ocrx_word' id='word_1_103' title='bbox 759 1668 812 1715; x_wconf 89' lang='lat' dir='ltr'><strong>et</strong></span> <span class='ocrx_word' id='word_1_104' title='bbox 837 1660 1053 1715; x_wconf 77' lang='lat' dir='ltr'><strong>evanuit</strong></span> <span class='ocrx_word' id='word_1_105' title='bbox 1084 1676 1097 1711; x_wconf 93' lang='lat'><strong>:</strong></span> <span class='ocrx_word' id='word_1_106' title='bbox 1125 1659 1296 1728; x_wconf 88' lang='lat' dir='ltr'><strong>cogita</strong></span> <span class='ocrx_word' id='word_1_107' title='bbox 1328 1673 1524 1711; x_wconf 84' lang='lat' dir='ltr'><strong>nomen</strong></span> <span class='ocrx_word' id='word_1_108' title='bbox 1569 1664 1773 1710; x_wconf 88' lang='lat' dir='ltr'><strong>tantntn</strong></span> 
     </span>
    </p>
   </div>
   <div class='ocr_carea' id='block_1_15' title="bbox 181 1749 1775 1821">
    <p class='ocr_par' dir='ltr' id='par_1_15' title="bbox 181 1749 1775 1821">
     <span class='ocr_line' id='line_1_15' title="bbox 181 1749 1775 1821; baseline -0.006 -12"><span class='ocrx_word' id='word_1_109' title='bbox 181 1772 312 1818; x_wconf 79' lang='lat' dir='ltr'><strong>esse,</strong></span> <span class='ocrx_word' id='word_1_110' title='bbox 347 1772 456 1809; x_wconf 90' lang='lat' dir='ltr'><strong>non</strong></span> <span class='ocrx_word' id='word_1_111' title='bbox 491 1770 627 1808; x_wconf 91' lang='lat' dir='ltr'><strong>rem.</strong></span> <span class='ocrx_word' id='word_1_112' title='bbox 659 1753 790 1808; x_wconf 84' lang='lat' dir='ltr'><strong>Nam</strong></span> <span class='ocrx_word' id='word_1_113' title='bbox 820 1752 943 1821; x_wconf 81' lang='lat' dir='ltr'><strong>quiti</strong></span> <span class='ocrx_word' id='word_1_114' title='bbox 973 1762 1052 1805; x_wconf 89' lang='lat' dir='ltr'><strong>est</strong></span> <span class='ocrx_word' id='word_1_115' title='bbox 1081 1751 1269 1819; x_wconf 78' lang='lat' dir='ltr'><strong>gloria,</strong></span> <span class='ocrx_word' id='word_1_116' title='bbox 1301 1750 1522 1819; x_wconf 78' lang='lat' dir='ltr'><strong>qureso?</strong></span> <span class='ocrx_word' id='word_1_117' title='bbox 1554 1749 1618 1803; x_wconf 88' lang='lat' dir='ltr'><strong>da</strong></span> <span class='ocrx_word' id='word_1_118' title='bbox 1644 1749 1775 1803; x_wconf 89' lang='lat' dir='ltr'><strong>deli-</strong></span> 
     </span>
    </p>
   </div>
   <div class='ocr_carea' id='block_1_16' title="bbox 179 1842 1774 1914">
    <p class='ocr_par' dir='ltr' id='par_1_16' title="bbox 179 1842 1774 1914">
     <span class='ocr_line' id='line_1_16' title="bbox 179 1842 1774 1914; baseline -0.004 -16"><span class='ocrx_word' id='word_1_119' title='bbox 179 1848 425 1900; x_wconf 89' lang='lat' dir='ltr'><strong>nitiouem</strong></span> <span class='ocrx_word' id='word_1_120' title='bbox 460 1847 720 1914; x_wconf 88' lang='lat' dir='ltr'><strong>aliquam.</strong></span> <span class='ocrx_word' id='word_1_121' title='bbox 752 1843 907 1912; x_wconf 80' lang='lat' dir='ltr'><strong>Apud</strong></span> <span class='ocrx_word' id='word_1_122' title='bbox 931 1858 1120 1896; x_wconf 85' lang='lat' dir='ltr'><strong>otnnes</strong></span> <span class='ocrx_word' id='word_1_123' title='bbox 1145 1842 1485 1896; x_wconf 88' lang='lat' dir='ltr'><strong>admirationi</strong></span> <span class='ocrx_word' id='word_1_124' title='bbox 1520 1857 1661 1906; x_wconf 90' lang='lat' dir='ltr'><strong>esse,</strong></span> <span class='ocrx_word' id='word_1_125' title='bbox 1695 1842 1774 1892; x_wconf 83' lang='lat' dir='ltr'><strong>in-</strong></span> 
     </span>
    </p>
   </div>
   <div class='ocr_carea' id='block_1_17' title="bbox 176 1931 1770 2006">
    <p class='ocr_par' dir='ltr' id='par_1_17' title="bbox 176 1931 1770 2006">
     <span class='ocr_line' id='line_1_17' title="bbox 176 1931 1770 2006; baseline -0.003 -16"><span class='ocrx_word' id='word_1_126' title='bbox 176 1940 340 2006; x_wconf 88' lang='lat' dir='ltr'><strong>quies.</strong></span> <span class='ocrx_word' id='word_1_127' title='bbox 377 1939 460 1991; x_wconf 85' lang='lat' dir='ltr'><strong>An</strong></span> <span class='ocrx_word' id='word_1_128' title='bbox 489 1937 633 2006; x_wconf 86' lang='lat' dir='ltr'><strong>jure,</strong></span> <span class='ocrx_word' id='word_1_129' title='bbox 661 1952 727 1989; x_wconf 91' lang='lat' dir='ltr'><strong>an</strong></span> <span class='ocrx_word' id='word_1_130' title='bbox 763 1934 997 2003; x_wconf 83' lang='lat' dir='ltr'><strong>injuria?</strong></span> <span class='ocrx_word' id='word_1_131' title='bbox 1042 1934 1097 1988; x_wconf 77' lang='lat' dir='ltr'><strong>Si</strong></span> <span class='ocrx_word' id='word_1_132' title='bbox 1130 1934 1342 2003; x_wconf 81' lang='lat' dir='ltr'><strong>injuria.</strong></span> <span class='ocrx_word' id='word_1_133' title='bbox 1376 1950 1480 1987; x_wconf 89' lang='lat' dir='ltr'><strong>non</strong></span> <span class='ocrx_word' id='word_1_134' title='bbox 1511 1935 1611 1986; x_wconf 86' lang='lat' dir='ltr'><strong>erit</strong></span> <span class='ocrx_word' id='word_1_135' title='bbox 1645 1931 1770 1985; x_wconf 90' lang='lat' dir='ltr'><strong>illud</strong></span> 
     </span>
    </p>
   </div>
   <div class='ocr_carea' id='block_1_18' title="bbox 175 2025 1770 2110">
    <p class='ocr_par' dir='ltr' id='par_1_18' title="bbox 175 2025 1770 2110">
     <span class='ocr_line' id='line_1_18' title="bbox 175 2025 1770 2110; baseline -0.003 -29"><span class='ocrx_word' id='word_1_136' title='bbox 175 2030 472 2093; x_wconf 84' lang='lat' dir='ltr'><strong>admiratio,</strong></span> <span class='ocrx_word' id='word_1_137' title='bbox 505 2029 598 2083; x_wconf 89' lang='lat' dir='ltr'><strong>sed</strong></span> <span class='ocrx_word' id='word_1_138' title='bbox 627 2027 919 2088; x_wconf 80' lang='lat' dir='ltr'><strong>accusatio,</strong></span> <span class='ocrx_word' id='word_1_139' title='bbox 954 2026 1210 2088; x_wconf 76' lang='lat' dir='ltr'><strong>adulatio,</strong></span> <span class='ocrx_word' id='word_1_140' title='bbox 1247 2025 1516 2110; x_wconf 51' lang='lat' dir='ltr'><strong>galamnia</strong></span> <span class='ocrx_word' id='word_1_141' title='bbox 1549 2041 1561 2076; x_wconf 90' lang='lat'><strong>:</strong></span> <span class='ocrx_word' id='word_1_142' title='bbox 1597 2025 1638 2077; x_wconf 93' lang='lat' dir='ltr'><strong>si</strong></span> <span class='ocrx_word' id='word_1_143' title='bbox 1671 2039 1770 2076; x_wconf 86' lang='lat' dir='ltr'><strong>att-</strong></span> 
     </span>
    </p>
   </div>
   <div class='ocr_carea' id='block_1_19' title="bbox 177 2117 1769 2190">
    <p class='ocr_par' dir='ltr' id='par_1_19' title="bbox 177 2117 1769 2190">
     <span class='ocr_line' id='line_1_19' title="bbox 177 2117 1769 2190; baseline -0.004 -16"><span class='ocrx_word' id='word_1_144' title='bbox 177 2131 273 2174; x_wconf 89' lang='lat' dir='ltr'><strong>tem</strong></span> <span class='ocrx_word' id='word_1_145' title='bbox 314 2123 458 2187; x_wconf 90' lang='lat' dir='ltr'><strong>jure,</strong></span> <span class='ocrx_word' id='word_1_146' title='bbox 515 2120 566 2175; x_wconf 92' lang='lat' dir='ltr'><strong>id</strong></span> <span class='ocrx_word' id='word_1_147' title='bbox 614 2120 869 2190; x_wconf 86' lang='lat' dir='ltr'><strong>possibile</strong></span> <span class='ocrx_word' id='word_1_148' title='bbox 915 2134 1020 2172; x_wconf 92' lang='lat' dir='ltr'><strong>non</strong></span> <span class='ocrx_word' id='word_1_149' title='bbox 1067 2127 1190 2179; x_wconf 83' lang='lat' dir='ltr'><strong>est;</strong></span> <span class='ocrx_word' id='word_1_150' title='bbox 1226 2117 1415 2185; x_wconf 73' lang='lat' dir='ltr'><strong>vulgus</strong></span> <span class='ocrx_word' id='word_1_151' title='bbox 1446 2117 1588 2169; x_wconf 91' lang='lat' dir='ltr'><strong>enim</strong></span> <span class='ocrx_word' id='word_1_152' title='bbox 1622 2125 1769 2168; x_wconf 91' lang='lat' dir='ltr'><strong>recto</strong></span> 
     </span>
    </p>
   </div>
   <div class='ocr_carea' id='block_1_20' title="bbox 175 2210 1768 2283">
    <p class='ocr_par' dir='ltr' id='par_1_20' title="bbox 175 2210 1768 2283">
     <span class='ocr_line' id='line_1_20' title="bbox 175 2210 1768 2283; baseline -0.006 -15"><span class='ocrx_word' id='word_1_153' title='bbox 175 2225 310 2268; x_wconf 82' lang='lat' dir='ltr'><strong>caret</strong></span> <span class='ocrx_word' id='word_1_154' title='bbox 338 2213 568 2283; x_wconf 90' lang='lat' dir='ltr'><strong>judicio,</strong></span> <span class='ocrx_word' id='word_1_155' title='bbox 598 2222 652 2266; x_wconf 89' lang='lat' dir='ltr'><strong>et</strong></span> <span class='ocrx_word' id='word_1_156' title='bbox 683 2214 801 2266; x_wconf 92' lang='lat' dir='ltr'><strong>illos</strong></span> <span class='ocrx_word' id='word_1_157' title='bbox 830 2213 1075 2276; x_wconf 86' lang='lat' dir='ltr'><strong>miratur,</strong></span> <span class='ocrx_word' id='word_1_158' title='bbox 1105 2211 1191 2280; x_wconf 92' lang='lat' dir='ltr'><strong>qni</strong></span> <span class='ocrx_word' id='word_1_159' title='bbox 1223 2212 1335 2264; x_wconf 79' lang='lat' dir='ltr'><strong>Suis</strong></span> <span class='ocrx_word' id='word_1_160' title='bbox 1361 2210 1604 2264; x_wconf 76' lang='lat' dir='ltr'><strong>serviunt</strong></span> <span class='ocrx_word' id='word_1_161' title='bbox 1633 2224 1768 2263; x_wconf 87' lang='lat' dir='ltr'><strong>con-</strong></span> 
     </span>
    </p>
   </div>
   <div class='ocr_carea' id='block_1_21' title="bbox 175 2302 1761 2375">
    <p class='ocr_par' dir='ltr' id='par_1_21' title="bbox 175 2302 1761 2375">
     <span class='ocr_line' id='line_1_21' title="bbox 175 2302 1761 2375; baseline -0.004 -16"><span class='ocrx_word' id='word_1_162' title='bbox 175 2307 530 2375; x_wconf 89' lang='lat' dir='ltr'><strong>cupiseentiis.</strong></span> <span class='ocrx_word' id='word_1_163' title='bbox 578 2306 642 2360; x_wconf 87' lang='lat' dir='ltr'><strong>Et</strong></span> <span class='ocrx_word' id='word_1_164' title='bbox 681 2304 725 2358; x_wconf 92' lang='lat' dir='ltr'><strong>si</strong></span> <span class='ocrx_word' id='word_1_165' title='bbox 774 2307 954 2368; x_wconf 87' lang='lat' dir='ltr'><strong>vultis,</strong></span> <span class='ocrx_word' id='word_1_166' title='bbox 999 2306 1116 2358; x_wconf 77' lang='lat' dir='ltr'><strong>illos</strong></span> <span class='ocrx_word' id='word_1_167' title='bbox 1173 2302 1456 2363; x_wconf 88' lang='lat' dir='ltr'><strong>attendite,</strong></span> <span class='ocrx_word' id='word_1_168' title='bbox 1506 2302 1594 2368; x_wconf 91' lang='lat' dir='ltr'><strong>qui</strong></span> <span class='ocrx_word' id='word_1_169' title='bbox 1646 2316 1761 2353; x_wconf 89' lang='lat' dir='ltr'><strong>me-</strong></span> 
     </span>
    </p>
   </div>
   <div class='ocr_carea' id='block_1_22' title="bbox 174 2393 1757 2466">
    <p class='ocr_par' dir='ltr' id='par_1_22' title="bbox 174 2393 1757 2466">
     <span class='ocr_line' id='line_1_22' title="bbox 174 2393 1757 2466; baseline -0.007 -11"><span class='ocrx_word' id='word_1_170' title='bbox 174 2403 446 2457; x_wconf 87' lang='lat' dir='ltr'><strong>relricibus</strong></span> <span class='ocrx_word' id='word_1_171' title='bbox 493 2401 674 2455; x_wconf 90' lang='lat' dir='ltr'><strong>omnia</strong></span> <span class='ocrx_word' id='word_1_172' title='bbox 727 2414 823 2454; x_wconf 90' lang='lat' dir='ltr'><strong>sua</strong></span> <span class='ocrx_word' id='word_1_173' title='bbox 877 2399 1179 2460; x_wconf 88' lang='lat' dir='ltr'><strong>dederunt,</strong></span> <span class='ocrx_word' id='word_1_174' title='bbox 1239 2397 1326 2466; x_wconf 90' lang='lat' dir='ltr'><strong>qui</strong></span> <span class='ocrx_word' id='word_1_175' title='bbox 1378 2394 1615 2464; x_wconf 82' lang='lat' dir='ltr'><strong>aurigis,</strong></span> <span class='ocrx_word' id='word_1_176' title='bbox 1669 2393 1757 2462; x_wconf 89' lang='lat' dir='ltr'><strong>qui</strong></span> 
     </span>
    </p>
   </div>
   <div class='ocr_carea' id='block_1_23' title="bbox 173 2487 1762 2562">
    <p class='ocr_par' dir='ltr' id='par_1_23' title="bbox 173 2487 1762 2562">
     <span class='ocr_line' id='line_1_23' title="bbox 173 2487 1762 2562; baseline -0.006 -12"><span class='ocrx_word' id='word_1_177' title='bbox 173 2499 532 2552; x_wconf 83' lang='lat' dir='ltr'><strong>saltatoribus.</strong></span> <span class='ocrx_word' id='word_1_178' title='bbox 591 2499 660 2552; x_wconf 83' lang='lat' dir='ltr'><strong>At</strong></span> <span class='ocrx_word' id='word_1_179' title='bbox 710 2512 814 2550; x_wconf 92' lang='lat' dir='ltr'><strong>non</strong></span> <span class='ocrx_word' id='word_1_180' title='bbox 863 2495 997 2558; x_wconf 90' lang='lat' dir='ltr'><strong>hos,</strong></span> <span class='ocrx_word' id='word_1_181' title='bbox 1054 2493 1283 2562; x_wconf 85' lang='lat' dir='ltr'><strong>inquies,</strong></span> <span class='ocrx_word' id='word_1_182' title='bbox 1340 2491 1605 2554; x_wconf 86' lang='lat' dir='ltr'><strong>dicinms;</strong></span> <span class='ocrx_word' id='word_1_183' title='bbox 1669 2487 1762 2542; x_wconf 88' lang='lat' dir='ltr'><strong>sed</strong></span> 
     </span>
    </p>
   </div>
   <div class='ocr_carea' id='block_1_24' title="bbox 173 2580 1764 2659">
    <p class='ocr_par' dir='ltr' id='par_1_24' title="bbox 173 2580 1764 2659">
     <span class='ocr_line' id='line_1_24' title="bbox 173 2580 1764 2659; baseline -0.008 -16"><span class='ocrx_word' id='word_1_184' title='bbox 173 2587 352 2656; x_wconf 70' lang='lat' dir='ltr'><strong>justas.</strong></span> <span class='ocrx_word' id='word_1_185' title='bbox 406 2601 609 2654; x_wconf 85' lang='lat' dir='ltr'><strong>rectos,</strong></span> <span class='ocrx_word' id='word_1_186' title='bbox 644 2590 734 2659; x_wconf 90' lang='lat' dir='ltr'><strong>qui</strong></span> <span class='ocrx_word' id='word_1_187' title='bbox 777 2603 969 2658; x_wconf 83' lang='lat' dir='ltr'><strong>magna</strong></span> <span class='ocrx_word' id='word_1_188' title='bbox 1020 2595 1245 2655; x_wconf 87' lang='lat' dir='ltr'><strong>possunt</strong></span> <span class='ocrx_word' id='word_1_189' title='bbox 1291 2592 1552 2653; x_wconf 82' lang='lat' dir='ltr'><strong>pra-stare</strong></span> <span class='ocrx_word' id='word_1_190' title='bbox 1599 2580 1764 2634; x_wconf 90' lang='lat' dir='ltr'><strong>bona.</strong></span> 
     </span>
    </p>
   </div>
   <div class='ocr_carea' id='block_1_25' title="bbox 1164 417 2525 479">
    <p class='ocr_par' dir='ltr' id='par_1_25' title="bbox 1164 417 2525 479">
     <span class='ocr_line' id='line_1_25' title="bbox 1164 417 2525 479; baseline -0.005 0"><span class='ocrx_word' id='word_1_191' title='bbox 1164 425 1228 479; x_wconf 84' lang='lat' dir='ltr'><strong>IN</strong></span> <span class='ocrx_word' id='word_1_192' title='bbox 1269 425 1447 479; x_wconf 71' lang='lat' dir='ltr'><strong>ACTA</strong></span> <span class='ocrx_word' id='word_1_193' title='bbox 1493 417 2015 476; x_wconf 76' lang='lat' dir='ltr'><strong>Al’OSTOLUllUM.</strong></span> <span class='ocrx_word' id='word_1_194' title='bbox 2061 419 2285 475; x_wconf 70' lang='lat' dir='ltr'><strong>llOlllL.</strong></span> <span class='ocrx_word' id='word_1_195' title='bbox 2336 419 2525 476; x_wconf 73' lang='lat' dir='ltr'><strong>XXIX.</strong></span> 
     </span>
    </p>
   </div>
   <div class='ocr_carea' id='block_1_26' title="bbox 3458 279 3479 304">
    <p class='ocr_par' dir='ltr' id='par_1_26' title="bbox 3458 279 3479 304">
     <span class='ocr_line' id='line_1_26' title="bbox 3458 279 3479 304; baseline 0 0"><span class='ocrx_word' id='word_1_196' title='bbox 3458 279 3479 304; x_wconf 76' lang='grc' dir='ltr'><strong><em>Ι</em></strong></span> 
     </span>
    </p>
   </div>
   <div class='ocr_carea' id='block_1_27' title="bbox 3400 423 3501 476">
    <p class='ocr_par' dir='ltr' id='par_1_27' title="bbox 3400 423 3501 476">
     <span class='ocr_line' id='line_1_27' title="bbox 3400 423 3501 476; baseline 0 0"><span class='ocrx_word' id='word_1_197' title='bbox 3400 423 3501 476; x_wconf 70' lang='grc' dir='ltr'>ΞΜ</span> 
     </span>
    </p>
   </div>
   <div class='ocr_carea' id='block_1_28' title="bbox 1908 535 3502 606">
    <p class='ocr_par' dir='ltr' id='par_1_28' title="bbox 1908 535 3502 606">
     <span class='ocr_line' id='line_1_28' title="bbox 1908 535 3502 606; baseline 0.002 -14"><span class='ocrx_word' id='word_1_198' title='bbox 1908 535 2120 592; x_wconf 87' lang='lat' dir='ltr'><strong>Utinam</strong></span> <span class='ocrx_word' id='word_1_199' title='bbox 2174 537 2392 598; x_wconf 74' lang='lat' dir='ltr'><strong>vellent,</strong></span> <span class='ocrx_word' id='word_1_200' title='bbox 2446 547 2495 591; x_wconf 89' lang='lat' dir='ltr'><strong>et</strong></span> <span class='ocrx_word' id='word_1_201' title='bbox 2547 537 2728 591; x_wconf 84' lang='lat' dir='ltr'><strong>statim</strong></span> <span class='ocrx_word' id='word_1_202' title='bbox 2774 539 2912 592; x_wconf 81' lang='lat' dir='ltr'><strong>bona</strong></span> <span class='ocrx_word' id='word_1_203' title='bbox 2961 537 3278 606; x_wconf 86' lang='lat' dir='ltr'><strong>perlicerent</strong></span> <span class='ocrx_word' id='word_1_204' title='bbox 3312 556 3326 591; x_wconf 88' lang='lat'><strong>:</strong></span> <span class='ocrx_word' id='word_1_205' title='bbox 3360 554 3502 595; x_wconf 77' lang='lat' dir='ltr'><strong>tuum</strong></span> 
     </span>
    </p>
   </div>
   <div class='ocr_carea' id='block_1_29' title="bbox 1893 629 3488 698">
    <p class='ocr_par' dir='ltr' id='par_1_29' title="bbox 1893 629 3488 698">
     <span class='ocr_line' id='line_1_29' title="bbox 1893 629 3488 698; baseline 0.002 -16"><span class='ocrx_word' id='word_1_206' title='bbox 1893 645 2024 683; x_wconf 72' lang='lat' dir='ltr'><strong>vero</strong></span> <span class='ocrx_word' id='word_1_207' title='bbox 2063 630 2193 684; x_wconf 81' lang='lat' dir='ltr'><strong>nihil</strong></span> <span class='ocrx_word' id='word_1_208' title='bbox 2239 629 2542 696; x_wconf 90' lang='lat' dir='ltr'><strong>lmjnsmodi</strong></span> <span class='ocrx_word' id='word_1_209' title='bbox 2591 630 2810 685; x_wconf 89' lang='lat' dir='ltr'><strong>faciunt.</strong></span> <span class='ocrx_word' id='word_1_210' title='bbox 2859 631 3010 698; x_wconf 85' lang='lat' dir='ltr'><strong>Quis,</strong></span> <span class='ocrx_word' id='word_1_211' title='bbox 3055 631 3488 698; x_wconf 50' lang='lat' dir='ltr'><strong>quaiso,jnstum</strong></span> 
     </span>
    </p>
   </div>
   <div class='ocr_carea' id='block_1_30' title="bbox 1891 720 3490 777">
    <p class='ocr_par' dir='ltr' id='par_1_30' title="bbox 1891 720 3490 777">
     <span class='ocr_line' id='line_1_30' title="bbox 1891 720 3490 777; baseline 0 -2"><span class='ocrx_word' id='word_1_212' title='bbox 1891 729 1944 775; x_wconf 85' lang='lat' dir='ltr'><strong>et</strong></span> <span class='ocrx_word' id='word_1_213' title='bbox 1986 731 2194 775; x_wconf 87' lang='lat' dir='ltr'><strong>rectum</strong></span> <span class='ocrx_word' id='word_1_214' title='bbox 2242 736 2383 775; x_wconf 89' lang='lat' dir='ltr'><strong>nunc</strong></span> <span class='ocrx_word' id='word_1_215' title='bbox 2430 720 2655 774; x_wconf 90' lang='lat' dir='ltr'><strong>laudat?</strong></span> <span class='ocrx_word' id='word_1_216' title='bbox 2694 720 3036 776; x_wconf 83' lang='lat' dir='ltr'><strong>Contrarium</strong></span> <span class='ocrx_word' id='word_1_217' title='bbox 3087 731 3236 777; x_wconf 79' lang='lat' dir='ltr'><strong>certe</strong></span> <span class='ocrx_word' id='word_1_218' title='bbox 3276 723 3490 776; x_wconf 88' lang='lat' dir='ltr'><strong>accidit.</strong></span> 
     </span>
    </p>
   </div>
   <div class='ocr_carea' id='block_1_31' title="bbox 1890 797 3492 885">
    <p class='ocr_par' dir='ltr' id='par_1_31' title="bbox 1890 797 3492 885">
     <span class='ocr_line' id='line_1_31' title="bbox 1890 797 3492 885; baseline 0.001 -18"><span class='ocrx_word' id='word_1_219' title='bbox 1890 816 2026 882; x_wconf 84' lang='lat' dir='ltr'><strong>Quid</strong></span> <span class='ocrx_word' id='word_1_220' title='bbox 2056 815 2297 885; x_wconf 77' lang='lat' dir='ltr'><strong>frigidius</strong></span> <span class='ocrx_word' id='word_1_221' title='bbox 2320 816 2482 884; x_wconf 84' lang='lat' dir='ltr'><strong>justo.</strong></span> <span class='ocrx_word' id='word_1_222' title='bbox 2528 816 2571 868; x_wconf 87' lang='lat' dir='ltr'><strong>si</strong></span> <span class='ocrx_word' id='word_1_223' title='bbox 2614 797 2927 884; x_wconf 71' lang='lat' dir='ltr'><strong>prteclarntn</strong></span> <span class='ocrx_word' id='word_1_224' title='bbox 2960 815 3088 883; x_wconf 92' lang='lat' dir='ltr'><strong>quid</strong></span> <span class='ocrx_word' id='word_1_225' title='bbox 3119 830 3304 884; x_wconf 81' lang='lat' dir='ltr'><strong>agens,</strong></span> <span class='ocrx_word' id='word_1_226' title='bbox 3351 816 3492 884; x_wconf 80' lang='lat' dir='ltr'><strong>vulgi</strong></span> 
     </span>
    </p>
   </div>
   <div class='ocr_carea' id='block_1_32' title="bbox 1888 908 3504 981">
    <p class='ocr_par' dir='ltr' id='par_1_32' title="bbox 1888 908 3504 981">
     <span class='ocr_line' id='line_1_32' title="bbox 1888 908 3504 981; baseline -0.003 -19"><span class='ocrx_word' id='word_1_227' title='bbox 1888 911 2115 981; x_wconf 85' lang='lat' dir='ltr'><strong>gloriam</strong></span> <span class='ocrx_word' id='word_1_228' title='bbox 2166 910 2423 978; x_wconf 79' lang='lat' dir='ltr'><strong>expetat?</strong></span> <span class='ocrx_word' id='word_1_229' title='bbox 2452 909 2563 963; x_wconf 87' lang='lat' dir='ltr'><strong>Hoc</strong></span> <span class='ocrx_word' id='word_1_230' title='bbox 2605 911 2750 962; x_wconf 90' lang='lat' dir='ltr'><strong>enim</strong></span> <span class='ocrx_word' id='word_1_231' title='bbox 2805 909 2932 978; x_wconf 86' lang='lat' dir='ltr'><strong>agit,</strong></span> <span class='ocrx_word' id='word_1_232' title='bbox 2966 924 3029 961; x_wconf 92' lang='lat' dir='ltr'><strong>ac</strong></span> <span class='ocrx_word' id='word_1_233' title='bbox 3074 909 3117 961; x_wconf 89' lang='lat' dir='ltr'><strong>si</strong></span> <span class='ocrx_word' id='word_1_234' title='bbox 3167 908 3288 978; x_wconf 89' lang='lat' dir='ltr'><strong>quis</strong></span> <span class='ocrx_word' id='word_1_235' title='bbox 3321 909 3504 976; x_wconf 76' lang='lat' dir='ltr'><strong>pictor-</strong></span> 
     </span>
    </p>
   </div>
   <div class='ocr_carea' id='block_1_33' title="bbox 1885 1000 3496 1070">
    <p class='ocr_par' dir='ltr' id='par_1_33' title="bbox 1885 1000 3496 1070">
     <span class='ocr_line' id='line_1_33' title="bbox 1885 1000 3496 1070; baseline -0.001 -16"><span class='ocrx_word' id='word_1_236' title='bbox 1885 1004 2121 1069; x_wconf 88' lang='lat' dir='ltr'><strong>optimus</strong></span> <span class='ocrx_word' id='word_1_237' title='bbox 2173 1003 2312 1070; x_wconf 86' lang='lat' dir='ltr'><strong>regis</strong></span> <span class='ocrx_word' id='word_1_238' title='bbox 2361 1001 2644 1069; x_wconf 78' lang='lat' dir='ltr'><strong>imaginem</strong></span> <span class='ocrx_word' id='word_1_239' title='bbox 2692 1001 2934 1069; x_wconf 86' lang='lat' dir='ltr'><strong>pingens,</strong></span> <span class='ocrx_word' id='word_1_240' title='bbox 2981 1000 3355 1068; x_wconf 89' lang='lat' dir='ltr'><strong>imperitorum</strong></span> <span class='ocrx_word' id='word_1_241' title='bbox 3379 1001 3496 1053; x_wconf 57' lang='lat' dir='ltr'><strong>lan.</strong></span> 
     </span>
    </p>
   </div>
   <div class='ocr_carea' id='block_1_34' title="bbox 1885 1092 3494 1163">
    <p class='ocr_par' dir='ltr' id='par_1_34' title="bbox 1885 1092 3494 1163">
     <span class='ocr_line' id='line_1_34' title="bbox 1885 1092 3494 1163; baseline -0.001 -16"><span class='ocrx_word' id='word_1_242' title='bbox 1885 1095 1982 1148; x_wconf 88' lang='lat' dir='ltr'><strong>des</strong></span> <span class='ocrx_word' id='word_1_243' title='bbox 2020 1094 2270 1163; x_wconf 76' lang='lat' dir='ltr'><strong>excipiat.</strong></span> <span class='ocrx_word' id='word_1_244' title='bbox 2311 1093 2560 1157; x_wconf 81' lang='lat' dir='ltr'><strong>Alioquin</strong></span> <span class='ocrx_word' id='word_1_245' title='bbox 2597 1101 2774 1146; x_wconf 89' lang='lat' dir='ltr'><strong>autem</strong></span> <span class='ocrx_word' id='word_1_246' title='bbox 2820 1092 2911 1162; x_wconf 82' lang='lat' dir='ltr'><strong>qui</strong></span> <span class='ocrx_word' id='word_1_247' title='bbox 2954 1094 3242 1145; x_wconf 87' lang='lat' dir='ltr'><strong>humanam</strong></span> <span class='ocrx_word' id='word_1_248' title='bbox 3288 1101 3494 1160; x_wconf 84' lang='lat' dir='ltr'><strong>spectat</strong></span> 
     </span>
    </p>
   </div>
   <div class='ocr_carea' id='block_1_35' title="bbox 1883 1183 3492 1254">
    <p class='ocr_par' dir='ltr' id='par_1_35' title="bbox 1883 1183 3492 1254">
     <span class='ocr_line' id='line_1_35' title="bbox 1883 1183 3492 1254; baseline 0 -17"><span class='ocrx_word' id='word_1_249' title='bbox 1883 1186 2146 1254; x_wconf 76' lang='lat' dir='ltr'><strong>gloriam,</strong></span> <span class='ocrx_word' id='word_1_250' title='bbox 2201 1201 2229 1237; x_wconf 90' lang='lat' dir='ltr'><strong>a</strong></span> <span class='ocrx_word' id='word_1_251' title='bbox 2287 1185 2541 1238; x_wconf 81' lang='lat' dir='ltr'><strong>virtutum</strong></span> <span class='ocrx_word' id='word_1_252' title='bbox 2598 1185 2855 1238; x_wconf 80' lang='lat' dir='ltr'><strong>exercitio</strong></span> <span class='ocrx_word' id='word_1_253' title='bbox 2900 1185 3007 1238; x_wconf 90' lang='lat' dir='ltr'><strong>cito</strong></span> <span class='ocrx_word' id='word_1_254' title='bbox 3059 1183 3303 1239; x_wconf 83' lang='lat' dir='ltr'><strong>desistet.</strong></span> <span class='ocrx_word' id='word_1_255' title='bbox 3360 1184 3492 1238; x_wconf 84' lang='lat' dir='ltr'><strong>Nam</strong></span> 
     </span>
    </p>
   </div>
   <div class='ocr_carea' id='block_1_36' title="bbox 1884 1276 3496 1347">
    <p class='ocr_par' dir='ltr' id='par_1_36' title="bbox 1884 1276 3496 1347">
     <span class='ocr_line' id='line_1_36' title="bbox 1884 1276 3496 1347; baseline 0.001 -16"><span class='ocrx_word' id='word_1_256' title='bbox 1884 1279 1928 1331; x_wconf 88' lang='lat' dir='ltr'><strong>si</strong></span> <span class='ocrx_word' id='word_1_257' title='bbox 1980 1278 2045 1331; x_wconf 87' lang='lat' dir='ltr'><strong>ad</strong></span> <span class='ocrx_word' id='word_1_258' title='bbox 2099 1277 2282 1332; x_wconf 88' lang='lat' dir='ltr'><strong>laudes</strong></span> <span class='ocrx_word' id='word_1_259' title='bbox 2323 1278 2535 1332; x_wconf 89' lang='lat' dir='ltr'><strong>illorum</strong></span> <span class='ocrx_word' id='word_1_260' title='bbox 2589 1278 2778 1340; x_wconf 90' lang='lat' dir='ltr'><strong>inhiet,</strong></span> <span class='ocrx_word' id='word_1_261' title='bbox 2834 1277 2948 1331; x_wconf 76' lang='lat' dir='ltr'><strong>inec</strong></span> <span class='ocrx_word' id='word_1_262' title='bbox 2994 1276 3150 1331; x_wconf 86' lang='lat' dir='ltr'><strong>faciet</strong></span> <span class='ocrx_word' id='word_1_263' title='bbox 3196 1293 3316 1347; x_wconf 75' lang='lat' dir='ltr'><strong>qua:</strong></span> <span class='ocrx_word' id='word_1_264' title='bbox 3363 1279 3496 1347; x_wconf 85' lang='lat' dir='ltr'><strong>ipsis</strong></span> 
     </span>
    </p>
   </div>
   <div class='ocr_carea' id='block_1_37' title="bbox 1886 1370 3495 1441">
    <p class='ocr_par' dir='ltr' id='par_1_37' title="bbox 1886 1370 3495 1441">
     <span class='ocr_line' id='line_1_37' title="bbox 1886 1370 3495 1441; baseline 0.002 -19"><span class='ocrx_word' id='word_1_265' title='bbox 1886 1371 2192 1437; x_wconf 89' lang='lat' dir='ltr'><strong>placebunt,</strong></span> <span class='ocrx_word' id='word_1_266' title='bbox 2226 1386 2330 1424; x_wconf 91' lang='lat' dir='ltr'><strong>non</strong></span> <span class='ocrx_word' id='word_1_267' title='bbox 2360 1387 2480 1439; x_wconf 78' lang='lat' dir='ltr'><strong>quze</strong></span> <span class='ocrx_word' id='word_1_268' title='bbox 2511 1371 2632 1425; x_wconf 87' lang='lat' dir='ltr'><strong>sibi.</strong></span> <span class='ocrx_word' id='word_1_269' title='bbox 2664 1370 2817 1438; x_wconf 85' lang='lat' dir='ltr'><strong>Quod</strong></span> <span class='ocrx_word' id='word_1_270' title='bbox 2847 1386 2975 1441; x_wconf 82' lang='lat' dir='ltr'><strong>ergo</strong></span> <span class='ocrx_word' id='word_1_271' title='bbox 2997 1371 3109 1440; x_wconf 87' lang='lat' dir='ltr'><strong>jam</strong></span> <span class='ocrx_word' id='word_1_272' title='bbox 3137 1371 3291 1425; x_wconf 87' lang='lat' dir='ltr'><strong>vobis</strong></span> <span class='ocrx_word' id='word_1_273' title='bbox 3314 1375 3495 1426; x_wconf 56' lang='lat' dir='ltr'><strong>conisi--</strong></span> 
     </span>
    </p>
   </div>
   <div class='ocr_carea' id='block_1_38' title="bbox 1884 1461 3492 1535">
    <p class='ocr_par' dir='ltr' id='par_1_38' title="bbox 1884 1461 3492 1535">
     <span class='ocr_line' id='line_1_38' title="bbox 1884 1461 3492 1535; baseline 0.004 -23"><span class='ocrx_word' id='word_1_274' title='bbox 1884 1461 2011 1514; x_wconf 88' lang='lat' dir='ltr'><strong>lium</strong></span> <span class='ocrx_word' id='word_1_275' title='bbox 2045 1461 2334 1516; x_wconf 77' lang='lat' dir='ltr'><strong>dederim?</strong></span> <span class='ocrx_word' id='word_1_276' title='bbox 2369 1464 2480 1517; x_wconf 87' lang='lat' dir='ltr'><strong>Deo</strong></span> <span class='ocrx_word' id='word_1_277' title='bbox 2507 1463 2743 1516; x_wconf 91' lang='lat' dir='ltr'><strong>animum</strong></span> <span class='ocrx_word' id='word_1_278' title='bbox 2777 1462 3059 1528; x_wconf 86' lang='lat' dir='ltr'><strong>adhibere,</strong></span> <span class='ocrx_word' id='word_1_279' title='bbox 3103 1462 3235 1516; x_wconf 85' lang='lat' dir='ltr'><strong>satis</strong></span> <span class='ocrx_word' id='word_1_280' title='bbox 3267 1461 3492 1535; x_wconf 88' lang='lat' dir='ltr'><strong>habere,</strong></span> 
     </span>
    </p>
   </div>
   <div class='ocr_carea' id='block_1_39' title="bbox 1882 1558 3490 1626">
    <p class='ocr_par' dir='ltr' id='par_1_39' title="bbox 1882 1558 3490 1626">
     <span class='ocr_line' id='line_1_39' title="bbox 1882 1558 3490 1626; baseline 0.001 -14"><span class='ocrx_word' id='word_1_281' title='bbox 1882 1560 1925 1612; x_wconf 88' lang='lat' dir='ltr'><strong>si</strong></span> <span class='ocrx_word' id='word_1_282' title='bbox 1954 1560 2237 1614; x_wconf 89' lang='lat' dir='ltr'><strong>laudemur</strong></span> <span class='ocrx_word' id='word_1_283' title='bbox 2263 1560 2330 1612; x_wconf 90' lang='lat' dir='ltr'><strong>ab</strong></span> <span class='ocrx_word' id='word_1_284' title='bbox 2361 1560 2471 1622; x_wconf 91' lang='lat' dir='ltr'><strong>illo,</strong></span> <span class='ocrx_word' id='word_1_285' title='bbox 2505 1560 2683 1612; x_wconf 86' lang='lat' dir='ltr'><strong>omnia</strong></span> <span class='ocrx_word' id='word_1_286' title='bbox 2710 1559 2807 1626; x_wconf 92' lang='lat' dir='ltr'><strong>ipsi</strong></span> <span class='ocrx_word' id='word_1_287' title='bbox 2827 1559 3030 1626; x_wconf 82' lang='lat' dir='ltr'><strong>placita</strong></span> <span class='ocrx_word' id='word_1_288' title='bbox 3055 1558 3254 1624; x_wconf 87' lang='lat' dir='ltr'><strong>facere,</strong></span> <span class='ocrx_word' id='word_1_289' title='bbox 3277 1571 3329 1614; x_wconf 78' lang='lat' dir='ltr'><strong>et</strong></span> <span class='ocrx_word' id='word_1_290' title='bbox 3352 1561 3490 1617; x_wconf 87' lang='lat' dir='ltr'><strong>bona</strong></span> 
     </span>
    </p>
   </div>
   <div class='ocr_carea' id='block_1_40' title="bbox 1880 1651 3485 1719">
    <p class='ocr_par' dir='ltr' id='par_1_40' title="bbox 1880 1651 3485 1719">
     <span class='ocr_line' id='line_1_40' title="bbox 1880 1651 3485 1719; baseline 0.002 -15"><span class='ocrx_word' id='word_1_291' title='bbox 1880 1652 2114 1719; x_wconf 82' lang='lat' dir='ltr'><strong>operari,</strong></span> <span class='ocrx_word' id='word_1_292' title='bbox 2160 1653 2225 1705; x_wconf 86' lang='lat' dir='ltr'><strong>ad</strong></span> <span class='ocrx_word' id='word_1_293' title='bbox 2262 1651 2459 1704; x_wconf 88' lang='lat' dir='ltr'><strong>nullam</strong></span> <span class='ocrx_word' id='word_1_294' title='bbox 2492 1668 2670 1704; x_wconf 87' lang='lat' dir='ltr'><strong>rerum</strong></span> <span class='ocrx_word' id='word_1_295' title='bbox 2704 1651 3061 1705; x_wconf 88' lang='lat' dir='ltr'><strong>humanarum</strong></span> <span class='ocrx_word' id='word_1_296' title='bbox 3093 1652 3302 1707; x_wconf 85' lang='lat' dir='ltr'><strong>inhiare</strong></span> <span class='ocrx_word' id='word_1_297' title='bbox 3333 1671 3345 1705; x_wconf 90' lang='lat'><strong>:</strong></span> <span class='ocrx_word' id='word_1_298' title='bbox 3378 1653 3485 1708; x_wconf 88' lang='lat' dir='ltr'><strong>hoc</strong></span> 
     </span>
    </p>
   </div>
   <div class='ocr_carea' id='block_1_41' title="bbox 1879 1745 3486 1817">
    <p class='ocr_par' dir='ltr' id='par_1_41' title="bbox 1879 1745 3486 1817">
     <span class='ocr_line' id='line_1_41' title="bbox 1879 1745 3486 1817; baseline 0.002 -18"><span class='ocrx_word' id='word_1_299' title='bbox 1879 1746 2020 1799; x_wconf 89' lang='lat' dir='ltr'><strong>enim</strong></span> <span class='ocrx_word' id='word_1_300' title='bbox 2047 1754 2101 1800; x_wconf 92' lang='lat' dir='ltr'><strong>et</strong></span> <span class='ocrx_word' id='word_1_301' title='bbox 2141 1745 2398 1813; x_wconf 77' lang='lat' dir='ltr'><strong>jejunium</strong></span> <span class='ocrx_word' id='word_1_302' title='bbox 2427 1754 2482 1798; x_wconf 91' lang='lat' dir='ltr'><strong>et</strong></span> <span class='ocrx_word' id='word_1_303' title='bbox 2512 1748 2815 1798; x_wconf 76' lang='lat' dir='ltr'><strong>oratioan</strong></span> <span class='ocrx_word' id='word_1_304' title='bbox 2845 1755 2897 1799; x_wconf 91' lang='lat' dir='ltr'><strong>et</strong></span> <span class='ocrx_word' id='word_1_305' title='bbox 2927 1746 3324 1816; x_wconf 82' lang='lat' dir='ltr'><strong>eleemosynam</strong></span> <span class='ocrx_word' id='word_1_306' title='bbox 3357 1764 3486 1817; x_wconf 88' lang='lat' dir='ltr'><strong>pes-</strong></span> 
     </span>
    </p>
   </div>
   <div class='ocr_carea' id='block_1_42' title="bbox 1879 1836 3516 1905">
    <p class='ocr_par' dir='ltr' id='par_1_42' title="bbox 1879 1836 3516 1905">
     <span class='ocr_line' id='line_1_42' title="bbox 1879 1836 3516 1905; baseline 0.002 -15"><span class='ocrx_word' id='word_1_307' title='bbox 1879 1837 2110 1901; x_wconf 84' lang='lat' dir='ltr'><strong>snntdat,</strong></span> <span class='ocrx_word' id='word_1_308' title='bbox 2143 1847 2304 1903; x_wconf 88' lang='lat' dir='ltr'><strong>atque</strong></span> <span class='ocrx_word' id='word_1_309' title='bbox 2346 1836 2525 1889; x_wconf 83' lang='lat' dir='ltr'><strong>omnia</strong></span> <span class='ocrx_word' id='word_1_310' title='bbox 2561 1847 2740 1888; x_wconf 80' lang='lat' dir='ltr'><strong>nostra</strong></span> <span class='ocrx_word' id='word_1_311' title='bbox 2773 1836 2909 1890; x_wconf 85' lang='lat' dir='ltr'><strong>bona</strong></span> <span class='ocrx_word' id='word_1_312' title='bbox 2943 1849 3192 1893; x_wconf 80' lang='lat' dir='ltr'><strong>evacuat.</strong></span> <span class='ocrx_word' id='word_1_313' title='bbox 3231 1837 3382 1905; x_wconf 87' lang='lat' dir='ltr'><strong>Quod</strong></span> <span class='ocrx_word' id='word_1_314' title='bbox 3417 1855 3516 1900; x_wconf 82' lang='lat' dir='ltr'><strong>ne,</strong></span> 
     </span>
    </p>
   </div>
   <div class='ocr_carea' id='block_1_43' title="bbox 1881 1928 3485 2004">
    <p class='ocr_par' dir='ltr' id='par_1_43' title="bbox 1881 1928 3485 2004">
     <span class='ocr_line' id='line_1_43' title="bbox 1881 1928 3485 2004; baseline 0.005 -26"><span class='ocrx_word' id='word_1_315' title='bbox 1881 1929 2168 1997; x_wconf 86' lang='lat' dir='ltr'><strong>patiamur,</strong></span> <span class='ocrx_word' id='word_1_316' title='bbox 2215 1928 2480 1999; x_wconf 80' lang='lat' dir='ltr'><strong>fugiamus</strong></span> <span class='ocrx_word' id='word_1_317' title='bbox 2511 1930 2612 1982; x_wconf 89' lang='lat' dir='ltr'><strong>hoc</strong></span> <span class='ocrx_word' id='word_1_318' title='bbox 2643 1929 2853 1982; x_wconf 80' lang='lat' dir='ltr'><strong>vitium.</strong></span> <span class='ocrx_word' id='word_1_319' title='bbox 2884 1929 3059 1984; x_wconf 89' lang='lat' dir='ltr'><strong>Unum</strong></span> <span class='ocrx_word' id='word_1_320' title='bbox 3105 1933 3278 1985; x_wconf 80' lang='lat' dir='ltr'><strong>solum</strong></span> <span class='ocrx_word' id='word_1_321' title='bbox 3309 1936 3485 2004; x_wconf 81' lang='lat' dir='ltr'><strong>respi-</strong></span> 
     </span>
    </p>
   </div>
   <div class='ocr_carea' id='block_1_44' title="bbox 1876 2022 3483 2091">
    <p class='ocr_par' dir='ltr' id='par_1_44' title="bbox 1876 2022 3483 2091">
     <span class='ocr_line' id='line_1_44' title="bbox 1876 2022 3483 2091; baseline 0.001 -14"><span class='ocrx_word' id='word_1_322' title='bbox 1876 2023 2103 2086; x_wconf 88' lang='lat' dir='ltr'><strong>ciamus,</strong></span> <span class='ocrx_word' id='word_1_323' title='bbox 2159 2022 2371 2076; x_wconf 90' lang='lat' dir='ltr'><strong>landem</strong></span> <span class='ocrx_word' id='word_1_324' title='bbox 2402 2038 2430 2075; x_wconf 93' lang='lat' dir='ltr'><strong>a</strong></span> <span class='ocrx_word' id='word_1_325' title='bbox 2468 2023 2594 2088; x_wconf 90' lang='lat' dir='ltr'><strong>Deo,</strong></span> <span class='ocrx_word' id='word_1_326' title='bbox 2642 2022 2782 2075; x_wconf 90' lang='lat' dir='ltr'><strong>illius</strong></span> <span class='ocrx_word' id='word_1_327' title='bbox 2830 2024 3300 2091; x_wconf 87' lang='lat' dir='ltr'><strong>approbationem,</strong></span> <span class='ocrx_word' id='word_1_328' title='bbox 3333 2040 3483 2079; x_wconf 86' lang='lat' dir='ltr'><strong>com-</strong></span> 
     </span>
    </p>
   </div>
   <div class='ocr_carea' id='block_1_45' title="bbox 1879 2115 3487 2188">
    <p class='ocr_par' dir='ltr' id='par_1_45' title="bbox 1879 2115 3487 2188">
     <span class='ocr_line' id='line_1_45' title="bbox 1879 2115 3487 2188; baseline 0.001 -20"><span class='ocrx_word' id='word_1_329' title='bbox 1879 2115 2164 2184; x_wconf 89' lang='lat' dir='ltr'><strong>munisque</strong></span> <span class='ocrx_word' id='word_1_330' title='bbox 2214 2116 2422 2169; x_wconf 89' lang='lat' dir='ltr'><strong>Domini</strong></span> <span class='ocrx_word' id='word_1_331' title='bbox 2469 2116 2990 2171; x_wconf 88' lang='lat' dir='ltr'><strong>commendationem</strong></span> <span class='ocrx_word' id='word_1_332' title='bbox 3031 2136 3044 2171; x_wconf 89' lang='lat'><strong>:</strong></span> <span class='ocrx_word' id='word_1_333' title='bbox 3091 2128 3149 2172; x_wconf 90' lang='lat' dir='ltr'><strong>ut</strong></span> <span class='ocrx_word' id='word_1_334' title='bbox 3192 2119 3295 2171; x_wconf 84' lang='lat' dir='ltr'><strong>vita</strong></span> <span class='ocrx_word' id='word_1_335' title='bbox 3343 2135 3487 2188; x_wconf 79' lang='lat' dir='ltr'><strong>pra-.-</strong></span> 
     </span>
    </p>
   </div>
   <div class='ocr_carea' id='block_1_46' title="bbox 1875 2212 3482 2279">
    <p class='ocr_par' dir='ltr' id='par_1_46' title="bbox 1875 2212 3482 2279">
     <span class='ocr_line' id='line_1_46' title="bbox 1875 2212 3482 2279; baseline 0.002 -15"><span class='ocrx_word' id='word_1_336' title='bbox 1875 2219 2027 2265; x_wconf 82' lang='lat' dir='ltr'><strong>sente</strong></span> <span class='ocrx_word' id='word_1_337' title='bbox 2077 2215 2130 2265; x_wconf 91' lang='lat' dir='ltr'><strong>in</strong></span> <span class='ocrx_word' id='word_1_338' title='bbox 2189 2212 2388 2265; x_wconf 90' lang='lat' dir='ltr'><strong>virtute</strong></span> <span class='ocrx_word' id='word_1_339' title='bbox 2444 2220 2753 2272; x_wconf 85' lang='lat' dir='ltr'><strong>transacta,</strong></span> <span class='ocrx_word' id='word_1_340' title='bbox 2814 2212 3096 2279; x_wconf 88' lang='lat' dir='ltr'><strong>promissis</strong></span> <span class='ocrx_word' id='word_1_341' title='bbox 3148 2213 3305 2266; x_wconf 92' lang='lat' dir='ltr'><strong>bonis</strong></span> <span class='ocrx_word' id='word_1_342' title='bbox 3360 2229 3482 2267; x_wconf 86' lang='lat' dir='ltr'><strong>com</strong></span> 
     </span>
    </p>
   </div>
   <div class='ocr_carea' id='block_1_47' title="bbox 1873 2304 3481 2374">
    <p class='ocr_par' dir='ltr' id='par_1_47' title="bbox 1873 2304 3481 2374">
     <span class='ocr_line' id='line_1_47' title="bbox 1873 2304 3481 2374; baseline 0.001 -17"><span class='ocrx_word' id='word_1_343' title='bbox 1873 2304 2222 2373; x_wconf 82' lang='lat' dir='ltr'><strong>diligentibus</strong></span> <span class='ocrx_word' id='word_1_344' title='bbox 2253 2320 2375 2357; x_wconf 84' lang='lat' dir='ltr'><strong>eum</strong></span> <span class='ocrx_word' id='word_1_345' title='bbox 2411 2304 2701 2370; x_wconf 77' lang='lat' dir='ltr'><strong>patiamur,</strong></span> <span class='ocrx_word' id='word_1_346' title='bbox 2735 2305 2905 2373; x_wconf 82' lang='lat' dir='ltr'><strong>gratia</strong></span> <span class='ocrx_word' id='word_1_347' title='bbox 2934 2313 2984 2358; x_wconf 85' lang='lat' dir='ltr'><strong>et</strong></span> <span class='ocrx_word' id='word_1_348' title='bbox 3019 2305 3347 2374; x_wconf 78' lang='lat' dir='ltr'><strong>benignitate</strong></span> <span class='ocrx_word' id='word_1_349' title='bbox 3376 2305 3481 2358; x_wconf 76' lang='lat' dir='ltr'><strong>lto-</strong></span> 
     </span>
    </p>
   </div>
   <div class='ocr_carea' id='block_1_48' title="bbox 1874 2394 3484 2466">
    <p class='ocr_par' dir='ltr' id='par_1_48' title="bbox 1874 2394 3484 2466">
     <span class='ocr_line' id='line_1_48' title="bbox 1874 2394 3484 2466; baseline 0.003 -18"><span class='ocrx_word' id='word_1_350' title='bbox 1874 2397 2001 2448; x_wconf 88' lang='lat' dir='ltr'><strong>tnini</strong></span> <span class='ocrx_word' id='word_1_351' title='bbox 2046 2395 2211 2448; x_wconf 88' lang='lat' dir='ltr'><strong>nostri</strong></span> <span class='ocrx_word' id='word_1_352' title='bbox 2245 2394 2370 2448; x_wconf 84' lang='lat' dir='ltr'><strong>Jesu</strong></span> <span class='ocrx_word' id='word_1_353' title='bbox 2420 2395 2640 2461; x_wconf 80' lang='lat' dir='ltr'><strong>Christi,</strong></span> <span class='ocrx_word' id='word_1_354' title='bbox 2705 2397 2920 2464; x_wconf 75' lang='lat' dir='ltr'><strong>quirnm</strong></span> <span class='ocrx_word' id='word_1_355' title='bbox 2971 2395 3116 2450; x_wconf 85' lang='lat' dir='ltr'><strong>Patri</strong></span> <span class='ocrx_word' id='word_1_356' title='bbox 3164 2407 3216 2449; x_wconf 89' lang='lat' dir='ltr'><strong>et</strong></span> <span class='ocrx_word' id='word_1_357' title='bbox 3260 2396 3484 2466; x_wconf 86' lang='lat' dir='ltr'><strong>Spiritui</strong></span> 
     </span>
    </p>
   </div>
   <div class='ocr_carea' id='block_1_49' title="bbox 1871 2487 3485 2560">
    <p class='ocr_par' dir='ltr' id='par_1_49' title="bbox 1871 2487 3485 2560">
     <span class='ocr_line' id='line_1_49' title="bbox 1871 2487 3485 2560; baseline 0.004 -20"><span class='ocrx_word' id='word_1_358' title='bbox 1871 2498 2058 2540; x_wconf 87' lang='lat' dir='ltr'><strong>sancto</strong></span> <span class='ocrx_word' id='word_1_359' title='bbox 2090 2487 2281 2555; x_wconf 81' lang='lat' dir='ltr'><strong>gloria,</strong></span> <span class='ocrx_word' id='word_1_360' title='bbox 2317 2487 2621 2554; x_wconf 88' lang='lat' dir='ltr'><strong>imperium,</strong></span> <span class='ocrx_word' id='word_1_361' title='bbox 2670 2489 2864 2550; x_wconf 90' lang='lat' dir='ltr'><strong>honor,</strong></span> <span class='ocrx_word' id='word_1_362' title='bbox 2912 2505 3053 2544; x_wconf 90' lang='lat' dir='ltr'><strong>nunc</strong></span> <span class='ocrx_word' id='word_1_363' title='bbox 3081 2499 3135 2544; x_wconf 88' lang='lat' dir='ltr'><strong>et</strong></span> <span class='ocrx_word' id='word_1_364' title='bbox 3160 2505 3395 2560; x_wconf 85' lang='lat' dir='ltr'><strong>semper,</strong></span> <span class='ocrx_word' id='word_1_365' title='bbox 3429 2503 3485 2546; x_wconf 86' lang='lat' dir='ltr'><strong>et</strong></span> 
     </span>
    </p>
   </div>
   <div class='ocr_carea' id='block_1_50' title="bbox 1873 2567 2757 2634">
    <p class='ocr_par' dir='ltr' id='par_1_50' title="bbox 1873 2567 2757 2634">
     <span class='ocr_line' id='line_1_50' title="bbox 1873 2567 2757 2634; baseline 0 -2"><span class='ocrx_word' id='word_1_366' title='bbox 1873 2578 1927 2632; x_wconf 92' lang='lat' dir='ltr'><strong>in</strong></span> <span class='ocrx_word' id='word_1_367' title='bbox 1957 2580 2153 2632; x_wconf 65' lang='grc' dir='ltr'>ειυειιίιι</span> <span class='ocrx_word' id='word_1_368' title='bbox 2182 2579 2528 2633; x_wconf 67' lang='grc' dir='ltr'><strong>ειυςυιοτυιιι.</strong></span> <span class='ocrx_word' id='word_1_369' title='bbox 2565 2567 2757 2634; x_wconf 81' lang='lat' dir='ltr'><strong>Amen.</strong></span> 
     </span>
    </p>
   </div>
   <div class='ocr_carea' id='block_1_51' title="bbox 1534 2793 2170 2855">
    <p class='ocr_par' dir='ltr' id='par_1_51' title="bbox 1534 2793 2170 2855">
     <span class='ocr_line' id='line_1_51' title="bbox 1534 2793 2170 2855; baseline 0.002 -1"><span class='ocrx_word' id='word_1_370' title='bbox 1534 2794 1880 2855; x_wconf 80' lang='lat' dir='ltr'><strong>HOMILIA</strong></span> <span class='ocrx_word' id='word_1_371' title='bbox 1925 2793 2170 2855; x_wconf 82' lang='lat' dir='ltr'><strong>XXIX.</strong></span> 
     </span>
    </p>
   </div>
   <div class='ocr_carea' id='block_1_52' title="bbox 175 2939 1764 3016">
    <p class='ocr_par' dir='ltr' id='par_1_52' title="bbox 175 2939 1764 3016">
     <span class='ocr_line' id='line_1_52' title="bbox 175 2939 1764 3016; baseline -0.006 -15"><span class='ocrx_word' id='word_1_372' title='bbox 175 2946 288 3003; x_wconf 71' lang='lat' dir='ltr'><strong>CAP.</strong></span> <span class='ocrx_word' id='word_1_373' title='bbox 318 2951 404 3005; x_wconf 79' lang='lat' dir='ltr'><strong>l5.</strong></span> <span class='ocrx_word' id='word_1_374' title='bbox 436 2967 489 3002; x_wconf 75' lang='grc' dir='ltr'>ν.</span> <span class='ocrx_word' id='word_1_375' title='bbox 529 2949 616 3004; x_wconf 80' lang='grc'>16.</span> <span class='ocrx_word' id='word_1_376' title='bbox 652 2948 880 3016; x_wconf 82' lang='lat' dir='ltr'><strong>Surgcns</strong></span> <span class='ocrx_word' id='word_1_377' title='bbox 911 2956 1079 2999; x_wconf 87' lang='lat' dir='ltr'><strong>autem</strong></span> <span class='ocrx_word' id='word_1_378' title='bbox 1110 2943 1330 3005; x_wconf 89' lang='lat' dir='ltr'><strong>Paulus,</strong></span> <span class='ocrx_word' id='word_1_379' title='bbox 1365 2953 1410 2995; x_wconf 89' lang='lat' dir='ltr'><strong>et</strong></span> <span class='ocrx_word' id='word_1_380' title='bbox 1443 2958 1597 2994; x_wconf 89' lang='lat' dir='ltr'><strong>manu</strong></span> <span class='ocrx_word' id='word_1_381' title='bbox 1618 2939 1764 2994; x_wconf 83' lang='lat' dir='ltr'><strong>silen-</strong></span> 
     </span>
    </p>
   </div>
   <div class='ocr_carea' id='block_1_53' title="bbox 240 3032 1764 3104">
    <p class='ocr_par' dir='ltr' id='par_1_53' title="bbox 240 3032 1764 3104">
     <span class='ocr_line' id='line_1_53' title="bbox 240 3032 1764 3104; baseline -0.006 -10"><span class='ocrx_word' id='word_1_382' title='bbox 240 3043 356 3094; x_wconf 88' lang='lat' dir='ltr'><strong>tium</strong></span> <span class='ocrx_word' id='word_1_383' title='bbox 384 3042 634 3104; x_wconf 72' lang='lat' dir='ltr'><strong>indicens,</strong></span> <span class='ocrx_word' id='word_1_384' title='bbox 669 3041 797 3093; x_wconf 75' lang='lat' dir='ltr'><strong>dixit</strong></span> <span class='ocrx_word' id='word_1_385' title='bbox 835 3054 852 3091; x_wconf 91' lang='lat'><strong><em>:</em></strong></span> <span class='ocrx_word' id='word_1_386' title='bbox 889 3037 997 3091; x_wconf 86' lang='lat' dir='ltr'><strong>Viri</strong></span> <span class='ocrx_word' id='word_1_387' title='bbox 1046 3034 1318 3094; x_wconf 65' lang='lat' dir='ltr'><strong>l’sraelittu,</strong></span> <span class='ocrx_word' id='word_1_388' title='bbox 1371 3044 1416 3086; x_wconf 87' lang='lat' dir='ltr'><strong>et</strong></span> <span class='ocrx_word' id='word_1_389' title='bbox 1464 3034 1550 3099; x_wconf 86' lang='lat' dir='ltr'><strong>qui</strong></span> <span class='ocrx_word' id='word_1_390' title='bbox 1582 3032 1764 3085; x_wconf 77' lang='lat' dir='ltr'><strong>timetis</strong></span> 
     </span>
    </p>
   </div>
   <div class='ocr_carea' id='block_1_54' title="bbox 237 3127 1763 3198">
    <p class='ocr_par' dir='ltr' id='par_1_54' title="bbox 237 3127 1763 3198">
     <span class='ocr_line' id='line_1_54' title="bbox 237 3127 1763 3198; baseline -0.008 -11"><span class='ocrx_word' id='word_1_391' title='bbox 237 3135 418 3198; x_wconf 86' lang='lat' dir='ltr'><strong>Deum,</strong></span> <span class='ocrx_word' id='word_1_392' title='bbox 463 3134 654 3186; x_wconf 80' lang='lat' dir='ltr'><strong>audite.</strong></span> <span class='ocrx_word' id='word_1_393' title='bbox 703 3132 790 3185; x_wconf 79' lang='lat' dir='ltr'><strong>l7.</strong></span> <span class='ocrx_word' id='word_1_394' title='bbox 837 3129 978 3183; x_wconf 88' lang='lat' dir='ltr'><strong>Deus</strong></span> <span class='ocrx_word' id='word_1_395' title='bbox 1029 3129 1186 3198; x_wconf 81' lang='lat' dir='ltr'><strong>plebis</strong></span> <span class='ocrx_word' id='word_1_396' title='bbox 1231 3127 1385 3196; x_wconf 85' lang='lat' dir='ltr'><strong>hujus</strong></span> <span class='ocrx_word' id='word_1_397' title='bbox 1413 3127 1564 3193; x_wconf 78' lang='lat' dir='ltr'><strong>elegit</strong></span> <span class='ocrx_word' id='word_1_398' title='bbox 1597 3133 1763 3192; x_wconf 83' lang='lat' dir='ltr'><strong>patres</strong></span> 
     </span>
    </p>
   </div>
   <div class='ocr_carea' id='block_1_55' title="bbox 238 3219 1763 3293">
    <p class='ocr_par' dir='ltr' id='par_1_55' title="bbox 238 3219 1763 3293">
     <span class='ocr_line' id='line_1_55' title="bbox 238 3219 1763 3293; baseline -0.007 -13"><span class='ocrx_word' id='word_1_399' title='bbox 238 3239 450 3292; x_wconf 83' lang='lat' dir='ltr'><strong>nostros,</strong></span> <span class='ocrx_word' id='word_1_400' title='bbox 502 3237 548 3282; x_wconf 85' lang='lat' dir='ltr'><strong>et</strong></span> <span class='ocrx_word' id='word_1_401' title='bbox 599 3226 792 3293; x_wconf 82' lang='lat' dir='ltr'><strong>plebem</strong></span> <span class='ocrx_word' id='word_1_402' title='bbox 821 3225 1082 3284; x_wconf 73' lang='lat' dir='ltr'><strong>exultavit.</strong></span> <span class='ocrx_word' id='word_1_403' title='bbox 1129 3239 1240 3275; x_wconf 89' lang='lat' dir='ltr'><strong>cum</strong></span> <span class='ocrx_word' id='word_1_404' title='bbox 1270 3231 1432 3274; x_wconf 81' lang='lat' dir='ltr'><strong>essent</strong></span> <span class='ocrx_word' id='word_1_405' title='bbox 1463 3220 1670 3272; x_wconf 78' lang='lat' dir='ltr'><strong>aduente</strong></span> <span class='ocrx_word' id='word_1_406' title='bbox 1711 3219 1763 3270; x_wconf 91' lang='lat' dir='ltr'><strong>in</strong></span> 
     </span>
    </p>
   </div>
   <div class='ocr_carea' id='block_1_56' title="bbox 239 3311 1760 3390">
    <p class='ocr_par' dir='ltr' id='par_1_56' title="bbox 239 3311 1760 3390">
     <span class='ocr_line' id='line_1_56' title="bbox 239 3311 1760 3390; baseline -0.006 -18"><span class='ocrx_word' id='word_1_407' title='bbox 239 3329 368 3372; x_wconf 84' lang='lat' dir='ltr'><strong>terra</strong></span> <span class='ocrx_word' id='word_1_408' title='bbox 389 3317 634 3390; x_wconf 61' lang='lat' dir='ltr'><strong>:Eggpti,</strong></span> <span class='ocrx_word' id='word_1_409' title='bbox 659 3329 706 3371; x_wconf 87' lang='lat' dir='ltr'><strong>et</strong></span> <span class='ocrx_word' id='word_1_410' title='bbox 729 3334 844 3370; x_wconf 86' lang='lat' dir='ltr'><strong>cum</strong></span> <span class='ocrx_word' id='word_1_411' title='bbox 869 3316 1074 3370; x_wconf 88' lang='lat' dir='ltr'><strong>brachio</strong></span> <span class='ocrx_word' id='word_1_412' title='bbox 1091 3315 1287 3368; x_wconf 74' lang='lat' dir='ltr'><strong>excelso</strong></span> <span class='ocrx_word' id='word_1_413' title='bbox 1304 3311 1475 3366; x_wconf 65' lang='lat' dir='ltr'><strong>eduxit</strong></span> <span class='ocrx_word' id='word_1_414' title='bbox 1496 3328 1580 3366; x_wconf 89' lang='lat' dir='ltr'><strong>eos</strong></span> <span class='ocrx_word' id='word_1_415' title='bbox 1600 3327 1661 3365; x_wconf 76' lang='lat' dir='ltr'><strong>ex</strong></span> <span class='ocrx_word' id='word_1_416' title='bbox 1682 3328 1760 3363; x_wconf 88' lang='lat' dir='ltr'><strong>ea.</strong></span> 
     </span>
    </p>
   </div>
   <div class='ocr_carea' id='block_1_57' title="bbox 243 3402 1760 3467">
    <p class='ocr_par' dir='ltr' id='par_1_57' title="bbox 243 3402 1760 3467">
     <span class='ocr_line' id='line_1_57' title="bbox 243 3402 1760 3467; baseline -0.008 -3"><span class='ocrx_word' id='word_1_417' title='bbox 243 3411 290 3464; x_wconf 81' lang='lat' dir='ltr'><strong>l.</strong></span> <span class='ocrx_word' id='word_1_418' title='bbox 321 3410 452 3464; x_wconf 75' lang='lat' dir='ltr'><strong>Vide</strong></span> <span class='ocrx_word' id='word_1_419' title='bbox 483 3409 782 3464; x_wconf 86' lang='lat' dir='ltr'><strong>Barnaham</strong></span> <span class='ocrx_word' id='word_1_420' title='bbox 813 3409 1094 3462; x_wconf 87' lang='lat' dir='ltr'><strong>cedentem</strong></span> <span class='ocrx_word' id='word_1_421' title='bbox 1124 3405 1308 3467; x_wconf 82' lang='lat' dir='ltr'><strong>Paulo,</strong></span> <span class='ocrx_word' id='word_1_422' title='bbox 1340 3415 1397 3457; x_wconf 90' lang='lat' dir='ltr'><strong>ut</strong></span> <span class='ocrx_word' id='word_1_423' title='bbox 1423 3413 1475 3456; x_wconf 89' lang='lat' dir='ltr'><strong>et</strong></span> <span class='ocrx_word' id='word_1_424' title='bbox 1498 3402 1760 3456; x_wconf 78' lang='lat' dir='ltr'><strong>Joannem</strong></span> 
     </span>
    </p>
   </div>
   <div class='ocr_carea' id='block_1_58' title="bbox 179 3480 1765 3570">
    <p class='ocr_par' dir='ltr' id='par_1_58' title="bbox 179 3480 1765 3570">
     <span class='ocr_line' id='line_1_58' title="bbox 179 3480 1765 3570; baseline -0.006 -15"><span class='ocrx_word' id='word_1_425' title='bbox 179 3501 359 3570; x_wconf 89' lang='lat' dir='ltr'><strong>ubique</strong></span> <span class='ocrx_word' id='word_1_426' title='bbox 385 3503 572 3558; x_wconf 87' lang='lat' dir='ltr'><strong>Petro.</strong></span> <span class='ocrx_word' id='word_1_427' title='bbox 619 3502 713 3556; x_wconf 89' lang='lat' dir='ltr'><strong>Ille</strong></span> <span class='ocrx_word' id='word_1_428' title='bbox 737 3501 888 3554; x_wconf 77' lang='lat' dir='ltr'><strong>duxit</strong></span> <span class='ocrx_word' id='word_1_429' title='bbox 916 3515 1038 3554; x_wconf 92' lang='lat' dir='ltr'><strong>eum</strong></span> <span class='ocrx_word' id='word_1_430' title='bbox 1070 3514 1134 3552; x_wconf 82' lang='lat' dir='ltr'><strong>ex</strong></span> <span class='ocrx_word' id='word_1_431' title='bbox 1168 3480 1427 3552; x_wconf 74' lang='lat' dir='ltr'><strong>Damasco</strong></span> <span class='ocrx_word' id='word_1_432' title='bbox 1458 3511 1469 3544; x_wconf 95' lang='lat'><strong>:</strong></span> <span class='ocrx_word' id='word_1_433' title='bbox 1495 3494 1643 3563; x_wconf 87' lang='lat' dir='ltr'><strong>atqui</strong></span> <span class='ocrx_word' id='word_1_434' title='bbox 1673 3508 1765 3546; x_wconf 74' lang='lat' dir='ltr'><strong>ve-</strong></span> 
     </span>
    </p>
   </div>
   <div class='ocr_carea' id='block_1_59' title="bbox 179 3579 1763 3658">
    <p class='ocr_par' dir='ltr' id='par_1_59' title="bbox 179 3579 1763 3658">
     <span class='ocr_line' id='line_1_59' title="bbox 179 3579 1763 3658; baseline -0.004 -12"><span class='ocrx_word' id='word_1_435' title='bbox 179 3595 450 3650; x_wconf 87' lang='lat' dir='ltr'><strong>nerabilior</strong></span> <span class='ocrx_word' id='word_1_436' title='bbox 494 3605 646 3658; x_wconf 88' lang='lat' dir='ltr'><strong>erat;</strong></span> <span class='ocrx_word' id='word_1_437' title='bbox 683 3579 792 3648; x_wconf 82' lang='lat' dir='ltr'><strong>sed</strong></span> <span class='ocrx_word' id='word_1_438' title='bbox 835 3593 900 3647; x_wconf 86' lang='lat' dir='ltr'><strong>ad</strong></span> <span class='ocrx_word' id='word_1_439' title='bbox 940 3607 1277 3646; x_wconf 89' lang='lat' dir='ltr'><strong>communem</strong></span> <span class='ocrx_word' id='word_1_440' title='bbox 1311 3588 1593 3642; x_wconf 81' lang='lat' dir='ltr'><strong>utilitatem</strong></span> <span class='ocrx_word' id='word_1_441' title='bbox 1639 3602 1763 3655; x_wconf 88' lang='lat' dir='ltr'><strong>spe-</strong></span> 
     </span>
    </p>
   </div>
   <div class='ocr_carea' id='block_1_60' title="bbox 180 3679 1761 3757">
    <p class='ocr_par' dir='ltr' id='par_1_60' title="bbox 180 3679 1761 3757">
     <span class='ocr_line' id='line_1_60' title="bbox 180 3679 1761 3757; baseline -0.006 -17"><span class='ocrx_word' id='word_1_442' title='bbox 180 3689 396 3742; x_wconf 81' lang='lat' dir='ltr'><strong>ctabant.</strong></span> <span class='ocrx_word' id='word_1_443' title='bbox 451 3688 516 3742; x_wconf 85' lang='lat' dir='ltr'><strong>Et</strong></span> <span class='ocrx_word' id='word_1_444' title='bbox 561 3705 794 3757; x_wconf 67' lang='lat' dir='ltr'><strong>surgens,</strong></span> <span class='ocrx_word' id='word_1_445' title='bbox 846 3687 1035 3756; x_wconf 78' lang='lat' dir='ltr'><strong>inquit,</strong></span> <span class='ocrx_word' id='word_1_446' title='bbox 1069 3694 1115 3738; x_wconf 89' lang='lat' dir='ltr'><strong>et</strong></span> <span class='ocrx_word' id='word_1_447' title='bbox 1142 3701 1296 3737; x_wconf 87' lang='lat' dir='ltr'><strong>manu</strong></span> <span class='ocrx_word' id='word_1_448' title='bbox 1337 3681 1594 3736; x_wconf 86' lang='lat' dir='ltr'><strong>silentium</strong></span> <span class='ocrx_word' id='word_1_449' title='bbox 1620 3679 1761 3732; x_wconf 87' lang='lat' dir='ltr'><strong>indi-</strong></span> 
     </span>
    </p>
   </div>
   <div class='ocr_carea' id='block_1_61' title="bbox 181 3772 1758 3841">
    <p class='ocr_par' dir='ltr' id='par_1_61' title="bbox 181 3772 1758 3841">
     <span class='ocr_line' id='line_1_61' title="bbox 181 3772 1758 3841; baseline -0.004 -11"><span class='ocrx_word' id='word_1_450' title='bbox 181 3795 303 3832; x_wconf 81' lang='lat' dir='ltr'><strong>cens.</strong></span> <span class='ocrx_word' id='word_1_451' title='bbox 332 3781 440 3835; x_wconf 78' lang='lat' dir='ltr'><strong>Mos</strong></span> <span class='ocrx_word' id='word_1_452' title='bbox 471 3782 558 3834; x_wconf 81' lang='lat' dir='ltr'><strong>hic</strong></span> <span class='ocrx_word' id='word_1_453' title='bbox 585 3780 788 3834; x_wconf 69' lang='lat' dir='ltr'><strong>.Iudzeis</strong></span> <span class='ocrx_word' id='word_1_454' title='bbox 831 3788 950 3833; x_wconf 86' lang='lat' dir='ltr'><strong>erat</strong></span> <span class='ocrx_word' id='word_1_455' title='bbox 981 3795 994 3830; x_wconf 87' lang='lat'>:</span> <span class='ocrx_word' id='word_1_456' title='bbox 1023 3778 1145 3830; x_wconf 90' lang='lat' dir='ltr'><strong>ideo</strong></span> <span class='ocrx_word' id='word_1_457' title='bbox 1175 3776 1251 3829; x_wconf 88' lang='lat' dir='ltr'><strong>sic</strong></span> <span class='ocrx_word' id='word_1_458' title='bbox 1285 3775 1403 3827; x_wconf 89' lang='lat' dir='ltr'><strong>illos</strong></span> <span class='ocrx_word' id='word_1_459' title='bbox 1445 3772 1758 3841; x_wconf 89' lang='lat' dir='ltr'><strong>alloquitur.</strong></span> 
     </span>
    </p>
   </div>
   <div class='ocr_carea' id='block_1_62' title="bbox 182 3869 1762 3944">
    <p class='ocr_par' dir='ltr' id='par_1_62' title="bbox 182 3869 1762 3944">
     <span class='ocr_line' id='line_1_62' title="bbox 182 3869 1762 3944; baseline -0.003 -19"><span class='ocrx_word' id='word_1_460' title='bbox 182 3871 301 3929; x_wconf 75' lang='lat' dir='ltr'><strong>Vide</strong></span> <span class='ocrx_word' id='word_1_461' title='bbox 325 3875 594 3944; x_wconf 90' lang='lat' dir='ltr'><strong>quomodo</strong></span> <span class='ocrx_word' id='word_1_462' title='bbox 620 3872 854 3928; x_wconf 89' lang='lat' dir='ltr'><strong>sermoni</strong></span> <span class='ocrx_word' id='word_1_463' title='bbox 885 3872 1022 3926; x_wconf 73' lang='lat' dir='ltr'><strong>viam</strong></span> <span class='ocrx_word' id='word_1_464' title='bbox 1049 3880 1198 3938; x_wconf 87' lang='lat' dir='ltr'><strong>paret</strong></span> <span class='ocrx_word' id='word_1_465' title='bbox 1230 3886 1242 3924; x_wconf 88' lang='lat'>:</span> <span class='ocrx_word' id='word_1_466' title='bbox 1275 3871 1445 3938; x_wconf 92' lang='lat' dir='ltr'><strong>primo</strong></span> <span class='ocrx_word' id='word_1_467' title='bbox 1471 3870 1614 3925; x_wconf 88' lang='lat' dir='ltr'><strong>enim</strong></span> <span class='ocrx_word' id='word_1_468' title='bbox 1646 3869 1762 3923; x_wconf 83' lang='lat' dir='ltr'><strong>lau—</strong></span> 
     </span>
    </p>
   </div>
   <div class='ocr_carea' id='block_1_63' title="bbox 182 3962 1757 4035">
    <p class='ocr_par' dir='ltr' id='par_1_63' title="bbox 182 3962 1757 4035">
     <span class='ocr_line' id='line_1_63' title="bbox 182 3962 1757 4035; baseline -0.003 -17"><span class='ocrx_word' id='word_1_469' title='bbox 182 3964 299 4020; x_wconf 86' lang='lat' dir='ltr'><strong>dans</strong></span> <span class='ocrx_word' id='word_1_470' title='bbox 328 3967 468 4033; x_wconf 81' lang='lat' dir='ltr'><strong>illos,</strong></span> <span class='ocrx_word' id='word_1_471' title='bbox 502 3979 856 4035; x_wconf 81' lang='lat' dir='ltr'><strong>magnamque</strong></span> <span class='ocrx_word' id='word_1_472' title='bbox 878 3965 1167 4019; x_wconf 83' lang='lat' dir='ltr'><strong>ostendens</strong></span> <span class='ocrx_word' id='word_1_473' title='bbox 1197 3978 1321 4032; x_wconf 88' lang='lat' dir='ltr'><strong>erga</strong></span> <span class='ocrx_word' id='word_1_474' title='bbox 1363 3962 1506 4030; x_wconf 77' lang='lat' dir='ltr'><strong>ipsos</strong></span> <span class='ocrx_word' id='word_1_475' title='bbox 1553 3976 1757 4024; x_wconf 88' lang='lat' dir='ltr'><strong>curam,</strong></span> 
     </span>
    </p>
   </div>
   <div class='ocr_carea' id='block_1_64' title="bbox 183 4055 1761 4128">
    <p class='ocr_par' dir='ltr' id='par_1_64' title="bbox 183 4055 1761 4128">
     <span class='ocr_line' id='line_1_64' title="bbox 183 4055 1761 4128; baseline -0.003 -16"><span class='ocrx_word' id='word_1_476' title='bbox 183 4072 267 4125; x_wconf 87' lang='lat' dir='ltr'><strong>per</strong></span> <span class='ocrx_word' id='word_1_477' title='bbox 291 4061 426 4128; x_wconf 90' lang='lat' dir='ltr'><strong>quod</strong></span> <span class='ocrx_word' id='word_1_478' title='bbox 458 4062 610 4124; x_wconf 87' lang='lat' dir='ltr'><strong>dicit,</strong></span> <span class='ocrx_word' id='word_1_479' title='bbox 644 4060 744 4124; x_wconf 82' lang='lat' dir='ltr'><strong>Qui</strong></span> <span class='ocrx_word' id='word_1_480' title='bbox 774 4059 955 4112; x_wconf 76' lang='lat' dir='ltr'><strong>timetis</strong></span> <span class='ocrx_word' id='word_1_481' title='bbox 987 4056 1146 4110; x_wconf 84' lang='lat' dir='ltr'><strong>Deum</strong></span> <span class='ocrx_word' id='word_1_482' title='bbox 1173 4073 1191 4120; x_wconf 88' lang='lat'><strong><em>;</em></strong></span> <span class='ocrx_word' id='word_1_483' title='bbox 1221 4058 1298 4111; x_wconf 90' lang='lat' dir='ltr'><strong>sic</strong></span> <span class='ocrx_word' id='word_1_484' title='bbox 1329 4058 1543 4113; x_wconf 91' lang='lat' dir='ltr'><strong>detnum</strong></span> <span class='ocrx_word' id='word_1_485' title='bbox 1579 4055 1761 4124; x_wconf 88' lang='lat' dir='ltr'><strong>incipit</strong></span> 
     </span>
    </p>
   </div>
   <div class='ocr_carea' id='block_1_65' title="bbox 182 4150 1760 4222">
    <p class='ocr_par' dir='ltr' id='par_1_65' title="bbox 182 4150 1760 4222">
     <span class='ocr_line' id='line_1_65' title="bbox 182 4150 1760 4222; baseline -0.001 -16"><span class='ocrx_word' id='word_1_486' title='bbox 182 4166 488 4210; x_wconf 80' lang='lat' dir='ltr'><strong>sermonem.</strong></span> <span class='ocrx_word' id='word_1_487' title='bbox 526 4155 639 4208; x_wconf 79' lang='lat' dir='ltr'><strong>Non</strong></span> <span class='ocrx_word' id='word_1_488' title='bbox 666 4153 820 4216; x_wconf 77' lang='lat' dir='ltr'><strong>dixit,</strong></span> <span class='ocrx_word' id='word_1_489' title='bbox 853 4151 1134 4222; x_wconf 84' lang='lat' dir='ltr'><strong>Proselyti,</strong></span> <span class='ocrx_word' id='word_1_490' title='bbox 1163 4151 1302 4220; x_wconf 90' lang='lat' dir='ltr'><strong>quod</strong></span> <span class='ocrx_word' id='word_1_491' title='bbox 1335 4163 1451 4206; x_wconf 88' lang='lat' dir='ltr'><strong>erat</strong></span> <span class='ocrx_word' id='word_1_492' title='bbox 1481 4150 1760 4217; x_wconf 81' lang='lat' dir='ltr'><strong>calamita-</strong></span> 
     </span>
    </p>
   </div>
   <div class='ocr_carea' id='block_1_66' title="bbox 185 4243 1761 4314">
    <p class='ocr_par' dir='ltr' id='par_1_66' title="bbox 185 4243 1761 4314">
     <span class='ocr_line' id='line_1_66' title="bbox 185 4243 1761 4314; baseline -0.001 -20"><span class='ocrx_word' id='word_1_493' title='bbox 185 4243 244 4296; x_wconf 88' lang='lat' dir='ltr'><strong>tis</strong></span> <span class='ocrx_word' id='word_1_494' title='bbox 265 4259 473 4300; x_wconf 90' lang='lat' dir='ltr'><strong>nomen.</strong></span> <span class='ocrx_word' id='word_1_495' title='bbox 513 4245 649 4298; x_wconf 84' lang='lat' dir='ltr'><strong>Deus</strong></span> <span class='ocrx_word' id='word_1_496' title='bbox 679 4245 836 4314; x_wconf 80' lang='lat' dir='ltr'><strong>plebis</strong></span> <span class='ocrx_word' id='word_1_497' title='bbox 881 4246 1034 4314; x_wconf 82' lang='lat' dir='ltr'><strong>hujus</strong></span> <span class='ocrx_word' id='word_1_498' title='bbox 1073 4244 1220 4313; x_wconf 82' lang='lat' dir='ltr'><strong>elegit</strong></span> <span class='ocrx_word' id='word_1_499' title='bbox 1267 4254 1435 4312; x_wconf 84' lang='lat' dir='ltr'><strong>patres</strong></span> <span class='ocrx_word' id='word_1_500' title='bbox 1476 4253 1675 4296; x_wconf 87' lang='lat' dir='ltr'><strong>nostros</strong></span> <span class='ocrx_word' id='word_1_501' title='bbox 1715 4252 1761 4295; x_wconf 82' lang='lat' dir='ltr'><strong>et</strong></span> 
     </span>
    </p>
   </div>
   <div class='ocr_carea' id='block_1_67' title="bbox 187 4335 1756 4408">
    <p class='ocr_par' dir='ltr' id='par_1_67' title="bbox 187 4335 1756 4408">
     <span class='ocr_line' id='line_1_67' title="bbox 187 4335 1756 4408; baseline -0.001 -21"><span class='ocrx_word' id='word_1_502' title='bbox 187 4338 428 4405; x_wconf 84' lang='lat' dir='ltr'><strong>papulunt.</strong></span> <span class='ocrx_word' id='word_1_503' title='bbox 462 4339 594 4393; x_wconf 83' lang='lat' dir='ltr'><strong>Vide</strong></span> <span class='ocrx_word' id='word_1_504' title='bbox 621 4337 889 4408; x_wconf 88' lang='lat' dir='ltr'><strong>quomodo</strong></span> <span class='ocrx_word' id='word_1_505' title='bbox 910 4337 1182 4390; x_wconf 87' lang='lat' dir='ltr'><strong>hominum</strong></span> <span class='ocrx_word' id='word_1_506' title='bbox 1205 4351 1546 4390; x_wconf 89' lang='lat' dir='ltr'><strong>communem</strong></span> <span class='ocrx_word' id='word_1_507' title='bbox 1569 4335 1756 4397; x_wconf 85' lang='lat' dir='ltr'><strong>Deum,</strong></span> 
     </span>
    </p>
   </div>
   <div class='ocr_carea' id='block_1_68' title="bbox 187 4426 1757 4500">
    <p class='ocr_par' dir='ltr' id='par_1_68' title="bbox 187 4426 1757 4500">
     <span class='ocr_line' id='line_1_68' title="bbox 187 4426 1757 4500; baseline 0 -20"><span class='ocrx_word' id='word_1_508' title='bbox 187 4426 399 4495; x_wconf 69' lang='lat' dir='ltr'><strong>ipsorum</strong></span> <span class='ocrx_word' id='word_1_509' title='bbox 441 4432 658 4500; x_wconf 88' lang='lat' dir='ltr'><strong>proprie</strong></span> <span class='ocrx_word' id='word_1_510' title='bbox 692 4432 856 4484; x_wconf 87' lang='lat' dir='ltr'><strong>Deum</strong></span> <span class='ocrx_word' id='word_1_511' title='bbox 903 4430 1066 4493; x_wconf 90' lang='lat' dir='ltr'><strong>dicat,</strong></span> <span class='ocrx_word' id='word_1_512' title='bbox 1115 4440 1167 4484; x_wconf 88' lang='lat' dir='ltr'><strong>et</strong></span> <span class='ocrx_word' id='word_1_513' title='bbox 1212 4429 1459 4482; x_wconf 86' lang='lat' dir='ltr'><strong>ostendat</strong></span> <span class='ocrx_word' id='word_1_514' title='bbox 1500 4428 1757 4482; x_wconf 84' lang='lat' dir='ltr'><strong>beneﬁcia</strong></span> 
     </span>
    </p>
   </div>
   <div class='ocr_carea' id='block_1_69' title="bbox 186 4522 1756 4591">
    <p class='ocr_par' dir='ltr' id='par_1_69' title="bbox 186 4522 1756 4591">
     <span class='ocr_line' id='line_1_69' title="bbox 186 4522 1756 4591; baseline 0.003 -21"><span class='ocrx_word' id='word_1_515' title='bbox 186 4534 357 4590; x_wconf 83' lang='lat' dir='ltr'><strong>magna</strong></span> <span class='ocrx_word' id='word_1_516' title='bbox 386 4524 492 4591; x_wconf 90' lang='lat' dir='ltr'><strong>jam</strong></span> <span class='ocrx_word' id='word_1_517' title='bbox 546 4524 672 4578; x_wconf 91' lang='lat' dir='ltr'><strong>olim</strong></span> <span class='ocrx_word' id='word_1_518' title='bbox 722 4524 852 4591; x_wconf 89' lang='lat' dir='ltr'><strong>ipsis</strong></span> <span class='ocrx_word' id='word_1_519' title='bbox 882 4524 1098 4588; x_wconf 90' lang='lat' dir='ltr'><strong>collata,</strong></span> <span class='ocrx_word' id='word_1_520' title='bbox 1152 4523 1288 4576; x_wconf 86' lang='lat' dir='ltr'><strong>sient</strong></span> <span class='ocrx_word' id='word_1_521' title='bbox 1331 4530 1386 4575; x_wconf 90' lang='lat' dir='ltr'><strong>et</strong></span> <span class='ocrx_word' id='word_1_522' title='bbox 1431 4522 1756 4587; x_wconf 87' lang='lat' dir='ltr'><strong>Stephanus.</strong></span> 
     </span>
    </p>
   </div>
   <div class='ocr_carea' id='block_1_70' title="bbox 189 4613 1761 4684">
    <p class='ocr_par' dir='ltr' id='par_1_70' title="bbox 189 4613 1761 4684">
     <span class='ocr_line' id='line_1_70' title="bbox 189 4613 1761 4684; baseline 0.001 -17"><span class='ocrx_word' id='word_1_523' title='bbox 189 4614 298 4672; x_wconf 73' lang='lat' dir='ltr'><strong>lltec</strong></span> <span class='ocrx_word' id='word_1_524' title='bbox 320 4633 491 4675; x_wconf 87' lang='lat' dir='ltr'><strong>autem</strong></span> <span class='ocrx_word' id='word_1_525' title='bbox 525 4619 744 4682; x_wconf 87' lang='lat' dir='ltr'><strong>faciunt,</strong></span> <span class='ocrx_word' id='word_1_526' title='bbox 778 4628 834 4670; x_wconf 90' lang='lat' dir='ltr'><strong>ut</strong></span> <span class='ocrx_word' id='word_1_527' title='bbox 860 4616 1088 4670; x_wconf 88' lang='lat' dir='ltr'><strong>doceant</strong></span> <span class='ocrx_word' id='word_1_528' title='bbox 1132 4613 1271 4677; x_wconf 88' lang='lat' dir='ltr'><strong>illos,</strong></span> <span class='ocrx_word' id='word_1_529' title='bbox 1317 4613 1454 4683; x_wconf 87' lang='lat' dir='ltr'><strong>quod</strong></span> <span class='ocrx_word' id='word_1_530' title='bbox 1487 4629 1583 4684; x_wconf 91' lang='lat' dir='ltr'><strong>pro</strong></span> <span class='ocrx_word' id='word_1_531' title='bbox 1611 4631 1761 4669; x_wconf 86' lang='lat' dir='ltr'><strong>more</strong></span> 
     </span>
    </p>
   </div>
   <div class='ocr_carea' id='block_1_71' title="bbox 186 4707 1760 4766">
    <p class='ocr_par' dir='ltr' id='par_1_71' title="bbox 186 4707 1760 4766">
     <span class='ocr_line' id='line_1_71' title="bbox 186 4707 1760 4766; baseline -0.001 -6"><span class='ocrx_word' id='word_1_532' title='bbox 186 4722 271 4761; x_wconf 88' lang='lat' dir='ltr'><strong>suo</strong></span> <span class='ocrx_word' id='word_1_533' title='bbox 297 4727 430 4766; x_wconf 89' lang='lat' dir='ltr'><strong>nunc</strong></span> <span class='ocrx_word' id='word_1_534' title='bbox 461 4711 654 4765; x_wconf 84' lang='lat' dir='ltr'><strong>Filium</strong></span> <span class='ocrx_word' id='word_1_535' title='bbox 688 4725 840 4763; x_wconf 90' lang='lat' dir='ltr'><strong>suum</strong></span> <span class='ocrx_word' id='word_1_536' title='bbox 890 4709 1115 4761; x_wconf 81' lang='lat' dir='ltr'><strong>miserit.</strong></span> <span class='ocrx_word' id='word_1_537' title='bbox 1147 4708 1296 4761; x_wconf 82' lang='lat' dir='ltr'><strong>Sient</strong></span> <span class='ocrx_word' id='word_1_538' title='bbox 1326 4718 1378 4758; x_wconf 89' lang='lat' dir='ltr'><strong>et</strong></span> <span class='ocrx_word' id='word_1_539' title='bbox 1418 4707 1663 4760; x_wconf 76' lang='lat' dir='ltr'><strong>Christus</strong></span> <span class='ocrx_word' id='word_1_540' title='bbox 1691 4707 1760 4760; x_wconf 89' lang='lat' dir='ltr'><strong>dc</strong></span> 
     </span>
    </p>
   </div>
   <div class='ocr_carea' id='block_1_72' title="bbox 143 4781 1759 4872">
    <p class='ocr_par' dir='ltr' id='par_1_72' title="bbox 143 4781 1759 4872">
     <span class='ocr_line' id='line_1_72' title="bbox 143 4781 1759 4872; baseline 0.001 -23"><span class='ocrx_word' id='word_1_541' title='bbox 143 4781 150 4789; x_wconf 57' lang='grc'><em>’</em></span> <span class='ocrx_word' id='word_1_542' title='bbox 189 4806 321 4856; x_wconf 87' lang='lat' dir='ltr'><strong>vinea</strong></span> <span class='ocrx_word' id='word_1_543' title='bbox 349 4804 473 4858; x_wconf 77' lang='lat' dir='ltr'><strong>dixit</strong></span> <span class='ocrx_word' id='word_1_544' title='bbox 505 4802 656 4872; x_wconf 87' lang='lat' dir='ltr'><strong>(Luc.</strong></span> <span class='ocrx_word' id='word_1_545' title='bbox 691 4803 779 4856; x_wconf 75' lang='lat'><strong>‘20.</strong></span> <span class='ocrx_word' id='word_1_546' title='bbox 814 4803 923 4871; x_wconf 75' lang='lat' dir='ltr'><strong>l3),</strong></span> <span class='ocrx_word' id='word_1_547' title='bbox 953 4804 1029 4855; x_wconf 88' lang='lat' dir='ltr'><strong>sic</strong></span> <span class='ocrx_word' id='word_1_548' title='bbox 1053 4815 1104 4854; x_wconf 88' lang='lat' dir='ltr'><strong>et</strong></span> <span class='ocrx_word' id='word_1_549' title='bbox 1132 4801 1218 4853; x_wconf 84' lang='lat' dir='ltr'><strong>ille</strong></span> <span class='ocrx_word' id='word_1_550' title='bbox 1253 4802 1504 4869; x_wconf 86' lang='lat' dir='ltr'><strong>loquitur.</strong></span> <span class='ocrx_word' id='word_1_551' title='bbox 1535 4799 1759 4854; x_wconf 70' lang='lat' dir='ltr'><strong>Exulta-</strong></span> 
     </span>
    </p>
   </div>
   <div class='ocr_carea' id='block_1_73' title="bbox 189 4889 1759 4968">
    <p class='ocr_par' dir='ltr' id='par_1_73' title="bbox 189 4889 1759 4968">
     <span class='ocr_line' id='line_1_73' title="bbox 189 4889 1759 4968; baseline -0.002 -26"><span class='ocrx_word' id='word_1_552' title='bbox 189 4895 244 4944; x_wconf 75' lang='lat' dir='ltr'><strong>vit</strong></span> <span class='ocrx_word' id='word_1_553' title='bbox 269 4896 312 4947; x_wconf 91' lang='lat' dir='ltr'><strong>in</strong></span> <span class='ocrx_word' id='word_1_554' title='bbox 339 4897 742 4968; x_wconf 79' lang='lat' dir='ltr'><strong>peregrinatione</strong></span> <span class='ocrx_word' id='word_1_555' title='bbox 770 4898 822 4947; x_wconf 85' lang='lat' dir='ltr'><strong>in</strong></span> <span class='ocrx_word' id='word_1_556' title='bbox 847 4893 1098 4964; x_wconf 62' lang='lat' dir='ltr'><strong>zEggpto,</strong></span> <span class='ocrx_word' id='word_1_557' title='bbox 1124 4903 1166 4944; x_wconf 88' lang='lat' dir='ltr'><strong>et</strong></span> <span class='ocrx_word' id='word_1_558' title='bbox 1196 4910 1307 4944; x_wconf 89' lang='lat' dir='ltr'><strong>cum</strong></span> <span class='ocrx_word' id='word_1_559' title='bbox 1337 4893 1540 4944; x_wconf 85' lang='lat' dir='ltr'><strong>brachio</strong></span> <span class='ocrx_word' id='word_1_560' title='bbox 1564 4889 1759 4944; x_wconf 73' lang='lat' dir='ltr'><strong>excelso</strong></span> 
     </span>
    </p>
   </div>
   <div class='ocr_carea' id='block_1_74' title="bbox 191 4982 1757 5055">
    <p class='ocr_par' dir='ltr' id='par_1_74' title="bbox 191 4982 1757 5055">
     <span class='ocr_line' id='line_1_74' title="bbox 191 4982 1757 5055; baseline -0.002 -17"><span class='ocrx_word' id='word_1_561' title='bbox 191 4983 343 5039; x_wconf 73' lang='lat' dir='ltr'><strong>eduxit</strong></span> <span class='ocrx_word' id='word_1_562' title='bbox 365 5005 444 5042; x_wconf 85' lang='lat' dir='ltr'><strong>eos</strong></span> <span class='ocrx_word' id='word_1_563' title='bbox 471 5005 536 5042; x_wconf 79' lang='lat' dir='ltr'><strong>ea:</strong></span> <span class='ocrx_word' id='word_1_564' title='bbox 563 4998 640 5040; x_wconf 87' lang='lat' dir='ltr'><strong>ea.</strong></span> <span class='ocrx_word' id='word_1_565' title='bbox 673 4989 830 5055; x_wconf 83' lang='lat' dir='ltr'><strong>Atqui</strong></span> <span class='ocrx_word' id='word_1_566' title='bbox 862 4986 1191 5040; x_wconf 87' lang='lat' dir='ltr'><strong>contrarium</strong></span> <span class='ocrx_word' id='word_1_567' title='bbox 1223 4985 1491 5037; x_wconf 83' lang='lat' dir='ltr'><strong>acciderat</strong></span> <span class='ocrx_word' id='word_1_568' title='bbox 1517 4982 1589 5055; x_wconf 91' lang='lat' dir='ltr'><strong>(a)</strong></span> <span class='ocrx_word' id='word_1_569' title='bbox 1617 5000 1630 5047; x_wconf 89' lang='lat'>;</span> <span class='ocrx_word' id='word_1_570' title='bbox 1665 4983 1757 5036; x_wconf 85' lang='lat' dir='ltr'><strong>sed</strong></span> 
     </span>
    </p>
   </div>
   <div class='ocr_carea' id='block_1_75' title="bbox 191 5077 1761 5144">
    <p class='ocr_par' dir='ltr' id='par_1_75' title="bbox 191 5077 1761 5144">
     <span class='ocr_line' id='line_1_75' title="bbox 191 5077 1761 5144; baseline 0.003 -21"><span class='ocrx_word' id='word_1_571' title='bbox 191 5077 504 5134; x_wconf 88' lang='lat' dir='ltr'><strong>multitudine</strong></span> <span class='ocrx_word' id='word_1_572' title='bbox 544 5079 684 5132; x_wconf 85' lang='lat' dir='ltr'><strong>aucti</strong></span> <span class='ocrx_word' id='word_1_573' title='bbox 735 5089 895 5140; x_wconf 90' lang='lat' dir='ltr'><strong>sunt;</strong></span> <span class='ocrx_word' id='word_1_574' title='bbox 947 5079 1053 5129; x_wconf 90' lang='lat' dir='ltr'><strong>imo</strong></span> <span class='ocrx_word' id='word_1_575' title='bbox 1107 5087 1161 5130; x_wconf 89' lang='lat' dir='ltr'><strong>et</strong></span> <span class='ocrx_word' id='word_1_576' title='bbox 1223 5077 1474 5128; x_wconf 80' lang='lat' dir='ltr'><strong>miracula</strong></span> <span class='ocrx_word' id='word_1_577' title='bbox 1543 5085 1761 5144; x_wconf 89' lang='lat' dir='ltr'><strong>prOpter</strong></span> 
     </span>
    </p>
   </div>
   <div class='ocr_carea' id='block_1_76' title="bbox 193 5165 1755 5238">
    <p class='ocr_par' dir='ltr' id='par_1_76' title="bbox 193 5165 1755 5238">
     <span class='ocr_line' id='line_1_76' title="bbox 193 5165 1755 5238; baseline 0.001 -23"><span class='ocrx_word' id='word_1_578' title='bbox 193 5165 296 5220; x_wconf 85' lang='lat' dir='ltr'><strong>illos</strong></span> <span class='ocrx_word' id='word_1_579' title='bbox 325 5171 453 5225; x_wconf 79' lang='lat' dir='ltr'><strong>facta</strong></span> <span class='ocrx_word' id='word_1_580' title='bbox 498 5182 645 5224; x_wconf 78' lang='lat' dir='ltr'><strong>sunt;</strong></span> <span class='ocrx_word' id='word_1_581' title='bbox 684 5171 748 5224; x_wconf 87' lang='lat' dir='ltr'><strong>Et</strong></span> <span class='ocrx_word' id='word_1_582' title='bbox 790 5169 1066 5238; x_wconf 77' lang='lat' dir='ltr'><strong>propheta:</strong></span> <span class='ocrx_word' id='word_1_583' title='bbox 1113 5177 1419 5221; x_wconf 87' lang='lat' dir='ltr'><strong>memorant</strong></span> <span class='ocrx_word' id='word_1_584' title='bbox 1449 5167 1646 5235; x_wconf 83' lang='lat' dir='ltr'><strong>ubiun</strong></span> <span class='ocrx_word' id='word_1_585' title='bbox 1673 5182 1755 5230; x_wconf 88' lang='lat' dir='ltr'><strong>ea,</strong></span> 
     </span>
    </p>
   </div>
   <div class='ocr_carea' id='block_1_77' title="bbox 191 5260 1757 5333">
    <p class='ocr_par' dir='ltr' id='par_1_77' title="bbox 191 5260 1757 5333">
     <span class='ocr_line' id='line_1_77' title="bbox 191 5260 1757 5333; baseline -0.003 -19"><span class='ocrx_word' id='word_1_586' title='bbox 191 5276 294 5329; x_wconf 66' lang='lat' dir='ltr'><strong>quae</strong></span> <span class='ocrx_word' id='word_1_587' title='bbox 335 5265 460 5320; x_wconf 85' lang='lat' dir='ltr'><strong>facta</strong></span> <span class='ocrx_word' id='word_1_588' title='bbox 506 5275 632 5321; x_wconf 90' lang='lat' dir='ltr'><strong>sunt</strong></span> <span class='ocrx_word' id='word_1_589' title='bbox 673 5265 724 5317; x_wconf 92' lang='lat' dir='ltr'><strong>in</strong></span> <span class='ocrx_word' id='word_1_590' title='bbox 756 5264 1009 5333; x_wconf 47' lang='lat' dir='ltr'><strong>{Egyptm</strong></span> <span class='ocrx_word' id='word_1_591' title='bbox 1051 5263 1112 5314; x_wconf 78' lang='lat' dir='ltr'><strong>Et</strong></span> <span class='ocrx_word' id='word_1_592' title='bbox 1143 5260 1282 5322; x_wconf 72' lang='lat' dir='ltr'><strong>vide,</strong></span> <span class='ocrx_word' id='word_1_593' title='bbox 1315 5260 1587 5330; x_wconf 91' lang='lat' dir='ltr'><strong>quomodo</strong></span> <span class='ocrx_word' id='word_1_594' title='bbox 1619 5269 1757 5312; x_wconf 90' lang='lat' dir='ltr'><strong>tcm-</strong></span> 
     </span>
    </p>
   </div>
   <div class='ocr_carea' id='block_1_78' title="bbox 193 5353 1757 5426">
    <p class='ocr_par' dir='ltr' id='par_1_78' title="bbox 193 5353 1757 5426">
     <span class='ocr_line' id='line_1_78' title="bbox 193 5353 1757 5426; baseline -0.002 -18"><span class='ocrx_word' id='word_1_595' title='bbox 193 5366 302 5421; x_wconf 84' lang='lat' dir='ltr'><strong>pora</strong></span> <span class='ocrx_word' id='word_1_596' title='bbox 329 5359 687 5412; x_wconf 82' lang='lat' dir='ltr'><strong>calamitatum</strong></span> <span class='ocrx_word' id='word_1_597' title='bbox 719 5366 1116 5426; x_wconf 73' lang='lat' dir='ltr'><strong>prartercurrat,</strong></span> <span class='ocrx_word' id='word_1_598' title='bbox 1161 5364 1214 5407; x_wconf 81' lang='lat' dir='ltr'><strong>et</strong></span> <span class='ocrx_word' id='word_1_599' title='bbox 1242 5369 1505 5420; x_wconf 84' lang='lat' dir='ltr'><strong>nusquam</strong></span> <span class='ocrx_word' id='word_1_600' title='bbox 1532 5353 1757 5405; x_wconf 82' lang='lat' dir='ltr'><strong>crimina</strong></span> 
     </span>
    </p>
   </div>
   <div class='ocr_carea' id='block_1_79' title="bbox 194 5444 1758 5516">
    <p class='ocr_par' dir='ltr' id='par_1_79' title="bbox 194 5444 1758 5516">
     <span class='ocr_line' id='line_1_79' title="bbox 194 5444 1758 5516; baseline 0.001 -21"><span class='ocrx_word' id='word_1_601' title='bbox 194 5444 238 5497; x_wconf 91' lang='lat' dir='ltr'><strong>in</strong></span> <span class='ocrx_word' id='word_1_602' title='bbox 266 5451 483 5504; x_wconf 85' lang='lat' dir='ltr'><strong>medium</strong></span> <span class='ocrx_word' id='word_1_603' title='bbox 513 5450 726 5514; x_wconf 74' lang='lat' dir='ltr'><strong>allerat,</strong></span> <span class='ocrx_word' id='word_1_604' title='bbox 769 5449 860 5503; x_wconf 91' lang='lat' dir='ltr'><strong>sed</strong></span> <span class='ocrx_word' id='word_1_605' title='bbox 896 5449 986 5502; x_wconf 91' lang='lat' dir='ltr'><strong>Dei</strong></span> <span class='ocrx_word' id='word_1_606' title='bbox 1034 5447 1438 5516; x_wconf 81' lang='lat' dir='ltr'><strong>benignitatem,</strong></span> <span class='ocrx_word' id='word_1_607' title='bbox 1475 5447 1561 5498; x_wconf 88' lang='lat' dir='ltr'><strong>illa</strong></span> <span class='ocrx_word' id='word_1_608' title='bbox 1594 5447 1758 5499; x_wconf 88' lang='lat' dir='ltr'><strong>relin-</strong></span> 
     </span>
    </p>
   </div>
   <div class='ocr_carea' id='block_1_80' title="bbox 195 5540 1758 5614">
    <p class='ocr_par' dir='ltr' id='par_1_80' title="bbox 195 5540 1758 5614">
     <span class='ocr_line' id='line_1_80' title="bbox 195 5540 1758 5614; baseline 0.001 -25"><span class='ocrx_word' id='word_1_609' title='bbox 195 5551 341 5606; x_wconf 87' lang='lat' dir='ltr'><strong>quens</strong></span> <span class='ocrx_word' id='word_1_610' title='bbox 365 5543 494 5614; x_wconf 87' lang='lat' dir='ltr'><strong>ipsis</strong></span> <span class='ocrx_word' id='word_1_611' title='bbox 524 5543 825 5613; x_wconf 80' lang='lat' dir='ltr'><strong>Cogitanda.</strong></span> <span class='ocrx_word' id='word_1_612' title='bbox 872 5543 959 5598; x_wconf 74' lang='lat' dir='ltr'><strong>i8.</strong></span> <span class='ocrx_word' id='word_1_613' title='bbox 993 5540 1059 5593; x_wconf 84' lang='lat' dir='ltr'><strong>Et</strong></span> <span class='ocrx_word' id='word_1_614' title='bbox 1092 5558 1180 5611; x_wconf 82' lang='lat' dir='ltr'><strong>per</strong></span> <span class='ocrx_word' id='word_1_615' title='bbox 1209 5540 1550 5609; x_wconf 82' lang='lat' dir='ltr'><strong>quadraginta</strong></span> <span class='ocrx_word' id='word_1_616' title='bbox 1588 5556 1758 5590; x_wconf 84' lang='lat' dir='ltr'><strong>anno-</strong></span> 
     </span>
    </p>
   </div>
   <div class='ocr_carea' id='block_1_81' title="bbox 247 5718 1758 5784">
    <p class='ocr_par' dir='ltr' id='par_1_81' title="bbox 247 5718 1758 5784">
     <span class='ocr_line' id='line_1_81' title="bbox 247 5718 1758 5784; baseline -0.002 -16"><span class='ocrx_word' id='word_1_617' title='bbox 247 5718 312 5781; x_wconf 89' lang='lat' dir='ltr'><strong>(a)</strong></span> <span class='ocrx_word' id='word_1_618' title='bbox 342 5721 390 5771; x_wconf 85' lang='lat' dir='ltr'><strong>Id</strong></span> <span class='ocrx_word' id='word_1_619' title='bbox 416 5730 508 5783; x_wconf 79' lang='lat' dir='ltr'><strong>est,</strong></span> <span class='ocrx_word' id='word_1_620' title='bbox 535 5727 585 5773; x_wconf 90' lang='lat' dir='ltr'><strong>ni</strong></span> <span class='ocrx_word' id='word_1_621' title='bbox 609 5721 764 5782; x_wconf 79' lang='lat' dir='ltr'><strong>fallor,</strong></span> <span class='ocrx_word' id='word_1_622' title='bbox 781 5722 917 5772; x_wconf 84' lang='lat' dir='ltr'><strong>Deus</strong></span> <span class='ocrx_word' id='word_1_623' title='bbox 942 5723 1111 5770; x_wconf 80' lang='lat' dir='ltr'><strong>eduxit</strong></span> <span class='ocrx_word' id='word_1_624' title='bbox 1137 5719 1246 5769; x_wconf 88' lang='lat' dir='ltr'><strong>illos</strong></span> <span class='ocrx_word' id='word_1_625' title='bbox 1271 5734 1332 5770; x_wconf 74' lang='lat' dir='ltr'><strong>ex</strong></span> <span class='ocrx_word' id='word_1_626' title='bbox 1361 5721 1585 5784; x_wconf 61' lang='lat' dir='ltr'><strong>Egypto,</strong></span> <span class='ocrx_word' id='word_1_627' title='bbox 1608 5725 1662 5766; x_wconf 89' lang='lat' dir='ltr'><strong>ut</strong></span> <span class='ocrx_word' id='word_1_628' title='bbox 1683 5719 1758 5784; x_wconf 83' lang='lat' dir='ltr'><strong>in-</strong></span> 
     </span>
    </p>
   </div>
   <div class='ocr_carea' id='block_1_82' title="bbox 195 5777 1755 5848">
    <p class='ocr_par' dir='ltr' id='par_1_82' title="bbox 195 5777 1755 5848">
     <span class='ocr_line' id='line_1_82' title="bbox 195 5777 1755 5848; baseline 0 -20"><span class='ocrx_word' id='word_1_629' title='bbox 195 5777 372 5848; x_wconf 66' lang='lat' dir='ltr'><strong>duceret</strong></span> <span class='ocrx_word' id='word_1_630' title='bbox 411 5790 454 5837; x_wconf 87' lang='lat' dir='ltr'><strong>in</strong></span> <span class='ocrx_word' id='word_1_631' title='bbox 497 5777 680 5836; x_wconf 74' lang='lat' dir='ltr'><strong>terram</strong></span> <span class='ocrx_word' id='word_1_632' title='bbox 726 5777 1088 5846; x_wconf 70' lang='lat' dir='ltr'><strong>promissionis;</strong></span> <span class='ocrx_word' id='word_1_633' title='bbox 1133 5785 1220 5832; x_wconf 84' lang='lat' dir='ltr'><strong>sed</strong></span> <span class='ocrx_word' id='word_1_634' title='bbox 1263 5786 1325 5832; x_wconf 92' lang='lat' dir='ltr'><strong>ob</strong></span> <span class='ocrx_word' id='word_1_635' title='bbox 1367 5777 1755 5848; x_wconf 26' lang='lat' dir='ltr'><strong>illoium‘uequi-</strong></span> 
     </span>
    </p>
   </div>
   <div class='ocr_carea' id='block_1_83' title="bbox 194 5843 1752 5958">
    <p class='ocr_par' dir='ltr' id='par_1_83' title="bbox 194 5843 1752 5958">
     <span class='ocr_line' id='line_1_83' title="bbox 194 5843 1752 5958; baseline -0.001 -62"><span class='ocrx_word' id='word_1_636' title='bbox 194 5843 604 5958; x_wconf 35' lang='lat' dir='ltr'><strong>lhbiti-1‘00“trariuin</strong></span> <span class='ocrx_word' id='word_1_637' title='bbox 648 5843 853 5906; x_wconf 69' lang='lat' dir='ltr'><strong>accidit;</strong></span> <span class='ocrx_word' id='word_1_638' title='bbox 899 5861 1006 5896; x_wconf 89' lang='lat' dir='ltr'><strong>nam</strong></span> <span class='ocrx_word' id='word_1_639' title='bbox 1051 5847 1259 5896; x_wconf 76' lang='lat' dir='ltr'><strong>maxima</strong></span> <span class='ocrx_word' id='word_1_640' title='bbox 1296 5860 1407 5909; x_wconf 79' lang='lat' dir='ltr'><strong>pars</strong></span> <span class='ocrx_word' id='word_1_641' title='bbox 1464 5849 1510 5894; x_wconf 86' lang='lat' dir='ltr'><strong>in</strong></span> <span class='ocrx_word' id='word_1_642' title='bbox 1551 5845 1752 5894; x_wconf 76' lang='lat' dir='ltr'><strong>deserto</strong></span> 
     </span>
     <span class='ocr_line' id='line_1_84' title="bbox 214 5915 337 5958; baseline 0.033 -10"><span class='ocrx_word' id='word_1_643' title='bbox 214 5915 301 5953; x_wconf 63' lang='grc' dir='ltr'><strong>ττι.</strong></span> <span class='ocrx_word' id='word_1_644' title='bbox 329 5949 337 5958; x_wconf 86' lang='grc'><em>,</em></span> 
     </span>
    </p>
   </div>
   <div class='ocr_carea' id='block_1_84' title="bbox 1869 2941 3483 3005">
    <p class='ocr_par' dir='ltr' id='par_1_84' title="bbox 1869 2941 3483 3005">
     <span class='ocr_line' id='line_1_85' title="bbox 1869 2941 3483 3005; baseline 0.004 -15"><span class='ocrx_word' id='word_1_645' title='bbox 1869 2956 1983 2990; x_wconf 89' lang='lat' dir='ltr'><strong>rum</strong></span> <span class='ocrx_word' id='word_1_646' title='bbox 2009 2949 2207 3005; x_wconf 79' lang='lat' dir='ltr'><strong>tempus</strong></span> <span class='ocrx_word' id='word_1_647' title='bbox 2254 2955 2415 2993; x_wconf 85' lang='lat' dir='ltr'><strong>mores</strong></span> <span class='ocrx_word' id='word_1_648' title='bbox 2459 2956 2634 2992; x_wconf 85' lang='lat' dir='ltr'><strong>eorum</strong></span> <span class='ocrx_word' id='word_1_649' title='bbox 2674 2942 2916 2994; x_wconf 70' lang='lat' dir='ltr'><strong>sustinuit</strong></span> <span class='ocrx_word' id='word_1_650' title='bbox 2946 2941 2999 2996; x_wconf 88' lang='lat' dir='ltr'><strong>in</strong></span> <span class='ocrx_word' id='word_1_651' title='bbox 3034 2945 3251 2996; x_wconf 78' lang='lat' dir='ltr'><strong>deserto.</strong></span> <span class='ocrx_word' id='word_1_652' title='bbox 3282 2943 3483 2997; x_wconf 70' lang='lat' dir='ltr'><strong>Deinde</strong></span> 
     </span>
    </p>
   </div>
   <div class='ocr_carea' id='block_1_85' title="bbox 1874 3031 3482 3108">
    <p class='ocr_par' dir='ltr' id='par_1_85' title="bbox 1874 3031 3482 3108">
     <span class='ocr_line' id='line_1_86' title="bbox 1874 3031 3482 3108; baseline 0.004 -25"><span class='ocrx_word' id='word_1_653' title='bbox 1874 3031 2263 3087; x_wconf 89' lang='lat' dir='ltr'><strong>habitationem</strong></span> <span class='ocrx_word' id='word_1_654' title='bbox 2315 3045 2477 3088; x_wconf 76' lang='lat' dir='ltr'><strong>terra:</strong></span> <span class='ocrx_word' id='word_1_655' title='bbox 2526 3035 2702 3089; x_wconf 82' lang='lat' dir='ltr'><strong>dicit:</strong></span> <span class='ocrx_word' id='word_1_656' title='bbox 2737 3036 2826 3090; x_wconf 82' lang='grc'><strong>19.</strong></span> <span class='ocrx_word' id='word_1_657' title='bbox 2880 3035 2945 3089; x_wconf 82' lang='lat' dir='ltr'><strong>Et</strong></span> <span class='ocrx_word' id='word_1_658' title='bbox 3000 3037 3263 3091; x_wconf 84' lang='lat' dir='ltr'><strong>destruens</strong></span> <span class='ocrx_word' id='word_1_659' title='bbox 3310 3049 3482 3108; x_wconf 74' lang='lat' dir='ltr'><strong>gentes</strong></span> 
     </span>
    </p>
   </div>
   <div class='ocr_carea' id='block_1_86' title="bbox 1871 3125 3481 3195">
    <p class='ocr_par' dir='ltr' id='par_1_86' title="bbox 1871 3125 3481 3195">
     <span class='ocr_line' id='line_1_87' title="bbox 1871 3125 3481 3195; baseline 0.006 -19"><span class='ocrx_word' id='word_1_660' title='bbox 1871 3136 2058 3194; x_wconf 84' lang='lat' dir='ltr'><strong>septem</strong></span> <span class='ocrx_word' id='word_1_661' title='bbox 2089 3127 2139 3178; x_wconf 87' lang='lat' dir='ltr'><strong>iu</strong></span> <span class='ocrx_word' id='word_1_662' title='bbox 2174 3137 2309 3180; x_wconf 88' lang='lat' dir='ltr'><strong>terra</strong></span> <span class='ocrx_word' id='word_1_663' title='bbox 2330 3125 2602 3195; x_wconf 82' lang='lat' dir='ltr'><strong>Chanaan,</strong></span> <span class='ocrx_word' id='word_1_664' title='bbox 2636 3140 2773 3184; x_wconf 83' lang='lat' dir='ltr'><strong>sorte</strong></span> <span class='ocrx_word' id='word_1_665' title='bbox 2800 3130 3058 3184; x_wconf 86' lang='lat' dir='ltr'><strong>distribuit</strong></span> <span class='ocrx_word' id='word_1_666' title='bbox 3083 3133 3156 3184; x_wconf 84' lang='lat' dir='ltr'><strong>eis</strong></span> <span class='ocrx_word' id='word_1_667' title='bbox 3182 3143 3369 3186; x_wconf 88' lang='lat' dir='ltr'><strong>terram</strong></span> <span class='ocrx_word' id='word_1_668' title='bbox 3396 3149 3481 3185; x_wconf 77' lang='lat' dir='ltr'><strong>eo-</strong></span> 
     </span>
    </p>
   </div>
   <div class='ocr_carea' id='block_1_87' title="bbox 1871 3215 3479 3294">
    <p class='ocr_par' dir='ltr' id='par_1_87' title="bbox 1871 3215 3479 3294">
     <span class='ocr_line' id='line_1_88' title="bbox 1871 3215 3479 3294; baseline 0.007 -28"><span class='ocrx_word' id='word_1_669' title='bbox 1871 3233 2005 3269; x_wconf 88' lang='lat' dir='ltr'><strong>rum.</strong></span> <span class='ocrx_word' id='word_1_670' title='bbox 2033 3215 2099 3270; x_wconf 84' lang='lat' dir='ltr'><strong>Et</strong></span> <span class='ocrx_word' id='word_1_671' title='bbox 2123 3218 2348 3272; x_wconf 90' lang='lat' dir='ltr'><strong>multum</strong></span> <span class='ocrx_word' id='word_1_672' title='bbox 2373 3219 2674 3274; x_wconf 85' lang='lat' dir='ltr'><strong>intercessit</strong></span> <span class='ocrx_word' id='word_1_673' title='bbox 2700 3231 2929 3291; x_wconf 83' lang='lat' dir='ltr'><strong>tempus,</strong></span> <span class='ocrx_word' id='word_1_674' title='bbox 2960 3223 3479 3294; x_wconf 88' lang='lat' dir='ltr'><strong>quadringentormn</strong></span> 
     </span>
    </p>
   </div>
   <div class='ocr_carea' id='block_1_88' title="bbox 1872 3311 3479 3386">
    <p class='ocr_par' dir='ltr' id='par_1_88' title="bbox 1872 3311 3479 3386">
     <span class='ocr_line' id='line_1_89' title="bbox 1872 3311 3479 3386; baseline 0.004 -23"><span class='ocrx_word' id='word_1_675' title='bbox 1872 3317 1925 3363; x_wconf 87' lang='lat' dir='ltr'><strong>et</strong></span> <span class='ocrx_word' id='word_1_676' title='bbox 1953 3311 2336 3382; x_wconf 87' lang='lat' dir='ltr'><strong>quinquaginta</strong></span> <span class='ocrx_word' id='word_1_677' title='bbox 2367 3327 2654 3367; x_wconf 89' lang='lat' dir='ltr'><strong>annorum.</strong></span> <span class='ocrx_word' id='word_1_678' title='bbox 2685 3312 2777 3369; x_wconf 73' lang='lat'><strong>20.</strong></span> <span class='ocrx_word' id='word_1_679' title='bbox 2813 3312 2882 3367; x_wconf 82' lang='lat' dir='ltr'><strong>Et</strong></span> <span class='ocrx_word' id='word_1_680' title='bbox 2910 3317 3057 3385; x_wconf 89' lang='lat' dir='ltr'><strong>quasi</strong></span> <span class='ocrx_word' id='word_1_681' title='bbox 3087 3325 3201 3386; x_wconf 85' lang='lat' dir='ltr'><strong>post</strong></span> <span class='ocrx_word' id='word_1_682' title='bbox 3229 3318 3479 3386; x_wconf 84' lang='lat' dir='ltr'><strong>quadrin-</strong></span> 
     </span>
    </p>
   </div>
   <div class='ocr_carea' id='block_1_89' title="bbox 1871 3405 3484 3478">
    <p class='ocr_par' dir='ltr' id='par_1_89' title="bbox 1871 3405 3484 3478">
     <span class='ocr_line' id='line_1_90' title="bbox 1871 3405 3484 3478; baseline 0.004 -22"><span class='ocrx_word' id='word_1_683' title='bbox 1871 3412 2044 3473; x_wconf 82' lang='lat' dir='ltr'><strong>gentos</strong></span> <span class='ocrx_word' id='word_1_684' title='bbox 2075 3405 2516 3475; x_wconf 83' lang='lat' dir='ltr'><strong>etquinquaginta</strong></span> <span class='ocrx_word' id='word_1_685' title='bbox 2555 3423 2718 3459; x_wconf 84' lang='lat' dir='ltr'><strong>annos</strong></span> <span class='ocrx_word' id='word_1_686' title='bbox 2763 3407 2902 3460; x_wconf 87' lang='lat' dir='ltr'><strong>dedit</strong></span> <span class='ocrx_word' id='word_1_687' title='bbox 2947 3409 3018 3461; x_wconf 83' lang='lat' dir='ltr'><strong>eis</strong></span> <span class='ocrx_word' id='word_1_688' title='bbox 3040 3409 3267 3478; x_wconf 82' lang='lat' dir='ltr'><strong>judices,</strong></span> <span class='ocrx_word' id='word_1_689' title='bbox 3319 3427 3484 3478; x_wconf 84' lang='lat' dir='ltr'><strong>usque</strong></span> 
     </span>
    </p>
   </div>
   <div class='ocr_carea' id='block_1_90' title="bbox 1870 3495 3482 3573">
    <p class='ocr_par' dir='ltr' id='par_1_90' title="bbox 1870 3495 3482 3573">
     <span class='ocr_line' id='line_1_91' title="bbox 1870 3495 3482 3573; baseline 0.007 -26"><span class='ocrx_word' id='word_1_690' title='bbox 1870 3496 1940 3548; x_wconf 89' lang='lat' dir='ltr'><strong>ad</strong></span> <span class='ocrx_word' id='word_1_691' title='bbox 1969 3495 2259 3552; x_wconf 87' lang='lat' dir='ltr'><strong>Samuelem</strong></span> <span class='ocrx_word' id='word_1_692' title='bbox 2291 3501 2613 3567; x_wconf 86' lang='lat' dir='ltr'><strong>praphetam.</strong></span> <span class='ocrx_word' id='word_1_693' title='bbox 2665 3500 2764 3555; x_wconf 88' lang='lat' dir='ltr'><strong>Hic</strong></span> <span class='ocrx_word' id='word_1_694' title='bbox 2810 3503 3050 3556; x_wconf 89' lang='lat' dir='ltr'><strong>ostendit</strong></span> <span class='ocrx_word' id='word_1_695' title='bbox 3099 3503 3274 3573; x_wconf 75' lang='lat' dir='ltr'><strong>ipsum</strong></span> <span class='ocrx_word' id='word_1_696' title='bbox 3327 3507 3482 3559; x_wconf 84' lang='lat' dir='ltr'><strong>varie</strong></span> 
     </span>
    </p>
   </div>
   <div class='ocr_carea' id='block_1_91' title="bbox 1872 3588 3480 3663">
    <p class='ocr_par' dir='ltr' id='par_1_91' title="bbox 1872 3588 3480 3663">
     <span class='ocr_line' id='line_1_92' title="bbox 1872 3588 3480 3663; baseline 0.006 -22"><span class='ocrx_word' id='word_1_697' title='bbox 1872 3588 2171 3656; x_wconf 89' lang='lat' dir='ltr'><strong>providisse</strong></span> <span class='ocrx_word' id='word_1_698' title='bbox 2198 3591 2364 3645; x_wconf 89' lang='lat' dir='ltr'><strong>rebus</strong></span> <span class='ocrx_word' id='word_1_699' title='bbox 2395 3592 2633 3646; x_wconf 91' lang='lat' dir='ltr'><strong>illorum.</strong></span> <span class='ocrx_word' id='word_1_700' title='bbox 2668 3591 2759 3648; x_wconf 75' lang='lat' dir='ltr'><strong>2L</strong></span> <span class='ocrx_word' id='word_1_701' title='bbox 2793 3593 2860 3646; x_wconf 86' lang='lat' dir='ltr'><strong>Et</strong></span> <span class='ocrx_word' id='word_1_702' title='bbox 2886 3595 3070 3649; x_wconf 69' lang='lat' dir='ltr'><strong>exinde</strong></span> <span class='ocrx_word' id='word_1_703' title='bbox 3096 3595 3480 3663; x_wconf 82' lang='lat' dir='ltr'><strong>postulaverunt</strong></span> 
     </span>
    </p>
   </div>
   <div class='ocr_carea' id='block_1_92' title="bbox 1870 3680 3482 3755">
    <p class='ocr_par' dir='ltr' id='par_1_92' title="bbox 1870 3680 3482 3755">
     <span class='ocr_line' id='line_1_93' title="bbox 1870 3680 3482 3755; baseline 0.007 -23"><span class='ocrx_word' id='word_1_704' title='bbox 1870 3697 2059 3751; x_wconf 80' lang='lat' dir='ltr'><strong>regem.</strong></span> <span class='ocrx_word' id='word_1_705' title='bbox 2099 3680 2211 3737; x_wconf 89' lang='lat' dir='ltr'><strong>Nec</strong></span> <span class='ocrx_word' id='word_1_706' title='bbox 2253 3695 2517 3738; x_wconf 86' lang='lat' dir='ltr'><strong>memorat</strong></span> <span class='ocrx_word' id='word_1_707' title='bbox 2545 3686 2811 3755; x_wconf 86' lang='lat' dir='ltr'><strong>ingratum</strong></span> <span class='ocrx_word' id='word_1_708' title='bbox 2845 3687 3056 3741; x_wconf 89' lang='lat' dir='ltr'><strong>illorum</strong></span> <span class='ocrx_word' id='word_1_709' title='bbox 3087 3690 3348 3755; x_wconf 90' lang='lat' dir='ltr'><strong>animum,</strong></span> <span class='ocrx_word' id='word_1_710' title='bbox 3380 3691 3482 3744; x_wconf 75' lang='lat' dir='ltr'><strong>sed</strong></span> 
     </span>
    </p>
   </div>
   <div class='ocr_carea' id='block_1_93' title="bbox 1871 3773 3478 3851">
    <p class='ocr_par' dir='ltr' id='par_1_93' title="bbox 1871 3773 3478 3851">
     <span class='ocr_line' id='line_1_94' title="bbox 1871 3773 3478 3851; baseline 0.007 -26"><span class='ocrx_word' id='word_1_711' title='bbox 1871 3773 2068 3844; x_wconf 88' lang='lat' dir='ltr'><strong>ubique</strong></span> <span class='ocrx_word' id='word_1_712' title='bbox 2103 3774 2192 3830; x_wconf 88' lang='lat' dir='ltr'><strong>Dei</strong></span> <span class='ocrx_word' id='word_1_713' title='bbox 2223 3777 2587 3832; x_wconf 87' lang='lat' dir='ltr'><strong>clementiam.</strong></span> <span class='ocrx_word' id='word_1_714' title='bbox 2623 3781 2690 3831; x_wconf 78' lang='lat' dir='ltr'><strong>Et</strong></span> <span class='ocrx_word' id='word_1_715' title='bbox 2722 3781 2858 3832; x_wconf 81' lang='lat' dir='ltr'><strong>dedit</strong></span> <span class='ocrx_word' id='word_1_716' title='bbox 2888 3782 2990 3834; x_wconf 86' lang='lat' dir='ltr'><strong>illis</strong></span> <span class='ocrx_word' id='word_1_717' title='bbox 3015 3781 3148 3836; x_wconf 73' lang='lat' dir='ltr'><strong>Saul</strong></span> <span class='ocrx_word' id='word_1_718' title='bbox 3169 3783 3335 3851; x_wconf 87' lang='lat' dir='ltr'><strong>[ilium</strong></span> <span class='ocrx_word' id='word_1_719' title='bbox 3361 3782 3478 3848; x_wconf 73' lang='lat' dir='ltr'><strong>Cia,</strong></span> 
     </span>
    </p>
   </div>
   <div class='ocr_carea' id='block_1_94' title="bbox 1870 3868 3478 3946">
    <p class='ocr_par' dir='ltr' id='par_1_94' title="bbox 1870 3868 3478 3946">
     <span class='ocr_line' id='line_1_95' title="bbox 1870 3868 3478 3946; baseline 0.007 -29"><span class='ocrx_word' id='word_1_720' title='bbox 1870 3868 2032 3919; x_wconf 72' lang='lat' dir='ltr'><strong>virum</strong></span> <span class='ocrx_word' id='word_1_721' title='bbox 2063 3868 2124 3920; x_wconf 87' lang='lat' dir='ltr'><strong>de</strong></span> <span class='ocrx_word' id='word_1_722' title='bbox 2154 3870 2287 3922; x_wconf 87' lang='lat' dir='ltr'><strong>tribu</strong></span> <span class='ocrx_word' id='word_1_723' title='bbox 2330 3869 2624 3939; x_wconf 77' lang='lat' dir='ltr'><strong>Benjamiu,</strong></span> <span class='ocrx_word' id='word_1_724' title='bbox 2673 3874 2823 3926; x_wconf 85' lang='lat' dir='ltr'><strong>annis</strong></span> <span class='ocrx_word' id='word_1_725' title='bbox 2863 3876 3209 3946; x_wconf 84' lang='lat' dir='ltr'><strong>quadraginta</strong></span> <span class='ocrx_word' id='word_1_726' title='bbox 3251 3893 3270 3930; x_wconf 91' lang='lat'><em>:</em></span> <span class='ocrx_word' id='word_1_727' title='bbox 3309 3877 3398 3930; x_wconf 68' lang='lat'><strong>29..</strong></span> <span class='ocrx_word' id='word_1_728' title='bbox 3429 3887 3478 3930; x_wconf 86' lang='lat' dir='ltr'><strong>et</strong></span> 
     </span>
    </p>
   </div>
   <div class='ocr_carea' id='block_1_95' title="bbox 1869 3961 3478 4035">
    <p class='ocr_par' dir='ltr' id='par_1_95' title="bbox 1869 3961 3478 4035">
     <span class='ocr_line' id='line_1_96' title="bbox 1869 3961 3478 4035; baseline 0.006 -25"><span class='ocrx_word' id='word_1_729' title='bbox 1869 3969 2041 4012; x_wconf 89' lang='lat' dir='ltr'><strong>amoto</strong></span> <span class='ocrx_word' id='word_1_730' title='bbox 2067 3961 2176 4016; x_wconf 87' lang='lat' dir='ltr'><strong>illo.</strong></span> <span class='ocrx_word' id='word_1_731' title='bbox 2207 3963 2468 4015; x_wconf 75' lang='lat' dir='ltr'><strong>suscitavit</strong></span> <span class='ocrx_word' id='word_1_732' title='bbox 2496 3963 2568 4016; x_wconf 89' lang='lat' dir='ltr'><strong>eis</strong></span> <span class='ocrx_word' id='word_1_733' title='bbox 2601 3961 2772 4015; x_wconf 79' lang='lat' dir='ltr'><strong>David</strong></span> <span class='ocrx_word' id='word_1_734' title='bbox 2812 3966 2862 4017; x_wconf 88' lang='lat' dir='ltr'><strong>in</strong></span> <span class='ocrx_word' id='word_1_735' title='bbox 2890 3983 3058 4035; x_wconf 80' lang='lat' dir='ltr'><strong>regem</strong></span> <span class='ocrx_word' id='word_1_736' title='bbox 3087 3983 3105 4019; x_wconf 88' lang='lat'><strong><em>:</em></strong></span> <span class='ocrx_word' id='word_1_737' title='bbox 3135 3968 3219 4020; x_wconf 77' lang='lat' dir='ltr'><strong>cui</strong></span> <span class='ocrx_word' id='word_1_738' title='bbox 3245 3969 3478 4021; x_wconf 85' lang='lat' dir='ltr'><strong>testimo-</strong></span> 
     </span>
    </p>
   </div>
   <div class='ocr_carea' id='block_1_96' title="bbox 1871 4053 3480 4125">
    <p class='ocr_par' dir='ltr' id='par_1_96' title="bbox 1871 4053 3480 4125">
     <span class='ocr_line' id='line_1_97' title="bbox 1871 4053 3480 4125; baseline 0.007 -21"><span class='ocrx_word' id='word_1_739' title='bbox 1871 4053 2011 4104; x_wconf 86' lang='lat' dir='ltr'><strong>nium</strong></span> <span class='ocrx_word' id='word_1_740' title='bbox 2035 4053 2320 4119; x_wconf 83' lang='lat' dir='ltr'><strong>perhibcns,</strong></span> <span class='ocrx_word' id='word_1_741' title='bbox 2342 4055 2471 4108; x_wconf 75' lang='lat' dir='ltr'><strong>dixit</strong></span> <span class='ocrx_word' id='word_1_742' title='bbox 2500 4072 2517 4109; x_wconf 91' lang='lat'><strong><em>:</em></strong></span> <span class='ocrx_word' id='word_1_743' title='bbox 2540 4055 2722 4110; x_wconf 73' lang='lat' dir='ltr'><strong>Inveni</strong></span> <span class='ocrx_word' id='word_1_744' title='bbox 2746 4055 2914 4110; x_wconf 78' lang='lat' dir='ltr'><strong>David</strong></span> <span class='ocrx_word' id='word_1_745' title='bbox 2937 4059 3102 4125; x_wconf 80' lang='lat' dir='ltr'><strong>filium</strong></span> <span class='ocrx_word' id='word_1_746' title='bbox 3125 4059 3158 4112; x_wconf 91' lang='lat' dir='ltr'><strong>J</strong></span> <span class='ocrx_word' id='word_1_747' title='bbox 3165 4077 3290 4124; x_wconf 85' lang='lat' dir='ltr'><strong>esse,</strong></span> <span class='ocrx_word' id='word_1_748' title='bbox 3314 4061 3480 4115; x_wconf 71' lang='lat' dir='ltr'><strong>virum</strong></span> 
     </span>
    </p>
   </div>
   <div class='ocr_carea' id='block_1_97' title="bbox 1870 4145 3479 4219">
    <p class='ocr_par' dir='ltr' id='par_1_97' title="bbox 1870 4145 3479 4219">
     <span class='ocr_line' id='line_1_98' title="bbox 1870 4145 3479 4219; baseline 0.009 -24"><span class='ocrx_word' id='word_1_749' title='bbox 1870 4145 2146 4197; x_wconf 87' lang='lat' dir='ltr'><strong>secundum</strong></span> <span class='ocrx_word' id='word_1_750' title='bbox 2174 4163 2261 4198; x_wconf 87' lang='lat' dir='ltr'><strong>cor</strong></span> <span class='ocrx_word' id='word_1_751' title='bbox 2292 4165 2475 4209; x_wconf 80' lang='lat' dir='ltr'><strong>nteant,</strong></span> <span class='ocrx_word' id='word_1_752' title='bbox 2506 4151 2591 4219; x_wconf 83' lang='lat' dir='ltr'><strong>qui</strong></span> <span class='ocrx_word' id='word_1_753' title='bbox 2624 4151 2780 4219; x_wconf 82' lang='lat' dir='ltr'><strong>faciet</strong></span> <span class='ocrx_word' id='word_1_754' title='bbox 2806 4167 2978 4204; x_wconf 81' lang='lat' dir='ltr'><strong>omnes</strong></span> <span class='ocrx_word' id='word_1_755' title='bbox 3004 4153 3289 4207; x_wconf 76' lang='lat' dir='ltr'><strong>voluntates</strong></span> <span class='ocrx_word' id='word_1_756' title='bbox 3316 4171 3479 4210; x_wconf 75' lang='lat' dir='ltr'><strong>meas.</strong></span> 
     </span>
    </p>
   </div>
   <div class='ocr_carea' id='block_1_98' title="bbox 1870 4235 3472 4308">
    <p class='ocr_par' dir='ltr' id='par_1_98' title="bbox 1870 4235 3472 4308">
     <span class='ocr_line' id='line_1_99' title="bbox 1870 4235 3472 4308; baseline 0.008 -19"><span class='ocrx_word' id='word_1_757' title='bbox 1870 4235 1985 4289; x_wconf 83' lang='lat' dir='ltr'><strong>Non</strong></span> <span class='ocrx_word' id='word_1_758' title='bbox 2018 4253 2237 4306; x_wconf 82' lang='lat' dir='ltr'><strong>parvum</strong></span> <span class='ocrx_word' id='word_1_759' title='bbox 2287 4239 2408 4304; x_wconf 88' lang='lat' dir='ltr'><strong>hoc,</strong></span> <span class='ocrx_word' id='word_1_760' title='bbox 2457 4244 2597 4308; x_wconf 86' lang='lat' dir='ltr'><strong>quod</strong></span> <span class='ocrx_word' id='word_1_761' title='bbox 2645 4259 2708 4296; x_wconf 74' lang='lat' dir='ltr'><strong>ex</strong></span> <span class='ocrx_word' id='word_1_762' title='bbox 2763 4243 2962 4299; x_wconf 75' lang='lat' dir='ltr'><strong>Davide</strong></span> <span class='ocrx_word' id='word_1_763' title='bbox 3007 4245 3254 4301; x_wconf 87' lang='lat' dir='ltr'><strong>Christus</strong></span> <span class='ocrx_word' id='word_1_764' title='bbox 3304 4260 3472 4303; x_wconf 78' lang='lat' dir='ltr'><strong>esset.</strong></span> 
     </span>
    </p>
   </div>
   <div class='ocr_carea' id='block_1_99' title="bbox 1875 4327 3475 4403">
    <p class='ocr_par' dir='ltr' id='par_1_99' title="bbox 1875 4327 3475 4403">
     <span class='ocr_line' id='line_1_100' title="bbox 1875 4327 3475 4403; baseline 0.008 -24"><span class='ocrx_word' id='word_1_765' title='bbox 1875 4327 2073 4381; x_wconf 80' lang='lat' dir='ltr'><strong>Deinde</strong></span> <span class='ocrx_word' id='word_1_766' title='bbox 2113 4328 2376 4383; x_wconf 82' lang='lat' dir='ltr'><strong>Joannem</strong></span> <span class='ocrx_word' id='word_1_767' title='bbox 2426 4332 2631 4386; x_wconf 89' lang='lat' dir='ltr'><strong>inducit</strong></span> <span class='ocrx_word' id='word_1_768' title='bbox 2679 4337 3081 4403; x_wconf 63' lang='lat' dir='ltr'><strong>testilicantem,</strong></span> <span class='ocrx_word' id='word_1_769' title='bbox 3114 4339 3303 4394; x_wconf 87' lang='lat' dir='ltr'><strong>dicens</strong></span> <span class='ocrx_word' id='word_1_770' title='bbox 3335 4359 3346 4393; x_wconf 89' lang='lat'>:</span> <span class='ocrx_word' id='word_1_771' title='bbox 3381 4340 3475 4395; x_wconf 67' lang='lat'><strong>23.</strong></span> 
     </span>
    </p>
   </div>
   <div class='ocr_carea' id='block_1_100' title="bbox 1875 4416 3472 4495">
    <p class='ocr_par' dir='ltr' id='par_1_100' title="bbox 1875 4416 3472 4495">
     <span class='ocr_line' id='line_1_101' title="bbox 1875 4416 3472 4495; baseline 0.01 -25"><span class='ocrx_word' id='word_1_772' title='bbox 1875 4416 2044 4485; x_wconf 81' lang='lat' dir='ltr'><strong>Hujus</strong></span> <span class='ocrx_word' id='word_1_773' title='bbox 2076 4419 2210 4473; x_wconf 84' lang='lat' dir='ltr'><strong>Deus</strong></span> <span class='ocrx_word' id='word_1_774' title='bbox 2239 4438 2302 4474; x_wconf 77' lang='lat' dir='ltr'><strong>ex</strong></span> <span class='ocrx_word' id='word_1_775' title='bbox 2341 4424 2530 4476; x_wconf 86' lang='lat' dir='ltr'><strong>semine</strong></span> <span class='ocrx_word' id='word_1_776' title='bbox 2571 4427 2847 4479; x_wconf 69' lang='lat' dir='ltr'><strong>secumlum</strong></span> <span class='ocrx_word' id='word_1_777' title='bbox 2875 4429 3264 4495; x_wconf 82' lang='lat' dir='ltr'><strong>promissionem</strong></span> <span class='ocrx_word' id='word_1_778' title='bbox 3291 4433 3472 4486; x_wconf 70' lang='lat' dir='ltr'><strong>eduxit</strong></span> 
     </span>
    </p>
   </div>
   <div class='ocr_carea' id='block_1_101' title="bbox 1873 4509 3479 4589">
    <p class='ocr_par' dir='ltr' id='par_1_101' title="bbox 1873 4509 3479 4589">
     <span class='ocr_line' id='line_1_102' title="bbox 1873 4509 3479 4589; baseline 0.01 -27"><span class='ocrx_word' id='word_1_779' title='bbox 1873 4509 2082 4566; x_wconf 77' lang='lat' dir='ltr'><strong>lsrarlis</strong></span> <span class='ocrx_word' id='word_1_780' title='bbox 2109 4512 2428 4567; x_wconf 68' lang='lat' dir='ltr'><strong>Salt&#39;atorem</strong></span> <span class='ocrx_word' id='word_1_781' title='bbox 2452 4516 2652 4578; x_wconf 81' lang='lat' dir='ltr'><strong>.lesum,</strong></span> <span class='ocrx_word' id='word_1_782' title='bbox 2684 4518 2773 4572; x_wconf 65' lang='grc'><strong>24.</strong></span> <span class='ocrx_word' id='word_1_783' title='bbox 2804 4521 3116 4589; x_wconf 73' lang='lat' dir='ltr'><strong>pra’dicante</strong></span> <span class='ocrx_word' id='word_1_784' title='bbox 3135 4521 3340 4577; x_wconf 86' lang='lat' dir='ltr'><strong>Joanne</strong></span> <span class='ocrx_word' id='word_1_785' title='bbox 3361 4538 3479 4579; x_wconf 82' lang='lat' dir='ltr'><strong>ante</strong></span> 
     </span>
    </p>
   </div>
   <div class='ocr_carea' id='block_1_102' title="bbox 1870 4604 3478 4688">
    <p class='ocr_par' dir='ltr' id='par_1_102' title="bbox 1870 4604 3478 4688">
     <span class='ocr_line' id='line_1_103' title="bbox 1870 4604 3478 4688; baseline 0.012 -36"><span class='ocrx_word' id='word_1_786' title='bbox 1870 4604 2050 4673; x_wconf 78' lang='lat' dir='ltr'><strong>faciem</strong></span> <span class='ocrx_word' id='word_1_787' title='bbox 2097 4606 2340 4659; x_wconf 77' lang='lat' dir='ltr'><strong>adventus</strong></span> <span class='ocrx_word' id='word_1_788' title='bbox 2369 4609 2480 4676; x_wconf 87' lang='lat' dir='ltr'><strong>ejus</strong></span> <span class='ocrx_word' id='word_1_789' title='bbox 2511 4609 2820 4676; x_wconf 86' lang='lat' dir='ltr'><strong>baptismum</strong></span> <span class='ocrx_word' id='word_1_790' title='bbox 2852 4615 3159 4681; x_wconf 59' lang='lat' dir='ltr'><strong>paenitentia:</strong></span> <span class='ocrx_word' id='word_1_791' title='bbox 3202 4617 3342 4669; x_wconf 89' lang='lat' dir='ltr'><strong>omni</strong></span> <span class='ocrx_word' id='word_1_792' title='bbox 3386 4636 3478 4688; x_wconf 86' lang='lat' dir='ltr'><strong>po-</strong></span> 
     </span>
    </p>
   </div>
   <div class='ocr_carea' id='block_1_103' title="bbox 1871 4695 3470 4766">
    <p class='ocr_par' dir='ltr' id='par_1_103' title="bbox 1871 4695 3470 4766">
     <span class='ocr_line' id='line_1_104' title="bbox 1871 4695 3470 4766; baseline 0.014 -22"><span class='ocrx_word' id='word_1_793' title='bbox 1871 4698 1992 4761; x_wconf 87' lang='lat' dir='ltr'><strong>pulo</strong></span> <span class='ocrx_word' id='word_1_794' title='bbox 2018 4695 2208 4750; x_wconf 84' lang='lat' dir='ltr'><strong>Israel.</strong></span> <span class='ocrx_word' id='word_1_795' title='bbox 2239 4699 2331 4753; x_wconf 67' lang='lat'><strong>25.</strong></span> <span class='ocrx_word' id='word_1_796' title='bbox 2366 4698 2494 4752; x_wconf 75' lang='lat' dir='ltr'><strong>Cum</strong></span> <span class='ocrx_word' id='word_1_797' title='bbox 2535 4703 2764 4762; x_wconf 85' lang='lat' dir='ltr'><strong>nnpleret</strong></span> <span class='ocrx_word' id='word_1_798' title='bbox 2803 4715 2968 4757; x_wconf 84' lang='lat' dir='ltr'><strong>autem</strong></span> <span class='ocrx_word' id='word_1_799' title='bbox 2997 4706 3223 4761; x_wconf 83' lang='lat' dir='ltr'><strong>Joannes</strong></span> <span class='ocrx_word' id='word_1_800' title='bbox 3269 4726 3470 4766; x_wconf 77' lang='lat' dir='ltr'><strong>cuntur.</strong></span> 
     </span>
    </p>
   </div>
   <div class='ocr_carea' id='block_1_104' title="bbox 1869 4790 3479 4864">
    <p class='ocr_par' dir='ltr' id='par_1_104' title="bbox 1869 4790 3479 4864">
     <span class='ocr_line' id='line_1_105' title="bbox 1869 4790 3479 4864; baseline 0.011 -24"><span class='ocrx_word' id='word_1_801' title='bbox 1869 4804 2050 4851; x_wconf 86' lang='lat' dir='ltr'><strong>suum,</strong></span> <span class='ocrx_word' id='word_1_802' title='bbox 2083 4790 2276 4842; x_wconf 89' lang='lat' dir='ltr'><strong>dicebat</strong></span> <span class='ocrx_word' id='word_1_803' title='bbox 2307 4809 2326 4842; x_wconf 86' lang='lat'><strong><em>:</em></strong></span> <span class='ocrx_word' id='word_1_804' title='bbox 2361 4793 2523 4856; x_wconf 81' lang='lat' dir='ltr'><strong>Quem</strong></span> <span class='ocrx_word' id='word_1_805' title='bbox 2570 4811 2647 4848; x_wconf 91' lang='lat' dir='ltr'><strong>me</strong></span> <span class='ocrx_word' id='word_1_806' title='bbox 2677 4796 2996 4851; x_wconf 79' lang='lat' dir='ltr'><strong>arbitramini</strong></span> <span class='ocrx_word' id='word_1_807' title='bbox 3041 4817 3166 4864; x_wconf 76' lang='lat' dir='ltr'><strong>esse,</strong></span> <span class='ocrx_word' id='word_1_808' title='bbox 3217 4819 3318 4855; x_wconf 89' lang='lat' dir='ltr'><strong>non</strong></span> <span class='ocrx_word' id='word_1_809' title='bbox 3363 4821 3479 4858; x_wconf 79' lang='lat' dir='ltr'><strong>suo.</strong></span> 
     </span>
    </p>
   </div>
   <div class='ocr_carea' id='block_1_105' title="bbox 1870 4883 3475 4964">
    <p class='ocr_par' dir='ltr' id='par_1_105' title="bbox 1870 4883 3475 4964">
     <span class='ocr_line' id='line_1_106' title="bbox 1870 4883 3475 4964; baseline 0.011 -32"><span class='ocrx_word' id='word_1_810' title='bbox 1870 4898 1958 4949; x_wconf 83' lang='lat' dir='ltr'><strong>ego</strong></span> <span class='ocrx_word' id='word_1_811' title='bbox 1984 4897 2001 4933; x_wconf 90' lang='lat'><strong><em>:</em></strong></span> <span class='ocrx_word' id='word_1_812' title='bbox 2026 4883 2114 4933; x_wconf 83' lang='lat' dir='ltr'><strong>sed</strong></span> <span class='ocrx_word' id='word_1_813' title='bbox 2142 4899 2252 4937; x_wconf 75' lang='lat' dir='ltr'><strong>ecce</strong></span> <span class='ocrx_word' id='word_1_814' title='bbox 2274 4887 2404 4937; x_wconf 80' lang='lat' dir='ltr'><strong>venit</strong></span> <span class='ocrx_word' id='word_1_815' title='bbox 2430 4897 2542 4953; x_wconf 79' lang='lat' dir='ltr'><strong>post</strong></span> <span class='ocrx_word' id='word_1_816' title='bbox 2575 4904 2673 4951; x_wconf 84' lang='lat' dir='ltr'><strong>nte,</strong></span> <span class='ocrx_word' id='word_1_817' title='bbox 2706 4890 2851 4956; x_wconf 84' lang='lat' dir='ltr'><strong>cujus</strong></span> <span class='ocrx_word' id='word_1_818' title='bbox 2879 4909 2977 4944; x_wconf 85' lang='lat' dir='ltr'><strong>non</strong></span> <span class='ocrx_word' id='word_1_819' title='bbox 3009 4911 3118 4945; x_wconf 86' lang='lat' dir='ltr'><strong>sum</strong></span> <span class='ocrx_word' id='word_1_820' title='bbox 3142 4895 3329 4964; x_wconf 79' lang='lat' dir='ltr'><strong>dignus</strong></span> <span class='ocrx_word' id='word_1_821' title='bbox 3361 4898 3475 4950; x_wconf 83' lang='lat' dir='ltr'><strong>col-</strong></span> 
     </span>
    </p>
   </div>
   <div class='ocr_carea' id='block_1_106' title="bbox 1871 4977 3476 5047">
    <p class='ocr_par' dir='ltr' id='par_1_106' title="bbox 1871 4977 3476 5047">
     <span class='ocr_line' id='line_1_107' title="bbox 1871 4977 3476 5047; baseline 0.015 -24"><span class='ocrx_word' id='word_1_822' title='bbox 1871 4986 2126 5026; x_wconf 83' lang='lat' dir='ltr'><strong>ceamenta</strong></span> <span class='ocrx_word' id='word_1_823' title='bbox 2159 4977 2343 5044; x_wconf 78' lang='lat' dir='ltr'><strong>pedum</strong></span> <span class='ocrx_word' id='word_1_824' title='bbox 2384 4980 2597 5031; x_wconf 81' lang='lat' dir='ltr'><strong>solvere.</strong></span> <span class='ocrx_word' id='word_1_825' title='bbox 2652 4981 2713 5034; x_wconf 81' lang='lat' dir='ltr'><strong>Et</strong></span> <span class='ocrx_word' id='word_1_826' title='bbox 2740 4981 2977 5039; x_wconf 82' lang='lat' dir='ltr'><strong>Joannes</strong></span> <span class='ocrx_word' id='word_1_827' title='bbox 3021 4988 3334 5044; x_wconf 69' lang='lat' dir='ltr'><strong>testificatur</strong></span> <span class='ocrx_word' id='word_1_828' title='bbox 3365 5009 3476 5047; x_wconf 91' lang='lat' dir='ltr'><strong>non</strong></span> 
     </span>
    </p>
   </div>
   <div class='ocr_carea' id='block_1_107' title="bbox 1870 5065 3478 5144">
    <p class='ocr_par' dir='ltr' id='par_1_107' title="bbox 1870 5065 3478 5144">
     <span class='ocr_line' id='line_1_108' title="bbox 1870 5065 3478 5144; baseline 0.014 -28"><span class='ocrx_word' id='word_1_829' title='bbox 1870 5065 2208 5132; x_wconf 78' lang='lat' dir='ltr'><strong>simpliciter,</strong></span> <span class='ocrx_word' id='word_1_830' title='bbox 2233 5068 2326 5121; x_wconf 88' lang='lat' dir='ltr'><strong>sed</strong></span> <span class='ocrx_word' id='word_1_831' title='bbox 2349 5070 2575 5140; x_wconf 87' lang='lat' dir='ltr'><strong>gloriam</strong></span> <span class='ocrx_word' id='word_1_832' title='bbox 2601 5088 2628 5124; x_wconf 90' lang='lat' dir='ltr'><strong>a</strong></span> <span class='ocrx_word' id='word_1_833' title='bbox 2652 5089 2712 5128; x_wconf 90' lang='lat' dir='ltr'><strong>se</strong></span> <span class='ocrx_word' id='word_1_834' title='bbox 2730 5073 3030 5144; x_wconf 88' lang='lat' dir='ltr'><strong>depellens,</strong></span> <span class='ocrx_word' id='word_1_835' title='bbox 3053 5081 3259 5135; x_wconf 86' lang='lat' dir='ltr'><strong>etiamsi</strong></span> <span class='ocrx_word' id='word_1_836' title='bbox 3283 5098 3478 5140; x_wconf 88' lang='lat' dir='ltr'><strong>onmes</strong></span> 
     </span>
    </p>
   </div>
   <div class='ocr_carea' id='block_1_108' title="bbox 1867 5159 3479 5238">
    <p class='ocr_par' dir='ltr' id='par_1_108' title="bbox 1867 5159 3479 5238">
     <span class='ocr_line' id='line_1_109' title="bbox 1867 5159 3479 5238; baseline 0.014 -29"><span class='ocrx_word' id='word_1_837' title='bbox 1867 5159 2090 5226; x_wconf 80' lang='lat' dir='ltr'><strong>gloriam</strong></span> <span class='ocrx_word' id='word_1_838' title='bbox 2144 5162 2240 5229; x_wconf 88' lang='lat' dir='ltr'><strong>ipsi</strong></span> <span class='ocrx_word' id='word_1_839' title='bbox 2273 5162 2556 5218; x_wconf 85' lang='lat' dir='ltr'><strong>referrent.</strong></span> <span class='ocrx_word' id='word_1_840' title='bbox 2604 5165 2720 5220; x_wconf 85' lang='lat' dir='ltr'><strong>Non</strong></span> <span class='ocrx_word' id='word_1_841' title='bbox 2769 5184 2862 5238; x_wconf 85' lang='lat' dir='ltr'><strong>par</strong></span> <span class='ocrx_word' id='word_1_842' title='bbox 2893 5185 2980 5224; x_wconf 86' lang='lat' dir='ltr'><strong>res</strong></span> <span class='ocrx_word' id='word_1_843' title='bbox 3006 5183 3089 5227; x_wconf 86' lang='lat' dir='ltr'><strong>est</strong></span> <span class='ocrx_word' id='word_1_844' title='bbox 3117 5185 3292 5228; x_wconf 81' lang='lat' dir='ltr'><strong>autent</strong></span> <span class='ocrx_word' id='word_1_845' title='bbox 3325 5181 3479 5232; x_wconf 91' lang='lat' dir='ltr'><strong>nullo</strong></span> 
     </span>
    </p>
   </div>
   <div class='ocr_carea' id='block_1_109' title="bbox 1869 5253 3476 5329">
    <p class='ocr_par' dir='ltr' id='par_1_109' title="bbox 1869 5253 3476 5329">
     <span class='ocr_line' id='line_1_110' title="bbox 1869 5253 3476 5329; baseline 0.015 -24"><span class='ocrx_word' id='word_1_846' title='bbox 1869 5253 2029 5307; x_wconf 86' lang='lat' dir='ltr'><strong>dante</strong></span> <span class='ocrx_word' id='word_1_847' title='bbox 2073 5258 2352 5321; x_wconf 71' lang='lat' dir='ltr'><strong>repellere,</strong></span> <span class='ocrx_word' id='word_1_848' title='bbox 2403 5267 2456 5310; x_wconf 86' lang='lat' dir='ltr'><strong>et</strong></span> <span class='ocrx_word' id='word_1_849' title='bbox 2500 5261 2750 5314; x_wconf 90' lang='lat' dir='ltr'><strong>omnibus</strong></span> <span class='ocrx_word' id='word_1_850' title='bbox 2804 5264 3160 5322; x_wconf 85' lang='lat' dir='ltr'><strong>tribuentibus</strong></span> <span class='ocrx_word' id='word_1_851' title='bbox 3211 5270 3476 5329; x_wconf 85' lang='lat' dir='ltr'><strong>honorem</strong></span> 
     </span>
    </p>
   </div>
   <div class='ocr_carea' id='block_1_110' title="bbox 1871 5344 3477 5420">
    <p class='ocr_par' dir='ltr' id='par_1_110' title="bbox 1871 5344 3477 5420">
     <span class='ocr_line' id='line_1_111' title="bbox 1871 5344 3477 5420; baseline 0.014 -25"><span class='ocrx_word' id='word_1_852' title='bbox 1871 5344 2115 5410; x_wconf 75' lang='lat' dir='ltr'><strong>rejicere.</strong></span> <span class='ocrx_word' id='word_1_853' title='bbox 2168 5363 2339 5416; x_wconf 84' lang='lat' dir='ltr'><strong>neque</strong></span> <span class='ocrx_word' id='word_1_854' title='bbox 2385 5349 2718 5418; x_wconf 83' lang='lat' dir='ltr'><strong>simpliciter,</strong></span> <span class='ocrx_word' id='word_1_855' title='bbox 2767 5359 2861 5408; x_wconf 90' lang='lat' dir='ltr'><strong>sed</strong></span> <span class='ocrx_word' id='word_1_856' title='bbox 2912 5371 3032 5411; x_wconf 87' lang='lat' dir='ltr'><strong>eum</strong></span> <span class='ocrx_word' id='word_1_857' title='bbox 3087 5369 3227 5414; x_wconf 90' lang='lat' dir='ltr'><strong>tanta</strong></span> <span class='ocrx_word' id='word_1_858' title='bbox 3274 5363 3477 5420; x_wconf 86' lang='lat' dir='ltr'><strong>demis-</strong></span> 
     </span>
    </p>
   </div>
   <div class='ocr_carea' id='block_1_111' title="bbox 1870 5436 3478 5527">
    <p class='ocr_par' dir='ltr' id='par_1_111' title="bbox 1870 5436 3478 5527">
     <span class='ocr_line' id='line_1_112' title="bbox 1870 5436 3478 5527; baseline 0.016 -41"><span class='ocrx_word' id='word_1_859' title='bbox 1870 5436 2038 5489; x_wconf 85' lang='lat' dir='ltr'><strong>sione.</strong></span> <span class='ocrx_word' id='word_1_860' title='bbox 2071 5437 2159 5491; x_wconf 74' lang='lat'><strong>9.6.</strong></span> <span class='ocrx_word' id='word_1_861' title='bbox 2205 5437 2306 5491; x_wconf 87' lang='lat' dir='ltr'><strong>Viri</strong></span> <span class='ocrx_word' id='word_1_862' title='bbox 2347 5445 2551 5509; x_wconf 79' lang='lat' dir='ltr'><strong>fratres,</strong></span> <span class='ocrx_word' id='word_1_863' title='bbox 2585 5445 2681 5511; x_wconf 77' lang='lat' dir='ltr'><strong>ﬁlii</strong></span> <span class='ocrx_word' id='word_1_864' title='bbox 2711 5450 2906 5515; x_wconf 85' lang='lat' dir='ltr'><strong>generis</strong></span> <span class='ocrx_word' id='word_1_865' title='bbox 2949 5453 3186 5518; x_wconf 76' lang='lat' dir='ltr'><strong>Abraha&#39;,</strong></span> <span class='ocrx_word' id='word_1_866' title='bbox 3220 5467 3267 5508; x_wconf 88' lang='lat' dir='ltr'><strong>et</strong></span> <span class='ocrx_word' id='word_1_867' title='bbox 3307 5460 3478 5527; x_wconf 79' lang='lat' dir='ltr'><strong>quiin</strong></span> 
     </span>
    </p>
   </div>
   <div class='ocr_carea' id='block_1_112' title="bbox 1869 5529 3477 5615">
    <p class='ocr_par' dir='ltr' id='par_1_112' title="bbox 1869 5529 3477 5615">
     <span class='ocr_line' id='line_1_113' title="bbox 1869 5529 3477 5615; baseline 0.016 -34"><span class='ocrx_word' id='word_1_868' title='bbox 1869 5529 2005 5581; x_wconf 70' lang='lat' dir='ltr'><strong>vobis</strong></span> <span class='ocrx_word' id='word_1_869' title='bbox 2035 5531 2204 5582; x_wconf 87' lang='lat' dir='ltr'><strong>timent</strong></span> <span class='ocrx_word' id='word_1_870' title='bbox 2247 5530 2429 5598; x_wconf 84' lang='lat' dir='ltr'><strong>Deum,</strong></span> <span class='ocrx_word' id='word_1_871' title='bbox 2465 5535 2600 5587; x_wconf 74' lang='lat' dir='ltr'><strong>vobis</strong></span> <span class='ocrx_word' id='word_1_872' title='bbox 2630 5538 2832 5592; x_wconf 82' lang='lat' dir='ltr'><strong>verbum</strong></span> <span class='ocrx_word' id='word_1_873' title='bbox 2869 5544 3049 5596; x_wconf 86' lang='lat' dir='ltr'><strong>salutis</strong></span> <span class='ocrx_word' id='word_1_874' title='bbox 3081 5547 3234 5615; x_wconf 77' lang='lat' dir='ltr'><strong>huius</strong></span> <span class='ocrx_word' id='word_1_875' title='bbox 3265 5551 3477 5606; x_wconf 83' lang='lat' dir='ltr'><strong>missum</strong></span> 
     </span>
    </p>
   </div>
   <div class='ocr_carea' id='block_1_113' title="bbox 1870 5621 3474 5715">
    <p class='ocr_par' dir='ltr' id='par_1_113' title="bbox 1870 5621 3474 5715">
     <span class='ocr_line' id='line_1_114' title="bbox 1870 5621 3474 5715; baseline 0.018 -44"><span class='ocrx_word' id='word_1_876' title='bbox 1870 5632 1960 5672; x_wconf 86' lang='lat' dir='ltr'><strong>est.</strong></span> <span class='ocrx_word' id='word_1_877' title='bbox 2000 5621 2089 5674; x_wconf 74' lang='lat'><strong>9.7.</strong></span> <span class='ocrx_word' id='word_1_878' title='bbox 2142 5623 2243 5688; x_wconf 77' lang='lat' dir='ltr'><strong>Qui</strong></span> <span class='ocrx_word' id='word_1_879' title='bbox 2286 5627 2418 5678; x_wconf 86' lang='lat' dir='ltr'><strong>enim</strong></span> <span class='ocrx_word' id='word_1_880' title='bbox 2463 5628 2758 5684; x_wconf 87' lang='lat' dir='ltr'><strong>habitabant</strong></span> <span class='ocrx_word' id='word_1_881' title='bbox 2799 5634 3089 5691; x_wconf 84' lang='lat' dir='ltr'><strong>Jerusalem</strong></span> <span class='ocrx_word' id='word_1_882' title='bbox 3135 5653 3179 5694; x_wconf 89' lang='lat' dir='ltr'><strong>et</strong></span> <span class='ocrx_word' id='word_1_883' title='bbox 3218 5648 3474 5715; x_wconf 79' lang='lat' dir='ltr'><strong>principes</strong></span> 
     </span>
    </p>
   </div>
   <div class='ocr_carea' id='block_1_114' title="bbox 1870 5715 3474 5802">
    <p class='ocr_par' dir='ltr' id='par_1_114' title="bbox 1870 5715 3474 5802">
     <span class='ocr_line' id='line_1_115' title="bbox 1870 5715 3474 5802; baseline 0.016 -35"><span class='ocrx_word' id='word_1_884' title='bbox 1870 5730 2042 5767; x_wconf 86' lang='lat' dir='ltr'><strong>eorum</strong></span> <span class='ocrx_word' id='word_1_885' title='bbox 2069 5715 2201 5768; x_wconf 90' lang='lat' dir='ltr'><strong>hunc</strong></span> <span class='ocrx_word' id='word_1_886' title='bbox 2227 5718 2541 5787; x_wconf 85' lang='lat' dir='ltr'><strong>ignorantes,</strong></span> <span class='ocrx_word' id='word_1_887' title='bbox 2567 5733 2610 5775; x_wconf 86' lang='lat' dir='ltr'><strong>et</strong></span> <span class='ocrx_word' id='word_1_888' title='bbox 2640 5741 2783 5778; x_wconf 84' lang='lat' dir='ltr'><strong>voces</strong></span> <span class='ocrx_word' id='word_1_889' title='bbox 2811 5731 3200 5799; x_wconf 86' lang='lat' dir='ltr'><strong>praphetarum,</strong></span> <span class='ocrx_word' id='word_1_890' title='bbox 3229 5754 3342 5802; x_wconf 73' lang='lat' dir='ltr'><strong>qua:</strong></span> <span class='ocrx_word' id='word_1_891' title='bbox 3384 5757 3474 5798; x_wconf 68' lang='lat' dir='ltr'><strong>per</strong></span> 
     </span>
    </p>
   </div>
   <div class='ocr_carea' id='block_1_115' title="bbox 1869 5808 3468 5890">
    <p class='ocr_par' dir='ltr' id='par_1_115' title="bbox 1869 5808 3468 5890">
     <span class='ocr_line' id='line_1_116' title="bbox 1869 5808 3468 5890; baseline 0.014 -32"><span class='ocrx_word' id='word_1_892' title='bbox 1869 5822 2016 5859; x_wconf 89' lang='lat' dir='ltr'><strong>omne</strong></span> <span class='ocrx_word' id='word_1_893' title='bbox 2039 5808 2299 5862; x_wconf 83' lang='lat' dir='ltr'><strong>sabbatum</strong></span> <span class='ocrx_word' id='word_1_894' title='bbox 2341 5811 2596 5881; x_wconf 84' lang='lat' dir='ltr'><strong>leguntur,</strong></span> <span class='ocrx_word' id='word_1_895' title='bbox 2639 5817 2939 5884; x_wconf 78' lang='lat' dir='ltr'><strong>iudicantes,</strong></span> <span class='ocrx_word' id='word_1_896' title='bbox 2972 5825 3302 5890; x_wconf 66' lang='lat' dir='ltr'><strong>implerrrunt</strong></span> <span class='ocrx_word' id='word_1_897' title='bbox 3333 5846 3350 5880; x_wconf 83' lang='lat'><strong><em>:</em></strong></span> <span class='ocrx_word' id='word_1_898' title='bbox 3376 5834 3468 5881; x_wconf 55' lang='grc' dir='ltr'><strong>ἐκ.</strong></span> 
     </span>
    </p>
   </div>
   <div class='ocr_carea' id='block_1_116' title="bbox 1870 5901 3470 5984">
    <p class='ocr_par' dir='ltr' id='par_1_116' title="bbox 1870 5901 3470 5984">
     <span class='ocr_line' id='line_1_117' title="bbox 1870 5901 3470 5984; baseline 0.004 -33"><span class='ocrx_word' id='word_1_899' title='bbox 1870 5909 1914 5951; x_wconf 79' lang='lat' dir='ltr'><strong>et</strong></span> <span class='ocrx_word' id='word_1_900' title='bbox 1945 5901 2138 5953; x_wconf 71' lang='lat' dir='ltr'><strong>uult’am</strong></span> <span class='ocrx_word' id='word_1_901' title='bbox 2167 5919 2369 5953; x_wconf 76' lang='lat' dir='ltr'><strong>crtusam</strong></span> <span class='ocrx_word' id='word_1_902' title='bbox 2401 5907 2574 5959; x_wconf 80' lang='lat' dir='ltr'><strong>mortis</strong></span> <span class='ocrx_word' id='word_1_903' title='bbox 2615 5909 2919 5969; x_wconf 77' lang='lat' dir='ltr'><strong>int&#39;euientes</strong></span> <span class='ocrx_word' id='word_1_904' title='bbox 2957 5917 3008 5969; x_wconf 71' lang='lat' dir='ltr'><strong>in</strong></span> <span class='ocrx_word' id='word_1_905' title='bbox 3050 5936 3125 5984; x_wconf 51' lang='lat' dir='ltr'><strong>ea.</strong></span> <span class='ocrx_word' id='word_1_906' title='bbox 3163 5934 3407 5981; x_wconf 46' lang='lat' dir='ltr'><strong>parm-aq;</strong></span> <span class='ocrx_word' id='word_1_907' title='bbox 3440 5944 3470 5975; x_wconf 66' lang='grc' dir='ltr'><strong>,ι</strong></span> 
     </span>
    </p>
   </div>
  </div>
