4082 6492
634 407 740 462 1Ιὸ

633 522 805 576 Pilato
846 530 900 572 ut
940 516 1320 585 interﬁceretur.
1357 517 1561 587 Ubique
1607 519 1705 570 boc
1730 518 2013 571 ostendere
2059 526 2201 570 sata-

632 621 783 681 gunt,
831 611 1024 663 bonum
1059 609 1291 678 ipsorum
1339 611 1436 663 hoc
1467 612 1735 678 proprium
1765 624 1904 669 esse,
1955 624 2021 661 nc
2067 617 2203 660 tam-

632 718 788 771 quam
818 702 1051 754 alienum
1093 701 1489 755 considerantes
1538 700 1754 769 fugiant,
1801 714 1867 752 eo
1896 698 2035 767 quod
2081 712 2203 751 cru-

633 793 925 846 edixissent
972 808 1118 846 cum.
1170 790 1357 853 Hunc,
1409 791 1620 860 inquit,
1672 791 1977 860 ignorantes.
2021 789 2203 857 Itaque

632 885 941 952 ignorantia:
968 893 1238 952 peccatum
1270 892 1401 936 erat.
1432 882 1558 936 Vide
1583 883 1850 949 quomodo
1873 881 1991 934 illos
2012 881 2202 935 leniter

630 977 896 1030 defendat.
931 977 1109 1045 Neque
1135 976 1232 1028 hoc
1256 985 1454 1028 tantum
1479 990 1494 1038 ;
1517 975 1608 1029 sed
1632 976 1788 1028 etiam
1820 976 1885 1027 ita
1909 974 2019 1026 licri
2042 990 2202 1040 opor-

633 1069 795 1122 tuisse
821 1069 1018 1137 adjicit.
1044 1068 1118 1122 Nc
1142 1071 1262 1136 quis
1291 1083 1417 1121 vero
1440 1066 1657 1130 diceret,
1689 1064 1838 1121 Unde
1864 1066 2195 1118 manifestum

631 1167 713 1208 cst
743 1157 886 1210 illum
917 1157 1273 1210 resnrrcxisse
1297 1156 1320 1208 'l
1347 1155 1473 1209 dicit
1502 1156 1682 1218 etiam,
1714 1154 1878 1208 Testes
1899 1154 2035 1206 illius
2059 1163 2194 1206 situt.

632 1247 828 1300 Deinde
856 1262 1059 1300 rursum
1078 1262 1140 1300 ex
1163 1246 1452 1315 Scripturis
1476 1262 1584 1300 rem
1611 1248 1907 1300 contirmat.
1931 1244 2021 1299 29.
2047 1243 2196 1297 Cum-

627 1353 723 1405 que
747 1330 1171 1391 consummassent
1202 1339 1392 1402 onmia,
1422 1354 1534 1404 qua:
1579 1338 1642 1391 de
1685 1337 1773 1390 illo
1816 1337 2003 1406 scripta
2031 1347 2191 1402 erant,

629 1429 928 1496 deponenles
954 1431 1018 1484 de
1057 1431 1216 1499 ligno,
1251 1441 1522 1500 posuerunt
1552 1448 1661 1482 eum
1700 1430 1756 1484 in
1799 1440 2191 1482 monumentum.

624 1518 714 1574 50.
746 1519 881 1572 Deus
905 1537 1019 1574 vero
1047 1523 1302 1576 suscitavit
1331 1539 1443 1574 eum
1472 1538 1502 1573 a
1531 1522 1739 1574 mortuis
1786 1523 1930 1574 tertia
1973 1522 2073 1585 die,
2105 1521 2194 1589 qui

624 1613 754 1666 visus
780 1623 852 1668 est
874 1631 962 1681 per
987 1616 1091 1667 dies
1118 1617 1300 1667 multos
1337 1616 1421 1677 iis,
1452 1616 1538 1668 51.
1566 1617 1650 1684 qui
1678 1614 1828 1667 simul
1865 1615 2194 1667 ascenderunt

622 1722 736 1756 cum
763 1722 818 1759 eo
847 1706 907 1758 de
931 1705 1141 1760 Galliam
1165 1711 1217 1760 in
1239 1707 1544 1772 Jerusalem,
1575 1711 1659 1777 qui
1684 1719 1797 1763 sunt
1826 1718 1969 1762 testes
1995 1711 2104 1777 ejus
2124 1709 2192 1761 ad

624 1795 831 1862 plebem.
863 1797 948 1851 '59..
994 1797 1058 1850 Et
1087 1815 1178 1851 nos
1227 1801 1360 1853 vobis
1405 1802 1761 1852 anutmtiamus
1799 1816 1924 1862 eam,
1971 1815 2083 1867 quae
2124 1800 2192 1852 ad

621 1895 785 1955 patres
810 1898 1005 1940 nostros
1025 1890 1344 1956 repromissio
1366 1894 1499 1960 facta
1519 1900 1592 1943 est
1617 1906 1635 1943 :
1654 1891 1741 1944 53.
1767 1890 1882 1958 quia
1903 1892 2031 1942 hanc
2053 1888 2191 1942 Deus

617 1975 904 2045 adimplevit
943 1976 1083 2031 nobis
1113 1979 1234 2044 ﬁliis
1261 1996 1448 2042 eorum,
1490 1982 1796 2033 resuscitans
1832 1980 2026 2044 Jesum,
2062 1981 2188 2032 sicut

617 2076 663 2117 et
689 2066 741 2118 in
770 2065 977 2120 Psalmo
1002 2069 1220 2120 seiundo
1259 2071 1503 2138 scriptum
1536 2080 1605 2123 est
1626 2086 1645 2124 :
1677 2069 1841 2123 Filius
1871 2087 2010 2124 nteus
2035 2086 2086 2124 es
2111 2081 2184 2130 tu,

616 2172 707 2226 ego
734 2157 882 2211 hodie
905 2161 1055 2229 genui
1079 2170 1127 2214 te
1154 2159 1325 2231 (Psal.
1351 2162 1404 2214 Ξ.
1436 2162 1512 2231 7).
1547 2163 1630 2216 54.
1664 2162 1811 2229 Quod
1837 2174 1998 2217 autent
2020 2165 2186 2218 susci-

619 2248 737 2300 tavit
763 2265 876 2301 eum
911 2266 943 2302 a
992 2252 1220 2315 mortuis,
1263 2269 1360 2305 non
1387 2252 1521 2304 ultra
1567 2270 1880 2306 reversurum
1918 2254 1971 2307 in
2010 2271 2188 2308 carru-

621 2339 858 2405 ptioncm,
887 2342 956 2393 ita
980 2343 1126 2406 dixit,
1153 2343 1285 2406 Quia
1311 2344 1437 2396 dabo
1461 2345 1596 2398 vobis
1615 2357 1786 2398 sancta
1812 2345 1973 2398 David
2013 2347 2186 2414 ﬁdelia

620 2429 770 2501 (Isai.
803 2433 890 2486 55.
937 2435 1015 2494 5).
1058 2436 1141 2489 55.
1176 2433 1301 2488 Ideo
1332 2447 1378 2488 et
1426 2439 1476 2488 in
1521 2437 1624 2490 alio
1668 2439 1839 2491 dicit:
1876 2438 1995 2492 Non
2042 2439 2184 2491 dabis

615 2521 858 2576 Sanctum
885 2534 1022 2577 tuum
1050 2527 1214 2580 videre
1236 2529 1604 2596 corruptionem
1646 2529 1814 2599 (Psal.
1842 2531 1926 2583 15.
1956 2531 2060 2597 10).
2093 2531 2180 2584 56.

612 2611 780 2666 David
808 2615 938 2668 enim
966 2617 1016 2668 in
1045 2633 1139 2670 sua
1163 2621 1483 2686 generatione
1523 2636 1636 2673 cum
1677 2622 2070 2674 administrasset
2098 2637 2183 2674 vo-

613 2704 792 2757 luntati
815 2705 929 2768 Dei,
962 2707 1215 2768 dormivit,
1244 2720 1289 2761 et
1312 2712 1573 2776 appositus
1594 2721 1666 2764 est
1688 2712 1755 2763 ad
1785 2721 1947 2776 patres
1974 2729 2107 2773 suos.
2137 2723 2183 2765 et

611 2795 734 2848 vidit
760 2799 1129 2865 corruptionem
1159 2815 1178 2853 :
1205 2800 1291 2854 57.
1341 2817 1483 2868 quem
1524 2819 1637 2856 vero
1687 2801 1824 2857 Deus
1862 2806 2116 2858 suscitavit
2151 2823 2182 2859 a

610 2889 836 2952 mortuis,
866 2903 965 2940 non
993 2889 1115 2940 vidit
1138 2891 1528 2960 corruptionem.
1565 2892 1694 2947 Vide
1725 2893 1864 2948 hunc
1893 2895 2180 2950 vehemen-

606 2979 712 3029 tius
741 2977 1109 3034 disserentem.
1162 2981 1272 3035 Hoc
1319 2998 1605 3052 numquam
1653 2983 1842 3038 Petrus
1888 2985 2038 3039 dixit.
2087 2987 2176 3040 58.

610 3069 797 3122 Notum
823 3071 976 3139 igitur
1002 3072 1064 3126 sit
1089 3073 1243 3132 vobis.
1267 3074 1359 3126 viri
1388 3074 1593 3142 fratres,
1624 3077 1741 3144 quia
1767 3093 1852 3143 per
1879 3077 2009 3129 hunc
2037 3079 2178 3130 nobis

608 3160 832 3212 remissio
854 3171 1170 3229 peccatorum
1196 3165 1546 3228 aunuutiatur,
1577 3176 1621 3219 et
1645 3167 1706 3218 ab
1729 3168 1976 3230 omnibus,
2007 3185 2038 3220 a
2063 3171 2178 3237 qui-

606 3251 696 3302 bus
720 3267 818 3303 non
851 3253 1078 3319 potuistis
1114 3254 1164 3305 in
1203 3254 1314 3324 lege
1347 3253 1540 3323 Moysis
1563 3257 1851 3324 iustiﬁcari,
1883 3258 1971 3312 39.
2007 3258 2057 3311 in
2085 3261 2177 3316 hoc

608 3342 769 3395 omnis
792 3343 877 3412 qui
900 3344 1058 3396 credit
1071 3345 1400 3413 justiﬁcatur.
1431 3347 1630 3401 Deinde
1656 3348 1754 3401 hoc
1778 3350 2014 3405 terribile
2041 3368 2054 3404 :
2084 3351 2172 3404 40.

621 3433 788 3488 Videte
814 3452 950 3505 ergo,
991 3453 1051 3489 ne
1086 3440 1399 3505 superveniat
1435 3441 1569 3493 vobis
1607 3441 1740 3508 quod
1783 3443 1968 3496 dictum
2016 3454 2086 3496 est
2124 3445 2176 3496 in

605 3527 860 3593 prophetis
892 3542 910 3580 :
938 3527 1027 3580 41.
1067 3525 1257 3593 Videte,
1279 3539 1660 3598 contemptores,
1683 3541 1728 3584 et
1757 3532 2097 3596 admirantini,
2129 3545 2176 3588 et

603 3617 966 3683 disperdimini,
1015 3619 1132 3689 quia
1167 3635 1293 3686 opus
1335 3637 1517 3689 aperor
1554 3638 1643 3690 ego
1672 3623 1723 3675 in
1767 3624 1937 3678 diebus
1975 3627 2169 3692 vestris,

600 3705 736 3773 quod
751 3722 849 3758 non
868 3706 1097 3771 credetis,
1117 3709 1159 3759 si
1175 3709 1285 3776 quis
1300 3717 1606 3764 enarraverit
1628 3713 1762 3765 vobis
1784 3713 1801 3782 (
1811 3711 2002 3768 Habac.
2025 3715 2168 3785 1.5).

671 3795 724 3848 2.
760 3796 889 3851 Vide
919 3797 1184 3867 quomodo
1203 3799 1679 3855 uectitsermonem
1703 3818 1769 3868 ex
1797 3806 2166 3873 prmseutibus,

601 3902 665 3939 ex
699 3887 1005 3956 prophetis,
1058 3905 1122 3943 ex
1166 3893 1369 3945 semine
1398 3893 1689 3946 secundum
1736 3896 2165 3962 promissionem.

607 3979 796 4033 Verum
819 3995 978 4046 supra
1016 3982 1152 4037 dieta
1179 3984 1542 4052 exploremus.
1591 3985 1698 4039 Viri
1727 3988 1929 4052 fratres,
1955 3991 2050 4053 ﬁlii
2078 4008 2167 4061 ge-

603 4073 733 4124 neris
775 4072 1008 4125 .4brahte.
1051 4074 1089 4126 Α
1135 4083 1282 4142 patre
1328 4076 1470 4143 ipsos
1513 4078 1760 4146 appellat.
1814 4077 1961 4132 Vobis
2005 4098 2167 4136 sermo

596 4163 770 4215 salutis
796 4165 943 4232 hujus
975 4165 1152 4217 missus
1179 4176 1267 4220 est.
1307 4167 1401 4220 llic
1433 4168 1581 4232 illud,
1622 4168 1785 4230 Vobis,
1819 4186 1921 4224 non
1950 4172 2165 4227 Judwos

595 4259 876 4321 separatim
911 4258 1142 4324 respicit,
1168 4258 1259 4312 sed
1283 4259 1372 4312 dat
1404 4260 1507 4313 illis
1541 4273 1855 4329 potestatem
1895 4266 2156 4320 avellendi

597 4362 654 4396 se
684 4345 750 4397 ab
778 4347 859 4407 iis,
891 4349 975 4416 qui
1005 4349 1201 4401 caedem
1231 4362 1634 4418 perpetrarunt;
1665 4355 1802 4422 quod
1833 4371 1896 4409 ex
1923 4361 2162 4426 sequenti

599 4436 770 4502 palam
803 4450 903 4488 cst.
939 4437 1072 4490 Nam
1099 4441 1182 4506 qui
1210 4441 1532 4507 habitabant,
1577 4444 1747 4512 inquit
1771 4487 1784 4508 ,
1836 4446 2160 4516 Jerusalem,

597 4529 728 4578 hunc
772 4529 1078 4596 ignorantes,
1106 4541 1149 4583 et
1175 4547 1314 4585 voces
1342 4535 1719 4601 praphetarum,
1749 4553 1859 4604 quae
1891 4556 1978 4604 per
2020 4557 2166 4595 onme

593 4619 851 4671 sabbatum
883 4621 1130 4688 leguntur,
1152 4623 1440 4689 judicantcs
1470 4627 1814 4695 impleverunt.
1852 4629 2036 4697 Magna
2067 4647 2162 4686 ac-

593 4712 811 4770 cusatio.
846 4712 886 4763 si
916 4713 1218 4780 frequenter
1241 4717 1515 4769 audientes
1546 4734 1646 4769 non
1672 4720 2012 4774 attenderint.
2059 4725 2160 4778 Sed

596 4803 722 4855 nihil
748 4805 934 4857 mirum
962 4824 974 4858 :
1009 4823 1125 4858 nam
1150 4808 1283 4860 dicta
1312 4809 1395 4861 illa
1419 4811 1554 4863 eirea
1584 4811 1866 4881 zligyntum
1897 4827 1946 4868 et
1975 4817 2158 4872 descr-

599 4903 704 4943 tmn
735 4934 747 4953 ,
787 4894 914 4947 satis
939 4907 1088 4949 erant
1127 4899 1190 4950 ad
1225 4899 1484 4969 ingratum
1537 4903 1747 4956 illorum
1788 4908 2020 4961 animum
2065 4910 2158 4964 de-

598 4984 1015 5038 monstrandum.
1051 4987 1114 5039 Et
1142 4991 1402 5055 quomodo
1427 4999 1752 5059 ignorarunt,
1786 4997 2003 5066 iuquics.
2038 5015 2155 5054 cum

592 5075 822 5129 Joannes
853 5076 1084 5129 dixerit?
1111 5078 1246 5144 Quid
1272 5080 1483 5144 mirutn,
1515 5097 1632 5136 cum
1659 5086 1925 5152 propheta:
1951 5107 2159 5157 quoque

594 5167 1132 5236 Saepcclamaverint?
1156 5171 1286 5224 llinc
1314 5172 1412 5224 alia
1434 5177 1698 5228 accusatio
1724 5194 1734 5226 :
1765 5177 1824 5229 Et
1847 5180 1984 5232 nulla
2005 5197 2159 5233 causa

594 5258 1025 5321 mortisinventa;
1056 5261 1103 5312 id
1144 5262 1280 5328 quod
1321 5264 1628 5332 ignorantia:
1675 5284 1775 5320 non
1825 5281 1958 5322 crat.
1990 5272 2159 5325 Pona-

594 5365 708 5401 mus
732 5351 894 5413 enim,
925 5352 1063 5419 quod
1094 5368 1211 5406 cum
1247 5371 1337 5420 pro
1363 5356 1573 5410 Chrile
1596 5374 1699 5410 non
1734 5361 2031 5426 habuerint,
2061 5381 2158 5419 cur

590 5440 940 5493 acciderunt?
971 5441 1039 5494 Et
1079 5445 1355 5509 petierunt,
1390 5446 1593 5516 inquit,
1639 5466 1669 5500 (ι
1715 5449 1878 5504 Pilato
1909 5464 1960 5504 ut
2004 5457 2156 5508 inter-

593 5532 842 5596 ficeretur.
875 5531 1093 5602 Cumque
1119 5550 1541 5591 consummassenl
1567 5542 1734 5594 omnia
1758 5585 1770 5602 ,
1817 5561 1930 5615 qua:
1968 5547 2030 5600 de
2068 5549 2156 5602 illo

589 5621 778 5686 scripta
802 5634 941 5674 erant
967 5666 979 5685 ,
1025 5626 1323 5690 deponentes
1363 5628 1424 5680 de
1451 5630 1605 5699 ligno,
1639 5645 1910 5702 posuerunt
1954 5638 2005 5689 in
2051 5655 2157 5691 mo-

589 5721 900 5764 numentum.
932 5714 1059 5768 Vide
1085 5734 1241 5784 qnam
1281 5718 1379 5773 hoc
1424 5720 1526 5773 illis
1554 5737 1692 5775 curzc
1723 5723 1896 5779 fuerit.
1944 5727 2155 5783 Modum

602 5805 788 5857 mortis
817 5805 982 5872 dixit.
1015 5815 1068 5863 et
1097 5809 1313 5866 Pilatum
1350 5813 1397 5865 iu
1431 5815 1658 5868 mcdimu
1709 5819 1949 5884 adducit,
1985 5833 2039 5874 ut
2083 5824 2154 5875 si-

1331 402 1388 457 S.
1426 401 1699 457 JOANNIS
1734 400 2209 457 CHRYSOSTOMI
2250 401 2562 456 ARCIIIEP.
2601 401 3132 458 CONSTANTINOP.

3788 400 3897 454 3H3

2316 514 2424 568 mul
2454 526 2506 570 et
2535 515 2813 570 manifesta
2845 518 3018 585 passio
3044 518 3112 570 sit
3136 531 3200 570 ex
3233 515 3510 579 tribunali,
3533 515 3801 584 simulque
3835 524 3896 568 ut

2311 605 2383 658 illi
2405 605 2618 674 gravius
2656 617 2993 670 accusentur,
3023 608 3162 677 quod
3213 608 3360 661 illum
3411 608 3725 677 alienigenae
3771 610 3893 659 viro

2310 695 2644 749 tradiderint.
2697 696 2880 766 Neque
2920 699 3085 761 dixit.
3128 698 3412 769 Conquesti
3457 707 3580 752 sunt
3625 698 3730 769 (a);
3765 699 3888 760 sed,

2312 784 2672 852 l’ostularunt,
2721 789 2862 841 nulla
2917 805 3076 843 causa
3113 790 3324 845 inventa
3367 792 3512 845 illum
3561 792 3888 858 occidendi;

2309 879 2377 931 ita
2401 888 2453 932 ut
2478 880 2650 948 palam
2674 882 2742 934 sit
2765 882 2882 934 illos
2901 883 3122 952 gratiam
3144 886 3411 952 accepisse
3435 885 3602 938 Pilato
3626 886 3844 939 nolente
3871 907 3885 941 :

2305 969 2443 1036 quod
2470 971 2664 1023 clarius
2692 971 2820 1025 dicit
2853 973 3056 1033 l’etrus,
3088 973 3361 1027 Jud-icante
3398 975 3487 1027 illo
3515 977 3698 1028 dimitti
3730 977 3886 1046 (Act.

2303 1059 2356 1113 5.
2391 1058 2499 1129 15).
2531 1061 2746 1115 Multum
2776 1064 2985 1118 amabat
3030 1064 3152 1118 illos
3193 1066 3406 1119 Paulus.
3464 1067 3530 1120 Et
3575 1069 3720 1130 vide,
3770 1086 3884 1122 non

2305 1163 2545 1206 moratur
2570 1155 2618 1206 in
2650 1155 2853 1222 ingrato
2881 1169 3086 1225 patrum
3119 1171 3320 1218 auuno.
3348 1159 3440 1213 sed
3473 1160 3599 1226 ipsis
3631 1162 3884 1216 timorem

2304 1244 2508 1298 incotit.
2543 1246 2846 1315 Stephanus
2871 1259 3016 1304 certe
3054 1249 3153 1304 hoc
3177 1252 3299 1319 jure
3327 1250 3453 1305 facit
3474 1294 3489 1313 .
3520 1263 3702 1319 utpote
3728 1256 3882 1308 occi-

2299 1333 2522 1396 dendus,
2554 1353 2656 1390 non
2683 1339 2904 1405 docens,
2929 1352 2983 1395 et
3007 1343 3295 1396 ostendens
3326 1343 3494 1412 legem
3523 1344 3634 1414 jam
3679 1348 3818 1399 solvi
3864 1366 3880 1400 :

2301 1427 2387 1482 bic
2438 1445 2566 1484 vero
2616 1447 2720 1484 non
2768 1433 2929 1498 item,
2978 1435 3070 1488 sed
3103 1436 3333 1489 minatur
3373 1447 3428 1490 et
3473 1447 3635 1491 terret
3677 1440 3878 1493 solum.

2299 1518 2435 1575 Deus
2458 1532 2623 1575 autem
2666 1526 2920 1578 suscitavit
2959 1527 3104 1579 illum
3129 1545 3160 1580 a
3202 1530 3431 1582 mortuis.
3471 1529 3573 1594 Qui
3606 1532 3737 1584 visus
3760 1542 3878 1595 est,

2299 1612 2486 1680 inquit,
2518 1616 2685 1668 multis
2709 1615 2882 1670 diebus
2901 1619 2982 1681 iis,
3006 1619 3092 1678 qui
3115 1636 3227 1671 cum
3262 1636 3318 1673 eo
3340 1625 3670 1675 ascenderant
3710 1641 3740 1675 a
3768 1623 3878 1676 Ca-

2296 1705 2431 1758 lila'a
2457 1706 2508 1759 in
2532 1705 2839 1762 Jerusalem.
2868 1710 2999 1766 Vide
3022 1712 3161 1766 hunc
3184 1711 3251 1765 ab
3280 1713 3394 1782 ipso
3419 1713 3617 1783 Spiritu
3646 1727 3871 1778 motum,

2296 1808 2348 1850 et
2384 1799 2680 1866 passionem
2731 1812 2783 1856 et
2813 1804 3113 1871 Sepulcrum
3156 1821 3297 1873 smpe
3349 1818 3755 1862 memorantem.
3805 1807 3876 1862 Et

2294 1904 2384 1939 nos
2422 1890 2556 1941 vobis
2599 1894 2992 1957 annuntiamus,
3037 1895 3239 1964 inquit,
3288 1912 3397 1949 eam
3437 1914 3548 1965 qua:
3589 1900 3658 1950 ad
3704 1913 3875 1967 patres

2293 1991 2488 2032 nostros
2528 1983 2850 2046 repromissio
2894 1988 3030 2054 facta
3056 1995 3170 2050 est;
3215 1987 3263 2040 id
3293 1996 3407 2049 est,
3457 1989 3870 2055 promissionem

2292 2079 2469 2138 patres
2498 2084 2839 2140 acceperunt,
2870 2091 2963 2129 vos
2989 2092 3098 2130 rem
3128 2077 3318 2143 ipsam.
3356 2079 3558 2136 Deinde
3584 2093 3868 2152 postquam

2295 2169 2480 2215 testem
2508 2163 2800 2220 adduxerat
2828 2167 3085 2222 Joannem
3111 2210 3123 2232 ,
3153 2185 3272 2223 cum
3301 2171 3532 2236 diceret,
3568 2172 3646 2228 De
3682 2177 3873 2230 semine

2293 2251 2385 2304 hoc
2401 2256 2674 2308 secundum
2694 2259 3070 2324 promissionem
3087 2261 3296 2314 adduxit
3317 2261 3503 2318 Israeli
3525 2265 3867 2335 Salvatorem,

2290 2347 2596 2413 praulicante
2611 2348 2811 2403 Joanne
2834 2361 2951 2406 ante
2975 2354 3154 2424 faciem
3178 2356 3419 2410 adventus
3434 2361 3542 2428 ejus
3563 2361 3870 2431 baptismum

2289 2438 2591 2504 ptenitentia:
2615 2439 2822 2505 Israel;
2847 2458 3028 2497 rursus
3052 2445 3252 2502 inducit
3282 2447 3428 2502 illum
3461 2452 3651 2504 iterum
3683 2455 3870 2507 dicen-

2289 2534 2391 2581 tem
2425 2546 2438 2582 :
2473 2529 2631 2593 Quem
2652 2547 2729 2585 me
2755 2534 3068 2588 arbitramini
3091 2553 3217 2598 esse.
3250 2555 3349 2591 non
3377 2557 3486 2593 sum
3517 2558 3626 2612 ego.
3662 2543 3866 2600 Deinde

2285 2618 2555 2685 apostolos
2581 2636 2791 2692 quoque
2838 2623 3041 2678 inducit
3068 2630 3474 2684 resurrectionis
3525 2642 3688 2688 testes
3711 2675 3726 2699 ,
3777 2637 3863 2689 di-

2285 2724 2412 2764 cens
2445 2728 2457 2763 :
2485 2712 2584 2775 Qui
2608 2724 2722 2765 sunt
2747 2725 2889 2769 testes
2919 2718 3058 2771 illius
3087 2719 3155 2772 ad
3189 2722 3381 2788 plebem
3409 2763 3423 2786 ,
3463 2723 3654 2780 deinde
3702 2728 3862 2781 Davi-

2285 2800 2405 2855 dem
2443 2802 2670 2872 idipsum
2714 2807 3080 2862 testilicantem
3110 2850 3124 2874 ,
3174 2825 3292 2865 cum
3347 2813 3510 2867 dicit:
3545 2814 3664 2868 Non
3717 2819 3865 2874 dabis

2286 2891 2530 2947 Sanctum
2560 2905 2698 2949 tuum
2735 2899 2901 2953 videre
2937 2904 3325 2970 corruptionem.
3353 2905 3536 2974 Neque
3572 2909 3713 2963 enim
3765 2927 3864 2965 ve-

2285 2993 2392 3039 tera
2429 3002 2522 3054 per
2540 2989 2714 3058 seipsa
2741 3000 2844 3044 tam
2870 2992 3019 3046 ﬁrma
3041 3010 3158 3049 esse
3184 2997 3518 3066 videbantur,
3545 3017 3716 3072 neque
3746 3004 3864 3060 lucc

2282 3077 2396 3132 sine
2425 3079 2527 3134 illis
2559 3097 2571 3132 :
2603 3097 2697 3151 per
2731 3092 2954 3154 utraque
2979 3097 3125 3141 certe
3150 3102 3450 3146 sermonem
3484 3093 3680 3149 ﬁrmat.
3724 3097 3860 3164 Quia

2281 3173 2420 3224 enim
2466 3183 2606 3228 metu
2650 3176 2984 3242 tenebantur,
3036 3181 3175 3250 quod
3223 3182 3368 3237 illum
3412 3187 3773 3252 occidissent,
3806 3204 3864 3245 et

2281 3265 2603 3320 conscientia
2630 3269 3069 3336 alienabat'illos,
3099 3290 3205 3328 non
3230 3277 3379 3345 quasi
3409 3279 3472 3332 ad
3505 3279 3860 3338 Cbristicidas

2282 3353 2584 3424 loquuntur,
2623 3375 2721 3415 nec
2758 3362 2909 3430 quasi
2949 3364 3177 3420 alienum
3210 3408 3225 3432 ,
3258 3368 3349 3422 sed
3381 3371 3532 3439 quasi
3582 3376 3858 3444 proprium

2280 3447 2407 3515 ipsis
2446 3449 2641 3504 bonum
2684 3452 2971 3508 traderent.
3009 3455 3407 3525 Optatissimum
3452 3462 3553 3515 illis
3594 3474 3711 3518 erat
3765 3479 3862 3516 no-

2281 3554 2399 3591 men
2442 3539 2653 3596 Davidis
2687 3560 2700 3595 :
2737 3543 2854 3598 ideo
2885 3546 3033 3615 ponit
3071 3547 3220 3610 illud,
3255 3560 3309 3602 ut
3339 3551 3422 3604 vel
3453 3552 3531 3606 sic
3566 3555 3755 3609 saltem
3789 3555 3858 3609 il-

2278 3626 2385 3680 lum
2432 3632 2760 3699 suscipiant;
2825 3649 2887 3689 ac
2925 3636 2968 3689 si
3014 3637 3245 3705 diceret,
3292 3640 3453 3694 lilium
3511 3643 3624 3712 ejus
3673 3661 3854 3715 regem

2276 3717 2404 3786 ipsis
2435 3719 2666 3775 futurum
2697 3739 2817 3778 esse
2846 3744 2858 3778 :
2907 3727 3062 3797 igitur
3088 3729 3204 3797 ejus
3237 3730 3442 3785 frenum
3475 3750 3540 3786 ne
3566 3735 3853 3802 abjiciatis.

2273 3810 2406 3873 Quid
2440 3814 2536 3866 sibi
2567 3816 2676 3870 vult
2724 3818 2848 3872 illttd
2883 3837 2896 3873 :
2943 3820 3083 3876 Dabo
3123 3823 3259 3877 vobis
3301 3837 3476 3879 sancta
3505 3827 3672 3882 David
3719 3834 3855 3897 ﬁde-

2275 3901 2388 3955 lia?
2421 3903 2633 3968 Firma,
2691 3907 2893 3975 inquit,
2944 3927 3063 3980 qua:
3106 3928 3396 3984 numquam
3445 3919 3675 3986 peritura
3721 3924 3850 3976 sint.

2272 3994 2453 4064 Neque
2503 3997 2552 4049 in
2609 3999 2688 4051 bis
2741 4011 2996 4067 moratur,
3049 4014 3231 4072 utpote
3281 4023 3400 4061 cum
3450 4010 3530 4062 bis
3572 4011 3680 4080 jam
3730 4029 3852 4068 cre-

2271 4087 2426 4152 dant;
2487 4089 2579 4142 sed
2631 4091 2863 4146 minatur
2909 4096 3224 4162 supplicium
3253 4138 3268 4163 ,
3319 4108 3373 4151 et
3419 4103 3609 4155 transit
3643 4105 3709 4156 ad
3757 4105 3848 4171 id,

2268 4182 2408 4249 quod
2452 4182 2530 4234 eis
2565 4184 2796 4252 optabile
2841 4196 2955 4239 erat
2980 4228 2993 4250 ,
3037 4203 3154 4240 cum
3184 4191 3511 4246 ostendisset
3539 4194 3846 4264 abrogatam

2268 4286 2387 4325 esse
2407 4273 2574 4342 legem
2598 4291 2612 4337 ;
2644 4284 2804 4344 atque
2823 4277 2873 4329 in
2901 4293 2964 4330 eo
2986 4279 3124 4346 quod
3147 4281 3276 4334 utile
3295 4292 3409 4335 erat
3429 4295 3684 4348 moratur,
3705 4289 3846 4355 quod

2269 4378 2461 4430 nempe
2508 4379 2694 4433 magna
2746 4369 3198 4435 trangressoribus
3241 4373 3378 4425 mala
3426 4371 3600 4428 futura
3643 4389 3843 4430 cs~ent.

2271 4453 2468 4507 Deinde
2491 4454 2679 4508 iterum
2708 4455 2956 4510 Davidem
2987 4474 3106 4512 cum
3129 4461 3283 4516 laude
3315 4476 3579 4519 memorat
3608 4483 3621 4519 :
3655 4467 3843 4529 David,

2270 4545 2457 4614 inquit,
2481 4547 2532 4598 in
2560 4563 2653 4598 sua
2683 4550 2999 4616 generatione
3024 4567 3140 4603 cum
3180 4554 3575 4609 administrasset
3602 4561 3847 4614 voluntati

2270 4635 2379 4699 Dei,
2406 4639 2664 4705 appositus
2680 4650 2750 4692 est
2775 4639 2842 4692 ad
2865 4651 3033 4710 patres
3057 4659 3196 4697 suos.
3219 4642 3366 4699 Sicut
3384 4657 3437 4701 et
3461 4647 3646 4702 Petrus
3671 4651 3842 4720 ipsum

2267 4744 2566 4781 memorans
2601 4729 2810 4784 dicebat
2839 4749 2852 4784 :
2887 4732 3057 4787 Liceat
3078 4735 3242 4788 dicere
3284 4755 3397 4790 cum
3443 4741 3630 4806 ﬁducia
3659 4743 3722 4795 de
3752 4761 3844 4811 pa-

2266 4821 2486 4873 triarcha
2515 4822 2674 4875 David
2708 4825 2842 4895 (Act.
2868 4825 2923 4879 2.
2956 4827 3068 4894 9.9).
3109 4829 3216 4883 Nec
3246 4831 3373 4884 dicit
3395 4845 3659 4889 mortuum
3687 4853 3839 4906 esse,

2265 4913 2356 4965 scd
2379 4955 2391 4974 ,
2423 4914 2692 4983 Appositus
2715 4927 2789 4969 est
2815 4917 2883 4970 ad
2916 4929 3083 4984 patres
3114 4938 3226 4974 suos
3249 4963 3263 4986 ,
3297 4923 3343 4975 id
3376 4926 3514 4991 quod
3543 4928 3684 4980 dictu
3715 4949 3839 4985 sua-

2264 5007 2378 5056 vius
2408 5017 2538 5059 erat.
2573 5007 2636 5060 Et
2666 5008 2781 5061 vide
2812 5010 3080 5076 quomodo
3115 5028 3371 5082 nusquam
3419 5016 3553 5070 bona
3602 5020 3838 5088 ipSm-nm

2264 5113 2421 5164 opera
2471 5110 2663 5167 ponat,
2706 5103 2802 5154 sed
2835 5119 2953 5169 qua:
2987 5103 3423 5172 rcpt'eltensibilia
3467 5123 3619 5162 erant
3655 5128 3666 5163 :
3716 5129 3839 5170 nam

2262 5190 2399 5257 quod
2428 5193 2704 5259 petiisscnt
2733 5203 2786 5244 et
2817 5195 3151 5260 accepissent
3174 5239 3188 5260 ,
3227 5213 3414 5267 magna
3443 5201 3648 5254 illorum
3675 5220 3841 5260 accu-

2263 5283 2396 5334 satio
2415 5294 2547 5336 erat.
2578 5283 2708 5336 lliuc
2737 5283 2990 5338 beneﬁt-ia
3016 5287 3107 5340 Dei
3134 5299 3412 5344 recenset:
3445 5291 3623 5363 Elegit,
3647 5296 3838 5365 inquit,

2263 5372 2552 5436 lia-uitauit,
2589 5372 2863 5427 Educavit.
2895 5376 3018 5430 llicc
3048 5393 3174 5432 vero
3203 5395 3304 5432 non
3350 5396 3532 5435 eorum
3555 5425 3570 5446 ,
3606 5386 3698 5438 sed
3745 5387 3844 5443 Dei

2325 5488 2393 5557 (ᾳ)
2423 5487 2475 5534 ln
2499 5497 2661 5557 draco
2686 5487 2881 5562 legitur,
2903 5503 3078 5552 ινιτνχον,
3099 5505 3423 5562 q_uam_voeem
3445 5498 3688 5560 interpres
3709 5504 3844 5562 prior

2263 5552 2449 5622 latinus
2484 5549 2659 5604 vertit,
2695 5548 3027 5619 obtinuerunt}
3051 5548 3137 5602 sed
3165 5555 3306 5622 male.
3336 5566 3447 5622 Nam
3469 5548 3631 5622 tum}.
3658 5548 3737 5609 Ιιὶἱε
3771 5548 3847 5612 si;

2262 5613 2744 5679 gndicaﬂlnconquestj
2781 5622 2911 5679 sunt,
2932 5623 3099 5663 contra
3138 5630 3245 5679 eum
3272 5619 3449 5679 loqnuti
3474 5613 3616 5679 siml,
3640 5639 3841 5674 armisa-

2263 5679 2389 5719 runt.
2414 5672 2558 5743 Cujus
2581 5672 3197 5745 signiﬁcatio}t_is_cxempla
3219 5672 3469 5732 attulimus
3492 5695 3584 5731 non
3603 5672 3844 5745 pauca—iu

2263 5709 2272 5718 .
2417 5709 2558 5730 υ-ηη,
2661 5709 2944 5722 ..ι-...ιυυιιω
2970 5709 3196 5738 κηυιιιγιιι
3219 5709 3469 5732 nutunutu:
3492 5709 3584 5731 uuu
3613 5709 3762 5745 [RIUFSI
3793 5709 3844 5738 lu

2260 5735 2565 5781 tmomastico
2589 5709 2652 5780 ad
2672 5734 2812 5782 litten:
2839 5736 3074 5787 Iidztionis
3111 5743 3443 5792 Athanasium
3481 5757 3506 5790 a
3535 5748 3675 5794 nobis
3696 5750 3844 5796 ador-

2261 5805 2372 5868 ειπερ
2406 5796 2452 5842 in
2479 5809 2595 5843 voce
2623 5810 2850 5859 ιντυτιάνιιν,
2876 5806 2924 5845 ct
2952 5801 2995 5845 in
3020 5803 3242 5868 sequenti
3282 5817 3442 5868 ὶνιτχὶαι
3467 5813 3541 5854 Stc
3582 5816 3750 5860 autem
3774 5813 3854 5862 in-

2266 5855 2462 5906 tellecta
2490 5870 2607 5905 voce
2634 5855 2788 5920 mg...
2809 5873 2964 5907 omma
2985 5855 3305 5922 quadrabuut.
