4082 6490
498 463 614 517 €17

570 578 639 646 γ’.
664 572 952 642 muni»;
979 575 1279 640 σπουδαίως
1301 577 1496 643 ἔδειξεν
1529 580 1840 650 οἰκονομίας
1859 582 1920 633 τὸ
1938 582 2169 648 πρᾶγμα

498 665 593 726 ὂν;
624 664 780 735 Ἆρ’
807 664 1130 735 ἀκούσωμεν
1150 665 1203 718 τί
1229 666 1323 718 καὶ
1354 666 1603 734 λέγοντες
1634 668 1683 719 οἱ
1708 667 1994 721 ἀπόστολοι
2021 666 2169 719 ἐπει-

502 768 623 811 σαν,
782 752 1122 823 ἐσταυρώθη.
1157 744 1221 805 Τί
1246 752 1437 806 τούτου
1472 752 1898 825 ἀπιθανώτερον,
1927 754 2009 807 ὅτι
2038 753 2163 806 ἐτά-

487 854 577 905 xm
602 838 734 907 παρ’
768 837 972 903 αὐτῶν,
1005 833 1087 901 οἷς
1112 839 1477 909 ἐπηγγέλλετο
1509 838 1783 911 σωτηρίαν
1817 838 2054 901 ἔσεσθαι,
2083 840 2165 891 ὅτι

502 925 749 992 ὸ·ταφεὶς
776 924 1000 994 ἀφίησιν
1028 926 1414 997 ἁμαρτήματα,
1457 925 1669 992 καὶτοῦ
1715 927 1877 996 νόμου
1929 925 2163 995 μᾶλλονς

488 1011 596 1063 Ἁιὸ
632 1012 727 1063 καὶ
747 1011 847 1065 οὐκ
879 1008 1054 1073 εἶπεν,
1087 1005 1187 1065 Ὧν
1228 1014 1327 1066 οὐκ
1366 1012 1725 1084 ήϐουλήθητε·
1773 1013 1888 1067 ἀλλ’
1918 1007 2029 1065 Ὧν
2054 1015 2165 1066 οὐκ

502 1095 846 1165 ἠδυνήθητε
884 1097 954 1151 ἐν
978 1098 1058 1164 τῷ
1101 1100 1263 1167 νόμῳ
1306 1097 1605 1171 Μωυσέως
1657 1096 2056 1166 δικαιωθῆναι,
2097 1098 2168 1151 ἐν

503 1183 693 1250 τούτῳ
718 1182 837 1250 πᾶς
860 1187 895 1239 d
922 1186 1223 1239 πιστεύων
1239 1184 1591 1251 δικαιοῦται,
1619 1185 1681 1238 τὸ
1700 1185 1924 1248 ἀσθενὲς
1950 1186 2047 1238 τοῦ
2076 1186 2166 1237 νόε-

507 1285 613 1337 μου
639 1269 871 1334 δεικνύς.
921 1271 1113 1335 Καλῶς
1154 1271 1211 1324 δέ
1262 1272 1568 1345 προσέθηκε
1599 1273 1694 1325 καὶ
1746 1273 1827 1335 τὸ,
1880 1269 2027 1337 Πᾶς,
2080 1272 2181 1343 ἶνα,

504 1354 654 1429 δείξῃ
692 1356 773 1409 ὅτι
804 1358 953 1421 ὅστις
999 1352 1135 1431 ἀνῇ
1182 1360 1211 1411 ὁ
1262 1357 1552 1412 πιστεύων,
1594 1359 1762 1413 Οὐδὲν
1812 1357 1921 1430 γάρ
1975 1358 2168 1427 ὄφελος

504 1444 753 1507 ἐκείνων,
779 1444 873 1499 ἐὰν
898 1447 972 1516 μή
995 1463 1079 1509 τις
1116 1446 1404 1517 εὐεργεσία
1513 1448 1618 1499 Διά
1634 1447 1793 1501 τοῦτο
1830 1447 2056 1519 ὕστερον
2083 1448 2167 1499 τί·

505 1531 630 1602 θησι
656 1530 759 1602 τὴν
785 1531 1000 1600 ἄφεσιν,
1032 1532 1280 1587 ἐντεῦθεν
1302 1533 1364 1587 τὸ
1409 1532 1591 1604 μεῖζον
1621 1536 1889 1603 συνάγων,
1936 1535 2031 1588 καὶ
2058 1534 2168 1587 δει-

504 1619 636 1681 κνὺς
665 1619 771 1682 ὅτι,
809 1618 1140 1684 δάδυνάτως
1169 1615 1320 1690 εἶχεν.
1362 1622 1390 1673 ὁ
1418 1622 1581 1692 νόμος
1603 1610 1753 1694 [229]
1784 1625 1976 1688 ποιεῖν,
2008 1618 2167 1675 τοῦτο

502 1706 878 1777 ἐργασάμενος
904 1707 991 1761 διά
1015 1706 1109 1761 τοῦ
1138 1708 1366 1763 θανάτου
1415 1712 1444 1764 ὁ
1476 1709 1664 1764 παθὼν
1698 1709 1968 1779 φαίνεται.
2004 1713 2166 1765 Ὥστε

420 1796 424 1801 ’
503 1795 685 1858 καλῶς
708 1790 883 1863 ἐλεγεέ
909 1783 1135 1863 οἵτινές
1159 1799 1279 1851 εἰσι
1315 1797 1615 1867 μάρτυρες
1653 1799 1840 1854 αὐτοῦ
1886 1800 2036 1869 πρὸς
2064 1803 2170 1853 τὸν

504 1883 675 1947 λαὸν,
712 1884 804 1936 τὸν
853 1882 1110 1937 ἀνελόντα
1162 1887 1346 1955 φησὶν,
1381 1886 1480 1939 οὐκ
1533 1887 1598 1939 ἀν
1626 1887 1801 1952 ὄντες,
1858 1889 1905 1941 εί
1942 1890 2016 1960 μὴ
2048 1888 2169 1960 θείᾳ

502 1969 728 2040 δυνάμει
758 1970 1121 2025 ἐϐεϐαιοῦντσ
1158 1973 1258 2026 οὐκ
1290 1972 1356 2027 ἂν
1392 1976 1499 2045 γὰρ
1541 1975 1679 2046 πρὸς
1709 1975 2029 2046 ἀνθρώπους
2075 1994 2168 2046 φο-

501 2055 710 2117 νῶντας
743 2054 965 2109 τοιαῦτα
989 2057 1398 2129 ἐμαρτύρησαν,
1444 2061 1543 2113 οὐκ
1570 2061 1635 2114 ἂν
1663 2061 1799 2131 πρὸς
1828 2064 2024 2126 αὐτοὺς
2044 2064 2168 2127 τοὺς

503 2142 536 2192 ἀ
554 2140 808 2205 ιελόντας.
836 2143 879 2195 Τ
880 2142 909 2196 δ
926 2144 1004 2207 δὲ,
1048 2144 1193 2213 Ἐγὼ
1218 2145 1486 2214 σήμερον
1514 2148 1845 2218 γεγέννηκά
1867 2166 1959 2211 σε,
1992 2147 2165 2214 εἶπεν,

503 2230 578 2291 ὡς
611 2228 784 2300 τούτῳ
816 2229 1000 2285 λοιπὸν
1045 2232 1203 2297 εἰδὼς
1238 2234 1321 2287 ὅτι
1354 2236 1449 2289 καί
1492 2236 1561 2289 τὰ
1621 2237 1755 2291 ἀλλα
1796 2239 2007 2291 ἕπεται.
2062 2240 2169 2292 Kal

502 2317 591 2371 διὰ
623 2319 675 2371 τί
701 2319 777 2389 μὴ
800 2319 1041 2391 ἐπήγαγε
1065 2322 1386 2394 μαρτυρίαν,
1422 2323 1488 2384 διῗ
1510 2319 1580 2396 ἧς
1606 2323 1831 2395 ἔμελλον
1866 2326 2168 2391 πείθεσθαι,

504 2405 586 2457 ὅτι
611 2405 804 2474 ἄφεσις
855 2407 1138 2478 ἁμαρτιῶν
1167 2409 1233 2462 δι’
1264 2411 1427 2464 αὐτοῦ
1454 2413 1703 2480 γίνεται;
1731 2413 1854 2466 ὐτι
1881 2414 1941 2467 τὺ
1994 2432 2171 2468 σπου-

504 2492 529 2542 ιῗ
556 2492 800 2562 νζόμενον
835 2494 993 2549 τοῦτο
1019 2492 1109 2567 ἦν,
1136 2496 1305 2562 δεῖξαι
1330 2498 1487 2563 τέως,
1524 2501 1607 2553 ὅτι
1650 2501 1872 2572 ἀνέστηο
1905 2501 2094 2555 τούτου
2114 2502 2171 2555 δὲ

503 2578 947 2650 ώιωλογημένου,
985 2584 1161 2635 ἐκεῖνο
1197 2585 1681 2657 ἀναμφισϐήτητον
1708 2583 1777 2657 ἦν
1826 2587 1916 2639 διά
1954 2588 2167 2653 τούτου,

502 2682 524 2713 ς
554 2696 563 2711 ι
589 2665 681 2717 καὶ
698 2667 779 2718 ὅτι
802 2667 895 2719 ὑπ’
917 2668 1082 2720 αὐτοῦ
1122 2677 1145 2704 ⁸
1170 2671 1362 2739 ἄφεσις
1392 2664 1679 2743 ἁμαρτιῶν
1700 2672 1926 2741 γίνεται.
1962 2674 2171 2738 Ἀλλως

502 2753 559 2802 c2:
592 2751 841 2805 ἐϐούλετο
867 2754 947 2816 εἰς
968 2753 1133 2809 πόθον
1163 2756 1361 2820 αὐτοὺς
1390 2759 1620 2826 ἀγαγεῖν
1667 2758 1761 2813 τοῦ
1790 2760 2025 2831 μεγάλου
2051 2762 2172 2814 τού-

502 2854 621 2892 του.
652 2840 767 2891 Οὐκ
795 2840 904 2908 ἄρα
945 2841 1330 2912 ἐγκατάλειψις
1358 2840 1429 2915 ἦν
1465 2847 1493 2898 δ
1533 2845 1763 2910 θάνατος
1818 2848 2005 2912 αὐτοῦ,
2038 2849 2175 2903 ἀλλά

506 2926 845 2996 προφητείας
902 2927 1199 2999 πλήρωσις.
1270 2931 1703 3003 Ἀναμιμνήσκει
1754 2936 2003 3008 ἱστοριῶν
2031 2976 2046 3001 ,
2107 2936 2173 3000 ἃς

507 3013 877 3083 ἀγνοήσαντες
910 3015 1077 3085 μυρία
1108 3015 1311 3071 ἔπαθον
1338 3018 1505 3073 δεινά.
1533 3021 1643 3073 Καὶ
1669 3021 1825 3075 τοῦτο
1877 3022 2173 3077 αἰνίττεται

508 3460 681 3514 ante.
720 3446 831 3501 ἐάν
868 3466 961 3515 τις
988 3450 1335 3521 ἐκδιηγῆται
1365 3456 1527 3525 ὑμῖν.
1576 3460 1667 3531 Μὴ
1704 3460 2036 3531 θαυμάζετε,
2090 3465 2171 3528 ὅτι

510 3535 737 3587 ἄπιστον
758 3535 907 3589 δοκεῖ
938 3532 1096 3591 εἶναι·
1132 3542 1227 3593 καὶ
1244 3542 1375 3595 αὐτὸ
1402 3545 1725 3614 προείρηται
1746 3548 1975 3603 ἀνωθενε
2002 3551 2175 3606 Τοῦτο

512 3622 609 3677 καὶ
637 3624 773 3693 πρὸς
800 3625 946 3696 ήμᾶς
976 3628 1198 3692 εἰκότως
1236 3631 1302 3683 ἂν
1343 3632 1584 3705 λεχθείη,
1627 3626 1871 3692 Βλέπετε
1912 3643 1961 3693 οἰ
2005 3658 2174 3695 κατα-

512 3711 801 3781 φρονηταὶ,
832 3714 959 3783 περὶ
987 3715 1097 3768 τῶν
1120 3718 1185 3787 τῇ
1230 3718 1525 3776 ἀναστάσει
1566 3723 2011 3781 διαπιστοῦντων.
2064 3730 2174 3782 Kal

511 3796 619 3868 γάρ
655 3798 859 3870 σφόδρα
880 3800 1065 3863 κακῶς
1084 3801 1153 3854 τά
1178 3805 1279 3874 τῆς
1327 3806 1651 3879 Ἐκκλησίας
1678 3810 1966 3879 διάκειται,
1993 3816 2173 3870 καίτοι

510 3884 853 3973 γεᾷνομίζετε
874 3888 930 3939 ἐν
949 3889 1141 3963 είρήνῃ
1168 3887 1308 3944 εἶναι
1329 3893 1396 3946 τά
1419 3877 1739 3965 πράγματα,
1771 3900 1843 3952 Τὸ
1871 3877 1981 3973 γὰρ
2001 3903 2173 3956 δεινὸν

512 3971 670 4026 τοῦτό
692 3976 859 4039 ἐστιν,
879 3976 959 4028 ὅτι
980 3978 1038 4028 ἐν
1058 3977 1274 4042 πολλοῖς
1322 3980 1473 4043 ὄντες
1498 3986 1707 4047 κακοῖς,
1752 3987 1859 4039 οὐδ’
1888 3971 1969 4042 ὅτι
2007 3991 2173 4061 ἐσμὲν

516 4063 576 4114 ἐν
598 4064 788 4125 κακοῖς
817 4063 995 4133 ῖσμεν.

586 4149 652 4201 Τί
685 4148 863 4217 λέγεις
892 4167 906 4213 ς
934 4152 1032 4213 τὰς
1068 4151 1392 4223 Ἐκκλησίας
1434 4155 1753 4226 κατέχομεν,
1781 4160 1850 4211 τά
1894 4163 2170 4230 κτήματα,

515 4234 583 4288 τά
608 4235 743 4288 ἀλλα
791 4235 991 4297 πάντα,
1026 4239 1082 4289 αἱ
1142 4238 1394 4303 συνάξεις
1434 4242 1693 4308 γίνονται,
1766 4244 1887 4297 καθ’
1936 4248 2174 4316 ἐκάστην

514 4321 727 4392 ἡμέραν
765 4323 1046 4392 πρόσεισιν
1079 4327 1106 4378 ὁ
1143 4325 1270 4391 λαός
1300 4342 1313 4354 ·
1348 4318 1442 4380 καὶ
1480 4331 1961 4402 καταφρονοῦμενς
2035 4335 2173 4388 Ἀλλ’

512 4409 614 4461 οὐκ
660 4409 766 4463 ἀπὸ
797 4411 985 4465 τούτου
1030 4412 1352 4483 Ἐκκλησίαν
1392 4415 1456 4467 ἀν
1491 4434 1574 4476 τις
1613 4419 1977 4487 δοκιμάσειεν.
2017 4423 2175 4477 Ἀλλά

515 4495 699 4559 πόθεν,
736 4497 925 4564 φησίν;
955 4500 1017 4551 Εἰ
1045 4499 1301 4553 εὐλάϐειά
1331 4503 1494 4564 ἐστιν,
1533 4505 1580 4555 εἰ
1617 4506 1991 4575 κερδαίνοντες
2039 4511 2167 4563 ἀνα·

513 4582 793 4652 χωροῦμεν
816 4584 995 4637 οἴκαδε
1027 4586 1146 4639 καθ’
1177 4588 1410 4660 ἐκάστην
1438 4591 1668 4660 ἡμέραν,
1708 4594 1757 4645 εἰ
1807 4596 2174 4665 καρπούμενοι

520 4668 660 4734 μέγα
684 4669 786 4737 τιῆ
818 4672 1033 4741 μικρὸν,
1060 4675 1109 4726 εἰ
1144 4674 1218 4744 μὴ
1262 4676 1424 4745 νόμον
1478 4678 1661 4741 ἀπλῶς
1700 4678 2028 4749 πληροῦντες
2077 4688 2171 4737 καὶ

515 4757 919 4828 ἀφοσιούμενοι.
945 4760 1039 4823 Τίς
1070 4760 1291 4829 βελτίων
1317 4763 1537 4829 γέγονεν
1575 4764 1853 4835 ὁλοκλήρῳ
1887 4770 2019 4838 μηνὶ
2046 4773 2173 4823 συλ-

516 4843 837 4909 λεγόμειοετ
874 4847 1043 4899 ’Τοῦτό
1072 4850 1188 4901 ἐστι
1240 4849 1301 4901 τὸ
1341 4848 1672 4921 ζητούμενον
1742 4854 1864 4905 ἐπεὶ
1903 4856 1993 4907 καὶ
2045 4858 2177 4909 αὐτὸ

514 4924 691 4990 τοῦτο,
716 4927 745 4979 ὃ
774 4928 919 4981 δοκεί
940 4930 1245 5000 εὐπραγίας
1276 4930 1435 5000 εἶναι,
1462 4936 1619 4989 τοῦτο
1652 4938 1962 5010 δυσπραγία
2004 4944 2169 5005 ἐστὶν,

515 5015 643 5066 ὅταν
665 5013 865 5066 τούτων
899 5019 1195 5087 γινομένων
1233 5021 1399 5092 μηδὲν
1436 5022 1597 5076 πλέον
1625 5026 1855 5094 γίνηται.
1903 5028 2026 5081 Είὸε
2076 5030 2175 5097 μὲν

513 5098 606 5154 οὗν
631 5099 795 5187 μηδὲν
825 5101 986 5155 πλέον
1012 5122 1024 5133 ·
1054 5105 1149 5157 νῦν
1173 5106 1228 5158 δέ
1258 5109 1349 5160 καὶ
1376 5110 1467 5161 ἐπὶ
1498 5112 1558 5163 τὸ
1586 5116 1789 5183 χεῖρον.
1818 5115 1881 5166 Τί
1929 5117 2173 5187 καρποῦ-

515 5187 606 5238 σθε
634 5186 743 5239 ἀπὸ
776 5187 884 5240 τῶν
932 5190 1243 5254 συνάξεωνς
1288 5194 1477 5247 Καίτοι
1511 5198 1563 5247 εῖ
1607 5199 1671 5265 γέ
1710 5218 1761 5251 τι
1806 5186 2014 5269 ὄφελος
2046 5204 2174 5273 ὑμῖν

513 5274 739 5341 ἐγίνετο,
768 5275 937 5329 πάλαι
956 5278 1162 5341 πάντας
1193 5280 1301 5332 ἔδει
1332 5282 1423 5333 τὸν
1440 5282 1535 5352 τῆς
1571 5285 1883 5357 φιλοσοφίας
1911 5290 2021 5357 βίον
2050 5291 2171 5362 ζῇν,

513 5360 903 5451 τοσούτωνλμέν
946 5367 1237 5437 προφητῶν
1279 5367 1531 5439 δεύτερον
1566 5373 1664 5443 τῆς
1707 5375 1997 5446 ἑϐδομάδος
2046 5360 2174 5451 ὑμῖν

512 5445 926 5517 διαλεγομένων,
947 5453 1214 5507 τοσούτων
1256 5456 1313 5509 δὲ
1364 5457 1699 5520 ἀποστόλων,
1749 5445 2169 5531 εὐάγγελιστών,

515 5532 731 5587 πάντων
759 5535 827 5588 τά
852 5539 1093 5609 σωτήρια
1118 5540 1361 5611 δόγματα
1392 5546 1774 5613 προτιθέντων,
1817 5553 1907 5602 καὶ
1952 5553 2021 5605 τὰ
2078 5555 2172 5607 δυ-

513 5623 717 5691 νάμενα
730 5618 861 5705 ἦθος
890 5627 1146 5697 ῥυθμίσαι
1172 5631 1307 5698 μετά
1329 5632 1529 5702 πολλῆς
1560 5636 1843 5705 ἀκριϐείας
1867 5658 2173 5709 παριστων-

512 5726 616 5761 των
655 5710 782 5781 ὑμῖν
805 5712 853 5767 ι’.
894 5714 951 5765 'U
974 5717 1308 5787 στρατιώτης
1338 5720 1427 5771 ἐπὶ
1450 5721 1509 5773 τὸ
1528 5726 1827 5792 γυμνάσιον
1865 5726 1976 5791 ἰὼν,
2016 5732 2157 5802 ἀγριι

518 5798 772 5864 ϐἐστερος
794 5799 1002 5864 γίνεται
1042 5805 1164 5874 περὶ
1188 5806 1253 5857 τά
1276 5810 1510 5860 τακτικά
1544 5827 1555 5836 ·
1584 5814 1610 5860 ὁ
1660 5812 1894 5883 ἀθλητὴς
1953 5818 2031 5877 εἰς
2067 5798 2171 5871 πα-

576 6050 608 6122 ς,
645 6047 736 6097 Alii
772 6050 848 6122 διαἰ
886 6050 1079 6099 τούτου·
1130 6058 1207 6099 καί
1250 6054 1337 6112 μὴν
1369 6055 1449 6101 ὐπ’
1481 6052 1639 6108 αὐτοῦ,
1714 6064 1739 6101 δ
1782 6060 1877 6107 Alii
1922 6060 2169 6122 ἀκριϐείας

517 6108 733 6160 τιθέντων
764 6112 887 6173 ἡμῖν,
1252 6108 1259 6112 ’
1587 6146 1591 6151 .

1322 461 1380 517 5.
1418 462 1707 519 .IOANNIS
1744 460 2170 520 CIIRYSOS’I‘O!

2274 457 2595 514 ARCHIEP.
2629 456 3179 513 CONSTANTINOP.

3840 448 3958 505 9i8

2272 574 2530 645 λαίστραν
2552 575 2803 645 βαδίζων,
2823 572 3208 643 ἐμπειρότερος
3232 571 3439 638 γίνεται
3467 569 3593 640 περὶ
3616 570 3711 640 τὴν
3740 571 3956 643 πάληνο

2270 663 2300 713 ὁ
2330 663 2510 733 ίατρὸς
2540 662 2678 732 πρὸς
2707 660 2799 713 τὸν
2824 660 3141 713 διδάσκαλον
3189 658 3501 728 ἐρχόμενος,
3546 658 3954 730 ἀκριϐέστερος

2271 752 2498 819 γίνεται,
2518 751 2613 803 καὶ
2646 749 2869 802 πλείονα
2896 744 3026 809 οἶδε,
3054 746 3150 800 καὶ
3179 745 3399 798 πλείονα
3440 745 3702 815 μανθάνει
3727 763 3741 776 °
3791 748 3861 800 σύ
3889 748 3956 799 τί

2267 837 2644 908 κεκέρδηκας;
2679 836 2741 889 οὐ
2770 834 2913 904 λέγω
2942 834 3077 903 πρὸς
3104 833 3228 895 τοὺς
3251 833 3493 885 ἐνιαυτὸν
3532 832 3774 903 ἔχοντας,
3804 834 3956 888 ἀλλὰ

2266 924 2403 993 πρὸς
2426 924 2552 986 τοὺς
2576 925 2639 974 ἐκ
2670 921 2894 991 πρώτης
2949 919 3165 991 ήλικίας
3199 920 3617 990 συναγομένους.
3676 922 3746 973 Ἢ
3778 920 3957 975 τοῦτο

2265 1012 2514 1082 νομίζετε
2549 1010 2837 1064 εὐλάϐειαν
2878 1004 3036 1072 εἶναι,
3069 1007 3132 1061 τὸ
3164 1008 3406 1077 συνεχῶς
3448 1008 3819 1078 παραϐάλλειν
3872 1013 3953 1080 τῇ

2267 1097 2481 1163 συνάξει
2500 1115 2515 1163 ;
2536 1098 2705 1159 Τοῦτο
2728 1097 2881 1149 οὐδέν
2904 1099 3070 1158 ἐστιν,
3108 1096 3175 1148 ἂν
3211 1096 3285 1165 μή
3314 1111 3365 1147 τι
3389 1095 3845 1165 καρπωσώμεθα·
3877 1097 3954 1150 ἀν

2270 1187 2341 1256 μή
2372 1203 2425 1239 τι
2460 1183 2804 1254 συνάγωμεν,
2825 1184 3031 1253 βέλτιον
3231 1181 3369 1234 οῐκοι
3403 1183 3603 1251 μένειν.
3638 1184 3744 1235 Καὶ
3760 1185 3873 1253 γάρ
3892 1187 3953 1237 οι

2264 1274 2519 1344 πρόγονοι
2562 1272 2659 1335 τάς
2686 1271 2979 1341 ἐκκλησίας
3006 1272 3138 1341 ἡμῖν
3167 1270 3545 1341 ᾠκοδόμησαν,
3584 1270 3681 1339 οὐχ
3728 1271 3817 1323 ἶνα
3871 1274 3948 1323 ἐκ

2264 1360 2371 1413 τῶν
2400 1360 2543 1413 ἰδίων
2564 1360 2727 1413 οἴκων
2750 1358 3144 1426 συναγαγόντες
3176 1358 3325 1427 ἡμᾶς
3348 1357 3601 1425 ἀλλήλοις
3623 1358 3949 1411 δεικνύωσι·

2263 1447 2421 1503 τοῦτο
2440 1448 2549 1517 γὰρ
2571 1447 2665 1499 καὶ
2690 1448 2748 1498 ἐν
2777 1447 2951 1516 ἀγορᾷ
2985 1446 3076 1498 καὶ
3104 1447 3162 1498 ἐν
3196 1443 3499 1515 βαλανείοις
3524 1446 3619 1497 καὶ
3658 1446 3714 1496 ἐν
3744 1448 3951 1516 πομπῇ

2264 1537 2475 1605 γένοιτο
2495 1536 2577 1589 ἀν·
2602 1534 2714 1587 ἀλλ’
2745 1534 2830 1586 ἵνα
2866 1534 3111 1603 μαθητὰς
3138 1534 3273 1603 ὁμοῦ
3296 1533 3390 1586 καὶ
3420 1532 3778 1596 διδασκάλους
3801 1551 3951 1585 συντ

2266 1623 2589 1691 ἀγαγόντες,
2654 1620 2898 1690 βελτίους
2925 1621 3148 1683 τούτους
3180 1620 3249 1673 δι’
3289 1620 3512 1674 ἐκείνων
3572 1621 3949 1689 ἐργάσωνται.

2266 1711 2450 1780 Νόμος
2476 1709 2660 1773 ἀπλῶς
2690 1711 2785 1762 καὶ
2815 1709 3110 1777 ἀφοσίωσις
3137 1709 3328 1777 γέγονε
3382 1708 3451 1761 τὰ
3489 1708 3735 1778 ἡμέτερα
3756 1724 3771 1737 ’
3815 1724 3956 1760 συν-

2266 1796 2425 1867 ήθεια
2448 1798 2510 1849 τὸ
2523 1798 2760 1868 πρᾶγμα
2795 1796 2979 1849 λοιπόν
3004 1791 3363 1849 ἐστιν.Ἦλθε
3395 1795 3696 1865 τδῐίἀοχα,
3728 1794 3901 1856 πολὺς
3924 1796 3957 1846 ὀ

2268 1885 2515 1957 θόρυϐος,
2541 1885 2708 1954 πολλὴ
2748 1886 2780 1954 ή
2805 1886 3012 1955 ταραχή
3045 1901 3059 1914 ·
3083 1883 3143 1937 οὐ
3180 1883 3286 1954 γάρ
3315 1883 3380 1936 ἂν
3410 1884 3621 1953 εἴποιμι
3661 1882 3851 1935 πολλοὶ
3897 1884 3954 1934 οἱ

2267 1972 2542 2042 ἄνθρωποι
2568 1988 2579 1999 °
2611 1970 2766 2024 τοῦτο
2781 1973 2888 2041 γάρ
2907 1972 3008 2023 οὐκ
3036 1972 3132 2024 ἀνθ
3144 1974 3361 2039 ρώπων.
3394 1972 3660 2040 ’Δπῆλθεν
3686 1973 3717 2040 ή
3755 1972 3951 2042 ἑορτὴ,

2267 2058 2296 2110 δ
2325 2056 2423 2125 μὲν
2455 2055 2683 2125 θόρυϐος
2714 2056 3099 2125 ὑποτέμνεται,
3127 2057 3326 2128 ήσυχία
3367 2056 3425 2109 δέ
3460 2057 3622 2110 πάλιν
3669 2058 3951 2125 ἄκαρπος.

2270 2143 2596 2213 Παννυχίδες
2617 2144 2782 2195 πόσαι
2804 2154 2827 2180 “-
2844 2144 3210 2214 καὶύμνῳδίαι
3232 2144 3375 2214 ίεραί
3399 2161 3413 2209 ;
3442 2145 3552 2197 Kal
3577 2145 3630 2197 τί
3656 2145 3716 2197 τί.
3746 2145 3911 2196 πλέον
3934 2162 3949 2205 ;

2268 2231 2464 2301 Χεῖρον
2498 2230 2597 2299 μὲν
2626 2226 2719 2283 οῦν
2743 2246 2757 2258 ·
2788 2230 2973 2283 πολλοὶ
3008 2232 3099 2284 καὶ
3123 2232 3210 2285 διὰ
3241 2232 3547 2298 κενοδοξίαν
3582 2232 3743 2285 τοῦτο
3779 2233 3955 2302 ἐργάο

2270 2318 2472 2381 ζονται.
2507 2316 2630 2380 Πῶς
2659 2316 2833 2369 οἴεσθε
2863 2318 3133 2388 κόπτομαι
3155 2318 3224 2371 τά
3253 2319 3557 2389 σπλάγχνα,
3580 2318 3835 2389 καθάπερ
3866 2322 3954 2382 εἰς

2271 2404 2426 2459 πίθον
2474 2404 2806 2474 τετρημένον
2870 2406 3049 2459 πάντα
3103 2406 3491 2477 προχωροῦντα
3549 2407 3733 2475 δρῶν;
3784 2406 3955 2458 Ἀ).λά

2271 2494 2487 2555 πάντως
2504 2492 2678 2561 ἐρεῖτέ
2710 2509 2821 2560 μοι,
2849 2493 2937 2545 ὅτε
2959 2493 3055 2555 τὰς
3083 2493 3305 2563 Γραφάς
3329 2495 3507 2563 ῐσμεν.
3543 2496 3650 2547 Kal
3681 2495 3733 2546 τί
3762 2493 3949 2555 τοῦτο;

2273 2581 2369 2633 "Av
2388 2580 2478 2632 διά
2502 2580 2609 2632 τῶν
2634 2580 2814 2649 ἔργων
2860 2582 3030 2640 αὐτάς
3069 2583 3463 2653 ἐπιδεικνύητε,
3518 2582 3674 2636 τοῦτό
3718 2585 3834 2636 ἐστι
3886 2585 3955 2634 τὸ

2269 2668 2483 2739 κέρδος,
2515 2666 2653 2735 αῦτη
2678 2670 2709 2736 ή
2742 2667 3001 2736 ὠφέλεια.
3034 2668 3265 2737 Βαφεῖον
3290 2672 3321 2739 ή
3346 2671 3611 2749 ἐκκλησία
3642 2674 3789 2724 ἐστίν
3819 2687 3831 2698 ο
3882 2672 3951 2722 ἀν

2269 2756 2561 2819 διαπαντὸς
2583 2757 2779 2826 ἀπίητε
2813 2756 3085 2827 μηδεμίαν
3108 2758 3387 2828 δεχόμενοι
3416 2758 3614 2830 βαφὴν,
3643 2758 3696 2811 τί
3727 2758 3790 2812 τὸ
3819 2759 3955 2825 δρε-

2270 2845 2360 2907 λος
2404 2844 2497 2897 τοῦ
2557 2844 2795 2912 συνεχῶς
2860 2844 3091 2897 ἐνταῦθα
3156 2846 3328 2909 ίέναι;
3366 2846 3585 2909 Μείξων
3642 2847 3740 2917 μὲν
3774 2846 3950 2919 γάρὴ

2274 2932 2467 3003 βλάϐη.
2501 2931 2597 2993 Τίς
2625 2933 2740 2993 τοῖς
2767 2932 2950 3001 νόμοις
2978 2933 3339 3003 προσέθηκεν,
3374 2928 3455 2998 οἷς
3485 2935 3593 2988 ἀπὸ
3628 2935 3738 2987 τῶν
3779 2935 3953 2989 πατέρ

2276 3039 2383 3091 ρων
2412 3020 2630 3083 ἐδέξατο
2662 3035 2676 3083 ;
2709 3014 2834 3072 Οἷόν
2852 3037 2907 3072 τι
2941 3021 3083 3089 λέγω
3114 3037 3125 3048 ·
3177 3022 3297 3085 ἔθος
3325 3024 3354 3075 ό
3411 3023 3562 3075 δεῖνα
3614 3023 3726 3093 ἔχει
3763 3028 3945 3077 ποιεῖν

2270 3108 2367 3179 τὴν
2391 3107 2693 3177 ἀνάμνησιν
2724 3107 2827 3176 τῆς
2868 3108 3094 3179 μητρὸς,
3126 3109 3157 3178 ἢ
3193 3111 3292 3180 τῆς
3320 3111 3599 3177 γυναικὸς,
3630 3111 3663 3181 ἦ
3691 3110 3787 3164 τοῦ
3814 3129 3949 3165 παι-

2152 3238 2169 3256 .
2269 3196 2382 3249 δίου
2421 3195 2611 3249 ’τοῦτο
2642 3198 2787 3249 ποιεῖ
2819 3196 2921 3247 κάν
2945 3212 3004 3247 τε
3038 3196 3232 3266 ἀκούῃ,
3268 3198 3369 3251 κᾶν
3392 3214 3451 3250 τε
3499 3198 3573 3268 μὴ
3600 3198 3773 3271 ἀκούῃ
3813 3200 3951 3271 παρ’

2271 3284 2448 3355 ήμιῖιν,
2478 3284 2582 3336 ὐπὸ
2612 3284 2706 3353 τῆς
2740 3284 3027 3355 συνηθείας
3053 3286 3144 3338 καὶ
3174 3285 3267 3339 τοῦ
3306 3287 3604 3351 συνειδότος
3629 3288 3945 3357 ἑλκόμενος.

2125 3379 2172 3429 ἃ-
2271 3372 2370 3425 Διά
2400 3371 2558 3425 τοῦτο
2584 3368 2675 3425 οὖν
2696 3373 3045 3439 ἀγανακτεῖς,
3075 3374 3243 3444 φησί;
3275 3374 3363 3445 Μὴ
3392 3375 3626 3443 γένοιτο,
3660 3375 3799 3429 ἀλλά
3852 3378 3954 3429 καὶ

2272 3462 2412 3513 πάνυ
2446 3460 2619 3531 χαίρω
2652 3477 2665 3489 ·
2702 3459 3008 3530 ἐϐουλόμην
3039 3460 3095 3513 δὲ
3122 3462 3285 3515 αὐτόν
3310 3479 3363 3514 τι
3398 3463 3491 3515 καὶ
3523 3464 3631 3516 ἀπὸ
3653 3464 3754 3533 τῆς
3804 3467 3837 3532 ή
3849 3482 3952 3533 με-

2264 3548 2431 3619 τέρας
2461 3546 2856 3618 καρπώσασθαι
2902 3547 3210 3615 διαλέξεως,
3254 3552 3349 3602 καὶ
3398 3552 3616 3622 ὅπερὴ
3682 3551 3954 3621 συνήθεια

2272 3634 2514 3704 ἐποίησε,
2542 3634 2699 3688 τοῦτο
2747 3636 2841 3687 καὶ
2868 3636 2961 3703 ἀφ’
3007 3636 3165 3706 ἡμῶν
3198 3635 3224 3675 ἀ
3268 3637 3542 3704 γενέσθαι,
3594 3640 3691 3691 καὶ
3751 3641 3958 3711 ἐτέραν

2272 3721 2663 3792 ἐπεισαχθῆναι
2719 3722 3009 3793 συνήθειαν
3043 3739 3056 3752 ³
3104 3724 3225 3776 ἐπεὶ
3267 3724 3319 3776 τί
3373 3724 3647 3795 κόπτομαι
3686 3727 3810 3794 εἰκῆ
3854 3729 3955 3779 καὶ

2271 3810 2441 3879 ληρῶ,
2478 3810 2525 3863 εί
2576 3810 2819 3879 μέλλοιτε
2868 3811 2961 3863 ἐπὶ
3006 3810 3115 3863 τῶν
3148 3812 3330 3865 αὐτῶν
3375 3812 3585 3883 μένειν,
3610 3815 3659 3867 εί
3694 3813 3861 3874 μηδὲν
3895 3816 3954 3868 αί

2273 3897 2520 3961 συνάξεις
2542 3898 2622 3959 εἰς
2654 3898 2799 3968 ὑμᾶς
2827 3897 3147 3968 ἐργάζονται
3170 3899 3375 3967 ἀγαθόν
3407 3917 3420 3963 ;

2341 3982 2403 4037 δ’.
2434 3984 2571 4045 Ναὶ,
2604 3986 2787 4054 φησὶν,
2833 3985 3125 4055 εὐχόμεθα.
3169 3988 3278 4039 Kal
3319 3987 3370 4039 τί
3404 3987 3581 4053 τοῦτο,
3614 3988 3682 4041 ἂν
3710 3984 3743 4061 ᾗ
3780 3991 3955 4059 χωρὶς

2271 4070 2447 4139 ἔργων
2476 4088 2491 4135 ;
2534 4071 2745 4124 ’Δκουε
2764 4072 2857 4124 τοῦ
2883 4072 3121 4143 Χριστοῦ
3156 4073 3406 4141 λέγοντος
3428 4090 3444 4107 ο
3476 4078 3559 4129 Οὐ
3598 4074 3720 4141 πᾶς
3769 4080 3804 4129 ό
3850 4078 3954 4131 λέ-

2273 4174 2395 4226 γων
2414 4175 2538 4227 μοι,
2560 4158 2755 4225 Κύριε,
2780 4160 2977 4225 Κύριε,
3016 4161 3430 4215 εἰσελεύσεται
3487 4165 3574 4228 εἰς
3611 4162 3729 4230 τὴν
3750 4164 3946 4227 ,ϐασι-

2272 4242 2447 4294 λείαν
2477 4240 2593 4293 τῶν
2613 4241 2902 4308 οὐρανῶν,
2928 4242 3064 4296 ἀλλ’
3086 4246 3119 4297 ό
3139 4242 3327 4296 ποιῶν
3346 4244 3411 4298 τὸ
3436 4245 3662 4311 θέλημα
3691 4245 3799 4299 τοῦ
3837 4250 3953 4301 Πα-

2273 4330 2414 4396 τρός
2432 4344 2554 4396 μου
2578 4328 2686 4381 τοῦ
2712 4329 2783 4381 ἐν
2809 4328 2932 4395 τοῖς
2967 4330 3267 4396 οὐρανοῖς.
3301 4331 3565 4395 Πολλάκις
3606 4331 3781 4401 ἔγνων
3833 4336 3948 4403 ἐγὼ

2274 4416 2517 4494 σιγῆσαι,
2556 4416 2829 4486 μηδεμίαν
2867 4418 2974 4469 ἀπὸ
3005 4417 3113 4469 τῶν
3143 4419 3426 4488 ἡμετέρων
3468 4419 3641 4487 λόγων
3699 4421 3948 4494 προσθή-

2276 4492 2378 4573 κην
2410 4505 2536 4570 ὑμῖν
2566 4504 2923 4573 ἐγγινομένην
2954 4504 3095 4576 ὁρῶν
3116 4520 3131 4535 ο
3165 4506 3197 4575 ἢ
3233 4506 3375 4575 τάχα
3411 4506 3622 4572 γίνεται
3659 4509 3779 4579 μέν,
3838 4492 3952 4579 ἐγὼ

2274 4592 2331 4644 δὲ
2356 4592 2460 4643 ὑπὸ
2490 4591 2793 4661 ἀπληστίας
2815 4594 2909 4645 καὶ
2940 4592 3138 4663 πολλῆς
3166 4593 3465 4664 ἐπιθυμίας
3498 4598 3698 4650 ταύτὸν
3744 4599 3946 4669 πάσχω

2275 4682 2388 4741 τοῖς
2425 4679 2551 4747 περὶ
2572 4678 2638 4731 τὰ
2660 4680 2921 4749 χρήματα
2954 4682 3321 4751 μαινομένοις.
3354 4682 3627 4755 Καθάπερ
3661 4684 3773 4756 γάρ
3807 4688 3951 4739 ἐκεῖ·

2277 4784 2377 4827 νοι,
2411 4767 2513 4819 ὅσα
2547 4766 2614 4819 ἂν
2649 4766 3073 4836 περιϐάλωνται,
3105 4768 3259 4821 οὐδὲν
3291 4768 3551 4839 ἡγοῦνται
3582 4772 3728 4841 ἔχειν
3756 4788 3768 4801 ·
3804 4772 3950 4828 οῦτω

2278 4855 2372 4905 καὶ
2396 4852 2583 4915 αὐτὸς,
2622 4854 2808 4925 ἐπειδὴ
2836 4854 3040 4925 σφόδρα
3081 4855 3181 4924 τῆς
3206 4856 3481 4927 ὑμετέρας
3508 4859 3733 4927 ἐφίεμαι
3769 4878 3948 4931 σωτη-

2281 4940 2420 5009 ρίας,
2458 4940 2562 5003 ἕως
2590 4939 2655 4993 ἀν
2684 4941 2779 4993 ῖδω
2820 4944 3236 5019 προκεκοφότας
3279 4944 3443 5013 ὑμᾶς,
3505 4946 3659 4999 οὐδὲν
3705 4948 3946 5019 ἠγοῦμαι

2276 5026 2583 5097 εἰργάσθαι,
2654 5028 2743 5079 διά
2787 5029 2847 5081 τὸ
2904 5016 3108 5099 σφόδρα
3149 5029 3435 5100 ἐπιθυμεῖν
3479 5033 3616 5102 πρὸς
3644 5035 3816 5106 αὐτὴν
3848 5016 3946 5106 τὴν

2278 5114 2518 5184 κορυφὴν
2573 5114 2716 5184 ὑμᾶς
2777 5115 2970 5167 ἐλθεῖν.
3014 5116 3313 5187 Βουλοίμην
3359 5117 3425 5172 ἂν
3458 5120 3619 5173 τοῦτο
3658 5117 3822 5183 εἶναι,
3854 5127 3946 5177 καὶ

2275 5201 2369 5252 τοῦ
2393 5200 2525 5270 ἐμοῦ
2566 5202 2769 5265 πάθους
2808 5197 2947 5255 εἶναι
2998 5204 3176 5269 τοῦτο,
3209 5205 3346 5258 ἀλλά
3396 5206 3471 5277 μὴ
3518 5207 3619 5276 τῆς
3669 5210 3942 5283 ὑμετέρας

2278 5289 2549 5357 ρςθυμίας
2578 5308 2589 5320 ·
2618 5290 2831 5342 δέδοικα
2852 5290 2908 5342 δὲ
2943 5292 3150 5361 μήποτε
3181 5291 3362 5356 καλῶς
3398 5294 3770 5366 στοχάζωμαι.
3833 5300 3938 5352 ﬂ:-

2277 5378 2493 5430 πεῖσθαι
2552 5377 2660 5448 γὰρ
2715 5378 2980 5445 ὀφείλετε,
3034 5380 3116 5431 ὅτι
3159 5380 3213 5432 εί
3242 5397 3323 5444 τις
3358 5381 3576 5450 ἐγένετο
3603 5383 3843 5453 ὠφέλεια
3884 5390 3941 5441 ἐν

2275 5464 2509 5535 τοσούτῳ
2540 5466 2731 5533 χρόνῳ,
2766 5464 3072 5518 παύσασθαι
3115 5466 3299 5521 λοιπὸν
3332 5471 3480 5539 ἡμᾶς
3512 5470 3769 5538 λέγοντας
3813 5475 3936 5532 ἔδει.

2276 5550 2459 5612 υῦτως
2486 5554 2584 5603 οὐκ
2610 5551 2715 5603 ἔδει
2749 5552 3007 5622 ῥημάτιον
3036 5554 3182 5624 ὑμῖν,
3211 5556 3321 5609 τῶν
3369 5556 3469 5627 ήδη
3509 5556 3808 5627 λεχθέντων
3850 5561 3937 5615 οῦ-

2274 5654 2379 5699 τως
2408 5639 2606 5703 ἱκανῶς
2646 5641 2971 5709 εἰρημένων,
2996 5642 3070 5704 ώς
3102 5643 3193 5694 καὶ
3213 5643 3405 5707 ἄλλους
3437 5644 3699 5699 δύνασθαι
3747 5649 3937 5718 ῥυθμί-

2276 5725 2408 5788 ζειν,
2440 5726 2492 5778 εί
2525 5744 2588 5794 γε
2615 5728 2861 5793 ἀπόντων
2883 5728 3119 5797 ὠφέλειά
3150 5747 3233 5793 τις
3275 5731 3403 5801 ὑμῖν
3446 5735 3817 5803 προσεγίνετο.
3869 5737 3936 5790 Τδ

2272 5816 2323 5865 δὲ
2351 5816 2593 5883 ἀνάγκην
2616 5816 2761 5883 ἡμᾶς
2787 5816 2926 5885 ἔχειν
2953 5818 3209 5887 συνεχοῦς
3230 5816 3379 5891 [251]
3408 5820 3933 5889 διαλέξεως,οῦῦενος

2338 6064 2361 6091 ε
2389 6061 2545 6133 Πόσαι
2574 6060 2719 6133 ορεει
2758 6064 2805 6111 iu
2829 6076 2925 6112 uno
2950 6063 3054 6111 cod.
3124 6062 3149 6100 ἀ
3190 6065 3340 6114 Savil.
3376 6067 3455 6114 καὶ
3491 6067 3560 6126 ἐφ’
3586 6069 3733 6127 ἡμῶν.
3763 6067 3923 6122 [Iure].

2275 6136 2396 6171 vero
2446 6125 2520 6170 aa’
2564 6125 2716 6180 ἡμῶν.
