4082 6508
148 490 242 543 317
1107 484 1173 541 IN
1210 482 1393 543 ACTA
1433 479 1960 540 APOSTOLORUM.
2004 476 2477 541 llOMlL..XXlX.

149 602 322 657 laudes
348 610 501 657 sunt.
534 600 793 657 Davidem
820 607 998 655 autem
1025 599 1200 655 solum
1229 598 1491 664 celebrat,
1522 597 1644 670 quia
1676 612 1743 652 ex

148 695 254 764 ipso
274 693 551 751 Christus.
580 694 885 763 lngressum
911 707 1044 748 vero
1067 691 1307 748 Joannes
1326 699 1502 755 vocat,
1532 690 1741 752 dicens.

146 788 268 843 Ante
294 787 489 860 facient
514 787 773 857 ingressus
802 787 936 859 ejus,
966 784 1392 840 incarnationem
1423 783 1620 838 Christi
1640 824 1656 849 ,
1690 792 1744 837 et

145 883 251 953 ejus
277 898 399 938 cum
432 896 600 937 carne
635 881 951 937 adventum.
991 879 1081 935 Sic
1122 878 1361 935 Joannes
1392 877 1741 947 Evangeliuin

146 977 378 1033 scribens
399 1016 420 1041 ,
450 975 523 1031 ad
550 974 703 1030 illum
734 990 880 1046 saepe
904 969 1183 1043 confugit:
1214 988 1466 1041 magnum
1490 974 1632 1027 enim
1664 970 1741 1025 illi

144 1085 328 1127 nomen
360 1069 562 1125 eratin
587 1077 705 1124 toto
724 1068 880 1124 orbe.
916 1066 981 1122 Et
1011 1066 1171 1122 vide:
1217 1082 1325 1121 non
1350 1066 1481 1121 dicit
1507 1064 1639 1120 illud
1674 1080 1740 1119 ex

143 1165 331 1234 seipse,
362 1162 463 1218 sed
497 1162 642 1217 illius
670 1162 824 1217 affert
854 1160 1242 1216 tesﬁmonium.

206 1258 259 1311 3.
307 1255 526 1323 Viden‘,
576 1252 848 1326 quomodo
900 1253 1191 1309 ostendere
1244 1250 1462 1309 studeat
1506 1268 1621 1308 rem
1674 1267 1739 1307 ex

141 1351 434 1408 oeconomia
473 1351 703 1423 quatiant
738 1351 874 1422 geri.
903 1349 1007 1405 Sed
1038 1348 1320 1404 audiamus
1345 1348 1471 1419 quid
1507 1347 1739 1417 apostoli

140 1446 373 1499 dicentes
397 1442 809 1515 persuaserint,
833 1440 977 1510 quod
1012 1439 1305 1495 cruciﬁxus
1336 1448 1439 1494 est.
1472 1438 1609 1506 Quid
1638 1437 1742 1494 hoc

139 1536 529 1603 incredibilius,
556 1535 703 1607 quod
734 1534 979 1604 sepultus
1012 1533 1082 1588 sit
1101 1533 1169 1587 ah
1196 1533 1325 1599 illis,
1356 1532 1553 1601 quibus
1590 1533 1739 1585 salii-

140 1641 238 1684 tem
270 1630 544 1699 promisit,
573 1628 715 1699 quod
739 1628 984 1696 sepultus
1014 1637 1230 1696 peccata
1260 1626 1432 1697 magis
1458 1627 1617 1699 quam
1651 1626 1737 1680 lex

140 1726 244 1793 ipsa
264 1724 545 1781 remittat?
569 1722 694 1778 Ideo
722 1740 826 1777 non
844 1723 978 1778 dixit
996 1740 1010 1775 :
1027 1722 1071 1775 Α
1093 1722 1287 1792 quibus
1310 1720 1557 1776 noluistis
1578 1735 1593 1785 ;
1618 1718 1736 1785 sed,

139 1819 177 1871 Λ
198 1820 381 1888 quibus
429 1834 535 1872 non
579 1818 813 1887 potuistis
841 1816 895 1870 in
937 1816 1045 1887 iege
1090 1814 1288 1885 Moysi's
1323 1813 1603 1884 justi/icari
1624 1827 1645 1876 ,'
1686 1812 1741 1865 in

139 1910 226 1964 hoc
274 1909 447 1963 omnis
493 1908 703 1963 credens
744 1908 1061 1977 iustiﬁcetur
1110 1923 1128 1961 :
1174 1904 1542 1961 inﬁrmitatem
1607 1905 1739 1974 legis

138 2001 447 2056 ostendens.
482 2001 651 2057 Recte
678 2010 856 2055 autent
887 2001 1095 2055 addidit
1127 2000 1277 2065 illud,
1312 1997 1529 2062 Omnis;
1558 2009 1615 2053 ut
1644 1999 1739 2053 deo

136 2091 359 2148 eiuraret
387 2092 637 2164 quisquis
662 2093 732 2147 sit
760 2093 1009 2147 credens.
1035 2090 1188 2146 Nulla
1225 2091 1370 2146 enim
1396 2107 1459 2146 ex
1489 2090 1596 2145 illis
1630 2092 1738 2144 uti-

138 2183 284 2249 litas,
330 2185 439 2240 nisi
489 2184 705 2255 aliquod
764 2184 904 2239 adsit
955 2184 1298 2239 benelicium.
1348 2183 1472 2237 Ideo
1517 2183 1735 2237 demum

136 2277 278 2343 ponit
304 2277 685 2332 remissionem
708 2318 723 2341 .
770 2276 897 2333 hinc
923 2276 1063 2349 quod
1115 2276 1286 2346 majus
1315 2284 1401 2330 est
1441 2274 1734 2346 colligens,

134 2376 183 2422 et
208 2367 509 2425 ostendens
531 2410 547 2434 ,
582 2367 633 2423 id
662 2368 804 2439 quod
844 2385 951 2424 non
1000 2376 1211 2437 poterat
1263 2368 1345 2423 lex
1390 2366 1600 2430 facere,
1636 2366 1738 2421 hoc

133 2461 271 2518 clare
299 2478 397 2533 per
425 2473 659 2518 mortem
696 2462 889 2519 fecisse
920 2478 1044 2518 eum
1078 2462 1166 2532 qui
1199 2476 1388 2532 passus
1416 2472 1519 2517 est.
1556 2461 1737 2531 Itaque

133 2553 263 2610 bene
278 2555 503 2611 dicebat
528 2573 543 2609 :
572 2553 673 2620 Qui
694 2564 811 2609 sunt
836 2564 983 2610 testes
1008 2556 1119 2626 ejus
1137 2554 1207 2608 ad
1229 2554 1443 2625 plebem,
1469 2552 1617 2607 illum
1643 2552 1732 2622 qui

130 2647 338 2712 occidit,
373 2649 550 2720 inquit
578 2664 593 2705 :
628 2664 806 2720 neque
832 2648 969 2705 tales
999 2657 1183 2704 essent
1207 2690 1222 2712 ,
1276 2648 1376 2703 nisi
1418 2647 1599 2702 divina
1626 2649 1736 2701 vir-

132 2749 238 2796 tute
284 2742 667 2808 ﬁrmarentur;
720 2756 894 2813 neque
928 2742 1073 2797 enim
1123 2741 1189 2797 ad
1237 2740 1485 2796 homines
1529 2739 1732 2795 ciuilem

130 2834 391 2903 spirantes
420 2835 552 2889 talia
581 2834 851 2890 testiﬁcati
879 2843 1085 2897 essent,
1119 2850 1224 2889 non
1250 2833 1315 2889 ad
1344 2835 1488 2905 ipsos
1515 2833 1605 2904 qui
1635 2848 1732 2888 oc-

130 2925 394 2981 ciderunt.
422 2924 563 2982 lllttd
589 2941 739 2994 vero,
770 2926 880 2998 Ego
910 2927 1062 2980 hodie
1088 2927 1241 2997 genui
1264 2937 1312 2981 te
1335 2969 1351 2993 ,
1382 2925 1553 2992 dixit,
1588 2920 1730 2997 quod

132 3016 194 3073 ad
219 3019 320 3074 hoc
341 3020 509 3075 etiam
535 3020 638 3073 alia
667 3030 984 3090 sequantur.
1012 3019 1081 3073 Et
1102 3035 1199 3073 cur
1218 3033 1323 3073 non
1348 3017 1553 3072 addidit
1583 3018 1735 3073 testi-

132 3112 362 3167 inonium
382 3153 401 3178 ,
428 3127 539 3182 quo
569 3113 1048 3181 persuadereiitur,
1082 3126 1177 3180 per
1201 3126 1323 3165 eum
1353 3110 1728 3165 remissionem

130 3213 470 3271 peccatorum
498 3205 729 3261 futuram
761 3206 919 3261 esse?
948 3205 1079 3273 Quia
1106 3204 1231 3259 illud
1265 3204 1477 3259 interim
1508 3205 1733 3258 curabat

129 3299 431 3366 ostendere,
459 3299 603 3371 quod
635 3298 1023 3355 resurrexissct
1049 3317 1061 3351 :
1098 3298 1201 3352 hoc
1229 3307 1407 3353 autem
1436 3298 1481 3353 si
1512 3298 1563 3351 in
1594 3312 1727 3352 con-

132 3389 266 3445 fesso
292 3402 479 3455 esset,
528 3391 659 3445 illud
687 3389 812 3445 hinc
841 3389 1199 3445 indubitatum
1232 3388 1362 3455 fuit,
1397 3404 1591 3459 nempe
1633 3404 1732 3459 per

130 3482 270 3551 illum
291 3484 670 3561 remissionem
695 3493 1039 3561 peccatorum
1071 3482 1485 3557 fleri.~A_lioquiii
1516 3482 1730 3561 volebat.

130 3576 244 3630 illos
274 3578 329 3632 in
368 3558 504 3632 boni
556 3568 698 3632 illius
746 3558 1074 3631 desiderium
1111 3577 1386 3631 inducere.
1434 3574 1550 3629 Non
1599 3559 1730 3644 ergo

133 3669 409 3726 derelictio
456 3681 574 3726 erat
595 3685 743 3726 mors
780 3672 929 3741 ejus,
978 3671 1071 3725 sed
1115 3669 1413 3740 prophetia:
1464 3670 1726 3740 impletin.

133 3764 386 3820 Historias
430 3775 856 3830 commemorat,
906 3779 1040 3834 quas
1090 3765 1401 3835 ignorantes
1442 3764 1725 3818 innumera

131 3861 262 3929 passi
288 3870 417 3917 sunt
443 3862 602 3916 mala.
636 3862 702 3917 Et
733 3862 836 3916 hoc
874 3860 1179 3915 subindicat
1220 3861 1272 3914 in
1321 3858 1425 3915 ﬁne
1447 3901 1462 3925 ,
1491 3860 1676 3915 dicens
1711 3878 1724 3913 :

140 3950 325 4020 Videte,
347 3963 737 4023 contemptores,
770 3964 817 4008 et
848 3955 1102 4023 respicite.
1126 3953 1193 4007 Et
1216 3952 1338 4008 vide
1359 3953 1628 4023 quomodo
1658 3953 1723 4006 il-

132 4042 213 4099 lud
242 4056 429 4118 utpote
452 4061 705 4118 asperum
734 4046 997 4103 succidat.
1048 4044 1134 4101 Ne
1177 4046 1317 4100 vobis
1358 4047 1720 4116 superveniat,

132 4137 321 4209 inquit,
346 4140 486 4210 quod
510 4140 627 4193 aliis
665 4140 857 4193 dictum
880 4150 955 4194 est
983 4154 1003 4193 :
1033 4138 1170 4208 Quia
1211 4156 1337 4211 aptis
1377 4157 1468 4211 ego
1514 4156 1721 4211 operor,

132 4232 258 4299 quod
283 4249 388 4287 non
403 4232 637 4297 credetis,
655 4232 699 4286 si
712 4233 825 4303 quis
837 4219 1123 4287 narraverit
1146 4232 1301 4288 vobis.
1325 4231 1399 4288 Ne
1421 4233 1715 4302 miremini,

131 4324 263 4392 quod
285 4322 601 4381 incredibile
620 4323 868 4379 videatur
882 4338 1004 4379 esse
1030 4342 1043 4379 :
1062 4323 1236 4379 ethoc
1254 4326 1503 4395 superius
1524 4325 1725 4381 dictum

132 4424 224 4468 est.
244 4414 355 4471 Hoc
373 4415 671 4485 etiamjure
688 4417 842 4472 nobis
863 4416 1104 4472 dieatur:
1135 4415 1724 4489 Videte,contemptores,

134 4505 193 4560 iis
212 4508 298 4577 qui
314 4508 765 4563 resurrectionem
795 4525 900 4563 non
917 4509 1164 4567 credunt.
1186 4510 1401 4565 Etenim
1425 4527 1516 4567 res
1540 4512 1731 4570 Eccle-

133 4601 219 4655 sia:
231 4602 460 4671 pessime
477 4601 832 4666 habent,licet
847 4604 1045 4671 piatis
1063 4604 1114 4657 in
1137 4618 1268 4673 pace
1283 4619 1423 4659 esse.
1446 4604 1558 4660 Hoc
1573 4606 1731 4676 quip-

136 4709 193 4762 pe
220 4710 381 4765 grave
405 4705 510 4759 est,
531 4697 673 4765 quod
703 4696 755 4750 in
788 4697 943 4757 malis
962 4712 1083 4751 cum
1108 4698 1294 4762 simus,
1324 4698 1374 4753 id
1396 4700 1723 4770 ignoremus.

201 4785 370 4843 Pietas
392 4788 505 4843 sola
532 4787 816 4842 Ecclesium
836 4790 1404 4858 commendat.—Qiiid
1428 4793 1598 4847 dicis?
1627 4794 1727 4848 Ec-

133 4880 313 4938 clesias
342 4893 605 4946 tenemus,
640 4884 1032 4951 possessiones,
1078 4885 1178 4938 alia
1225 4887 1441 4952 omnia,
1486 4888 1726 4943 collectae

136 4976 293 5044 ﬁniit,
319 4977 561 5047 quotidie
599 4977 751 5032 adest
800 4978 1051 5048 populus,
1089 4988 1145 5034 et
1181 4981 1621 5037 contemnimus?
1656 4985 1725 5037 At

134 5082 232 5122 non
260 5069 387 5123 inde
416 5068 708 5129 Eeclesiam
737 5069 1073 5139 probaveris.
1102 5069 1209 5125 Sed
1244 5072 1385 5126 unde
1412 5114 1426 5137 ,
1471 5073 1727 5142 inquies?

131 5159 180 5213 Si
207 5162 377 5229 pietas
407 5168 512 5227 cst,
544 5162 589 5216 si
628 5176 749 5217 cum
794 5163 944 5217 lucro
969 5162 1187 5217 domum
1235 5163 1475 5233 quotidie
1515 5166 1727 5222 recedi-

132 5266 262 5316 mus,
292 5254 338 5308 si
364 5268 489 5308 cum
517 5253 691 5308 fructu
724 5254 806 5308 vel
830 5254 1044 5310 modico
1070 5255 1155 5309 vel
1191 5271 1387 5328 magno
1408 5300 1423 5323 ,
1456 5257 1499 5312 si
1550 5259 1723 5329 legem

133 5358 228 5399 non
257 5356 548 5415 utcumque
577 5356 632 5401 et
654 5344 1023 5416 perfunctorie
1051 5346 1408 5418 implevimus.
1452 5349 1583 5417 Quis
1611 5366 1726 5406 ine-

132 5437 223 5493 lior
240 5439 464 5494 euectus
490 5450 572 5494 est
593 5454 656 5495 ex
684 5441 1038 5494 conventibus
1057 5442 1260 5496 mensis
1280 5443 1478 5497 unius?
1507 5443 1620 5501 Hoc
1640 5453 1724 5499 est

132 5532 261 5599 quod
292 5549 398 5603 qua
418 5531 553 5586 ritur
583 5551 596 5587 :
634 5547 758 5588 nam
814 5534 915 5589 hoc
944 5534 1117 5604 ipsum
1141 5576 1159 5600 ,
1211 5535 1353 5605 quod
1385 5535 1723 5593 benefactum

135 5635 360 5690 putatur,
392 5625 680 5680 infeliciter
709 5626 905 5681 factum
958 5635 1073 5693 est,
1120 5642 1242 5682 cum
1294 5628 1379 5682 his
1420 5629 1491 5682 ita
1522 5633 1723 5699 gestis,

132 5720 249 5773 nihil
295 5720 530 5791 amplius
576 5720 866 5776 lucramur.
919 5724 1094 5793 Atque
1148 5724 1352 5777 utinam
1408 5724 1545 5779 nihil
1607 5742 1726 5780 ain-

135 5812 293 5881 plius,
326 5830 470 5872 nunc
516 5817 659 5871 enim
700 5817 861 5872 etiam
897 5817 947 5870 in
985 5816 1225 5872 deterius
1260 5820 1551 5888 vergiinus.
1582 5818 1722 5887 Quid

134 5906 321 5965 fructus
372 5924 439 5964 ex
488 5908 735 5978 collectis
762 5910 1017 5979 carpitis?
1062 5908 1117 5965 Si
1163 5910 1290 5980 qiiid
1332 5920 1483 5965 certe
1514 5909 1721 5965 fructus

132 6001 459 6071 carperetis;
491 5999 605 6067 j~m
646 6002 774 6056 olim
823 6015 1014 6060 omnes
1054 6010 1328 6073 oporteret
1379 6000 1715 6073 philosophi-

3344 476 3449 532 ΞΗ

1850 611 1915 651 ce
1966 595 2169 663 vivere,
2197 611 2318 650 cum
2357 596 2438 651 bis
2485 609 2584 665 per
2612 593 3004 651 hebdomadam
3048 603 3128 649 tot
3175 593 3452 666 prophetae

1849 704 1947 745 vos
1975 688 2338 759 alloquamur,
2370 702 2493 744 cum
2528 696 2607 743 tot
2633 688 2885 758 apostoli,
2917 686 3286 759 evangelistae,
3335 703 3455 742 om-

1850 782 2007 836 nibus
2037 782 2294 837 salutaria
2325 781 2576 851 dogmata
2616 781 3064 853 proponentibus,
3096 797 3217 851 quie
3244 783 3455 853 possint

1850 890 2028 932 mores
2055 886 2265 932 vestros
2306 887 2559 932 accurate
2590 892 2939 946 componere.
2976 876 3130 932 Miles
3174 874 3241 930 ad
3275 877 3461 931 tiroi-i-

1849 970 1999 1025 nium
2018 971 2243 1026 veniens
2266 970 2316 1022 in
2342 969 2549 1025 bellicis
2571 974 2629 1024 lit
2651 970 2902 1039 peritior;
2926 970 3127 1025 athleta
3151 970 3455 1040 palaestram

1848 1063 2036 1119 adiens
2065 1062 2124 1117 fit
2148 1062 2496 1118 exercitatior
2523 1062 2590 1117 ad
2647 1053 2918 1143 pugnam;
2958 1062 3203 1117 medicus
3240 1064 3307 1117 ad
3356 1062 3457 1116 do-

1846 1168 2053 1212 ctorem
2072 1156 2337 1213 accedens
2352 1157 2408 1212 fit
2434 1172 2500 1214 ex
2510 1157 2734 1226 pertior,
2756 1141 2909 1228 plura
2937 1159 3059 1220 scit,
3090 1157 3241 1227 plura
3260 1156 3454 1213 discit:

1848 1255 1902 1301 tu
1924 1230 2053 1319 quid
2081 1248 2320 1304 lucratus
2348 1250 2451 1306 es?
2481 1264 2587 1303 non
2616 1248 2809 1320 loquor
2835 1250 2901 1303 iis
2923 1291 2940 1312 ,
2967 1249 3057 1319 qui
3087 1264 3185 1319 per
3221 1264 3454 1312 annum,

1847 1339 1941 1396 sed
1965 1341 2050 1408 iis,
2080 1342 2169 1411 qui
2193 1356 2224 1396 a
2255 1341 2425 1410 prima
2452 1350 2614 1397 aetate
2645 1341 3005 1396 conventibus
3033 1340 3345 1397 adfuerunt.
3374 1345 3454 1397 An

1848 1431 1952 1487 hoc
1972 1434 2171 1503 putatis
2195 1448 2317 1488 esse
2342 1434 2596 1503 pietatem
2622 1475 2638 1499 ,
2666 1434 2811 1504 quod
2839 1432 3154 1505 frequenter
3190 1434 3257 1489 ad
3288 1449 3455 1507 syna-

1847 1528 1936 1581 xin
1965 1528 2281 1584 accedatis?
2325 1529 2439 1584 Hoc
2479 1528 2612 1583 nihil
2639 1540 2755 1595 est,
2789 1530 2889 1585 nisi
2946 1531 3075 1601 quid
3121 1531 3327 1587 fructus
3367 1548 3457 1585 re-

1847 1621 2129 1677 feramus:
2170 1623 2271 1677 nisi
2324 1622 2449 1693 quid
2493 1623 2833 1694 colligamus.
2862 1625 3058 1679 melius
3109 1636 3255 1681 esset
3307 1624 3453 1681 domi

1847 1729 2082 1769 manere.
2108 1713 2319 1769 Etenim
2348 1715 2580 1786 majores
2606 1718 2773 1771 nostri
2792 1717 3051 1771 ecclesias
3076 1717 3232 1772 nobis
3249 1718 3452 1773 exaedi-

1848 1806 2097 1875 ﬁcarunt,
2130 1824 2236 1864 non
2266 1818 2325 1863 ut
2371 1824 2434 1864 ex
2468 1810 2720 1865 domibus
2747 1821 3103 1881 congregatos
3152 1827 3251 1867 vos
3295 1814 3455 1868 simul

1846 1901 2133 1956 ostendant
2160 1918 2173 1953 :
2209 1900 2313 1955 hoc
2342 1901 2487 1955 enim
2518 1911 2572 1957 et
2605 1902 2656 1956 in
2690 1902 2807 1957 foro
2834 1911 2889 1957 et
2935 1904 2985 1957 in
3018 1902 3263 1968 balneis,
3306 1901 3453 1959 et'in

1847 2010 2039 2065 pompa
2074 1993 2296 2065 perinde
2325 1994 2383 2048 fit
2404 1995 2546 2057 :sed
2580 2006 2637 2050 ut
2665 1995 2960 2065 discipulos
2985 2006 3041 2052 et
3070 1996 3325 2054 doctores
3348 2015 3452 2054 una

1844 2094 2254 2156 congregantes,
2286 2085 2409 2142 illos
2438 2088 2629 2141 horiim
2652 2102 2756 2156 ope
2777 2088 3035 2144 meliores
3061 2089 3316 2144 efﬁciant.
3343 2090 3455 2150 Lex.

1844 2179 2163 2248 simpliciter
2189 2188 2245 2235 et
2273 2180 2487 2236 decoris
2514 2182 2725 2249 species
2755 2181 2908 2236 facta:
2940 2191 3068 2237 sunt
3092 2199 3183 2239 res
3218 2195 3416 2239 niistra-
3436 2227 3451 2250 ,

1845 2271 2175 2326 consuetudo
2229 2287 2375 2334 mera
2426 2289 2567 2328 nunc
2609 2281 2710 2328 est.
2746 2274 2905 2330 Venit
2956 2275 3172 2346 pascha,
3227 2292 3451 2349 magnus

1844 2363 2118 2429 tumultus,
2172 2379 2380 2436 magna;
2425 2363 2596 2420 turbic
2626 2382 2639 2419 :
2672 2380 2779 2420 non
2822 2366 2967 2421 enim
3019 2366 3268 2432 dixerim,
3300 2368 3451 2423 iiitilti

1843 2456 2086 2511 homines
2115 2474 2128 2509 :
2159 2456 2283 2511 illud
2315 2457 2460 2513 enim
2503 2472 2607 2511 non
2662 2473 2791 2512 vere
2834 2458 3111 2513 hominum
3160 2469 3244 2514 est
3289 2474 3450 2530 opus.

1840 2547 2078 2605 Transiit
2115 2548 2312 2605 festum
2339 2591 2354 2615 ,
2389 2550 2649 2605 tumultus
2691 2562 2776 2607 est
2827 2553 3025 2616 minor,
3068 2553 3225 2624 quies
3268 2551 3449 2609 tamen

1841 2641 2191 2699 infructuosa.
2221 2643 2362 2712 Quot
2388 2653 2515 2699 sunt
2542 2645 2817 2716 pervigilia
2843 2688 2858 2712 ,
2889 2656 3024 2716 quot
3047 2647 3187 2702 sacri
3213 2648 3449 2702 cantus?

1838 2737 1907 2793 Et
1932 2738 2059 2807 quid
2087 2739 2214 2795 hinc
2238 2740 2509 2809 amplius?
2536 2740 2648 2795 lino
2673 2740 2825 2811 pcjus
2852 2740 3049 2797 accidit
3079 2760 3094 2797 :
3128 2742 3279 2797 multi
3303 2738 3446 2798 enim

1841 2842 2061 2900 propter
2086 2847 2276 2886 vanam
2308 2833 2533 2903 gloriam
2569 2834 2669 2888 hoc
2699 2834 2922 2889 faciunt.
2946 2834 3218 2910 Quantum
3250 2837 3449 2906 putatis

1838 2940 1925 2980 me
1953 2926 2004 2979 in
2033 2926 2333 2981 visceribus
2360 2926 2676 2981 discriiciari
2703 2970 2716 2990 .
2764 2927 2891 2982 dum
2918 2928 3079 2983 video
3119 2930 3298 2982 omnia
3348 2932 3446 2982 do-

1839 3016 1969 3072 lium
2000 3017 2051 3071 in
2086 3028 2364 3087 pertusum
2393 3018 2639 3074 effundi?
2670 3020 2775 3075 Sed
2808 3020 3031 3075 omnino
3055 3019 3249 3076 dicetis
3276 3020 3406 3075 mihi
3430 3064 3445 3085 ,

1836 3110 2145 3182 Scripturas
2183 3111 2404 3167 scimus.
2453 3113 2520 3167 Et
2559 3113 2685 3182 quid
2732 3114 2877 3169 hoc?
2920 3114 2975 3169 Si
3023 3115 3144 3169 illas
3191 3115 3448 3184 operibus

1836 3204 2159 3271 exhibcatis,
2187 3206 2289 3261 hoc
2319 3207 2525 3262 lucrum
2548 3217 2651 3271 est,
2688 3208 2791 3261 hoc
2823 3208 2973 3265 utile.
2993 3207 3219 3263 Ofllcina
3254 3212 3449 3262 tincto-

1834 3302 1912 3353 ria
1942 3307 2027 3353 est
2069 3299 2297 3354 ecclesia
2345 3319 2357 3353 :
2416 3301 2460 3353 si
2508 3316 2725 3370 semper
2760 3301 2966 3356 abeatis
3020 3301 3169 3356 nulla
3203 3302 3443 3373 ’accept‘a

1835 3394 2085 3459 tinctura,
2121 3410 2239 3463 qua:
2267 3395 2467 3449 utilitas
2501 3396 2603 3449 huc
2632 3382 2947 3465 frequenter
2972 3397 3305 3453 convenire?
3332 3396 3446 3452 Ma-

1793 3555 1799 3559 .
1831 3487 2146 3565 jiis_quippe
2167 3488 2421 3559 damnum
2448 3498 2550 3568 est.
2575 3488 2707 3567 Quis
2740 3489 2804 3567 iis
2830 3488 3039 3575 legibus
3069 3489 3195 3563 quid
3225 3489 3442 3573 adjecit,
3483 3560 3487 3565 ἡ
3514 3573 3518 3575 Δ
3546 3566 3549 3567 ν
3632 3562 3641 3566 _

1792 3608 1795 3611 -
1833 3595 2023 3651 qiiasa
2056 3582 2301 3651 patribus
2324 3576 2580 3650 accepit?
2614 3573 3099 3651 Exemplieaiisa:
3131 3582 3271 3637 solet
3297 3583 3450 3653 quis-
3514 3573 3518 3577 “

1836 3676 1976 3744 piam
2006 3675 2321 3729 memoriam
2355 3674 2533 3729 facere
2560 3676 2782 3741 matris,
2814 3674 2900 3730 vel
2937 3674 3119 3729 uxoris
3140 3717 3156 3739 ,
3189 3676 3272 3731 vel
3302 3676 3399 3731 lilii
3427 3692 3446 3732 :

1834 3767 1937 3823 hoc
1960 3765 2085 3821 facit
2106 3767 2220 3821 sive
2246 3767 2449 3831 audiat,
2481 3766 2599 3821 sive
2631 3783 2737 3820 non
2767 3766 2952 3821 audiat
2979 3783 3009 3821 a
3040 3767 3221 3833 nobis,
3246 3783 3276 3820 a
3304 3782 3439 3823 con-

1834 3859 2121 3915 suetudine
2150 3869 2204 3914 et
2224 3875 2252 3912 a
2271 3860 2601 3915 conscientia
2624 3860 2870 3915 allectus.
2898 3858 3093 3915 ldeone
3120 3860 3444 3932 indignaris,

1835 3953 2084 4024 inquies?
2108 3953 2289 4017 Absit;
2316 3952 2422 4005 imo
2446 3953 2670 4007 multum
2689 3952 2927 4023 gaudeo;
2956 3952 3052 4008 sed
3074 3953 3269 4007 vellem
3294 3954 3445 4008 illum

1833 4047 2107 4119 quidpiam
2127 4061 2192 4101 ex
2224 4048 2486 4101 concione
2509 4055 2693 4101 nostra
2719 4047 2914 4101 lucrari
2942 4064 2955 4100 :
2981 4056 3034 4100 et
3053 4047 3195 4117 quod
3216 4062 3450 4103 consuc-

1835 4142 1965 4198 tudo
1992 4140 2138 4205 fecit,
2164 4140 2215 4195 id
2246 4142 2406 4195 etiam
2435 4155 2463 4193 a
2494 4140 2649 4195 nobis
2674 4139 2812 4207 ﬁeri,
2836 4150 2891 4194 et
2918 4140 3077 4195 aliam
3102 4141 3447 4196 consuetudi-

1834 4251 1959 4290 nem
1988 4234 2191 4289 induci.
2210 4233 2460 4301 Alioquin
2478 4233 2605 4305 quid
2636 4234 2834 4288 frustra
2860 4235 3066 4297 laboro,
3096 4236 3142 4289 si
3167 4236 3220 4290 in
3255 4235 3443 4288 iisdem

1834 4328 2076 4383 mansuri
2116 4326 2286 4382 estis?
2317 4328 2361 4381 si
2395 4326 2527 4381 nihil
2560 4326 2714 4382 vobis
2746 4342 2979 4400 synaxes
3005 4325 3231 4383 afferant
3274 4328 3399 4381 boni
3422 4327 3447 4378 ’ὲ

1905 4423 1960 4477 4.
1987 4421 2162 4476 Etiam
2189 4464 2203 4486 ,
2257 4420 2499 4490 inquies,
2531 4434 2838 4492 precamur.
2888 4419 2957 4474 Et
2996 4418 3125 4487 quid
3180 4421 3284 4475 hoc
3327 4421 3445 4475 sine

1833 4516 2128 4586 operibus?
2150 4515 2285 4570 Audi
2315 4514 2590 4570 Christum
2633 4514 2907 4571 (licentem
2935 4532 2949 4570 :
2992 4514 3118 4569 Non
3164 4516 3329 4569 omnis
3358 4516 3445 4585 qui

1833 4610 1956 4663 dicit
1987 4608 2147 4675 mihi,
2185 4609 2419 4671 Domine,
2452 4607 2689 4673 Domine,
2720 4608 2929 4662 intrabit
2948 4608 3001 4661 in
3045 4623 3263 4678 regnum
3292 4608 3448 4663 eclo-

1832 4720 1975 4769 ruiii,
2024 4702 2112 4757 sed
2152 4702 2239 4770 qui
2277 4704 2398 4773 facit
2428 4708 2738 4755 voluntatem
2779 4700 2956 4756 Patris
2981 4703 3078 4756 mei
3107 4744 3121 4767 ,
3168 4702 3259 4764 qui
3287 4712 3365 4756 est
3390 4703 3444 4756 in

1832 4797 1973 4851 cazlis
2005 4797 2219 4868 (Matth.
2252 4796 2303 4850 7.
2328 4797 2387 4851 2|
2408 4801 2445 4867 ).
2476 4795 2634 4867 Saepe
2679 4798 2840 4850 statui
2872 4813 2974 4867 ego
3003 4798 3165 4853 silere
3194 4839 3209 4864 ,
3252 4798 3443 4853 videns

1835 4890 1963 4943 nihil
1993 4906 2055 4944 ex
2090 4888 2432 4943 sermonibus
2458 4890 2661 4943 nostris
2690 4890 2842 4943 vobis
2865 4890 2996 4945 lucri
3022 4891 3282 4947 accedere
3313 4910 3325 4944 :
3356 4892 3443 4947 vel

1834 4983 1969 5037 forte
1996 4983 2241 5043 accedit,
2274 4998 2373 5051 ego
2415 4997 2544 5037 vero
2589 4982 2736 5053 quod
2776 4983 3098 5039 insatiabilis
3127 4994 3182 5040 et
3210 4987 3442 5058 cupidus

1831 5076 1956 5140 siin,
1984 5076 2216 5143 idipsum
2252 5076 2429 5145 patior
2450 5075 2593 5146 quod
2625 5078 2681 5139 ii,
2712 5079 2801 5147 qui
2835 5078 2979 5131 circa
3009 5079 3264 5147 pecunias
3293 5080 3443 5134 insa-

1832 5168 2009 5223 niunt.
2036 5167 2170 5222 Nam
2200 5169 2341 5223 sicut
2370 5169 2443 5222 illi
2467 5210 2482 5235 ,
2511 5159 2860 5238 quantumvis
2899 5156 3241 5227 accuinulent
3260 5212 3274 5234 .
3308 5172 3441 5227 nihil

1830 5275 1890 5314 se
1923 5270 2110 5329 putant
2138 5260 2339 5315 habere
2367 5278 2380 5313 :
2411 5263 2489 5316 sic
2516 5270 2573 5317 et
2612 5277 2734 5331 ego,
2764 5264 2890 5332 quia
2941 5262 3172 5319 salutem
3206 5274 3442 5320 vesti-am

1830 5352 2119 5407 admodum
2155 5353 2348 5423 cupio,
2373 5353 2549 5408 donec
2582 5354 2769 5409 videro
2803 5371 2898 5410 vos
2938 5357 3262 5426 profecisse,
3308 5358 3441 5415 nihil

1830 5460 1917 5499 me
1940 5445 2132 5500 fecisse
2146 5455 2299 5514 puto,
2323 5446 2466 5517 quod
2491 5447 2719 5502 multum
2741 5448 3067 5514 desiderem,
3096 5459 3155 5504 ut
3180 5450 3247 5505 ad
3265 5450 3440 5521 ipsum

1828 5540 2044 5594 culmen
2087 5540 2416 5595 ascendatis.
2452 5540 2656 5596 Vellem
2698 5541 2772 5597 ita
2814 5558 2873 5597 se
2906 5543 3136 5608 habere;
3184 5544 3345 5615 idque
3374 5562 3440 5601 ex

1828 5630 2021 5687 affectu
2068 5647 2226 5697 meo,
2258 5647 2366 5687 non
2411 5649 2476 5689 ex
2507 5644 2683 5689 vestra
2731 5636 2939 5704 ignavia
2977 5636 3293 5705 proﬁcisci;
3344 5639 3439 5693 sed

1830 5725 2012 5790 timeo,
2060 5742 2128 5780 ne
2177 5724 2313 5780 forte
2361 5726 2499 5781 bene
2553 5727 2878 5797 conjectem.
2930 5729 3252 5784 Persuasum
3294 5731 3437 5787 enim

1829 5816 2069 5873 habeatis
2116 5829 2370 5885 oportet,
2414 5821 2460 5875 si
2501 5836 2605 5890 qua
2661 5822 2711 5875 in
2743 5831 2894 5876 tanto
2938 5831 3185 5893 tempore
3230 5824 3439 5879 utilitas

1826 5912 2188 5983 provenisset,
2217 5912 2373 5967 nobis
2392 5912 2503 5983 jam
2524 5912 2744 5968 dicendi
2770 5915 2929 5970 finem
2956 5915 3260 5971 faciendum
3299 5918 3433 5971 fore.

1828 6004 1919 6059 Sic
1950 6004 2102 6061 vobis
2138 6018 2245 6061 non
2293 6020 2431 6075 opus
2455 6014 2605 6061 esset
2627 6008 2809 6067 verbis
2831 6046 2848 6061 .
2899 6022 3024 6063 cum
3050 6022 3114 6064 ea
3134 6048 3149 6072 ,
3180 6024 3302 6078 quin
3327 6010 3431 6079 jam
