4072 6522
689 449 800 507 219

687 568 829 623 dicta
858 574 981 622 sunt
1007 607 1021 630 ,
1073 566 1145 621 ita
1176 561 1441 622 sufﬁciant
1466 606 1480 629 ,
1512 573 1570 617 ut
1594 572 1648 616 et
1674 562 1812 615 alios
1841 559 2105 615 moderari
2150 571 2271 626 pos-

691 662 829 723 sint;
861 661 907 715 si
935 659 1148 729 quidem
1180 659 1287 713 illis
1314 656 1622 713 absentibus
1646 653 1889 725 quaedam
1923 652 2074 707 vobis
2125 652 2268 704 utili.

693 762 773 806 tas
800 732 1101 807 accederet".
1135 751 1284 820 Quod
1307 764 1433 805 vero
1471 758 1730 819 perpetuo
1755 746 1969 801 monitis
2017 759 2151 811 opus
2180 743 2267 795 ha-

693 848 881 907 beatis.
908 846 957 900 id
986 856 1133 901 certe
1155 844 1287 899 nihil
1310 843 1453 898 aliud
1482 842 1697 908 indicat,
1738 856 1894 912 quam
1915 840 2055 909 quod
2096 852 2266 891 vestra

680 954 793 991 non
821 946 963 991 recte
991 952 1049 992 se
1076 938 1323 992 habeant.

761 1029 1004 1083 Remedia
1026 1040 1199 1083 contra
1225 1029 1344 1082 vitia
1365 1044 1428 1082 ea:
1455 1027 1737 1095 Scripturis
1760 1025 2023 1079 sumenda.
2043 1055 2112 1063 -—
2129 1023 2264 1089 Quid

676 1136 817 1191 ergo
846 1121 1177 1175 faciendum?
1206 1136 1311 1175 non
1341 1122 1483 1176 enim
1510 1119 1892 1189 objurgandnm
1924 1126 2008 1172 est
2040 1128 2263 1171 lanium.

673 1214 919 1267 Obsecro
954 1223 1007 1267 et
1035 1229 1131 1267 oro
1154 1253 1169 1276 ,
1204 1229 1270 1267 ne
1299 1212 1351 1267 id
1384 1213 1555 1265 solum
1596 1210 1851 1275 spectetis
1875 1251 1889 1273 ,
1925 1217 1982 1262 ut
2012 1210 2065 1262 in
2092 1208 2261 1263 eccle-

672 1309 818 1360 sinm
869 1306 1135 1370 veniatis;
1167 1306 1260 1361 sed
1315 1316 1372 1359 ut
1420 1306 1580 1359 etiam
1613 1304 1826 1357 domum
1859 1301 2088 1371 regressi
2118 1342 2133 1366 ,
2166 1315 2259 1354 aco

672 1408 837 1469 cepto
856 1409 1040 1454 contra
1071 1401 1195 1453 vitia
1226 1400 1513 1468 pharmaco
1540 1439 1554 1461 ,
1585 1397 1628 1449 si
1660 1412 1763 1449 non
1788 1411 1817 1448 a
1847 1395 2001 1449 nobis
2027 1437 2041 1459 ,
2066 1394 2255 1447 saltem

681 1507 709 1542 a
740 1490 1031 1561 Scripturis
1072 1490 1419 1559 congruentia
1453 1488 1691 1542 habeatis
1730 1486 1990 1540 remedia.
2017 1483 2258 1551 Exempli

662 1595 837 1635 ocausa
864 1598 877 1633 :
909 1590 991 1635 est
1011 1581 1132 1650 quis
1160 1580 1480 1635 iracundus?
1506 1579 1757 1633 Attendat
1785 1578 2097 1633 lectionibus
2118 1576 2258 1631 Scri-

684 1681 977 1738 pturarum,
1004 1682 1057 1725 et
1084 1671 1303 1725 omnino
1326 1669 1451 1741 quid
1480 1670 1711 1739 reperiet
1737 1670 1821 1723 vel
1852 1669 1902 1722 in
1933 1669 2150 1721 historia
2176 1666 2258 1721 vel

683 1766 734 1816 in
757 1765 977 1818 monitis
1003 1782 1015 1817 :
1042 1765 1094 1817 in
1124 1763 1340 1817 monitis
1366 1801 1381 1826 ,
1412 1777 1532 1816 cum
1559 1763 1757 1816 dicitur
1787 1780 1799 1815 :
1833 1762 2144 1816 Momentum
2172 1765 2253 1830 fu-

680 1857 811 1909 roris
832 1856 940 1925 ejus
960 1856 1111 1909 ruina
1134 1856 1259 1924 ipsis
1288 1853 1476 1920 (Eccli.
1506 1856 1557 1909 l.
1579 1854 1674 1925 28)
1697 1871 1710 1918 ;
1743 1864 1796 1908 et
1817 1894 1832 1918 ,
1866 1853 1953 1907 Vir
1981 1854 2256 1907 iracundus

680 1961 779 1999 non
807 1946 1059 1999 modestus
1077 1944 1270 2014 (Prov.
1304 1946 1391 1999 li.
1410 1945 1527 2014 25),
1560 1956 1612 1999 et
1634 1945 1824 1999 similia
1853 1963 1867 2009 ;
1892 1946 2080 1999 iterum
2104 1960 2251 2010 vero,

684 2036 774 2089 Vir
803 2037 1061 2106 linguosus
1085 2055 1186 2091 non
1211 2037 1453 2107 dirigetur
1491 2035 1658 2107 (l’sal.
1695 2036 1815 2091 l39.
1847 2037 1933 2106 12)
1965 2055 1979 2099 ;
2012 2052 2252 2091 rursum-

675 2144 778 2196 que
795 2128 1058 2194 Christus,
1086 2128 1188 2194 Qui
1209 2130 1443 2182 irascitur
1463 2129 1612 2199 fratri
1634 2144 1726 2181 suo
1743 2130 1849 2181 sine
1862 2144 2015 2181 causa
2037 2127 2250 2195 (Matth.

662 2221 730 2275 νδ.
753 2218 869 2289 2‘2);
900 2220 1197 2291 iterumque
1225 2220 1482 2289 propheta
1506 2261 1521 2285 ,
1548 2217 1854 2280 Irascimini,
1888 2230 1934 2271 et
1958 2219 2111 2272 nolite
2141 2234 2254 2287 pec-

663 2329 790 2365 .rare
810 2310 978 2385 (Psal.
1001 2313 1054 2367 ὁ.
1082 2313 1138 2383 5)
1160 2328 1175 2378 ;
1203 2324 1278 2377 et,
1308 2311 1613 2366 Malediclus
1634 2316 1777 2383 {uror
1792 2328 1983 2374 eorum,
2007 2315 2123 2381 quia
2144 2329 2257 2381 per-

659 2405 818 2458 tinax
862 2404 881 2477 (
912 2403 1038 2458 Cen.
1058 2405 1149 2461 49.
1180 2404 1211 2457 7
1240 2404 1281 2475 ).
1319 2403 1374 2459 In
1407 2405 1642 2459 historiis
1673 2419 1802 2459 vero
1824 2446 1837 2467 ,
1872 2414 1929 2457 ut
1951 2419 2072 2457 cum
2103 2404 2253 2457 audis

678 2496 1007 2551 Pharaonem
1036 2498 1112 2552 ira
1144 2512 1331 2567 magna
1363 2499 1656 2562 incensum,
1688 2496 1919 2565 itemque
1950 2497 2248 2565 Assyrium,

672 2589 760 2657 qui
792 2588 888 2643 hac
909 2588 1158 2643 de-causa
1186 2588 1479 2658 perierunt.
1505 2587 1733 2641 Rursum
1760 2588 1846 2657 qui
1878 2602 2061 2640 amore
2089 2601 2251 2655 pecu-

675 2681 774 2733 nia:
815 2690 1000 2749 captus
1047 2688 1130 2733 est
1161 2719 1177 2742 ,
1247 2679 1427 2733 audiat
1458 2698 1470 2733 :
1502 2678 1651 2732 Nihil
1688 2696 1841 2732 avaro
1882 2680 2102 2749 iniquius
2129 2695 2146 2732 :
2171 2679 2251 2732 hic

674 2772 813 2824 enim
845 2782 890 2825 et
917 2772 1138 2823 animam
1165 2787 1309 2824 suam
1340 2771 1564 2825 venalem
1580 2770 1783 2824 exhibet
1814 2771 1997 2841 (Eccli.
2031 2771 2117 2826 lO.
2151 2770 2204 2839 9)
2234 2787 2247 2834 ;

674 2872 725 2916 et
750 2861 957 2916 Christo
985 2860 1237 2916 dicente:
1273 2860 1394 2914 Non
1444 2863 1646 2930 potestis
1686 2860 1796 2915 Deo
1824 2864 2008 2916 servire
2050 2872 2095 2918 et
2143 2879 2251 2914 ma-

672 2970 834 3005 mona:
872 2954 888 3021 (
921 2952 1105 3006 Matth.
1153 2953 1205 3006 6.
1243 2951 1345 3022 24)
1370 2969 1384 3015 ;
1414 2953 1731 3021 ctApostolo
1762 2995 1777 3019 ,
1820 2953 1991 3007 Radix
2026 2957 2248 3008 omnium

664 3045 917 3097 tutelarum
940 3054 1011 3097 est
1038 3043 1248 3097 avaritia
1272 3045 1317 3110 (l
1334 3083 1347 3095 .
1369 3042 1500 3096 Tim.
1523 3042 1575 3097 6.
1599 3044 1708 3113 l0);
1737 3054 1787 3098 et
1810 3045 2085 3113 propheta,
2108 3045 2250 3099 Divi-

671 3138 757 3190 (ἕω
776 3138 815 3190 si
838 3136 1041 3203 aﬁluant
1059 3176 1072 3199 ,
1096 3135 1250 3189 nolite
1271 3152 1356 3189 cor
1374 3134 1808 3206 apponere(Psal.
1834 3136 1921 3191 Gl.
1944 3137 2034 3208 10)
2061 3180 2075 3202 ,
2101 3139 2243 3191 mul-

674 3238 831 3297 taque
851 3227 951 3281 alia
978 3227 1190 3282 similia.
1210 3226 1287 3281 Ex
1322 3227 1577 3288 historiis.
1598 3226 1802 3281 habetis
1824 3228 1966 3282 Giezi
1992 3271 2003 3291 ,
2035 3228 2243 3293 Judam,

674 3320 937 3389 principes
970 3320 1261 3374 scribarum
1292 3362 1306 3382 ,
1337 3330 1390 3374 et
1437 3320 1575 3390 quod
1620 3319 1763 3373 Dona
1798 3333 2048 3375 excwcant
2077 3323 2247 3376 oculos

671 3414 974 3483 sapientium
1013 3413 1204 3487 (Exod.
1232 3414 1322 3468 25.
1345 3416 1399 3469 8.
1428 3413 1579 3468 Deut.
1604 3415 1807 3483 l6.l9).
1856 3416 2007 3469 Alius
2053 3425 2135 3469 est
2150 3431 2248 3469 .su-

677 3505 915 3573 perbus?
940 3506 1129 3561 Audiat
1158 3506 1286 3561 illud
1308 3549 1323 3571 ,
1360 3506 1494 3559 Deus
1519 3509 1747 3575 superbis
1767 3509 1950 3562 resistit
1980 3507 2159 3579 (Prov.
2190 3510 2243 3565 ὅ.

656 3599 758 3669 ,54)
778 3609 890 3664 ret,
924 3594 1243 3670 Principium
1263 3601 1511 3669 superbiae
1526 3612 1781 3669 peccatum
1806 3600 1989 3672 (Eccli.
2016 3601 2100 3655 lO.
2136 3602 2244 3669 l4);

666 3700 743 3757 et,
761 3690 943 3746 Omnis
957 3692 1184 3746 sublimis
1200 3692 1350 3746 corde
1369 3693 1598 3759 impurus
1618 3692 1755 3761 apud
1778 3690 2047 3745 Dominum
2066 3693 2244 3762 (Prov.

667 3778 846 3852 16.5).
870 3782 934 3837 Et
951 3784 1002 3838 in
1020 3783 1252 3838 historiis
1278 3824 1293 3851 ,
1325 3784 1570 3855 respicite
1588 3783 1854 3838 diabolum
1871 3785 2109 3855 aliosque
2135 3801 2248 3839 om-

669 3886 785 3927 nes.
803 3871 857 3928 in
875 3889 1080 3929 summa
1099 3873 1225 3947 (non
1249 3876 1389 3929 enim
1413 3890 1693 3943 possumus
1718 3878 1892 3931 omnia
1920 3878 2243 3950 recensere),

667 3966 859 4035 singuli
877 3981 1094 4021 suorum
1112 3965 1384 4021 vulnerum
1410 3968 1692 4038 pharmaca
1713 3985 1777 4024 ex
1802 3969 2090 4041 Scripturis
2112 3972 2247 4025 divi-

668 4059 749 4112 nis
765 4058 992 4129 deligant
1008 4079 1020 4113 :
1038 4070 1091 4116 et
1110 4062 1151 4114 si
1171 4076 1274 4115 non
1291 4070 1459 4116 totum
1478 4064 1653 4125 simul.
1672 4074 1871 4133 partem
1891 4081 2051 4120 unam
2069 4066 2244 4134 hodie,

668 4159 867 4217 partem
884 4152 1111 4206 crastina
1132 4152 1293 4218 die,et
1314 4154 1389 4208 sic
1406 4156 1578 4208 omnia
1591 4155 1814 4214 abluite.
1841 4157 1907 4211 Et
1921 4158 2056 4213 circa
2080 4161 2246 4230 ι)ωηὶ-

667 4242 965 4307 tentiam,et
979 4244 1117 4298 circa
1139 4243 1692 4309 confessionem,circa
1710 4248 2126 4320 eleemosynam,
2145 4252 2246 4305 cir-

666 4349 727 4387 ca
745 4336 1364 4403 aaqnitatetn,castitatem
1384 4349 1682 4408 ceteraque
1700 4342 2145 4411 omnia,exempla
2166 4358 2248 4397 re-

670 4427 865 4494 peries.
892 4425 1017 4480 Ilazc
1042 4428 1236 4497 quippe
1261 4430 1427 4482 omnia
1454 4432 1641 4499 scripta
1661 4442 1777 4485 sunt
1799 4432 1867 4485 ad
1889 4434 2248 4487 institutionem

679 4528 908 4571 nostram
943 4516 1137 4586 (Rom.
1168 4520 1255 4575 15.
1281 4521 1315 4575 4
1340 4520 1380 4590 ).
1411 4522 1602 4590 inquit.
1628 4523 1684 4576 Si
1718 4523 1895 4593 itaque
1924 4525 1974 4578 in
2004 4525 2245 4580 admoni-

669 4614 864 4665 tionem
893 4621 1127 4667 nostram
1158 4613 1296 4667 circa
1339 4615 1515 4667 omnia
1545 4616 1759 4670 disserit
1788 4658 1801 4677 .
1826 4619 2162 4673 attendamus
2193 4630 2247 4675 ut

673 4718 766 4771 par
792 4712 893 4756 est.
923 4702 1057 4768 Quid
1090 4702 1286 4758 frustra
1337 4721 1433 4759 nos
1466 4706 1607 4775 ipsos
1637 4707 1935 4777 decipimus
1962 4710 1984 4762 7
2015 4711 2198 4765 Timeo
2228 4754 2241 4777 ,

671 4809 735 4846 ne
758 4792 826 4847 de
856 4794 1005 4847 nobis
1035 4794 1239 4849 dicatur
1274 4813 1287 4848 :
1318 4793 1622 4866 Defecerunt
1666 4799 1718 4851 in
1748 4801 1969 4853 vanitate
2012 4802 2117 4855 dies
2148 4820 2243 4856 no-

670 4884 793 4948 stri,
822 4893 867 4936 et
914 4886 1034 4937 anni
1076 4887 1233 4940 nostri
1281 4904 1394 4940 cum
1424 4890 1737 4959 festinatione
1762 4892 1781 4960 (
1810 4890 1953 4945 Psal.
1992 4893 2079 4946 67.
2106 4894 2173 4947 53
2198 4895 2240 4963 ).

671 4975 800 5041 Quis
830 4990 924 5029 nos
946 4975 1169 5030 audiens
1194 4978 1447 5033 abscessit
1473 4996 1500 5032 a
1532 4980 1754 5035 theatris
1783 4984 1804 5035 Υ
1832 4984 1949 5052 quis
1977 4984 2044 5038 ab
2065 4987 2238 5039 avari-

673 5070 743 5122 tia
775 5069 977 5123 destitit
1003 5069 1027 5122 ?
1056 5072 1173 5140 quis
1200 5071 1487 5127 ferventior
1518 5072 1689 5127 factus
1719 5086 1799 5129 est
1838 5076 1903 5129 ad
1948 5076 2243 5148 eleemosy-

672 5178 789 5216 nam
814 5162 837 5215 ?
866 5161 1065 5218 Vellem
1098 5165 1233 5218 scire
1253 5205 1267 5227 ,
1302 5181 1404 5218 non
1436 5180 1585 5219 vana:
1610 5167 1795 5235 gloria:
1822 5184 1986 5223 causa
2015 5212 2028 5228 .
2062 5171 2153 5225 secl
2189 5181 2244 5225 ut

668 5252 895 5307 alacrior
920 5254 1099 5308 fierem
1133 5296 1147 5319 ,
1176 5254 1361 5310 videns
1387 5258 1656 5327 egregium
1705 5258 1947 5313 laborum
1992 5260 2241 5316 fructum.

678 5346 826 5401 Nunc
870 5358 1046 5403 autem
1083 5350 1350 5415 quomodo
1376 5351 1525 5422 operi
1553 5366 1767 5405 manum
1797 5352 2091 5409 admovebo
2120 5397 2134 5419 ,
2170 5366 2240 5406 lnl

674 5438 928 5493 doctrina:
969 5440 1166 5494 imbres
1194 5440 1454 5495 demissos
1495 5442 1681 5498 videns
1704 5486 1717 5506 ,
1752 5453 1805 5498 et
1833 5456 2042 5514 segetes
2072 5447 2121 5497 iu
2152 5463 2241 5498 ca-

672 5531 791 5585 dem
818 5547 1063 5587 mensura
1098 5532 1249 5587 nobis
1269 5542 1570 5595 manentes,
1606 5550 1702 5589 nec
1724 5535 1955 5605 majores
1984 5552 2102 5591 esse
2132 5541 2243 5591 tru-

672 5632 789 5677 ctus
814 5621 839 5674 ἲ
865 5622 1080 5677 Demum
1130 5639 1269 5679 arcte
1312 5632 1522 5692 tempus
1562 5624 1714 5679 adest
1747 5668 1761 5690 ,
1802 5642 1911 5697 quo
1961 5629 2243 5682 adhibetur

671 5714 1047 5770 ventilabrum.
1072 5714 1277 5776 Timeo.
1303 5732 1368 5771 ne
1394 5726 1561 5771 totum
1593 5718 1663 5772 sit
1691 5716 1886 5771 fumum
1921 5735 1934 5772 ε
1967 5724 2145 5779 limen,
2177 5737 2241 5776 ne

672 5822 862 5861 omnes
890 5808 939 5860 in
967 5808 1231 5861 caminum
1263 5809 1627 5877 conjiciamur.
1660 5809 1923 5865 Prateriit
1946 5828 2127 5878 testas,
2151 5828 2238 5867 ve-

675 5899 752 5954 nit
797 5899 1009 5965 hiems;
1039 5898 1284 5955 sedemus
1314 5899 1535 5969 juvenes
1568 5912 1620 5956 et
1660 5917 1817 5959 senes
1845 5904 2071 5973 propriis
2100 5905 2236 5975 capti

1408 448 1463 503 S.
1504 443 1779 503 JOANNIS
1817 437 2292 499 CllRYSOSTOHI
2329 439 2645 495 ARClllEP.
2687 441 3217 501 CUNSTANTINOP.

2387 544 2546 610 vitiis.
2579 556 2656 612 Ne
2689 560 2816 613 mibi
2843 560 3008 620 dicas.
3026 560 3142 616 Non
3168 570 3392 616 scortor.
3416 560 3545 629 Quae
3574 562 3719 617 enim
3746 560 3966 619 utilitas.

2384 650 2427 699 si
2457 663 2560 701 non
2592 652 2847 704 scortaris
2876 652 3091 721 quidem
3122 694 3139 718 ,
3167 654 3260 707 sed
3288 671 3479 708 avarus
3509 658 3611 709 es?
3638 656 3830 711 Passer
3854 657 3963 710 etsi

2382 753 2486 792 non
2518 756 2581 793 ex
2613 742 2757 795 onmi
2794 753 2977 810 parte,
3013 744 3106 798 sed
3132 759 3161 797 a
3194 746 3327 813 pede
3355 756 3557 801 tantum
3590 757 3837 802 teneatur
3861 789 3878 812 ,
3905 760 3963 802 et

2380 831 2446 881 ita
2481 830 2652 898 perit,
2687 833 2737 885 iu
2766 834 2954 903 laqueo
2983 836 3223 891 irretitus
3244 878 3258 899 ,
3296 855 3393 893 nec
3422 851 3641 909 prosunt
3676 842 3778 893 ala:
3804 851 3967 907 capto

2377 920 2528 985 pede.
2576 923 2661 976 Sic
2699 934 2752 976 et
2795 933 2846 977 tu
2877 964 2892 989 ,
2927 940 3033 979 non
3065 939 3255 996 captus
3283 944 3341 983 es
3376 946 3469 999 per
3498 930 3909 985 fornicationem
3948 974 3965 998 ,

2374 1012 2466 1064 sed
2490 1024 2676 1082 captus
2695 1018 2919 1072 avaritia
2946 1038 2958 1072 :
2988 1028 3174 1088 captus
3195 1032 3341 1075 certe
3363 1039 3423 1077 es
3447 1042 3461 1088 ;
3487 1040 3657 1095 neque
3678 1028 3962 1095 qumritur.

2373 1106 2646 1173 quomodo
2680 1118 2869 1177 captus
2905 1111 2979 1164 sis
3000 1152 3015 1175 ,
3045 1112 3137 1166 sed
3186 1113 3327 1182 quod
3359 1127 3546 1182 captus
3577 1118 3671 1171 sis.
3700 1115 3777 1170 Ne
3814 1118 3965 1171 dicat

2366 1195 2578 1263 juvenis
2609 1214 2623 1251 :
2656 1214 2758 1252 non
2809 1216 2926 1255 sum
2959 1218 3152 1257 avarus
3190 1222 3204 1268 ;
3246 1205 3339 1259 sed
3381 1206 3519 1262 forte
3560 1208 3861 1265 fornicaris.
3894 1209 3964 1264 Et

2369 1300 2487 1353 qua:
2532 1288 2778 1343 utilitas?
2807 1290 2921 1345 Non
2966 1304 3189 1362 possunt
3218 1296 3357 1348 enim
3396 1300 3572 1352 omnia
3607 1303 3731 1353 vitia
3765 1300 3817 1353 in
3850 1316 3959 1354 una

2367 1388 2522 1432 :etate
2540 1382 2759 1450 reperiri
2789 1424 2803 1445 ,
2842 1384 2937 1437 sed
2968 1386 3199 1441 discreta
3237 1388 3322 1441 illa
3362 1402 3517 1451 sunt,
3553 1392 3710 1461 idque
3735 1410 3830 1459 per
3864 1393 3958 1449 Dei

2368 1469 2768 1541 benignitatem,
2800 1491 2868 1530 ne
2888 1478 2931 1531 si
2952 1479 3109 1532 simul
3135 1481 3410 1549 invadant,
3428 1488 3665 1553 superari
3686 1498 3961 1555 nequeant

2365 1574 2419 1617 et
2447 1566 2660 1634 gravius
2692 1568 2844 1623 nobis
2875 1581 3143 1626 certamen
3176 1575 3511 1629 exhibentur.
3542 1578 3766 1643 Quanta:
3798 1581 3958 1648 igua-

2364 1658 2463 1711 vi:e
2490 1676 2593 1713 non
2636 1661 2808 1725 fuerit,
2845 1679 2909 1717 ne
2938 1676 3183 1733 separata
3223 1668 3437 1738 quidem
3484 1672 3608 1723 vitia
3643 1688 3799 1739 posse
3830 1675 3957 1726 viu-

2363 1763 2505 1813 oue,
2539 1752 2630 1805 sed
2662 1768 2756 1819 per
2781 1754 3016 1825 singulas
3044 1767 3232 1812 aetates
3263 1759 3400 1813 vinci
3424 1804 3437 1823 ,
3464 1772 3623 1831 atque
3652 1765 3820 1817 altum
3857 1780 3955 1818 sa-

2363 1857 2489 1911 pere
2520 1844 2570 1895 in
2600 1844 2663 1896 iis
2692 1887 2705 1909 ,
2740 1862 2857 1913 qnze
2892 1863 2995 1901 non
3034 1865 3097 1903 ex
3142 1861 3325 1906 nostro
3356 1853 3565 1915 studio.
3601 1854 3694 1908 sed
3728 1871 3790 1909 ex
3823 1857 3949 1924 ipsa

2360 1942 2514 1987 aetate
2536 1937 2812 2004 sapiuutnr
2833 1938 2855 1990 ?
2878 1938 2993 1993 Non
3024 1941 3212 1996 videtis
3233 1945 3467 2014 aurigas,
3492 1957 3687 2015 quanta
3716 1948 3952 2015 diligen-

2362 2026 2429 2077 tia
2453 2037 2504 2079 et
2531 2030 2915 2085 exercitatione
2942 2074 2955 2094 ,
2978 2038 3189 2102 quantis
3222 2035 3495 2092 laboribus
3523 2049 3744 2093 utuntur
3768 2083 3781 2103 ,
3815 2054 3955 2109 quot

2358 2117 2491 2169 cibis
2530 2118 2755 2189 aliisque
2796 2125 3047 2179 omnibus
3072 2166 3084 2184 .
3118 2138 3176 2179 ut
3206 2143 3273 2181 ne
3300 2127 3619 2195 dejieiantur
3646 2131 3712 2187 de
3741 2148 3905 2185 curru
3931 2136 3954 2188 ?

2361 2208 2492 2265 Vide
2517 2223 2710 2281 quanta
2741 2215 2810 2267 sit
2837 2230 2947 2269 ars.
2972 2216 3104 2272 Nam
3137 2222 3217 2273 vir
3254 2222 3504 2277 robustus
3536 2241 3601 2276 ne
3631 2242 3793 2278 unum
3825 2229 3950 2295 qui.

2358 2301 2478 2357 dem
2501 2319 2693 2373 equum
2722 2320 2864 2375 saspe
2893 2308 3159 2363 moderari
3193 2313 3355 2380 possit
3380 2330 3393 2375 ;
3421 2314 3545 2368 dum
3569 2316 3952 2371 adolescentu-

2359 2393 2441 2446 lus
2478 2404 2592 2448 arte
2625 2407 2780 2449 utens
2806 2440 2819 2460 ,
2862 2397 2997 2452 duos
3043 2398 3200 2456 facile
3246 2404 3559 2457 moderatur
3592 2417 3643 2460 et
3673 2407 3843 2463 ducit.
3882 2410 3951 2463 Et

2355 2485 2493 2552 apud
2524 2486 2681 2541 ludos
2709 2488 2897 2555 ingens
2922 2490 3006 2543 illa
3029 2502 3082 2545 et
3105 2491 3455 2549 formidabilis
3482 2496 3655 2551 bellua
3684 2499 3949 2568 elephan-

2356 2586 2440 2631 tus
2466 2593 2636 2646 puero
2662 2582 2963 2649 quindecim
2996 2600 3255 2637 annorum
3288 2602 3409 2639 cum
3445 2605 3631 2658 magna
3661 2592 3949 2646 alacritate

2354 2669 2549 2724 cedere
2575 2670 2789 2725 dicitur.
2815 2672 2922 2727 Cur
2948 2675 3062 2727 hu-c
3090 2691 3120 2729 a
3146 2694 3229 2730 me
3250 2676 3388 2731 dicta
3421 2681 3581 2733 smn?
3610 2666 3810 2748 Quia'si
3835 2687 3952 2739 cle-

2357 2760 2582 2829 pbantas
2629 2773 2681 2818 et
2728 2780 2897 2834 equos
2948 2768 3089 2822 feros
3138 2769 3316 2822 studio
3364 2781 3420 2824 et
3463 2782 3578 2825 arte
3622 2775 3946 2839 domamus;

2355 2854 2520 2905 tuulto
2548 2856 2716 2923 magis
2748 2856 2972 2911 allectus
3003 2871 3235 2922 nostros,
3258 2861 3348 2930 qui
3383 2863 3433 2915 in
3465 2864 3617 2917 nobis
3643 2876 3800 2929 sunt,
3826 2868 3950 2921 vin-

2353 2960 2553 3000 cemus.
2590 2948 2870 3004 Undenam
2900 2953 3221 3006 resolvimur
3246 2970 3340 3021 per
3364 2965 3523 3009 totam
3549 2964 3707 3011 vitam
3730 2960 3753 3012 ?
3775 2960 3949 3015 Num-

2352 3053 2507 3106 quam
2531 3049 2697 3094 artem
2722 3041 2863 3095 illam
2888 3045 3191 3098 curavimus
3212 3064 3222 3097 :
3245 3062 3531 3114 numquam
3555 3050 3647 3103 otii
3673 3062 3943 3120 tempore,

2352 3143 2381 3180 a
2405 3133 2694 3186 certamine
2718 3144 2989 3201 vacantes,
3018 3136 3157 3205 apud
3185 3153 3283 3192 nos
3305 3138 3656 3196 disseruimus
3678 3144 3943 3213 quidnam

2353 3222 2483 3276 utile
2510 3224 2598 3277 sit.
2630 3222 2778 3279 Tunc
2804 3242 2900 3281 nos
2931 3228 2982 3281 in
3012 3244 3173 3283 curru
3203 3240 3407 3287 stantes
3434 3235 3555 3303 quis
3576 3234 3747 3290 videat
3767 3278 3782 3300 ,
3811 3251 3943 3293 cum

2352 3324 2619 3369 certamen
2662 3318 2825 3373 instat
2856 3339 2869 3373 :
2905 3320 3024 3375 ideo
3075 3322 3280 3379 ridiculi
3308 3341 3511 3380 sumus.
3559 3330 3748 3382 Annon
3792 3346 3947 3402 su'pe

2352 3404 2457 3459 dixi
2493 3426 2505 3460 :
2541 3407 2904 3465 Exerceamur
2924 3426 3042 3467 cum
3066 3415 3377 3470 domesticis
3399 3426 3523 3473 ante
3546 3421 3898 3477 teutatinnem
3923 3424 3948 3476 τ

2351 3499 2623 3555 Adversus
2653 3519 2847 3572 pueros
2874 3520 3017 3575 saepe
3043 3506 3187 3561 domi
3210 3523 3596 3579 exasperamur
3625 3531 3637 3566 :
3671 3513 3775 3568 illic
3802 3517 3946 3570 iram

2351 3591 2633 3659 sedemus,
2664 3604 2722 3648 ut
2754 3596 2839 3650 illa
2871 3598 3007 3667 apud
3035 3599 3235 3654 amicos
3262 3600 3517 3657 facilitate
3560 3605 3639 3658 usi
3670 3620 3947 3675 apparea-

2351 3698 2491 3738 mus.
2536 3685 2590 3740 In
2621 3686 2740 3741 aliis
2780 3704 2992 3760 quoque
3022 3693 3270 3747 omnibus
3301 3696 3344 3749 si
3377 3710 3756 3755 exercerentur
3779 3740 3793 3763 ,
3827 3682 3945 3756 non

2352 3778 2534 3848 utique
2566 3780 2617 3833 in
2650 3782 3034 3837 certaminibus
3066 3785 3274 3841 ridiculi
3295 3802 3561 3843 essemus.
3586 3790 3735 3844 Nunc
3753 3804 3945 3849 autem

2352 3884 2497 3923 arma
2529 3872 2742 3939 quidem
2771 3885 2931 3937 sunt,
2966 3877 3222 3930 exercitia
3259 3888 3311 3932 et
3350 3880 3523 3933 studia
3560 3883 3608 3933 in
3641 3884 3850 3939 artibus
3882 3898 3942 3940 et

2352 3962 2730 4016 certaminibus
2756 3979 2769 4026 ;
2803 3963 2853 4017 in
2884 3964 3079 4019 virtute
3111 3967 3349 4022 miniate.
3392 3968 3507 4024 Non
3535 3972 3755 4027 auderet
3782 3980 3942 4045 agri-

2352 4050 2466 4105 cola
2498 4053 2703 4107 vineam
2726 4056 2962 4124 aggredi,
2992 4059 3092 4111 nisi
3120 4060 3262 4126 prius
3285 4070 3430 4115 recte
3459 4063 3511 4115 iu
3537 4065 3743 4119 cultura
3772 4082 3949 4122 exer-

2351 4143 2578 4208 citatus;
2611 4160 2781 4215 neque
2813 4149 3136 4216 gubernatur
3176 4151 3241 4205 ad
3287 4154 3648 4222 gubernacula
3693 4158 3894 4216 sedere
3926 4204 3943 4225 ,

2352 4252 2456 4290 non
2486 4247 2608 4292 ante
2636 4240 2799 4306 probe
2820 4243 3143 4298 exercitatus
3178 4263 3189 4296 :
3224 4262 3327 4297 non
3356 4262 3483 4301 vero
3527 4248 3785 4319 inexperti
3810 4268 3949 4309 cum

2352 4330 2517 4383 simus
2543 4372 2557 4393 ,
2601 4332 2802 4399 primas
2840 4342 3023 4387 tenere
3066 4336 3330 4390 volumus.
3381 4337 3664 4405 Oporteret
3708 4353 3895 4399 tacere
3928 4390 3944 4409 ,

2352 4432 2625 4491 oporteret
2668 4438 2787 4477 cum
2831 4427 2977 4479 nullo
3016 4430 3417 4484 communicare
3460 4433 3541 4485 vel
3587 4435 3801 4503 negotio
3856 4440 3945 4491 vel

2352 4531 2601 4571 sermone
2624 4560 2637 4581 ,
2664 4517 2836 4572 donec
2869 4534 3149 4588 possemus
3177 4521 3342 4576 feram
3371 4565 3386 4587 ,
3412 4540 3532 4594 qua:
3561 4527 3611 4579 in
3645 4529 3798 4582 nobis
3828 4544 3945 4595 est,

3866 441 3971 497 220

2351 4614 2606 4667 cicurare.
2654 4614 2847 4667 Annon
2896 4614 3006 4667 fera
3044 4618 3188 4669 omni
3237 4615 3467 4671 ferocior
3511 4618 3793 4674 adversum
3839 4641 3949 4678 nus
4038 4650 4039 4663 ι

2352 4712 2587 4773 pugnant
2628 4713 2679 4757 et
2724 4703 2872 4759 furor
2915 4715 2969 4761 et
3011 4708 3490 4775 concupiscentia?
3537 4710 3613 4765 Ne
3659 4713 3710 4766 in
3758 4714 3946 4769 forum
4037 4706 4039 4754 Ῐ

2354 4812 2543 4866 pergas
2576 4811 2694 4851 eum
2731 4797 2879 4851 hisce
2922 4797 3045 4851 feris
3068 4838 3081 4859 .
3114 4799 3286 4853 donec
3316 4800 3420 4853 illis
3445 4803 3653 4857 fletuum
3685 4818 3808 4874 apte
3838 4808 3951 4863 im-
4038 4818 4039 4845 ξ

2352 4888 2581 4943 miseris.
2606 4886 2775 4941 donec
2819 4888 2937 4941 illas
2976 4889 3319 4959 cicuraveris.
3355 4890 3466 4946 Non
3499 4894 3646 4948 vides
3676 4896 3807 4951 isws
3843 4898 3949 4951 llo—

2352 4980 2544 5041 mines,
2564 4979 2650 5047 qui
2675 4989 2982 5033 mansuetos
3006 4980 3185 5034 leones
3204 4998 3295 5050 per
3312 4983 3479 5038 forum
3503 4986 3944 5057 circumducunt,

2352 5085 2605 5140 quantum
2632 5072 2907 5128 lucrentur
2934 5084 2987 5126 et
3017 5073 3067 5126 in
3097 5074 3445 5130 admiratione
3467 5079 3575 5132 sint
3600 5121 3613 5142 ,
3645 5082 3768 5149 quia
3802 5082 3949 5140 im-

4020 4880 4039 4953 ii

4024 5136 4039 5164 Vt

2353 5165 2587 5219 tionabili
2634 5165 2762 5219 fera:
2811 5176 3010 5218 tantam
3057 5167 3519 5223 mansuetudinem
3568 5165 4039 5256 indidereisﬁz

2350 5269 2476 5310 vero
2508 5265 2727 5325 repente
2771 5256 2994 5311 ferociat
3026 5256 3111 5311 leo
3140 5299 3155 5321 ,
3201 5274 3390 5313 omnes
3418 5260 3507 5329 qui
3552 5261 3602 5314 in
3648 5261 3773 5319 foro
3811 5269 3959 5325 suae

2350 5351 2533 5417 abigit,
2567 5358 2621 5402 et
2650 5348 2839 5403 ductor
2869 5348 2984 5415 ejus
3013 5350 3347 5417 periclitatur
3376 5392 3391 5415 ,
3421 5350 3645 5421 aliisque
3674 5370 3809 5424 pern

2348 5456 2503 5493 (ηυδε
2533 5456 2635 5495 est.
2669 5438 2735 5492 Et
2776 5440 2829 5492 tu
2858 5454 2985 5509 ergo
3014 5442 3222 5495 leonem
3258 5442 3402 5510 prius
3432 5443 3609 5498 cicura
3645 5485 3659 5507 .
3697 5456 3877 5525 tuucqt

2348 5533 2655 5587 circumduc
2684 5533 2830 5586 illum
2858 5550 2871 5595 ;
2903 5550 3006 5589 nou
3040 5544 3097 5588 ut
3137 5536 3414 5603 pecuniam
3446 5539 3679 5605 accipias
3703 5542 3859 5604 ,ωτι

2349 5626 2551 5681 lucrum
2583 5623 2791 5679 referas
2817 5666 2830 5689 ,
2860 5627 2944 5680 cui
2977 5641 3071 5695 par
3101 5627 3305 5681 nullum
3337 5640 3441 5683 est.
3484 5629 3626 5685 Nihil
3661 5634 3839 5691 enim;

2355 5916 2473 5956 mus
2502 5909 2711 5955 \‘ll‘ltlllS
2742 5901 2875 5955 viam
2906 5914 3151 5957 accurate
3181 5905 3420 5973 emensi,
3448 5917 3648 5961 acterna

3814 5350 4039 5641 ’ἳᾱ

3810 5464 3877 5525 ul
3988 5468 4039 5525 δε

3810 5542 3859 5637 ad
3944 5554 4035 5641 _'s

3816 5641 3907 5731 Ζ,
3936 5641 4003 5731 ῗγ
