4082 6540
150 488 239 542 ιιι)

146 605 283 659 ἄλλου
307 605 610 674 τεκμήριόν
635 605 805 668 ἐστιν,
834 605 868 675 ῆ
914 603 1007 657 τοῦ
1056 602 1123 654 τὰ
1157 600 1401 673 ὑμέτερα
1455 598 1532 670 μὴ
1586 595 1794 666 σφόδρα

146 691 418 744 διακεῖσθαι
447 692 719 762 ἀκριϐῶς.

204 779 260 831 Τί
282 775 371 832 οὖν
402 780 468 834 ἂν
497 783 742 849 γένοιτο;
772 781 832 833 ού
862 779 972 850 γὰρ
999 778 1253 847 ἐγκαλεῖν
1279 776 1360 829 δεῖ
1382 775 1564 847 μόνον.
1607 773 1794 840 Παρασ-

147 868 273 919 καλῶ
302 869 395 922 καὶ
419 869 612 938 δέομαι
644 869 717 939 μὴ
739 869 895 922 τοῦτο
927 867 1090 937 μόνον
1117 865 1280 937 ὁρᾷν,
1310 865 1460 927 ὅπως
1483 865 1562 925 εἰς
1590 858 1792 927 ἐκκλη-

147 957 246 1008 σίαν
270 957 596 1027 ἐμϐάλλητε,
632 957 746 1009 ἀλλ’
780 958 928 1018 ὅπως
955 957 1124 1008 τικαὶ
1150 954 1410 1016 λαϐόντες
1447 949 1632 1004 οῐκαδε
1666 949 1803 1000 ἀνα-

145 1045 335 1114 χωρῆτε
382 1045 493 1096 τῶν
532 1044 750 1097 οἰκείων
789 1044 1080 1113 φάρμακον
1132 1041 1360 1104 παθῶν,
1415 1039 1520 1093 κᾶν
1571 1036 1646 1108 μὴ
1673 1033 1804 1106 παρ’

145 1130 301 1199 ἡμῶν,
333 1131 470 1185 ἀλλά
499 1131 650 1202 παρὰ
694 1130 804 1183 τῶν
860 1130 1092 1202 Γραφῶν
1156 1129 1317 1199 ἔχητε
1367 1127 1440 1180 τά
1490 1123 1806 1194 κατάλληλα

148 1220 413 1289 φάρμακα.
441 1212 589 1282 Οίον,
616 1217 733 1271 ἐστι
763 1235 847 1281 τις
877 1217 1138 1287 θυμικὸς;
1176 1214 1504 1287 Προσεχέτω
1531 1202 1653 1288 ταῖς
1697 1210 1808 1264 τῶν

146 1306 356 1376 Γραφῶν
384 1303 751 1374 ἀναγνώσεσι,
787 1306 882 1358 καὶ
909 1304 1127 1366 πάντως
1168 1304 1395 1374 εὑρήσει
1425 1301 1458 1371 ἦ
1509 1303 1567 1353 ἐν
1597 1297 1810 1370 ἱστορίᾳ

145 1395 172 1462 ἢ
199 1394 511 1464 παραινέσει
543 1409 558 1424 ο
583 1395 641 1446 ἐν
666 1393 991 1465 παραινέσει
1015 1391 1138 1461 μὲν,
1166 1392 1294 1445 ὅταν
1325 1391 1575 1460 λέγηται,
1611 1387 1682 1441 Ἠ
1699 1388 1808 1454 ῥο-

146 1479 217 1545 πὴ
237 1480 336 1533 τοῦ
366 1479 562 1548 θυμοῦ
587 1479 774 1534 αὐτοῦ
800 1477 1031 1544 πτῶσις
1057 1475 1220 1542 αὐτῷ
1245 1494 1260 1509 ·
1313 1478 1429 1540 καὶ,
1482 1476 1661 1542 Ἀνὴρ
1705 1476 1810 1527 θυ-

141 1567 449 1634 μώδης-οὑκ
473 1567 818 1636 εὐσχήμων,
845 1567 943 1620 καὶ
1001 1568 1102 1619 ὃσα
1149 1564 1376 1618 τοιαῦτα
1403 1582 1419 1595 ο
1476 1563 1572 1615 καὶ
1624 1560 1810 1623 πάλιν,

159 1655 314 1724 Ἀνὴρ
341 1656 712 1724 γλωσσὼδης
756 1659 828 1712 οὐ
859 1653 1414 1720 κατευθυνθήσεται
1436 1670 1449 1682 ο
1497 1652 1590 1703 καὶ
1615 1651 1644 1701 ὁ
1679 1649 1813 1718 Χρι-

149 1741 256 1805 στὸς
283 1742 468 1804 πάλιν,
505 1743 566 1796 '0
588 1742 961 1812 ὀργιζόμενος
988 1740 1068 1806 τῷ
1101 1736 1343 1809 ἀδελφῷ
1379 1739 1567 1794 αὐτοῦ
1625 1735 1760 1803 εικῆ
1795 1752 1809 1766 °

147 1831 228 1883 καὶ
245 1831 402 1884 πάλιν
430 1835 460 1885 6
490 1834 793 1902 προφήτης,
820 1829 1168 1900 Ὀργίζεσθε,
1195 1828 1397 1897 καὶμὴ
1417 1825 1806 1895 ἁμαρτάνετε·

146 1920 244 1981 καὶ,
281 1920 742 1988 Ἐπικατάρατος
763 1922 795 1973 ό
822 1905 1006 1987 θυμὸς
1030 1916 1250 1981 αὐτῶν,
1288 1916 1379 1969 ὅτι
1410 1903 1698 1980 αὐθάδης,
1720 1912 1812 1964 Ἐν

145 2005 195 2060 δὲ
229 2007 510 2078 ἱστορίαις,
543 2002 656 2060 οἷον
693 2008 824 2060 ὅταν
854 2005 1061 2076 ἀκούῃς
1093 2005 1186 2058 τὸν
1213 2004 1417 2075 Φαραὼ
1460 2003 1661 2072 πολλῆς
1714 2002 1814 2069 ἐμ-

148 2095 519 2165 πεπλησμένον
547 2095 742 2165 ὀργῆς,
772 2096 868 2148 καὶ
908 2094 1000 2147 τὸν
1031 2093 1350 2163 Ἀσσύριον,
1388 2095 1484 2146 καὶ
1515 2091 1603 2144 διά
1657 2087 1815 2141 τοῦτο

145 2183 556 2252 ἀπολλυμένους.
609 2182 779 2236 Πάλιν
808 2182 924 2235 ἐστι
985 2199 1069 2243 τις
1105 2179 1418 2252 ἡττώμενος
1468 2177 1811 2249 χρημάτων;

145 2271 392 2336 ἀκουέτω,
411 2272 497 2326 ὅτι
527 2273 902 2339 Φιλαργύρου
943 2269 1129 2324 οὐδὲν
1163 2268 1540 2338 ἀνομώτερον
1566 2284 1579 2296 ·
1638 2262 1820 2330 οὗτος

144 2360 242 2430 γὰρ
267 2360 363 2414 καὶ
399 2362 520 2428 τὴν
549 2360 764 2430 ψυχὴν
795 2360 983 2414 αὐτοῦ
1025 2373 1050 2399 α
1086 2359 1432 2426 ἕκπριικτον
1465 2355 1628 2408 ποιεῖ
1649 2372 1661 2385 ο
1723 2356 1818 2407 καὶ

145 2447 226 2500 τοῦ
257 2449 495 2520 Χριστοῦ
525 2449 794 2516 λέγοντος,
818 2451 900 2500 Οὐ
923 2448 1191 2501 δύνασθε
1228 2444 1349 2510 Θεῷ
1379 2444 1700 2498 δουλεύειν
1719 2443 1818 2496 καὶ

145 2531 378 2601 μαμωνᾷ
405 2551 420 2563 ·
457 2534 552 2585 καὶ
579 2531 673 2586 τοῦ
715 2531 1070 2594 Ἀποο-τόλου,
1103 2531 1234 2582 ’Ὅτι
1258 2528 1392 2598 ῥίζα
1425 2528 1668 2580 πάντων
1700 2524 1823 2579 τῶν

147 2613 337 2668 κακῶν
360 2617 536 2669 ἐστιν
554 2616 593 2682 ἠ
622 2615 985 2685 φιλαργυρία
1004 2632 1018 2644 ·
1048 2614 1145 2667 καὶ
1167 2612 1262 2665 τοῦ
1299 2612 1600 2681 προφήτου,
1629 2609 1822 2662 Πλοῦ-

147 2713 236 2762 τος
295 2698 408 2752 ἐὰν
447 2697 590 2767 ῥέῃ,
633 2696 720 2766 μὴ
778 2697 1180 2766 προστίθεσθε
1213 2695 1494 2762 καρδίαν,
1523 2691 1824 2746 καὶπολλὰ

146 2786 296 2856 ἕτερα
323 2786 574 2842 τοιαῦτα.
605 2788 713 2839 Καὶ
746 2787 854 2839 ἀπὸ
881 2785 1134 2856 ἱστοριῶν
1157 2785 1248 2838 τὸν
1267 2783 1452 2853 Γιεζῆ,
1485 2783 1577 2835 τὸν
1596 2781 1825 2844 Ἰούδαν,

146 2874 261 2935 τοὺς
296 2875 567 2944 ἄρχοντας
589 2873 700 2926 τῶν
735 2873 1141 2944 Γραμματέων,
1174 2871 1269 2924 καὶ
1315 2872 1397 2924 ὅτι
1448 2869 1613 2937 Δῶρα
1654 2870 1825 2922 ἐκτυ-

147 2959 282 3026 52.102
306 2960 661 3028 ὀφθαλμοὺς
693 2960 925 3029 σοφῶν.
963 2959 1158 3023 Ἀλλος
1224 2960 1377 3012 ἐστὶν
1435 2957 1823 3028 ύπερήφανος;

160 3046 441 3110 ’Δκουέτω,
486 3049 570 3101 ὅτι
609 3048 1053 3116 ’Υπερηςρὰνοις
1103 3046 1532 3101 ἀντιτάσσεται
1568 3048 1600 3098 ό
1636 3045 1780 3110 Θεός
1809 3061 1824 3074 ο

150 3133 252 3193 καὶ,
276 3131 459 3201 Ἀρχὴ
494 3133 918 3201 ὑπερηφανίας
945 3132 1203 3201 ἁμαρτία
1222 3148 1236 3162 ο
1266 3130 1384 3194 καὶ,
1432 3126 1560 3195 Πᾶς
1603 3131 1829 3196 ὑψηλο-

151 3217 384 3286 κάρδιος
413 3218 751 3287 ἀκάθαρτος
781 3220 940 3288 παρὰ
971 3219 1183 3287 Κυρίῳ.
1216 3218 1327 3271 Καὶ
1357 3219 1414 3270 ἐν
1438 3216 1703 3287 ἱστορίαις
1736 3215 1828 3268 τὸν

147 3306 404 3374 διάϐολον,
435 3309 528 3361 καὶ
564 3309 690 3370 τοὺς
723 3308 916 3370 ἀλλους
945 3307 1213 3370 ἅπαντας.
1269 3306 1377 3358 Καὶ
1420 3305 1557 3367 ὅλως
1603 3303 1685 3374 (οὐ
1719 3305 1829 3374 γὰρ

154 3393 224 3449 ενι
245 3397 424 3451 πάντα
454 3396 796 3466 καταλέγειν)
827 3396 1060 3461 ⁸ἕκαστος
1096 3395 1206 3449 τῶν
1239 3394 1457 3450 οἰκείων
1501 3393 1830 3467 τραυμάτων

154 3483 216 3537 τὰ
240 3486 512 3558 φάρμακα
537 3487 645 3539 ἀπὸ
663 3486 774 3538 τῶν
801 3484 961 3539 θείων
998 3485 1232 3556 Γραφῶν
1259 3484 1570 3556 ἐκλεγέτως
1604 3483 1705 3536 κᾶν
1755 3483 1831 3554 μὴ

155 3574 210 3625 τὸ
237 3575 375 3638 ὅλον,
406 3575 572 3645 μέρος
594 3573 725 3641 γοῦν
748 3574 1011 3645 τήμερον,
1038 3574 1128 3626 καὶ
1154 3573 1321 3643 μέρος
1347 3572 1562 3643 αὐριον,
1604 3566 1725 3624 εἶτα
1772 3572 1833 3625 τὸ

155 3661 266 3714 ὅλον
284 3661 647 3730 ἀπονίψασθε.
677 3662 789 3714 Καὶ
821 3661 957 3732 περὶ
994 3659 1285 3731 μετανοίας
1309 3660 1386 3717 δὲ.
1410 3660 1506 3713 καῖ
1536 3659 1666 3730 περὶ
1713 3659 1834 3724 ἐξο-

161 3748 520 3818 μολογήσεως,
578 3748 673 3802 καὶ
704 3748 833 3818 περὶ
885 3748 1276 3817 ἐλεημοσύνης,
1332 3747 1432 3799 καί
1484 3746 1615 3817 περὶ
1664 3747 1836 3799 ἐπιει-

160 3839 322 3904 κείας,
385 3838 640 3909 καὶπερὶ
703 3837 1082 3908 σωφροσύνης,
1131 3837 1226 3890 καὶ
1275 3837 1406 3910 περὶ
1464 3837 1685 3890 πάντων
1740 3837 1834 3889 εύ-

162 3930 306 3999 ρήσει
336 3927 510 3980 πολλά
539 3926 980 3998 παραδείγματα.
1046 3925 1239 3979 Ταῦτα
1270 3925 1381 3994 γὰρ
1404 3924 1605 3978 πάντα
1657 3922 1834 3994 ἐγράμ

159 4031 236 4083 φη
257 4017 408 4083 πρὸς
426 4017 754 4068 νουθεσίαν
781 4012 969 4083 ἡμῶν,
1005 4013 1191 4082 φησίν.
1242 4013 1306 4065 Εἰ
1335 4013 1518 4065 τοίνυν
1547 4012 1684 4083 πρὸς
1714 4029 1838 4064 νου-

161 4101 339 4156 θεσίαν
363 4101 525 4172 ήμῶν
550 4101 680 4172 περὶ
722 4101 942 4154 πάντων
976 4099 1309 4167 διαλέγεται,
1349 4099 1712 4169 προσέχωμεν
1761 4099 1838 4164 ὡς

159 4187 236 4240 δεῖ
264 4188 581 4258 προσέχειν.
621 4187 688 4239 Τί
743 4187 924 4256 μάτην
973 4186 1200 4249 ἑαυτοὺς
1242 4186 1583 4258 ἀπατῶμεν;
1633 4186 1839 4240 Φοϐοῦ-

165 4291 257 4344 μαι
291 4274 342 4338 δ,
379 4275 456 4346 μή
490 4263 586 4328 καὶ
621 4273 750 4345 περὶ
773 4274 932 4344 ήμῶν
956 4272 1087 4346 εἴπῃ
1121 4289 1226 4337 τις,
1260 4273 1347 4326 ὅτι
1417 4273 1738 4338 Ἐξέλιπον
1770 4271 1841 4328 ἐν

158 4364 500 4430 ματαιότητι
525 4365 586 4414 αἱ
607 4361 822 4431 ἡμέραι
860 4359 1049 4430 ἡμῶν,
1097 4360 1195 4413 καί
1231 4360 1304 4414 τὰ
1333 4361 1436 4426 ἔτη
1473 4359 1648 4428 ήμῶν
1687 4361 1842 4430 μετὰ

163 4448 461 4517 σπουδῆς.
483 4448 580 4510 Τίς
607 4447 824 4501 ἀκούων
856 4445 1017 4518 ήμῶν
1046 4447 1259 4517 ἀπέστη
1285 4445 1566 4516 θεάτρων;
1594 4447 1679 4509 τίς
1704 4447 1843 4500 ἀπέ-

165 4551 262 4606 ατη
274 4535 610 4600 πλεονεξίας
630 4535 713 4597 τίς
736 4535 1146 4606 προθυμότερος
1179 4535 1371 4604 γέγονε
1388 4553 1452 4587 πε
1461 4535 1518 4606 ρὶ
1536 4535 1842 4605 ἐλεημοσύ-

165 4640 298 4692 νηνς
336 4623 672 4693 Ἐϐουλόμην
693 4621 907 4692 μαθεῖν,
940 4622 1063 4692 οὐχὶ
1113 4621 1422 4688 κενοδοξίας
1449 4621 1660 4688 ἕνεκεν,
1725 4621 1842 4675 ἀλλ’

165 4712 302 4766 ὥστε
324 4710 582 4780 γενέσθαι
615 4710 1044 4782 προθυμότερος,
1073 4709 1326 4780 λαμπρὸν
1349 4710 1478 4763 ὄντα
1507 4709 1600 4762 τὸν
1633 4711 1845 4781 καρπὸν

166 4800 272 4852 τῶν
295 4801 477 4853 πόνων
506 4797 670 4870 ὁρῶν.
709 4798 823 4852 Νῦν
849 4798 905 4852 δέ
930 4799 1049 4862 πῶς.
1069 4798 1279 4869 ἀψομαι
1303 4799 1404 4869 τῆς
1433 4797 1720 4868 ἐργασίας,
1750 4815 1842 4852 το-

169 4889 388 4951 σούτους
415 4887 515 4958 μιν
536 4886 728 4952 ὐετούς
752 4887 895 4960 όρῶν
919 4889 1402 4959 καταφερομένους
1443 4888 1546 4959 τῆς
1589 4888 1847 4942 διδασκα-

170 4976 305 5040 λίας,
340 4974 486 5028 τάδέ
519 4974 646 5046 λήῖα
675 4976 809 5045 ἡμῖν
842 4975 938 5028 ἐπὶ
968 4974 1062 5028 τοῦ
1111 4974 1278 5028 αὐτοῦ
1331 4974 1533 5046 μέτρου
1594 4976 1844 5046 μένοντα,

169 5065 261 5117 καὶ
289 5064 447 5117 οὐδὲν
486 5062 820 5135 ὑψηλότερον
851 5063 920 5116 τά
943 5064 1262 5136 γεννήματα
1293 5063 1600 5134 γενόμενα;
1644 5064 1848 5118 Λοιπὸν

167 5153 196 5204 6
219 5150 320 5221 τῆς
337 5149 454 5203 ἅλω
487 5151 680 5222 καιρὸς
707 5149 1028 5221 ἐφέστηκεν,
1061 5153 1091 5203 6
1117 5150 1180 5202 τὸ
1203 5149 1374 5204 πτύον
1396 5149 1556 5220 ἔχων.
1598 5149 1844 5216 Δέδοικα,

172 5238 246 5309 μή
295 5238 360 5292 τὸ
411 5239 521 5292 πᾶν
558 5233 814 5311 χόρτοςῇ
848 5237 1133 5302 υ-δέδοικα,
1169 5237 1244 5310 μὴ
1293 5237 1431 5307 πρὸς
1469 5239 1569 5309 τὴν
1616 5239 1848 5310 κάμινον

168 5326 563 5398 ἀπενεχθῶμεν
602 5327 863 5390 ἅπαντες.
904 5326 1156 5398 Παρῆλθε
1197 5326 1378 5398 θέρος,
1423 5322 1556 5399 ἦλθε
1593 5329 1799 5400 χειμών
1831 5343 1845 5358 ⁸

171 5416 457 5485 καθήμεθα
483 5415 577 5467 καὶ
601 5414 712 5468 νέοι
738 5414 830 5468 καὶ
859 5414 1116 5486 γέροντες
1136 5417 1247 5479 τοῖς
1265 5416 1486 5476 οίκείοις
1499 5417 1849 5488 ἁλισκόμενοι

173 5500 548 5577 [252]πάθεσι.
571 5504 662 5574 Μή
683 5521 774 5574 μοι
806 5503 988 5576 εἴπῃς,
1023 5503 1194 5557 ὅτιού
1222 5503 1494 5575 πορνεύω.
1510 5506 1574 5559 Τί
1597 5505 1706 5579 γάρ
1724 5507 1852 5575 δφε-

173 5594 280 5658 λος,
339 5592 408 5646 ἀν
469 5592 543 5662 μὴ
604 5591 878 5666 πορνεύῃς
931 5593 1053 5662 μὲν,
1107 5592 1517 5665 φιλοχρήματος
1558 5594 1614 5648 δέ
1648 5590 1755 5668 ᾖς;
1790 5597 1850 5651 Ὅ

174 5677 434 5750 στρουθὸς
459 5678 564 5732 κᾶν
599 5676 675 5748 μὴ
700 5678 979 5742 ἐκπαντὸς
1011 5677 1235 5748 μέρους,
1268 5679 1385 5732 ἀλλ’
1415 5679 1531 5732 ἀπὸ
1557 5679 1651 5733 τοῦ
1692 5682 1852 5746 ποδὸς

173 5766 475 5837 κατέχηται
511 5766 694 5836 μόνον,
719 5766 814 5819 καὶ
838 5764 1011 5829 οὕτως
1036 5765 1307 5828 ἀπόλωλε,
1342 5766 1435 5820 καὶ
1467 5769 1524 5820 ἐν
1558 5770 1624 5838 τῇ
1665 5768 1850 5838 παγίδι

175 5852 398 5922 ἕστηκε,
434 5855 530 5906 καὶ
559 5855 666 5906 τῶν
690 5851 905 5926 πτερῶν
933 5852 1122 5923 ὄφελος
1148 5854 1324 5920 οὐδὲν,
1351 5854 1445 5908 τοῦ
1477 5857 1639 5921 ποδὸς
1681 5875 1848 5910 κατε-

177 5943 428 6013 χομένου.
461 5943 617 5998 Οῦτω
633 5944 728 5998 καὶ
765 5944 854 6009 σὺ,
901 5943 1001 6013 οὐχ
1040 5945 1213 6008 ἑάλως
1265 5944 1354 5998 διὰ
1402 5946 1689 6017 πορνείας,
1733 5946 1851 6000 ἀλλ’

239 6096 266 6162 _‘_
321 6095 424 6162 SicA
447 6101 590 6162 tres,
619 6110 764 6162 mm,
815 6094 986 6162 M0ntt‘.
1017 6096 1470 6162 ἑμπρακτον,ιιιειθ.
1502 6097 1635 6148 Enn.
1703 6097 1733 6138 ιο
1754 6099 1850 6147 Φο-

184 6158 356 6213 ιοτὶμαι
399 6159 544 6206 deest
581 6160 628 6207 in
668 6158 957 6218 quibusdam
992 6172 1106 6208 mss.

1246 483 1309 538 ιΝ
1349 479 1531 538 ACTA
1563 471 2100 534 Αιιοετοιοιιωι.
2144 473 2377 531 "OMIL.
2418 473 2613 528 XXIX.

3479 477 3588 532 εει,

1899 593 2076 655 ἑάλως
2105 593 2193 646 διὰ
2213 592 2583 664 φιλαργυρίας
2604 608 2620 629 ~'
2655 591 2830 654 ἑάλως
2867 590 3049 661 μέντοι
3073 606 3087 620 ο
3117 591 3176 644 τὸ
3213 593 3269 646 δὲ
3311 593 3589 669 ζητούμε-

1899 699 2011 746 νον,
2043 682 2103 734 οὐ
2128 681 2243 745 πῶς
2271 682 2466 744 ἑάλως,
2490 680 2606 734 ἀλλ’
2629 680 2711 733 ὅτι
2742 679 2933 742 ἑάλως.
2962 679 3054 749 Μὴ
3067 678 3274 748 λεγέτω
3293 683 3321 735 6
3342 683 3483 750 νέος,
3505 685 3590 737 ὅτι

1909 771 2025 826 Οὐκ
2055 771 2173 839 eum
2207 764 2620 841 φιλοχρήματος
2645 784 2661 799 ο
2719 766 2834 821 ἀλλ’
2871 769 3002 831 ἴσως
3041 768 3345 840 πορνεύεις.
3380 773 3491 825 Καὶ
3537 770 3592 824 τί

1903 858 1964 911 τὸ
1989 858 2181 927 ὄφελος
2212 858 2375 912 πάλιν
2401 876 2414 924 ;
2447 857 2570 911 οὐδέ
2593 857 2705 928 γὰρ
2725 857 2950 911 δυνατὸν
2972 857 3153 911 πάντα
3173 857 3246 912 τὰ
3273 859 3424 930 πάθη
3448 860 3602 914 κατὰ.

1909 946 2039 1018 μίαν
2059 949 2194 1019 ήμῖν
2225 947 2441 1018 ἠλικίαν
2467 945 2781 1016 ἐπιστῆναι,
2815 943 2950 998 ἀλλά
2986 943 3290 1017 διώρισται,
3316 949 3412 1001 καὶ
3435 947 3594 1001 τοῦτο

1905 1035 1993 1089 διὰ
2016 1035 2117 1106 τὴν
2145 1034 2238 1087 τοῦ
2272 1033 2409 1087 Θεοῦ
2437 1031 2871 1104 φιλανθρωπίαν,
2890 1032 3032 1086 ὥστε
3060 1033 3136 1105 μὴ
3153 1034 3367 1106 ἀθρόως
3418 1037 3597 1090 ἐπιτε.

1909 1126 2072 1180 θέντα
2125 1126 2403 1197 ἀχείρωτα
2446 1124 2727 1194 γενέσθαι,
2775 1124 2871 1178 καὶ
2927 1123 3315 1197 χαλεπωτέραν
3332 1128 3466 1197 ήμῖν
3496 1127 3609 1198 τὴν,

1910 1216 2047 1288 πρὸς
2064 1216 2205 1269 αὐτά
2231 1214 2409 1286 πάλην
2437 1214 2797 1284 καταστῆναι.
2815 1214 2999 1285 Πόσης
3019 1213 3117 1267 οὐκ
3143 1213 3210 1268 ἂν
3232 1215 3318 1284 εἴη
3343 1214 3611 1279 νωθείας,

1915 1304 2050 1376 μηδὲ
2078 1302 2428 1376 διῃρημένων
2452 1302 2718 1356 δύνασθαι
2767 1304 2994 1374 κρατεῖν
3035 1302 3145 1356 τῶν
3207 1303 3423 1367 παθῶν,
3457 1304 3602 1358 ἀλλὰ

1911 1393 2034 1448 καθ’
2068 1394 2297 1446 ἕκαστον
2323 1391 2590 1462 ἡττᾶσθαι
2612 1391 2823 1462 καιρὸν,
2841 1393 2936 1445 καὶ
2968 1391 3115 1462 μέγα
3139 1394 3463 1463 φρονεῖνέπὶ
3485 1392 3604 1446 τούο

1911 1498 2026 1546 τοις
2043 1486 2157 1546 τοῖς
2178 1483 2279 1536 οὐκ
2295 1484 2364 1535 ἐκ
2394 1481 2494 1551 τῆς
2514 1480 2794 1551 ἡμετέρας
2813 1479 3078 1550 σπουδῆς,
3092 1480 3208 1534 ἀλλ’
3233 1481 3300 1547 ἐξ
3321 1481 3491 1551 αὐτῆς
3503 1483 3604 1552 τῆς

1913 1566 2129 1638 ἡλικίας
2155 1565 2600 1637 κοιμιζομένοις;
2647 1566 2760 1635 Οὐχ
2787 1566 2955 1636 όρᾶτε
2985 1565 3113 1629 τοὺς
3143 1566 3416 1636 ἡνιόχους,
3457 1565 3602 1636 πόση

1915 1652 2178 1727 ἀκριϐείᾳ
2189 1652 2285 1705 καὶ
2305 1651 2584 1722 γυμνασίᾳ
2598 1652 2694 1704 καὶ
2725 1649 2910 1714 πόνοις
2926 1650 3246 1722 κέχρηνται,
3276 1652 3371 1704 καὶ
3389 1651 3604 1715 σιτίοις,

1915 1744 2142 1806 καὶτοῖς
2166 1742 2347 1804 ἄλλοις
2373 1741 2599 1806 ἆπασιν,
2632 1741 2776 1795 ὥστε
2801 1741 2878 1811 μὴ
2893 1740 3342 1811 καταϐληθέντας
3371 1740 3481 1794 ἀπὸ
3495 1741 3607 1793 τῶν

1914 1831 2179 1900 ἁρμάτων
2213 1829 2476 1900 σύρεσθαι
2504 1847 2519 1896 ;
2560 1829 2710 1898 ⁹ὐρα
2743 1830 2869 1883 ὅσον
2900 1829 3019 1881 ἐστὶ
3050 1829 3239 1900 τέχνη.
3291 1828 3458 1899 Ἀνὴρ
3503 1828 3607 1898 μὲν

1916 1918 2025 1990 γὰρ
2047 1919 2292 1989 ἀνδρεῖος
2318 1919 2418 1970 οὐκ
2460 1916 2527 1971 ἂν
2553 1917 2672 1981 ἐνὸς
2715 1917 2885 1972 ἵππου
2927 1916 3190 1980 πολλάκις
3228 1916 3571 1988 περιγένοιτο
3590 1935 3604 1949 ·

1921 2007 2278 2078 μειρακίσκος
2305 2005 2362 2059 δὲ
2392 2008 2458 2076 τῇ
2502 2005 2678 2076 τέχνῃ
2724 2005 2989 2068 πολλάκις
3033 2005 3162 2068 τοὺς
3208 2005 3301 2058 δύο
3344 2005 3608 2070 ἀναδεξά-

1922 2113 2104 2165 μενος,
2131 2094 2253 2163 ἄγει
2282 2094 2521 2157 εὐκόλως
2542 2095 2636 2147 καὶ
2658 2093 2836 2164 φέρει.
2862 2095 2974 2147 Καὶ
2995 2094 3054 2146 ἐν
3080 2091 3266 2156 Ἰνδοῖς
3296 2093 3353 2146 δὲ
3378 2093 3438 2147 τὸ
3468 2099 3615 2164 μέγα

1920 2183 2108 2254 θηρίον
2139 2182 2232 2235 καὶ
2262 2181 2491 2253 φοϐερὸν
2520 2181 2631 2235 τῶν
2671 2181 2982 2251 ἐλεφάντων
3026 2181 3245 2249 λέγεται
3295 2182 3389 2235 καὶ
3450 2181 3615 2234 δεκα-

1920 2266 2211 2318 πενταέτει
2243 2264 2396 2318 παιδὶ
2425 2265 2671 2334 γεγονότι
2697 2265 2836 2335 μετὰ
2862 2264 3065 2336 πολλῆς
3092 2263 3266 2318 εἴκειν
3283 2267 3384 2334 τῆς
3403 2262 3614 2338 προθυ-

1925 2354 2072 2423 μίας.
2105 2353 2170 2407 Τί
2197 2353 2262 2423 δὴ
2285 2353 2463 2407 ταῦτά
2497 2359 2592 2424 ’μοι
2621 2352 2877 2425 είρηται;
2920 2352 3044 2405 Ὅτι
3077 2353 3128 2404 εἰ
3172 2351 3474 2421 ἐλέφαντας
3521 2351 3618 2405 καὶ

1921 2445 2122 2504 ἵππους
2146 2443 2371 2512 ἀγρίους
2423 2441 2668 2512 ἄγχομεν
2722 2440 3138 2505 σπουδάζοντες,
3188 2440 3369 2511 πολλῷ
3413 2439 3620 2510 μᾶλλον

1920 2529 1991 2583 τὰ
2023 2530 2170 2601 πάθη
2211 2530 2278 2584 τὰ
2305 2531 2363 2582 ἐν
2399 2530 2555 2601 ἡμῖν.
2615 2527 2787 2581 Πόθεν
2830 2527 3141 2598 ἐκλυόμεθα
3182 2527 3476 2591 διαπαντὸς
3520 2525 3627 2580 τοῦ.

1925 2622 2040 2692 βίου
2069 2639 2084 2688 ;
2110 2621 2378 2676 Οὐδέποτε
2410 2605 2510 2692 τὴν
2540 2619 2738 2692 τέχνην
2787 2610 3203 2690 ἐμελετήσαμεν
3242 2616 3449 2688 ταύτην
3469 2633 3484 2647 °
3527 2617 3620 2670 οὐ.-

1922 2711 2113 2764 δέποτε
2138 2712 2198 2764 ἐν
2227 2709 2406 2782 καιρῷ
2441 2709 2637 2779 σχολῆς
2667 2708 2770 2762 οὐκ
2791 2708 2944 2772 ὄντος
2967 2706 3065 2760 τοῦ
3097 2707 3310 2774 ἀγῶνος
3341 2705 3621 2776 διελέχθη-

1929 2818 2028 2871 μεν
2058 2801 2194 2872 πρὸς
2216 2799 2443 2863 ἑαυτούς
2469 2816 2524 2852 τι
2544 2798 2655 2851 τῶν
2685 2797 2995 2870 χρησίμων.
3022 2795 3158 2850 Τότε
3190 2797 3339 2866 ἡμᾶς
3381 2796 3475 2849 ἐπὶ
3522 2794 3622 2848 τοῦ

1925 2888 2175 2961 ἅρματος
2210 2888 2452 2951 ἑστῶτας
2485 2898 2509 2926 α
2546 2885 2648 2941 ῐδοι
2679 2904 2764 2950 τις
2788 2886 2874 2950 ἂν,
2907 2886 2998 2939 ὅτε
3047 2887 3076 2939 ό
3118 2883 3269 2954 ἀγὼν
3301 2883 3621 2955 παραγένη-

1925 2995 2037 3031 ται.
2063 2978 2163 3031 Διά
2193 2977 2453 3030 τοιτοῦτο
2475 2974 2877 3044 καταγέλαστοί
2910 2976 3100 3045 ἐσμεν.
3128 2976 3243 3028 Οὐκ
3272 2969 3426 3026 εἷπον
3486 2972 3627 3026 πολ·-

1928 3065 2108 3129 λάκις,
2137 3063 2550 3136 γυμναζώμεθα
2569 3063 2704 3134 πρὸς
2733 3064 2860 3127 τούς
2888 3063 3126 3127 οἰκείους
3160 3062 3269 3134 πρὸ
3301 3061 3396 3115 τοῦ
3429 3078 3630 3132 πειρα-

1931 3153 2105 3222 σμοῦ;
2138 3153 2283 3224 Πρὸς
2308 3153 2435 3216 τοὺς
2459 3152 2654 3215 παῖδας
2677 3152 2771 3205 ἐπὶ
2796 3151 2898 3220 τῆς
2927 3149 3106 3214 οίκίας
3154 3150 3418 3213 πολλάκις
3450 3165 3627 3220 παρο-

1930 3241 2200 3311 ξυνόμεθα
2217 3259 2230 3272 ·
2267 3241 2589 3311 κατέχωμεν
2611 3242 2728 3293 ἐκεῖ
2754 3240 2845 3292 τὸν
2866 3239 3057 3309 θυμὸν,
3083 3240 3174 3292 ἵνα
3204 3238 3446 3302 εὐκόλως
3463 3237 3622 3306 αύτῷ
3725 3259 3729 3264 ’

1930 3329 2022 3382 ἐπὶ
2076 3329 2185 3381 τῶν
2242 3329 2410 3396 φίλων
2453 3328 2788 3400 κεχρημένοι
2835 3327 3180 3399 φαινώμεθα.
3218 3328 3329 3382 Καὶ
3369 3328 3461 3380 ἐπὶ
3513 3325 3644 3380 τῶν-

1930 3418 2108 3474 ἄλλων
2133 3417 2390 3472 ἁπάντων
2419 3419 2468 3471 εἰ
2491 3417 2940 3487 ἐγυμναζόμεθα,
2966 3417 3066 3470 οὐκ
3095 3416 3161 3470 ἂν
3191 3417 3249 3469 ἐν
3276 3418 3389 3479 τοῖς
3416 3415 3630 3483 ἀγῶσιν

1930 3505 2075 3580 ἦμεν
2121 3507 2544 3576 καταγέλαστοι.
2591 3505 2708 3559 Νῦν
2764 3506 2824 3559 δὲ
2858 3505 3000 3559 ὅπλα
3044 3505 3145 3576 μὲν
3168 3505 3279 3558 τῶν
3312 3504 3486 3560 ἀλλων
3526 3504 3625 3556 καὶ

1933 3592 2212 3663 γυμνάσια
2238 3589 2334 3644 καὶ
2373 3590 2752 3659 μελέταιιεὶσὶ,
2779 3590 2874 3644 καὶ
2916 3589 3124 3660 τεχνῶν
3178 3589 3276 3643 καὶ
3318 3587 3633 3657 παλαισμάρ

1932 3697 2044 3733 των
2072 3693 2086 3709 ⁶
2120 3678 2324 3750 ἀρετῆς
2354 3678 2413 3731 δέ
2439 3677 2701 3747 οὐδαμοῦ.
2737 3678 2853 3730 Οὐκ
2873 3677 2939 3731 ἀν
2971 3677 3300 3748 τολμήσειεν
3331 3674 3630 3747 όγεωργδς

1935 3768 2183 3840 ἀμπέλου
2219 3766 2485 3836 ἅψασθαι,
2530 3767 2605 3838 μὴ
2653 3767 2922 3837 πρότερον
2965 3764 3148 3828 καλῶς
3180 3763 3520 3833 γυμνασθεὶς
3560 3765 3640 3818 τὰ.

1935 3853 2222 3924 γεωργικά
2251 3869 2264 3882 ’
2297 3853 2420 3906 οὐδέ
2441 3854 2470 3906 ό
2502 3851 2845 3922 κυϐερνήτης
2871 3853 2964 3904 ἐπὶ
2999 3850 3338 3904 τῶνοῑάκων
3382 3849 3628 3910 καθίσαι,

1940 3943 2015 4013 μὴ
2041 3941 2305 4012 πρότερον
2334 3941 2825 4011 ἐγγυμνασάμενος
2862 3937 3049 4002 καλῶς
3077 3954 3091 3968 ⁸
3125 3940 3291 4009 ἡμεῖς
3318 3938 3377 3991 δὲ
3426 3937 3632 4008 ἀμελέ-

1937 4047 2094 4100 τητοι
2126 4029 2722 4102 πάντητυγχάνοντες,
2748 4025 2819 4081 τὰ
2842 4030 3089 4099 πρωτεῖα
3122 4025 3272 4098 ἔχειν
3303 4025 3630 4098 βουλόμεθα.
3663 4095 3666 4097 λ

1951 4118 2149 4189 Ἐχρῆν
2176 4119 2356 4189 σιγᾷν,
2381 4118 2548 4188 ἐχρῆν
2579 4116 2768 4188 μηδενὶ
2796 4117 3076 4170 κοινωνεῖν
3101 4115 3448 4185 πραγμάτων
3495 4112 3633 4183 μηδὲ

1941 4206 2224 4279 ῥημάτιον,
2255 4205 2360 4266 ἓως
2391 4204 2457 4258 ἂν
2490 4204 2838 4275 ἠδυνήθημεν
2866 4204 2928 4257 τὸ
2949 4202 3136 4274 θηρίον
3164 4201 3456 4275 ἡμερῶσαι
3487 4199 3550 4254 τὸ
3573 4203 3641 4255 ἐν

1939 4297 2092 4366 ἡμῖν.
2164 4293 2240 4345 ’Ἡ-
2287 4292 2408 4362 οὐχὶ
2461 4292 2651 4363 θηρίου
2699 4290 2899 4354 παντὸς
2932 4289 3314 4361 χαλεπώτερον
3370 4292 3634 4360 ἐπιστρα-

1940 4382 2158 4437 τεύεται
2189 4383 2322 4452 ἡμῖν
2348 4381 2441 4433 καὶ
2465 4379 2638 4450 θυμὸς
2666 4381 2762 4433 καὶ
2788 4367 3056 4449 ἐπιθυμία
3080 4395 3095 4443 ;
3138 4378 3230 4450 Μή
3272 4378 3519 4451 ἐμϐάλῃς
3553 4380 3635 4441 είς

1941 4469 2150 4542 ἀγοράν
2183 4468 2325 4540 μετὰ
2349 4469 2557 4521 τούτων
2577 4467 2686 4520 τῶν
2714 4467 2940 4537 θηρίων,
2966 4466 3072 4530 ἕως
3092 4465 3158 4520 ἂν
3184 4463 3369 4529 αὐτοῖς
3400 4464 3642 4539 περιθῇς,

1943 4559 2125 4622 καλῶς
2152 4557 2244 4610 τὸν
2278 4556 2518 4628 χαλινὸν,
2552 4556 2658 4620 ἕως
2695 4555 2762 4609 ἂν
2785 4555 2928 4608 αὐτά
2954 4555 3341 4627 τιθασσεύσῃς,
3375 4555 3470 4608 καὶ
3515 4571 3635 4624 χει-

1948 4649 2117 4720 ροήθη
2151 4648 2593 4718 κατασκευάσῃς.
2620 4648 2733 4718 Οὐχ
2759 4647 2896 4717 ὁρᾷς
2924 4645 3148 4711 τούτους
3177 4647 3304 4710 τοὺς
3341 4645 3637 4716 περιάγον-

1943 4756 2042 4802 τας
2067 4739 2194 4801 τούς
2218 4735 2619 4810 ἡμέρουςίῖὖό]
2643 4736 2861 4799 λέοντας
2889 4736 2982 4788 ἐπὶ
3011 4736 3112 4806 τῆς
3139 4737 3370 4806 ἀγορᾶς,
3397 4734 3515 4798 πῶς
3541 4735 3637 4787 καὶ

1946 4827 2291 4898 κερδαίνουσι
2336 4825 2431 4879 καὶ
2477 4824 2875 4895 θαυμάζονται,
2921 4823 3002 4876 ὅτι
3037 4825 3094 4876 ἐν
3124 4823 3202 4895 τῷ
3232 4824 3413 4894 ἀλόγῳ
3463 4822 3638 4894 θηρίῳ

1945 4912 2205 4982 τοιαύτην
2232 4911 2554 4982 ἡμερότητα
2586 4909 2991 4981 κατώρθωσανς
3023 4908 3089 4963 ἂν
3121 4909 3177 4962 δὲ
3202 4907 3459 4980 ἐξαίφνης
3486 4909 3640 4978 ἀγρι-

1946 5006 2062 5077 ωθῇ
2113 5007 2340 5068 ἐκεῖνος,
2392 5003 2598 5066 πάντας
2649 5002 2800 5054 σοϐεῖ
2845 5003 2972 5064 τοὺς
3004 5001 3097 5054 ἐπὶ⁵
3127 5001 3224 5071 τῆς
3275 4989 3503 5072 ἀγορᾶς,
3540 4999 3652 5053 και.

1948 5094 2294 5150 ἐκινδύνευσε
2320 5092 2508 5145 λοιπὸν
2525 5093 2553 5145 6
2579 5081 2862 5162 περιάγων
2890 5089 3052 5143 αὐτὸν
3075 5089 3384 5160 ἄνθρωπος’,
3410 5089 3504 5141 καὶ
3536 5087 3637 5156 τῆς

1949 5185 2060 5239 τῶν
2087 5185 2261 5240 ἀλλων
2299 5181 2575 5244 ἀπωλείας
2601 5181 2828 5249 γέγονεν
2866 5181 3063 5243 αῐτιος.
3099 5178 3209 5232 Καὶ
3241 5180 3306 5230 σὺ
3338 5173 3519 5230 τοίνυν
3544 5177 3641 5229 τὸν

1950 5273 2141 5327 λέοντα
2175 5271 2437 5343 πρότερον
2469 5269 2780 5341 ήμέρωσον,
2808 5269 2904 5322 καὶ
2926 5267 3051 5320 τότε
3083 5268 3338 5338 περίαγε,
3370 5266 3468 5336 οὐχ
3495 5265 3637 5319 ὥστε

1952 5361 2216 5434 ἀργύριον
2254 5359 2464 5424 λαϐεῖν,
2496 5358 2613 5411 ἀλλ’
2644 5356 2787 5410 ὥστε
2817 5356 3076 5428 κερδάναι
3111 5357 3325 5427 κέρδος,
3367 5350 3429 5408 οῦ
3471 5353 3638 5425 μηδέν

1951 5452 2101 5504 ἐστιν
2129 5449 2264 5503 ῐσον.
2301 5447 2468 5500 Οὐδὲν
2495 5446 2604 5518 γάρ
2627 5446 2740 5499 ἴσον
2769 5444 3092 5508 ἐπιεικείας,
3115 5444 3150 5516 ὴ
3183 5445 3278 5497 καὶ
3303 5446 3418 5507 τοῖς
3437 5459 3637 5513 κεκτη-

1957 5539 2161 5612 μένοις,
2185 5538 2282 5591 καὶ
2313 5537 2428 5598 τοῖς
2450 5534 2757 5606 χρωμένοις
2789 5533 2994 5604 σφόδρα
3024 5534 3142 5586 ἐστὶ
3170 5533 3439 5604 χρησίμη.
3493 5531 3642 5583 Ταύὲ

1951 5646 2054 5701 την
2081 5625 2173 5680 οὖν
2203 5623 2508 5695 διώκωμεν,
2542 5624 2628 5676 ἴνα
2660 5621 2982 5694 δυνηθῶμεν
3008 5624 3108 5692 τῆς
3139 5620 3357 5693 ἀρετῆς.
3377 5620 3477 5691 τὴν
3519 5620 3664 5674 666v-

1958 5718 2096 5788 μετά
2129 5713 2416 5786 ἀκριϐείας
2442 5711 2815 5775 διανύσαντες,
2843 5710 2954 5765 τῶν
2985 5709 3222 5762 αίωνίων
3255 5707 3480 5777 ἀγαθῶν
3519 5709 3642 5761 ἐπιδ

1951 5808 2155 5877 τυχεῖν,
2185 5803 2370 5873 χάριτι
2388 5801 2484 5854 καὶ
2508 5797 2890 5870 φιλανθρωπίᾳ
2910 5796 3004 5849 τοῦ
3037 5797 3243 5867 Κυρίου
3268 5796 3426 5866 ήμῶν
3461 5795 3640 5866 Ἰησοῦ

1952 5892 2216 5966 Χριστοῦ,
2248 5890 2370 5962 μεθ’
2398 5881 2460 5942 οὗ
2491 5888 2571 5959 τῷ
2591 5887 2766 5955 Πατρὶ
2787 5885 2903 5955 άμα
2922 5883 3001 5954 τῷ
3021 5884 3164 5954 ἁγίῳ
3186 5883 3465 5953 Πνεύματι
3489 5884 3633 5951 δόξα,

1952 5985 2175 6055 κράτος,
2200 5981 2355 6050 τιμὴ,
2386 5979 2483 6033 νῦν
2506 5979 2600 6032 καὶ
2620 5979 2729 6044 ἀεὶ,
2755 5977 2849 6032 καὶ
2877 5975 2956 6038 εἰς
2985 5973 3113 6038 τοὺς
3143 5970 3345 6036 αἰῶνας
3377 5971 3486 6025 τῶν
3510 5969 3650 6026 αἰῶ·

1953 6091 2081 6128 νων.
2127 6071 2184 6123 ’Δ
2196 6071 2323 6142 μήν.

2023 6163 2045 6191 ε
2081 6158 2328 6208 Ἶεζστὼταε
2374 6157 2420 6210 in
2466 6173 2563 6209 mm
2599 6158 2761 6207 ἀτενεῖ.
