4082 6528
232 442 325 497 ΕΙ

233 560 395 619 bona.
419 554 593 626 gratia
620 564 676 611 ct
703 555 1030 628 benignitate
1058 554 1270 610 Domini
1296 555 1466 610 nostri
1498 553 1628 610 Jesu
1656 554 1823 609 Chri-

233 650 324 712 sti.
351 650 569 719 quicum
596 646 742 703 Patri
771 662 984 717 unaque
1014 646 1237 717 Spiritui
1265 655 1455 702 sancto
1477 646 1669 717 gloria,
1703 648 1822 701 im-

1213 440 1280 497 iN
1316 439 1500 497 ACTA
1538 439 2067 499 APOSTOLORUM.
2109 440 2343 498 HOMIL.
2386 442 2559 499 XXX.

3443 453 3551 511 2η

1935 558 2166 626 perium,
2200 555 2396 623 honor,
2437 573 2583 613 nunc
2611 567 2666 613 et
2694 572 2946 631 semper,
2976 571 3031 618 et
3071 566 3125 618 in
3147 563 3346 621 secula
3370 572 3547 626 sam-

1934 648 2130 703 lorum.
2164 652 2359 703 Amen.

236 790 3534 824 ________________________________

1584 870 1929 935 HOMILIA
1978 875 2194 938 xxx.
2282 918 2287 923 .
2786 840 2789 841 ί

224 1021 465 1078 €0.13.
497 1036 551 1074 ν.
593 1019 683 1075 42.
727 1017 1041 1074 Exeuntibus
1079 1028 1253 1072 autem
1288 1017 1395 1072 illis
1417 1059 1433 1083 ,
1480 1018 1728 1089 rogabant
1758 1026 1813 1070 ut

291 1113 519 1183 sequenti
543 1113 751 1168 sabbato
768 1114 1090 1175 loquerentur
1114 1112 1213 1165 sibi
1238 1111 1387 1166 verba
1419 1113 1548 1167 tunc.

294 1208 349 1262 ι’.
373 1205 624 1261 Vidistin‘
651 1205 799 1260 Pauli
849 1203 1230 1275 prudentiam?
1267 1202 1383 1260 Non
1434 1216 1561 1259 tunc
1603 1211 1813 1257 tantum

222 1297 276 1351 in
306 1297 662 1353 admiratione
689 1297 805 1363 fuit,
836 1296 931 1352 sed
972 1296 1134 1352 etiam
1162 1296 1358 1352 iterum
1385 1296 1637 1351 audiendi
1668 1297 1815 1351 desi-

218 1390 429 1445 derium
460 1388 684 1444 immisit
710 1388 837 1455 illis,
868 1403 991 1443 cum
1019 1388 1225 1442 semina
1254 1386 1501 1458 qumdatn
1534 1387 1814 1457 iniecisset

217 1499 279 1539 ac
303 1484 543 1539 nondum
562 1484 919 1548 absolvisset,
955 1497 1130 1552 neque
1159 1482 1340 1537 verbis
1357 1481 1520 1535 linem
1552 1481 1765 1535 fecisset
1793 1520 1810 1545 ,

218 1578 413 1633 utilius
436 1578 538 1633 sibi
566 1576 879 1631 conciliaret
904 1591 970 1631 ac
999 1575 1292 1630 benevolos
1322 1573 1602 1637 redderet,
1637 1589 1813 1644 neque

212 1671 395 1724 omnia
434 1670 595 1725 simul
626 1668 919 1740 ingerendo
964 1681 1219 1722 nauseam
1268 1678 1504 1736 pareret.
1540 1665 1758 1719 Dixerat
1795 1684 1806 1718 :

217 1765 463 1819 "emissio
488 1774 804 1833 peccatorum
836 1779 925 1833 per
951 1763 1087 1815 hunc
1111 1762 1249 1815 vobis
1276 1760 1649 1822 annuntiatur;
1677 1774 1810 1830 quo-

215 1858 375 1912 modo
419 1866 635 1920 autem,
668 1870 773 1910 non
804 1854 1119 1910 declaravit.
1161 1854 1288 1907 [’usl.
1320 1853 1437 1907 ha2c
1486 1853 1678 1906 iterum
1724 1851 1807 1905 sui

213 1950 378 2019 ipsius
419 1949 746 2003 mentionem
780 1947 906 2002 facit
949 1949 1201 2018 primum.
1252 1946 1442 2001 Videu’
1470 1954 1666 2016 quanta
1696 1946 1807 1998 aia-

210 2043 374 2097 critas
395 2040 422 2095 Ἰ
465 2041 819 2111 Sequebantur
850 2041 971 2095 illos
991 2081 1006 2101 .
1042 2040 1230 2109 inquit.
1265 2038 1374 2095 Cur
1404 2039 1526 2093 illos
1558 2052 1664 2093 non
1692 2047 1805 2092 sta-

212 2134 300 2187 tim
332 2134 666 2203 baptizavit?
691 2133 808 2188 Non
842 2144 957 2187 erat
985 2141 1196 2202 tempus
1237 2151 1250 2184 :
1286 2131 1615 2201 persuadere
1644 2147 1806 2200 opor-

209 2226 388 2292 tebat,
426 2239 484 2280 ut
518 2225 659 2279 ﬁrmi
692 2235 997 2280 manerent.
1025 2225 1116 2279 43.
1156 2223 1382 2292 Cumque
1428 2224 1639 2277 dimissa
1678 2231 1804 2277 esset

206 2333 466 2389 synagoga
486 2359 501 2383 ,
557 2317 756 2387 sequuti
794 2326 912 2371 sunt
947 2316 1095 2371 multi
1127 2314 1429 2370 Judazorum
1460 2325 1506 2369 et
1529 2316 1802 2369 colentium

202 2410 514 2464 advenarum
560 2408 787 2464 Paulum
818 2420 863 2465 et
893 2408 1184 2464 Barnabam
1208 2425 1227 2463 :
1246 2410 1334 2479 qui
1378 2410 1640 2472 loquentes
1678 2424 1799 2463 sua-

203 2504 385 2558 debant
424 2504 496 2559 eis
525 2546 542 2570 ,
578 2515 632 2559 ut
658 2514 918 2558 manerent
960 2504 1016 2557 in
1062 2503 1229 2575 gratia
1268 2501 1386 2555 Dci.
1414 2502 1506 2557 Η.
1551 2502 1801 2570 Sequenti

200 2610 313 2650 vero
346 2594 561 2650 sabbato
589 2612 718 2665 pene
757 2597 995 2649 universa
1018 2595 1195 2649 civitas
1219 2595 1449 2647 convenit
1477 2594 1659 2646 audire
1688 2610 1799 2647 ver-

202 2690 313 2741 bum
328 2685 450 2743 Dei.
484 2688 575 2742 45.
619 2685 854 2742 Videntes
872 2696 1042 2741 autem
1068 2686 1239 2740 turbas
1263 2684 1458 2752 Judaei,
1479 2686 1659 2754 repleti
1680 2692 1798 2739 sunt

198 2779 306 2832 selo
328 2820 344 2841 ,
382 2787 431 2832 et
461 2777 875 2832 contradicebant
903 2778 967 2830 iis
1000 2816 1017 2839 .
1054 2793 1168 2847 qua:
1191 2794 1223 2830 a
1256 2774 1425 2830 Paulo
1451 2775 1750 2829 dicebantur
1776 2814 1793 2838 ,

196 2871 600 2924 contradicentes
622 2881 667 2923 et
697 2870 1130 2941 blasphemantes.
1166 2868 1297 2925 Vide
1341 2871 1633 2938 nequitiam
1667 2884 1793 2939 ρει-ο

196 2980 432 3030 cussam,
461 2963 591 3018 dum
620 2963 756 3019 alios
784 2964 1036 3034 percutit.
1067 2962 1180 3018 iloc
1207 2963 1351 3032 ipsos
1376 2963 1640 3016 clariores
1670 2961 1790 3017 red-

194 3056 399 3123 debat,
442 3056 589 3126 quod
638 3056 712 3110 illi
763 3054 1216 3110 contradicerent.
1251 3053 1433 3109 Primo
1474 3055 1654 3123 itaque
1694 3068 1790 3107 sua

194 3159 383 3220 sponte
415 3149 703 3218 rogabant.
731 3145 1147 3204 Contradicentes
1176 3186 1191 3212 ,
1222 3145 1395 3217 inquit
1425 3186 1439 3209 ,
1470 3155 1519 3199 et
1544 3144 1789 3215 blasphe-

193 3252 401 3298 montes.
446 3241 493 3299 0
528 3242 917 3312 petulantiaml
951 3251 1170 3310 propter
1194 3255 1313 3311 qme
1335 3240 1460 3294 illos
1488 3241 1789 3309 approbare

192 3335 522 3407 oportebat,
578 3342 796 3405 prapter
846 3350 907 3390 ea
964 3334 1035 3388 illi
1090 3333 1485 3389 contradicunt.
1512 3335 1602 3389 46.
1644 3333 1789 3387 Tunc

190 3440 475 3484 constanter
511 3427 708 3483 Paulus
745 3438 792 3482 et
832 3425 1099 3482 Barnabas
1126 3427 1397 3480 dixerunt:
1422 3424 1587 3494 .Vobis
1637 3442 1788 3495 opor-

191 3520 319 3576 lebat
359 3521 586 3591 primum
636 3519 777 3590 loqui
837 3519 1041 3574 verbum
1098 3517 1235 3581 Dei;
1272 3519 1360 3571 sed
1415 3518 1661 3589 quoniam
1706 3533 1788 3572 re-

191 3612 376 3681 pellitis
403 3612 542 3667 illud
576 3653 591 3677 ,
621 3621 667 3666 et
717 3612 954 3685 indignos
996 3626 1084 3664 vos
1114 3612 1361 3678 judicutis
1410 3621 1601 3665 (eterna
1641 3614 1783 3673 vita,

189 3722 297 3761 ecce
324 3705 672 3761 convertimur
694 3707 763 3758 ad
791 3714 982 3775 gentes.
1013 3702 1219 3768 Videnti,
1246 3702 1518 3773 quomodo
1544 3718 1640 3773 per
1664 3717 1787 3757 cou-

190 3800 485 3854 tentionem
544 3797 714 3866 magis
766 3795 1124 3851 extenderunt
1192 3795 1628 3865 praedicationem
1659 3834 1674 3857 ,
1728 3805 1785 3850 et

192 3890 355 3961 magis
383 3890 463 3945 illi
488 3903 550 3943 se
575 3872 919 3943 contulerunt
940 3887 1004 3940 ad
1022 3896 1232 3957 gentes.
1260 3893 1543 3957 postquam
1570 3889 1784 3943 ratione

192 3980 396 4034 reddita
425 3978 570 4050 apud
602 3993 935 4047 congeneres
985 3992 1113 4031 suos
1164 3990 1286 4031 sese
1313 3977 1473 4045 culpa
1515 3976 1782 4031 immunes

186 4069 652 4141 comprobarunt?
680 4068 791 4123 Nec
816 4066 972 4131 dixit,
1006 4066 1213 4137 indigni
1238 4066 1372 4121 estis
1405 4083 1420 4131 ;
1453 4066 1548 4121 sed
1571 4105 1586 4131 ,
1617 4065 1776 4120 Indi-

186 4179 307 4232 gnas
336 4178 424 4217 vos
439 4161 716 4233 judicatis,
750 4168 809 4214 ut
835 4174 942 4214 non
968 4173 1232 4214 onerosus
1252 4170 1432 4213 sermo
1456 4167 1621 4214 esset.
1648 4158 1782 4223 Ecce

186 4257 521 4310 convertimur
540 4257 607 4307 ad
632 4262 820 4324 gentes.
846 4252 937 4308 ι7.
968 4252 1059 4314 Sic
1089 4252 1223 4305 enim
1249 4252 1486 4323 prwcepit
1513 4252 1657 4305 nobis
1674 4250 1779 4306 Do-

186 4349 346 4403 minus
372 4364 391 4402 :
418 4347 584 4402 Posui
629 4358 677 4399 te
705 4346 758 4399 in
798 4346 961 4399 lucem
1000 4345 1222 4415 gentium
1251 4384 1266 4410 ,
1298 4354 1353 4397 ut
1383 4350 1452 4397 sis
1480 4346 1533 4398 in
1562 4344 1779 4398 salutem

187 4456 336 4511 usque
361 4443 432 4494 ad
459 4450 741 4494 extremum
774 4448 921 4492 teme
950 4434 1103 4507 (Isai.
1124 4435 1215 4491 49.
1248 4436 1328 4505 6).
1373 4434 1443 4491 ιιι
1470 4438 1617 4491 enim
1646 4453 1778 4508 geu-

187 4541 261 4587 tes
290 4532 406 4588 inec
430 4531 715 4586 audientes
739 4545 847 4586 non
879 4528 1350 4593 contristarentur,
1384 4530 1537 4599 quasi
1563 4546 1629 4585 ex
1654 4531 1775 4584 ilio-

184 4641 296 4679 rum
340 4626 526 4682 studio
566 4624 705 4679 bona
737 4625 868 4693 ipsae
912 4639 1021 4677 non
1065 4633 1487 4692 assequerentur
1514 4665 1530 4688 ,
1558 4624 1778 4679 adducit

186 4718 548 4789 prophetiam,
583 4716 772 4773 dicens
802 4736 813 4771 :
848 4717 976 4771 Dedi
1002 4727 1049 4770 te
1074 4718 1124 4771 in
1146 4718 1315 4791 lucem
1344 4719 1589 4788 gentium,
1622 4729 1677 4771 ut
1706 4720 1777 4772 sis

181 4814 228 4866 in
254 4817 472 4868 salutem
524 4827 682 4882 usque
710 4812 778 4865 ad
826 4821 1109 4866 extremum
1140 4798 1322 4865 iterm.
1366 4810 1458 4865 48.
1499 4811 1779 4866 Audientes

179 4922 340 4963 autem
365 4918 562 4982 gentes.
596 4907 708 4962 iioc
736 4906 856 4961 illos
894 4907 1184 4961 alacriores
1212 4905 1509 4971 reddebat,
1540 4908 1681 4977 quod
1710 4908 1775 4962 iis

181 5002 251 5056 illi
279 4999 822 5069 fruerentur,quibus
850 5001 939 5053 alii
969 4999 1069 5053 frui
1100 4998 1369 5054 debebant
1395 5017 1409 5064 ;
1437 4998 1653 5055 Judteos
1679 5018 1774 5053 au-

144 5092 145 5095 “
182 5104 283 5148 tem
311 5093 413 5149 hoc
440 5093 616 5162 magis
647 5090 951 5147 mordebat.
999 5091 1278 5145 Audientes
1300 5101 1470 5146 autent
1498 5132 1514 5157 ,
1544 5090 1718 5162 inquit
1751 5132 1773 5158 ,

176 5195 341 5256 gentes
383 5186 577 5257 gavisi:
614 5193 752 5251 sunt,
792 5194 841 5237 et
869 5183 1225 5255 gloriﬁcabant
1266 5182 1466 5241 uerbum
1512 5181 1722 5237 Domini
1753 5200 1772 5237 :

181 5277 242 5331 Et
287 5278 617 5332 crediderunt
672 5285 919 5346 quotquot
962 5285 1107 5329 erant
1148 5276 1484 5345 prteordinati
1522 5276 1574 5329 in
1619 5278 1775 5329 vitam

172 5380 454 5435 (sternam;
487 5369 596 5425 hoc
650 5377 752 5435 est,
795 5367 1044 5438 praelinihi
1096 5382 1128 5421 a
1162 5367 1290 5421 Deo.
1339 5366 1475 5422 Vide
1500 5368 1772 5436 quomodo

175 5462 409 5518 ostendit
428 5462 681 5527 utilitatis
696 5460 1057 5516 celeritatem.
1088 5458 1177 5514 49.
1206 5457 1650 5513 Disseminabatur
1674 5479 1770 5513 uu-

176 5565 270 5608 tem
298 5555 506 5610 verbum
536 5554 750 5609 Domini
797 5569 886 5623 per
935 5554 1219 5607 universam
1262 5551 1557 5623 regionem;
1582 5551 1633 5605 id
1661 5564 1769 5618 est,

172 5648 565 5719 divulgabatur.
602 5648 679 5699 Ac
705 5647 749 5699 si
778 5647 1002 5711 diceret,
1033 5644 1148 5700 Non
1175 5644 1411 5700 contenti
1443 5645 1579 5709 zelo,
1608 5659 1770 5713 opera

172 5740 325 5795 etiam
375 5740 726 5795 addiderunt.
783 5739 915 5793 Vide
954 5737 1225 5809 quomodo
1288 5737 1422 5806 pulsi
1456 5745 1511 5791 ct
1540 5736 1761 5791 zeloin-

170 5834 454 5899 censi,alia
487 5847 684 5901 magna
711 5829 957 5885 efﬁciunt
984 5844 1000 5883 °.
1026 5845 1147 5886 sese
1162 5844 1393 5900 namque
1418 5837 1765 5899 apparat-unt,

180 5936 226 5982 ut
273 5927 497 5984 liberius
531 5934 753 5995 agerent
783 5966 800 5991 ,
828 5934 881 5980 et
907 5924 973 5979 ad
1000 5936 1188 5996 gentes
1224 5923 1466 5979 venirent
1498 5939 1510 5989 ;
1545 5932 1601 5977 et
1644 5923 1766 5977 audi

1928 1020 2224 1086 quomodo.
2270 1020 2575 1086 Constanter
2606 1037 2815 1097 agentes
2845 1026 3048 1087 Paulus
3070 1044 3121 1088 et
3147 1033 3422 1093 Barnabas
3453 1039 3539 1091 di-

1923 1123 2109 1165 a'erunt
2134 1128 2154 1167 :
2189 1111 2343 1169 Vobis
2362 1117 2627 1185 oportebat
2651 1121 2873 1188 primum
2892 1122 3034 1194 loqui
3058 1128 3264 1183 verbum
3286 1129 3428 1195 Dei;
3454 1133 3546 1187 sed

1924 1203 2045 1270 quia
2096 1206 2347 1273 repellitis
2388 1208 2523 1263 illud
2542 1251 2558 1278 ,
2592 1227 2707 1266 ecce
2750 1216 3093 1272 convertimur
3116 1221 3187 1274 ad
3210 1232 3405 1293 gentes.
3428 1223 3540 1280 Sed

1927 1294 2048 1384 vide
2078 1294 2131 1349 in
2158 1294 2261 1352 hac
2288 1296 2480 1354 ﬁducia
2502 1313 2776 1383 servatum
2801 1306 3044 1376 modum,
3075 1319 3130 1367 et
3139 1311 3267 1383 jure
3294 1314 3538 1384 quidem.

1922 1383 2056 1439 Nam
2074 1387 2119 1441 si
2140 1387 2334 1445 Petrus
2352 1406 2475 1447 sese
2500 1392 2848 1463 defendebat,
2872 1400 3044 1456 multo
3070 1405 3243 1476 magis
3274 1383 3328 1463 bi
3352 1408 3541 1466 defen—

1922 1480 2076 1535 sione
2106 1498 2246 1551 opus
2277 1482 2552 1541 habebant
2576 1530 2593 1556 ,
2647 1491 2864 1546 nemine
2893 1493 3041 1564 ipsos
3070 1496 3252 1555 istbuc
3279 1514 3533 1560 vocante.

1920 1571 2052 1627 Cum
2081 1573 2219 1629 dixit
2248 1586 2453 1642 autem,
2503 1578 2759 1649 Primum,
2791 1587 3030 1642 ostendit
3060 1588 3172 1645 illis
3198 1592 3363 1648 etiam
3393 1611 3533 1664 prte-

1919 1666 2086 1721 dicari
2116 1670 2428 1737 Opiirtttisse
2459 1690 2475 1739 ;
2504 1682 2560 1728 et
2602 1688 2726 1729 cum
2772 1675 2909 1732 dixit
2938 1720 2954 1745 ,
2986 1677 3350 1739 Necessarium
3381 1727 3398 1751 ,
3441 1674 3534 1742 ar-

1917 1760 2032 1827 guit
2054 1761 2159 1816 illis
2179 1762 2346 1818 etiam
2371 1768 2738 1823 necessarium
2767 1768 2952 1828 fuisse.
2978 1773 3088 1829 Sed
3106 1778 3346 1847 quoniam
3367 1783 3527 1851 repel-

1917 1853 2060 1918 lttis;
2090 1870 2196 1910 non
2221 1856 2382 1925 dixit,
2415 1858 2509 1915 Va:
2536 1861 2690 1918 vobis
2717 1905 2732 1929 ,
2764 1880 2939 1936 neque
2964 1908 2979 1935 ,
3006 1868 3317 1929 Puniemini
3341 1892 3356 1940 ;
3384 1876 3480 1932 sed
3507 1919 3523 1941 ,

1915 1942 2270 2002 Convertimur
2315 1950 2387 2003 ad
2426 1961 2621 2023 gentes.
2680 1954 2873 2012 Viden’
2901 1970 3101 2031 quanta
3152 1965 3532 2025 moderatione

1916 2035 2072 2105 plena
2106 2039 2177 2093 sit
2204 2038 2399 2096 fiducia
2433 2043 2522 2098 illa
2547 2047 2572 2099 Υ
2600 2045 2692 2101 50.
2724 2040 2901 2104 Iudici
2943 2062 3112 2108 autem
3140 2058 3528 2116 concitaverunt

1915 2133 2156 2187 mulieres
2179 2134 2445 2205 religiosas
2467 2148 2516 2192 et
2532 2139 2794 2207 honestas,
2821 2154 2870 2197 et
2897 2146 3093 2215 primos
3118 2150 3359 2220 civitatis,
3386 2164 3433 2209 et
3449 2170 3533 2210 ea:-

1910 2224 2184 2279 cituverunt
2211 2231 2651 2298 persequutionem
2686 2234 2743 2288 in
2793 2233 3020 2291 Paulum
3046 2249 3093 2295 et
3115 2239 3410 2298 Barnabam
3426 2286 3446 2313 ,
3464 2258 3518 2302 et

1909 2317 2167 2384 ejecerunt
2196 2334 2283 2373 eos
2311 2319 2375 2374 de
2397 2322 2583 2391 ﬁnibus
2603 2325 2733 2380 suis.
2764 2326 2954 2385 Viden‘
2979 2342 3239 2401 quantum
3270 2336 3520 2407 profece-

1910 2410 2015 2462 riut
2059 2411 2149 2480 qui
2198 2412 2631 2471 adversabantur
2682 2419 3105 2489 prtedicationi:
3150 2425 3203 2481 in
3254 2439 3517 2499 quantam

1908 2499 2295 2568 impudentiam
2327 2505 2451 2563 illas
2478 2507 2857 2567 adduxerim?
2901 2514 2994 2572 5L
3026 2516 3095 2570 At
3130 2518 3213 2573 illi
3243 2560 3260 2587 ,
3301 2538 3523 2579 excusso

1906 2594 2112 2660 pulvere
2137 2597 2323 2666 pedum
2354 2599 2407 2653 in
2434 2617 2519 2656 eos
2541 2640 2557 2666 ,
2589 2616 2833 2659 venerunt
2862 2603 3123 2664 Iconium.
3150 2610 3249 2667 Hic
3272 2616 3517 2672 terribile

1904 2682 2034 2738 illud
2080 2684 2329 2743 fecerunt
2359 2692 2505 2761 quod
2534 2693 2777 2763 jusserat
2805 2696 3055 2755 Christus
3086 2700 3281 2758 dicens
3312 2722 3325 2758 :
3362 2705 3431 2760 Et
3474 2709 3519 2762 si

1899 2778 2013 2847 quis
2042 2795 2129 2833 vos
2155 2797 2258 2835 non
2286 2787 2555 2855 receperit,
2584 2788 2775 2857 egressi
2795 2791 3016 2846 excutite
3035 2794 3294 2862 pulverem
3322 2800 3514 2867 pedum

1900 2878 2180 2924 vestrorum
2211 2871 2429 2941 (Matth.
2466 2876 2553 2931 10.
2582 2878 2671 2933 ts.
2706 2877 2883 2934 Marc.
2909 2882 2964 2937 ϐ.
2998 2884 3110 2954 Η).
3134 2885 3215 2941 illi
3248 2902 3379 2945 vero
3404 2905 3517 2947 non

1901 2968 2103 3017 temere
2126 2965 2229 3019 hoc
2256 2963 2504 3023 fecerunt
2523 3009 2540 3034 ,
2572 2970 2668 3025 sed
2694 2981 2983 3045 postquam
3013 2976 3175 3047 eiecti
3203 2989 3331 3037 sunt
3352 2981 3422 3038 ab
3452 2984 3519 3039 il-

1898 3053 1985 3107 lis.
2019 3054 2285 3113 Cancrum
2316 3074 2494 3131 neque
2524 3061 2627 3117 boc
2656 3064 2938 3136 discipulis
2967 3070 3173 3137 nocuit,
3214 3071 3310 3128 sed
3338 3078 3518 3147 magis

1900 3148 2317 3213 perseverarunt
2345 3153 2396 3204 in
2436 3154 2626 3209 verbo.
2659 3154 2784 3210 Ideo
2813 3156 2917 3213 hoc
2954 3159 3245 3235 declarans
3267 3164 3455 3235 adjicit
3489 3187 3503 3223 ε

1898 3235 1989 3292 52.
2016 3236 2274 3327 Discipuli
2293 3252 2468 3297 autem
2489 3246 2820 3317 replebantur
2835 3251 3029 3322 gaudio
3057 3294 3073 3317 ,
3094 3264 3145 3308 et
3166 3254 3377 3327 Spiritu
3393 3275 3509 3315 san-

1894 3342 1996 3386 cto.
2037 3332 2279 3406 Magistri
2310 3351 2546 3409 namque
2567 3353 2809 3396 aerumna
2841 3343 3092 3416 discipuli
3122 3347 3371 3406 ﬁduciam
3398 3367 3514 3409 non

1895 3424 2160 3491 tollit,sed
2186 3425 2509 3483 aiacriorem
2540 3430 2691 3487 illum
2717 3433 2917 3489 reddit.
2972 3437 3144 3510 (Cap.
3169 3440 3277 3513 id.)
3305 3443 3359 3498 i.
3387 3442 3503 3499 Fa-

1892 3525 2028 3609 ctum
2049 3528 2122 3571 est
2142 3530 2310 3574 autem
2336 3519 2526 3590 Iconii,
2556 3535 2611 3577 ut
2637 3526 2795 3580 simul
2819 3528 3160 3586 introirentin
3182 3550 3503 3609 synagogam

1890 3608 2197 3663 Judteorum
2222 3652 2237 3676 ,
2267 3621 2313 3666 et
2339 3613 2668 3687 loquerentur
2693 3660 2708 3682 ,
2738 3620 2811 3673 ita
2833 3630 2888 3673 ut
2911 3624 3173 3679 crederent
3198 3626 3507 3688 ludatur-um

1891 3713 1937 3756 et
1966 3703 2261 3759 amcorum
2286 3710 2495 3779 copiosa
2521 3713 2821 3769 multitudo.
2844 3714 3082 3772 Rarsum
3111 3720 3165 3774 in
3194 3735 3501 3796 synagogas

1888 3798 2183 3854 introeunt.
2212 3799 2346 3857 Vide
2366 3804 2643 3873 quomodo
2667 3820 2775 3860 non
2808 3808 3108 3866 timidiores
3138 3812 3318 3870 eli'ecti
3343 3816 3497 3886 siut,

1891 3906 2012 3944 cum
2039 3891 2344 3961 dixissent,
2375 3892 2727 3951 Convertimur
2754 3900 2821 3952 ad
2859 3910 3051 3972 gentes.
3098 3903 3175 3958 Ex
3207 3906 3506 3967 abundanti

1894 3992 2076 4039 tamen
2110 3986 2219 4040 iliis
2246 3988 2656 4046 excusationem
2690 3992 2905 4049 tollunt.
2957 3992 3050 4049 Ita
3097 4008 3151 4051 ut
3192 4001 3501 4072 crederent,

1890 4077 2085 4147 inquit,
2113 4077 2419 4135 Judteorum
2444 4092 2491 4139 et
2516 4081 2816 4140 Graecorum
2843 4089 3051 4160 copiosa
3066 4092 3361 4150 multitudo.
3395 4097 3501 4153 Ve-

1890 4170 2116 4225 risimile
2153 4185 2237 4227 est
2266 4176 2408 4229 enim
2442 4176 2565 4233 illos
2610 4177 2773 4234 etiam
2827 4179 3035 4239 Gracis
3061 4186 3410 4256 prmdicasse.
3436 4193 3493 4249 9..

1890 4262 1990 4329 Qui
2032 4281 2148 4319 vero
2188 4267 2438 4322 increduli
2477 4269 2684 4340 [uerunt
2720 4271 2897 4329 λιιάωί
2933 4279 3307 4336 suscitaverunt
3344 4294 3392 4338 ct
3430 4290 3499 4341 ad

1880 4354 2199 4410 iracundiam
2226 4360 2607 4416 concitaverunt
2632 4364 2833 4418 animas
2857 4368 3083 4437 gentium
3103 4372 3347 4429 adversus
3377 4379 3494 4447 frte-

1880 4456 1998 4502 tres.
2027 4448 2198 4507 Simul
2226 4465 2358 4521 ergo
2400 4453 2563 4508 etiam
2592 4464 2784 4522 gentes
2811 4459 3149 4527 excitarunt,
3181 4465 3338 4535 quasi
3370 4482 3491 4523 nou-
3579 4524 3583 4528 _

1879 4540 2013 4595 satis
2045 4552 2231 4598 essent
2277 4544 2400 4616 ipsi.
2435 4546 2546 4602 Cur
2593 4549 2754 4619 igitur
2802 4551 3002 4609 istbine
3044 4570 3155 4611 non
3192 4560 3497 4618 exierunt?

1878 4634 2012 4701 Quia
2036 4652 2143 4691 non
2172 4638 2539 4708 pellebantur,
2567 4642 2664 4698 sed
2689 4650 2900 4701 tantum
2932 4645 3409 4721 impugnabantur.
3433 4658 3490 4714 5.

1878 4727 2046 4783 Multo
2070 4730 2228 4799 igitur
2259 4740 2488 4801 tempore
2514 4732 2765 4791 demorati
2790 4748 2910 4793 sunt
2944 4781 2962 4807 ,
2990 4742 3306 4811 ﬁducialiter
3324 4765 3492 4821 agen-

1879 4830 1952 4874 tes
1984 4821 2037 4874 in
2080 4821 2303 4877 Domino
2328 4865 2343 4890 ,
2388 4825 2732 4881 testimonium
2768 4830 3063 4899 perhibente
3108 4838 3261 4893 verbo
3305 4843 3501 4912 gratias

1875 4913 2039 4984 ipsius
2071 4955 2086 4979 ,
2127 4915 2282 4971 dante
2308 4917 2457 4989 signa
2480 4929 2529 4973 et
2557 4922 2793 4995 prodigia
2830 4925 2946 4993 ﬁeri
2966 4944 3058 4996 per
3085 4946 3269 4987 manus
3287 4950 3489 4994 eorum.

1879 5005 1991 5061 Hoc
2013 5006 2260 5062 ﬁduciam
2282 5009 2517 5065 addebat
2540 5028 2556 5077 ;
2581 5012 2691 5067 imo
2711 5013 2967 5073 ﬁduciam
2994 5020 3231 5078 addebat
3246 5025 3497 5094 ipsorum.

1877 5097 2145 5153 alacritas.
2178 5097 2307 5190 ideo
2337 5116 2570 5171 namque
2596 5110 2774 5160 rarius
2803 5108 2958 5179 signa
2982 5109 3263 5170 faciebant
3288 5134 3304 5183 ;
3336 5122 3485 5190 quod

1876 5197 2055 5243 autem
2087 5188 2363 5247 auditores
2390 5194 2719 5264 crederent,
2752 5197 2896 5255 inter
2919 5201 3072 5272 signa
3096 5188 3483 5276 reputantium.

1876 5282 2091 5351 Aliquid
2128 5284 2293 5355 igitur
2336 5288 2662 5356 operabatur
2687 5290 2903 5349 dicendi
2936 5295 3181 5355 libertas.
3209 5303 3265 5357 4.
3299 5302 3483 5363 Divisa

1874 5384 1946 5427 est
1974 5386 2144 5429 autem
2176 5378 2452 5437 multitudo
2494 5380 2717 5437 civitatis
2751 5399 2772 5438 :
2797 5388 3009 5455 quidam
3040 5404 3185 5447 eram
3221 5412 3339 5451 cum
3373 5398 3485 5455 Ju-

1874 5468 1997 5521 daei:
2020 5508 2036 5533 ,
2062 5468 2272 5537 quidam
2299 5487 2416 5524 cum
2440 5473 2706 5541 apostolis.
2738 5476 2860 5533 Non
2885 5494 3078 5551 parum
3109 5485 3259 5543 addit
3281 5488 3352 5545 ad
3381 5506 3489 5546 ac--

1874 5559 2206 5614 cusationem
2253 5560 2397 5630 quod
2428 5564 2762 5621 scindantur.
2798 5569 2912 5626 Hoc
2941 5584 3060 5629 erat
3088 5577 3232 5646 quod
3258 5578 3477 5639 dicebat

1873 5649 2118 5744 Chrisms
2144 5670 2157 5705 :
2186 5650 2306 5707 Non
2330 5656 2442 5708 veni
2464 5672 2639 5724 pacem
2663 5662 2880 5725 mittere,
2900 5666 2991 5719 sed
3012 5668 3243 5736 gladium
3258 5672 3480 5744 (Matt/1.

1878 5741 1962 5797 l0.
1989 5742 2103 5812 54).
2128 5744 2180 5798 5.
2204 5744 2331 5799 Cum
2350 5756 2519 5801 autem
2553 5752 2724 5820 factus
2744 5766 2873 5808 esset
2896 5757 3114 5825 impetus
3142 5741 3407 5833 gentilium
3431 5781 3479 5820 et

1872 5834 2175 5889 Judazorum
2200 5853 2316 5891 cum
2341 5841 2658 5911 principibus
2698 5847 2803 5900 suis
2834 5888 2848 5912 ,
2883 5859 2937 5901 ut
2962 5855 3281 5909 contumeliis
3306 5858 3485 5927 aﬂice-

1875 5940 1985 5985 rent
2009 5940 2054 5984 et
2085 5930 2373 5999 lapidarent
2393 5949 2496 6001 eos,
2523 5932 2575 5990 6.
2600 5932 2945 6008 Intelligcntes
2966 5947 3305 6018 confugerunt
3320 5949 3389 6002 ad
3404 5951 3481 6002 cie
