4082 6494
602 431 705 478 Μ

601 548 783 599 vitales
796 559 910 614 qua!
921 538 1795 612 circumerantLycaoniteLystram
1817 548 1864 593 et
1886 534 2080 589 Derben
2105 576 2120 598 ,
2140 546 2187 587 et

602 630 885 687 uniuersalis
927 638 978 687 in
1020 635 1233 687 circuitu
1268 634 1520 703 regionem
1553 672 1569 695 ,
1597 638 1646 683 et
1682 628 1751 683 ibi
1790 626 2188 698 euangel‘wntes

602 743 718 781 mm
727 736 763 781 t.

668 820 725 875 2.
761 819 992 874 Rursum
1030 818 1181 888 quasi
1220 818 1341 872 data
1397 828 1561 885 opera
1596 813 1886 870 extendere
1932 810 2180 866 volentes

604 911 1034 981 praedicationem
1062 952 1077 974 .
1110 920 1386 981 postquam
1415 914 1759 978 augmentum
1789 903 1994 973 accepit
2018 944 2034 967 ,
2084 904 2185 957 ite-

602 1021 717 1060 rum
742 1005 862 1059 illos
885 1004 1101 1074 pellunt.
1135 1003 1265 1057 Vide
1288 1003 1487 1072 ubique
1516 999 1959 1070 persequutiones
1988 1010 2181 1065 magna

551 1153 559 1159 .
596 1098 809 1169 operari
853 1099 989 1153 bona
1013 1107 1116 1160 ,et
1167 1103 1552 1166 persequentes
1603 1092 1744 1147 vinci
1774 1134 1789 1159 ,
1824 1090 2007 1161 pulsos
2049 1104 2177 1144 vero

598 1187 902 1258 splendidos
929 1187 1087 1243 elﬁci.
1118 1186 1248 1241 Nam
1287 1195 1344 1239 ut
1366 1186 1511 1239 venit
1541 1186 1787 1255 Lystram
1808 1222 1824 1244 .
1862 1181 2178 1235 miraculum

598 1295 843 1349 magnum
882 1278 1143 1349 patravit,
1182 1286 1364 1332 erecto
1397 1276 1588 1331 claudo
1615 1315 1631 1339 ,
1682 1283 1737 1328 et
1778 1287 1967 1342 magna
2000 1286 2175 1325 voce:

595 1371 867 1443 quomodo
893 1382 1093 1439 autem,
1122 1371 1267 1425 audi.
1300 1368 1367 1424 Et
1395 1369 1599 1441 quidam
1622 1368 1696 1421 uir
1719 1365 1918 1437 Lystris
1934 1366 2181 1432 infirmus

594 1465 803 1534 pedibus
822 1464 1041 1528 sedebat,
1068 1463 1278 1517 claudus
1303 1478 1366 1516 ea:
1390 1472 1530 1515 utero
1558 1460 1735 1514 matris
1760 1475 1886 1523 suae,
1917 1459 2009 1528 qui
2030 1474 2181 1510 num-

592 1571 744 1625 quam
767 1555 1129 1610 ambulaverat.
1159 1554 1209 1609 8.
1254 1552 1354 1607 Hic
1375 1554 1567 1607 audivit
1600 1552 1825 1605 Paulum
1870 1552 2172 1621 loquentem.

596 1648 696 1713 Qui
724 1648 936 1701 intuitus
961 1663 1094 1713 eum,
1122 1654 1169 1700 et
1197 1645 1365 1699 videns
1389 1646 1505 1715 quia
1534 1644 1684 1712 ﬁdem
1710 1644 1913 1697 haberet
1936 1652 1990 1695 ut
2009 1641 2178 1696 saluus

591 1741 768 1807 ﬁeret,
814 1739 868 1795 9.
900 1739 1030 1793 dixit
1075 1755 1259 1809 magna
1306 1753 1466 1793 voce:
1497 1737 1666 1808 Surge
1708 1752 1861 1806 super
1886 1734 2036 1806 pedes
2067 1744 2178 1788 tuos

593 1841 771 1886 rectus.
815 1832 882 1887 Et
920 1833 1133 1886 exsilivit
1158 1874 1172 1893 .
1204 1841 1250 1885 et
1292 1831 1600 1886 ambulabat.
1631 1829 1739 1885 Cur
1779 1845 1968 1900 magna
2001 1828 2177 1883 voce?

592 1927 657 1983 Ut
690 1927 857 1981 turba:
888 1926 1190 1981 crederent.
1239 1924 1376 1980 Vide
1416 1935 1638 1980 autem:
1670 1924 1956 1993 diligenter
1999 1933 2176 1976 atten-

592 2019 749 2072 debat
776 2016 935 2071 dictis
962 2016 1107 2070 Pauli
1138 2033 1153 2081 ;
1190 2017 1290 2071 hoc
1314 2016 1455 2070 enim
1482 2016 1583 2069 sibi
1617 2015 1732 2069 vult
1766 2014 1915 2079 illud,
1948 2014 2172 2068 Audiuit.

597 2109 777 2165 ‘t’idcn‘
823 2110 1251 2180 philosophiam?
1297 2109 1436 2164 Nihil
1477 2125 1542 2164 ex
1585 2108 1976 2164 claudicatione
2017 2109 2177 2163 lazsus

595 2203 646 2256 in
669 2200 919 2256 audiendi
941 2201 1137 2256 studio.
1160 2200 1259 2265 Qui
1280 2201 1490 2257 intuitus
1511 2217 1642 2266 eum,
1670 2200 1843 2255 videns
1867 2200 2003 2271 quod
2024 2200 2177 2267 ﬁdem

590 2292 792 2346 haberet
818 2303 873 2346 ut
894 2294 1062 2347 salvus
1086 2293 1245 2361 ﬁeret.
1270 2290 1387 2347 Jam
1414 2291 1841 2361 prmelectionem
1869 2294 1920 2346 in
1952 2291 2176 2345 familia-

592 2384 802 2438 ritatem
835 2392 1195 2453 assumpserat
1222 2400 1235 2435 :
1270 2382 1444 2436 etsiiu
1468 2380 1585 2436 aliis
1611 2383 1934 2436 contrarium
1978 2382 2173 2437 factum

589 2475 681 2531 sit.
707 2474 842 2531 Cum
875 2475 1017 2530 enim
1060 2474 1207 2544 prius
1244 2488 1468 2543 corpora
1513 2482 1869 2538 curaverant,
1899 2483 2025 2529 tunc
2061 2473 2176 2527 ani-

593 2580 707 2621 mas
730 2566 988 2622 curabant
1012 2583 1026 2621 :
1054 2566 1141 2620 hic
1168 2581 1296 2621 vero
1325 2581 1429 2620 non
1458 2566 1536 2620 sic
1558 2575 1774 2621 curatus
1805 2575 1907 2621 est.
1951 2565 2177 2621 Videtur

596 2659 725 2713 mihi
753 2659 947 2713 Paulus
973 2657 1039 2712 ad
1066 2658 1299 2712 animam
1328 2658 1649 2727 respexisse.
1684 2656 1748 2711 Et
1779 2656 1992 2712 exsilivit
2024 2699 2041 2725 ,
2090 2659 2173 2711 in-

591 2754 734 2825 quit,
768 2762 816 2807 et
854 2752 1164 2805 ambulabat.
1212 2750 1467 2805 Perfecta:
1514 2752 1759 2805 sanitatis
1807 2753 2015 2821 signum
2060 2762 2174 2805 erat

588 2846 729 2917 quod
760 2844 1072 2899 ambularet.
1105 2842 1193 2898 10.
1226 2842 1410 2897 Ταγὺω
1439 2852 1608 2897 autem
1637 2860 1751 2897 cum
1778 2844 2011 2897 uidissent
2036 2844 2172 2912 quod

590 2941 777 3010 fecerat
807 2933 1009 2988 Paulus
1028 2976 1044 3000 ,
1077 2934 1364 2988 levaverant
1388 2948 1558 2987 uocem
1586 2950 1751 2999 suam,
1783 2932 2064 3005 Lycaonice
2093 2935 2172 2987 di-

587 3038 790 3082 centes:
818 3025 903 3080 Dii
949 3026 1137 3079 similes
1178 3026 1301 3097 facti
1347 3024 1631 3079 hominibus
1655 3066 1669 3087 ,
1702 3026 2061 3079 descenderunt
2106 3028 2173 3079 ad

592 3136 701 3173 nos.
735 3119 822 3173 11.
862 3117 927 3171 Et
952 3117 1195 3171 uocabant
1232 3114 1524 3169 Barnabam
1548 3114 1725 3169 Jovem
1746 3157 1760 3177 ,
1792 3115 2019 3170 Paulum
2056 3133 2174 3171 vero

592 3210 899 3264 Mercurium
925 3224 946 3264 :
968 3210 1205 3279 quoniam
1230 3210 1339 3279 ipse
1364 3218 1470 3261 erat
1497 3208 1603 3263 dux
1623 3209 1774 3262 verbi.
1806 3207 1894 3263 12.
1919 3210 2173 3264 Sacerdos

588 3318 782 3374 quoque
804 3301 966 3367 lovis,
995 3300 1082 3364 qui
1108 3308 1214 3355 erat
1240 3309 1355 3353 ante
1381 3301 1631 3354 civitatem
1669 3300 1895 3365 illorum,
1928 3311 2100 3355 tauros
2126 3312 2173 3355 et

589 3412 801 3451 coronas
825 3406 940 3449 ante
961 3379 1164 3467 'januds
1205 3394 1423 3462 aﬂ'erens
1446 3435 1461 3460 ,
1494 3411 1607 3447 cum
1639 3396 1840 3463 populis
1873 3397 2065 3451 uolebat
2090 3416 2173 3451 sa-

592 3489 855 3558 criﬁcare.
901 3486 1006 3542 Sed
1055 3486 1159 3541 hoc
1207 3485 1441 3541 nondum
1488 3495 1605 3541 erat
1649 3486 2033 3542 manifestum:
2078 3504 2172 3544 sua

590 3583 732 3636 enim
763 3593 892 3634 voce
914 3578 1269 3648 loquebantur
1294 3578 1573 3633 dicentes:
1606 3577 1694 3631 Dii
1717 3579 1905 3634 similes
1934 3583 2056 3652 facti
2081 3582 2173 3635 ho-

592 3672 828 3734 minibus,
852 3670 1219 3724 descenderunt
1237 3671 1305 3723 ad
1328 3686 1452 3734 nos;
1480 3669 1602 3724 ideo
1624 3670 1753 3725 nihil
1778 3671 1883 3725 illis
1902 3672 2169 3727 dicebant.

592 3764 721 3818 Cum
747 3773 925 3817 autem
950 3777 1179 3816 coronas
1201 3762 1477 3824 viderunt,
1512 3771 1637 3816 tunc
1666 3763 1867 3833 egressi
1897 3764 2172 3820 sciderunt

596 3856 908 3910 vestimenta
936 3868 1053 3908 sua.
1083 3855 1170 3910 15.
1206 3854 1354 3922 Quod
1384 3855 1467 3907 ubi
1506 3856 1773 3910 audierunt
1798 3857 2015 3927 apostoli
2037 3856 2172 3911 Bar-

594 3946 751 4001 nabas
778 3955 827 4000 et
859 3945 1080 4011 Paulus,
1110 3946 1375 4000 conscissis
1398 3946 1614 4000 uestibus
1639 3947 1765 4013 suis,
1794 3946 2084 4003 easilierunt
2119 3950 2173 4004 in

593 4040 809 4100 turbam,
835 4038 1109 4091 clamantes
1134 4037 1223 4092 14.
1254 4048 1302 4092 et
1329 4037 1549 4092 dicentes
1573 4053 1594 4092 :
1628 4036 1759 4106 Viri,
1787 4039 1910 4109 quid
1932 4041 2026 4094 hac
2041 4042 2171 4113 faci-

596 4130 771 4183 tis?et
818 4146 908 4182 nos
935 4129 1166 4183 similiter
1192 4137 1246 4181 ut
1284 4144 1372 4181 vos
1411 4128 1672 4198 passibiles
1714 4146 1888 4184 sumus
1927 4132 2169 4187 homines.

598 4222 728 4277 Vide
756 4222 873 4277 illos
898 4224 1095 4293 ubique
1121 4237 1151 4276 a
1176 4222 1361 4292 gloria
1383 4206 1560 4278 studio
1583 4224 1810 4279 mundos
1838 4242 1853 4280 :
1878 4241 1981 4280 non
2014 4228 2172 4282 modo

597 4331 700 4369 non
745 4314 1150 4377 desiderantes,
1199 4314 1293 4369 sed
1334 4316 1566 4369 oblatam
1611 4315 1986 4386 depellentes:
2020 4328 2075 4373 ut
2118 4330 2174 4375 et

596 4409 784 4462 Petrus
826 4407 1074 4460 dicebat:
1103 4405 1239 4473 Quid
1282 4422 1373 4458 nos
1419 4407 1725 4473 intuemini,
1770 4410 1936 4479 quasi.
1964 4413 2173 4482 prapria

595 4502 774 4553 virtute
791 4498 868 4553 uel
892 4498 1073 4568 pietate
1094 4499 1358 4567 fecerimus
1380 4491 1785 4554 ltunc'ambulare
1800 4501 1935 4573 (Act.
1959 4505 2015 4557 5.
2040 4503 2126 4575 l2)
2148 4508 2171 4559 ?

598 4594 659 4648 lli
695 4608 908 4663 quoque
953 4591 1183 4661 idipsum
1213 4591 1415 4645 dicunt.
1442 4591 1637 4661 Joseplt
1666 4594 1825 4648 etiam
1855 4594 2065 4651 dicebat
2104 4598 2172 4654 de

598 4685 818 4739 somniis
846 4701 859 4736 :
894 4682 1079 4738 Nonne
1111 4699 1146 4737 a
1181 4682 1291 4737 Deo
1316 4685 1659 4756 manifestatio
1696 4702 1869 4740 eorum
1897 4686 2047 4759 (Gen.
2080 4690 2167 4746 40.

599 4778 652 4847 8)
673 4776 697 4830 ?
720 4786 774 4830 et
799 4776 1018 4846 perinde
1048 4775 1231 4831 Daniel
1258 4794 1271 4829 :
1307 4775 1372 4829 Et
1401 4776 1527 4828 mihi
1555 4793 1656 4829 non
1677 4777 1732 4831 in
1752 4779 2002 4844 mpientia
2022 4823 2036 4843 ,
2062 4798 2173 4847 qua:

596 4871 648 4923 in
695 4884 774 4922 me
798 4878 901 4933 est,
928 4867 1201 4923 revelatum
1224 4880 1298 4922 est
1324 4869 1486 4936 (Dan.
1517 4869 1572 4923 2.
1605 4870 1715 4941 50).
1752 4871 1819 4925 Et
1850 4871 2043 4928 Paulus
2073 4875 2173 4930 hoc

596 4961 790 5031 ubique
818 4961 947 5016 dicit
971 5003 985 5025 .
1034 4970 1092 5015 ut
1128 4966 1229 5016 hoc
1266 4962 1384 5015 loco
1416 4981 1429 5015 :
1463 4961 1531 5015 Et
1570 4964 1640 5017 ad
1667 4967 1777 5019 hac
1805 4968 1916 5036 quis
1940 4968 2117 5038 srqﬁcit
2146 4970 2173 5023 .’

593 5064 646 5108 et
673 5068 881 5107 rursum
912 5071 925 5107 :
955 5052 1077 5107 Non
1103 5052 1235 5122 quod
1261 5053 1557 5122 suﬁcientes
1596 5056 1754 5109 simus
1792 5074 1825 5110 a
1862 5061 2002 5113 nobis
2047 5061 2172 5128 ipsis

594 5146 832 5214 cogitare,
864 5145 1009 5214 quasi
1041 5160 1103 5198 ea:
1128 5144 1313 5208 nobis;
1340 5144 1429 5198 sed
1453 5146 1748 5216 suﬁcientia
1774 5160 1949 5203 nostra
1974 5168 2038 5205 ea:
2062 5151 2171 5206 Deo

595 5248 661 5288 νει
696 5236 771 5303 (2.
800 5235 920 5290 Cor.
948 5236 1123 5292 2.16.
1153 5248 1198 5289 et
1223 5238 1280 5292 5.
1311 5238 1387 5307 5).
1419 5238 1523 5292 Sed
1548 5240 1821 5309 superiora
1844 5254 2166 5311 repetamus.

595 5329 707 5383 Non
736 5334 851 5383 sine
870 5346 1031 5385 causa
1058 5332 1225 5384 turba:
1254 5331 1384 5399 ipsis
1407 5332 1679 5386 haeserunt
1702 5349 1718 5397 ;
1747 5334 1839 5387 sed
1862 5337 2169 5403 quomodo?

597 5423 873 5492 llogabant
899 5465 914 5488 ,
946 5436 1004 5477 ut
1054 5424 1184 5493 ipsis
1230 5423 1417 5478 eadem
1460 5425 1652 5479 iterum
1701 5426 2081 5495 loquerentur.
2114 5443 2168 5485 et

590 5517 843 5586 operibus
868 5518 1100 5572 studium
1126 5517 1492 5572 declarabant.
1528 5516 1656 5572 Vide
1678 5518 1872 5589 ubique
1897 5532 2162 5591 rogantes,

592 5625 689 5665 nec
718 5610 1028 5679 simpliciter
1051 5612 1371 5681 recipientes
1391 5655 1406 5677 ,
1439 5612 1523 5666 vel
1547 5610 1843 5667 adulantes.
1873 5612 1996 5668 Ideo
2024 5615 2168 5669 dice-

592 5705 680 5757 bat
703 5720 717 5757 :
750 5703 848 5770 Qui
868 5703 1203 5773 colloquentes
1223 5720 1336 5757 cum
1360 5705 1453 5772 eis,
1480 5703 1847 5773 persuadebunt
1876 5706 1947 5760 eis
1968 5723 2167 5775 perma-

591 5814 705 5849 nere
735 5797 788 5849 in
835 5796 1001 5865 gratia
1040 5793 1157 5849 Dei.
1200 5796 1306 5849 Cur
1334 5813 1437 5850 non
1486 5808 1640 5851 antea
1686 5798 2167 5854 contradicebant?

591 5890 717 5956 Quia
763 5890 971 5945 interim
1012 5890 1305 5945 munitores
1346 5890 1713 5961 quiescebant.
1748 5892 1939 5950 Viden’
1969 5894 2164 5963 ubique

1338 430 1393 486 S.
1439 427 1710 486 ιοΑΝΝιε
1748 421 2220 483 CllRYSOSTOMI
2262 417 2574 475 ARCBIEP.
2616 417 3146 476 CONSTANTINOP.

3778 424 3886 481 22d

2295 530 2412 585 illos
2437 546 2504 585 ex
2532 530 2778 601 passione
2807 533 3010 586 moveri
3038 533 3063 585 ?
3090 532 3199 588 Nec
3229 531 3388 587 modo
3415 535 3886 602 contradicebant.

2292 620 2387 676 sed
2434 623 2595 675 etiam
2641 621 3084 690 blasphemabant
3128 642 3142 679 :
3188 626 3385 679 malitia
3425 627 3570 682 enim
3619 643 3890 699 nusquam

2288 713 2510 783 gradum
2543 716 2706 769 sistit.
2753 715 2855 770 Sed
2884 715 3007 771 vide
3042 717 3255 773 dicendi
3298 719 3599 775 libertatem
3628 739 3641 774 :
3689 720 3843 776 Vobis
3866 766 3887 788 .

2289 806 2494 876 inquit,
2527 806 2787 875 oportebat
2813 810 3030 876 primum
3070 810 3208 877 loqui
3234 810 3432 865 verbum
3456 828 3476 877 ,'
3502 814 3621 881 quia
3650 829 3765 868 uero
3786 831 3880 868 re-

2291 898 2480 966 pellitis
2506 897 2659 954 illud.
2692 898 2833 954 Nihil
2859 901 3245 955 contumeliose
3275 902 3493 957 dictum.
3521 903 3673 969 Quod
3712 906 3883 959 etiam

2289 992 2340 1045 in
2372 992 2645 1061 prophetis
2678 991 2834 1047 [iebat
2864 1012 2879 1047 :
2912 992 2994 1047 Ne
3035 994 3349 1063 loquamini,
3399 995 3605 1066 inquit,
3655 996 3883 1068 loquela.

2289 1083 2423 1150 Quia
2450 1101 2565 1139 vero
2592 1083 2849 1155 repulistis
2877 1086 3028 1151 illud,
3062 1086 3253 1153 inquit,
3284 1103 3389 1142 non
3419 1104 3515 1143 nos
3549 1108 3565 1144 :
3594 1106 3701 1144 non
3728 1092 3881 1146 enim

2286 1178 2340 1231 in
2387 1192 2485 1231 nos
2531 1178 2851 1233 contumelia
2892 1188 3069 1234 vestra
3099 1181 3344 1236 vertitur.
3386 1181 3463 1237 Ne
3492 1185 3611 1253 quis
3636 1186 3779 1239 enim
3810 1201 3883 1240 ex

2284 1271 2481 1340 pietate
2514 1280 2659 1339 putet
2698 1270 2821 1325 illud
2852 1286 3002 1335 esse,
3038 1271 3287 1344 Indignas
3314 1290 3401 1327 vos
3423 1276 3708 1345 judicatis;
3753 1277 3880 1333 ideo

2286 1364 2433 1434 prius
2462 1364 2595 1418 dixit
2619 1406 2633 1429 ,
2662 1362 2930 1434 Repellitis
2956 1364 3089 1419 illud
3111 1382 3129 1429 ;
3157 1375 3212 1421 et
3241 1376 3366 1422 tunc
3392 1366 3538 1422 addit
3562 1410 3577 1433 ,
3610 1367 3874 1424 Converti-

2282 1471 2398 1508 mur
2424 1455 2491 1507 ad
2516 1466 2702 1525 gentes.
2750 1456 2909 1510 Multa
2949 1456 3163 1525 plenum
3202 1460 3615 1514 mansuetudine
3637 1461 3871 1517 dictum.

2282 1546 2397 1602 Non
2420 1546 2572 1609 dixit,
2608 1547 3037 1618 Derelinquimus
3066 1565 3159 1603 vos
3179 1593 3195 1616 ,
3233 1550 3565 1619 ostendens,
3595 1568 3759 1621 posse
3781 1554 3879 1610 ad-

2283 1636 2387 1692 huc
2414 1639 2531 1693 illos
2559 1640 2797 1694 converti
2828 1656 2842 1704 ;
2873 1648 2927 1694 et
2954 1639 3054 1695 hoc
3086 1656 3189 1695 non
3219 1651 3438 1710 pr0pter
3472 1653 3708 1697 vestram
3744 1659 3874 1699 con-

2284 1730 2551 1784 tumeliam
2580 1731 2772 1785 factum
2810 1739 2929 1786 est:
2960 1732 3031 1785 ita
3059 1736 3202 1787 enim
3228 1742 3552 1802 praeceptum
3581 1743 3665 1789 est
3692 1736 3870 1791 nobis.

2280 1820 2567 1893 Oportebat
2615 1824 2830 1889 quidem
2873 1833 3061 1895 gentes
3086 1825 3311 1887 audire;
3343 1840 3531 1880 verum
3564 1826 3666 1880 hoc
3706 1842 3813 1880 non
3842 1842 3873 1882 a

2282 1918 2432 1971 nobis
2458 1959 2472 1981 ,
2521 1917 2613 1973 sed
2643 1934 2672 1971 a
2712 1918 2865 1973 vobis
2911 1919 3104 1972 factum
3134 1928 3256 1984 est,
3287 1920 3427 1989 quod
3473 1936 3503 1974 a
3550 1919 3706 1975 nobis
3756 1920 3871 1976 ﬁeri

2280 2010 2577 2079 Oportebat.
2607 2010 2696 2065 Sic
2719 2011 2875 2076 enim,
2903 2010 3073 2079 inquit
3091 2052 3106 2071 .
3134 2012 3373 2080 pracepit
3400 2012 3543 2065 nobis
3572 2011 3824 2065 Dominus
3852 2029 3873 2068 :

2280 2100 2442 2155 Posui
2468 2112 2514 2154 te
2541 2101 2591 2153 in
2620 2101 2782 2154 lucem
2809 2102 3030 2172 gentium
3053 2142 3068 2166 ,
3098 2111 3154 2155 ut
3184 2103 3255 2155 sis
3280 2103 3334 2155 in
3362 2104 3575 2156 salutem
3602 2120 3620 2165 ;
3652 2103 3702 2157 id
3744 2113 3833 2159 est
3853 2144 3871 2170 ,

2280 2194 2334 2250 in
2361 2196 2719 2266 cognitionem
2752 2211 2869 2265 quae
2900 2196 2970 2250 sit
3009 2195 3075 2250 ad
3106 2197 3330 2250 salutem
3356 2236 3371 2259 ,
3416 2212 3521 2250 non
3547 2196 3871 2263 simpliciter

2280 2289 2536 2357 gentium,
2569 2287 2665 2342 sed
2690 2288 2927 2341 omnium
2958 2288 3217 2356 gentium.
3250 2287 3362 2341 Hoc
3388 2287 3530 2341 enim
3559 2287 3831 2357 signiﬁcat
3853 2330 3873 2353 ,

2278 2395 2398 2435 cum
2427 2379 2557 2434 dixit
2583 2396 2596 2432 :
2630 2380 2883 2449 Quotquot
2913 2390 3057 2433 erant
3093 2380 3424 2449 praeordinati
3452 2380 3506 2433 in
3534 2382 3689 2433 vitam
3717 2390 3871 2435 ater-

2278 2490 2416 2526 nam.
2466 2472 2533 2526 Et
2580 2473 2681 2527 hoc
2728 2473 2977 2527 indicium
3012 2482 3093 2527 est
3125 2472 3246 2527 illos
3276 2472 3573 2527 secundum
3622 2472 3875 2527 volunta-

2281 2574 2385 2619 tem
2418 2564 2506 2619 Dei
2535 2564 2755 2619 assumi.
2779 2562 3129 2618 Prteordinati
3149 2564 3297 2626 dicit.
3328 2576 3383 2635 ut
3409 2563 3661 2619 ostendat
3685 2564 3735 2617 id
3762 2580 3871 2619 non

2281 2672 2373 2725 per
2403 2657 2772 2711 necessitatem
2805 2654 2940 2710 lieri.
2974 2655 3114 2721 Quos
3158 2657 3291 2709 enim
3321 2655 3605 2723 praesciuit,
3655 2654 3827 2725 inquit
3850 2696 3868 2718 ,

2276 2758 2323 2803 et
2354 2747 2723 2817 prtedestinavit
2765 2747 2943 2817 (Rom.
2989 2746 3043 2801 8.
3074 2744 3191 2816 29).
3237 2745 3353 2799 Non
3397 2746 3506 2814 jam
3556 2747 3608 2800 in
3650 2746 3871 2803 civitato

2276 2840 2502 2910 dispersi
2530 2848 2700 2903 erant,
2730 2839 2822 2893 sed
2850 2840 3015 2894 etiam
3044 2840 3094 2892 in
3123 2838 3364 2909 regione.
3397 2838 3692 2893 Audientes
3718 2839 3871 2895 enim

2275 2934 2501 3003 gentiles
2527 2974 2539 2994 ,
2570 2941 2625 2987 et
2659 2933 2759 3001 ipsi
2802 2931 2957 3001 paulo
2988 2940 3109 3001 post
3144 2941 3509 2987 accesserunt.
3538 2932 3711 2987 Judwi
3748 2949 3871 2989 vero

2277 3029 2590 3080 concitarunt
2620 3024 2853 3080 mulieres
2888 3026 3176 3095 religiosas,
3208 3034 3253 3080 et
3277 3027 3708 3097 persequutionem
3729 3025 3872 3079 exci-

2278 3130 2459 3175 tauere.
2503 3119 2782 3189 Perpende
2824 3133 2919 3174 eos
2962 3136 3141 3174 rerum
3184 3135 3215 3174 a
3244 3119 3563 3174 mulieribus
3591 3129 3869 3190 gestarum

2276 3219 2524 3265 auctores
2554 3225 2693 3265 esse.
2728 3208 2793 3262 Et
2818 3210 3068 3279 ejecerunt
3098 3226 3182 3263 eos
3210 3226 3242 3262 a
3268 3210 3451 3279 finibus
3481 3212 3631 3274 suis;
3660 3226 3767 3264 non
3794 3212 3873 3266 ab

2275 3304 2406 3359 urbe
2437 3312 2640 3357 tantum
2667 3345 2683 3369 ,
2712 3302 2805 3358 sed
2837 3312 2889 3357 et
2915 3319 2942 3355 a
2975 3304 3190 3373 regione
3221 3311 3351 3357 tota.
3388 3302 3589 3358 Deinde
3618 3302 3721 3358 hoc
3752 3310 3890 3359 ter-'

2279 3396 2483 3450 ribilins
2508 3404 2591 3449 est
2616 3412 2628 3449 :
2660 3393 2911 3465 Discipuli
2940 3404 3105 3447 autem
3131 3434 3145 3456 ,
3177 3395 3368 3464 inquit,
3394 3396 3574 3465 repleti
3595 3405 3712 3450 sunt
3737 3413 3873 3467 gau-

2275 3487 2361 3539 dio
2404 3496 2450 3539 et
2485 3485 2688 3557 Spiritu
2737 3494 2931 3553 sancto.
2974 3485 3322 3540 Pcllebantur
3364 3486 3612 3541 doctores
3640 3529 3657 3549 .
3698 3495 3755 3541 et
3786 3486 3871 3544 illi

2275 3578 2597 3647 gaudebant.
2636 3578 2883 3632 Vidistin'
2910 3587 3151 3632 naturam
3178 3576 3444 3647 Evangelii
3482 3577 3733 3633 virtutem
3766 3578 3871 3635 ba-

2274 3672 2489 3727 bentem
2515 3672 2734 3727 multam
2757 3670 2781 3725 ?
2804 3671 2883 3725 Ad
2906 3672 3227 3725 iracundiam
3246 3676 3640 3747 concitaverunt,
3671 3672 3869 3743 inqit,

2275 3769 2470 3819 animos
2511 3765 2735 3835 gentium
2778 3764 3021 3818 adversus
3060 3767 3292 3836 fratres;
3323 3764 3374 3817 id
3418 3774 3524 3829 est,
3551 3752 3870 3820 calumniati

2276 3866 2402 3911 sunt
2445 3857 2741 3925 apostolos,
2770 3856 2837 3911 de
2882 3856 3117 3911 millibus
3146 3870 3241 3910 eos
3267 3864 3585 3911 accusarunt
3612 3897 3629 3923 ,
3658 3866 3714 3911 et
3744 3857 3873 3913 illos

2276 3950 2549 4019 simplices
2574 3949 2803 4020 maligne
2831 3948 3148 4004 affecerunt.

2347 4043 2401 4098 5.
2443 4042 2510 4097 Et
2532 4042 2651 4096 vide
2676 4082 2691 4105 ,
2720 4040 2995 4112 quomodo
3025 4041 3222 4112 ubique
3268 4051 3435 4095 totum
3484 4045 3595 4097 Deo
3642 4039 3869 4097 referat.

2276 4132 2443 4187 Multo
2492 4144 2749 4205 tempore,
2796 4133 3010 4203 inquit,
3056 4133 3302 4186 demorati
3347 4143 3501 4197 sunt,
3558 4132 3874 4203 ﬁducialiter

2274 4236 2478 4298 agentes
2503 4228 2554 4279 in
2582 4226 2822 4290 Domino,
2850 4225 3189 4279 testimonium
3213 4224 3502 4294 perhibente
3519 4225 3666 4278 uerbo
3684 4227 3873 4296 gratia

2274 4319 2435 4391 ipsius
2460 4358 2474 4371 .
2522 4318 2600 4373 Ne
2640 4318 2766 4387 quid
2818 4317 2905 4373 hic
2951 4317 3291 4372 imminutum
3342 4329 3518 4387 putes.
3548 4317 3685 4374 Cum
3714 4320 3868 4375 enim

2275 4412 2537 4476 dicerent,
2564 4411 2664 4478 Qui
2694 4411 3031 4465 testimonium
3055 4410 3193 4464 dedit
3223 4410 3315 4466 sub
3354 4409 3544 4465 Pontio
3580 4411 3753 4466 Pilato
3780 4414 3866 4482 (1.

2279 4504 2412 4560 Tim.
2439 4506 2491 4559 6.
2521 4506 2631 4574 13),
2663 4513 2787 4558 tunc
2814 4504 3000 4559 ﬁducia
3028 4504 3445 4570 ostendebatur;
3479 4503 3565 4561 hic
3588 4516 3769 4561 autem
3793 4506 3871 4563 de

2278 4597 2472 4668 populo
2497 4596 2751 4667 loquitur.
2783 4595 2898 4651 Non
2933 4604 3313 4664 exspectaram
3352 4595 3511 4666 igitur
3536 4636 3554 4661 ,
3596 4596 3690 4651 sed
3716 4596 3871 4653 vide-

2277 4699 2404 4745 runt
2432 4690 2709 4760 impetum.
2742 4688 2805 4742 Et
2835 4692 3171 4760 confugerunt
3200 4689 3267 4741 ad
3291 4689 3515 4743 ciuitates
3541 4687 3820 4761 Lycaonia:
3839 4732 3860 4758 ,

2276 4782 2509 4854 Lystram
2537 4792 2582 4835 et
2608 4780 2882 4842 Derben,et
2903 4781 3209 4834 uniuersam
3244 4780 3298 4834 in
3327 4781 3545 4834 circuitu
3582 4782 3864 4852 regionem.

2281 4876 2377 4932 Ubi
2399 4874 2616 4930 minime
2646 4874 2883 4929 furorem
2900 4888 3056 4927 suum
3077 4888 3334 4929 exercere
3362 4873 3559 4929 licebat
3587 4874 3690 4929 illis
3719 4894 3733 4931 :
3763 4877 3867 4933 ita-

2276 4985 2381 5039 que
2418 4971 2469 5022 in
2511 4969 2756 5038 regiones
2803 4967 3136 5037 pergebant,
3178 4981 3280 5023 nec
3308 4977 3509 5022 tantum
3552 4968 3605 5021 in
3636 4968 3869 5025 urbibus

2277 5062 2641 5116 versabantur.
2671 5060 2803 5115 Vide
2833 5073 3042 5130 quoque
3060 5061 3300 5129 gentium
3332 5058 3731 5130 simplicitatem
3760 5104 3775 5124 .
3805 5072 3869 5118 et

2274 5152 2577 5208 Judazorum
2605 5152 2915 5221 nequitiam.
2955 5152 3221 5219 Operibus
3245 5150 3593 5207 declarabant
3631 5154 3867 5223 gentiles

2274 5261 2333 5301 se
2353 5245 2543 5316 dignos
2582 5258 2704 5299 esse
2732 5244 2822 5314 qui
2861 5244 3111 5298 audirent
3137 5261 3153 5299 :
3182 5245 3365 5314 sicque
3395 5245 3513 5299 illos
3535 5245 3606 5299 ob
3631 5246 3747 5302 sola
3787 5247 3862 5302 si-

2273 5354 2371 5407 gna
2400 5337 2753 5391 honorabant.
2786 5337 2887 5390 Alii
2919 5347 2976 5389 ut
3014 5336 3143 5390 deos
3170 5337 3440 5402 colebant,
3471 5339 3561 5391 alii
3596 5350 3654 5393 ut
3684 5345 3865 5409 perni-

2271 5434 2446 5485 ciosos
2475 5429 2781 5499 pellebant:
2806 5437 2860 5483 et
2900 5427 2991 5482 alii
3017 5427 3233 5498 quidem
3264 5445 3369 5484 non
3398 5430 3576 5485 modo,
3596 5432 3863 5502 przedica-

2272 5524 2402 5577 tioni
2434 5538 2539 5577 non
2567 5522 2921 5586 obsistebant,
2954 5522 3049 5577 sed
3076 5522 3237 5577 etiam
3258 5522 3509 5579 dicebant
3530 5567 3545 5589 ,
3572 5523 3661 5579 Dii
3688 5527 3862 5582 homi-

2272 5615 2417 5668 nibus
2457 5615 2647 5668 similes
2672 5615 2831 5684 facti,
2861 5615 3221 5670 descenderunt
3248 5616 3316 5669 ad
3359 5634 3450 5672 nos
3477 5633 3497 5681 ;
3523 5616 3695 5674 Jutlmi
3726 5635 3861 5677 vero

2271 5706 2787 5760 scandalizabantur.
2843 5704 2911 5759 Et
2960 5706 3204 5761 vocabant
3242 5749 3257 5773 ,
3306 5708 3518 5778 inquit,
3562 5706 3860 5767 Barnabas

2268 5796 2465 5863 Jovem,
2497 5796 2719 5851 Paulum
2737 5814 2851 5851 vero
2876 5797 3206 5852 Mercurium.
3230 5798 3433 5870 Opinor
3452 5803 3613 5856 etiam
3635 5816 3859 5873 aspectu

2270 5892 2628 5948 venerabilem
2658 5889 2822 5948 fuisse
2850 5892 3167 5949 Barnabam.
3199 5894 3314 5949 Non
3347 5911 3508 5965 parva
3540 5897 3659 5955 inec
3680 5906 3856 5955 tenta-
