4072 6472
233 421 343 477 επ

233 538 515 604 Λύστραν
542 530 677 590 ’καί
729 535 971 602 Δέρϐην,
1024 534 1121 588 καὶ
1168 530 1281 600 τὴν
1331 530 1686 598 περίχωρον,
1739 522 1916 578 κάκεῖ

233 620 399 694 ἦσαν
432 623 965 693 εὐαγγελιζόμενοι.

310 709 375 780 β’.
404 711 572 763 Πάλιν
606 710 798 780 ῶσπερ
824 709 1074 778 ἐπίτηδες
1102 708 1339 760 ἐκτεῖναι
1370 703 1679 774 βουλόμενοι
1716 701 1789 751 τὸ¹
1808 698 1911 767 κή-

238 814 450 867 ρυγμα,
486 798 627 866 μετά
677 797 741 850 τὸ
788 796 1115 868 αὐξηθῆναι.
1158 794 1321 848 πάλιν
1352 792 1551 852 αὐτοὺς
1600 788 1908 855 ἐξάγουσιν.

235 886 384 956 Ὅρα
427 885 706 956 πανταχοῦ
754 886 882 949 τοὺς
926 884 1201 955 διωγμοὺς
1241 880 1453 953 μεγαλα
1509 876 1908 950 ἐργαζομένους

235 974 442 1042 ἀγαθὰ,
472 975 726 1037 καὶτοὺς
777 974 874 1045 μὲν
912 972 1209 1036 διώκοντας
1263 968 1631 1043 ἡττωμένους,
1679 966 1808 1027 τοῦς
1854 962 1910 1015 δὲ

232 1062 605 1133 διωκομένους
646 1062 934 1133 λαμπροὺς
970 1061 1393 1128 ἀποφαίνοντας.
1443 1054 1647 1110 Ἐλθὼν
1696 1054 1808 1122 γὰρ
1852 1052 1911 1103 ὲν

232 1151 525 1222 Λύστροις.
561 1154 797 1204 ποιεῖται
824 1150 1011 1220 θαῦμα
1050 1150 1215 1219 μέγα,
1262 1147 1353 1200 τὸν
1377 1144 1551 1216 χωλὸν,
1576 1142 1908 1211 ἀναστήσας,

232 1239 330 1289 καὶ
353 1238 567 1308 μεγάλῃ
592 1240 656 1308 τῇ
689 1230 873 1308 φωνῇέ
905 1238 1000 1289 καὶ
1031 1235 1168 1298 πῶς,
1212 1235 1397 1288 ἀκουε.
1431 1232 1540 1287 Καί
1572 1248 1684 1296 τις,
1722 1229 1906 1297 φησὶν,

230 1324 393 1392 ἀνὴρ
442 1326 514 1378 έν
560 1327 854 1393 Λύστροις
896 1325 1194 1390 ἀδύνατος
1236 1321 1363 1387 τοῖς
1402 1320 1589 1373 ποσίν
1628 1318 1906 1382 ἐκάθητο,

230 1414 435 1481 χωλός
458 1413 528 1466 ἐκ
552 1414 786 1477 κοιλίας
812 1413 1039 1482 μητρὸς
1078 1410 1264 1467 αὐτοῦ
1299 1408 1607 1477 ὑπάρχων,
1643 1404 1711 1470 ὃς
1738 1403 1911 1483 οὑδέ-

230 1517 381 1552 ποτε
448 1500 933 1567 περιπεπατήκει.
977 1495 1166 1564 Οὗτος
1221 1497 1454 1567 ἤκουσε
1512 1494 1618 1548 τοῦ
1665 1492 1909 1546 Παύλου

228 1586 593 1653 λαλοῦντος.
624 1590 726 1653 ’ος
749 1588 1033 1652 ἀτενίσας
1056 1585 1237 1650 αὐτῷ,
1264 1584 1363 1639 καὶ
1392 1583 1535 1637 ἰδὼν
1578 1582 1668 1636 ὅτι
1698 1581 1910 1642 πίστιν

229 1674 359 1741 ἔχει
378 1674 486 1727 τοῦ
509 1672 795 1743 σωθῆναι,
825 1674 955 1727 εἷπε
979 1672 1213 1743 μεγάλῃ
1254 1670 1328 1740 τῇ
1356 1669 1527 1740 φωνῇ
1549 1688 1564 1701 ·
1595 1668 1906 1735 Ἀνάστηθι

228 1763 331 1813 ἐπὶ
354 1761 503 1837 τοὺς
537 1761 727 1827 πόδας
774 1780 892 1816 σου
941 1763 1135 1830 ὀρθός.
1190 1760 1298 1815 Καὶ
1333 1760 1523 1828 ἥλατο
1564 1757 1665 1811 καὶ
1715 1773 1906 1824 περιε-

231 1850 430 1902 πάτει.
463 1851 559 1902 Διά
588 1850 639 1902 τί
672 1851 885 1924 μεγάλῃ
915 1854 980 1922 τῇ
1014 1854 1201 1920 φωνῇ;
1241 1851 1405 1902 Ὥστε
1438 1849 1567 1911 τοὺς
1598 1845 1789 1917 δχλους
1821 1863 1909 1898 πι-

214 1938 477 2005 ⁸στεῦται.
519 1940 661 2011 Ὅρα
698 1941 772 2004 δὲ,
808 1942 1096 2010 προσεῖχεν
1143 1938 1385 2010 ἀκριϐῶς
1437 1940 1549 1999 τοῖς
1591 1935 1905 2006 λεγομένοις

228 2025 339 2077 ὑπὸ
364 2025 461 2079 τοῦ
502 2028 743 2080 Παύλου·
794 2026 952 2079 τοῦτο
981 2029 1089 2097 γάρ
1138 2028 1256 2079 ἐστι
1293 2026 1355 2079 τὸ
1392 2027 1715 2081 ’Πκουσεν.
1752 2017 1907 2084 Εἶδες

229 2113 589 2181 φιλοσοφίαν;
621 2113 789 2167 Οὐδὲν
835 2114 940 2166 ὑπὸ
968 2116 1066 2184 τῆς
1098 2115 1328 2185 χωλείας
1367 2114 1502 2185 πρὸς
1535 2112 1635 2183 τὴν
1672 2109 1907 2180 σπουδὴν

228 2199 334 2266 τῆς
364 2201 681 2269 ἀρκοάςεως
719 2201 1058 2273 παρεδλάδη.
1106 2205 1209 2267 ’ος
1240 2194 1529 2266 άτενίσας
1568 2198 1730 2264 αὐτῷ
1754 2240 1770 2264 ,
1804 2200 1903 2251 καὶ

230 2288 378 2341 ἰδὼν
404 2290 493 2341 ὅτι
520 2291 732 2343 πίστιν
758 2291 881 2359 ἔχει
910 2289 1017 2343 τοῦ
1049 2289 1337 2358 σωθῆναι.
1365 2289 1505 2358 Ἤδη
1538 2286 1782 2358 ᾠκείωτο
1807 2285 1906 2356 τὴν

229 2376 559 2446 προαίρεσιν
588 2394 601 2406 ·
632 2378 809 2431 καίτοι
854 2378 948 2431 ἐπὶ
982 2376 1089 2430 τῶν
1132 2377 1307 2430 ἄλλων
1335 2376 1642 2429 τούναντίον
1676 2373 1903 2440 ἐγίνετο.

230 2466 655 2538 Πρότερον.γὰρ
704 2466 921 2537 ἰώμενοι
956 2480 978 2507 ο
1015 2466 1085 2519 τά
1134 2465 1362 2536 σώματα
1385 2504 1401 2529 ,
1441 2466 1562 2517 τότε
1594 2463 1693 2526 τὰς
1728 2460 1907 2532 ψυχὰς

228 2552 633 2622 ἐθεραπεύοντο
658 2572 670 2582 ·
705 2549 857 2614 οὗτος
900 2554 956 2607 δὲ
983 2556 1079 2623 οὐχ
1108 2554 1298 2616 οὕτως.
1345 2554 1498 2623 Ἐμοὶ
1526 2552 1672 2605 δοκεῖ
1700 2552 1777 2613 εἱς
1806 2550 1907 2620 τὴν

226 2641 415 2711 ψυχὴν
445 2642 571 2695 ἰδεῖν
600 2643 699 2715 τὴν
723 2642 889 2696 αὑτοῦ
916 2642 1007 2695 τὸν
1040 2642 1275 2697 Παῦλον.
1308 2643 1416 2696 Καὶ
1454 2642 1650 2709 ἤλατο
1676 2683 1689 2703 ,
1748 2638 1904 2709 φησὶν

228 2730 332 2781 καί
366 2731 729 2799 περιεπάτει.
776 2731 820 2783 Τ
824 2732 1094 2801 εκμήριον
1132 2732 1230 2798 τῆς
1278 2731 1468 2798 ὑγείας
1509 2728 1608 2797 τῆς
1644 2724 1906 2799 ἀκριϐοῦς

226 2818 295 2871 τὸ
331 2818 612 2873 ἅλλεσθαι.
638 2822 703 2872 Οἱ
727 2818 795 2871 δέ
825 2820 1016 2887 ὄχλοι,
1049 2819 1277 2884 ἰδόντες
1301 2820 1331 2872 ὃ
1360 2818 1614 2885 ἐποίησε
1643 2815 1903 2879 Παῦλος,

224 2904 467 2971 ἐπῆραν
495 2906 695 2959 αὐτῶν
726 2907 840 2973 τὴν
870 2905 1103 2975 φωνὴν,
1124 2907 1480 2960 λυκαονιστί
1502 2903 1817 2972 λέγοντεςο
1838 2903 1906 2954 Ol

226 2995 380 3051 θεοὶ.
404 2993 783 3061 ὁμοιωθέντες
805 2993 1158 3061 ἀνθρώποις,
1180 2994 1524 3060 κατέϐησαν
1543 2994 1695 3059 πρὸς
1724 2989 1902 3059 ἡμᾶς.

239 3080 547 3134 Ἐκάλουν
567 3080 634 3133 δέ
657 3080 763 3135 τὸν
779 3074 897 3150 μὲν
924 3080 1239 3153 Βαρνάϐαν
1265 3082 1391 3142 Δία,
1427 3083 1534 3133 τὸν
1551 3079 1621 3132 δὲ
1659 3079 1905 3133 Παῦλον

238 3167 491 3236 Ἑρμῆν,
520 3168 728 3237 ἐπειδὴ
758 3170 941 3233 αὐτὸς
959 3165 1094 3239 ἦνὸ
1112 3168 1445 3238 ἡγούμενος
1471 3166 1579 3220 τοῦ
1616 3165 1906 3237 λόγου.”0

223 3273 294 3310 τε
312 3256 506 3323 ἱερεὺς
530 3257 638 3311 τοῦ
655 3257 786 3323 Διὸς
806 3296 821 3321 ,
841 3257 946 3311 τοῦ
970 3257 1144 3322 ὄντος
1161 3258 1273 3324 πρὸ
1292 3256 1403 3323 τῆς
1425 3256 1658 3321 πόλεως
1680 3254 1903 3318 αὐτῶν,

224 3344 491 3410 ταύρους
540 3344 639 3397 καὶ
682 3346 987 3414 στέμματα
1017 3344 1117 3398 έπί
1159 3334 1307 3410 τοὺς
1324 3341 1610 3409 πυλῶνας
1630 3342 1900 3413 ἐνέγκας,

225 3433 354 3485 σὺν
403 3432 528 3496 τοῖς
584 3431 789 3502 ὄχλοις
834 3432 1014 3501 ἤθελε
1050 3434 1237 3487 θύειν.
1290 3430 1428 3483 Ἀλλ’
1481 3432 1580 3483 οὐκ
1627 3426 1695 3501 ἦν
1745 3430 1906 3483 τοῦτο

228 3518 447 3571 οὐδέπω
481 3518 674 3588 δῆλον·
712 3522 776 3590 τῇ
809 3518 917 3591 γὰρ
942 3520 1121 3589 οἰκείᾳ
1166 3522 1317 3591 φωνῇ
1358 3518 1508 3592 [9.56]
1555 3517 1903 3587 ἐφθέγγοντο,

225 3607 505 3674 λέγοντες,
537 3607 619 3659 ὃτι
653 3610 718 3660 Ol
748 3607 892 3669 θεοὶ,
918 3609 1300 3677 ὁμοιωθέντες
1332 3607 1688 3675 ἀνθρώποις,
1732 3603 1904 3659 κατέ-

225 3697 429 3761 ϐησαν
464 3694 618 3759 πρὸς
652 3693 809 3764 ἡμᾶς
850 3713 866 3729 ο
912 3696 999 3751 δια
1040 3695 1199 3749 τοῦτο
1247 3694 1400 3748 οὐδὲν
1454 3696 1639 3759 αὐτοῖς
1694 3694 1900 3762 ἔλεγον.

239 3782 459 3854 Ἐπιδη
490 3782 547 3835 δὲ
570 3779 708 3836 εἶδον
734 3786 801 3836 τὶ
830 3784 1139 3853 στέμματα,
1170 3783 1292 3836 τότε
1325 3782 1651 3847 ἐξελθόντες,
1680 3783 1903 3854 διέρρη-

226 3870 326 3935 ξαν
361 3871 431 3923 τὰ
479 3872 672 3940 ἱμάτια
711 3872 908 3929 αὐτῶν.
950 3872 1353 3937 Ἀκούσαντες
1386 3870 1453 3924 δὲ
1490 3874 1542 3925 οι
1571 3872 1905 3948 ᾁπόστολοι

228 3957 543 4025 Βαρνάϐας
567 3959 666 4013 καὶ
701 3960 940 4026 Παῦλος
961 3999 976 4024 ,
1003 3958 1438 4027 διαρρήξαντες
1479 3958 1677 4029 ἱμάτια
1705 3958 1904 4013 αὐτῶν

224 4046 649 4115 εἰσεπήδησαν
670 4052 757 4114 εις
782 4048 887 4102 τὸν
909 4048 1120 4116 ὄχλον,
1142 4048 1457 4116 κράζοντες
1478 4049 1575 4102 καὶ
1597 4047 1899 4115 λέγοντες·

229 4134 503 4203 Ἄνδρες.
565 4136 622 4189 τί
667 4136 843 4189 τοῦτο
870 4135 1129 4200 ποιεῖτε;
1176 4137 1273 4190 καὶ
1312 4135 1488 4207 ἡμεῖς
1522 4138 1904 4205 ὁμοιοπαθεῖς

224 4223 416 4293 ἐσμεν
450 4222 598 4294 ὑμῖν
625 4224 942 4293 ἄνθρωποι.
980 4226 1124 4296 Ὅρα
1164 4225 1366 4288 αὐτοὺς
1413 4224 1690 4295 πανταχοῦ
1744 4224 1904 4295 δόξης

226 4312 527 4381 καθαροὺς,
558 4312 620 4365 ού
654 4314 814 4382 μόνον
833 4313 933 4366 οὐκ
960 4313 1301 4383 ἐφιεμένους,
1326 4312 1462 4367 ἀλλά
1496 4314 1593 4367 καὶ
1616 4314 1903 4385 διδομένην

222 4400 684 4473 διακρουομένους
712 4418 725 4431 ’
766 4400 956 4473 ῶσπερ
1009 4403 1104 4455 καὶ
1158 4400 1365 4473 Πέτρος
1419 4402 1575 4472 ἐλεγε
1605 4418 1622 4434 '
1666 4402 1727 4459 Τί
1757 4402 1903 4473 ἡμῖν

225 4488 540 4549 ἀτενίζετε,
581 4488 664 4554 ὡς
710 4488 827 4556 ιδίᾳ
864 4488 1114 4560 δυνάμει
1149 4488 1188 4557 ἢ
1225 4492 1504 4559 εὐσεϐείᾳ
1539 4492 1903 4558 πεποιηκόσι

223 4575 333 4629 τοῦ
371 4571 724 4641 περιπατεῖν
751 4574 970 4638 αὺτὸν;
1008 4574 1117 4627 Kal
1152 4566 1301 4627 οῦτοι
1330 4574 1392 4627 τὸ
1425 4574 1561 4627 αὑτό
1594 4592 1753 4645 φασι.
1792 4575 1902 4627 Kal

236 4664 437 4732 Ἰωσὴφ
458 4663 516 4716 δὲ
532 4661 718 4729 ἔλεγεν
748 4661 841 4715 ἐπὶ
865 4662 973 4715 τῶν
998 4662 1265 4716 ἐνυπνίων
1289 4678 1303 4692 ·
1331 4664 1477 4731 Οὐχὶ
1500 4662 1597 4717 διὰ
1618 4663 1725 4718 τοῦ
1749 4663 1901 4718 Θεοῦ

224 4753 266 4816 ἡ
292 4749 669 4820 διασάφησις
684 4747 884 4805 αὐτῶν
900 4766 919 4815 ;
958 4752 1054 4804 καὶ
1085 4753 1113 4804 ό
1135 4751 1333 4822 Δανιὴλ
1361 4752 1560 4823 ὁμοίως
1581 4770 1595 4782 ο
1621 4752 1734 4807 Καὶ
1768 4752 1900 4822 ἐμοὶ

222 4840 295 4893 δὲ
314 4841 429 4893 οὐκ
463 4839 535 4891 ἐν
568 4840 756 4908 σοφία
781 4837 858 4907 τῇ
885 4841 1041 4908 οὔσῃ
1068 4840 1137 4893 ἐν
1172 4840 1302 4909 ἐμοὶ
1331 4842 1750 4912 ἀπεκαλύφθη.
1790 4843 1901 4895 Kal

227 4929 441 4992 Παῦλος
470 4930 747 4999 πανταχοῦ
779 4928 938 4982 τοῦτό
968 4946 1121 4999 φησι,
1152 4929 1229 4993 ώς
1258 4931 1387 4984 ὅταν
1411 4930 1548 5003 λέγῃ
1568 4946 1581 4960 °
1616 4930 1728 4986 Καὶ
1750 4930 1902 4999 πρὸς

223 5020 415 5073 ταῦτα
437 5018 534 5082 τίς
562 5018 767 5083 ἱκανός
788 5033 808 5080 ;
836 5018 943 5071 Kal
968 5016 1130 5070 πάλιν
1150 5060 1163 5079 ,
1205 5020 1328 5087 Οὐχ
1355 5018 1445 5072 ὅτι
1469 5020 1668 5072 ίκανοί
1711 5020 1902 5089 ἐσμεν

220 5108 327 5171 ἀρ’
347 5103 584 5160 ἑαυτῶν
618 5106 1002 5181 λογίσασθαι,
1033 5105 1113 5170 ὡς
1142 5106 1211 5169 ἐξ
1247 5106 1499 5173 ἑαυτῶν,
1531 5107 1672 5161 ἀλλ’
1708 5109 1745 5175 ἡ
1775 5111 1900 5162 ικα-

221 5196 411 5261 νότης
639 5192 706 5245 ἐκ
736 5192 841 5246 τοῦ
879 5192 1049 5261 Θεοῦ.
1087 5193 1225 5245 Ἀλλ’
1263 5184 1462 5264 ἴδωμεν
1490 5196 1698 5248 ἀνωθεν
1723 5195 1791 5249 τὰ
1819 5199 1898 5249 εξ-

224 5284 465 5354 ρημένα.
498 5282 611 5351 Οὐχ
634 5281 821 5344 ἁπλῶς
844 5284 1028 5345 αὐτοῖς
1054 5283 1466 5354 προσετέθησαν
1489 5286 1538 5337 οἱ
1562 5285 1712 5355 δχλοι
1731 5302 1742 5313 ·
1763 5287 1901 5339 ἀλλά

225 5374 384 5437 πῶςε
437 5371 653 5435 Ἦξίουν
690 5369 991 5442 λαληθῆναι
1029 5373 1214 5434 αὐτοῖς
1248 5372 1319 5425 τὰ
1374 5372 1514 5425 αὐτὰ
1565 5374 1727 5427 πάλιν
1752 5416 1766 5436 ,
1807 5378 1901 5429 καὶ

219 5461 313 5515 διὰ
343 5459 453 5513 τῶν
475 5460 653 5531 ἔργων
679 5460 1023 5524 ἐπεδείξαντο
1046 5460 1148 5532 τὴν
1175 5460 1431 5531 σπουδήν.
1458 5462 1601 5533 Ὅρα
1623 5463 1897 5533 πανταχοῦ

222 5547 717 5620 παρακαλοῦντας,
740 5549 841 5601 οὐκ
871 5547 1302 5619 ἀποδεχομένους
1336 5550 1522 5613 ἁπλῶς
1542 5590 1555 5613 ,
1587 5551 1705 5604 οὐδὲ
1739 5553 1898 5605 κολαο

219 5637 508 5700 κιύοντας.
550 5636 647 5689 Διὰ
690 5635 847 5689 τοῦτο
882 5636 1105 5704 ἔλεγεν·
1137 5636 1366 5703 Οἵτινες
1406 5639 1900 5709 προσλαλοῦντες

217 5725 455 5791 αὐτοῖς,
512 5724 754 5778 ἔπειθον
800 5723 1165 5795 προσμένειν
1219 5725 1297 5792 τῇ
1351 5725 1543 5796 χάριτι
1588 5729 1694 5783 τοῦ
1728 5730 1897 5787 Θεοῦ.

218 5814 323 5868 Διά
344 5814 402 5866 τί
434 5813 541 5887 πρὸ
574 5812 763 5866 τούτου
798 5813 872 5884 μὴ
900 5814 1219 5882 ἀντέλεγονς
1255 5814 1377 5867 Ὅτι
1408 5815 1546 5877 τέως
1588 5819 1639 5869 οί
1675 5818 1900 5871 ἀναπεί-

216 5902 410 5965 θοντες
437 5902 931 5973 ἡσύχαζον.-⁹ορᾷς
962 5904 1044 5956 ὅτι
1074 5902 1349 5974 πανταχοῦ
1389 5903 1551 5957 πάθει
1582 5906 1896 5971 ἐκινοῦντος

219 5992 337 6046 Kal
360 5992 462 6045 οὐκ
487 5991 779 6059 ἀντέλεγον
812 5991 989 6060 μόνον.
1034 5992 1170 6045 ἀλλὰ
1204 5994 1298 6046 καὶ
1336 5993 1725 6065 ἐῆλασφήμουν
1759 6013 1772 6026 ’
1807 6000 1900 6051 καὶ

643 6113 824 6157 γεγονε.

268 6093 598 6145 ’Τουναντίον
643 6098 824 6157 γέγονε.
876 6098 1111 6161 Πρότερον
1165 6100 1381 6158 ἰώμενος,
1433 6101 1503 6149 δῖε
1551 6100 1724 6153 Morel.

1261 417 1325 469 IN
1366 413 1545 468 ACTA
1592 404 2112 463 M’OSTOLORUM
2157 402 2391 459 IIOMIL.
2430 399 2600 457 XXX.

3596 393 3704 438 “fil

2018 520 2126 591 γὰρ
2158 520 2193 590 ὴ
2234 518 2402 572 κακία
2445 512 2688 583 οὐδαμοῦ
2732 512 2968 563 ἵσταται.
3022 503 3161 557 Ἀλλ’
3206 507 3309 575 δρα
3366 503 3704 591 παρρησίαν.

2029 589 2192 674 Ὑμῖν
2210 601 2309 676 ἦν,
2334 605 2519 674 φησὶν,
2561 596 2895 668 ἀναγκαῖον
2928 593 3169 661 πρῶτον
3214 589 3560 657 λαληθῆναι
3602 589 3711 641 τὸν

2022 695 2213 762 λόγον
2234 710 2247 721 ·
2269 691 2399 746 ἐπεὶ
2443 690 2513 744 δὲ
2551 688 2886 743 ἀπωθεῖσθε
2920 684 3127 736 αὐτόν.
3172 680 3337 759 υύδέν
3367 677 3707 748 ὑϐριστικόν.

2028 784 2093 835 Ὃ
2132 783 2195 853 δὴ
2238 783 2334 836 καὶ
2375 780 2469 834 ἐπὶ
2521 778 2629 832 τῶν
2684 772 2982 845 προφητῶν
3029 769 3268 823 ἐποίουν.
3319 766 3417 833 Μὴ
3466 764 3711 820 λαλεῖτε

2021 870 2185 938 ἡμῖν,
2219 869 2374 941 φησὶ,
2404 864 2610 932 λαλιᾷ.
2653 863 2815 919 Ἐπεὶ
2856 860 2925 914 δέ
2963 857 3297 914 ἀπωθεῖσθε
3334 854 3562 918 αὐτόν,
3601 869 3708 941 φη-

2022 957 2127 1020 σὶν,
2162 958 2259 1026 οὐχ
2295 958 2444 1027 ἡμᾶς
2473 970 2486 983 ’
2522 955 2585 1006 οὐ
2614 952 2724 1022 γάρ
2758 952 2838 1013 είς
2862 949 3012 1019 ἡμᾶς
3043 950 3076 1018 ἡ
3110 945 3268 1015 ὖδρις
3303 946 3336 1015 ἡ
3371 943 3506 1013 παρ’
3526 940 3705 1011 ὑμῶν.

2023 1044 2141 1097 Ἵνα
2172 1045 2280 1111 γὰρ
2315 1043 2390 1113 μή
2422 1058 2507 1097 τις
2536 1038 2826 1101 εὐλαϐείας
2854 1033 2993 1089 εἶναι
3018 1034 3217 1106 νομίσῃ
3241 1032 3319 1094 τὸ,
3350 1034 3473 1085 Οὐκ
3493 1029 3709 1095 ἀξίους

2020 1132 2253 1199 κρίνετε
2287 1128 2563 1195 ἑαυτοὺς,
2594 1127 2685 1181 διὰ
2713 1125 2870 1178 τοῦτο
2899 1122 3115 1191 πρῶτον
3142 1116 3297 1173 εἶπεν
3317 1134 3331 1147 ⁸
3356 1116 3707 1171 Ἀπωθεῖσθσ

2019 1220 2244 1272 αὐτόν’
2274 1220 2369 1272 καὶ
2394 1218 2539 1283 τότε,
2582 1214 2964 1283 Στρεεοόμεθα
3017 1214 3104 1275 εὶς
3152 1210 3227 1261 τὰ
3276 1208 3445 1274 έθνη.
3498 1204 3707 1277 Πολλῆς

2020 1307 2326 1369 ἐπιεικείας
2354 1307 2517 1375 γέμει
2546 1304 2609 1357 τὸ
2638 1304 2812 1373 ῥῆμα.
2841 1300 2956 1352 υὺκ
2978 1296 3153 1363 εἶπεν,
3198 1293 3709 1365 Ἐγκαταλιμπάνο-

2023 1411 2124 1464 μεν
2157 1396 2325 1464 ὑμᾶς,
2358 1394 2593 1456 δεικνὺς,
2616 1394 2697 1445 ὃτι
2718 1387 2943 1443 δυνατὸν
2971 1388 3067 1440 καὶ
3089 1384 3324 1437 ἐνταῦθα
3348 1382 3511 1435 πάλιν
3540 1399 3709 1453 στρα-

2020 1484 2216 1553 φῆναι’
2236 1482 2331 1535 καὶ
2356 1480 2515 1535 τοῦτο
2530 1481 2630 1533 οὐκ
2651 1479 2758 1532 ἀπὸ
2777 1478 2877 1547 τῆς
2900 1476 3173 1546 ὑμετέρας
3207 1472 3418 1544 ὕϐρεως
3444 1471 3672 1540 γέγονεν
3690 1485 3705 1498 ·

2018 1571 2163 1625 οὕτω
2193 1570 2300 1642 γὰρ
2335 1570 2648 1623 ἐντέταλται
2691 1568 2843 1636 ἡμῖν.
2883 1565 3035 1617 Ἔδει
3090 1562 3190 1633 μὲν
3233 1556 3328 1614 οὖν
3368 1559 3602 1613 ἀκοῦσαι
3636 1558 3709 1612 τὰ

2019 1660 2145 1730 ἔθνη
2172 1676 2190 1691 θ
2212 1660 2351 1729 πλὴν
2378 1659 2539 1711 τοῦτο
2578 1657 2637 1709 οὐ
2682 1654 2813 1724 παρ’
2844 1655 2877 1724 ἡ
2889 1653 3036 1723 μῶν,
3074 1650 3206 1721 παρ’
3237 1648 3393 1720 ὑμῶν
3425 1647 3482 1701 δέ
3519 1646 3708 1715 γέγονε

2017 1747 2079 1800 τὸ
2109 1746 2215 1818 πρὸ
2244 1745 2398 1816 ὑμῶν
2423 1745 2638 1814 ὀφεῖλον
2667 1744 2715 1797 δ.
2744 1741 2911 1794 Οὕτω
2951 1738 3063 1810 γὰρ
3104 1735 3456 1791 ἐντέταλται
3491 1733 3638 1804 ἡμῖν
3674 1735 3709 1787 ὁ

2017 1838 2234 1904 Κύριος
2259 1851 2275 1866 ·
2315 1832 2553 1889 Τέθεικά
2583 1847 2657 1886 σε
2681 1833 2771 1895 εἰς
2796 1829 2923 1899 φῶς
2946 1826 3163 1890 ἐθνῶν,
3190 1825 3298 1880 τοῦ
3321 1821 3478 1880 εἶναι
3509 1838 3585 1877 σε
3619 1822 3709 1887 εις

2017 1924 2323 1991 σωτηρίαν
2348 1941 2361 1953 ·
2381 1922 2684 1985 τουτέστιν,
2714 1922 2793 1983 εἰς
2822 1918 3024 1986 γνῶσιν
3048 1917 3149 1985 τήν
3180 1915 3274 1967 ἐπὶ
3302 1912 3550 1983 σωτηρίᾳ
3571 1926 3584 1940 ⁸
3606 1910 3705 1963 καὶ

2017 2011 2115 2081 οὐχ
2152 2010 2338 2071 ἁπλῶς
2365 2009 2537 2062 ἐθνῶν
2563 2048 2577 2071 ,
2609 2007 2745 2062 ἀλλά
2774 2006 3015 2060 πάντων.
3073 2001 3246 2056 Τοῦτο
3285 2000 3395 2070 γάρ
3441 1997 3593 2069 δηλοῖ
3629 1995 3708 2065 τῷ

2016 2101 2211 2163 είπείν,
2246 2099 2421 2151 Ὅσοι
2447 2094 2613 2167 ἦσαν
2638 2093 2987 2163 τεταγμένοι
3009 2094 3098 2158 είς
3119 2090 3275 2158 ζωὴν
3295 2084 3570 2142 αιώνιον)
3598 2084 3711 2139 Kal

2015 2187 2175 2239 τοῦτο
2198 2188 2496 2256 τεκμήριον
2524 2184 2618 2237 τοῦ
2642 2183 2786 2236 κατά
2816 2181 2952 2234 θεοῦ
2984 2178 3214 2249 γνώμην
3243 2177 3442 2239 αὐτοὺς
3468 2173 3711 2244 προσλα-

2018 2272 2226 2326 ϐέσθαι.
2278 2271 2630 2341 Τεταγμένοι
2669 2270 2729 2323 ’δὲ
2750 2310 2764 2334 ,
2808 2264 2986 2333 εἶπεν,
3019 2268 3105 2321 ἵνα
3134 2262 3349 2338 δείξῃε,
3386 2262 3462 2327 ώς
3491 2264 3553 2315 οὑ
3584 2260 3711 2315 κατ’

2015 2361 2283 2429 ἀνάγκην.
2325 2358 2443 2424 Οὓς
2488 2361 2600 2427 γὰρ
2647 2356 2943 2425 προέγνω,
2994 2355 3169 2425 φησὶ,
3208 2354 3310 2408 καί
3349 2350 3707 2419 προώρισεν.

2016 2449 2131 2500 Οὐκ
2167 2448 2246 2499 ἐτι
2274 2448 2332 2499 ἐν
2362 2449 2425 2517 τῇ
2460 2446 2614 2499 πόλει
2647 2445 3049 2515 διεσπάρησαν,
3073 2441 3210 2495 ἀλλὰ
3235 2441 3331 2493 καὶ¹
3353 2440 3410 2491 ἐν
3436 2441 3504 2507 τῇ
3529 2436 3706 2508 χώρᾳ.

2029 2536 2385 2598 Ἀκούσαντες
2405 2536 2513 2606 γὰρ
2533 2536 2583 2587 οί
2606 2534 2665 2601 ἐξ
2700 2532 2895 2596 ἐθνῶν,
2918 2532 3015 2585 καὶ
3039 2530 3195 2585 αὐτοὶ
3221 2530 3336 2599 μετ’
3352 2526 3534 2593 ὀλίγον
3553 2521 3705 2598 [237]

2016 2622 2349 2693 προσῄεσαν.
2374 2625 2438 2675 Ol
2452 2621 2522 2674 δέ
2537 2620 2817 2676 Ἰουδαῖοι
2838 2618 3231 2687 παρώτρυναν
3248 2615 3352 2679 τὰς
3375 2612 3709 2681 σεϐομένας

2017 2711 2329 2780 γυναῖκας,
2360 2711 2460 2763 καὶ
2484 2709 2812 2779 ἐπήγειραν
2828 2706 3284 2777 διωγμόν.’ορα,
3310 2702 3404 2756 καὶ
3425 2700 3534 2753 τῶν
3557 2700 3711 2769 παρὰ

2015 2798 2125 2851 τῶν
2159 2800 2438 2867 γυναικῶν
2468 2798 2773 2868 γινομένων
2810 2797 2965 2850 αὐτοὶ
2999 2793 3185 2848 λοιπὸν
3217 2794 3381 2845 αιτιοι
3416 2788 3711 2842 καθίσταν-

2016 2904 2128 2941 ται.
2159 2888 2269 2941 Kal
2297 2888 2593 2951 ἐξέϐαλον
2621 2886 2866 2952 αὐτοὺς,
2892 2887 3081 2956 φησὶν,
3112 2881 3232 2938 άπὸ
3261 2879 3383 2934 τῶν
3406 2879 3583 2947 ὁρίων
3602 2878 3711 2931 αὑ-

2016 2974 2167 3029 τῶν·
2189 2976 2311 3047 οὐχὶ
2340 2979 2440 3045 τῆς
2470 2975 2680 3038 πόλεως
2708 2974 2899 3044 μόνης,
2935 2972 3074 3026 ἀλλά
3104 2971 3209 3041 τῆς
3242 2967 3431 3039 χώρας
3462 2964 3705 3034 ἁπάσης,

2016 3058 2153 3115 Εἶτα
2180 3063 2241 3115 τὸ
2272 3052 2650 3135 φοϐερώτερον
2680 3079 2693 3092 ’
2731 3065 2795 3115 οι
2823 3060 2893 3114 δὲ
2911 3058 3213 3129 μαθηται,
3261 3057 3429 3126 φησὶν
3454 3097 3471 3120 ,
3516 3054 3706 3121 ἐπλη-

2008 3151 2232 3218 ροῦντο
2278 3149 2471 3220 χαρᾶς
2518 3151 2617 3205 καὶ
2672 3152 3027 3218 Πνεύματος
3064 3147 3259 3217 άγιου.
3306 3143 3623 3198 Ἐδιώκονίοο
3656 3142 3709 3195 οι

2014 3238 2358 3303 διδάσκαλοι,
2389 3240 2483 3292 καὶ
2515 3240 2671 3293 αὐτοὶ
2703 3237 2942 3309 ἔχαιρον.
2968 3231 3126 3299 Εἶδες
3170 3233 3336 3305 φύσιν
3366 3230 3707 3301 Εὑαγγελίου

2014 3323 2247 3394 δύναμιν
2286 3325 2506 3396 ἔχοντος
2543 3324 2779 3396 πολλήν;
2827 3322 3205 3385 Ἐκάκωσαν,
3249 3319 3405 3390 φησὶ,
3442 3318 3550 3384 τὰς
3586 3319 3710 3385 ψυ-

2015 3412 2127 3481 χὰς
2150 3412 2270 3465 τῶν
2296 3412 2489 3467 ἐθνῶν
2506 3413 2658 3467 κατὰ
2683 3410 2810 3465 τῶν
2827 3409 3133 3479 ἀδελφῶν.
3155 3406 3438 3468 Τουτέστι,
3460 3402 3708 3457 διέϐαλον

2014 3499 2144 3562 τοὺς
2162 3499 2518 3565 ἀποστόλους,
2545 3500 2718 3571 μυρία
2744 3496 2927 3552 αὐτῶν
2955 3496 3367 3568 κατηγόρησαν,
3394 3491 3708 3555 ἀπλάστους

2015 3584 2177 3648 ὄντας
2201 3585 2531 3657 κακούργως
2559 3585 2846 3656 διέθηκαν.

2086 3678 2154 3738 γ’.
2182 3672 2292 3726 Καὶ
2317 3673 2440 3745 δρα,
2472 3673 2591 3738 πῶς
2612 3671 2886 3742 πανταχοῦ
2915 3668 2994 3743 τῷ
3021 3669 3140 3741 Θεῷ
3166 3668 3457 3740 ἀνατίθησι
3485 3667 3547 3721 τὸ
3574 3658 3725 3722 πᾶν(

2026 3756 2266 3812 Ἱκανόν
2295 3760 2541 3827 χρόνον,
2571 3760 2725 3829 φησὶ,
2762 3759 3079 3827 διέτριψαν
3099 3798 3115 3821 ,
3160 3752 3708 3825 παρρησιαζόμενοι

2013 3846 2112 3899 ἐπὶ
2140 3845 2220 3910 τῷ
2242 3847 2458 3914 Κυρίῳ,
2489 3846 2569 3912 τῷ
2590 3845 2998 3916 μαρτυροῦντι
3030 3843 3111 3910 τῷ
3140 3843 3303 3913 λόγῳ
3324 3840 3438 3909 τῆς
3460 3838 3706 3909 χάριτος

2012 3934 2221 3988 αὐτοῦ.
2272 3935 2365 4005 Μὴ
2407 3934 2567 3987 τοῦτο
2596 3933 2950 3993 ἐλαττώσεως
2980 3926 3123 3985 εἶναι
3155 3930 3407 4001 νομίσῃς.
3430 3930 3562 3981 Ὅτε
3596 3927 3705 3997 γὰρ

2013 4021 2224 4088 ελεγον,
2251 4022 2363 4076 Τοῦ
2378 4022 2905 4091 μαρτυρήσαντος,
2939 4021 3130 4092 φησὶν,
3159 4018 3259 4073 ἐπὶ
3297 4017 3559 4072 Ποντίου
3600 4018 3703 4070 Πι-

2011 4114 2237 4177 λάτου,
2282 4117 2403 4171 τότε
2449 4120 2483 4189 ἡ
2527 4116 2817 4188 παρρησία
2855 4114 3135 4168 ἐδείκνυτο
3162 4130 3177 4144 ο
3218 4108 3457 4166 ἐνταῦθα
3488 4110 3545 4163 δὲ
3575 4111 3706 4179 περὶ

2010 4205 2107 4258 τοῦ
2138 4205 2266 4260 λαοῦ
2298 4224 2484 4278 φησιν.
2535 4207 2611 4262 Οὐ
2649 4206 3009 4277 περιέμειναν
3044 4202 3249 4265 τοίνυν,
3286 4200 3402 4255 ἀλλ’
3431 4196 3573 4254 εἶδον
3602 4198 3704 4271 τὴν

2011 4295 2210 4365 ὁρμήν.
2226 4295 2338 4349 Καὶ
2366 4295 2707 4364 κατέφυγον
2724 4297 2814 4359 είς
2828 4294 2936 4359 τὰς
2962 4291 3175 4357 πόλεις
3201 4288 3312 4357 τῆς
3334 4286 3702 4353 Λυκαονίας.

2011 4384 2298 4462 Λιζστραν
2325 4383 2425 4437 καὶ
2463 4383 2715 4451 Δέρϐην,
2744 4381 2845 4435 καί
2873 4379 2994 4449 τὴν
3023 4378 3379 4448 περίχωρον.
3415 4373 3587 4428 Ἔνθα
3614 4373 3705 4427 οὑ-

2010 4469 2183 4540 δαμοῦ
2213 4472 2305 4524 τὸν
2349 4469 2524 4541 θυμὸν
2562 4469 2745 4524 αὐτῶν
2791 4469 3039 4523 ἐκκαίειν
3066 4463 3137 4539 ἦν
3162 4482 3175 4495 ⁸
3200 4465 3344 4519 ὥστε
3374 4463 3469 4518 καὶ
3492 4465 3551 4517 ἐν
3582 4464 3704 4527 ταις

2012 4558 2218 4630 χώραις
2245 4558 2515 4630 ἀπῄεσαν,
2552 4559 2653 4612 οὐκ
2677 4558 2736 4610 ἐν
2762 4557 2955 4611 πόλεσι
2984 4556 3165 4627 μόνον.
3189 4554 3332 4623 Ὅρα
3358 4552 3454 4606 καὶ
3476 4549 3587 4604 τῶν
3614 4551 3706 4604 έθ-

2012 4647 2120 4700 νῶν
2147 4646 2246 4718 τὴν
2290 4646 2585 4715 ἀφέλειαν,
2627 4646 2722 4699 καὶ
2761 4644 2870 4700 τῶν
2903 4643 3173 4699 Ἰουδαίων
3205 4641 3304 4714 τὴν
3340 4637 3700 4709 κακουργίαν.

2012 4734 2088 4788 Δι’
2124 4734 2303 4806 ἔργων
2340 4734 2721 4788 ἐπεδείκνυντο
2740 4774 2756 4800 ,
2789 4733 2873 4786 ὅτι
2902 4732 3046 4799 ἄξιοι
3067 4726 3209 4803 ἦσαν
3240 4728 3463 4782 ἀκούειν
3489 4744 3502 4756 ·
3527 4725 3703 4791 οὕτως

2012 4824 2217 4893 ἐτίμων
2273 4824 2473 4888 αὐτοὺς
2527 4824 2637 4877 ἀπὸ
2686 4822 2933 4894 σημείων
2985 4820 3171 4891 μόνον.
3220 4818 3282 4871 Ol
3316 4817 3414 4889 μὲν
3440 4815 3515 4879 ὼς
3545 4814 3703 4878 θεοὺς

2011 4914 2238 4985 ἐτίμων,
2268 4915 2319 4968 οἱ
2346 4914 2402 4967 δὲ
2428 4914 2504 4978 ώς
2529 4912 2817 4983 λυμεῶνας
2840 4911 3064 4964 ἐδίωκον
3095 4927 3109 4941 ο
3136 4908 3231 4963 καὶ
3259 4910 3307 4961 οί
3333 4908 3430 4979 μὲν
3456 4905 3517 4959 οὐ
3543 4906 3701 4975 μόνον

2010 5003 2071 5055 οὐ
2089 5004 2463 5073 προσέκοπτον
2485 5002 2564 5071 τῷ
2578 5000 2918 5071 κηρύγματι,
2936 4997 3077 5052 ἀλλά
3096 4996 3193 5051 καὶ
3219 4996 3405 5063 ἔλεγον
3422 5012 3434 5023 ·
3460 4996 3525 5048 Ol
3548 4994 3697 5057 θεοί,

2010 5093 2345 5161 ἀνθρώποις
2410 5090 2831 5161 ὁμοιωθέντες,
2890 5088 3238 5153 κατέϐησαν
3305 5084 3453 5154 πρὸς
3516 5081 3697 5151 ημᾶς.

2023 5182 2354 5237 Ἰουδαῖοιδέ
2387 5179 2855 5243 ἐσκανδαλίζοντο.
2902 5176 3199 5231 Ἑκάλουν
3251 5192 3338 5239 τε,
3386 5173 3543 5244 φησὶ,
3590 5173 3701 5225 τόν

2004 5271 2122 5339 μὲν
2160 5269 2475 5337 Βαρνάϐαν
2514 5269 2618 5321 Δία
2642 5310 2657 5333 ,
2699 5268 2809 5320 τὸν
2853 5264 2922 5319 δέ
2969 5264 3223 5319 Παῦλον
3262 5260 3502 5330 Ἑρμῆν.
3543 5260 3701 5330 Ἐμοὶ

2009 5360 2159 5411 δοκεῖ
2180 5359 2274 5411 καὶ
2295 5356 2403 5409 ἀπὸ
2441 5356 2539 5425 τῆς
2572 5356 2749 5426 ὅψεως
2777 5354 3119 5425 ἀξιοπρεπὴς
3153 5348 3298 5405 εἶναι
3326 5352 3355 5403 ὁ
3386 5348 3695 5421 Βαρνά6ας.

2012 5452 2087 5503 Οὐ
2117 5448 2313 5518 μικρὸς
2350 5447 2443 5500 καὶ
2476 5441 2630 5509 οὗτος
2662 5444 2972 5515 πειρασμὸς
2995 5444 3055 5507 ἐξ
3081 5442 3352 5514 ἀμετρίας
3387 5439 3529 5510 ἐφύη
3566 5437 3699 5492 πολ-

2010 5538 2136 5608 λῆς·
2166 5536 2303 5590 ἀλλά
2335 5536 2429 5588 καὶ
2458 5534 2710 5588 ἐντεῦθεν
2739 5532 2847 5585 τῶν
2878 5531 3193 5586 ἀποστόλων
3225 5532 3259 5599 ἡ
3294 5528 3463 5601 ἀρετὴ
3481 5528 3696 5581 δείκνυ-

2008 5645 2118 5681 ται.
2152 5627 2262 5679 Kal
2281 5628 2384 5695 δρα
2411 5624 2529 5688 πῶς
2565 5623 2843 5693 πανταχοῦ
2873 5622 3053 5675 πάντα
3091 5619 3409 5674 ἀνατιθέασι
3441 5617 3519 5688 τῷ
3552 5616 3694 5688 Θεῷ.

2010 5714 2249 5775 Τούτους
2290 5713 2382 5766 καὶ
2429 5713 2589 5782 ἡμεῖς
2630 5710 2967 5781 ζηλώσωμεν
2999 5725 3013 5739 ·
3050 5710 3216 5779 μηδὲν
3258 5706 3529 5777 ἡμέτερον
3559 5700 3698 5759 εἶναι

2010 5802 2361 5875 νομίζωμεν,
2395 5801 2529 5854 ὃπου
2570 5817 2635 5869 γε
2668 5801 2763 5853 καὶ
2796 5798 2938 5868 αὑτὴ
2976 5799 3009 5867 ἡ
3047 5798 3230 5860 πίστις
3265 5795 3363 5864 οὐχ
3400 5794 3691 5865 ἡμέτερον.

2076 5980 2105 6019 δ
2131 5982 2389 6044 Ιιιῑετρτεε
2414 5984 2601 6044 legisse
2625 5983 2821 6031 videtur
2844 5982 2900 6029 τὸ
2922 5982 3036 6041 παρ’
3055 5980 3212 6039 ἡμῶν,
3238 5977 3488 6026 Dounams
3520 5972 3696 6083 legen-

2080 6058 2125 6083 m
2166 6053 2299 6083 nnirll
2364 6046 2419 6083 τὸ
2465 6048 2556 6083 an}.
2598 6045 2779 6083 τηύτιιιυ
2822 6044 2931 6083 {Mdv
2980 6043 3282 6083 ὀφειλόμενον
3348 6036 3428 6083 vel
3483 6036 3690 6083 ὁοειον.

2011 6046 2126 6092 dum
2166 6036 2321 6107 putu'l,
2364 6046 2419 6092 τὸ
2465 6036 2556 6107 πρὸ
2598 6045 2779 6092 τούτων
2822 6044 2931 6107 ὑμῖν
2980 6036 3282 6107 ὀφειλόμενον
3348 6036 3428 6086 vel
3483 6036 3690 6099 ὀφεῖλον.

2014 6111 2034 6137 ε
2068 6104 2231 6166 Εἶπεν,
2272 6108 2347 6156 ἵνα
2386 6104 2513 6169 asia-9'
2532 6110 2677 6157 deest
2730 6111 2780 6155 in
2824 6104 3131 6167 quibusdam.
