4072 6494
446 412 550 469 22"}

453 532 575 585 Ὀτι
611 530 667 583 δι
710 530 806 600 οὐχ
833 530 1099 601 ἡμέτερον
1123 570 1137 591 ,
1164 528 1303 583 ἀλλά
1332 528 1393 581 τὸ
1419 526 1578 582 πλέον
1604 528 1701 583 τοῦ
1732 526 1866 580 Θεοῦ
1890 568 1905 589 ,
1940 527 2102 579 ἄκουε

450 620 659 673 Παύλου
700 618 952 686 λέγοντος
974 633 990 647 ’
1028 618 1137 671 Καὶ
1180 619 1355 671 τοῦτο
1382 618 1493 671 οὐκ
1520 617 1589 680 ἐξ
1616 615 1816 686 ἡμῶν.
1854 616 2002 670 Θεοῦ
2034 617 2102 669 τό

450 705 659 775 δῶρον.
706 705 797 777 Μὴ
833 707 1013 759 τοίνυν
1053 705 1194 775 μέγα
1242 704 1551 773 φρονῶμεν,
1580 704 1715 776 μηδὲ
1747 702 2064 774 φυσιώμεθα
2086 742 2101 764 .

450 795 745 866 ἄνθρωποι,
778 794 850 863 γῆ
882 796 975 847 καὶ
1009 794 1199 856 σποδὸς
1222 793 1393 855 ὅντες.
1424 792 1629 856 καπνὸς
1655 792 1745 844 καὶ
1779 792 1924 845 σκιά.
1971 792 2105 844 Εἰπὲ

450 881 559 953 γάρ
587 900 695 952 μοι,
726 881 811 934 διά
838 882 891 933 τί
920 882 1060 950 μέγα
1085 882 1335 950 φρονεῖςς
1364 880 1756 949 Ἐλεημοσύνην
1784 878 1989 940 ίδωκας
2011 878 2107 930 καὶ

451 968 521 1020 τά
556 970 811 1039 χρήματα
836 969 1139 1030 ὲκένωσας;
1170 968 1280 1020 Καὶ
1307 966 1362 1019 τί
1388 966 1573 1031 τοῦτο;
1607 966 1907 1036 Ἐννόησον,
1945 967 1993 1043 εί
2029 966 2105 1037 μὴ

453 1057 683 1127 τθέλησέ
713 1074 771 1109 σε
801 1057 1018 1125 ποιῆσαι
1045 1057 1073 1107 ό
1099 1055 1232 1117 Θεὸς
1261 1054 1512 1108 πλούσιον
1535 1070 1550 1084 ·
1572 1054 1823 1125 ἐννόησον
1850 1055 1977 1117 τοὺς
2004 1071 2106 1107 πε-

455 1145 714 1214 νομένους
733 1186 746 1203 .
790 1144 985 1214 μᾶλλον
1012 1143 1068 1195 δὲ
1102 1144 1354 1213 ἐννόησον
1377 1142 1491 1195 δσοι
1515 1142 1608 1195 καὶ
1631 1142 1699 1195 τά
1727 1139 1952 1212 σώματα
1974 1141 2104 1193 ἐπέ-

448 1230 651 1290 δωκαν,
684 1232 775 1283 καί
805 1230 940 1299 μετὰ
967 1230 1028 1281 τὸ
1058 1229 1330 1283 ἐπιδοῦναι
1375 1230 1543 1299 μυρία
1565 1270 1577 1287 .
1605 1229 1829 1290 ἑαυτοὺς
1859 1227 2104 1281 έταλάνι-

452 1335 572 1371 σαν.
603 1319 674 1370 Σὺ
707 1317 795 1369 διά
835 1318 1027 1369 σαυτὸν
1055 1317 1282 1379 ἔδωκας,
1311 1319 1344 1369 6
1366 1315 1596 1385 Χριστὸς
1618 1314 1705 1368 διά
1732 1315 1791 1368 σέ
1818 1333 1831 1344 ·
1867 1316 1930 1369 σὺ
1964 1316 2102 1367 ἀπέ-

451 1410 630 1472 δωκας
654 1409 713 1461 τὸ
740 1408 1113 1477 ὀφειλόμενον,
1149 1410 1176 1459 6
1199 1407 1431 1478 Χριστὸς
1465 1408 1564 1459 οὐκ
1592 1403 1789 1473 ὤφειλέ
1834 1422 1935 1457 σοι.
1961 1405 2103 1474 Ὅρα

448 1497 543 1550 τοῦ
578 1497 860 1565 μέλλοντος
884 1496 944 1548 τὸ
969 1496 1179 1565 ἄδηλον,
1212 1495 1307 1547 καὶ
1330 1494 1403 1565 μὴ
1426 1494 1782 1563 ὑψηλοφρόνει
1800 1533 1814 1553 ,
1847 1492 1981 1546 ἀλλά
2010 1510 2103 1559 φο-

449 1584 547 1637 ϐοῦ
572 1602 585 1616 ·
612 1584 685 1654 μὴ
735 1583 1045 1652 ἑλαττώσῃς
1086 1581 1184 1651 τὴν
1233 1582 1433 1652 ἀρετὴν
1474 1583 1541 1650 τῇ
1581 1580 1887 1650 ἀλαζονεία.
1916 1580 2101 1649 Βούλει

450 1671 615 1731 ὅντως
644 1669 785 1739 μέγα
820 1686 873 1720 τι
905 1668 1276 1737 έργάσασθαις
1331 1667 1613 1737 Μηδέποτε
1648 1666 1991 1738 ὑποπτεύσῃς
2028 1666 2103 1728 ὠς

450 1758 578 1825 περὶ
610 1756 858 1825 μεγάλων
892 1755 1001 1809 τῶν
1041 1752 1494 1823 κατορθωμάτων.
1530 1752 1687 1805 Ἀλλά
1713 1753 1977 1824 ¹παρθένος
2009 1749 2098 1817 είς

461 1843 619 1895 Ἀλλά
656 1846 903 1896 κάκεῖναι
944 1843 1200 1913 παρθένοι
1240 1838 1411 1912 ἦσαν,
1458 1840 1572 1894 ἀλλ’
1619 1842 1769 1895 οὐδὲν
1820 1840 2103 1894 ἀπώναντο

448 1930 545 1998 τῆς
582 1928 877 2000 παρθενίας
923 1928 1011 1982 διά
1063 1928 1163 2000 τὴν
1210 1929 1468 1998 ὠμότητα
1527 1930 1621 1981 καὶ
1669 1930 1769 1998 τὴν
1814 1928 2103 1999 ἀπανθρω-

448 2016 597 2069 πίαν.

520 2102 687 2154 Οὐδὲν
726 2103 1223 2175 ταπεινοφροσύνης
1268 2103 1380 2157 ἴσον
1404 2120 1418 2135 ⁸
1443 2104 1581 2174 αὕτη
1626 2106 1808 2174 μήτηρ
1849 2106 1941 2157 καὶ
1976 2104 2101 2173 ῥίζα

446 2192 542 2243 καὶ
558 2188 705 2262 [238]
726 2190 919 2262 τροφὸς
941 2192 1033 2243 καὶ
1049 2191 1301 2255 ὑπόθεσις
1322 2192 1417 2245 καὶ
1432 2192 1721 2263 σύνδεσμος
1731 2192 1838 2244 τῶν
1858 2191 2100 2260 ἀγαθῶψ

450 2278 650 2345 ταύτης
675 2278 799 2329 ἄνευ
832 2278 1107 2336 βδελυκτοὶ
1133 2282 1224 2333 καὶ
1252 2281 1434 2351 μιαροὶ
1464 2282 1558 2333 καὶ
1590 2280 1887 2350 ἀκάθαρτοι
1913 2284 2098 2350 ἐσμεν.

453 2366 635 2418 Ἔστω
662 2369 769 2438 γάρ
797 2386 897 2431 τις,
929 2370 977 2421 εί
1005 2368 1204 2437 βούλει.
1238 2370 1463 2439 νεκροὺς
1491 2370 1746 2433 ἀνιστῶν,
1778 2371 1871 2422 καὶ
1895 2370 2103 2440 χωλοὺς

451 2458 697 2525 ίὼμενος,
742 2458 833 2508 καὶ
872 2455 1103 2526 λεπροὺς
1138 2454 1412 2528 καθαίρων
1453 2457 1591 2525 μετά
1628 2456 1882 2519 ἀπονοίας
1906 2474 1920 2487 ·
1948 2459 2101 2511 οὐδὲν

446 2544 634 2597 τούτου
668 2542 1021 2615 μιαρώτερον,
1052 2544 1203 2597 οὐδὲν
1230 2543 1608 2613 ἀσεϐέστερον,
1632 2544 1780 2598 οὐδὲν
1804 2545 2099 2612 ἀναγέστε-

449 2649 559 2703 ρον.
592 2632 771 2701 Μηδὲν
798 2628 932 2684 εἶναι
955 2632 1184 2701 νομίσῃς
1210 2631 1430 2685 σαυτοῦ.
1473 2633 1643 2699 Λόγον
1668 2632 1811 2702 ἔχεις
1831 2632 1927 2685 καὶ
1955 2633 2101 2686 διδα-

449 2719 709 2789 σκαλικὴν
739 2718 928 2789 χάριν;
972 2720 1062 2789 Μὴ
1103 2719 1189 2771 διά
1230 2718 1389 2771 τοῦτο
1432 2720 1657 2793 νομίσῃς
1695 2720 1855 2773 πλέον
1891 2738 1944 2773 τι
1993 2721 2102 2774 τῶν

445 2808 622 2863 ἀλλων
656 2810 820 2878 ἔχειν.
844 2810 941 2862 Διά
971 2809 1128 2861 τοῦτο
1162 2810 1393 2879 μάλιστα
1418 2808 1802 2861 ταπεινοῦσθαι
1828 2810 2062 2877 ὀφείλεις
2081 2848 2097 2871 ,

444 2902 525 2953 δτι
567 2901 821 2953 πλειόνων
860 2898 1099 2969 ήξιώθης
1150 2896 1481 2971 δωρεῶν.ᾯ
1529 2900 1638 2970 γάρ
1681 2900 1861 2952 πλεῖον
1900 2900 2102 2970 ἀφέθη,

444 2990 626 3041 πλεῖον
678 2989 971 3057 ἀγαπήσει.
1020 2987 1228 3041 Οὐκοῦν
1284 2989 1377 3041 καὶ
1422 2987 1805 3042 ταπεινοῦσθαι
1850 2989 1976 3061 χρὴ,
2017 2991 2100 3045 ὅτι

443 3077 571 3137 τοὺς
599 3075 787 3137 ἄλλους
816 3076 1130 3144 παρελθὼν,
1166 3078 1243 3138 είς
1274 3076 1331 3128 σὲ
1358 3076 1649 3129 ἐπένευσεν
1684 3080 1712 3131 ό
1742 3076 1891 3139 Θεός.
1930 3077 2099 3130 Φοϐοῦ

446 3162 533 3215 διά
550 3162 707 3215 τοῦτο
736 3179 751 3195 ο
775 3163 1031 3225 πολλάκις
1056 3164 1163 3233 γάρ
1188 3179 1268 3216 σοι
1298 3165 1390 3217 καὶ
1420 3164 1693 3229 ἀπωλείας
1713 3165 1870 3218 τοῦτο
1894 3166 2123 3235 γίνεται

446 3252 641 3312 αῖτιον,
680 3250 745 3302 ἂν
777 3249 849 3319 μὴ
882 3252 1078 3319 νήφῃς.

517 3338 581 3389 Τί
634 3338 775 3407 μέγα
828 3340 1073 3405 φρονείςς
1126 3338 1207 3390 ὅτι
1254 3339 1523 3403 διδάσκεις
1576 3339 1663 3393 διά
1710 3340 1917 3408 λόγων;
1961 3342 2100 3395 Ἀλλ’

447 3424 667 3479 εὔκολον
694 3424 849 3477 τοῦτο
874 3424 933 3477 τὸ
967 3426 1271 3493 φιλοσοφεῖν
1307 3428 1362 3478 ὲν
1398 3428 1602 3495 ῥήμασι
1623 3445 1635 3457 ·
1676 3428 1883 3493 δίδαξόν
1914 3446 1979 3498 με
2012 3429 2102 3483 διά

445 3512 540 3565 τοῦ
576 3512 689 3581 βίου
725 3512 817 3565 τοῦ
850 3513 943 3565 σοῦ
971 3530 983 3542 ·
1012 3511 1150 3581 αὕτη
1196 3514 1227 3583 ή
1274 3513 1589 3568 διδασκαλία
1620 3516 1835 3585 ἀρίστη.
1885 3517 2099 3583 Λέγεις,

445 3602 527 3653 ὅτι
552 3600 631 3653 δεῖ
659 3600 988 3669 μετριάζειν,
1020 3601 1113 3652 καὶ
1144 3599 1353 3670 μακρὸν
1381 3600 1521 3670 ὑπὲρ
1557 3601 1745 3654 τούτου
1784 3602 1939 3671 λόγον
1965 3605 2101 3657 ἀπο-

444 3688 661 3750 τείνεις,
693 3688 786 3740 καὶ
815 3686 1126 3758 ῥητορεύεις
1151 3688 1287 3755 ῥέων
1314 3688 1605 3752 ἀκωλύτως
1629 3706 1643 3754 ;
1676 3690 1834 3743 Ἀλλά
1862 3691 1954 3744 σοῦ
1982 3692 2101 3761 βελο

444 3773 573 3826 τίων
607 3774 811 3837 ἐκεῖνος
836 3814 851 3837 ,
892 3773 1057 3842 φησὶν
1079 3814 1093 3833 .
1126 3776 1153 3826 ό
1199 3774 1263 3827 δι’
1289 3774 1464 3843 ἔργων
1494 3774 1649 3827 τοῦτο
1678 3776 1945 3831 παιδεύων
1976 3781 2097 3849 έμέ.

447 3862 521 3913 Οὐ
551 3864 658 3934 γάρ
688 3864 859 3927 οὕτως
887 3864 1073 3917 εἴωθεν
1106 3865 1405 3918 ἐντίθεσθαι
1432 3870 1496 3937 τῇ
1531 3867 1673 3937 ψυχῇ
1702 3870 1767 3921 τά
1803 3871 2101 3941 μαθήματα

450 3950 559 4002 ἀπὸ
585 3950 863 4021 ῥημάτων.
892 3954 966 4014 ὡς
999 3950 1106 4003 ἀπὸ
1138 3952 1476 4020 πραγμάτων
1505 3970 1517 3981 ·
1547 3955 1667 4005 ἐπεὶ
1689 3956 1782 4006 ὲάν
1825 3957 1897 4027 μὴ
1928 3959 1988 4010 τὸ
2011 3958 2101 4030 ἔρ-

446 4054 541 4103 γον
572 4037 719 4108 έχης.
750 4039 810 4092 οὐ
845 4039 1003 4108 μόνον
1032 4040 1129 4092 ούκ
1162 4040 1449 4110 ὠφέλησας
1473 4040 1662 4104 εἰπὼν,
1693 4042 1826 4096 ἀλλά
1854 4046 1948 4097 καὶ
1980 4064 2099 4115 μει-

449 4122 615 4187 ζόνως
648 4125 901 4194 ἔϐλαψας.
949 4128 1161 4180 Βέλτιον
1196 4131 1370 4199 σιγᾷν.
1421 4129 1520 4181 Διά
1550 4130 1641 4195 τίς
1674 4128 1799 4183 Ὀτι
1845 4132 2100 4187 ἀδύνατόν

452 4228 540 4280 μοι
556 4214 615 4264 τὸ
634 4215 863 4283 πρᾶγμα
879 4214 1159 4285 καθιστᾷς.
1195 4216 1387 4268 Ἐννοῶ
1410 4210 1536 4286 γάρ,
1562 4218 1643 4270 ὅτι
1670 4220 1716 4271 εί
1737 4219 1799 4271 σὺ
1820 4219 1848 4271 6
1868 4222 2101 4275 τοσαῦτα

446 4298 618 4364 λέγων
639 4302 697 4351 ού
717 4300 1017 4368 κατορθοῖς,
1044 4302 1220 4371 πολλῷ
1239 4304 1435 4372 μᾶλλον
1454 4304 1564 4371 ἐγὼ
1583 4304 1908 4377 συγγνώμης
1929 4308 2097 4373 ἄξιος,

444 4386 617 4453 λέγων
663 4378 895 4456 μηδένα.’
933 4388 1032 4439 Διά
1080 4387 1236 4442 τοῦτό
1274 4408 1435 4459 φησιν
1477 4394 1505 4445 6
1551 4397 1834 4465 προφήτης
1859 4413 1871 4425 ·
1926 4396 2007 4461 Τῷ
2032 4398 2101 4451 δὲ

440 4472 765 4541 ἁμαρτωλῴ
810 4475 980 4529 εἶπεν
1022 4479 1054 4529 ό
1083 4478 1227 4542 Θεός
1255 4494 1270 4509 ⁸
1298 4479 1421 4532 ἰνα
1456 4482 1510 4532 τί
1540 4480 1619 4533 σὺ
1648 4482 1898 4552 ἐκδιηγῇ
1925 4487 1995 4538 τὰ
2022 4485 2101 4539 ὄι-

442 4560 741 4630 καιώματά
757 4579 912 4629 pou;
950 4563 1164 4627 Μείζων
1190 4565 1295 4635 γάρ
1325 4562 1459 4637 αὕτη
1485 4570 1516 4637 ή
1550 4569 1739 4639 βλάϐη,
1768 4572 1895 4625 ὅταν
1921 4573 2101 4637 καλῶς

440 4648 702 4701 διδάσκων
744 4666 825 4711 τις
859 4650 945 4702 διά
983 4652 1271 4721 ῥημάτων,
1307 4654 1392 4705 διὰ
1422 4655 1527 4707 τῶν
1555 4656 1729 4725 ἔργων
1764 4660 1973 4730 πολεμῇ
2000 4642 2094 4733 τῇ

440 4734 763 4805 διδασκαλίᾳ.
806 4736 974 4789 Τοῦτο
1009 4738 1215 4791 πολλῶν
1252 4741 1423 4793 αῐτιον
1455 4743 1641 4809 γέγονε
1677 4746 1861 4799 κακῶν
1890 4750 1948 4801 ὲν
1979 4753 2099 4815 ταῖς

454 4822 799 4892 Ἐκκλησίαις
852 4824 946 4877 Διά
974 4826 1127 4878 τοῦτο
1159 4828 1251 4880 καὶ
1284 4829 1558 4898 σύγγνωτε
1578 4875 1592 4894 ,
1630 4836 1933 4905 παρακαλῶ
1958 4879 1971 4893 .
2000 4838 2094 4892 τοῦ

440 4905 600 4972 λόγου
628 4907 965 4976 χρονίζοντος
992 4912 1120 4979 ἡμῖν
1149 4914 1207 4981 ὲν
1234 4916 1405 4985 τούτῳ
1429 4918 1506 4987 τῷ
1540 4919 1721 4975 πάθει.
1755 4923 1931 4977 Πολλά
1966 4927 2095 4978 πολ-

440 4996 522 5048 ὶοὶ
547 4998 871 5065 πράττουσιν
898 5000 1038 5072 ὑπὲρ
1064 5002 1155 5055 τοῦ
1182 5006 1261 5066 είς
1282 5006 1445 5074 μέσον
1476 5010 1695 5075 στάντες
1724 5015 1931 5083 μακρὸν
1959 5018 2095 5069 ἀπο-

437 5084 628 5136 τείνειν
654 5085 833 5151 λόγον’
857 5088 955 5139 κᾶν
988 5090 1082 5158 μὲν
1116 5095 1320 5162 κρότων
1345 5095 1549 5165 τύχωσι
1574 5098 1679 5149 τῶν
1704 5101 1811 5151 ἀπὸ
1841 5102 1933 5153 τοῦ
1958 5104 2093 5175 πλή-

438 5169 563 5233 θους
586 5213 599 5233 ,
629 5173 850 5241 γέγονεν
880 5177 1058 5240 αὐτοῖς
1086 5180 1239 5233 τοῦτο
1280 5181 1551 5251 βασιλείας
1590 5186 1701 5239 ίσον
1725 5203 1739 5216 ·
1772 5188 1837 5241 ἂν
1866 5189 1919 5242 δὲ
1959 5191 2095 5259 μετά

439 5258 593 5326 σιγῆς
626 5257 715 5310 τὸν
755 5259 912 5327 λόγον
946 5267 1357 5329 καταπαύσωσι,
1393 5272 1613 5342 γεέννης
1646 5273 1707 5343 δή
1749 5292 1852 5328 που
1896 5257 2095 5345 μᾶλλον

435 5343 620 5433 αὐτοῖς
646 5346 997 5433 χαλεπωτέρα
1034 5352 1265 5421 κατέστη
1295 5354 1394 5423 τῆς
1429 5360 1584 5427 σιγῆς
1609 5362 1640 5430 ή
1668 5362 1874 5433 ἀθυμία
1888 5343 1905 5416 ,ί
1926 5363 2094 5416 Τοῦτο

436 5431 533 5491 τάς
562 5432 879 5503 Ἐκκλησίας
908 5439 1199 5509 ἀνέτρεψεν
1222 5480 1235 5503 ,
1264 5443 1343 5494 ὅτι
1372 5446 1461 5496 καὶ
1490 5447 1643 5514 ὑμεῖς
1668 5450 1725 5500 ού
1766 5431 1973 5520 ζητεῖτε
2002 5450 2089 5504 λό-

434 5534 531 5585 γον
559 5518 784 5572 ἀκοῦσαι
816 5530 1209 5581 κατανυκτικὸν
1237 5571 1250 5592 ,
1284 5532 1419 5584 ἀλλά
1444 5532 1636 5602 τέρψαι
1664 5518 1955 5606 δυνάμενον
1996 5540 2090 5593 καὶ

433 5606 509 5697 τῶ
531 5606 686 5677 ψόερῳ
711 5610 801 5661 καὶ
831 5613 895 5679 τῇ
927 5614 1167 5668 συνθέσει
1193 5618 1298 5670 τῶν
1330 5622 1605 5689 ῥημάτων,
1639 5624 1884 5693 καθάπερ
1913 5629 2088 5697 μελῳ-

433 5692 537 5747 δῶν
562 5698 652 5748 καὶ
688 5697 1014 5766 κιθαριστῶν
1037 5704 1320 5768 ἀκούοντες
1347 5724 1358 5735 ·
1391 5709 1482 5761 καὶ
1510 5710 1669 5779 ἡμεῖς
1690 5710 1907 5780 ψυχρῶς
1932 5728 1956 5753 ι
1993 5718 2086 5767 καὶ

433 5783 789 5854 ταλαιπώρως
824 5790 1100 5851 ποιοῦντες
1124 5833 1136 5849 ,
1171 5794 1250 5845 ὅτι
1287 5799 1401 5858 ταῖς
1445 5798 1738 5866 ὑμετέραις
1770 5801 2086 5871 ἐπιθυμίαις

434 5870 696 5939 ἑπόμεθα,
732 5874 846 5925 δέον
886 5877 1173 5929 ἐκκόπτειν
1204 5882 1418 5945 ταύτας.

497 6033 510 6053 ¹
555 6034 721 6088 Morel.
770 6041 844 6084 κ)ιὶ
890 6042 1009 6097 ἡμᾶς
1048 6046 1251 6105 ψυχρῶς.

1215 413 1270 469 S.
1305 412 1586 469 JUANNIS
1618 410 2108 468 CHRYSOSTOMI
2152 409 2465 469 ARCIIIEP.
2496 413 3047 471 CONSTANI'INOP.

3759 412 3867 469 226

2280 528 2342 581 δ’.
2370 528 2483 583 Καὶ
2512 530 2707 583 ταύτὸν
2739 532 2967 597 γίνεται,
2986 527 3097 584 οἷον
3124 530 3190 583 ἂν
3208 531 3261 583 εί
3286 546 3369 592 τις
3398 525 3578 600 πατὴρ
3606 529 3751 595 πέρα
3769 526 3867 581 τοῦ

2205 614 2415 679 δέοντος
2446 616 2728 687 μαλθακοῦ
2758 620 3004 680 παιδίου.
3036 618 3210 672 καίτοι
3253 617 3660 690 ἀρρωστοῦντας
3680 657 3694 680 ,
3724 616 3866 670 πλα-

2208 702 2409 756 κοῦντα
2434 704 2603 774 ἐπιδῷ
2640 707 2734 759 καὶ
2773 706 2979 778 ψυχρὸν
3004 708 3096 761 καὶ
3120 708 3219 760 ὅσα
3242 708 3434 778 τέρπει
3457 705 3637 775 μόνον,
3666 704 3775 757 τῶν
3803 704 3867 758 δὲ

2207 792 2493 861 χρησίμων
2524 792 2793 863 μηδεμίαν
2825 794 3145 862 ἐπιμέλειαν
3178 797 3382 847 ποιοῖτο
3407 810 3422 823 ·
3451 788 3567 845 εἶτα
3600 791 3865 859 ἐγκαλού-

2209 894 2367 946 μενος
2394 879 2546 949 παρά
2573 879 2684 933 τῶν
2717 882 2918 950 ίατρῶν
2943 921 2958 946 ,
2992 882 3311 949 ἀπολογοῖτο
3338 880 3510 949 λέγων
3528 897 3544 911 ο
3568 880 3635 933 Τί
3668 878 3862 943 πάθως

2204 964 2303 1016 οὐκ
2341 966 2602 1036 ἀνέχομαι
2630 967 2815 1021 κλαῖον
2840 968 2900 1021 τὸ
2926 957 3135 1021 πάιδίον
3164 969 3309 1023 ἰδεῖν.
3343 969 3528 1021 Ἀθλιε
3551 969 3645 1021 καὶ
3676 967 3863 1020 ταλαί-

2204 1067 2357 1121 πωρε
2398 1054 2491 1106 καὶ⁵
2521 1055 2757 1126 προδότα
2782 1071 2797 1086 ⁸
2824 1056 2885 1109 ού
2913 1056 3023 1127 γάρ
3058 1056 3123 1108 ἂν
3150 1056 3360 1125 πατέρα
3390 1070 3482 1107 τον
3509 1054 3746 1107 τοιοῦτον
3787 1056 3868 1107 εῖ-

2204 1154 2363 1208 ποιμι
2382 1154 2395 1168 °
2428 1142 2521 1193 καὶ
2549 1144 2703 1213 πόσῳ
2727 1142 2934 1212 βέλτιον
2963 1144 3021 1196 έν
3044 1143 3235 1214 βραχεῖ
3268 1143 3607 1214 λυπήσαντα,
3635 1140 3863 1195 διαπανο

2200 1223 2291 1285 τδς
2314 1226 2491 1297 ὑγιείᾳ
2514 1229 2866 1298 παραδοῦναι,
2897 1230 2930 1301 ἢ
2958 1230 3055 1301 τὴν
3080 1232 3411 1301 πρόσκαιρον
3438 1228 3641 1300 ταύτην
3663 1230 3823 1299 χάριν
3844 1270 3862 1295 ,

2200 1310 2481 1380 διηνεκοῦς
2510 1313 2748 1384 ἀθυμίας
2777 1316 3034 1370 ὑπόθεσιν
3065 1318 3425 1388 ποιήσασθαι;
3467 1315 3637 1369 Τοῦτο
3659 1317 3863 1387 πάσχο-

2206 1412 2306 1465 μεν
2338 1400 2431 1452 καὶ
2453 1401 2635 1469 ἡμεῖς,
2665 1402 2838 1474 κάλλη
2866 1403 3063 1469 λέξεων
3101 1403 3587 1476 περιεργαζόμενοι
3615 1406 3711 1457 καὶ
3737 1421 3865 1456 συν-

2204 1481 2379 1551 θήκας
2404 1484 2552 1558 [239]
2577 1488 2673 1541 καὶ
2698 1490 2963 1559 ἁρμονίαν
2984 1491 3131 1553 ὅπως
3150 1492 3393 1562 ήσωμεν,
3414 1493 3511 1561 οὐχ
3543 1492 3690 1553 ὅπως
3716 1490 3864 1559 ὠφε-

2201 1572 2451 1644 λήσωμεν
2473 1591 2487 1605 ·
2510 1577 2659 1640 ὅπως
2687 1577 3089 1649 θαυμασθῶμεν
3122 1581 3171 1644 δ,
3198 1581 3295 1651 οὐχ
3331 1581 3479 1643 ὅπως
3511 1578 3813 1647 διδάξωμεν
3842 1594 3859 1609 ·

2202 1656 2349 1722 ὅπως
2367 1660 2675 1731 τέρψωμεν,
2692 1664 2790 1734 οὐχ
2812 1667 2960 1729 ὅπως
2980 1666 3367 1737 κατανύξωμεν
3381 1684 3393 1696 ·
3419 1668 3564 1731 ὅπως
3584 1663 3866 1736 κροτηθῶ-

2204 1762 2304 1814 μεν
2336 1748 2430 1800 καὶ
2459 1750 2684 1804 ἐπαίνου
2711 1752 2965 1821 τυχόντες
2995 1753 3341 1825 ἀπέλθωμεν,
3365 1756 3464 1825 οὐχ
3480 1755 3625 1818 ὅπως
3650 1752 3718 1806 τά
3748 1751 3860 1825 ήθη

2205 1835 2573 1908 ῥυθμίσωμεν.

2271 1926 2606 1981 Πιστεύσατέ
2640 1947 2752 1999 μοι,
2783 1931 2885 1984 οὐκ
2908 1932 3083 1997 άλλως
3113 1932 3275 2002 λέγω,
3305 1932 3524 1987 έπειδάν
3542 1931 3715 2001 λέγων
3733 1948 3863 2002 κρο-

2199 2014 2400 2085 τῶμαι.
2431 2018 2562 2087 παρ’
2588 2018 2749 2071 αὑτὸν
2780 2019 2879 2089 μὲν
2904 2020 2994 2073 τὸν
3020 2022 3208 2091 καιρὸν
3237 2019 3574 2093 ἀνθρώπινόν
3595 2038 3649 2072 τι
3665 2020 3862 2088 πάσχω

2202 2103 2276 2166 (τί
2310 2103 2417 2173 γάρ
2447 2106 2546 2157 οὐκ
2579 2104 2644 2158 ἀν
2669 2124 2751 2168 τις
2777 2108 2919 2162 είποι
2946 2108 3008 2160 τὸ
3032 2108 3278 2179 ἀληθές);
3312 2110 3407 2162 καὶ⁵
3438 2107 3731 2176 γάννυμαι,
3764 2105 3860 2157 καὶ

2201 2188 2521 2259 διαχέομαι·
2568 2192 2790 2246 ὲπειδάν
2834 2194 2889 2247 δι
2917 2193 3167 2248 ἀπελθὼν
3215 2194 3395 2249 οἴκαδε
3447 2195 3685 2265 έννοήσω
3734 2192 3861 2255 τοὺς

2203 2277 2575 2346 κροτήσαντας
2604 2280 2755 2332 οὐδὲν
2784 2279 3163 2352 ὠφεληθέντας
3185 2320 3201 2345 ,
3230 2280 3343 2334 ἀλλ’
3364 2282 3418 2335 ετ
3454 2298 3506 2334 τι
3531 2282 3626 2335 καὶ
3652 2280 3865 2349 ὠφελη-

2203 2361 2363 2429 θῆναι
2397 2363 2524 2424 ἔδει.
2566 2364 2671 2417 ὑπὸ
2700 2366 2791 2417 τοῦ
2827 2367 3021 2438 κρότου
3052 2368 3147 2422 καὶ
3172 2367 3280 2421 τῶν
3311 2368 3551 2421 ἐπαίνων
3581 2365 3858 2419 ἀπολωλε-

2199 2449 2360 2511 κότας
2385 2489 2401 2513 ,
2436 2451 2707 2521 ὀδυνῶμαι
2736 2452 2831 2505 καὶ
2872 2453 3041 2507 στένω
3079 2455 3172 2507 καὶ
3199 2455 3419 2525 δακρύω
3440 2496 3455 2521 ,
3504 2455 3599 2507 καὶ
3625 2454 3700 2515 ὡς
3734 2454 3858 2523 είκῆ

2202 2537 2380 2589 πάντα
2400 2536 2657 2607 εἰρηκὼς,
2684 2537 2826 2593 οὕτω
2842 2540 3145 2611 διάκειμαι,
3169 2544 3261 2595 καὶ
3282 2541 3419 2612 πρὸς
3434 2539 3672 2611 έμαυτδν
3692 2540 3855 2607 λέγω’

2202 2626 2266 2677 Τί
2301 2628 2391 2695 μοὶ
2419 2627 2479 2679 τὸ
2504 2627 2705 2695 ὄφελος
2727 2629 2835 2682 τῶν
2862 2630 3120 2701 ἱδρώτων,
3150 2633 3257 2685 τῶν
3279 2633 3586 2687 ἀκουόντων
3612 2634 3711 2686 οὐκ
3743 2632 3861 2685 ἑθε-

2200 2711 2399 2766 λόντων
2424 2715 2763 2785 καρποῦσθαι
2789 2706 2842 2769 τί
2869 2718 3020 2791 παρά
3048 2719 3155 2772 τῶν
3184 2720 3355 2789 λόγων
3376 2720 3482 2773 τῶν
3509 2723 3637 2791 παρ’
3666 2719 3856 2791 ήμῶνς

2201 2801 2294 2853 καὶ
2324 2801 2584 2866 πολλάκις
2624 2805 2881 2875 ἐνενόησα
2921 2807 3091 2860 θεῖναι
3124 2808 3287 2879 νόμον
3309 2808 3401 2861 τὸν
3428 2807 3703 2879 κωλύοντα
3730 2808 3859 2872 τοὺς

2200 2889 2425 2958 κρότους
2446 2932 2462 2956 ,
2494 2892 2588 2943 καὶ
2614 2892 2868 2945 πείθοντα
2896 2895 3035 2963 μεεά
3073 2897 3231 2967 σιγῆς
3257 2897 3399 2965 ὑμᾶς
3426 2895 3727 2967 ἀκροᾶσθαι
3764 2896 3856 2948 καὶ

2198 2975 2300 3045 τῆς
2315 2980 2698 3049 προσηκούσης
2719 2980 2989 3045 εὐταξίας.
3008 2981 3165 3036 Ἀλλά
3192 2983 3512 3054 ἀνάσχεσθε,
3537 2982 3858 3054 παρακαλῶ.

2201 3066 2296 3115 καὶ
2318 3065 2575 3135 πείσθητέ
2610 3085 2700 3136 μοι
2728 3108 2743 3131 ,
2777 3070 2870 3122 καὶ
2900 3070 2949 3121 εί
2976 3068 3159 3136 δοκεῖ,
3187 3070 3377 3124 τοῦτον
3399 3070 3735 3141 κυρώσωμεν
3766 3069 3862 3123 τὸν

2200 3151 2363 3221 ῄμον
2384 3152 2508 3223 ήδη,
2537 3154 2725 3223 μηδενὶ
2746 3154 2852 3207 τῶν
2874 3156 3179 3210 ἀκουόντων
3196 3157 3394 3223 ἐξεῖναι
3418 3161 3631 3229 κροτεῖν
3656 3156 3859 3228 μεταξὺ

2201 3237 2449 3305 λέγοντός
2470 3255 2615 3302 τινος
2634 3280 2649 3303 ,
2674 3239 2788 3293 ἀλλ’
2817 3243 2865 3295 εί
2896 3241 3133 3311 βούλοιτο
3169 3243 3489 3315 θαυμάζειν,
3532 3244 3859 3315 θαυμαζέτω

2203 3328 2327 3395 σιγῇ
2348 3340 2360 3353 ’
2380 3326 2551 3391 οὐδεὶς
2575 3330 2602 3379 6
2619 3327 2864 3391 κωλύων,
2887 3330 3037 3383 πᾶσα
3052 3329 3108 3383 δὲ
3130 3331 3164 3401 ή
3190 3332 3392 3406 σπουδὴ
3408 3334 3505 3385 καὶ
3526 3335 3561 3402 ή
3584 3330 3862 3402 προθυμία

2202 3412 2330 3480 περὶ
2373 3410 2435 3465 τὸ
2468 3410 2718 3482 δέχεσθαι
2752 3414 2817 3466 τά
2844 3414 3111 3485 λεγόμενα
3146 3417 3401 3485 γινέσθω.
3435 3417 3534 3469 Διά
3553 3418 3607 3469 τί
3630 3417 3861 3487 ἑκροτήο

2204 3514 2363 3564 σατις
2414 3500 2551 3570 Περὶ
2593 3499 2782 3553 τούτου
2823 3489 2926 3554 τὺν’
2952 3502 3115 3573 νόμον
3156 3504 3346 3576 τίθημι
3382 3521 3394 3535 ⁸
3441 3506 3598 3575 ὑμεῖς
3639 3505 3695 3557 δὲ
3740 3504 3865 3558 οὐδὲ

2200 3585 2425 3639 ἀκοῦσαι
2455 3587 2713 3657 ἀνέχεσθε
2736 3600 2784 3641 ο.
2817 3589 3033 3643 Πολλῶν
3061 3590 3217 3643 τοῦτο
3241 3590 3459 3659 ἀγαθῶν
3480 3592 3653 3644 αῐτιον
3683 3591 3858 3655 ἔσται,

2202 3674 2296 3727 καὶ
2321 3674 2695 3728 διδασκάλειόν
2728 3676 3069 3746 φιλοσοφίας.
3100 3680 3209 3732 Καὶ
3236 3680 3286 3731 οί
3314 3678 3424 3731 τῶν
3452 3678 3558 3745 ιξω
3582 3678 3863 3748 φιλόσοφοι

2201 3760 2523 3829 διελέγοντο,
2546 3764 2639 3816 καὶ
2655 3763 2829 3827 οὐδεὶς
2855 3765 3088 3835 οὐδαμοῦ
3117 3766 3310 3837 κράτος
3336 3767 3517 3829 αὐτοῖς
3542 3767 3866 3821 εῖπετο’καὶ

2201 3849 2249 3900 οἱ
2269 3850 2551 3903 ἀπόστολοι
2572 3852 2663 3921 ὲδη
2674 3852 2967 3923 μηγόρουν,
2987 3854 3081 3906 καὶ
3102 3854 3336 3925 οὐδαμοῦ
3348 3853 3506 3908 τοῦτο
3518 3856 3861 3927 πρόσκειται,

2202 3938 2282 3990 ὅτι
2309 3938 2512 4006 μεταξὺ
2545 3939 2808 4007 λεγόντων
2841 3943 3067 3995 ἐκείνων
3106 3945 3216 4007 τοῖς
3260 3944 3473 4013 κρότοις
3500 3943 3783 3997 διέκοπτον
3812 3946 3866 3998 οἱ

2202 4026 2493 4089 ἀκούοντες
2524 4026 2615 4080 τὸν
2645 4029 2888 4097 λέγοντα.
2932 4031 3090 4098 Μέγα
3111 4032 3271 4084 τοῦτο
3289 4030 3478 4103 κέρδος
3500 4034 3655 4102 ἡμῖν.
3701 4032 3867 4088 Ἀλλά

2202 4114 2539 4185 κυρώσωμεν
2562 4118 2719 4170 τοῦτο
2738 4134 2752 4148 ο
2784 4118 2903 4187 μεθ’
2933 4120 3165 4190 ἡσυχίας
3193 4120 3395 4183 πάντες
3415 4120 3727 4191 ἀκούωμεν,
3765 4124 3867 4176 καὶ

2202 4200 2449 4271 λέγωμεν
2478 4203 2711 4257 ἅπαντα.
2758 4203 2819 4257 El
2854 4206 2951 4274 μὲν
2974 4208 3082 4275 γάρ
3114 4207 3253 4276 μετά
3277 4208 3404 4270 τοὺς
3429 4208 3656 4278 κρότους
3676 4210 3869 4281 ἀπῄει-

2208 4306 2306 4358 μεν
2352 4289 2567 4358 έχοντες
2613 4291 2755 4363 ἀπερ
2788 4293 3132 4363 ἠκούσαμεν,
3166 4295 3399 4365 μάλιστα
3434 4296 3533 4365 μὲν
3559 4296 3680 4350 οὐδὲ
3718 4296 3866 4351 οὕτω

2202 4376 2469 4446 χρήσιμος
2497 4379 2525 4429 6
2558 4377 2771 4443 ἔπαινος
2804 4380 2939 4449 (ἀλλ’
2974 4382 3072 4435 οὐκ
3098 4382 3163 4435 ἀν
3191 4382 3703 4455 ὴκριϐολογησάμην
3734 4400 3748 4413 ·
3785 4387 3864 4458 μὴ

2207 4463 2274 4533 μέ
2311 4480 2396 4527 τις
2434 4466 2724 4536 ἀγροικίας
2763 4468 3042 4541 γραφέτω)
3068 4488 3080 4501 ·
3100 4470 3286 4542 ἐπειδὴ
3314 4471 3373 4524 δὲ
3403 4472 3569 4542 μηδὲν
3587 4472 3651 4525 τὸ
3673 4472 3861 4543 πλέον,

2204 4551 2339 4605 ἀλλά
2371 4554 2463 4605 καὶ
2497 4553 2706 4624 βλάϐη,
2752 4555 3001 4627 λύσωμεν
3044 4558 3106 4613 τὸ
3152 4558 3417 4630 κώλυμα,
3467 4561 3743 4633 ἀνέλωμεν
3792 4565 3865 4616 τά

2204 4642 2585 4712 σκιρτήματα,
2624 4644 2948 4715 ὲκκόψωμεν
2988 4646 3059 4699 τά
3104 4648 3397 4719 πηδήματα
3434 4649 3531 4719 τῆς
3558 4649 3756 4721 ψυχῆς.
3802 4650 3865 4705 ὐ

2199 4730 2430 4798 Χριστὸς
2465 4731 2878 4803 ἐδημηγόρησεν
2905 4733 2997 4785 ἐπὶ
3021 4732 3112 4786 τοῦ
3142 4735 3299 4805 δρους
3319 4750 3332 4762 ”
3363 4735 3477 4788 ἀλλ’
3502 4736 3675 4800 οὐδεὶς
3702 4738 3864 4792 οὐδὲν

2198 4812 2378 4882 εἶπεν,
2402 4817 2506 4881 ἕως
2536 4820 2624 4870 ὅτε
2649 4820 2742 4871 τὸν
2774 4820 2931 4888 λόγον
2970 4820 3233 4873 ἐτέλεσεν.
3276 4822 3391 4890 Οὐκ
3414 4824 3701 4895 ἀποστερῶ
3730 4828 3865 4890 τοὺς

2200 4903 2555 4974 βουλομένους
2586 4907 3069 4980 κροτεῖσθαι,ιάυά
3088 4908 3284 4977 μᾶλλον
3301 4910 3674 4981 θαυμάζεσθαι
3696 4912 3860 4968 ποιῶ.

2201 4993 2386 5063 Πολλῷ
2414 4994 2619 5064 βέλτιον
2648 4996 2787 5065 μετά
2814 4996 2975 5066 σιγῆς
2995 4998 3333 5061 ἀκούσαντα,
3368 5000 3457 5053 διά
3496 5001 3595 5070 τῆς
3636 5002 3864 5071 μνήμης

2198 5080 2256 5129 ὲν
2297 5081 2457 5133 παντὶ
2488 5080 2566 5150 τῷ
2598 5081 2773 5151 χρόνῳ
2804 5086 3038 5153 κροτεῖν,
3066 5086 3158 5137 καὶ
3189 5088 3247 5139 ὲν
3270 5086 3418 5157 οίκία
3445 5087 3538 5139 καὶ
3571 5088 3628 5141 έν
3658 5089 3863 5159 ἀγορᾷ,

2197 5166 2229 5233 ἢ
2277 5167 2451 5219 πάντα
2497 5168 2836 5222 ἀπολέσαντα
2879 5170 3219 5239 ἀπέρχεσθαι
3269 5172 3455 5226 οίκαδε
3503 5174 3696 5239 κενὸν,
3755 5177 3863 5231 οὐκ

2196 5251 2386 5321 ἔχοντα
2412 5253 2521 5305 τῶν
2553 5256 2764 5322 κρότων
2793 5257 2891 5325 τὴν
2929 5257 3201 5313 ὑπόθεσιν.
3230 5259 3354 5322 Πῶς
3383 5261 3489 5332 γάρ
3524 5262 3586 5315 οὐ
3623 5263 3865 5329 καταγέ-

2195 5339 2387 5403 λαστος
2416 5343 2444 5393 6
2470 5342 2778 5411 ἀκροατήςς
2812 5345 2927 5407 πῶς
2951 5345 3011 5396 οὺ
3037 5346 3201 5410 κόλαξ
3231 5348 3327 5400 καὶ
3364 5349 3528 5419 εῖρων
3548 5348 3574 5388 ά
3597 5350 3857 5421 νομισθή-

2196 5444 2344 5481 σεται
2371 5430 2590 5499 μᾶλλον,
2612 5431 2692 5483 ὅτι
2727 5432 2821 5500 μὲν
2849 5434 3029 5497 καλῶς
3056 5431 3210 5487 εἶπεν
3234 5438 3261 5489 6
3284 5437 3598 5502 διδάσκαλος
3628 5440 3864 5509 ἀποφαι-

2194 5517 2413 5586 νόμενος
2434 5559 2448 5582 ,
2480 5519 2532 5569 τί
2556 5518 2611 5569 δὲ
2640 5514 2790 5571 εἶπεν
2823 5522 2921 5573 ούκ
2946 5521 3086 5591 ἔχων
3114 5523 3281 5588 δεῖξαι
3310 5543 3324 5590 ;
3354 5526 3528 5585 Τοῦτο
3565 5526 3858 5592 κολακείας

2190 5605 2432 5657 ὲστίν.⁹0
2480 5607 2575 5675 μὲν
2614 5606 2721 5678 γάρ
2767 5607 3079 5679 κιθαρῳδῶν
3122 5612 3360 5676 ἀκούσας
3398 5615 3491 5667 καὶ
3540 5615 3859 5685 τραγῳδῶν,

2189 5694 2412 5756 είκότως
2440 5693 2509 5747 ἂν
2535 5694 2690 5746 τοῦτο
2714 5697 2895 5759 πάθοι,
2930 5700 3023 5750 an
3052 5701 3149 5751 ούκ
3172 5701 3327 5764 είδὼς
3352 5704 3551 5772 ὁμοίως
3580 5704 3675 5774 τὴν
3699 5705 3862 5773 ρῆσιν

2188 5783 2539 5837 είπεῖν’ἔνοα
2566 5785 2622 5836 δὲ
2670 5786 2727 5836 ού
2783 5786 2974 5854 μέλους
3023 5790 3278 5856 ἐπίδειξίς
3317 5796 3463 5845 ἐστιν
3502 5793 3623 5845 οὐδὲ
3650 5798 3859 5865 φωνῆς,

2201 5988 2207 5996 ι
2250 5936 2276 5962 ο
2320 5926 2415 6005 ΛὶῘί
2442 5929 2567 6005 ὅπως
2584 5928 2901 6000 εὖξράνωμεν,
2926 5931 3011 5991 οὐχ
3044 5934 3171 6005 δττως
3205 5935 3858 6005 ὡφελῆσωμεγσκοποῦντες,

2186 5990 2310 6057 οπως
2353 5990 2708 6066 θτλμξσθιώμεν.
2779 5996 2799 6021 ⁸
2827 5990 3183 6065 Αἱιιιιδῃτιθῃιι,
3231 5990 3319 6066 καὶ.
3349 5990 3479 6066 ύμέξς
3522 5997 3726 6048 ἀκοῦσαι
3768 5990 3861 6050 οὐκ

2185 6050 2417 6109 ἀνέχεσθε,
2487 6050 2509 6089 ά
2545 6053 2634 6101 ΜΠ
2668 6055 2918 6115 ἀκροατὴς.
2952 6056 3027 6101 καὶ
3056 6059 3211 6109 mhi,
3247 6058 3322 6103 καὶ
3362 6050 3513 6117 sibi.
