4082 6494
294 437 397 490 225

294 552 368 602 tio
392 564 460 602 ex
488 545 846 602 immoderato
873 543 1053 598 studio
1077 541 1274 611 prodiit
1302 558 1317 606 ;
1348 555 1531 594 verum
1562 539 1723 594 etiam
1755 539 1879 592 hinc

290 638 654 709 apostolorum
681 637 849 690 virtus
871 632 1186 687 ostenditur.
1218 630 1288 686 Et
1314 630 1439 685 vide
1468 630 1744 700 quomodo
1764 645 1881 682 om-

293 730 377 783 nia
406 729 604 799 ubique
634 727 744 781 Deo
773 727 1026 780 referant.
1059 724 1168 778 llos
1196 731 1251 777 et
1281 737 1379 776 nos
1405 722 1678 792 imitemur
1703 738 1717 773 :
1748 720 1880 774 nihil

292 831 533 875 nostrum
564 835 687 874 esse
732 829 998 887 putemus,
1028 816 1462 887 quandoquidem
1501 830 1569 869 ne
1615 815 1729 885 ipsa
1756 813 1879 883 qui-

289 913 413 967 dent
443 913 577 965 fides
598 919 781 964 nostra
802 920 903 964 est.
927 908 1079 976 Quod
1108 919 1286 963 autem
1318 916 1500 962 nostra
1531 924 1636 960 non
1661 908 1754 971 sit,
1784 904 1878 960 sed

292 1006 462 1074 magis
487 1003 598 1068 Dei,
628 1002 752 1056 audi
775 1001 996 1057 Paulum
1022 1000 1286 1055 dicentem
1318 1017 1334 1055 :
1363 997 1431 1052 Et
1456 1000 1550 1053 hoc
1577 1015 1676 1051 non
1702 1014 1764 1051 ex
1788 1013 1883 1050 no-

290 1096 383 1156 bis.
412 1094 511 1148 Dei
536 1096 725 1148 donum
754 1092 968 1164 (Ep/tes.
1001 1092 1055 1145 2.
1089 1094 1167 1159 8).
1196 1091 1273 1146 Ne
1303 1093 1481 1162 itaque
1510 1093 1677 1146 altum
1704 1090 1879 1159 sapia-

289 1204 408 1243 mus
432 1204 532 1243 nec
554 1187 821 1252 inﬂemnr,
848 1201 969 1240 cum
1000 1186 1247 1240 homines
1270 1184 1619 1246 simus,'terra
1642 1194 1695 1239 et
1718 1183 1876 1248 cinis,

289 1280 470 1335 fumus
501 1289 557 1335 et
606 1279 815 1334 umbra.
854 1278 947 1332 Dic
973 1278 1114 1331 enim
1149 1277 1318 1335 mihi.
1358 1292 1454 1330 cur
1492 1277 1660 1331 altum
1689 1276 1879 1344 sapis?

290 1372 706 1442 Eleemosyuam
735 1369 928 1425 dedisti
955 1380 1008 1425 et
1050 1370 1301 1438 pecunias
1332 1367 1609 1423 eii‘udisti?
1648 1367 1715 1422 Et
1752 1367 1877 1438 quid

288 1462 389 1517 hoc
413 1463 437 1516 ἲ
461 1463 647 1532 Cagita
679 1462 725 1515 si
756 1461 1017 1515 noluisset
1046 1470 1097 1515 te
1126 1461 1264 1515 Deus
1291 1460 1511 1513 divitem
1544 1457 1720 1515 facere
1749 1477 1761 1511 :
1789 1474 1881 1512 co—

284 1556 391 1624 gita
423 1569 521 1609 eos
560 1555 650 1623 qui
678 1554 854 1623 inopia
884 1561 1201 1621 pretuuutur
1227 1569 1241 1615 ;
1277 1553 1383 1605 imo
1408 1552 1581 1621 cogita
1607 1551 1879 1635 quot‘ipsa

283 1662 513 1716 corpora
546 1647 959 1716 impenderunt,
988 1656 1041 1701 et
1067 1657 1352 1716 postquam
1383 1646 1662 1701 innumera
1691 1661 1879 1716 eroga-

286 1749 497 1799 venmt.
522 1740 729 1808 seipsos
755 1740 981 1792 miseros
1001 1738 1271 1792 dixerunt.
1296 1736 1374 1791 Tu
1403 1747 1624 1806 propter
1650 1737 1879 1806 teipsum

282 1833 504 1907 dedisti,
532 1832 779 1886 Christus
807 1844 1025 1900 propter
1056 1846 1107 1885 te
1137 1848 1150 1882 :
1188 1844 1240 1883 ttt
1270 1830 1411 1899 quod
1440 1830 1674 1885 debebas
1703 1831 1882 1885 reddi-

281 1926 408 1979 disti
432 1967 447 1989 ,
484 1924 734 1979 Christus
777 1924 909 1978 nihil
956 1924 1049 1978 tibi
1075 1923 1323 1979 debebat.
1362 1922 1493 1978 Vide
1514 1937 1673 1992 quam
1705 1924 1882 1977 incer-

286 2032 399 2072 tum
430 2018 503 2072 sit
543 2016 816 2083 futurum,
850 2027 905 2072 et
929 2032 996 2071 ne
1032 2016 1198 2070 altum
1235 2016 1413 2082 sapias
1435 2056 1449 2078 ,
1480 2015 1574 2070 sed
1610 2014 1739 2070 time
1768 2033 1783 2069 :
1812 2032 1879 2070 ne

283 2090 537 2164 virtutem
585 2125 647 2162 ex
698 2109 997 2178 arrogantia
1048 2108 1278 2161 minuas.
1324 2106 1414 2160 Vis
1457 2121 1583 2161 vere
1627 2120 1877 2177 maguum

282 2200 557 2269 quidpiam
607 2198 825 2255 facere?
852 2199 928 2255 Ne
976 2214 1227 2269 umquam
1271 2213 1570 2268 przesumas
1607 2208 1878 2268 tamquam

282 2296 353 2348 de
383 2296 589 2363 magnis
609 2296 881 2365 Operibus.
914 2297 980 2347 At
1005 2296 1155 2362 virgo
1178 2291 1283 2347 es?
1316 2292 1507 2347 Verum
1538 2293 1640 2347 illae
1665 2308 1881 2363 qunque

286 2389 521 2458 virgines
551 2399 725 2455 erant,
758 2398 812 2442 et
844 2400 1060 2457 propter
1087 2387 1463 2442 crudelitatem
1492 2398 1548 2442 et
1576 2388 1877 2441 inhumani-

288 2488 451 2531 tatrm
483 2480 614 2533 nihil
644 2479 840 2549 profuit
884 2479 1013 2548 ipsis
1046 2478 1341 2548 virginitas.

361 2570 643 2626 Humilitas
656 2569 1270 2626 commendatur.-—Nihil
1292 2569 1577 2624 humilitati
1609 2586 1701 2640 par
1726 2589 1739 2622 :
1766 2571 1879 2626 ha'c

286 2675 458 2720 mater
484 2674 598 2731 est,
631 2664 781 2719 radix
805 2708 817 2728 .
850 2664 1027 2719 nutrix
1052 2704 1066 2730 ,
1101 2664 1489 2727 fulcimentum,
1525 2674 1578 2718 et
1607 2666 1876 2719 vinculum

290 2764 554 2815 bonorum
585 2774 599 2813 :
633 2760 753 2814 sine
777 2759 863 2813 illa
894 2758 1275 2824 abominandi,
1322 2757 1639 2812 exsecrandi
1680 2766 1735 2811 et
1776 2759 1878 2810 im-

289 2852 405 2921 puri
430 2866 640 2906 sumus.
672 2850 799 2905 Esto
819 2851 961 2904 enim
990 2852 1107 2921 quis
1127 2891 1141 2913 ,
1170 2851 1215 2903 si
1248 2850 1455 2919 placet',
1504 2850 1595 2920 qui
1640 2861 1880 2904 mortuos

286 2943 546 3009 suscitet,
578 2942 800 2997 claudos
828 2943 1026 3011 erigat,
1072 2943 1315 3010 leprosos
1364 2949 1583 2996 munitet
1622 2957 1745 2995 cmn
1789 2958 1880 2995 ar-

288 3036 530 3105 rogantia
560 3050 573 3086 :
608 3033 739 3089 nihil
772 3033 873 3088 hoc
902 3034 1162 3104 impurius
1186 3075 1201 3098 ,
1235 3034 1367 3087 nihil
1411 3034 1578 3104 magis
1618 3034 1878 3102 impium,

288 3127 422 3181 nihil
450 3127 753 3182 scelestius.
782 3125 924 3180 Nihil
955 3127 1030 3180 tui
1058 3126 1225 3196 ipsius
1249 3141 1370 3181 esse
1394 3134 1602 3196 reputa.
1631 3126 1880 3181 Faculta-

291 3234 397 3274 tem
447 3220 596 3275 verbi
644 3231 700 3275 et
744 3220 1005 3275 doctrinae
1046 3219 1271 3289 gratiam
1322 3218 1530 3273 habes?
1572 3218 1648 3274 Nc
1676 3219 1799 3273 ideo
1830 3230 1881 3273 te

292 3322 445 3382 putes
479 3312 597 3381 plus
622 3327 780 3383 quam
809 3312 943 3365 alios
972 3310 1191 3365 habere.
1224 3309 1347 3365 Ideo
1374 3311 1608 3365 maxime
1636 3322 1687 3366 te
1718 3311 1883 3365 humi-

287 3407 404 3461 liari
432 3414 680 3475 oportet,
713 3405 833 3472 quia
878 3404 1119 3473 pluribus
1162 3404 1420 3473 dignatus.
1454 3419 1516 3458 es
1556 3403 1733 3457 donis.
1783 3403 1879 3458 tlui

286 3501 431 3553 enim
486 3498 604 3567 plus
648 3496 962 3561 dimittitur,
1016 3496 1135 3565 plus
1182 3495 1365 3566 diliget
1415 3494 1584 3566 (Luc.
1630 3498 1682 3549 7.
1736 3494 1876 3568 47).

288 3590 476 3658 Itaque
502 3588 769 3642 humiliari
798 3597 849 3642 te
875 3598 1124 3656 Oportet,
1157 3588 1276 3657 quia
1309 3588 1428 3643 aliis
1460 3589 1834 3658 praetermissis
1861 3632 1877 3657 ,

287 3680 383 3734 tibi
431 3682 619 3734 annuit
666 3680 827 3735 Deus.
879 3681 988 3734 llac
1034 3679 1104 3735 de
1154 3694 1315 3735 causa
1349 3681 1476 3736 time
1510 3698 1522 3733 :
1555 3696 1703 3753 saepe
1730 3682 1875 3738 enim

286 3775 391 3827 hoc
417 3772 520 3825 tibi-
536 3773 786 3841 perniciei
820 3787 979 3826 causa
1008 3782 1124 3838 est,
1154 3773 1256 3826 nisi
1282 3773 1608 3842 vigilaveris.

362 3862 526 3934 Opere
551 3863 711 3934 magis
736 3880 889 3929 quam
916 3864 1059 3917 verba
1084 3864 1373 3917 insinuatur
1399 3864 1879 3935 disciplina.—Cur

283 3958 451 4012 altum
484 3958 664 4027 sapis?
692 3959 813 4026 quia
847 3957 1024 4011 verbis
1046 3956 1247 4011 doces?
1280 3955 1385 4011 Sed
1420 3956 1573 4012 facile
1599 3958 1875 4027 estphilo-

283 4048 501 4118 sophari
533 4048 712 4103 verbis
741 4066 752 4103 :
784 4048 919 4101 doce
950 4063 1034 4103 me
1078 4064 1172 4117 per
1204 4050 1362 4103 vitam
1418 4059 1558 4103 tuam
1592 4066 1606 4102 :
1638 4049 1755 4105 hanc
1794 4062 1877 4105 est

284 4139 487 4209 optima
513 4139 778 4195 doctrina.
813 4139 990 4205 Dicis,
1024 4130 1283 4195 modestia
1323 4156 1458 4209 opus
1488 4156 1609 4196 esse
1634 4151 1735 4205 ,-et
1779 4142 1877 4197 hac

284 4231 354 4286 de
381 4246 438 4286 re
465 4232 678 4301 longum
710 4232 846 4287 texis
888 4246 1231 4297 sermonem,
1278 4242 1439 4302 atque
1480 4235 1713 4289 oratoria
1758 4236 1875 4289 sine

282 4324 441 4380 obice
468 4324 629 4380 verba
660 4324 985 4395 profundis?
1018 4327 1084 4380 At
1112 4326 1299 4380 melior
1343 4334 1393 4380 te
1438 4337 1520 4381 est
1562 4327 1649 4401 ille
1674 4368 1689 4393 ,
1732 4328 1873 4383 dicet

281 4416 582 4485 quispiam,
612 4417 700 4485 qui
734 4416 835 4469 hoc
860 4416 1115 4487 operibus
1148 4433 1232 4473 me
1265 4418 1441 4473 docet.
1476 4418 1592 4473 Non
1623 4420 1768 4473 enim
1801 4421 1872 4473 ita

282 4508 542 4561 insinuari
571 4509 747 4562 solent
774 4510 967 4563 animis
995 4509 1290 4579 disciplina:
1317 4512 1494 4566 verbis
1516 4552 1532 4575 ,
1582 4520 1640 4566 ut
1691 4514 1871 4581 cperi-

284 4603 388 4654 bus
420 4616 433 4651 :
466 4615 589 4654 nam
620 4601 723 4655 nisi
750 4617 913 4671 opera
943 4601 1144 4657 habeas
1167 4644 1182 4670 ,
1216 4620 1319 4657 non
1353 4605 1513 4660 modo
1544 4621 1647 4660 non
1676 4606 1872 4675 prodes

282 4692 500 4758 verbis,
533 4692 627 4748 sed
654 4695 817 4749 etiam
859 4695 1028 4765 magis
1076 4711 1257 4751 noces.
1304 4696 1491 4752 Melius
1540 4708 1623 4752 est
1671 4708 1869 4754 tacere.

278 4784 496 4849 Quare?
525 4784 657 4851 Quia
686 4800 797 4839 rem
829 4786 957 4839 mihi
980 4786 1361 4855 impossibilem
1382 4789 1658 4857 proponis.
1681 4787 1871 4860 Cogito

279 4875 428 4928 enim
448 4914 463 4937 ,
491 4876 535 4929 si
564 4886 618 4929 tu
644 4877 732 4945 qui
764 4887 907 4931 tanta
934 4878 1190 4946 loqueris,
1222 4894 1328 4932 non
1358 4878 1526 4943 facis;
1562 4882 1730 4935 multo
1758 4898 1872 4937 ma-

278 4971 365 5037 gis
397 4982 481 5021 tne
505 4970 654 5022 venia
684 4969 900 5039 dignum
928 4985 1046 5025 esse
1068 5010 1081 5031 .
1115 4971 1204 5041 qui
1247 4971 1380 5024 nihil
1424 4971 1566 5026 dico.
1621 4972 1744 5027 Ideo
1797 4976 1874 5028 ait

281 5058 545 5130 propheta
578 5077 592 5113 :
627 5058 891 5115 Peccatori
922 5086 923 5089 η
960 5074 1128 5115 autem
1176 5063 1307 5116 dixit
1357 5062 1495 5117 Deus
1518 5104 1534 5130 ,
1601 5064 1771 5131 Quare
1818 5075 1872 5118 tu

277 5170 493 5207 enarra:
533 5155 763 5224 justitias
815 5172 951 5208 meas
998 5156 1190 5226 (Psal.
1235 5156 1324 5211 49.
1359 5158 1461 5227 16)
1485 5159 1506 5213 ἳ
1533 5158 1698 5228 Majus
1726 5161 1869 5213 enim

281 5247 390 5301 hoc
416 5259 794 5303 uocumeutum
826 5260 929 5317 est,
961 5266 1080 5304 cum
1112 5253 1232 5321 quis
1259 5262 1407 5308 recte
1437 5254 1639 5309 docens
1667 5256 1867 5323 verbis,

278 5340 582 5395 doctrinam
610 5340 763 5397 faetis
794 5344 1084 5415 impugnat.
1119 5346 1228 5399 lloc
1257 5348 1544 5399 multorum
1575 5348 1626 5400 in
1680 5348 1870 5402 Eccle-

280 5433 379 5486 siis
402 5430 500 5486 fuit
527 5448 687 5487 causa
719 5435 997 5491 malorum.
1034 5437 1322 5507 Propterea
1358 5438 1632 5505 ignoscite.
1660 5455 1867 5507 quasso,

278 5526 421 5595 quod
444 5542 623 5582 sermo
657 5529 829 5582 hacin
864 5546 921 5585 re
945 5532 1153 5600 longius
1183 5542 1449 5585 excurrat.
1502 5532 1649 5584 Multi
1705 5533 1869 5587 multa

280 5619 516 5685 iaciunt,
553 5629 610 5674 ut
639 5620 689 5673 in
719 5621 893 5674 medio
921 5632 1125 5676 stantes
1165 5623 1377 5691 longum
1433 5623 1707 5690 proferant
1756 5636 1871 5675 Ser-

276 5728 495 5767 monem
532 5730 545 5767 :
577 5723 633 5767 et
676 5714 719 5766 si
771 5714 1015 5782 plausum
1069 5715 1422 5768 multitudinis
1470 5724 1867 5782 assequuntur,

275 5805 498 5869 perinde
526 5806 764 5876 gaudent
793 5821 853 5859 ac
881 5808 922 5859 si
955 5824 1175 5876 regnum
1217 5809 1607 5868 obtinuissent;
1655 5808 1701 5860 si
1740 5822 1869 5860 vero

274 5914 392 5953 cum
422 5899 643 5954 silentio
688 5896 895 5950 dicmdt
944 5900 1099 5953 linem
1154 5896 1387 5966 faciant,
1436 5898 1680 5969 gelienna
1733 5896 1865 5965 ipsis

1224 426 1288 483 IN
1331 426 1511 482 ACTA
1550 425 2075 483 APOS‘I‘OLORUM.
2116 424 2344 482 HOMIL.
2396 423 2565 478 XXX.

3479 428 3587 483 926

1994 540 2209 606 gravius
2233 545 2288 590 et
2311 536 2593 590 onerosins
2618 545 2700 590 est
2736 536 2840 591 tale
2890 538 3183 592 silentium.
3234 538 3346 594 lloe
3398 540 3590 596 Hrcle.

1990 628 2101 681 sias
2134 628 2438 694 subvertit,
2470 628 2611 699 quod
2653 645 2746 684 vos
2786 645 2892 683 non
2936 633 3191 700 quaeratis
3225 632 3389 687 xerha
3433 650 3589 690 com-

1992 722 2299 788 punctionis
2319 764 2333 787 ,
2366 722 2459 776 sed
2488 738 2606 792 qua:
2636 722 2909 777 oblectent
2934 734 2987 779 et
3014 740 3151 779 sono
3194 735 3248 780 et
3300 728 3588 784 verborum

1988 815 2402 883 compositione,
2434 831 2497 870 ac
2518 816 2563 869 si
2594 826 2845 871 cantores
2869 828 2924 872 et
2949 817 3274 875 citharoedos
3288 820 3586 889 audiretis;

1987 916 2042 959 et
2072 921 2170 959 nos
2202 904 2388 975 frigide
2416 922 2480 962 ac
2514 908 2710 962 misere
2751 919 2964 965 vestros
3004 910 3226 967 aﬂ'ectus
3273 928 3585 985 sequamur,

1986 1014 2122 1068 quos
2150 998 2472 1062 exscindere
2499 1010 2796 1069 oporteret.

2056 1090 2110 1144 4.
2144 1090 2485 1159 ldipsumque
2525 1092 2783 1156 facimus,
2829 1107 2895 1148 ac
2946 1093 2991 1147 si
3040 1103 3192 1163 pater
3227 1096 3388 1151 nimis
3438 1106 3587 1155 mottt

1990 1195 2192 1249 puero,
2223 1183 2324 1236 etsi
2358 1183 2681 1249 infirmanti,
2713 1184 2961 1256 frigidam
2992 1186 3329 1256 placentem,
3373 1201 3428 1245 et
3466 1209 3586 1263 quae

1987 1272 2161 1326 solum
2193 1273 2467 1327 oblectant
2499 1277 2768 1346 porrigat;
2812 1277 3021 1332 utilium
3070 1294 3203 1334 vero
3239 1282 3442 1335 nullam
3491 1299 3587 1338 cu-

1991 1378 2105 1417 ram
2137 1363 2331 1419 habeat
2362 1382 2376 1417 :
2407 1365 2604 1422 deinde
2629 1383 2658 1421 a
2688 1368 2911 1423 medicis
2941 1369 3255 1440 objurgatus
3276 1412 3293 1439 ,
3324 1374 3390 1426 ad
3418 1389 3585 1429 excu-

1987 1454 2250 1509 sationem
2284 1454 2458 1522 dicat,
2488 1456 2623 1524 Quid
2656 1456 2885 1512 faciam?
2911 1458 3131 1515 ﬂentem
3176 1478 3399 1532 puerum
3446 1464 3587 1521 ferre

1990 1559 2217 1614 nequeo.
2248 1546 2430 1611 Miser,
2454 1546 2641 1603 infelix
2662 1560 2716 1603 et
2745 1549 2989 1618 proditor
3021 1570 3033 1604 :
3071 1569 3245 1622 neque
3268 1555 3413 1611 enim
3442 1552 3585 1611 hunc

1989 1647 2192 1706 patrem
2233 1640 2505 1693 dixerim:
2540 1657 2699 1709 quam
2749 1643 2944 1698 melius
2994 1654 3173 1711 esset,
3227 1647 3375 1702 illum
3421 1663 3585 1719 parvi»

1990 1736 2234 1801 tempore
2254 1733 2464 1788 tristitia
2492 1734 2739 1790 affectum
2760 1738 3010 1806 perfecue
3035 1740 3248 1793 sanitati
3274 1742 3581 1811 restituere,

1987 1838 2147 1893 quam
2182 1832 2583 1892 temporaneam
2614 1827 2839 1896 gratiam
2874 1814 3111 1898 perpetui
3162 1836 3411 1887 mmroris
3448 1850 3585 1889 .cau-

1986 1929 2100 1969 sam
2149 1917 2362 1973 facere!
2414 1918 2523 1973 Hoc
2569 1929 2623 1975 et
2670 1938 2768 1977 nos
2822 1922 3081 1991 facimus,
3126 1924 3255 1979 dum
3282 1928 3582 1997 elegantem

1987 2012 2284 2066 orationem
2342 2013 2609 2069 curiosius
2665 2016 2957 2084 quaerimus
3013 2027 3067 2072 et
3137 2020 3583 2089 compositionem

1991 2103 2432 2173 harnumiamque
2456 2145 2472 2168 ,
2507 2115 2564 2159 ut
2596 2105 2931 2175 placeamus,
2964 2124 3069 2163 non
3098 2120 3155 2165 ut
3186 2114 3492 2180 prosimus;
3524 2125 3584 2168 ut

1986 2193 2326 2249 admirationi
2356 2196 2683 2262 habeamur,
2718 2214 2823 2254 non
2853 2208 2911 2267 ut
2953 2201 3285 2271 doceamus;
3337 2215 3393 2259 ιιι
3432 2208 3587 2263 oble-

1986 2294 2218 2351 ctcmus,
2238 2302 2342 2342 non
2372 2278 2911 2359 utcompungamus;
2938 2301 2995 2345 ut
3021 2310 3142 2345 cum
3169 2295 3357 2363 plausu
3382 2308 3435 2353 et
3462 2299 3551 2353 lau
3569 2330 3583 2342 -

1986 2376 2146 2431 dibus
2172 2378 2515 2433 discedamus
2534 2421 2549 2446 ,
2586 2397 2692 2434 non
2720 2392 2777 2436 ut
2805 2396 2985 2438 mores
3015 2400 3427 2457 componamus.

2064 2466 2285 2525 Plausus
2298 2472 2552 2541 quomodo
2579 2472 2857 2544 excipiebat
2884 2473 3585 2546 Chrysostomus.-Crcdite

1988 2560 2117 2614 mihi
2142 2576 2247 2616 non
2270 2563 2367 2616 abs
2389 2579 2447 2616 re
2473 2562 2708 2628 dicenti,
2733 2580 2853 2618 cum
2882 2567 3180 2634 prazdicans
3207 2571 3452 2627 laudibus
3486 2588 3583 2627 ex-

1985 2656 2156 2723 cipior
2178 2697 2195 2723 ,
2225 2656 2319 2710 illo
2356 2655 2573 2725 quidem
2603 2666 2843 2727 tempore
2885 2658 3175 2713 humanum
3215 2662 3341 2731 quid
3381 2673 3471 2733 pat
3493 2682 3578 2731 or,

1988 2747 2125 2820 (cur
2153 2750 2295 2803 enim
2323 2765 2446 2803 vera
2494 2766 2599 2805 non
2641 2750 2957 2820 dixerim?)
2988 2752 3141 2807 lzetur
3183 2764 3237 2809 et
3283 2757 3531 2812 ell‘undor
3563 2777 3577 2813 :

1988 2839 2074 2891 ubi
2106 2852 2240 2894 vero
2266 2839 2483 2893 domum
2516 2855 2785 2908 reversus,
2813 2845 2993 2912 cogito
3021 2844 3337 2913 plaudentes
3377 2850 3584 2907 nulloin

1986 2933 2269 3002 excepisse
2298 2931 2564 2997 fructum;
2601 2935 2695 2988 sed
2725 2936 2768 2987 si
2795 2937 2919 3003 quid
2950 2938 3189 2993 utilitatis
3218 2939 3586 3011 accipiendum

1988 3031 2106 3076 erat
2124 3063 2139 3087 ,
2171 3022 2301 3076 illud
2328 3038 2395 3078 ex
2424 3024 2613 3093 plausu
2641 3035 2694 3079 et
2725 3022 2973 3081 laudibus
3002 3029 3229 3097 periisse
3247 3072 3261 3096 ,
3290 3032 3587 3092 discrucior

1988 3121 2044 3168 et
2074 3114 2397 3185 ingemisco,
2428 3118 2716 3189 lacrymor,
2744 3133 2808 3173 ac
2832 3120 2877 3173 si
2905 3124 3084 3176 omnia
3113 3124 3305 3178 frustra
3330 3125 3581 3197 dixerim,

1986 3204 2058 3259 ita
2088 3205 2346 3271 aﬂ'ectus,
2379 3208 2618 3278 mihique
2640 3209 2741 3278 ipsi
2769 3210 2892 3265 dico
2922 3228 2935 3263 :
2969 3214 3100 3278 Qua:
3128 3215 3256 3268 mihi
3301 3231 3373 3273 ex
3418 3220 3584 3275 sudo-

1987 3298 2131 3351 ribus
2158 3297 2398 3367 utilitas,
2448 3315 2570 3355 cum
2612 3302 2886 3356 auditores
2925 3304 3055 3357 nihil
3098 3321 3169 3360 ex
3220 3307 3402 3366 vt-rbis
3450 3314 3588 3368 meis

1988 3392 2230 3446 utilitatis
2248 3395 2525 3464 percipere
2552 3395 2853 3451 voluerint?
2882 3414 3133 3469 sa'peque
3158 3403 3385 3473 cogitavi
3414 3407 3586 3477 legem

1988 3485 2229 3553 proferre
2255 3486 2475 3556 plausus
2505 3487 2878 3555 prohibentem
2901 3533 2915 3555 ,
2951 3502 3005 3544 et
3035 3496 3362 3561 persuadere
3388 3500 3543 3553 Vobis
3565 3541 3585 3569 ,

1992 3587 2047 3631 ut
2076 3594 2197 3632 cum
2230 3579 2445 3634 silentio
2494 3581 2724 3637 audiatis
2774 3593 2828 3637 et
2874 3598 2996 3637 cum
3041 3585 3253 3641 dt-centi
3299 3593 3584 3649 modestia.

1986 3670 2094 3724 Sed
2132 3670 2397 3726 sustinete
2422 3712 2438 3737 ,
2469 3687 2688 3742 qttteso,
2721 3684 2774 3729 et
2797 3674 3003 3730 credite
3030 3676 3195 3741 mihi;
3239 3695 3333 3746 ac,
3374 3683 3419 3735 si
3466 3683 3586 3752 pla-

1983 3774 2104 3828 cet,
2139 3762 2278 3817 hanc
2306 3762 2586 3820 firmemus
2615 3766 2787 3835 legem
2820 3784 2833 3820 :
2862 3781 2930 3822 ne
2958 3766 3046 3823 cui
3069 3758 3376 3826 auditorum
3422 3773 3587 3831 liceat

1984 3857 2292 3927 loquentem
2340 3858 2613 3927 plausibus
2659 3858 3040 3928 interpellare;
3091 3860 3189 3915 sed
3232 3862 3278 3917 si
3326 3863 3584 3922 admirari

1983 3950 2236 4012 voluerit,
2268 3950 2438 4005 silens
2463 3950 2761 4005 admiretur
2793 3969 2807 4006 :
2839 3967 3001 4006 nemo
3030 3955 3375 4022 prohibebit:
3408 3961 3586 4017 omnis

1981 4055 2107 4093 cura
2133 4080 2149 4106 ,
2179 4056 2340 4096 omne
2366 4042 2603 4097 studium
2630 4045 2736 4108 sit,
2764 4052 2823 4098 ut
2846 4044 2988 4099 dicta
3015 4032 3370 4116 excipiantur.
3403 4037 3583 4119 Quare

1980 4135 2365 4204 applausistis?
2391 4135 2505 4191 Hac
2546 4136 2613 4191 de
2659 4153 2719 4192 re
2764 4137 2935 4209 legem
2966 4155 3107 4209 pono
3145 4158 3157 4194 :
3189 4156 3284 4195 vos
3335 4130 3465 4201 vero
3515 4161 3585 4201 ne

1981 4228 2168 4282 audire
2198 4229 2415 4297 quidem
2456 4230 2757 4284 sustinetis.
2789 4230 2844 4285 ld
2875 4231 3167 4287 multorum
3208 4249 3369 4289 causa
3409 4236 3584 4293 bono-

1981 4336 2100 4375 rum
2128 4321 2230 4374 erit
2252 4362 2266 4386 ,
2297 4320 2759 4392 philosophiaeque
2782 4323 3089 4392 disciplina.
3144 4326 3362 4381 Externi
3409 4329 3583 4398 philo-

1980 4412 2135 4481 sOplii
2175 4413 2547 4479 disserebant,
2598 4416 2812 4470 nemine
2852 4432 3105 4486 umquam
3157 4420 3483 4488 plaudente;
3526 4434 3585 4479 et

1979 4507 2206 4574 apostoli
2238 4506 2718 4571 concionabantur,
2750 4523 2928 4579 neque
2950 4512 3158 4580 uspiam
3187 4510 3402 4581 legitur,
3435 4515 3583 4585 ipsos

1981 4602 2267 4671 loquentes
2295 4602 2364 4656 ab
2393 4600 2737 4656 auditoribus
2763 4601 2930 4657 fuisse
2958 4602 3148 4673 plausu
3188 4607 3577 4677 interpellatus.

1976 4694 2223 4764 Magnum
2249 4694 2349 4749 hoc
2376 4694 2533 4748 nobis
2551 4693 2758 4748 lucrum
2779 4697 2901 4749 erit.
2922 4695 3030 4750 Sed
3049 4696 3391 4753 stabiliatnus
3408 4700 3538 4756 illud
3560 4718 3577 4758 :

1978 4802 2098 4841 cum
2131 4786 2346 4841 silentio
2374 4800 2565 4841 omnes
2609 4785 2923 4852 audiamus,
2974 4788 3264 4858 omniaque
3307 4790 3577 4849 dicamus.

1979 4878 2202 4933 Etiamsi
2232 4890 2352 4949 post
2382 4880 2627 4948 plausum
2654 4878 3093 4946 discederemus,
3126 4898 3246 4952 qua:
3275 4884 3581 4942 audiximus

1979 4972 2272 5027 retinentes
2300 5014 2316 5037 ,
2356 4988 2529 5042 neque
2560 4974 2639 5027 sic
2667 4976 2828 5027 etiam
2862 4974 3008 5029 utilis
3034 4973 3155 5031 laus
3179 4988 3323 5033 esset
3354 4978 3578 5049 (verum

1979 5078 2084 5116 non
2138 5064 2363 5117 ulterius
2412 5063 2767 5134 disquirerem
2805 5085 2817 5120 :
2853 5082 2921 5121 ne
2967 5068 3088 5137 quis
3128 5083 3225 5125 me
3265 5072 3578 5131 rusticitatis

1977 5157 2223 5226 accuset)
2267 5175 2279 5209 :
2328 5158 2451 5226 quia
2507 5173 2635 5211 vero
2683 5158 2813 5212 nihil
2855 5158 2985 5215 hinc
3025 5160 3195 5227 lucri,
3251 5165 3357 5218 imo
3403 5170 3581 5236 potius

1976 5250 2271 5315 damnum,
2324 5249 2603 5303 solvamus
2634 5249 3121 5319 impedimentum,
3165 5256 3363 5311 anima:
3410 5260 3583 5316 saltus

1978 5342 2099 5397 illos
2143 5342 2396 5397 tollamus
2442 5342 2947 5413 exscindamusque.
2991 5344 3239 5400 Christus
3284 5349 3338 5402 in
3394 5362 3581 5409 monte

1976 5434 2325 5489 concionatus
2351 5442 2459 5498 est;
2490 5443 2543 5487 et
2576 5449 2735 5489 nemo
2765 5434 3041 5505 quidpiam
3082 5437 3252 5500 dixit.
3294 5440 3470 5497 dones
3517 5446 3581 5496 li-

1977 5543 2099 5580 nem
2128 5526 2339 5579 dicendi
2364 5524 2513 5579 fecit.
2544 5525 2683 5579 Nihil
2715 5526 2901 5581 damni
2944 5526 3083 5583 facio
3119 5530 3215 5595 iis,
3258 5534 3349 5601 qui
3397 5535 3579 5602 plaudi

1976 5619 2326 5684 desiderant;
2372 5620 2480 5674 imo
2527 5618 2577 5671 id
2622 5618 2841 5684 eflicio,
2892 5629 2954 5675 ut
2998 5622 3171 5691 magis
3219 5622 3576 5680 admirentur.

1976 5712 2138 5766 Multo
2170 5711 2361 5765 melius
2387 5720 2470 5765 est
2500 5726 2621 5765 cum
2653 5711 2871 5765 silentio
2916 5712 3223 5769 audientem
3244 5753 3262 5781 ,
3304 5716 3356 5769 in
3400 5729 3580 5775 mente

1976 5816 2029 5860 et
2057 5804 2313 5858 memoria
2342 5804 2491 5858 omni
2524 5814 2770 5871 tempore
2801 5802 3090 5872 plaudere,
3120 5805 3305 5873 domi,
3344 5807 3398 5861 in
3423 5807 3577 5875 foro;

1982 5914 2139 5967 quam
2166 5898 2383 5951 amissis
2409 5896 2658 5953 omnibus
2686 5896 2906 5950 domum
2934 5896 3109 5952 redire
3148 5912 3371 5953 vacuum
3395 5942 3410 5969 ,
3459 5902 3575 5955 nul-
