4072 6538
596 459 701 514 I'l'l

599 574 702 627 lant
733 570 1007 625 habentem
1042 569 1315 637 plausuum
1341 582 1575 621 causam.
1604 566 1885 633 Quomodo
1907 567 2047 621 enim
2066 579 2170 619 non

596 663 852 718 ridiculus
872 661 971 715 erit
1000 660 1251 713 auditor?
1281 659 1546 729 quomodo
1577 674 1681 711 non
1711 658 1954 713 adulator
1980 668 2032 712 et
2062 659 2173 711 irri-

596 770 686 809 sor
713 753 981 819 putabitur
1000 792 1014 815 ,
1044 753 1131 822 qui
1160 760 1303 805 recte
1329 752 1600 820 loquutum
1628 766 1749 805 esse
1777 750 2047 805 doctorem
2078 750 2169 804 de-

594 848 789 909 clarat,
822 861 919 897 nec
946 845 1072 913 quid
1104 844 1295 897 dixerit
1324 841 1563 912 proferre
1590 842 1803 910 potest?
1838 841 1949 895 Hoc
1981 841 2166 894 adula-

595 940 750 992 tionis
772 949 871 992 est.
898 938 1026 991 Nam
1055 938 1123 996 ei.
1155 936 1243 1005 qui
1272 936 1593 990 citharoedos
1620 945 1671 989 et
1702 933 1969 1001 tragtedos
1999 933 2164 999 audit,

594 1032 642 1085 id
670 1032 789 1100 jure
821 1031 1048 1092 accidit,
1082 1041 1261 1097 utpote
1292 1030 1379 1098 qui
1412 1031 1616 1082 nesciat
1645 1028 1834 1082 similia
1877 1027 2118 1097 proferre
2150 1044 2163 1080 :

592 1126 677 1178 ttbi
708 1134 882 1177 autem
911 1138 1009 1176 nec
1034 1133 1221 1176 cantus
1252 1137 1348 1175 nec
1378 1120 1666 1174 modulatio
1693 1119 1875 1185 adest,
1905 1117 2001 1172 sed
2046 1133 2167 1172 sen-

592 1218 769 1270 tentia:
796 1216 969 1269 stilum
1000 1224 1053 1267 et
1081 1212 1431 1282 philosophia:
1465 1212 1637 1265 virtus
1660 1251 1674 1272 ,
1716 1226 1834 1280 quze
1872 1210 2038 1263 cuivis
2081 1209 2165 1261 di-

588 1324 709 1361 cere
737 1316 790 1359 et
838 1306 1121 1360 enuntiare
1166 1304 1317 1357 facile
1361 1312 1483 1367 est;
1524 1303 1788 1372 quomodo
1831 1316 1933 1353 non
1978 1300 2164 1370 dignus

586 1398 955 1467 objurgatione
982 1406 1065 1451 est
1091 1436 1105 1461 ,
1133 1397 1221 1464 qui
1251 1411 1317 1447 ne
1344 1408 1555 1448 causam
1601 1392 1814 1461 quidem
1855 1390 2035 1445 dicere
2066 1406 2161 1456 po-

587 1500 726 1553 test,
757 1504 853 1541 cur
876 1490 1283 1542 concionantem
1329 1484 1670 1539 laudaverit?
1715 1482 1854 1537 Nihil
1901 1483 1967 1535 ita
2010 1481 2163 1535 decet

584 1580 895 1640 ecclesiam,
940 1588 996 1631 ut
1046 1578 1314 1633 silentium
1363 1586 1417 1629 et
1464 1575 1743 1629 modestia.
1775 1574 2060 1628 Tumultus
2089 1573 2153 1625 ad

586 1671 785 1724 theatra
817 1670 1078 1738 pertinet,
1111 1670 1174 1722 ad
1203 1669 1389 1722 balnea
1410 1709 1423 1730 ,
1450 1665 1516 1720 ad
1546 1681 1767 1736 pompas
1788 1709 1802 1727 ,
1846 1666 1910 1719 ad
1945 1664 2114 1719 forum
2142 1680 2157 1717 :

584 1763 670 1814 ubi
696 1777 821 1815 vero
850 1761 1028 1813 talium
1059 1760 1365 1828 dogmatnm
1393 1757 1628 1811 doctrina
1659 1766 1773 1819 est,
1801 1757 1869 1810 ibi
1903 1755 2157 1825 tranquil-

583 1852 735 1916 litas,
791 1854 979 1919 quies,
1027 1850 1400 1920 philosophia,
1448 1857 1503 1903 et
1544 1858 1727 1917 portus
1774 1862 1995 1917 magnus
2041 1861 2159 1901 esse

579 1945 755 1999 debet.
786 1944 940 2003 Haec,
976 1959 1073 1997 oro
1097 1952 1151 1994 et
1178 1943 1433 2006 obsecro,
1484 1955 1671 1994 omnes
1712 1940 1913 1993 sciatis.
1959 1935 2158 1991 Omnes

577 2038 773 2090 circum
808 2035 994 2088 modos
1023 2033 1265 2102 exploro,
1295 2032 1447 2102 queis
1476 2040 1660 2098 potero
1686 2031 1879 2084 vestris
1908 2028 2157 2098 prodes~e

579 2128 877 2180 animabus.
919 2126 1031 2179 Non
1063 2127 1283 2194 exiguus
1314 2125 1401 2178 ille
1429 2123 1554 2177 mihi
1586 2122 1775 2175 modus
1802 2122 2039 2185 videtur,
2066 2120 2152 2189 qui

579 2235 682 2272 non
715 2218 864 2272 vobis
897 2228 1095 2270 tatttttm
1119 2259 1134 2283 ,
1166 2218 1257 2270 sed
1284 2215 1443 2270 etiam
1476 2214 1603 2268 mihi
1635 2214 1888 2282 proderit.
1931 2212 2045 2266 Non
2079 2212 2153 2264 si—

578 2322 666 2367 nct
693 2329 788 2365 nos
817 2311 1081 2379 prosterni
1107 2352 1122 2374 ,
1155 2325 1329 2377 neque
1358 2307 1543 2361 laudes
1571 2317 1625 2360 et
1663 2306 1889 2375 gloriam
1933 2318 2113 2357 amare
2135 2345 2149 2368 ,

578 2420 748 2473 neque
777 2402 1097 2455 oblectantia
1130 2402 1307 2469 loqui,
1343 2399 1434 2453 sed
1465 2398 1611 2452 utilia
1647 2414 1659 2449 :
1696 2412 1867 2465 neque
1913 2396 1965 2449 in
2004 2410 2152 2450 com-

575 2498 837 2565 pesitione
860 2506 913 2548 et
938 2494 1192 2562 elegantia
1225 2492 1519 2553 dictorum,
1563 2489 1656 2541 sed
1708 2489 1758 2540 in
1806 2490 1851 2539 vi
1899 2501 2146 2540 sensuum

572 2589 714 2642 omni
750 2588 1003 2654 temporis
1033 2592 1303 2636 momento
1329 2583 1545 2634 versari.
1576 2579 1859 2649 Ingredere
1888 2580 1939 2631 in
1975 2582 2146 2646 picto.

1264 454 1320 510 S.
1360 454 1635 509 JOANNIS
1672 453 2143 508 CHRYSOSTOMI
2185 453 2498 507 AllClllEP.
2540 454 3071 513 CONSTANTINOP.

3756 462 3861 521 221

2282 568 2355 619 ris
2385 567 2655 621 ofﬁcinam
2682 608 2698 633 ,
2727 580 2782 623 et
2814 570 2921 625 illic
2952 574 3174 627 multum
3213 573 3520 631 observabis
3564 577 3860 635 silentium.

2278 659 2343 713 Et
2374 659 2457 712 hic
2487 661 2646 713 etiam
2673 671 2792 715 esto
2822 679 2835 714 :
2871 680 2989 717 nam
3023 664 3110 719 hic
3136 680 3346 735 quoque
3385 668 3559 736 regias
3590 671 3863 740 pingimus

2278 750 2534 820 imagines
2558 794 2573 818 ,
2604 763 2658 806 et
2688 754 2885 808 nullam
2916 757 3104 820 privati
3140 758 3370 811 hominis
3394 802 3407 820 ,
3440 760 3509 813 ob
3533 760 3730 814 coloris
3751 762 3858 814 vir-

2276 848 2459 895 tutem.
2492 844 2627 910 Quid
2659 844 2759 900 hoc
2784 846 2904 900 est?
2934 862 3145 902 rursum
3193 850 3472 918 plauditis?
3524 849 3639 905 Non
3692 849 3864 907 facilis

2274 950 2358 990 res
2387 936 2594 991 videtur
2616 979 2633 1005 ,
2668 938 2875 1009 hocque
2900 956 3006 994 non
3035 955 3100 995 ex
3130 952 3314 996 natura
3342 985 3356 1010 ,
3391 943 3485 999 sed
3521 960 3589 998 ex
3626 959 3861 999 consue-

2274 1026 2455 1080 tudine
2478 1069 2492 1093 ,
2524 1028 2757 1083 nondum
2788 1030 3076 1086 emendare
3105 1032 3378 1089 didicisse.
3404 1034 3570 1090 Stilus
3595 1051 3722 1106 ergo
3761 1052 3861 1091 no-

2273 1114 2356 1169 bis
2383 1127 2465 1171 est
2487 1119 2659 1188 lingua
2678 1161 2694 1187 ,
2721 1120 2916 1177 artifex
2947 1122 3176 1192 Spiritus
3205 1136 3439 1180 sanctus.
3472 1127 3565 1182 Dic
3594 1128 3723 1183 mihi
3759 1147 3773 1183 :
3804 1130 3857 1183 iu

2272 1210 2541 1280 mysteriis
2568 1228 2636 1265 an
2679 1215 2937 1271 tumultus
2961 1258 2975 1279 ,
3004 1232 3069 1269 an
3098 1218 3332 1273 turbatio
3355 1220 3469 1273 est?
3508 1220 3641 1275 Cum
3686 1221 3860 1293 bapti-

2269 1314 2457 1354 zamur
2476 1344 2491 1365 ,
2532 1318 2653 1355 cum
2681 1303 2780 1356 alia
2809 1307 2985 1359 omnia
3020 1306 3245 1361 facimus
3265 1351 3277 1370 .
3311 1324 3491 1364 annon
3526 1312 3680 1381 quies
3704 1322 3761 1368 et
3786 1316 3860 1369 si-

2267 1389 2491 1445 lentium
2517 1394 2694 1447 omnia
2721 1394 2964 1451 detinent
2988 1399 2999 1428 '
3026 1398 3047 1451 ?
3076 1398 3202 1454 Hrec
3229 1400 3283 1455 in
3338 1403 3471 1458 caelo
3516 1404 3859 1473 pulchritudo

2266 1481 2507 1552 dispersa
2528 1496 2633 1539 eat.
2663 1485 2789 1541 Ideo
2810 1487 2948 1556 apud
2977 1490 3209 1559 gentiles
3236 1492 3376 1547 male
3400 1493 3646 1549 audimus
3663 1534 3679 1560 ,
3704 1498 3853 1565 quasi

2265 1572 2333 1626 ad
2359 1578 2771 1632 ostentationem
2800 1589 2855 1632 et
2880 1580 3135 1635 ambitum
3166 1584 3345 1636 omnia
3377 1582 3653 1640 faciamus.
3675 1586 3783 1642 Sed
3808 1588 3855 1641 si

2266 1665 2367 1721 hoc
2384 1669 2715 1735 cohibeatur,
2745 1675 2902 1726 etiam
2928 1675 3218 1743 primarum
3243 1677 3449 1731 sodium
3470 1693 3623 1733 amor
3650 1682 3855 1734 exsnn-

2263 1770 2472 1827 guetur.
2505 1762 2748 1830 Sufﬁcit,
2787 1767 2831 1819 si
2880 1768 2999 1835 quis
3036 1768 3220 1823 laudes
3259 1780 3436 1834 amat,
3470 1772 3513 1825 si
3556 1782 3677 1839 post
3714 1787 3849 1826 cau-

2263 1854 2471 1908 cionem
2496 1855 2614 1910 illas
2636 1871 2983 1928 asseqnatur,
3017 1876 3138 1916 cum
3180 1862 3387 1917 fruetus
3425 1866 3656 1935 colliget.
3701 1866 3852 1937 Rogo

2263 1942 2404 1998 hanc
2438 1946 2711 2001 firmemus
2744 1949 2949 2019 legem;
2979 1963 3035 2005 ut
3058 1970 3178 2008 cum
3205 1957 3382 2009 omnia
3414 1956 3707 2012 secundum
3756 1959 3849 2014 Dei

2262 2035 2515 2104 placitum
2542 2038 2827 2095 fecerimus
2848 2085 2861 2105 ,
2896 2043 3011 2113 ejus
3040 2046 3320 2100 clementia
3348 2048 3645 2119 dignemur.
3682 2052 3853 2119 gratia

2261 2138 2315 2181 et
2341 2131 2772 2188 atiseratiOuibus
2800 2134 3066 2205 Unigeniti
3097 2139 3213 2204 ejus
3233 2179 3249 2205 ,
3280 2139 3491 2195 Domini
3524 2143 3693 2197 nostri
3716 2143 3845 2199 Jesu

2260 2218 2493 2288 Christi,
2520 2225 2734 2293 quicum
2764 2226 2904 2280 Patri
2933 2239 2987 2283 et
3013 2231 3235 2299 Spiritui
3270 2245 3456 2287 sancto
3494 2235 3662 2304 gloria
3683 2277 3697 2297 ,
3746 2237 3845 2290 int-

2261 2317 2464 2383 perium
2490 2359 2504 2381 ,
2541 2318 2739 2384 honor,
2770 2337 2909 2375 nunc
2936 2332 2990 2377 et
3015 2338 3227 2393 semper
3249 2367 3264 2393 ,
3296 2327 3423 2382 etin
3455 2329 3649 2384 ssecula
3676 2346 3847 2386 saecu-

2263 2408 2453 2462 lorum.
2486 2415 2675 2465 Amen.

2322 2590 2339 2621 ί
2374 2590 2472 2639 Alii
2497 2590 2697 2650 habent,
2715 2606 2866 2643 nonne
2882 2594 3038 2657 quiete
3058 2603 3103 2646 et
3125 2596 3315 2646 silentio
3334 2597 3493 2648 omnia
3513 2597 3851 2653 hmestantur.’

569 2696 3838 2721 Μ

1853 2759 2197 2821 HOMILIA
2240 2760 2483 2822 XXXI.

564 2918 689 2973 CAP.
715 2918 801 2971 H.
828 2931 881 2968 v.
918 2915 1002 2968 15.
1036 2911 1132 2965 His
1160 2910 1346 2963 auditis
1375 2907 1589 2977 apostoli
1617 2904 1877 2958 Barnabas
1910 2914 1957 2957 et
2007 2903 2145 2955 Pau-

635 3007 1008 3072 lus,conscissis
1038 3004 1249 3057 vestibus
1276 3002 1379 3053 suis
1404 2998 1701 3053 exsilierunt
1728 2998 1780 3049 in
1802 2999 2018 3059 turbam,
2036 2994 2143 3047 cla-

634 3111 824 3153 mantes
855 3099 941 3153 id.
969 3108 1013 3149 et
1042 3098 1259 3147 dicentes
1288 3109 1303 3145 :
1342 3091 1484 3154 Viri,
1513 3091 1635 3161 quid
1664 3090 1767 3143 hac
1791 3088 1997 3157 facitis?
2029 3086 2141 3142 Nos

632 3194 817 3248 similes
842 3193 975 3244 vobis
1007 3188 1264 3257 passibiles
1292 3201 1464 3238 sumus
1488 3184 1731 3243 homines,
1779 3180 2136 3232 annuntiantes

633 3284 768 3339 vobis
793 3283 854 3333 ab
879 3282 954 3333 his
982 3280 1119 3331 vanis
1149 3277 1365 3329 converti
1385 3275 1451 3326 ad
1475 3272 1640 3325 Deum
1681 3273 1843 3323 vivum
1863 3311 1879 3335 ,
1908 3270 1993 3339 qui
2024 3269 2141 3338 fecit

633 3377 876 3429 cwlumvet
904 3383 1088 3445 terram
1118 3382 1161 3421 et
1188 3383 1343 3432 mare,
1376 3376 1420 3419 et
1448 3365 1616 3418 omnia
1639 3378 1750 3432 quae
1775 3363 1826 3413 in
1854 3362 1924 3414 eis
1945 3370 2083 3414 sunt.

638 3470 687 3521 1.
708 3466 835 3520 Vide
852 3462 1122 3533 apostolos
1151 3460 1326 3515 omnia
1351 3473 1471 3511 cum
1497 3456 1832 3510 vehementia
1856 3453 2132 3507 facientes.

568 3562 844 3617 Sciderunt
867 3567 1061 3621 vestes,
1091 3556 1422 3615 exsilierunt,
1454 3552 1785 3611 clamarunt;
1815 3562 1933 3617 qua:
1955 3544 2133 3600 omnia

558 3673 624 3711 ex
654 3654 931 3709 aﬂ’ectione
975 3650 1134 3703 animi
1178 3648 1463 3710 faciebant,
1508 3651 1851 3704 aversantes,
1880 3649 1934 3693 et
1963 3639 2134 3692 luctus

558 3748 705 3817 signa
749 3744 958 3799 dantes.
1006 3740 1201 3796 Luctus
1246 3741 1439 3809 quippe
1481 3750 1606 3789 vere
1647 3742 1783 3797 erat,
1815 3734 1983 3785 luctus
2026 3744 2132 3782 non

557 3836 919 3898 consolabilis,
946 3834 990 3887 si
1020 3832 1230 3902 quidem
1254 3830 1545 3883 voluissent
1572 3842 1667 3895 pro
1697 3824 1797 3878 diis
1834 3822 2045 3886 haberi,
2078 3829 2133 3873 et

558 3928 905 3984 idololatriam
949 3922 1390 3990 iuducere,quam
1430 3917 1658 3970 solutum
1684 3920 1957 3969 venerant.
1996 3910 2129 3964 Illud

557 4035 716 4090 porro
743 4028 856 4073 erat
884 4015 1077 4069 diaboli
1108 4013 1606 4066 machinamentum.
1656 4010 1722 4059 At
1748 4004 1818 4057 illi
1849 4020 1951 4057 nou
1980 4002 2129 4072 quie-

554 4122 727 4178 scunt,
756 4110 849 4165 sed
879 4106 1045 4178 quid?
1089 4104 1201 4159 Nos
1231 4102 1418 4157 similes
1468 4098 1604 4153 vobis
1648 4096 1907 4167 passibiles
1956 4111 2129 4149 sumus

554 4206 777 4260 homines
797 4244 811 4267 ,
842 4201 1100 4269 inquiunt.
1137 4197 1326 4252 Statim
1347 4194 1414 4247 ab
1446 4192 1597 4247 initio
1620 4190 1816 4243 malum
1848 4188 2127 4242 subverte-

553 4308 677 4355 rnnt
707 4314 719 4349 :
756 4310 857 4349 non
885 4294 1134 4347 dixerunt
1159 4289 1489 4357 simpliciter,
1524 4283 1805 4347 Homines;
1831 4280 1946 4346 sed,
1981 4280 2127 4333 Sicut

552 4409 658 4447 vos.
694 4388 913 4449 Deinde,
938 4400 1003 4439 ne
1034 4383 1339 4437 viderentur
1378 4380 1506 4433 deos
1538 4376 1800 4441 venerari,
1830 4373 1953 4428 audi
1998 4370 2124 4441 quid

550 4482 804 4552 adjiciunt
832 4495 845 4532 :
878 4476 1241 4530 Annuntiantes
1280 4471 1415 4525 vobis
1444 4471 1505 4523 ab
1530 4470 1607 4523 his
1630 4469 1771 4521 vanis
1813 4464 2033 4519 converti
2058 4462 2128 4518 ad

554 4580 714 4631 Deum
741 4576 928 4635 vivum,
956 4571 1041 4637 qui
1063 4570 1177 4637 fecit
1203 4566 1380 4621 calum
1403 4574 1449 4618 et
1478 4574 1660 4617 terram
1688 4572 1735 4615 et
1762 4578 1918 4622 mare,
1943 4570 1989 4613 et
2016 4576 2123 4613 ant-

553 4673 639 4724 nia
666 4684 775 4739 qua:
797 4668 851 4721 in
874 4667 943 4719 eis
974 4674 1089 4718 sunt
1112 4660 1283 4731 (Psal.
1317 4661 1438 4714 HS.
1463 4659 1539 4729 6).
1568 4657 1800 4712 Observa
1827 4654 1948 4708 illos
1970 4668 2124 4705 num-

550 4781 707 4835 quam
756 4775 1052 4816 memorare
1098 4757 1380 4827 prophetas
1405 4796 1419 4817 ,
1462 4768 1633 4822 neque
1676 4750 1876 4814 dicere,
1928 4762 2029 4816 qua
2056 4744 2122 4799 de

548 4873 710 4916 causa
751 4872 871 4911 cum
894 4857 958 4908 sit
985 4854 1219 4907 omnium
1264 4850 1507 4914 Creator,
1536 4856 1721 4917 gentes
1769 4845 1985 4914 reliquit
2012 4842 2121 4895 suis

550 4953 648 5007 frui
678 4948 920 5020 legibus?
951 4949 1035 5003 15,
1061 4946 1157 5013 Qui
1184 4946 1235 4997 in
1250 4944 1509 5013 praeteritis
1537 4938 1937 5012 generationibus
1966 4936 2119 4989 dimi-

547 5046 610 5097 sit
640 5060 809 5096 omnes
849 5049 1014 5112 gentes
1037 5038 1108 5090 ire
1137 5036 1242 5089 vias
1280 5051 1419 5088 suas.
1444 5034 1593 5101 Quod
1638 5032 1922 5093 dimiserit,
1952 5030 2114 5093 dicit;

546 5152 640 5191 cur
679 5147 857 5189 autem
895 5130 1173 5193 dimiserit,
1206 5142 1310 5182 non
1350 5125 1528 5188 addit;
1574 5124 1783 5178 interim
1810 5123 1863 5176 in
1886 5138 1951 5177 eo
1976 5121 2115 5191 quod

552 5229 767 5299 urgebat
812 5224 1073 5285 subsistit,
1110 5220 1307 5277 Christi
1354 5233 1547 5273 nomen
1589 5230 1846 5285 nusquam
1891 5227 2113 5284 ponens.

551 5324 633 5376 16.
658 5320 721 5374 Et
748 5322 945 5388 quidem
977 5332 1076 5369 non
1102 5317 1208 5369 sine
1235 5315 1517 5367 testimonio
1542 5315 1863 5380 semetipsum
1890 5309 2114 5377 reliquit,

546 5412 854 5482 benefaciens
884 5411 945 5463 de
965 5410 1116 5472 caelo,
1151 5406 1289 5460 nobis
1320 5406 1446 5458 dans
1467 5404 1657 5473 pluvias
1683 5414 1727 5455 et
1755 5416 1980 5468 tempora
2000 5404 2115 5471 fru-

544 5506 745 5575 ctifera,
767 5504 979 5572 implens
1004 5502 1111 5555 cibo
1141 5510 1186 5552 et
1210 5500 1383 5553 laetitia
1405 5496 1559 5550 corda
1596 5506 1789 5548 nostra.
1817 5494 1969 5557 Vide,
2008 5506 2112 5545 non

547 5596 657 5649 vult
694 5595 1085 5648 accusa-tionem
1135 5606 1319 5646 eorum
1364 5602 1576 5658 augere,
1616 5588 1707 5641 sed
1747 5586 1920 5656 potius
1959 5586 2115 5639 docet

546 5690 687 5752 illos,
712 5698 769 5742 ut
799 5686 974 5740 omnia
1012 5685 1079 5740 ad
1124 5684 1288 5738 Deum
1326 5680 1581 5737 referant.
1625 5678 1930 5734 Didicerant
1969 5676 2112 5731 enim

545 5799 649 5837 non
676 5782 747 5836 ita
775 5780 1088 5835 studendum
1116 5793 1234 5833 esse
1258 5775 1452 5847 aliquid
1473 5776 1579 5829 Deo
1594 5760 1816 5843 dignum
1835 5772 2035 5835 dicere,
2055 5780 2117 5824 ιιι

545 5874 871 5929 auditoribus
898 5872 1024 5927 utile
1051 5871 1172 5941 quid
1203 5868 1460 5939 proferre.
1491 5866 1624 5921 Vide
1648 5864 1917 5936 quomodo
1939 5864 2112 5917 laten-

549 5978 628 6024 ter
667 5965 1053 6021 accusationem
1100 5965 1319 6036 ingerat.
1370 5961 1599 6031 Etenim,
1628 5961 1671 6017 si
1719 5961 1821 6017 hoc
1865 5956 2109 6023 faciebat,

2254 2905 2536 2973 oportebat
2581 2905 2739 2974 plecti
2776 2920 2891 2969 eos,
2938 2909 3026 2977 qui
3055 2917 3131 2962 tot
3174 2908 3330 2964 bonis
3370 2910 3627 2977 fruentes,
3661 2912 3839 2979 ipsum

2248 3010 2353 3047 non
2397 3006 2451 3047 ut
2496 2997 2813 3051 nntritorem
2855 3000 3259 3068 agnoscebant:
3297 3018 3479 3057 verum
3531 3020 3634 3059 non
3662 3005 3833 3074 palam

2249 3086 2398 3151 dicit,
2447 3088 2539 3142 sed
2563 3088 2885 3154 subiudicat,
2922 3090 3002 3144 De
3033 3096 3156 3145 cwlo
3196 3096 3359 3161 nobis,
3393 3097 3658 3165 inquiens,
3704 3100 3836 3153 dans

2248 3178 2467 3247 pluvias.
2499 3180 2588 3235 Sic
2613 3193 2665 3235 et
2689 3182 2852 3236 David
2874 3183 3084 3239 dicebat
3115 3204 3127 3238 :
3161 3187 3206 3239 Α
3233 3191 3403 3257 fructu
3445 3191 3705 3258 frumenti,
3732 3192 3834 3245 rini

2244 3284 2291 3324 et
2321 3273 2419 3325 olei
2466 3274 2548 3327 sui
2590 3276 2913 3344 multiplicati
2954 3287 3069 3329 sunt
3098 3277 3269 3348 (Psal.
3299 3280 3351 3334 ὁ.
3384 3280 3465 3352 8);
3502 3290 3556 3335 et
3598 3296 3740 3351 saepe
3765 3283 3841 3339 de

2242 3366 2511 3420 creatione
2558 3366 2847 3433 disserens,
2898 3370 3077 3423 hocin
3121 3371 3353 3424 medium
3397 3373 3633 3429 adducit.
3676 3373 3831 3429 Jere-

2243 3456 2378 3509 mias
2406 3467 2581 3511 autem
2616 3459 2787 3528 primo
2816 3462 3174 3527 creationem,
3206 3462 3399 3517 deinde
3437 3464 3830 3532 providentiam

2242 3546 2534 3615 pluiiarum
2560 3549 2689 3603 dicit
2718 3549 2851 3619 (Jer.
2883 3552 2938 3606 5.
2960 3552 3075 3623 '24).
3111 3554 3291 3623 Itaque
3322 3555 3442 3608 inde
3469 3556 3687 3610 edoctus
3713 3558 3824 3610 ait:

2241 3639 2470 3710 lmplens
2494 3643 2601 3696 cibo
2631 3654 2676 3697 et
2707 3646 2901 3698 latitia.
2948 3644 3080 3700 Cum
3127 3646 3447 3703 liberalitate
3486 3647 3824 3715 alimentum,

2240 3748 2338 3787 nec
2360 3736 2519 3788 modo
2543 3736 2610 3790 ad
2635 3736 2987 3807 frugalitatem
3015 3750 3069 3792 et
3091 3754 3267 3793 usum.
3302 3740 3387 3794 l7.
3422 3738 3486 3792 Et
3510 3740 3615 3793 lucc
3645 3741 3824 3795 dicen.

2237 3834 2327 3889 tes,
2359 3828 2442 3879 vix
2486 3828 2785 3881 sedaverunt
2834 3831 3025 3897 turbas,
3071 3847 3132 3884 ne
3172 3832 3267 3884 sibi
3311 3832 3651 3886 immolarent.
3676 3832 3742 3887 Et
3768 3835 3821 3888 in

2238 3916 2340 3971 hoc
2382 3919 2609 3973 maxime
2655 3920 2990 3975 admirationi
3034 3920 3271 3977 fuerunt.
3324 3922 3509 3979 Viden‘
3552 3940 3649 3981 eos
3690 3927 3823 3982 satis

2236 4007 2505 4073 habuisse,
2530 4010 2670 4080 quod
2710 4013 2969 4067 insaniam
3015 4013 3161 4067 illaut
3209 4016 3568 4070 avertissent?
3599 4019 3681 4073 l8.
3715 4017 3822 4073 Su-

2233 4114 2561 4173 pervenerunt
2602 4116 2767 4159 autem
2809 4107 2872 4159 ab
2910 4107 3177 4161 Antiochia
3216 4119 3261 4161 et
3308 4109 3487 4164 Iconio
3529 4110 3701 4165 λιιιωὲ
3726 4125 3820 4169 :et

2234 4197 2485 4262 persuasis
2518 4199 2693 4262 turbis,
2744 4199 3124 4267 lapidantesque
3162 4200 3408 4269 Paulum,
3440 4213 3702 4259 traxerunt
3725 4223 3820 4262 e1-

2231 4296 2311 4339 tra
2352 4289 2630 4352 civitatem,
2669 4291 3008 4343 existimantes
3047 4308 3162 4344 eum
3210 4306 3459 4346 mortuum
3496 4312 3623 4349 esse.
3672 4296 3823 4355 Vere

2230 4376 2426 4431 diaboli
2481 4379 2569 4431 lilii
2616 4394 2630 4433 :
2680 4396 2784 4433 non
2839 4382 2891 4433 in
2941 4381 3246 4437 civitatibus
3312 4385 3471 4439 modo
3515 4387 3629 4441 suis
3658 4428 3673 4451 ,
3714 4390 3819 4446 sed

2230 4478 2379 4522 extra
2419 4469 2533 4521 illas
2579 4469 2680 4524 hoc
2724 4470 3005 4537 faciebant,
3046 4484 3101 4527 et
3141 4483 3285 4529 tanto
3331 4475 3507 4531 studio
3553 4480 3815 4538 curabant

2230 4560 2655 4630 praedicationem
2680 4563 2747 4617 de
2763 4564 2937 4618 medio
2963 4565 3168 4631 tollere,
3183 4577 3381 4636 quanto
3408 4570 3635 4638 apostoli
3664 4571 3813 4628 illam

2229 4654 2439 4709 firmare
2469 4655 2815 4709 coaabautur.
2848 4656 2911 4709 Et
2939 4660 3212 4728 persuasis,
3243 4661 3432 4731 inquit,
3459 4662 3640 4729 turbis,
3667 4665 3811 4733 lapi-

2226 4750 2397 4799 datum
2422 4746 2641 4799 Paulum
2688 4757 2947 4802 traxerunt
2976 4760 3117 4803 extra
3142 4751 3536 4807 civitatem.‘Hic
3557 4754 3812 4824 impletus

2224 4839 2348 4891 illud
2384 4856 2395 4891 :
2425 4840 2621 4909 Suﬂicit
2646 4840 2733 4892 tibi
2760 4842 2925 4910 gratia
2944 4856 3091 4902 mea;
3118 4858 3234 4894 nam
3261 4843 3417 4897 virtus
3442 4860 3553 4897 mea
3578 4846 3631 4898 in
3655 4846 3809 4915 inﬁr-

2224 4935 2393 4986 mitate
2418 4934 2765 5001 perﬁciturﬁ.
2788 4932 2904 4987 Cor.
2936 4932 3021 4988 12.
3046 4933 3125 5004 9).
3143 4934 3309 5009 Majas
3335 4936 3435 4992 hoc
3460 4948 3606 5003 erat,
3639 4954 3804 5010 quam

2224 5028 2468 5081 claudum
2493 5028 2715 5099 erigere.
2749 5027 2986 5083 Gentiles
3006 5010 3217 5099 quidem
3244 5040 3300 5083 ut
3325 5030 3457 5084 deos
3498 5020 3803 5098 habebant;

2224 5118 2275 5173 hi
2304 5136 2427 5174 vero
2452 5108 2826 5189 persuadentes
2858 5120 3054 5186 turbis,
3081 5130 3363 5176 traxerunt
3389 5122 3570 5185 illum;
3623 5140 3804 5195 neque

2222 5215 2363 5267 enim
2410 5213 2702 5268 verisimile
2773 5224 2855 5267 est
2897 5227 3083 5267 omnes
3109 5214 3160 5268 in
3208 5229 3393 5269 eorum
3441 5213 3803 5273 admiratione

2223 5306 2403 5361 fuisse.
2453 5305 2519 5359 Et
2546 5305 2684 5373 vide,
2720 5307 2773 5358 in
2801 5305 2983 5359 eadem
3007 5307 3115 5375 ipsa
3144 5306 3377 5369 civitate,
3408 5306 3460 5361 in
3490 5320 3593 5377 qua
3636 5307 3715 5363 sic
3740 5308 3803 5363 in

2221 5400 2569 5453 admiratione
2595 5400 2824 5465 fuerunt,
2852 5400 3029 5469 gravia
3060 5402 3347 5470 patiuntur.
3374 5400 3438 5454 Et
3464 5400 3562 5455 hoc
3582 5416 3801 5473 quoque

2223 5493 2519 5547 videntibus
2568 5492 2829 5562 proderat.
2878 5492 3029 5560 Quod
3071 5501 3248 5547 autem
3290 5493 3386 5547 hac
3414 5492 3479 5547 de
3501 5508 3659 5549 eausa
3688 5498 3805 5563 pati

2224 5586 2653 5655 permitteretur,
2685 5583 2805 5637 audi
2849 5584 2994 5637 illum
3024 5583 3125 5637 hoc
3170 5585 3341 5654 ipsum
3381 5583 3746 5639 declarantem
3782 5604 3797 5640 :

2224 5676 2306 5731 Ne
2341 5679 2452 5746 quis
2492 5693 2571 5729 me
2608 5676 2850 5729 existimet
2870 5692 3024 5744 supra
3064 5676 3137 5743 id,
3166 5677 3301 5745 quod
3338 5678 3469 5730 videt
3496 5678 3665 5743 inme,
3705 5688 3805 5733 aut

2217 5771 2411 5839 aliquid
2431 5770 2570 5823 audit
2594 5785 2655 5822 ea:
2679 5786 2755 5822 me
2777 5769 2850 5839 (2.
2876 5765 2993 5825 Cor.
3026 5770 3114 5823 1⁸2.
3144 5771 3223 5837 6).

2294 5864 2446 5918 Pauli
2484 5866 2667 5933 fervor.
2695 5892 2764 5903 —-
2795 5863 2881 5919 19.
2905 5863 3340 5918 Circumdantibus
3381 5873 3547 5917 autem
3571 5877 3685 5915 eum
3714 5860 3801 5913 di—

2220 5957 2445 6029 scipulis,
2476 5974 2682 6029 surgens
2706 5957 2906 6013 intravit
2934 5954 3407 6013 cit-italem.Vidctt‘
3430 5954 3798 6012 alacritatem!
