4082 6522
243 474 351 531 €27

248 585 386 642 am
411 584 702 654 νοημάτων
727 580 818 635 καὶ
836 579 1156 649 φιλοσοφίας
1170 575 1414 647 δύναμις,
1438 577 1534 630 καὶ
1561 575 1727 630 παντὶ
1749 573 1930 646 ῥᾴδιον

252 680 424 733 εἰπεῖν
451 679 546 730 καὶ
577 671 929 742 ἀπαγγεῖλαι,
962 669 1079 732 πῶς
1099 669 1197 721 οὐκ
1225 667 1373 733 ἄξιος
1407 664 1555 738 [(240]
1593 664 1931 735 κατηγορίας

251 767 282 822 6
329 765 405 837 μὴ
454 762 707 833 δυνηθεὶς
738 761 916 812 εἰπεῖν
953 759 1054 828 τὴν
1099 755 1281 810 αίτίαν
1306 795 1321 817 ,
1374 753 1442 808 δι’
1475 756 1544 824 ἢν
1572 754 1802 824 ἐπῄνεσε
1840 751 1931 804 τὸν

251 852 508 922 λέγοντα;
550 849 718 904 Οὐδὲν
750 846 894 901 οῦτω
926 844 1137 916 πρέπον
1169 841 1436 912 ἐκκλησία
1463 841 1539 904 ὡς
1562 841 1706 912 σιγή,
1736 839 1812 904 ὡς
1837 839 1932 892 εὐ-

252 941 427 1006 ταξία.
453 938 719 1008 Θεάτροις
746 933 1050 1005 ἐπιτήδειος
1073 934 1102 984 6
1130 930 1356 1000 θόρυόος
1386 929 1483 983 καὶ
1513 927 1817 999 βαλανείοις
1835 927 1933 980 καὶ

255 1027 504 1098 πομπαῖς
538 1025 637 1077 καὶ
659 1023 890 1094 ἀγοραῖς
913 1037 928 1052 ο
955 1018 1084 1072 ἔνθα
1115 1018 1172 1070 δὲ
1202 1018 1332 1088 περὶ
1364 1015 1620 1069 τοιούτων
1645 1015 1934 1085 δογμάτων

253 1117 286 1185 ἡ
323 1111 648 1166 διδασκαλία
670 1153 683 1173 ,
723 1108 932 1179 γαλήνη
969 1105 1064 1161 καὶ
1102 1105 1300 1176 ἡσυχία
1340 1105 1434 1157 καί
1483 1103 1802 1172 φιλοσοφία,
1839 1103 1934 1154 καὶ

254 1199 419 1263 πολὺς
441 1201 472 1253 ό
497 1199 667 1270 λιμὴν
695 1191 837 1250 εἶναι
863 1195 1088 1265 ὀφείλει.
1112 1193 1299 1247 Ταῦτα
1326 1192 1517 1263 δέομαι
1542 1193 1637 1246 καὶ
1666 1190 1934 1245 ἀντιϐολῶ

255 1286 463 1350 πάντας
487 1285 711 1340 εἰδέναι.
743 1283 1000 1355 Περίειμι
1045 1280 1153 1353 γάρ
1186 1282 1280 1334 καὶ⁸
1324 1280 1486 1342 αὐτὸς
1526 1279 1764 1351 τρόπους
1796 1296 1934 1332 παν-

253 1373 430 1438 1τοίους
455 1370 756 1443 ἐπιζητῶν,
779 1371 846 1424 δι’
878 1363 954 1423 ὧν
983 1369 1261 1438 ὠφελῆσαι
1288 1369 1586 1438 δυνήσομαι
1608 1367 1708 1429 τὰς
1738 1365 1935 1436 ὑμετέ-

254 1479 357 1534 ρας
385 1460 592 1532 ψυχάς.
621 1459 697 1514 Οὐ
728 1458 921 1530 μικρὸς
954 1458 1050 1511 καὶ
1077 1451 1232 1520 οὗτος
1264 1457 1292 1508 6
1315 1455 1516 1524 τρόπος
1547 1450 1686 1506 εἷναί
1727 1471 1818 1524 μοι
1847 1454 1935 1506 δο-

253 1549 345 1602 κεῖ
364 1562 380 1579 ⁶
407 1548 514 1618 οὐχ
542 1548 688 1617 ὑμᾶς
719 1544 996 1615 ὠφελήσει
1040 1544 1234 1614 μόνους
1258 1585 1271 1604 ,
1319 1542 1455 1596 ἀλλά
1487 1542 1580 1593 καὶ
1611 1542 1778 1610 ἡμᾶς.
1822 1542 1938 1595 Οὐκ

256 1636 457 1706 ἀφήσει
491 1631 1015 1704 ὲκτραχηλίζεσθαι,
1044 1630 1165 1684 οὐδὲ
1195 1631 1436 1684 ἐπαίνων
1459 1628 1548 1683 καί
1579 1629 1738 1698 δόξης
1766 1631 1898 1701 ἐρᾷν
1918 1670 1933 1694 ,

255 1722 376 1777 οὐδὲ
407 1721 480 1776 τά
510 1722 780 1794 τέρποντα
811 1720 1011 1788 λέγειν,
1038 1719 1173 1772 ἀλλά
1198 1718 1267 1771 τὰ
1292 1718 1631 1787 ὠφελοῦντα’
1660 1719 1779 1771 οὐδὲ
1810 1720 1938 1790 περὶ

259 1808 541 1880 συνθήκας
564 1809 658 1862 καὶ⁹
681 1806 850 1876 κάλλη
881 1806 1100 1873 λέξεων,
1130 1805 1267 1859 ἀλλά
1296 1806 1426 1876 περὶ
1451 1805 1740 1875 νοημάτων
1774 1805 1936 1858 δύνα-

260 1911 354 1966 μιν
397 1896 584 1950 πᾶσαν
629 1895 963 1966 ἀπασχολείν
1001 1893 1096 1946 τοῦ
1135 1893 1331 1964 καιροῦ
1361 1893 1458 1964 τὴν
1499 1894 1691 1964 ῥοπήν.
1719 1892 1939 1946 Είσελθε

259 1983 341 2045 τίς
371 1983 738 2053 ζωγραφεῖον,
764 1983 861 2035 καὶ
885 1981 1006 2051 ὄψει
1030 1980 1232 2051 πολλὴν
1254 1983 1371 2035 ὲκεῖ
1399 1983 1497 2049 τὴν
1524 1982 1704 2051 σιγήν.
1731 1980 1942 2035 Οὐκοῦν

259 2071 355 2125 καὶ
410 2070 806 2124 ἐνταῦθασκαὶ
852 2067 962 2140 γάρ
1004 2069 1099 2123 καὶ
1139 2068 1374 2122 ἐνταῦθα
1415 2067 1630 2130 είκόνας
1658 2069 1943 2139 γράφομεν

261 2155 554 2228 βασιλικάς
578 2196 593 2222 ,
622 2156 718 2210 καὶ
746 2155 1002 2226 οὐδεμίαν
1045 2156 1319 2226 ἰδιωτικὴν
1343 2195 1358 2219 ,
1387 2156 1476 2208 διὰ
1501 2154 1609 2208 τῶν
1635 2159 1943 2226 χρωμάτων

260 2244 362 2317 τῆς
389 2246 619 2316 ἀρετῆς.
653 2245 721 2298 Τί
750 2244 941 2311 τοῦτο;
976 2244 1138 2298 πάλιν
1171 2247 1449 2316 κροτεῖτε;
1476 2244 1590 2297 Οὐκ
1624 2242 1846 2297 εὐκολον
1884 2245 1946 2296 τὸ

1185 461 1252 516 IN
1296 459 1481 517 ACTA
1521 438 2070 516 Αιιοετοιυιιυιι.
2101 452 2339 507 ιιοιιιι..
2383 450 2575 503 nxl.

3608 445 3716 497 ηδ

2040 569 2279 640 πρᾶγμα
2325 565 2506 629 δοκεῖ,
2563 562 2660 617 καὶ
2688 560 2846 622 τοῦτο
2875 561 2938 614 οὐ
2973 560 3154 630 φύσει,
3183 559 3321 614 ἀλλὰ
3353 560 3432 633 τῷ
3462 563 3723 635 συνηθείᾳ

2035 657 2204 728 πολλῇ
2270 655 2439 726 μήπω
2499 650 2804 723 κατορθοῦν
2864 649 2996 704 αὐτὸ
3050 650 3457 721 μεμαθηκέναι.
3511 653 3722 724 Γραφὶς

2032 745 2212 799 τοίνυν
2247 744 2399 797 ἐστὶν
2437 743 2572 811 ἡμῖν
2612 741 2853 809 γλῶττα,
2894 740 3145 808 τεχνίτης
3179 737 3236 790 δὲ
3281 739 3342 792 τὸ
3393 741 3617 812 Πνεῦμα
3662 741 3726 792 τὸ

2035 832 2214 900 ἆγιον.
2270 828 2408 882 Εἰπέ
2435 846 2525 898 μοι
2549 868 2564 892 ,
2594 829 2653 880 ὲν
2679 829 2791 889 τοῖς
2824 829 3149 898 μυστηρίοις
3173 866 3189 891 ,
3243 830 3317 898 μή
3346 845 3432 892 τις
3459 826 3722 899 θόρυϐοςς

2038 921 2112 991 μή
2167 935 2254 981 τις
2303 916 2557 989 ταραχή;
2593 916 2764 968 Ὅταν
2823 913 3238 986 βαπιζὼμεθα,
3291 917 3420 972 ὅταν
3466 914 3538 969 τά
3589 914 3726 971 ἀλλα

2035 1008 2213 1061 πάντα
2267 1003 2532 1075 ποιῶμεν,
2587 1003 2686 1074 οὐχ
2733 1003 2937 1074 ἡσυχία
2989 1004 3084 1056 καὶ
3134 1003 3263 1075 σιγὴ
3309 1005 3377 1058 τά
3417 1005 3597 1058 πάντα
3626 1021 3726 1057 κα-

2034 1096 2181 1166 τέχει
2210 1107 2272 1156 ις
2306 1092 2480 1146 Τοῦτο
2514 1095 2587 1145 ’ὲν
2634 1092 2713 1162 τῷ
2746 1092 2965 1164 οὐρανῷ
2995 1093 3378 1165 κατέσπαρται
3411 1093 3472 1147 τὸ
3506 1092 3725 1156 κάλλος.

2036 1184 2137 1238 Διά
2183 1181 2346 1235 τοῦτο
2390 1179 2800 1251 διαϐεϐλήμεθα
2849 1182 2945 1234 καὶ
2998 1182 3130 1251 παρ’
3162 1182 3444 1251 Ἕλλησιν,
3481 1181 3557 1246 ὡς
3592 1178 3731 1251 πρὸς

2036 1268 2301 1333 ἐπίδειξιν
2335 1268 2516 1321 πάντα
2562 1268 2846 1330 ποιοῦντες
2881 1269 2975 1320 καὶ
3023 1268 3161 1338 πρὸς
3205 1269 3543 1339 φιλοτιμίαν.
3589 1268 3729 1321 Ἀλλ’

1979 1343 2000 1366 ⁸
2037 1357 2133 1409 ὲάν
2159 1357 2318 1411 τοῦτο
2347 1356 2564 1426 κωλυθῇ
2587 1397 2601 1420 ,
2629 1355 2725 1410 καὶ
2752 1355 3215 1428 τῶνοπροεδριῶν
3248 1361 3276 1410 ό
3305 1357 3444 1428 έρως
3495 1356 3734 1424 σϐεσθη-

2041 1462 2216 1499 σεται.
2253 1447 2442 1517 Ἀρκεῖ
2465 1487 2480 1511 ,
2515 1446 2568 1498 εί
2590 1462 2674 1508 τις
2697 1445 2934 1498 ἐπαίνων
2959 1447 3062 1516 ἐρᾷ.
3083 1488 3098 1512 ,
3138 1447 3200 1499 τὸ
3230 1445 3372 1515 μετὰ
3394 1446 3493 1516 τὴν
3528 1445 3734 1516 ἀκρόα-

2040 1550 2125 1585 σιν
2167 1535 2373 1586 τούτων
2421 1533 2758 1603 τυγχάνειν,
2816 1535 2947 1586 ὅταν
2990 1533 3117 1597 τοὺς
3169 1535 3414 1603 καρποὺς
3475 1532 3732 1602 συλλέγῃ.

2040 1621 2150 1673 Ναὶ
2198 1620 2500 1691 παρακαλῶ
2529 1661 2544 1684 ,
2617 1620 2960 1691 κυρώσωμεν
3004 1621 3191 1674 τοῦτον
3237 1622 3329 1673 τὸν
3374 1621 3538 1690 νόμον
3567 1662 3583 1686 ,
3643 1619 3733 1671 ἵνα

2042 1708 2222 1760 πάντα
2257 1709 2402 1761 κατὰ
2439 1707 2498 1760 τὺ
2532 1707 2610 1777 τῷ
2661 1707 2780 1776 Θεῷ
2809 1708 3002 1761 δοκοῦν
3037 1710 3370 1779 πράττοντες
3397 1749 3411 1769 ,
3462 1708 3561 1776 τῆς
3603 1707 3734 1776 παρ’

2049 1795 2214 1849 αὐτοῦ
2256 1795 2672 1866 φιλανθρωπίας
2704 1795 3059 1866 άξιωθῶμεν,
3095 1798 3276 1867 χάριτι
3307 1797 3402 1848 καὶ
3427 1797 3737 1865 οίκτιρμοῖς

2048 1885 2143 1938 τοῦ
2169 1884 2510 1952 Μονογενοῦς
2538 1885 2727 1946 αὐτοῦ,
2759 1885 2963 1956 Κυρίου
2992 1887 3049 1940 δὲ
3080 1890 3112 1957 ἡ
3124 1887 3239 1956 μῶν
3270 1885 3444 1955 Ἰησοῦ
3475 1883 3752 1954 Χριστοῦ.’

2054 1974 2176 2044 μεθ’
2206 1967 2268 2025 οῦ
2292 1973 2371 2043 τῷ
2393 1974 2572 2043 Πατρὶ
2601 1974 2716 2042 ἅμα
2738 1973 2816 2041 τῷ
2849 1974 2990 2044 ἁγίῳ
3024 1974 3305 2045 Πνεύματι
3339 1974 3486 2038 δόξα,
3513 1971 3737 2042 κράτος,

2045 2062 2182 2133 τιμὴ
2204 2103 2218 2125 ν
2268 2061 2364 2115 νῦν
2403 2061 2499 2114 καὶ
2528 2061 2618 2115 ἀεὶ
2646 2102 2661 2127 ,
2696 2064 2789 2115 καὶ
2823 2065 2900 2125 εἰς
2943 2063 3072 2128 τοὺς
3111 2064 3315 2127 αἰῶνας
3363 2063 3471 2119 τῶν
3501 2060 3737 2115 αἰώνων.

2060 2150 2258 2221 Ἀμήν.

2082 2380 2086 2384 ,
2113 2332 2139 2362 ⁸
2173 2331 2275 2382 Alii
2317 2339 2428 2395 σιγῇ
2463 2330 2539 2381 τά
2561 2332 2718 2382 πάντα
2750 2333 3070 2396 κεκόσμηται.

1720 2536 1873 2610 [ειη
1910 2538 2157 2590 ΟΜΙΛΙΑ
2189 2534 2309 2592 AA'.

277 2633 672 2697 Ἀκούσαντες
695 2629 764 2683 δὲ
790 2631 847 2684 al
876 2629 1210 2684 ἀπόστολοι
1228 2628 1539 2698 Βαρνάϐας
1564 2629 1662 2682 καί
1688 2631 1947 2695 Παῦλος,

335 2719 775 2790 διαρρήξαντες
848 2717 924 2772 τὰ
986 2717 1187 2787 ίμάτια
1246 2716 1447 2772 αὐτῶν
1473 2757 1488 2780 ,
1558 2717 1953 2786 ἐξεπήδησαν

335 2810 426 2874 είς
463 2806 574 2860 τὸν
613 2806 823 2873 ὄχλον,
852 2801 1160 2874 κράζοντες
1192 2805 1290 2857 καί
1343 2804 1649 2873 λέγοντες,
1683 2805 1950 2874 Ἀνδρες,

335 2896 396 2950 τί
471 2893 663 2948 ταῦτα
745 2893 1008 2956 ποιεῖτε;
1109 2892 1280 2961 ἡμεῖς
1352 2891 1730 2962 ὁμοιοπαθεῖς
1811 2893 1956 2961 ὑμῖν

335 2984 531 3052 ἐσμεν
600 2979 898 3048 ἄνθρωποι
928 3020 944 3044 ,
1016 2979 1525 3050 εὐαγγελιζόμενοι
1601 2979 1759 3050 ὑμᾶς
1833 2980 1954 3035 ἀπὸ

337 3067 573 3121 τούτων
622 3060 741 3118 τῶν
777 3064 1045 3133 ματαίων
1084 3063 1469 3133 ἐπιστρέφειν
1510 3063 1609 3117 ἐπί
1657 3065 1763 3117 τὸν
1807 3063 1957 3116 Θεὸν

338 3153 451 3209 τὸν
485 3149 712 3218 ζῶντα,
780 3150 849 3217 ὃς
891 3151 1143 3218 ἐποίησε
1200 3150 1305 3205 τὸν
1359 3151 1623 3221 οὐρανὸν
1683 3152 1782 3204 καὶ
1840 3150 1957 3216 τὴν

343 3239 472 3312 γῆν
547 3239 652 3294 καί
724 3237 840 3308 τὴν
896 3237 1218 3294 θάλασσαν
1241 3278 1258 3302 ,
1319 3241 1417 3293 καί
1487 3238 1684 3292 πάντα
1745 3239 1820 3292 τὰ
1887 3238 1958 3291 ἐν

339 3327 571 3393 αὐτοῖς.

340 3413 413 3469 α’.
462 3414 608 3485 Ὅρα
659 3412 838 3466 πάντα
873 3410 1009 3482 μετά
1053 3409 1414 3481 σφοδρότητος
1454 3411 1584 3468 τοὺς
1623 3409 1958 3473 ἀποστόλους

272 3501 590 3566 ποιοῦντας.
639 3499 940 3572 Διέῤῥηξαν
969 3498 1038 3552 τά
1087 3497 1632 3569 ίμάτια,έπήδησαν,
1685 3496 1956 3569 ἔκραξαν,

274 3590 456 3646 πάντα
482 3589 593 3645 άπὸ
619 3586 914 3650 διαθέσεως
961 3585 1164 3656 ψυχῆς,
1200 3585 1671 3656 ἀποστρεφόμενοι
1699 3585 1768 3637 τά
1806 3586 1950 3654 γενό-

279 3693 440 3748 μενα,
489 3676 587 3730 καὶ
637 3675 868 3738 πένθους
899 3677 1104 3744 σημεῖα
1152 3671 1448 3737 ποιοῦντες.
1485 3671 1684 3734 Πένθος
1720 3672 1830 3744 γάρ
1868 3668 1957 3743 ἦν,

274 3762 447 3828 huc
484 3761 685 3826 πένθος
731 3760 1187 3834 ἀπαραμύθητον,
1218 3761 1272 3814 εῐ
1295 3778 1360 3829 γε
1390 3760 1616 3830 ἔμελλον
1659 3760 1772 3814 θεολ⁸
1807 3761 1959 3831 νομί-

277 3851 491 3918 ζεσθαι,
535 3851 630 3904 καὶ
659 3848 1102 3920 εἰδωλολατρείαν
1155 3848 1418 3918 εἰσάγειν,
1458 3851 1526 3920 ἣν
1545 3843 1708 3919 ἦλθον
1739 3848 1963 3901 καταλύ-

280 3957 488 4005 σοντες.
557 3939 672 3994 Kal
728 3937 889 3992 τοῦτο
944 3936 1040 3991 τοῦ
1092 3937 1340 3991 διαὸόλου
1389 3932 1458 4008 ἦν
1510 3935 1962 4006 κατασκεύασμα.

279 4029 346 4084 Οί
369 4029 426 4083 δὶ
457 4029 560 4099 οὐχ
589 4025 980 4099 ἡσυχάζουσιν,
1011 4026 1148 4081 ἀλλά
1192 4025 1279 4092 τίς
1331 4026 1443 4080 Καί
1475 4025 1650 4093 ἡμεῖς
1681 4028 1964 4094 ὁμοιοπα-

277 4116 406 4184 θεῖς
427 4114 575 4186 ὑμῖν
602 4115 812 4185 ἐσμεν,
853 4116 1040 4185 φασὶν,
1069 4114 1385 4183 ἄνθρωποι.
1434 4112 1650 4176 Εὐθέως
1688 4114 1754 4165 ὲκ
1784 4129 1967 4183 προοιο

287 4204 426 4275 μίων
450 4202 756 4275 ἀνέτρεψαν
788 4203 850 4257 τὸ
887 4202 1077 4257 κακόν.
1132 4202 1246 4255 Οὐκ
1290 4197 1443 4255 εἷπον
1470 4200 1674 4266 ἁπλῶς,
1706 4202 1966 4269 Ἀνθρω-

283 4307 407 4356 ποι,
444 4291 604 4357 ἀλλὰ,
651 4290 790 4346 Καθ’
815 4288 992 4360 ὑμᾶς.
1025 4286 1158 4343 Εἶτα
1189 4290 1275 4342 ἵνα
1307 4289 1382 4361 μὴ
1411 4289 1605 4355 δόξωσι
1636 4290 1803 4360 τιμᾷν
1841 4291 1970 4354 τοὺς

287 4378 447 4444 θεοὺς
470 4419 487 4445 ,
545 4379 779 4434 ἄκουσον
847 4377 903 4431 τί
966 4377 1265 4446 ἐπάγουσιν
1309 4388 1335 4418 ι
1366 4392 1381 4408 ·
1442 4376 1970 4446 Εὑατγελιζόμενοι

285 4466 447 4539 ὑμᾶς
509 4467 630 4522 ἀπὸ
678 4467 908 4522 τούτων
963 4465 1082 4520 τῶν
1117 4466 1388 4536 ματαίων
1440 4463 1828 4534 ἐπιστρέφειν
1871 4464 1972 4517 ἐπὶ

287 4555 399 4610 τὸν
437 4554 589 4611 Θεὸν
623 4556 735 4610 τὸν
771 4552 980 4621 ζῶντα,
1014 4553 1084 4621 ὃς
1119 4555 1372 4621 ἐποίησε
1420 4557 1528 4607 τὸν
1557 4553 1823 4613 οὐρανὸν
1871 4553 1970 4606 καί

288 4643 406 4712 τὴν
431 4642 554 4714 τῆν
574 4643 674 4697 καί
694 4641 809 4711 τὴν
828 4642 1174 4705 θάλασσαν,
1200 4643 1298 4695 καί
1329 4640 1530 4695 πάντα
1555 4641 1628 4694 τὰ
1655 4641 1724 4695 ἐν
1743 4641 1968 4707 αὐτοῖς.

293 4732 437 4803 Ὅρα
493 4731 730 4800 οὐδαμοῦ
762 4730 871 4784 τῶν
924 4730 1223 4802 προφητῶν
1273 4730 1712 4800 μνημονεύοντας
1754 4730 1969 4794 αὐτοὺς,

288 4820 414 4875 οὐδὲ
447 4820 728 4890 λέγοντας,
750 4821 896 4885 τίνος
922 4820 1151 4883 ἕνεκεν,
1170 4819 1388 4873 πάντων
1413 4817 1746 4889 δημιουργὸς
1773 4816 1872 4880 ὢν,
1905 4817 1975 4870 τά

294 4909 423 4982 εθνη
468 4911 680 4982 ἀφῆκεν
737 4911 1046 4982 αὐτόνομα;
1101 4911 1198 4976 Ὃς
1243 4909 1316 4962 ἐν
1351 4908 1482 4974 ταῖς
1513 4907 1975 4978 παρῳχημέναις

295 4997 532 5068 γενεαῖς
554 4998 727 5053 εἴασε
757 4997 955 5053 πάντα
990 4999 1065 5052 τὰ
1090 4999 1234 5066 ἔθνη
1263 4997 1627 5066 πορεύεσθαι
1652 4996 1784 5062 ταῖς
1812 4995 1976 5061 ὁδοῖς

296 5086 516 5142 αὐτῶν.
535 5085 659 5140 Ὅτι
691 5087 790 5158 μὲν
812 5087 964 5142 είασε
989 5086 1163 5155 λέγει,
1193 5086 1284 5140 διά
1311 5087 1364 5140 τί
1399 5085 1455 5138 δὲ
1491 5085 1694 5148 εἴασεν,
1731 5085 1831 5137 οὐκ
1861 5084 1973 5137 ἔτι·

297 5172 436 5237 τέως
458 5173 595 5245 πρὸς
624 5174 686 5227 τὸ
714 5177 1042 5244 κατεπεῖγον
1073 5174 1311 5240 ἵσταται,
1340 5172 1577 5242 οὐδαμοῦ
1606 5169 1702 5224 τοῦ
1731 5170 1977 5242 Χριστοῦ

299 5259 361 5314 τὸ
389 5258 563 5330 δνομα
589 5259 778 5338 τιθείς.
818 5261 1023 5316 Καίτοι
1079 5277 1147 5331 τε
1195 5263 1306 5315 οὐκ
1365 5259 1711 5328 ἀμάρτυρον
1763 5257 1985 5312 ἑαυτὸν

301 5346 562 5417 ἀφῆκεν,
600 5347 980 5418 ἀγαθοποιῶν
1026 5349 1373 5418 οὐρανόθεν,
1421 5345 1570 5415 ἡμῖν
1627 5348 1843 5405 ὑετοὺς
1895 5344 1984 5399 δι-

301 5433 449 5502 δοὺς
477 5435 579 5490 καί
623 5435 867 5505 καιροὺς
896 5437 1319 5506 καρποφόρους
1343 5475 1359 5500 ,
1403 5432 1722 5504 ἐμπιπλῶν
1760 5431 1987 5502 τροφῆς

306 5520 406 5576 καί
425 5524 812 5593 εὐφροσύνης
829 5526 938 5589 τὰς
962 5524 1213 5594 καρδίας
1237 5521 1428 5593 ἡμῶν.
1461 5523 1624 5594 Ὅρα,
1645 5522 1707 5575 οὐ
1742 5521 1989 5593 βούλεται

305 5609 405 5682 τὴν
445 5610 782 5682 κατηγορίαν
809 5611 989 5666 αὐτῶν
1023 5611 1282 5681 αὐξῆσαι,
1320 5610 1458 5664 ἀλλά
1507 5610 1706 5680 μᾶλλον
1753 5610 1847 5663 ἐπὶ
1894 5610 1986 5662 τὸν

307 5696 440 5751 Θιδν
476 5697 539 5750 τὸ
567 5701 676 5752 πᾶν
725 5699 880 5769 ἄγειν
922 5701 1121 5764 αὐτοὺς
1151 5698 1416 5752 παιδεύει.
1459 5698 1704 5769 Ἔμαθον
1741 5697 1873 5768 γὰρ,
1904 5698 1986 5751 ὅτι

305 5785 405 5858 οὐχ
435 5785 581 5841 οὕτω
613 5787 937 5852 σπουδάζειν
972 5788 1055 5842 δεῖ
1086 5788 1236 5856 ἄξιόν
1268 5805 1321 5842 τι
1356 5790 1531 5841 εἰπεῖν
1559 5788 1689 5858 περὶ
1721 5786 1880 5855 Θεοῦ,
1911 5787 1988 5852 ὼς

307 5873 369 5929 ὼ
392 5877 506 5940 τοῖς
525 5875 817 5932 ἀκούουσιν
846 5876 1143 5948 ὠφέλιμον.
1178 5877 1320 5949 Ὅρα
1353 5875 1470 5940 πῶς
1490 5875 1862 5940 λανθανόντως
1888 5877 1988 5946 τὴν

311 5963 643 6036 κατηγορίαν
659 5965 864 6038 τίθησι.
897 5968 1008 6021 Καὶ
1049 5967 1154 6039 μὴν
1183 5967 1231 6020 εί
1260 5965 1420 6021 τοῦτο
1453 5964 1649 6033 ὲποίει,
1691 5964 1800 6019 ἔδει
1828 5964 1990 6019 κολα-

371 6050 400 6081 ⁶
419 6051 476 6102 Τί
497 6054 754 6122 ἐπάγουσιν
777 6057 922 6108 deest
955 6057 1003 6106 In
1041 6068 1155 6106 uno.

2015 2900 2018 2904 ’
2056 2893 2216 2947 Οῦτω
2248 2895 2342 2947 καὶ
2372 2894 2401 2945 6
2435 2891 2600 2945 Δαυῒδ
2648 2892 2833 2958 ἔλεγεν
2854 2907 2866 2919 ·

2057 2629 2249 2700 σθῆναι
2268 2629 2466 2692 αὐτοὺς
2496 2627 2766 2682 τοσούτων
2793 2624 3168 2686 ἀπολαύοντας
3189 2623 3434 2692 ἀγαθῶν,
3471 2625 3567 2677 καὶ
3611 2625 3746 2696 μηδὲ

2053 2716 2130 2780 ὡς
2158 2716 2363 2789 τροφέα
2399 2716 2809 2787 γνωρίσαντας·
2862 2712 2976 2765 ἀλλ’
3011 2712 3072 2764 οὐ
3107 2711 3256 2781 λέγει
3305 2712 3576 2782 φανερῶς,
3633 2711 3747 2764 ἀλλ’

2055 2804 2374 2868 αἰνίττεται,
2403 2806 2746 2872 Οὑρανόθεν
2795 2801 2957 2870 ἡμῖν,
3013 2799 3209 2867 λέγων,
3257 2799 3470 2866 ὑετοὺς
3517 2797 3746 2866 διδούς.

2943 2888 3090 2941 Ἃπὸ
3137 2888 3372 2954 καρποῦ
3419 2888 3596 2940 σίτου
3649 2888 3748 2941 καὶ

2056 2985 2227 3036 οἴνου
2265 2983 2363 3034 καί
2387 2982 2596 3035 ἐλαίου
2629 2978 2831 3033 αὐτῶν
2857 2977 3338 3044 ἑπληθύνθησαν
3361 2993 3374 3005 ·
3423 2976 3516 3028 καὶ
3553 2976 3753 3030 πολλα-

2056 3069 2153 3141 χοῦ
2179 3070 2307 3140 περὶ
2339 3067 2704 3139 δημιουργίας
2742 3066 3150 3136 διαλεγόμενος,
3177 3062 3354 3117 ταῦτα
3399 3063 3616 3134 τίθησιν
3669 3067 3755 3128 είς

2061 3159 2247 3228 μέσον.
2289 3158 2399 3211 Καὶ
2437 3159 2465 3209 ὁ
2499 3156 2770 3226 Ἱερεμίας
2819 3155 2874 3208 δὲ
2934 3154 3033 3224 τὴν
3086 3151 3451 3222 δημιουργίαν
3504 3151 3754 3222 πρώτην,

2059 3243 2178 3298 εἶτα
2235 3245 2334 3316 τὴν
2389 3244 2650 3315 πρόνοιαν
2707 3244 2807 3314 τὴν
2863 3241 2952 3295 διὰ
2989 3241 3099 3295 τῶν
3146 3239 3318 3293 ὑετῶν
3369 3256 3572 3309 φησιν·
3613 3240 3759 3293 ὥστε

2059 3333 2266 3387 ἐκεῖθεν
2294 3331 2730 3402 πεπαιδευμένος
2777 3329 3126 3396 διαλέγεταιο
3185 3326 3554 3395 Ἐμπιπλῶν,
3596 3329 3757 3397 φησὶ,

2058 3421 2287 3490 τροφῆς
2317 3421 2415 3474 καί
2469 3420 2883 3488 εὐφροσύνης.
2929 3417 3086 3471 Μετά
3130 3415 3507 3486 φιλοτιμίαςή
3555 3416 3757 3488 τροφὴ,

2060 3511 2120 3562 οὐ
2158 3510 2316 3579 μόνον
2344 3509 2480 3579 πρὸς
2512 3507 2869 3578 αὐτάρκειαν,
2906 3505 3029 3558 οὐδὲ
3083 3503 3221 3574 πρὸς
3249 3502 3349 3574 τὴν
3403 3503 3613 3574 χρείαν.
3650 3503 3760 3557 Καὶ

2060 3598 2251 3652 ταῦτα
2306 3596 2610 3666 λέγοντες,
2659 3598 2837 3664 μόλις
2881 3593 3279 3647 κατέπαυσαν
3332 3592 3476 3656 τοὺς
3532 3592 3762 3661 ὄχλους

2061 3686 2169 3740 τοῦ
2199 3685 2285 3754 μὴ
2336 3687 2503 3739 θύειν
2553 3682 2780 3748 αὐτοῖς.
2831 3681 2941 3733 Καὶ
2990 3680 3166 3750 τούτῳ
3221 3679 3462 3750 μάλιστα
3514 3677 3766 3749 ἐθαυμά-

2066 3774 2293 3842 σθησαν.
2337 3774 2501 3843 Ὁρᾷς
2545 3773 2628 3824 ὅτι
2666 3770 2799 3841 πρὸς
2821 3769 2981 3821 τοῦτο
3013 3768 3253 3830 ἵσταντο,
3285 3765 3426 3818 ὥστε
3457 3767 3764 3837 ἀνατρέψαι

2064 3861 2163 3931 τὴν
2200 3860 2396 3929 μανίαν
2452 3858 2704 3928 έκείνην;
2763 3855 3063 3923 Ἐπῆλθον
3109 3853 3179 3906 δὲ
3241 3853 3356 3906 ἀπὸ
3398 3853 3764 3922 Ἀντιοχείας

2066 3948 2163 4001 καί
2206 3947 2454 4001 Ἰκονίου
2490 3945 2779 4004 Ἰουδαῖοι.
2835 3941 2933 3996 καί
2969 3942 3295 4007 πείσαντες
3334 3940 3478 4006 τοὺς
3513 3941 3762 4008 ὄχλους,

2067 4034 2163 4087 καί
2189 4032 2554 4098 λιθάσαντες
2585 4030 2695 4084 τὸν
2724 4029 2991 4091 Παῦλον,
3013 4029 3245 4095 ἔσυραν
3279 4026 3395 4091 ἔξω
3440 4024 3550 4092 τῆς
3583 4030 3765 4078 πόλε-

2067 4140 2168 4186 ως,
2225 4121 2589 4189 νομίσαντες
2634 4120 2824 4172 αὐτὸν
2881 4116 3187 4171 τεθνάναι.
3253 4118 3460 4178 Ὄντως
3511 4115 3762 4168 διαὸόλου

2067 4209 2268 4262 τέκναο
2315 4209 2415 4261 οὐκ
2459 4209 2517 4260 ἐν
2567 4209 2688 4268 ταῖς
2743 4206 2967 4258 πόλεσιν
3016 4204 3195 4257 αὐτῶν
3258 4203 3438 4274 μόνον,
3479 4203 3614 4256 ἀλλά
3668 4206 3766 4258 καί⁸

2069 4297 2176 4362 ἔξω
2223 4296 2428 4350 τούτων
2457 4295 2631 4349 ταῦτα
2660 4294 2962 4358 ποιοῦντες,
3013 4293 3108 4347 καὶ
3139 4293 3411 4362 τοσαύτην
3445 4291 3766 4362 ποιούμενοι

2073 4387 2308 4458 σπουδὴν
2337 4384 2583 4438 καθελεῖν
2608 4385 2668 4437 τὸ
2695 4385 2980 4455 κήρυγμα,
3005 4383 3139 4450 ὅσην
3166 4383 3214 4434 οἱ
3246 4382 3535 4435 ἀπόστολοι
3569 4382 3766 4450 στῆσαι

2071 4474 2441 4544 ἐπειγόμενοι.
2497 4472 2603 4526 Καί
2640 4471 2987 4534 πείσαντες,
3021 4471 3176 4541 φησὶ.
3216 4470 3360 4536 τοὺς
3397 4470 3641 4538 ὄχλους,
3669 4469 3770 4522 καί

2070 4560 2437 4625 λιθάσαντες
2486 4559 2596 4612 τὸν
2642 4559 2912 4622 Παῦλον,
2947 4559 3182 4624 ἔσυραν
3209 4557 3326 4620 ἔξω
3367 4556 3480 4624 τῆς
3511 4559 3767 4622 πόλεως.

2086 4647 2353 4705 Ἐνταῦθα
2381 4647 2684 4718 πληροῦται
2714 4648 2796 4710 τὸ,
2847 4645 3042 4716 Ἀρκεῖ
3078 4661 3180 4699 σοι
3233 4645 3271 4712 ἢ
3317 4645 3492 4714 χάρις
3523 4660 3670 4714 μου’
3729 4648 3769 4713 ἡ

2073 4739 2184 4808 γὰρ
2230 4737 2486 4805 δύναμίς
2523 4753 2644 4805 μου
2696 4736 2767 4789 ἐν
2811 4735 3096 4802 ἀσθενείᾳ
3153 4735 3509 4789 τελειοῦται.
3569 4733 3773 4798 Μεῖζον

2073 4825 2232 4879 τοῦτο
2267 4824 2362 4878 τοῦ
2406 4827 2498 4876 τὸν
2556 4823 2728 4894 χωλὸν
2768 4825 3001 4894 ἐγεῖραι.
3058 4824 3121 4876 Ol
3187 4822 3286 4891 μὲν
3336 4819 3429 4876 οὖν
3467 4823 3670 4876 ἐθνικοὶ
3698 4823 3775 4887 ὼς

2077 4913 2233 4977 θεοὺς
2267 4912 2538 4983 ἐνόμιζον,
2561 4904 2707 4964 οῦτοι
2737 4912 2794 4964 δὲ
2841 4911 3033 4978 έσυρον
3066 4911 3358 4974 πείσαντες
3397 4912 3527 4974 τοὺς
3548 4911 3738 4981 ὀχλους
3759 4928 3772 4941 ·

2077 5002 2200 5073 οὐδε
2228 5002 2337 5070 γὰρ
2371 5000 2581 5062 πάντας
2619 5000 2765 5061 είκὸς
2789 4995 2858 5069 ἦν
2896 4998 3199 5068 θαυμάζειν
3234 4998 3453 5061 αὐτούς.
3507 5000 3618 5052 Καὶ
3649 5000 3776 5068 ὅρα,

2078 5092 2138 5145 ὲν
2183 5090 2320 5160 αὐτῇ
2351 5091 2417 5160 τῇ
2445 5087 2622 5149 πόλει,
2657 5089 2715 5140 ὲν
2822 5085 2997 5149 οὕτως
3055 5085 3503 5156 ἐθαυμάσθησαν,
3543 5088 3601 5140 ὲν
3636 5088 3775 5158 αὐτῇ

2075 5179 2145 5232 τά
2177 5177 2326 5231 δεινά
2355 5179 2646 5246 πάσχουσι.
2685 5176 2796 5228 Καὶ
2819 5173 2978 5227 τοῦτο
3025 5173 3082 5226 δὲ
3112 5175 3240 5237 τοὺς
3276 5172 3519 5245 ὁρῶντας
3548 5174 3776 5243 ὠφέλει.

2080 5265 2204 5319 Ὅτι
2251 5263 2310 5316 δὲ
2366 5263 2462 5316 καὶ
2512 5262 2600 5315 διὰ
2657 5261 2818 5316 τοῦτο
2873 5264 3234 5332 συνεχωρεῖτο
3301 5262 3555 5332 πάσχειν,
3610 5263 3777 5317 ἄκουε

2078 5351 2238 5406 τοῦτο
2265 5351 2397 5404 αὐτὸ
2425 5349 2714 5421 δηλοῦντος
2749 5351 2844 5404 καὶ
2869 5349 3153 5417 λέγοντος·
3190 5352 3324 5404 Ἵνα
3361 5349 3449 5420 μὴ
3476 5353 3564 5417 εὶς
3597 5351 3622 5388 δ
3673 5353 3780 5420 ἐμὲ

2080 5437 2406 5510 λογίσηται
2457 5455 2550 5503 τις
2593 5438 2748 5506 ὑπὲρ
2801 5436 2834 5490 ὃ
2883 5436 3106 5501 βλέπει
3149 5454 3247 5507 με,
3280 5437 3319 5501 ἢ
3375 5438 3582 5492 ἀκούει
3611 5455 3666 5491 τι
3709 5439 3780 5503 ἐξ

2084 5528 2232 5599 ἐμοῦ
2243 5569 2257 5583 .

2154 5612 2617 5671 κυκλωσάντων
2646 5612 2715 5666 δὲ
2764 5611 2886 5666 τῶν
2925 5611 3212 5682 μαθητῶν
3257 5614 3466 5680 αὑτὸν,
3511 5612 3784 5680 ἀναστὰς

2082 5704 2372 5772 εισῆλθεν
2402 5704 2491 5768 είς
2518 5701 2635 5770 τὴν
2666 5702 2868 5756 πόλιν.
2903 5700 3057 5774 [ειν]
3092 5703 3254 5773 Ὁρᾷς
3285 5701 3628 5772 προθυμίαν;
3652 5704 3784 5772 ὁρᾷς

2084 5793 2252 5848 πόθον
2292 5793 2484 5857 ζέοντα
2516 5790 2613 5845 καὶ
2666 5790 3100 5861 πεπυρωμένον;
3148 5792 3244 5855 Είς
3269 5791 3440 5860 αὐτὴν
3489 5791 3653 5845 πάλιν
3685 5791 3785 5860 τὴν

2089 5882 2244 5936 πόλιν
2272 5879 2543 5952 εἰσῆλθεν,
2575 5877 2716 5932 ὥστε
2745 5878 3046 5949 δειχθῆναι,
3073 5879 3156 5932 ὅτι
3192 5879 3245 5933 εί
3289 5896 3391 5934 που
3425 5880 3520 5934 καὶ
3570 5878 3782 5949 ὑπεχώ-

2158 6049 2185 6091 δ
2214 6050 2314 6101 Alii
2349 6051 2539 6110 ὠφέλει.
2566 6051 2645 6098 Mi.
2669 6050 2745 6096 ἶνα
2769 6048 2846 6102 εἰς.
