  <div class='ocr_page' id='page_1' title='image "/cluster/home/n/w/nwhite01/storage/ocr_20150623/60/uva.x004246612/236.png"; bbox 0 0 4082 6528; ppageno 0'>
   <div class='ocr_carea' id='block_1_1' title="bbox 239 500 341 555">
    <p class='ocr_par' dir='ltr' id='par_1_1' title="bbox 239 500 341 555">
     <span class='ocr_line' id='line_1_1' title="bbox 239 500 341 555; baseline -0.02 0"><span class='ocrx_word' id='word_1_1' title='bbox 239 500 341 555; x_wconf 65' lang='grc' dir='ltr'><strong>εςει</strong></span> 
     </span>
    </p>
   </div>
   <div class='ocr_carea' id='block_1_2' title="bbox 244 605 1836 672">
    <p class='ocr_par' dir='ltr' id='par_1_2' title="bbox 244 605 1836 672">
     <span class='ocr_line' id='line_1_2' title="bbox 244 605 1836 672; baseline -0.006 -3"><span class='ocrx_word' id='word_1_2' title='bbox 244 615 413 670; x_wconf 76' lang='lat' dir='ltr'><strong>vmen‘</strong></span> <span class='ocrx_word' id='word_1_3' title='bbox 437 613 765 671; x_wconf 76' lang='lat' dir='ltr'><strong>desiderium</strong></span> <span class='ocrx_word' id='word_1_4' title='bbox 799 613 1012 672; x_wconf 78' lang='lat' dir='ltr'><strong>fervens</strong></span> <span class='ocrx_word' id='word_1_5' title='bbox 1040 622 1096 670; x_wconf 88' lang='lat' dir='ltr'><strong>et</strong></span> <span class='ocrx_word' id='word_1_6' title='bbox 1120 608 1449 669; x_wconf 80' lang='lat' dir='ltr'><strong>accensum?</strong></span> <span class='ocrx_word' id='word_1_7' title='bbox 1491 608 1550 666; x_wconf 89' lang='lat' dir='ltr'><strong>ln</strong></span> <span class='ocrx_word' id='word_1_8' title='bbox 1588 605 1836 664; x_wconf 79' lang='lat' dir='ltr'><strong>eamdem</strong></span> 
     </span>
    </p>
   </div>
   <div class='ocr_carea' id='block_1_3' title="bbox 238 702 1837 775">
    <p class='ocr_par' dir='ltr' id='par_1_3' title="bbox 238 702 1837 775">
     <span class='ocr_line' id='line_1_3' title="bbox 238 702 1837 775; baseline -0.005 -14"><span class='ocrx_word' id='word_1_9' title='bbox 238 721 422 761; x_wconf 77' lang='lat' dir='ltr'><strong>rursus</strong></span> <span class='ocrx_word' id='word_1_10' title='bbox 470 707 692 763; x_wconf 85' lang='lat' dir='ltr'><strong>intravit</strong></span> <span class='ocrx_word' id='word_1_11' title='bbox 745 708 1018 765; x_wconf 81' lang='lat' dir='ltr'><strong>civitatem</strong></span> <span class='ocrx_word' id='word_1_12' title='bbox 1041 749 1059 775; x_wconf 92' lang='lat'><strong>,</strong></span> <span class='ocrx_word' id='word_1_13' title='bbox 1098 716 1164 762; x_wconf 87' lang='lat' dir='ltr'><strong>ut</strong></span> <span class='ocrx_word' id='word_1_14' title='bbox 1202 704 1579 761; x_wconf 73' lang='lat' dir='ltr'><strong>ostenderetur</strong></span> <span class='ocrx_word' id='word_1_15' title='bbox 1620 702 1795 772; x_wconf 89' lang='lat' dir='ltr'><strong>ipsum</strong></span> <span class='ocrx_word' id='word_1_16' title='bbox 1820 738 1837 764; x_wconf 95' lang='lat'><strong>,</strong></span> 
     </span>
    </p>
   </div>
   <div class='ocr_carea' id='block_1_4' title="bbox 238 792 1840 871">
    <p class='ocr_par' dir='ltr' id='par_1_4' title="bbox 238 792 1840 871">
     <span class='ocr_line' id='line_1_4' title="bbox 238 792 1840 871; baseline -0.004 -18"><span class='ocrx_word' id='word_1_17' title='bbox 238 799 405 854; x_wconf 85' lang='lat' dir='ltr'><strong>sicubi</strong></span> <span class='ocrx_word' id='word_1_18' title='bbox 448 801 695 869; x_wconf 87' lang='lat' dir='ltr'><strong>recessit,</strong></span> <span class='ocrx_word' id='word_1_19' title='bbox 728 800 783 857; x_wconf 92' lang='lat' dir='ltr'><strong>id</strong></span> <span class='ocrx_word' id='word_1_20' title='bbox 814 801 1024 865; x_wconf 84' lang='lat' dir='ltr'><strong>fecisse,</strong></span> <span class='ocrx_word' id='word_1_21' title='bbox 1068 799 1211 871; x_wconf 90' lang='lat' dir='ltr'><strong>quod</strong></span> <span class='ocrx_word' id='word_1_22' title='bbox 1230 798 1401 854; x_wconf 80' lang='lat' dir='ltr'><strong>vellet</strong></span> <span class='ocrx_word' id='word_1_23' title='bbox 1440 795 1668 852; x_wconf 79' lang='lat' dir='ltr'><strong>verbum</strong></span> <span class='ocrx_word' id='word_1_24' title='bbox 1697 792 1840 847; x_wconf 86' lang='lat' dir='ltr'><strong>inse-</strong></span> 
     </span>
    </p>
   </div>
   <div class='ocr_carea' id='block_1_5' title="bbox 241 884 1841 966">
    <p class='ocr_par' dir='ltr' id='par_1_5' title="bbox 241 884 1841 966">
     <span class='ocr_line' id='line_1_5' title="bbox 241 884 1841 966; baseline -0.004 -19"><span class='ocrx_word' id='word_1_25' title='bbox 241 906 376 955; x_wconf 83' lang='lat' dir='ltr'><strong>rere.</strong></span> <span class='ocrx_word' id='word_1_26' title='bbox 408 901 465 949; x_wconf 87' lang='lat' dir='ltr'><strong>et</strong></span> <span class='ocrx_word' id='word_1_27' title='bbox 482 895 627 966; x_wconf 89' lang='lat' dir='ltr'><strong>quod</strong></span> <span class='ocrx_word' id='word_1_28' title='bbox 656 911 763 950; x_wconf 90' lang='lat' dir='ltr'><strong>non</strong></span> <span class='ocrx_word' id='word_1_29' title='bbox 786 905 1059 965; x_wconf 88' lang='lat' dir='ltr'><strong>oporteret</strong></span> <span class='ocrx_word' id='word_1_30' title='bbox 1092 884 1573 949; x_wconf 18' lang='lat' dir='ltr'><strong>furorent‘illorum</strong></span> <span class='ocrx_word' id='word_1_31' title='bbox 1615 902 1841 944; x_wconf 80' lang='lat' dir='ltr'><strong>succen-</strong></span> 
     </span>
    </p>
   </div>
   <div class='ocr_carea' id='block_1_6' title="bbox 240 981 1842 1063">
    <p class='ocr_par' dir='ltr' id='par_1_6' title="bbox 240 981 1842 1063">
     <span class='ocr_line' id='line_1_6' title="bbox 240 981 1842 1063; baseline -0.002 -24"><span class='ocrx_word' id='word_1_32' title='bbox 240 985 386 1041; x_wconf 90' lang='lat' dir='ltr'><strong>dere.</strong></span> <span class='ocrx_word' id='word_1_33' title='bbox 416 985 549 1063; x_wconf 63' lang='lat' dir='ltr'><strong>Nec</strong></span> <span class='ocrx_word' id='word_1_34' title='bbox 584 1003 691 1044; x_wconf 90' lang='lat' dir='ltr'><strong>non</strong></span> <span class='ocrx_word' id='word_1_35' title='bbox 731 987 910 1043; x_wconf 90' lang='lat' dir='ltr'><strong>minus</strong></span> <span class='ocrx_word' id='word_1_36' title='bbox 949 1003 1110 1060; x_wconf 90' lang='lat' dir='ltr'><strong>quam</strong></span> <span class='ocrx_word' id='word_1_37' title='bbox 1158 985 1310 1057; x_wconf 84' lang='lat' dir='ltr'><strong>signa</strong></span> <span class='ocrx_word' id='word_1_38' title='bbox 1352 983 1677 1055; x_wconf 83' lang='lat' dir='ltr'><strong>conspicuos</strong></span> <span class='ocrx_word' id='word_1_39' title='bbox 1720 981 1842 1036; x_wconf 88' lang='lat' dir='ltr'><strong>illos</strong></span> 
     </span>
    </p>
   </div>
   <div class='ocr_carea' id='block_1_7' title="bbox 243 1076 1839 1152">
    <p class='ocr_par' dir='ltr' id='par_1_7' title="bbox 243 1076 1839 1152">
     <span class='ocr_line' id='line_1_7' title="bbox 243 1076 1839 1152; baseline -0.004 -19"><span class='ocrx_word' id='word_1_40' title='bbox 243 1077 572 1147; x_wconf 87' lang='lat' dir='ltr'><strong>reddebant,</strong></span> <span class='ocrx_word' id='word_1_41' title='bbox 613 1089 670 1136; x_wconf 91' lang='lat' dir='ltr'><strong>et</strong></span> <span class='ocrx_word' id='word_1_42' title='bbox 707 1078 883 1150; x_wconf 89' lang='lat' dir='ltr'><strong>majus</strong></span> <span class='ocrx_word' id='word_1_43' title='bbox 926 1078 1181 1152; x_wconf 76' lang='lat' dir='ltr'><strong>gaudium</strong></span> <span class='ocrx_word' id='word_1_44' title='bbox 1216 1078 1515 1150; x_wconf 77' lang='lat' dir='ltr'><strong>pariebant.</strong></span> <span class='ocrx_word' id='word_1_45' title='bbox 1564 1076 1839 1144; x_wconf 78' lang='lat' dir='ltr'><strong>Nusquam</strong></span> 
     </span>
    </p>
   </div>
   <div class='ocr_carea' id='block_1_8' title="bbox 240 1170 1841 1249">
    <p class='ocr_par' dir='ltr' id='par_1_8' title="bbox 240 1170 1841 1249">
     <span class='ocr_line' id='line_1_8' title="bbox 240 1170 1841 1249; baseline 0.001 -25"><span class='ocrx_word' id='word_1_46' title='bbox 240 1184 371 1226; x_wconf 87' lang='lat' dir='ltr'><strong>vero</strong></span> <span class='ocrx_word' id='word_1_47' title='bbox 407 1171 544 1249; x_wconf 83' lang='lat' dir='ltr'><strong>dicit</strong></span> <span class='ocrx_word' id='word_1_48' title='bbox 568 1174 715 1244; x_wconf 87' lang='lat' dir='ltr'><strong>ipsos</strong></span> <span class='ocrx_word' id='word_1_49' title='bbox 742 1188 990 1230; x_wconf 85' lang='lat' dir='ltr'><strong>reversos</strong></span> <span class='ocrx_word' id='word_1_50' title='bbox 1026 1189 1169 1242; x_wconf 88' lang='lat' dir='ltr'><strong>esse,</strong></span> <span class='ocrx_word' id='word_1_51' title='bbox 1200 1173 1496 1245; x_wconf 76' lang='lat' dir='ltr'><strong>gaudentes</strong></span> <span class='ocrx_word' id='word_1_52' title='bbox 1517 1170 1661 1242; x_wconf 89' lang='lat' dir='ltr'><strong>quod</strong></span> <span class='ocrx_word' id='word_1_53' title='bbox 1689 1170 1841 1240; x_wconf 80' lang='lat' dir='ltr'><strong>signa</strong></span> 
     </span>
    </p>
   </div>
   <div class='ocr_carea' id='block_1_9' title="bbox 240 1261 1842 1339">
    <p class='ocr_par' dir='ltr' id='par_1_9' title="bbox 240 1261 1842 1339">
     <span class='ocr_line' id='line_1_9' title="bbox 240 1261 1842 1339; baseline 0 -22"><span class='ocrx_word' id='word_1_54' title='bbox 240 1261 522 1334; x_wconf 75' lang='lat' dir='ltr'><strong>fecissent,</strong></span> <span class='ocrx_word' id='word_1_55' title='bbox 548 1266 645 1323; x_wconf 88' lang='lat' dir='ltr'><strong>sed</strong></span> <span class='ocrx_word' id='word_1_56' title='bbox 675 1266 818 1338; x_wconf 84' lang='lat' dir='ltr'><strong>quod</strong></span> <span class='ocrx_word' id='word_1_57' title='bbox 860 1266 1009 1339; x_wconf 83' lang='lat' dir='ltr'><strong>digni</strong></span> <span class='ocrx_word' id='word_1_58' title='bbox 1036 1267 1203 1322; x_wconf 82' lang='lat' dir='ltr'><strong>habiti</strong></span> <span class='ocrx_word' id='word_1_59' title='bbox 1246 1264 1599 1336; x_wconf 66' lang='lat' dir='ltr'><strong>fnissent&#39;pro</strong></span> <span class='ocrx_word' id='word_1_60' title='bbox 1624 1264 1842 1319; x_wconf 89' lang='lat' dir='ltr'><strong>nomine</strong></span> 
     </span>
    </p>
   </div>
   <div class='ocr_carea' id='block_1_10' title="bbox 239 1342 1840 1430">
    <p class='ocr_par' dir='ltr' id='par_1_10' title="bbox 239 1342 1840 1430">
     <span class='ocr_line' id='line_1_10' title="bbox 239 1342 1840 1430; baseline -0.001 -18"><span class='ocrx_word' id='word_1_61' title='bbox 239 1354 351 1425; x_wconf 85' lang='lat' dir='ltr'><strong>ejus</strong></span> <span class='ocrx_word' id='word_1_62' title='bbox 390 1359 775 1415; x_wconf 81' lang='lat' dir='ltr'><strong>contumeliam</strong></span> <span class='ocrx_word' id='word_1_63' title='bbox 821 1360 934 1430; x_wconf 89' lang='lat' dir='ltr'><strong>pati</strong></span> <span class='ocrx_word' id='word_1_64' title='bbox 964 1380 977 1416; x_wconf 93' lang='lat'>:</span> <span class='ocrx_word' id='word_1_65' title='bbox 1008 1376 1129 1415; x_wconf 91' lang='lat' dir='ltr'><strong>nam</strong></span> <span class='ocrx_word' id='word_1_66' title='bbox 1156 1370 1213 1417; x_wconf 90' lang='lat' dir='ltr'><strong>et</strong></span> <span class='ocrx_word' id='word_1_67' title='bbox 1236 1342 1397 1415; x_wconf 79' lang='lat' dir='ltr'><strong>hoca</strong></span> <span class='ocrx_word' id='word_1_68' title='bbox 1425 1358 1639 1415; x_wconf 85' lang='lat' dir='ltr'><strong>Christo</strong></span> <span class='ocrx_word' id='word_1_69' title='bbox 1662 1356 1840 1412; x_wconf 88' lang='lat' dir='ltr'><strong>edocti</strong></span> 
     </span>
    </p>
   </div>
   <div class='ocr_carea' id='block_1_11' title="bbox 240 1448 1842 1526">
    <p class='ocr_par' dir='ltr' id='par_1_11' title="bbox 240 1448 1842 1526">
     <span class='ocr_line' id='line_1_11' title="bbox 240 1448 1842 1526; baseline 0.001 -25"><span class='ocrx_word' id='word_1_70' title='bbox 240 1449 453 1505; x_wconf 79' lang='lat' dir='ltr'><strong>fuerant</strong></span> <span class='ocrx_word' id='word_1_71' title='bbox 479 1451 693 1508; x_wconf 80' lang='lat' dir='ltr'><strong>dicente</strong></span> <span class='ocrx_word' id='word_1_72' title='bbox 723 1470 736 1506; x_wconf 91' lang='lat'><strong>:</strong></span> <span class='ocrx_word' id='word_1_73' title='bbox 771 1452 947 1507; x_wconf 81' lang='lat' dir='ltr'><strong>Nolite</strong></span> <span class='ocrx_word' id='word_1_74' title='bbox 970 1452 1194 1526; x_wconf 87' lang='lat' dir='ltr'><strong>gaudere</strong></span> <span class='ocrx_word' id='word_1_75' title='bbox 1213 1495 1228 1521; x_wconf 90' lang='lat'><strong>,</strong></span> <span class='ocrx_word' id='word_1_76' title='bbox 1260 1454 1383 1524; x_wconf 87' lang='lat' dir='ltr'><strong>quia</strong></span> <span class='ocrx_word' id='word_1_77' title='bbox 1413 1450 1674 1506; x_wconf 68' lang='lat' dir='ltr'><strong>daemonia</strong></span> <span class='ocrx_word' id='word_1_78' title='bbox 1703 1448 1842 1503; x_wconf 78' lang='lat' dir='ltr'><strong>vobis</strong></span> 
     </span>
    </p>
   </div>
   <div class='ocr_carea' id='block_1_12' title="bbox 238 1540 1844 1617">
    <p class='ocr_par' dir='ltr' id='par_1_12' title="bbox 238 1540 1844 1617">
     <span class='ocr_line' id='line_1_12' title="bbox 238 1540 1844 1617; baseline 0.001 -23"><span class='ocrx_word' id='word_1_79' title='bbox 238 1540 577 1612; x_wconf 68' lang='lat' dir='ltr'><strong>subjiciuntur</strong></span> <span class='ocrx_word' id='word_1_80' title='bbox 597 1544 747 1617; x_wconf 86' lang='lat' dir='ltr'><strong>(Luc.</strong></span> <span class='ocrx_word' id='word_1_81' title='bbox 768 1545 856 1602; x_wconf 74' lang='lat' dir='ltr'><strong>to.</strong></span> <span class='ocrx_word' id='word_1_82' title='bbox 889 1545 1003 1615; x_wconf 72' lang='lat'><strong>20).</strong></span> <span class='ocrx_word' id='word_1_83' title='bbox 1022 1544 1219 1601; x_wconf 82' lang='lat' dir='ltr'><strong>Verum</strong></span> <span class='ocrx_word' id='word_1_84' title='bbox 1256 1546 1399 1601; x_wconf 90' lang='lat' dir='ltr'><strong>enim</strong></span> <span class='ocrx_word' id='word_1_85' title='bbox 1421 1545 1690 1599; x_wconf 89' lang='lat' dir='ltr'><strong>sincerum</strong></span> <span class='ocrx_word' id='word_1_86' title='bbox 1713 1558 1844 1612; x_wconf 81' lang='lat' dir='ltr'><strong>gau-</strong></span> 
     </span>
    </p>
   </div>
   <div class='ocr_carea' id='block_1_13' title="bbox 241 1633 1850 1709">
    <p class='ocr_par' dir='ltr' id='par_1_13' title="bbox 241 1633 1850 1709">
     <span class='ocr_line' id='line_1_13' title="bbox 241 1633 1850 1709; baseline 0.001 -22"><span class='ocrx_word' id='word_1_87' title='bbox 241 1633 385 1688; x_wconf 87' lang='lat' dir='ltr'><strong>dium</strong></span> <span class='ocrx_word' id='word_1_88' title='bbox 431 1635 538 1693; x_wconf 88' lang='lat' dir='ltr'><strong>hoc</strong></span> <span class='ocrx_word' id='word_1_89' title='bbox 580 1646 693 1701; x_wconf 87' lang='lat' dir='ltr'><strong>est,</strong></span> <span class='ocrx_word' id='word_1_90' title='bbox 738 1638 938 1709; x_wconf 89' lang='lat' dir='ltr'><strong>aliquid</strong></span> <span class='ocrx_word' id='word_1_91' title='bbox 978 1640 1087 1709; x_wconf 85' lang='lat' dir='ltr'><strong>pati</strong></span> <span class='ocrx_word' id='word_1_92' title='bbox 1127 1653 1226 1709; x_wconf 90' lang='lat' dir='ltr'><strong>pro</strong></span> <span class='ocrx_word' id='word_1_93' title='bbox 1259 1636 1497 1693; x_wconf 87' lang='lat' dir='ltr'><strong>Christo.</strong></span> <span class='ocrx_word' id='word_1_94' title='bbox 1540 1635 1745 1691; x_wconf 87' lang='lat' dir='ltr'><strong>Deinde</strong></span> <span class='ocrx_word' id='word_1_95' title='bbox 1788 1636 1850 1706; x_wconf 26' lang='lat' dir='ltr'><strong>in.</strong></span> 
     </span>
    </p>
   </div>
   <div class='ocr_carea' id='block_1_14' title="bbox 239 1729 1841 1804">
    <p class='ocr_par' dir='ltr' id='par_1_14' title="bbox 239 1729 1841 1804">
     <span class='ocr_line' id='line_1_14' title="bbox 239 1729 1841 1804; baseline 0.003 -23"><span class='ocrx_word' id='word_1_96' title='bbox 239 1729 486 1786; x_wconf 71' lang='lat' dir='ltr'><strong>civitates</strong></span> <span class='ocrx_word' id='word_1_97' title='bbox 514 1731 631 1787; x_wconf 90' lang='lat' dir='ltr'><strong>illas</strong></span> <span class='ocrx_word' id='word_1_98' title='bbox 669 1747 861 1788; x_wconf 90' lang='lat' dir='ltr'><strong>omnes</strong></span> <span class='ocrx_word' id='word_1_99' title='bbox 903 1742 1186 1797; x_wconf 89' lang='lat' dir='ltr'><strong>venerunt,</strong></span> <span class='ocrx_word' id='word_1_100' title='bbox 1229 1733 1285 1789; x_wconf 92' lang='lat' dir='ltr'><strong>in</strong></span> <span class='ocrx_word' id='word_1_101' title='bbox 1318 1733 1514 1804; x_wconf 85' lang='lat' dir='ltr'><strong>quibus</strong></span> <span class='ocrx_word' id='word_1_102' title='bbox 1556 1732 1841 1804; x_wconf 80' lang='lat' dir='ltr'><strong>periclitati</strong></span> 
     </span>
    </p>
   </div>
   <div class='ocr_carea' id='block_1_15' title="bbox 241 1820 1843 1896">
    <p class='ocr_par' dir='ltr' id='par_1_15' title="bbox 241 1820 1843 1896">
     <span class='ocr_line' id='line_1_15' title="bbox 241 1820 1843 1896; baseline 0.003 -24"><span class='ocrx_word' id='word_1_103' title='bbox 241 1820 469 1877; x_wconf 73' lang='lat' dir='ltr'><strong>fuerant.</strong></span> <span class='ocrx_word' id='word_1_104' title='bbox 502 1822 571 1877; x_wconf 85' lang='lat' dir='ltr'><strong>Et</strong></span> <span class='ocrx_word' id='word_1_105' title='bbox 603 1836 802 1891; x_wconf 85' lang='lat' dir='ltr'><strong>postera</strong></span> <span class='ocrx_word' id='word_1_106' title='bbox 828 1825 934 1880; x_wconf 76' lang='lat' dir='ltr'><strong>die.</strong></span> <span class='ocrx_word' id='word_1_107' title='bbox 957 1828 1213 1896; x_wconf 82' lang='lat' dir='ltr'><strong>profectus</strong></span> <span class='ocrx_word' id='word_1_108' title='bbox 1255 1834 1344 1881; x_wconf 70' lang='lat' dir='ltr'><strong>est.</strong></span> <span class='ocrx_word' id='word_1_109' title='bbox 1363 1840 1479 1878; x_wconf 82' lang='lat' dir='ltr'><strong>cum</strong></span> <span class='ocrx_word' id='word_1_110' title='bbox 1520 1822 1760 1877; x_wconf 85' lang='lat' dir='ltr'><strong>Barnaba</strong></span> <span class='ocrx_word' id='word_1_111' title='bbox 1789 1824 1843 1877; x_wconf 89' lang='lat' dir='ltr'><strong>in</strong></span> 
     </span>
    </p>
   </div>
   <div class='ocr_carea' id='block_1_16' title="bbox 241 1910 1845 1989">
    <p class='ocr_par' dir='ltr' id='par_1_16' title="bbox 241 1910 1845 1989">
     <span class='ocr_line' id='line_1_16' title="bbox 241 1910 1845 1989; baseline 0.004 -23"><span class='ocrx_word' id='word_1_112' title='bbox 241 1910 461 1973; x_wconf 87' lang='lat' dir='ltr'><strong>Derben.</strong></span> <span class='ocrx_word' id='word_1_113' title='bbox 478 1915 571 1974; x_wconf 73' lang='lat'><strong>20.</strong></span> <span class='ocrx_word' id='word_1_114' title='bbox 588 1916 811 1987; x_wconf 83' lang='lat' dir='ltr'><strong>Cumque</strong></span> <span class='ocrx_word' id='word_1_115' title='bbox 826 1919 1252 1989; x_wconf 77' lang='lat' dir='ltr'><strong>evangelisassent</strong></span> <span class='ocrx_word' id='word_1_116' title='bbox 1262 1918 1452 1973; x_wconf 76' lang='lat' dir='ltr'><strong>civitati</strong></span> <span class='ocrx_word' id='word_1_117' title='bbox 1467 1918 1565 1984; x_wconf 91' lang='lat' dir='ltr'><strong>illi,</strong></span> <span class='ocrx_word' id='word_1_118' title='bbox 1582 1929 1629 1972; x_wconf 90' lang='lat' dir='ltr'><strong>et</strong></span> <span class='ocrx_word' id='word_1_119' title='bbox 1642 1919 1845 1972; x_wconf 82' lang='lat' dir='ltr'><strong>docuis-</strong></span> 
     </span>
    </p>
   </div>
   <div class='ocr_carea' id='block_1_17' title="bbox 240 2009 1841 2083">
    <p class='ocr_par' dir='ltr' id='par_1_17' title="bbox 240 2009 1841 2083">
     <span class='ocr_line' id='line_1_17' title="bbox 240 2009 1841 2083; baseline 0.001 -21"><span class='ocrx_word' id='word_1_120' title='bbox 240 2020 344 2062; x_wconf 88' lang='lat' dir='ltr'><strong>sent</strong></span> <span class='ocrx_word' id='word_1_121' title='bbox 374 2011 582 2075; x_wconf 84' lang='lat' dir='ltr'><strong>multos,</strong></span> <span class='ocrx_word' id='word_1_122' title='bbox 622 2012 807 2066; x_wconf 78' lang='lat' dir='ltr'><strong>reversi</strong></span> <span class='ocrx_word' id='word_1_123' title='bbox 832 2020 952 2066; x_wconf 90' lang='lat' dir='ltr'><strong>sunt</strong></span> <span class='ocrx_word' id='word_1_124' title='bbox 980 2010 1223 2083; x_wconf 84' lang='lat' dir='ltr'><strong>Lystram</strong></span> <span class='ocrx_word' id='word_1_125' title='bbox 1249 2021 1298 2065; x_wconf 87' lang='lat' dir='ltr'><strong>et</strong></span> <span class='ocrx_word' id='word_1_126' title='bbox 1320 2009 1559 2065; x_wconf 81' lang='lat' dir='ltr'><strong>Iconium</strong></span> <span class='ocrx_word' id='word_1_127' title='bbox 1581 2021 1629 2065; x_wconf 86' lang='lat' dir='ltr'><strong>et</strong></span> <span class='ocrx_word' id='word_1_128' title='bbox 1659 2011 1841 2063; x_wconf 81' lang='lat' dir='ltr'><strong>Antio-</strong></span> 
     </span>
    </p>
   </div>
   <div class='ocr_carea' id='block_1_18' title="bbox 239 2100 1840 2173">
    <p class='ocr_par' dir='ltr' id='par_1_18' title="bbox 239 2100 1840 2173">
     <span class='ocr_line' id='line_1_18' title="bbox 239 2100 1840 2173; baseline 0.003 -22"><span class='ocrx_word' id='word_1_129' title='bbox 239 2101 426 2169; x_wconf 83' lang='lat' dir='ltr'><strong>chiam,</strong></span> <span class='ocrx_word' id='word_1_130' title='bbox 449 2100 543 2157; x_wconf 75' lang='lat'><strong>2|.</strong></span> <span class='ocrx_word' id='word_1_131' title='bbox 571 2104 933 2173; x_wconf 78' lang='lat' dir='ltr'><strong>conﬁrmantes</strong></span> <span class='ocrx_word' id='word_1_132' title='bbox 971 2105 1170 2159; x_wconf 82' lang='lat' dir='ltr'><strong>animas</strong></span> <span class='ocrx_word' id='word_1_133' title='bbox 1212 2103 1605 2173; x_wconf 83' lang='lat' dir='ltr'><strong>discipulorum,</strong></span> <span class='ocrx_word' id='word_1_134' title='bbox 1651 2105 1840 2158; x_wconf 68' lang='lat' dir='ltr'><strong>exhor-</strong></span> 
     </span>
    </p>
   </div>
   <div class='ocr_carea' id='block_1_19' title="bbox 242 2195 1843 2266">
    <p class='ocr_par' dir='ltr' id='par_1_19' title="bbox 242 2195 1843 2266">
     <span class='ocr_line' id='line_1_19' title="bbox 242 2195 1843 2266; baseline 0.003 -22"><span class='ocrx_word' id='word_1_135' title='bbox 242 2201 506 2265; x_wconf 83' lang='lat' dir='ltr'><strong>tantesque</strong></span> <span class='ocrx_word' id='word_1_136' title='bbox 548 2206 604 2249; x_wconf 87' lang='lat' dir='ltr'><strong>ut</strong></span> <span class='ocrx_word' id='word_1_137' title='bbox 648 2206 997 2263; x_wconf 77' lang='lat' dir='ltr'><strong>permanerent</strong></span> <span class='ocrx_word' id='word_1_138' title='bbox 1030 2196 1085 2249; x_wconf 86' lang='lat' dir='ltr'><strong>in</strong></span> <span class='ocrx_word' id='word_1_139' title='bbox 1114 2196 1239 2266; x_wconf 77' lang='lat' dir='ltr'><strong>ﬁde,</strong></span> <span class='ocrx_word' id='word_1_140' title='bbox 1266 2206 1313 2249; x_wconf 88' lang='lat' dir='ltr'><strong>et</strong></span> <span class='ocrx_word' id='word_1_141' title='bbox 1358 2195 1496 2264; x_wconf 88' lang='lat' dir='ltr'><strong>quod</strong></span> <span class='ocrx_word' id='word_1_142' title='bbox 1526 2212 1616 2265; x_wconf 87' lang='lat' dir='ltr'><strong>per</strong></span> <span class='ocrx_word' id='word_1_143' title='bbox 1653 2198 1843 2250; x_wconf 87' lang='lat' dir='ltr'><strong>multas</strong></span> 
     </span>
    </p>
   </div>
   <div class='ocr_carea' id='block_1_20' title="bbox 243 2286 1598 2361">
    <p class='ocr_par' dir='ltr' id='par_1_20' title="bbox 243 2286 1598 2361">
     <span class='ocr_line' id='line_1_20' title="bbox 243 2286 1598 2361; baseline 0.003 -23"><span class='ocrx_word' id='word_1_144' title='bbox 243 2286 595 2343; x_wconf 88' lang='lat' dir='ltr'><strong>tribulationes</strong></span> <span class='ocrx_word' id='word_1_145' title='bbox 620 2299 816 2359; x_wconf 85' lang='lat' dir='ltr'><strong>oportet</strong></span> <span class='ocrx_word' id='word_1_146' title='bbox 842 2306 934 2345; x_wconf 86' lang='lat' dir='ltr'><strong>nos</strong></span> <span class='ocrx_word' id='word_1_147' title='bbox 961 2292 1221 2345; x_wconf 86' lang='lat' dir='ltr'><strong>intrarein</strong></span> <span class='ocrx_word' id='word_1_148' title='bbox 1248 2308 1459 2361; x_wconf 85' lang='lat' dir='ltr'><strong>regnum</strong></span> <span class='ocrx_word' id='word_1_149' title='bbox 1482 2290 1598 2345; x_wconf 88' lang='lat' dir='ltr'><strong>Dei.</strong></span> 
     </span>
    </p>
   </div>
   <div class='ocr_carea' id='block_1_21' title="bbox 308 2379 1837 2451">
    <p class='ocr_par' dir='ltr' id='par_1_21' title="bbox 308 2379 1837 2451">
     <span class='ocr_line' id='line_1_21' title="bbox 308 2379 1837 2451; baseline 0.001 -16"><span class='ocrx_word' id='word_1_150' title='bbox 308 2379 365 2435; x_wconf 75' lang='grc'><strong>2.</strong></span> <span class='ocrx_word' id='word_1_151' title='bbox 407 2380 521 2437; x_wconf 83' lang='lat' dir='ltr'><strong>Hoc</strong></span> <span class='ocrx_word' id='word_1_152' title='bbox 547 2381 826 2447; x_wconf 89' lang='lat' dir='ltr'><strong>dicebant,</strong></span> <span class='ocrx_word' id='word_1_153' title='bbox 862 2382 965 2438; x_wconf 88' lang='lat' dir='ltr'><strong>hoc</strong></span> <span class='ocrx_word' id='word_1_154' title='bbox 995 2382 1387 2437; x_wconf 83' lang='lat' dir='ltr'><strong>monstrabant.</strong></span> <span class='ocrx_word' id='word_1_155' title='bbox 1439 2381 1837 2451; x_wconf 77' lang='lat' dir='ltr'><strong>Conﬁrmantes,</strong></span> 
     </span>
    </p>
   </div>
   <div class='ocr_carea' id='block_1_22' title="bbox 242 2472 1837 2549">
    <p class='ocr_par' dir='ltr' id='par_1_22' title="bbox 242 2472 1837 2549">
     <span class='ocr_line' id='line_1_22' title="bbox 242 2472 1837 2549; baseline 0.001 -23"><span class='ocrx_word' id='word_1_156' title='bbox 242 2472 434 2543; x_wconf 84' lang='lat' dir='ltr'><strong>inquit,</strong></span> <span class='ocrx_word' id='word_1_157' title='bbox 462 2474 661 2529; x_wconf 86' lang='lat' dir='ltr'><strong>animos</strong></span> <span class='ocrx_word' id='word_1_158' title='bbox 688 2474 1079 2549; x_wconf 83' lang='lat' dir='ltr'><strong>discipulorum.</strong></span> <span class='ocrx_word' id='word_1_159' title='bbox 1128 2473 1315 2544; x_wconf 82' lang='lat' dir='ltr'><strong>Itaque</strong></span> <span class='ocrx_word' id='word_1_160' title='bbox 1345 2474 1649 2530; x_wconf 76' lang='lat' dir='ltr'><strong>confirmati</strong></span> <span class='ocrx_word' id='word_1_161' title='bbox 1678 2486 1837 2538; x_wconf 90' lang='lat' dir='ltr'><strong>sunt,</strong></span> 
     </span>
    </p>
   </div>
   <div class='ocr_carea' id='block_1_23' title="bbox 244 2564 1841 2637">
    <p class='ocr_par' dir='ltr' id='par_1_23' title="bbox 244 2564 1841 2637">
     <span class='ocr_line' id='line_1_23' title="bbox 244 2564 1841 2637; baseline 0.001 -19"><span class='ocrx_word' id='word_1_162' title='bbox 244 2564 350 2618; x_wconf 81' lang='lat' dir='ltr'><strong>into</strong></span> <span class='ocrx_word' id='word_1_163' title='bbox 375 2574 502 2620; x_wconf 90' lang='lat' dir='ltr'><strong>sunt</strong></span> <span class='ocrx_word' id='word_1_164' title='bbox 528 2567 779 2637; x_wconf 87' lang='lat' dir='ltr'><strong>appositi.</strong></span> <span class='ocrx_word' id='word_1_165' title='bbox 812 2565 1185 2621; x_wconf 76' lang='lat' dir='ltr'><strong>Przedicabant</strong></span> <span class='ocrx_word' id='word_1_166' title='bbox 1211 2581 1374 2637; x_wconf 88' lang='lat' dir='ltr'><strong>ergo,</strong></span> <span class='ocrx_word' id='word_1_167' title='bbox 1428 2580 1496 2621; x_wconf 85' lang='lat' dir='ltr'><strong>ne</strong></span> <span class='ocrx_word' id='word_1_168' title='bbox 1528 2567 1581 2620; x_wconf 92' lang='lat' dir='ltr'><strong>in</strong></span> <span class='ocrx_word' id='word_1_169' title='bbox 1608 2565 1841 2620; x_wconf 78' lang='lat' dir='ltr'><strong>oﬂ&#39;endi-</strong></span> 
     </span>
    </p>
   </div>
   <div class='ocr_carea' id='block_1_24' title="bbox 242 2658 1839 2728">
    <p class='ocr_par' dir='ltr' id='par_1_24' title="bbox 242 2658 1839 2728">
     <span class='ocr_line' id='line_1_24' title="bbox 242 2658 1839 2728; baseline 0 -16"><span class='ocrx_word' id='word_1_170' title='bbox 242 2658 421 2712; x_wconf 91' lang='lat' dir='ltr'><strong>culum</strong></span> <span class='ocrx_word' id='word_1_171' title='bbox 467 2659 741 2714; x_wconf 86' lang='lat' dir='ltr'><strong>caderent.</strong></span> <span class='ocrx_word' id='word_1_172' title='bbox 796 2658 866 2713; x_wconf 86' lang='lat' dir='ltr'><strong>Et</strong></span> <span class='ocrx_word' id='word_1_173' title='bbox 893 2659 1046 2728; x_wconf 89' lang='lat' dir='ltr'><strong>quasi</strong></span> <span class='ocrx_word' id='word_1_174' title='bbox 1090 2658 1159 2713; x_wconf 87' lang='lat' dir='ltr'><strong>de</strong></span> <span class='ocrx_word' id='word_1_175' title='bbox 1199 2658 1461 2713; x_wconf 82' lang='lat' dir='ltr'><strong>industria</strong></span> <span class='ocrx_word' id='word_1_176' title='bbox 1493 2658 1597 2712; x_wconf 88' lang='lat' dir='ltr'><strong>huc</strong></span> <span class='ocrx_word' id='word_1_177' title='bbox 1626 2659 1703 2725; x_wconf 90' lang='lat' dir='ltr'><strong>fit,</strong></span> <span class='ocrx_word' id='word_1_178' title='bbox 1734 2673 1839 2712; x_wconf 93' lang='lat' dir='ltr'><strong>non</strong></span> 
     </span>
    </p>
   </div>
   <div class='ocr_carea' id='block_1_25' title="bbox 245 2749 1844 2821">
    <p class='ocr_par' dir='ltr' id='par_1_25' title="bbox 245 2749 1844 2821">
     <span class='ocr_line' id='line_1_25' title="bbox 245 2749 1844 2821; baseline 0 -19"><span class='ocrx_word' id='word_1_179' title='bbox 245 2758 446 2804; x_wconf 86' lang='lat' dir='ltr'><strong>tantum</strong></span> <span class='ocrx_word' id='word_1_180' title='bbox 484 2765 582 2821; x_wconf 85' lang='lat' dir='ltr'><strong>per</strong></span> <span class='ocrx_word' id='word_1_181' title='bbox 627 2751 924 2821; x_wconf 80' lang='lat' dir='ltr'><strong>apostolos,</strong></span> <span class='ocrx_word' id='word_1_182' title='bbox 962 2750 1055 2805; x_wconf 87' lang='lat' dir='ltr'><strong>sed</strong></span> <span class='ocrx_word' id='word_1_183' title='bbox 1084 2753 1243 2804; x_wconf 83' lang='lat' dir='ltr'><strong>etiam</strong></span> <span class='ocrx_word' id='word_1_184' title='bbox 1278 2766 1374 2821; x_wconf 90' lang='lat' dir='ltr'><strong>per</strong></span> <span class='ocrx_word' id='word_1_185' title='bbox 1403 2749 1735 2818; x_wconf 81' lang='lat' dir='ltr'><strong>discipulos;</strong></span> <span class='ocrx_word' id='word_1_186' title='bbox 1785 2757 1844 2803; x_wconf 92' lang='lat' dir='ltr'><strong>ut</strong></span> 
     </span>
    </p>
   </div>
   <div class='ocr_carea' id='block_1_26' title="bbox 243 2838 1843 2915">
    <p class='ocr_par' dir='ltr' id='par_1_26' title="bbox 243 2838 1843 2915">
     <span class='ocr_line' id='line_1_26' title="bbox 243 2838 1843 2915; baseline 0.001 -22"><span class='ocrx_word' id='word_1_187' title='bbox 243 2838 451 2895; x_wconf 85' lang='lat' dir='ltr'><strong>discant</strong></span> <span class='ocrx_word' id='word_1_188' title='bbox 480 2844 671 2895; x_wconf 83' lang='lat' dir='ltr'><strong>statim</strong></span> <span class='ocrx_word' id='word_1_189' title='bbox 691 2842 759 2895; x_wconf 87' lang='lat' dir='ltr'><strong>ab</strong></span> <span class='ocrx_word' id='word_1_190' title='bbox 792 2842 944 2895; x_wconf 88' lang='lat' dir='ltr'><strong>initio</strong></span> <span class='ocrx_word' id='word_1_191' title='bbox 972 2852 1027 2896; x_wconf 90' lang='lat' dir='ltr'><strong>et</strong></span> <span class='ocrx_word' id='word_1_192' title='bbox 1050 2840 1446 2915; x_wconf 69' lang='lat' dir='ltr'><strong>pra-dicationis</strong></span> <span class='ocrx_word' id='word_1_193' title='bbox 1467 2842 1599 2903; x_wconf 88' lang='lat' dir='ltr'><strong>vim.</strong></span> <span class='ocrx_word' id='word_1_194' title='bbox 1621 2848 1678 2895; x_wconf 90' lang='lat' dir='ltr'><strong>et</strong></span> <span class='ocrx_word' id='word_1_195' title='bbox 1699 2841 1843 2910; x_wconf 87' lang='lat' dir='ltr'><strong>ipsos</strong></span> 
     </span>
    </p>
   </div>
   <div class='ocr_carea' id='block_1_27' title="bbox 244 2933 1845 3005">
    <p class='ocr_par' dir='ltr' id='par_1_27' title="bbox 244 2933 1845 3005">
     <span class='ocr_line' id='line_1_27' title="bbox 244 2933 1845 3005; baseline 0.001 -18"><span class='ocrx_word' id='word_1_196' title='bbox 244 2933 402 2987; x_wconf 83' lang='lat' dir='ltr'><strong>etiam</strong></span> <span class='ocrx_word' id='word_1_197' title='bbox 430 2944 685 3004; x_wconf 88' lang='lat' dir='ltr'><strong>oportere</strong></span> <span class='ocrx_word' id='word_1_198' title='bbox 714 2934 836 2988; x_wconf 86' lang='lat' dir='ltr'><strong>talia</strong></span> <span class='ocrx_word' id='word_1_199' title='bbox 878 2935 1022 3005; x_wconf 86' lang='lat' dir='ltr'><strong>pati;</strong></span> <span class='ocrx_word' id='word_1_200' title='bbox 1057 2944 1221 3003; x_wconf 88' lang='lat' dir='ltr'><strong>utque</strong></span> <span class='ocrx_word' id='word_1_201' title='bbox 1270 2935 1479 2989; x_wconf 88' lang='lat' dir='ltr'><strong>fortiter</strong></span> <span class='ocrx_word' id='word_1_202' title='bbox 1521 2944 1685 2997; x_wconf 87' lang='lat' dir='ltr'><strong>stent,</strong></span> <span class='ocrx_word' id='word_1_203' title='bbox 1735 2948 1845 2988; x_wconf 79' lang='lat' dir='ltr'><strong>non</strong></span> 
     </span>
    </p>
   </div>
   <div class='ocr_carea' id='block_1_28' title="bbox 243 3027 1839 3102">
    <p class='ocr_par' dir='ltr' id='par_1_28' title="bbox 243 3027 1839 3102">
     <span class='ocr_line' id='line_1_28' title="bbox 243 3027 1839 3102; baseline 0 -21"><span class='ocrx_word' id='word_1_204' title='bbox 243 3029 403 3081; x_wconf 82' lang='lat' dir='ltr'><strong>modo</strong></span> <span class='ocrx_word' id='word_1_205' title='bbox 433 3028 502 3081; x_wconf 90' lang='lat' dir='ltr'><strong>ad</strong></span> <span class='ocrx_word' id='word_1_206' title='bbox 531 3028 678 3100; x_wconf 86' lang='lat' dir='ltr'><strong>signa</strong></span> <span class='ocrx_word' id='word_1_207' title='bbox 710 3028 995 3092; x_wconf 90' lang='lat' dir='ltr'><strong>inhiantes,</strong></span> <span class='ocrx_word' id='word_1_208' title='bbox 1028 3028 1123 3084; x_wconf 89' lang='lat' dir='ltr'><strong>sed</strong></span> <span class='ocrx_word' id='word_1_209' title='bbox 1157 3029 1326 3083; x_wconf 90' lang='lat' dir='ltr'><strong>multo</strong></span> <span class='ocrx_word' id='word_1_210' title='bbox 1352 3028 1523 3098; x_wconf 81' lang='lat' dir='ltr'><strong>magis</strong></span> <span class='ocrx_word' id='word_1_211' title='bbox 1554 3027 1619 3081; x_wconf 89' lang='lat' dir='ltr'><strong>ad</strong></span> <span class='ocrx_word' id='word_1_212' title='bbox 1660 3037 1839 3102; x_wconf 68' lang='lat' dir='ltr'><strong>tenta-</strong></span> 
     </span>
    </p>
   </div>
   <div class='ocr_carea' id='block_1_29' title="bbox 245 3118 1841 3200">
    <p class='ocr_par' dir='ltr' id='par_1_29' title="bbox 245 3118 1841 3200">
     <span class='ocr_line' id='line_1_29' title="bbox 245 3118 1841 3200; baseline 0.001 -27"><span class='ocrx_word' id='word_1_213' title='bbox 245 3120 438 3175; x_wconf 86' lang='lat' dir='ltr'><strong>tiones.</strong></span> <span class='ocrx_word' id='word_1_214' title='bbox 476 3119 598 3174; x_wconf 91' lang='lat' dir='ltr'><strong>Ideo</strong></span> <span class='ocrx_word' id='word_1_215' title='bbox 625 3130 680 3175; x_wconf 90' lang='lat' dir='ltr'><strong>et</strong></span> <span class='ocrx_word' id='word_1_216' title='bbox 707 3121 821 3191; x_wconf 87' lang='lat' dir='ltr'><strong>ipse</strong></span> <span class='ocrx_word' id='word_1_217' title='bbox 849 3120 1103 3183; x_wconf 84' lang='lat' dir='ltr'><strong>dicebat;</strong></span> <span class='ocrx_word' id='word_1_218' title='bbox 1131 3118 1278 3175; x_wconf 81' lang='lat' dir='ltr'><strong>Idem</strong></span> <span class='ocrx_word' id='word_1_219' title='bbox 1298 3130 1551 3176; x_wconf 85' lang='lat' dir='ltr'><strong>certamen</strong></span> <span class='ocrx_word' id='word_1_220' title='bbox 1577 3120 1841 3200; x_wconf 73' lang='lat' dir='ltr'><strong>habentes,</strong></span> 
     </span>
    </p>
   </div>
   <div class='ocr_carea' id='block_1_30' title="bbox 244 3213 1840 3290">
    <p class='ocr_par' dir='ltr' id='par_1_30' title="bbox 244 3213 1840 3290">
     <span class='ocr_line' id='line_1_30' title="bbox 244 3213 1840 3290; baseline 0.001 -22"><span class='ocrx_word' id='word_1_221' title='bbox 244 3214 388 3280; x_wconf 82' lang='lat' dir='ltr'><strong>quale</strong></span> <span class='ocrx_word' id='word_1_222' title='bbox 433 3224 482 3267; x_wconf 90' lang='lat' dir='ltr'><strong>et</strong></span> <span class='ocrx_word' id='word_1_223' title='bbox 528 3214 724 3269; x_wconf 81' lang='lat' dir='ltr'><strong>vidistis</strong></span> <span class='ocrx_word' id='word_1_224' title='bbox 763 3215 817 3267; x_wconf 89' lang='lat' dir='ltr'><strong>in</strong></span> <span class='ocrx_word' id='word_1_225' title='bbox 852 3230 932 3268; x_wconf 86' lang='lat' dir='ltr'><strong>me</strong></span> <span class='ocrx_word' id='word_1_226' title='bbox 959 3224 1006 3267; x_wconf 88' lang='lat' dir='ltr'><strong>et</strong></span> <span class='ocrx_word' id='word_1_227' title='bbox 1032 3213 1311 3269; x_wconf 69' lang='lat' dir='ltr'><strong>exaudistis</strong></span> <span class='ocrx_word' id='word_1_228' title='bbox 1352 3213 1613 3287; x_wconf 80' lang='lat' dir='ltr'><strong>(Philipp.</strong></span> <span class='ocrx_word' id='word_1_229' title='bbox 1645 3216 1695 3268; x_wconf 85' lang='lat' dir='ltr'><strong>l.</strong></span> <span class='ocrx_word' id='word_1_230' title='bbox 1727 3213 1840 3290; x_wconf 78' lang='lat'><strong>&#39;50).</strong></span> 
     </span>
    </p>
   </div>
   <div class='ocr_carea' id='block_1_31' title="bbox 246 3303 1845 3377">
    <p class='ocr_par' dir='ltr' id='par_1_31' title="bbox 246 3303 1845 3377">
     <span class='ocr_line' id='line_1_31' title="bbox 246 3303 1845 3377; baseline 0 -17"><span class='ocrx_word' id='word_1_231' title='bbox 246 3303 694 3376; x_wconf 87' lang='lat' dir='ltr'><strong>Persequutioues</strong></span> <span class='ocrx_word' id='word_1_232' title='bbox 734 3304 1045 3373; x_wconf 88' lang='lat' dir='ltr'><strong>frequentes</strong></span> <span class='ocrx_word' id='word_1_233' title='bbox 1074 3313 1231 3360; x_wconf 89' lang='lat' dir='ltr'><strong>erant</strong></span> <span class='ocrx_word' id='word_1_234' title='bbox 1261 3323 1274 3359; x_wconf 89' lang='lat'><strong>:</strong></span> <span class='ocrx_word' id='word_1_235' title='bbox 1309 3305 1508 3376; x_wconf 90' lang='lat' dir='ltr'><strong>ubique</strong></span> <span class='ocrx_word' id='word_1_236' title='bbox 1540 3306 1713 3372; x_wconf 88' lang='lat' dir='ltr'><strong>bella,</strong></span> <span class='ocrx_word' id='word_1_237' title='bbox 1750 3322 1845 3377; x_wconf 88' lang='lat' dir='ltr'><strong>pu-</strong></span> 
     </span>
    </p>
   </div>
   <div class='ocr_carea' id='block_1_32' title="bbox 245 3397 1847 3468">
    <p class='ocr_par' dir='ltr' id='par_1_32' title="bbox 245 3397 1847 3468">
     <span class='ocr_line' id='line_1_32' title="bbox 245 3397 1847 3468; baseline 0.002 -18"><span class='ocrx_word' id='word_1_238' title='bbox 245 3412 383 3467; x_wconf 73' lang='lat' dir='ltr'><strong>gnte,</strong></span> <span class='ocrx_word' id='word_1_239' title='bbox 419 3397 799 3466; x_wconf 89' lang='lat' dir='ltr'><strong>lapidationes.</strong></span> <span class='ocrx_word' id='word_1_240' title='bbox 829 3398 1018 3464; x_wconf 78' lang='lat' dir='ltr'><strong>Qualis</strong></span> <span class='ocrx_word' id='word_1_241' title='bbox 1042 3398 1387 3453; x_wconf 81' lang='lat' dir='ltr'><strong>adhortatio?</strong></span> <span class='ocrx_word' id='word_1_242' title='bbox 1420 3398 1691 3468; x_wconf 90' lang='lat' dir='ltr'><strong>quomodo</strong></span> <span class='ocrx_word' id='word_1_243' title='bbox 1722 3415 1847 3468; x_wconf 83' lang='lat' dir='ltr'><strong>per-</strong></span> 
     </span>
    </p>
   </div>
   <div class='ocr_carea' id='block_1_33' title="bbox 246 3488 1849 3561">
    <p class='ocr_par' dir='ltr' id='par_1_33' title="bbox 246 3488 1849 3561">
     <span class='ocr_line' id='line_1_33' title="bbox 246 3488 1849 3561; baseline 0.001 -19"><span class='ocrx_word' id='word_1_244' title='bbox 246 3488 563 3554; x_wconf 72' lang='lat' dir='ltr'><strong>suadebunt,</strong></span> <span class='ocrx_word' id='word_1_245' title='bbox 593 3489 721 3544; x_wconf 89' lang='lat' dir='ltr'><strong>dum</strong></span> <span class='ocrx_word' id='word_1_246' title='bbox 754 3490 805 3544; x_wconf 90' lang='lat' dir='ltr'><strong>in</strong></span> <span class='ocrx_word' id='word_1_247' title='bbox 841 3491 1107 3561; x_wconf 90' lang='lat' dir='ltr'><strong>principio</strong></span> <span class='ocrx_word' id='word_1_248' title='bbox 1149 3490 1527 3545; x_wconf 82' lang='lat' dir='ltr'><strong>tribulationes</strong></span> <span class='ocrx_word' id='word_1_249' title='bbox 1566 3490 1849 3545; x_wconf 75' lang='lat' dir='ltr'><strong>dicerent?</strong></span> 
     </span>
    </p>
   </div>
   <div class='ocr_carea' id='block_1_34' title="bbox 220 3582 1879 3655">
    <p class='ocr_par' dir='ltr' id='par_1_34' title="bbox 220 3582 1879 3655">
     <span class='ocr_line' id='line_1_34' title="bbox 220 3582 1879 3655; baseline 0.002 -21"><span class='ocrx_word' id='word_1_250' title='bbox 220 3582 455 3655; x_wconf 56' lang='lat' dir='ltr'><strong>‘Deinde</strong></span> <span class='ocrx_word' id='word_1_251' title='bbox 476 3593 531 3638; x_wconf 91' lang='lat' dir='ltr'><strong>et</strong></span> <span class='ocrx_word' id='word_1_252' title='bbox 550 3583 651 3637; x_wconf 78' lang='lat' dir='ltr'><strong>alia</strong></span> <span class='ocrx_word' id='word_1_253' title='bbox 679 3584 1017 3655; x_wconf 84' lang='lat' dir='ltr'><strong>consolatio:</strong></span> <span class='ocrx_word' id='word_1_254' title='bbox 1047 3583 1137 3639; x_wconf 75' lang='lat'><strong>22.</strong></span> <span class='ocrx_word' id='word_1_255' title='bbox 1165 3582 1231 3638; x_wconf 85' lang='lat' dir='ltr'><strong>Et</strong></span> <span class='ocrx_word' id='word_1_256' title='bbox 1252 3582 1714 3639; x_wconf 81' lang='lat' dir='ltr'><strong>cunt‘ordinassent</strong></span> <span class='ocrx_word' id='word_1_257' title='bbox 1744 3584 1849 3640; x_wconf 85' lang='lat' dir='ltr'><strong>illis</strong></span> <span class='ocrx_word' id='word_1_258' title='bbox 1874 3634 1879 3638; x_wconf 31' lang='grc' dir='ltr'><strong>ι</strong></span> 
     </span>
    </p>
   </div>
   <div class='ocr_carea' id='block_1_35' title="bbox 250 3674 1849 3749">
    <p class='ocr_par' dir='ltr' id='par_1_35' title="bbox 250 3674 1849 3749">
     <span class='ocr_line' id='line_1_35' title="bbox 250 3674 1849 3749; baseline -0.001 -19"><span class='ocrx_word' id='word_1_259' title='bbox 250 3692 335 3745; x_wconf 88' lang='lat' dir='ltr'><strong>per</strong></span> <span class='ocrx_word' id='word_1_260' title='bbox 355 3676 587 3748; x_wconf 88' lang='lat' dir='ltr'><strong>singulas</strong></span> <span class='ocrx_word' id='word_1_261' title='bbox 614 3674 872 3731; x_wconf 82' lang='lat' dir='ltr'><strong>Ecclesias</strong></span> <span class='ocrx_word' id='word_1_262' title='bbox 898 3676 1234 3749; x_wconf 79' lang='lat' dir='ltr'><strong>presbyteros,</strong></span> <span class='ocrx_word' id='word_1_263' title='bbox 1264 3686 1309 3729; x_wconf 89' lang='lat' dir='ltr'><strong>et</strong></span> <span class='ocrx_word' id='word_1_264' title='bbox 1330 3685 1560 3730; x_wconf 84' lang='lat' dir='ltr'><strong>orassent</strong></span> <span class='ocrx_word' id='word_1_265' title='bbox 1579 3692 1693 3729; x_wconf 85' lang='lat' dir='ltr'><strong>cum</strong></span> <span class='ocrx_word' id='word_1_266' title='bbox 1712 3677 1849 3747; x_wconf 77' lang='lat' dir='ltr'><strong>jeju-</strong></span> 
     </span>
    </p>
   </div>
   <div class='ocr_carea' id='block_1_36' title="bbox 249 3767 1847 3835">
    <p class='ocr_par' dir='ltr' id='par_1_36' title="bbox 249 3767 1847 3835">
     <span class='ocr_line' id='line_1_36' title="bbox 249 3767 1847 3835; baseline 0.001 -15"><span class='ocrx_word' id='word_1_267' title='bbox 249 3770 363 3833; x_wconf 87' lang='lat' dir='ltr'><strong>niis,</strong></span> <span class='ocrx_word' id='word_1_268' title='bbox 386 3772 863 3824; x_wconf 78' lang='lat' dir='ltr'><strong>commendauerunt</strong></span> <span class='ocrx_word' id='word_1_269' title='bbox 891 3786 974 3823; x_wconf 89' lang='lat' dir='ltr'><strong>eos</strong></span> <span class='ocrx_word' id='word_1_270' title='bbox 996 3768 1238 3829; x_wconf 90' lang='lat' dir='ltr'><strong>Domino,</strong></span> <span class='ocrx_word' id='word_1_271' title='bbox 1262 3770 1315 3821; x_wconf 88' lang='lat' dir='ltr'><strong>in</strong></span> <span class='ocrx_word' id='word_1_272' title='bbox 1336 3784 1483 3835; x_wconf 83' lang='lat' dir='ltr'><strong>quem</strong></span> <span class='ocrx_word' id='word_1_273' title='bbox 1503 3767 1847 3822; x_wconf 85' lang='lat' dir='ltr'><strong>crediderunt.</strong></span> 
     </span>
    </p>
   </div>
   <div class='ocr_carea' id='block_1_37' title="bbox 250 3850 1851 3929">
    <p class='ocr_par' dir='ltr' id='par_1_37' title="bbox 250 3850 1851 3929">
     <span class='ocr_line' id='line_1_37' title="bbox 250 3850 1851 3929; baseline -0.002 -13"><span class='ocrx_word' id='word_1_274' title='bbox 250 3850 498 3916; x_wconf 79' lang='lat' dir='ltr'><strong>Vidistin‘</strong></span> <span class='ocrx_word' id='word_1_275' title='bbox 530 3859 796 3917; x_wconf 87' lang='lat' dir='ltr'><strong>fervorem</strong></span> <span class='ocrx_word' id='word_1_276' title='bbox 820 3860 1012 3915; x_wconf 80' lang='lat' dir='ltr'><strong>Pauli?</strong></span> <span class='ocrx_word' id='word_1_277' title='bbox 1052 3858 1180 3915; x_wconf 86' lang='lat' dir='ltr'><strong>Cum</strong></span> <span class='ocrx_word' id='word_1_278' title='bbox 1209 3868 1457 3925; x_wconf 83' lang='lat' dir='ltr'><strong>orassent,</strong></span> <span class='ocrx_word' id='word_1_279' title='bbox 1489 3860 1660 3929; x_wconf 89' lang='lat' dir='ltr'><strong>inquit</strong></span> <span class='ocrx_word' id='word_1_280' title='bbox 1686 3902 1701 3925; x_wconf 94' lang='lat'><strong>,</strong></span> <span class='ocrx_word' id='word_1_281' title='bbox 1736 3877 1851 3913; x_wconf 85' lang='lat' dir='ltr'><strong>cum</strong></span> 
     </span>
    </p>
   </div>
   <div class='ocr_carea' id='block_1_38' title="bbox 250 3951 1849 4024">
    <p class='ocr_par' dir='ltr' id='par_1_38' title="bbox 250 3951 1849 4024">
     <span class='ocr_line' id='line_1_38' title="bbox 250 3951 1849 4024; baseline 0.001 -17"><span class='ocrx_word' id='word_1_282' title='bbox 250 3954 478 4024; x_wconf 80' lang='lat' dir='ltr'><strong>jejuniis,</strong></span> <span class='ocrx_word' id='word_1_283' title='bbox 511 3955 989 4009; x_wconf 81' lang='lat' dir='ltr'><strong>commendaverunt</strong></span> <span class='ocrx_word' id='word_1_284' title='bbox 1018 3970 1102 4008; x_wconf 89' lang='lat' dir='ltr'><strong>eos</strong></span> <span class='ocrx_word' id='word_1_285' title='bbox 1128 3952 1370 4007; x_wconf 83' lang='lat' dir='ltr'><strong>Domino.</strong></span> <span class='ocrx_word' id='word_1_286' title='bbox 1416 3951 1570 4019; x_wconf 81' lang='lat' dir='ltr'><strong>Vide,</strong></span> <span class='ocrx_word' id='word_1_287' title='bbox 1606 3968 1727 4007; x_wconf 90' lang='lat' dir='ltr'><strong>cum</strong></span> <span class='ocrx_word' id='word_1_288' title='bbox 1762 3954 1849 4023; x_wconf 88' lang='lat' dir='ltr'><strong>je-</strong></span> 
     </span>
    </p>
   </div>
   <div class='ocr_carea' id='block_1_39' title="bbox 252 4044 1850 4116">
    <p class='ocr_par' dir='ltr' id='par_1_39' title="bbox 252 4044 1850 4116">
     <span class='ocr_line' id='line_1_39' title="bbox 252 4044 1850 4116; baseline 0 -17"><span class='ocrx_word' id='word_1_289' title='bbox 252 4044 410 4113; x_wconf 80' lang='lat' dir='ltr'><strong>juniis</strong></span> <span class='ocrx_word' id='word_1_290' title='bbox 451 4047 848 4103; x_wconf 87' lang='lat' dir='ltr'><strong>ordinationes.</strong></span> <span class='ocrx_word' id='word_1_291' title='bbox 883 4048 1091 4102; x_wconf 75' lang='lat' dir='ltr'><strong>Rursus</strong></span> <span class='ocrx_word' id='word_1_292' title='bbox 1130 4046 1418 4116; x_wconf 81' lang='lat' dir='ltr'><strong>jejunium,</strong></span> <span class='ocrx_word' id='word_1_293' title='bbox 1459 4046 1706 4116; x_wconf 74' lang='lat' dir='ltr'><strong>purgatio</strong></span> <span class='ocrx_word' id='word_1_294' title='bbox 1732 4047 1850 4101; x_wconf 89' lang='lat' dir='ltr'><strong>ani-</strong></span> 
     </span>
    </p>
   </div>
   <div class='ocr_carea' id='block_1_40' title="bbox 254 4136 1856 4209">
    <p class='ocr_par' dir='ltr' id='par_1_40' title="bbox 254 4136 1856 4209">
     <span class='ocr_line' id='line_1_40' title="bbox 254 4136 1856 4209; baseline 0 -16"><span class='ocrx_word' id='word_1_295' title='bbox 254 4155 459 4194; x_wconf 85' lang='lat' dir='ltr'><strong>marum</strong></span> <span class='ocrx_word' id='word_1_296' title='bbox 488 4150 815 4195; x_wconf 89' lang='lat' dir='ltr'><strong>nostrarum.</strong></span> <span class='ocrx_word' id='word_1_297' title='bbox 842 4141 933 4195; x_wconf 76' lang='lat'><strong>25.</strong></span> <span class='ocrx_word' id='word_1_298' title='bbox 959 4138 1397 4209; x_wconf 80' lang='lat' dir='ltr'><strong>Transeuntesque</strong></span> <span class='ocrx_word' id='word_1_299' title='bbox 1420 4136 1693 4203; x_wconf 81' lang='lat' dir='ltr'><strong>Pisidiam,</strong></span> <span class='ocrx_word' id='word_1_300' title='bbox 1718 4155 1856 4193; x_wconf 60' lang='lat' dir='ltr'><strong>vene</strong></span> 
     </span>
    </p>
   </div>
   <div class='ocr_carea' id='block_1_41' title="bbox 253 4214 1851 4302">
    <p class='ocr_par' dir='ltr' id='par_1_41' title="bbox 253 4214 1851 4302">
     <span class='ocr_line' id='line_1_41' title="bbox 253 4214 1851 4302; baseline 0.001 -18"><span class='ocrx_word' id='word_1_301' title='bbox 253 4243 367 4286; x_wconf 88' lang='lat' dir='ltr'><strong>runt</strong></span> <span class='ocrx_word' id='word_1_302' title='bbox 391 4234 448 4285; x_wconf 88' lang='lat' dir='ltr'><strong>in</strong></span> <span class='ocrx_word' id='word_1_303' title='bbox 471 4230 835 4302; x_wconf 83' lang='lat' dir='ltr'><strong>Pamphyliam</strong></span> <span class='ocrx_word' id='word_1_304' title='bbox 857 4247 875 4295; x_wconf 87' lang='lat'><strong><em>;</em></strong></span> <span class='ocrx_word' id='word_1_305' title='bbox 898 4230 990 4285; x_wconf 70' lang='grc'><strong>24.</strong></span> <span class='ocrx_word' id='word_1_306' title='bbox 1012 4241 1058 4283; x_wconf 89' lang='lat' dir='ltr'><strong>et</strong></span> <span class='ocrx_word' id='word_1_307' title='bbox 1084 4214 1338 4300; x_wconf 77' lang='lat' dir='ltr'><strong>loquentes</strong></span> <span class='ocrx_word' id='word_1_308' title='bbox 1358 4231 1561 4284; x_wconf 80' lang='lat' dir='ltr'><strong>verbum</strong></span> <span class='ocrx_word' id='word_1_309' title='bbox 1584 4231 1635 4282; x_wconf 87' lang='lat' dir='ltr'><strong>in</strong></span> <span class='ocrx_word' id='word_1_310' title='bbox 1666 4227 1851 4301; x_wconf 83' lang='lat' dir='ltr'><strong>Perge,</strong></span> 
     </span>
    </p>
   </div>
   <div class='ocr_carea' id='block_1_42' title="bbox 255 4323 1852 4393">
    <p class='ocr_par' dir='ltr' id='par_1_42' title="bbox 255 4323 1852 4393">
     <span class='ocr_line' id='line_1_42' title="bbox 255 4323 1852 4393; baseline -0.002 -12"><span class='ocrx_word' id='word_1_311' title='bbox 255 4326 624 4381; x_wconf 85' lang='lat' dir='ltr'><strong>descenderunt</strong></span> <span class='ocrx_word' id='word_1_312' title='bbox 654 4326 709 4379; x_wconf 90' lang='lat' dir='ltr'><strong>in</strong></span> <span class='ocrx_word' id='word_1_313' title='bbox 733 4326 998 4379; x_wconf 82' lang='lat' dir='ltr'><strong>Attalium.</strong></span> <span class='ocrx_word' id='word_1_314' title='bbox 1027 4323 1162 4379; x_wconf 85' lang='lat' dir='ltr'><strong>Nam</strong></span> <span class='ocrx_word' id='word_1_315' title='bbox 1187 4340 1254 4378; x_wconf 91' lang='lat' dir='ltr'><strong>ne</strong></span> <span class='ocrx_word' id='word_1_316' title='bbox 1273 4323 1658 4393; x_wconf 90' lang='lat' dir='ltr'><strong>discipulorum</strong></span> <span class='ocrx_word' id='word_1_317' title='bbox 1691 4325 1852 4379; x_wconf 90' lang='lat' dir='ltr'><strong>animi</strong></span> 
     </span>
    </p>
   </div>
   <div class='ocr_carea' id='block_1_43' title="bbox 256 4417 1856 4489">
    <p class='ocr_par' dir='ltr' id='par_1_43' title="bbox 256 4417 1856 4489">
     <span class='ocr_line' id='line_1_43' title="bbox 256 4417 1856 4489; baseline -0.001 -16"><span class='ocrx_word' id='word_1_318' title='bbox 256 4420 622 4485; x_wconf 83' lang='lat' dir='ltr'><strong>conciderent,</strong></span> <span class='ocrx_word' id='word_1_319' title='bbox 654 4419 797 4489; x_wconf 89' lang='lat' dir='ltr'><strong>quod</strong></span> <span class='ocrx_word' id='word_1_320' title='bbox 828 4420 925 4479; x_wconf 88' lang='lat' dir='ltr'><strong>illi.</strong></span> <span class='ocrx_word' id='word_1_321' title='bbox 958 4420 1048 4489; x_wconf 90' lang='lat' dir='ltr'><strong>qui</strong></span> <span class='ocrx_word' id='word_1_322' title='bbox 1077 4417 1150 4473; x_wconf 89' lang='lat' dir='ltr'><strong>dii</strong></span> <span class='ocrx_word' id='word_1_323' title='bbox 1179 4418 1468 4473; x_wconf 72' lang='lat' dir='ltr'><strong>existimati</strong></span> <span class='ocrx_word' id='word_1_324' title='bbox 1500 4417 1735 4481; x_wconf 87' lang='lat' dir='ltr'><strong>fuerant,</strong></span> <span class='ocrx_word' id='word_1_325' title='bbox 1778 4430 1856 4471; x_wconf 84' lang='lat' dir='ltr'><strong>ta-</strong></span> 
     </span>
    </p>
   </div>
   <div class='ocr_carea' id='block_1_44' title="bbox 257 4509 1854 4584">
    <p class='ocr_par' dir='ltr' id='par_1_44' title="bbox 257 4509 1854 4584">
     <span class='ocr_line' id='line_1_44' title="bbox 257 4509 1854 4584; baseline -0.002 -18"><span class='ocrx_word' id='word_1_326' title='bbox 257 4513 323 4567; x_wconf 87' lang='lat' dir='ltr'><strong>lia</strong></span> <span class='ocrx_word' id='word_1_327' title='bbox 368 4523 702 4584; x_wconf 83' lang='lat' dir='ltr'><strong>paterentur,</strong></span> <span class='ocrx_word' id='word_1_328' title='bbox 757 4512 982 4582; x_wconf 78' lang='lat' dir='ltr'><strong>ingressi</strong></span> <span class='ocrx_word' id='word_1_329' title='bbox 1033 4518 1159 4565; x_wconf 91' lang='lat' dir='ltr'><strong>sunt</strong></span> <span class='ocrx_word' id='word_1_330' title='bbox 1202 4509 1271 4563; x_wconf 91' lang='lat' dir='ltr'><strong>ad</strong></span> <span class='ocrx_word' id='word_1_331' title='bbox 1308 4510 1455 4575; x_wconf 84' lang='lat' dir='ltr'><strong>illos,</strong></span> <span class='ocrx_word' id='word_1_332' title='bbox 1504 4521 1559 4566; x_wconf 93' lang='lat' dir='ltr'><strong>et</strong></span> <span class='ocrx_word' id='word_1_333' title='bbox 1593 4510 1854 4581; x_wconf 87' lang='lat' dir='ltr'><strong>alloquuti</strong></span> 
     </span>
    </p>
   </div>
   <div class='ocr_carea' id='block_1_45' title="bbox 257 4604 1859 4675">
    <p class='ocr_par' dir='ltr' id='par_1_45' title="bbox 257 4604 1859 4675">
     <span class='ocr_line' id='line_1_45' title="bbox 257 4604 1859 4675; baseline -0.002 -13"><span class='ocrx_word' id='word_1_334' title='bbox 257 4619 383 4662; x_wconf 86' lang='lat' dir='ltr'><strong>sunt</strong></span> <span class='ocrx_word' id='word_1_335' title='bbox 409 4622 528 4662; x_wconf 87' lang='lat' dir='ltr'><strong>eos.</strong></span> <span class='ocrx_word' id='word_1_336' title='bbox 563 4608 628 4661; x_wconf 83' lang='lat' dir='ltr'><strong>Et</strong></span> <span class='ocrx_word' id='word_1_337' title='bbox 660 4606 812 4670; x_wconf 85' lang='lat' dir='ltr'><strong>vide;</strong></span> <span class='ocrx_word' id='word_1_338' title='bbox 839 4608 987 4675; x_wconf 91' lang='lat' dir='ltr'><strong>prius</strong></span> <span class='ocrx_word' id='word_1_339' title='bbox 1028 4606 1080 4659; x_wconf 92' lang='lat' dir='ltr'><strong>in</strong></span> <span class='ocrx_word' id='word_1_340' title='bbox 1129 4604 1339 4659; x_wconf 87' lang='lat' dir='ltr'><strong>Derben</strong></span> <span class='ocrx_word' id='word_1_341' title='bbox 1385 4605 1515 4665; x_wconf 78' lang='lat' dir='ltr'><strong>exit,</strong></span> <span class='ocrx_word' id='word_1_342' title='bbox 1569 4604 1705 4659; x_wconf 90' lang='lat' dir='ltr'><strong>dans</strong></span> <span class='ocrx_word' id='word_1_343' title='bbox 1752 4605 1859 4659; x_wconf 88' lang='lat' dir='ltr'><strong>illis</strong></span> 
     </span>
    </p>
   </div>
   <div class='ocr_carea' id='block_1_46' title="bbox 262 4698 1860 4769">
    <p class='ocr_par' dir='ltr' id='par_1_46' title="bbox 262 4698 1860 4769">
     <span class='ocr_line' id='line_1_46' title="bbox 262 4698 1860 4769; baseline -0.001 -16"><span class='ocrx_word' id='word_1_344' title='bbox 262 4699 558 4769; x_wconf 77' lang='lat' dir='ltr'><strong>respirandi</strong></span> <span class='ocrx_word' id='word_1_345' title='bbox 601 4700 777 4755; x_wconf 92' lang='lat' dir='ltr'><strong>locum</strong></span> <span class='ocrx_word' id='word_1_346' title='bbox 806 4715 834 4751; x_wconf 88' lang='lat' dir='ltr'><strong>a</strong></span> <span class='ocrx_word' id='word_1_347' title='bbox 868 4698 1051 4753; x_wconf 87' lang='lat' dir='ltr'><strong>furore</strong></span> <span class='ocrx_word' id='word_1_348' title='bbox 1070 4738 1087 4763; x_wconf 94' lang='lat'><strong>,</strong></span> <span class='ocrx_word' id='word_1_349' title='bbox 1121 4706 1177 4752; x_wconf 91' lang='lat' dir='ltr'><strong>et</strong></span> <span class='ocrx_word' id='word_1_350' title='bbox 1206 4708 1334 4751; x_wconf 91' lang='lat' dir='ltr'><strong>tunc</strong></span> <span class='ocrx_word' id='word_1_351' title='bbox 1364 4711 1551 4751; x_wconf 86' lang='lat' dir='ltr'><strong>rursus</strong></span> <span class='ocrx_word' id='word_1_352' title='bbox 1582 4699 1730 4751; x_wconf 87' lang='lat' dir='ltr'><strong>venit</strong></span> <span class='ocrx_word' id='word_1_353' title='bbox 1755 4698 1860 4769; x_wconf 83' lang='lat' dir='ltr'><strong>Ly-</strong></span> 
     </span>
    </p>
   </div>
   <div class='ocr_carea' id='block_1_47' title="bbox 259 4789 1855 4859">
    <p class='ocr_par' dir='ltr' id='par_1_47' title="bbox 259 4789 1855 4859">
     <span class='ocr_line' id='line_1_47' title="bbox 259 4789 1855 4859; baseline -0.002 -13"><span class='ocrx_word' id='word_1_354' title='bbox 259 4803 447 4859; x_wconf 88' lang='lat' dir='ltr'><strong>stram,</strong></span> <span class='ocrx_word' id='word_1_355' title='bbox 470 4791 705 4847; x_wconf 88' lang='lat' dir='ltr'><strong>Iconium</strong></span> <span class='ocrx_word' id='word_1_356' title='bbox 723 4801 777 4846; x_wconf 90' lang='lat' dir='ltr'><strong>et</strong></span> <span class='ocrx_word' id='word_1_357' title='bbox 795 4791 1131 4844; x_wconf 84' lang='lat' dir='ltr'><strong>Antiochiam</strong></span> <span class='ocrx_word' id='word_1_358' title='bbox 1159 4808 1171 4844; x_wconf 93' lang='lat'>:</span> <span class='ocrx_word' id='word_1_359' title='bbox 1197 4789 1497 4844; x_wconf 89' lang='lat' dir='ltr'><strong>furentibus</strong></span> <span class='ocrx_word' id='word_1_360' title='bbox 1516 4789 1617 4844; x_wconf 88' lang='lat' dir='ltr'><strong>illis</strong></span> <span class='ocrx_word' id='word_1_361' title='bbox 1639 4789 1855 4857; x_wconf 86' lang='lat' dir='ltr'><strong>cedens,</strong></span> 
     </span>
    </p>
   </div>
   <div class='ocr_carea' id='block_1_48' title="bbox 262 4883 1863 4954">
    <p class='ocr_par' dir='ltr' id='par_1_48' title="bbox 262 4883 1863 4954">
     <span class='ocr_line' id='line_1_48' title="bbox 262 4883 1863 4954; baseline -0.001 -15"><span class='ocrx_word' id='word_1_362' title='bbox 262 4886 478 4940; x_wconf 74' lang='lat' dir='ltr'><strong>sedatos</strong></span> <span class='ocrx_word' id='word_1_363' title='bbox 502 4900 633 4940; x_wconf 86' lang='lat' dir='ltr'><strong>vero</strong></span> <span class='ocrx_word' id='word_1_364' title='bbox 658 4885 867 4940; x_wconf 89' lang='lat' dir='ltr'><strong>adiens.</strong></span> <span class='ocrx_word' id='word_1_365' title='bbox 904 4883 1065 4939; x_wconf 84' lang='lat' dir='ltr'><strong>Vides</strong></span> <span class='ocrx_word' id='word_1_366' title='bbox 1108 4897 1204 4939; x_wconf 88' lang='lat' dir='ltr'><strong>eos</strong></span> <span class='ocrx_word' id='word_1_367' title='bbox 1250 4898 1357 4937; x_wconf 88' lang='lat' dir='ltr'><strong>nun</strong></span> <span class='ocrx_word' id='word_1_368' title='bbox 1400 4884 1578 4936; x_wconf 85' lang='lat' dir='ltr'><strong>omnia</strong></span> <span class='ocrx_word' id='word_1_369' title='bbox 1612 4898 1708 4953; x_wconf 86' lang='lat' dir='ltr'><strong>per</strong></span> <span class='ocrx_word' id='word_1_370' title='bbox 1740 4899 1863 4954; x_wconf 85' lang='lat' dir='ltr'><strong>gra—</strong></span> 
     </span>
    </p>
   </div>
   <div class='ocr_carea' id='block_1_49' title="bbox 262 4975 1861 5047">
    <p class='ocr_par' dir='ltr' id='par_1_49' title="bbox 262 4975 1861 5047">
     <span class='ocr_line' id='line_1_49' title="bbox 262 4975 1861 5047; baseline 0 -16"><span class='ocrx_word' id='word_1_371' title='bbox 262 4979 417 5040; x_wconf 82' lang='lat' dir='ltr'><strong>tiam,</strong></span> <span class='ocrx_word' id='word_1_372' title='bbox 438 4978 536 5033; x_wconf 88' lang='lat' dir='ltr'><strong>sed</strong></span> <span class='ocrx_word' id='word_1_373' title='bbox 563 4978 722 5032; x_wconf 90' lang='lat' dir='ltr'><strong>etiam</strong></span> <span class='ocrx_word' id='word_1_374' title='bbox 747 4993 840 5047; x_wconf 91' lang='lat' dir='ltr'><strong>per</strong></span> <span class='ocrx_word' id='word_1_375' title='bbox 865 4977 1141 5047; x_wconf 84' lang='lat' dir='ltr'><strong>proprium</strong></span> <span class='ocrx_word' id='word_1_376' title='bbox 1170 4975 1407 5031; x_wconf 91' lang='lat' dir='ltr'><strong>studium</strong></span> <span class='ocrx_word' id='word_1_377' title='bbox 1431 4976 1861 5033; x_wconf 87' lang='lat' dir='ltr'><strong>administrasse.</strong></span> 
     </span>
    </p>
   </div>
   <div class='ocr_carea' id='block_1_50' title="bbox 260 5067 1862 5140">
    <p class='ocr_par' dir='ltr' id='par_1_50' title="bbox 260 5067 1862 5140">
     <span class='ocr_line' id='line_1_50' title="bbox 260 5067 1862 5140; baseline -0.001 -16"><span class='ocrx_word' id='word_1_378' title='bbox 260 5071 347 5125; x_wconf 73' lang='lat'><strong>25.</strong></span> <span class='ocrx_word' id='word_1_379' title='bbox 385 5068 451 5123; x_wconf 84' lang='lat' dir='ltr'><strong>Et</strong></span> <span class='ocrx_word' id='word_1_380' title='bbox 479 5070 597 5123; x_wconf 87' lang='lat' dir='ltr'><strong>inde</strong></span> <span class='ocrx_word' id='word_1_381' title='bbox 625 5071 984 5140; x_wconf 81' lang='lat' dir='ltr'><strong>navigaverunt</strong></span> <span class='ocrx_word' id='word_1_382' title='bbox 1018 5068 1363 5131; x_wconf 80' lang='lat' dir='ltr'><strong>Antiochiam,</strong></span> <span class='ocrx_word' id='word_1_383' title='bbox 1410 5067 1545 5121; x_wconf 83' lang='lat' dir='ltr'><strong>unde</strong></span> <span class='ocrx_word' id='word_1_384' title='bbox 1578 5078 1721 5121; x_wconf 82' lang='lat' dir='ltr'><strong>erant</strong></span> <span class='ocrx_word' id='word_1_385' title='bbox 1753 5080 1862 5122; x_wconf 80' lang='lat' dir='ltr'><strong>tra-</strong></span> 
     </span>
    </p>
   </div>
   <div class='ocr_carea' id='block_1_51' title="bbox 263 5158 1867 5234">
    <p class='ocr_par' dir='ltr' id='par_1_51' title="bbox 263 5158 1867 5234">
     <span class='ocr_line' id='line_1_51' title="bbox 263 5158 1867 5234; baseline 0 -17"><span class='ocrx_word' id='word_1_386' title='bbox 263 5166 356 5217; x_wconf 82' lang='lat' dir='ltr'><strong>diti</strong></span> <span class='ocrx_word' id='word_1_387' title='bbox 382 5164 561 5234; x_wconf 70' lang='lat' dir='ltr'><strong>gratiae</strong></span> <span class='ocrx_word' id='word_1_388' title='bbox 586 5162 705 5229; x_wconf 89' lang='lat' dir='ltr'><strong>Dei,</strong></span> <span class='ocrx_word' id='word_1_389' title='bbox 728 5165 780 5216; x_wconf 89' lang='lat' dir='ltr'><strong>in</strong></span> <span class='ocrx_word' id='word_1_390' title='bbox 804 5179 934 5232; x_wconf 82' lang='lat' dir='ltr'><strong>opus</strong></span> <span class='ocrx_word' id='word_1_391' title='bbox 953 5162 1090 5233; x_wconf 87' lang='lat' dir='ltr'><strong>quod</strong></span> <span class='ocrx_word' id='word_1_392' title='bbox 1115 5160 1512 5230; x_wconf 75' lang='lat' dir='ltr'><strong>compleverunt.</strong></span> <span class='ocrx_word' id='word_1_393' title='bbox 1544 5158 1652 5216; x_wconf 89' lang='lat' dir='ltr'><strong>Cur</strong></span> <span class='ocrx_word' id='word_1_394' title='bbox 1677 5178 1867 5217; x_wconf 87' lang='lat' dir='ltr'><strong>rursus</strong></span> 
     </span>
    </p>
   </div>
   <div class='ocr_carea' id='block_1_52' title="bbox 266 5244 1865 5325">
    <p class='ocr_par' dir='ltr' id='par_1_52' title="bbox 266 5244 1865 5325">
     <span class='ocr_line' id='line_1_52' title="bbox 266 5244 1865 5325; baseline -0.001 -14"><span class='ocrx_word' id='word_1_395' title='bbox 266 5245 605 5312; x_wconf 73' lang='lat' dir='ltr'><strong>Antiochiam</strong></span> <span class='ocrx_word' id='word_1_396' title='bbox 637 5244 894 5311; x_wconf 81' lang='lat' dir='ltr'><strong>veniunt?</strong></span> <span class='ocrx_word' id='word_1_397' title='bbox 920 5254 991 5311; x_wconf 89' lang='lat' dir='ltr'><strong>Ut</strong></span> <span class='ocrx_word' id='word_1_398' title='bbox 1014 5257 1336 5309; x_wconf 85' lang='lat' dir='ltr'><strong>annuntient</strong></span> <span class='ocrx_word' id='word_1_399' title='bbox 1357 5270 1419 5310; x_wconf 90' lang='lat' dir='ltr'><strong>ea</strong></span> <span class='ocrx_word' id='word_1_400' title='bbox 1446 5270 1566 5325; x_wconf 74' lang='lat' dir='ltr'><strong>qua:</strong></span> <span class='ocrx_word' id='word_1_401' title='bbox 1592 5255 1701 5309; x_wconf 87' lang='lat' dir='ltr'><strong>illic</strong></span> <span class='ocrx_word' id='word_1_402' title='bbox 1728 5254 1865 5310; x_wconf 85' lang='lat' dir='ltr'><strong>facta</strong></span> 
     </span>
    </p>
   </div>
   <div class='ocr_carea' id='block_1_53' title="bbox 266 5338 1863 5419">
    <p class='ocr_par' dir='ltr' id='par_1_53' title="bbox 266 5338 1863 5419">
     <span class='ocr_line' id='line_1_53' title="bbox 266 5338 1863 5419; baseline -0.001 -16"><span class='ocrx_word' id='word_1_403' title='bbox 266 5358 411 5403; x_wconf 81' lang='lat' dir='ltr'><strong>sunt.</strong></span> <span class='ocrx_word' id='word_1_404' title='bbox 442 5338 697 5419; x_wconf 31' lang='lat' dir='ltr'><strong>‘Alioquin</strong></span> <span class='ocrx_word' id='word_1_405' title='bbox 728 5362 861 5403; x_wconf 86' lang='lat' dir='ltr'><strong>vero</strong></span> <span class='ocrx_word' id='word_1_406' title='bbox 908 5348 1036 5401; x_wconf 91' lang='lat' dir='ltr'><strong>hinc</strong></span> <span class='ocrx_word' id='word_1_407' title='bbox 1065 5361 1261 5416; x_wconf 86' lang='lat' dir='ltr'><strong>magna</strong></span> <span class='ocrx_word' id='word_1_408' title='bbox 1293 5362 1379 5401; x_wconf 88' lang='lat' dir='ltr'><strong>res</strong></span> <span class='ocrx_word' id='word_1_409' title='bbox 1406 5346 1815 5401; x_wconf 80' lang='lat' dir='ltr'><strong>adtniniStratur</strong></span> <span class='ocrx_word' id='word_1_410' title='bbox 1848 5365 1863 5402; x_wconf 88' lang='lat'><strong>:</strong></span> 
     </span>
    </p>
   </div>
   <div class='ocr_carea' id='block_1_54' title="bbox 267 5440 1865 5512">
    <p class='ocr_par' dir='ltr' id='par_1_54' title="bbox 267 5440 1865 5512">
     <span class='ocr_line' id='line_1_54' title="bbox 267 5440 1865 5512; baseline 0.002 -19"><span class='ocrx_word' id='word_1_411' title='bbox 267 5442 551 5512; x_wconf 87' lang='lat' dir='ltr'><strong>oportebat</strong></span> <span class='ocrx_word' id='word_1_412' title='bbox 578 5443 723 5496; x_wconf 89' lang='lat' dir='ltr'><strong>enim</strong></span> <span class='ocrx_word' id='word_1_413' title='bbox 747 5442 855 5511; x_wconf 87' lang='lat' dir='ltr'><strong>jam</strong></span> <span class='ocrx_word' id='word_1_414' title='bbox 883 5456 1004 5496; x_wconf 90' lang='lat' dir='ltr'><strong>cum</strong></span> <span class='ocrx_word' id='word_1_415' title='bbox 1042 5441 1233 5495; x_wconf 88' lang='lat' dir='ltr'><strong>fiducia</strong></span> <span class='ocrx_word' id='word_1_416' title='bbox 1271 5440 1563 5509; x_wconf 70' lang='lat' dir='ltr'><strong>praedicare</strong></span> <span class='ocrx_word' id='word_1_417' title='bbox 1594 5442 1865 5510; x_wconf 76' lang='lat' dir='ltr'><strong>gentibus.</strong></span> 
     </span>
    </p>
   </div>
   <div class='ocr_carea' id='block_1_55' title="bbox 274 5535 1872 5606">
    <p class='ocr_par' dir='ltr' id='par_1_55' title="bbox 274 5535 1872 5606">
     <span class='ocr_line' id='line_1_55' title="bbox 274 5535 1872 5606; baseline 0.001 -17"><span class='ocrx_word' id='word_1_418' title='bbox 274 5535 509 5592; x_wconf 80' lang='lat' dir='ltr'><strong>Veniunt</strong></span> <span class='ocrx_word' id='word_1_419' title='bbox 551 5551 682 5606; x_wconf 82' lang='lat' dir='ltr'><strong>ergo</strong></span> <span class='ocrx_word' id='word_1_420' title='bbox 726 5536 841 5591; x_wconf 53' lang='lat' dir='ltr'><strong>bare</strong></span> <span class='ocrx_word' id='word_1_421' title='bbox 884 5535 1208 5601; x_wconf 87' lang='lat' dir='ltr'><strong>nuntiaturi,</strong></span> <span class='ocrx_word' id='word_1_422' title='bbox 1262 5544 1320 5588; x_wconf 91' lang='lat' dir='ltr'><strong>ut</strong></span> <span class='ocrx_word' id='word_1_423' title='bbox 1359 5536 1500 5589; x_wconf 86' lang='lat' dir='ltr'><strong>scire</strong></span> <span class='ocrx_word' id='word_1_424' title='bbox 1532 5536 1758 5604; x_wconf 88' lang='lat' dir='ltr'><strong>possint.</strong></span> <span class='ocrx_word' id='word_1_425' title='bbox 1803 5536 1872 5591; x_wconf 85' lang='lat' dir='ltr'><strong>Et</strong></span> 
     </span>
    </p>
   </div>
   <div class='ocr_carea' id='block_1_56' title="bbox 244 5620 1867 5699">
    <p class='ocr_par' dir='ltr' id='par_1_56' title="bbox 244 5620 1867 5699">
     <span class='ocr_line' id='line_1_56' title="bbox 244 5620 1867 5699; baseline -0.001 -14"><span class='ocrx_word' id='word_1_426' title='bbox 244 5620 599 5699; x_wconf 37' lang='lat' dir='ltr'><strong>&#39;providetur,</strong></span> <span class='ocrx_word' id='word_1_427' title='bbox 632 5638 691 5684; x_wconf 94' lang='grc' dir='ltr'><strong>ιιι</strong></span> <span class='ocrx_word' id='word_1_428' title='bbox 729 5640 857 5685; x_wconf 91' lang='lat' dir='ltr'><strong>tunc</strong></span> <span class='ocrx_word' id='word_1_429' title='bbox 883 5630 1101 5684; x_wconf 87' lang='lat' dir='ltr'><strong>veniant</strong></span> <span class='ocrx_word' id='word_1_430' title='bbox 1139 5630 1172 5683; x_wconf 90' lang='lat' dir='ltr'><strong>ii</strong></span> <span class='ocrx_word' id='word_1_431' title='bbox 1201 5630 1292 5698; x_wconf 91' lang='lat' dir='ltr'><strong>qui</strong></span> <span class='ocrx_word' id='word_1_432' title='bbox 1344 5628 1699 5698; x_wconf 81' lang='lat' dir='ltr'><strong>prohibebant</strong></span> <span class='ocrx_word' id='word_1_433' title='bbox 1744 5647 1867 5684; x_wconf 86' lang='lat' dir='ltr'><strong>cum</strong></span> 
     </span>
    </p>
   </div>
   <div class='ocr_carea' id='block_1_57' title="bbox 269 5712 1867 5794">
    <p class='ocr_par' dir='ltr' id='par_1_57' title="bbox 269 5712 1867 5794">
     <span class='ocr_line' id='line_1_57' title="bbox 269 5712 1867 5794; baseline 0 -16"><span class='ocrx_word' id='word_1_434' title='bbox 269 5724 519 5794; x_wconf 86' lang='lat' dir='ltr'><strong>gentibus</strong></span> <span class='ocrx_word' id='word_1_435' title='bbox 544 5725 780 5787; x_wconf 88' lang='lat' dir='ltr'><strong>versari;</strong></span> <span class='ocrx_word' id='word_1_436' title='bbox 814 5734 873 5777; x_wconf 93' lang='lat' dir='ltr'><strong>ut</strong></span> <span class='ocrx_word' id='word_1_437' title='bbox 899 5725 1094 5779; x_wconf 88' lang='lat' dir='ltr'><strong>deinde</strong></span> <span class='ocrx_word' id='word_1_438' title='bbox 1120 5712 1369 5793; x_wconf 81' lang='lat' dir='ltr'><strong>magnam</strong></span> <span class='ocrx_word' id='word_1_439' title='bbox 1406 5738 1471 5777; x_wconf 90' lang='lat' dir='ltr'><strong>ex</strong></span> <span class='ocrx_word' id='word_1_440' title='bbox 1514 5722 1867 5794; x_wconf 68' lang='lat' dir='ltr'><strong>Jerosnlyuiis</strong></span> 
     </span>
    </p>
   </div>
   <div class='ocr_carea' id='block_1_58' title="bbox 273 5814 1869 5885">
    <p class='ocr_par' dir='ltr' id='par_1_58' title="bbox 273 5814 1869 5885">
     <span class='ocr_line' id='line_1_58' title="bbox 273 5814 1869 5885; baseline -0.001 -16"><span class='ocrx_word' id='word_1_441' title='bbox 273 5816 522 5871; x_wconf 85' lang='lat' dir='ltr'><strong>liduciam</strong></span> <span class='ocrx_word' id='word_1_442' title='bbox 554 5816 756 5885; x_wconf 86' lang='lat' dir='ltr'><strong>adepti,</strong></span> <span class='ocrx_word' id='word_1_443' title='bbox 790 5815 1018 5870; x_wconf 86' lang='lat' dir='ltr'><strong>fidenter</strong></span> <span class='ocrx_word' id='word_1_444' title='bbox 1043 5815 1274 5871; x_wconf 85' lang='lat' dir='ltr'><strong>abirent.</strong></span> <span class='ocrx_word' id='word_1_445' title='bbox 1309 5814 1406 5868; x_wconf 79' lang='lat' dir='ltr'><strong>Vel</strong></span> <span class='ocrx_word' id='word_1_446' title='bbox 1450 5816 1609 5870; x_wconf 88' lang='lat' dir='ltr'><strong>aliter</strong></span> <span class='ocrx_word' id='word_1_447' title='bbox 1687 5825 1869 5869; x_wconf 86' lang='lat' dir='ltr'><strong>osten-</strong></span> 
     </span>
    </p>
   </div>
   <div class='ocr_carea' id='block_1_59' title="bbox 272 5904 1872 5976">
    <p class='ocr_par' dir='ltr' id='par_1_59' title="bbox 272 5904 1872 5976">
     <span class='ocr_line' id='line_1_59' title="bbox 272 5904 1872 5976; baseline -0.001 -15"><span class='ocrx_word' id='word_1_448' title='bbox 272 5906 351 5962; x_wconf 80' lang='lat' dir='ltr'><strong>dit</strong></span> <span class='ocrx_word' id='word_1_449' title='bbox 376 5922 564 5962; x_wconf 87' lang='lat' dir='ltr'><strong>eorum</strong></span> <span class='ocrx_word' id='word_1_450' title='bbox 598 5922 779 5962; x_wconf 88' lang='lat' dir='ltr'><strong>mores</strong></span> <span class='ocrx_word' id='word_1_451' title='bbox 821 5924 927 5961; x_wconf 89' lang='lat' dir='ltr'><strong>non</strong></span> <span class='ocrx_word' id='word_1_452' title='bbox 970 5906 1331 5976; x_wconf 82' lang='lat' dir='ltr'><strong>arrogantiam</strong></span> <span class='ocrx_word' id='word_1_453' title='bbox 1377 5920 1590 5975; x_wconf 88' lang='lat' dir='ltr'><strong>sapere.</strong></span> <span class='ocrx_word' id='word_1_454' title='bbox 1636 5904 1872 5961; x_wconf 81' lang='lat' dir='ltr'><strong>Veniunt</strong></span> 
     </span>
    </p>
   </div>
   <div class='ocr_carea' id='block_1_60' title="bbox 274 5997 1869 6071">
    <p class='ocr_par' dir='ltr' id='par_1_60' title="bbox 274 5997 1869 6071">
     <span class='ocr_line' id='line_1_60' title="bbox 274 5997 1869 6071; baseline 0.001 -18"><span class='ocrx_word' id='word_1_455' title='bbox 274 5997 439 6067; x_wconf 84' lang='lat' dir='ltr'><strong>cnim,</strong></span> <span class='ocrx_word' id='word_1_456' title='bbox 472 6008 611 6056; x_wconf 90' lang='lat' dir='ltr'><strong>utet</strong></span> <span class='ocrx_word' id='word_1_457' title='bbox 646 5998 896 6054; x_wconf 88' lang='lat' dir='ltr'><strong>fiduciam</strong></span> <span class='ocrx_word' id='word_1_458' title='bbox 934 6013 1084 6053; x_wconf 80' lang='lat' dir='ltr'><strong>suam</strong></span> <span class='ocrx_word' id='word_1_459' title='bbox 1131 5998 1441 6065; x_wconf 79' lang='lat' dir='ltr'><strong>exhibeant,</strong></span> <span class='ocrx_word' id='word_1_460' title='bbox 1480 5998 1622 6070; x_wconf 90' lang='lat' dir='ltr'><strong>quod</strong></span> <span class='ocrx_word' id='word_1_461' title='bbox 1664 6000 1869 6071; x_wconf 84' lang='lat' dir='ltr'><strong>absque</strong></span> 
     </span>
    </p>
   </div>
   <div class='ocr_carea' id='block_1_61' title="bbox 1207 485 2581 551">
    <p class='ocr_par' dir='ltr' id='par_1_61' title="bbox 1207 485 2581 551">
     <span class='ocr_line' id='line_1_61' title="bbox 1207 485 2581 551; baseline -0.005 0"><span class='ocrx_word' id='word_1_462' title='bbox 1207 494 1274 551; x_wconf 83' lang='lat' dir='ltr'><strong>IN</strong></span> <span class='ocrx_word' id='word_1_463' title='bbox 1314 491 1495 548; x_wconf 61' lang='lat' dir='ltr'><strong>ACTA</strong></span> <span class='ocrx_word' id='word_1_464' title='bbox 1536 485 2065 547; x_wconf 73' lang='lat' dir='ltr'><strong>APOSTOLORUM.</strong></span> <span class='ocrx_word' id='word_1_465' title='bbox 2108 486 2341 544; x_wconf 73' lang='lat' dir='ltr'><strong>HOMIL.</strong></span> <span class='ocrx_word' id='word_1_466' title='bbox 2383 485 2581 544; x_wconf 73' lang='lat' dir='ltr'><strong>XXXI.</strong></span> 
     </span>
    </p>
   </div>
   <div class='ocr_carea' id='block_1_62' title="bbox 3438 487 3547 543">
    <p class='ocr_par' dir='ltr' id='par_1_62' title="bbox 3438 487 3547 543">
     <span class='ocr_line' id='line_1_62' title="bbox 3438 487 3547 543; baseline -0.028 0"><span class='ocrx_word' id='word_1_467' title='bbox 3438 487 3547 543; x_wconf 69' lang='grc' dir='ltr'>Ξδιι</span> 
     </span>
    </p>
   </div>
   <div class='ocr_carea' id='block_1_63' title="bbox 1949 602 3549 683">
    <p class='ocr_par' dir='ltr' id='par_1_63' title="bbox 1949 602 3549 683">
     <span class='ocr_line' id='line_1_63' title="bbox 1949 602 3549 683; baseline 0.008 -26"><span class='ocrx_word' id='word_1_468' title='bbox 1949 602 2055 657; x_wconf 89' lang='lat' dir='ltr'><strong>illis</strong></span> <span class='ocrx_word' id='word_1_469' title='bbox 2078 603 2464 672; x_wconf 74' lang='lat' dir='ltr'><strong>prmdicassent</strong></span> <span class='ocrx_word' id='word_1_470' title='bbox 2492 604 2764 675; x_wconf 83' lang='lat' dir='ltr'><strong>gentibus,</strong></span> <span class='ocrx_word' id='word_1_471' title='bbox 2808 615 2864 662; x_wconf 91' lang='lat' dir='ltr'><strong>et</strong></span> <span class='ocrx_word' id='word_1_472' title='bbox 2894 607 3279 679; x_wconf 75' lang='lat' dir='ltr'><strong>obedientiam,</strong></span> <span class='ocrx_word' id='word_1_473' title='bbox 3306 614 3450 683; x_wconf 87' lang='lat' dir='ltr'><strong>quod</strong></span> <span class='ocrx_word' id='word_1_474' title='bbox 3481 616 3549 670; x_wconf 87' lang='lat' dir='ltr'><strong>ad</strong></span> 
     </span>
    </p>
   </div>
   <div class='ocr_carea' id='block_1_64' title="bbox 1946 698 3550 776">
    <p class='ocr_par' dir='ltr' id='par_1_64' title="bbox 1946 698 3550 776">
     <span class='ocr_line' id='line_1_64' title="bbox 1946 698 3550 776; baseline 0.011 -23"><span class='ocrx_word' id='word_1_475' title='bbox 1946 698 2067 754; x_wconf 92' lang='lat' dir='ltr'><strong>illos</strong></span> <span class='ocrx_word' id='word_1_476' title='bbox 2096 715 2209 755; x_wconf 90' lang='lat' dir='ltr'><strong>rem</strong></span> <span class='ocrx_word' id='word_1_477' title='bbox 2237 699 2475 755; x_wconf 87' lang='lat' dir='ltr'><strong>referant</strong></span> <span class='ocrx_word' id='word_1_478' title='bbox 2507 718 2521 755; x_wconf 90' lang='lat'>:</span> <span class='ocrx_word' id='word_1_479' title='bbox 2553 716 2728 773; x_wconf 89' lang='lat' dir='ltr'><strong>neque</strong></span> <span class='ocrx_word' id='word_1_480' title='bbox 2757 702 2925 767; x_wconf 88' lang='lat' dir='ltr'><strong>enim,</strong></span> <span class='ocrx_word' id='word_1_481' title='bbox 2952 706 3095 775; x_wconf 89' lang='lat' dir='ltr'><strong>quod</strong></span> <span class='ocrx_word' id='word_1_482' title='bbox 3120 706 3241 761; x_wconf 88' lang='lat' dir='ltr'><strong>talia</strong></span> <span class='ocrx_word' id='word_1_483' title='bbox 3273 706 3550 776; x_wconf 72' lang='lat' dir='ltr'><strong>fecissent,</strong></span> 
     </span>
    </p>
   </div>
   <div class='ocr_carea' id='block_1_65' title="bbox 1945 793 3555 873">
    <p class='ocr_par' dir='ltr' id='par_1_65' title="bbox 1945 793 3555 873">
     <span class='ocr_line' id='line_1_65' title="bbox 1945 793 3555 873; baseline 0.007 -27"><span class='ocrx_word' id='word_1_484' title='bbox 1945 803 2263 864; x_wconf 85' lang='lat' dir='ltr'><strong>arroganter</strong></span> <span class='ocrx_word' id='word_1_485' title='bbox 2291 804 2540 865; x_wconf 80' lang='lat' dir='ltr'><strong>egerunt.</strong></span> <span class='ocrx_word' id='word_1_486' title='bbox 2576 793 2727 851; x_wconf 86' lang='lat' dir='ltr'><strong>Unde</strong></span> <span class='ocrx_word' id='word_1_487' title='bbox 2751 806 2895 851; x_wconf 85' lang='lat' dir='ltr'><strong>erant</strong></span> <span class='ocrx_word' id='word_1_488' title='bbox 2921 799 3119 862; x_wconf 84' lang='lat' dir='ltr'><strong>traditi,</strong></span> <span class='ocrx_word' id='word_1_489' title='bbox 3150 800 3341 871; x_wconf 88' lang='lat' dir='ltr'><strong>inquit,</strong></span> <span class='ocrx_word' id='word_1_490' title='bbox 3373 806 3555 873; x_wconf 67' lang='lat' dir='ltr'><strong>gratia</strong></span> 
     </span>
    </p>
   </div>
   <div class='ocr_carea' id='block_1_66' title="bbox 1946 885 3556 966">
    <p class='ocr_par' dir='ltr' id='par_1_66' title="bbox 1946 885 3556 966">
     <span class='ocr_line' id='line_1_66' title="bbox 1946 885 3556 966; baseline 0.007 -25"><span class='ocrx_word' id='word_1_491' title='bbox 1946 885 2064 943; x_wconf 87' lang='lat' dir='ltr'><strong>Dei.</strong></span> <span class='ocrx_word' id='word_1_492' title='bbox 2099 888 2384 958; x_wconf 86' lang='lat' dir='ltr'><strong>Etiamque</strong></span> <span class='ocrx_word' id='word_1_493' title='bbox 2414 889 2648 957; x_wconf 89' lang='lat' dir='ltr'><strong>Spiritus</strong></span> <span class='ocrx_word' id='word_1_494' title='bbox 2689 889 2941 956; x_wconf 78' lang='lat' dir='ltr'><strong>dixerat;</strong></span> <span class='ocrx_word' id='word_1_495' title='bbox 2984 892 3080 947; x_wconf 86' lang='lat' dir='ltr'><strong>sed</strong></span> <span class='ocrx_word' id='word_1_496' title='bbox 3126 909 3220 959; x_wconf 88' lang='lat' dir='ltr'><strong>ea,</strong></span> <span class='ocrx_word' id='word_1_497' title='bbox 3263 911 3385 966; x_wconf 72' lang='lat' dir='ltr'><strong>quae</strong></span> <span class='ocrx_word' id='word_1_498' title='bbox 3428 910 3556 953; x_wconf 87' lang='lat' dir='ltr'><strong>sunt</strong></span> 
     </span>
    </p>
   </div>
   <div class='ocr_carea' id='block_1_67' title="bbox 1947 981 3552 1055">
    <p class='ocr_par' dir='ltr' id='par_1_67' title="bbox 1947 981 3552 1055">
     <span class='ocr_line' id='line_1_67' title="bbox 1947 981 3552 1055; baseline 0.007 -20"><span class='ocrx_word' id='word_1_499' title='bbox 1947 981 2200 1051; x_wconf 90' lang='lat' dir='ltr'><strong>Spiritus,</strong></span> <span class='ocrx_word' id='word_1_500' title='bbox 2247 982 2453 1037; x_wconf 84' lang='lat' dir='ltr'><strong>sciebat</strong></span> <span class='ocrx_word' id='word_1_501' title='bbox 2479 998 2602 1038; x_wconf 89' lang='lat' dir='ltr'><strong>esse</strong></span> <span class='ocrx_word' id='word_1_502' title='bbox 2633 981 2751 1038; x_wconf 86' lang='lat' dir='ltr'><strong>Filii</strong></span> <span class='ocrx_word' id='word_1_503' title='bbox 2786 1001 2801 1037; x_wconf 93' lang='lat'><strong>:</strong></span> <span class='ocrx_word' id='word_1_504' title='bbox 2834 999 2934 1038; x_wconf 88' lang='lat' dir='ltr'><strong>una</strong></span> <span class='ocrx_word' id='word_1_505' title='bbox 2963 986 3107 1040; x_wconf 87' lang='lat' dir='ltr'><strong>enim</strong></span> <span class='ocrx_word' id='word_1_506' title='bbox 3142 997 3405 1055; x_wconf 85' lang='lat' dir='ltr'><strong>potestas,</strong></span> <span class='ocrx_word' id='word_1_507' title='bbox 3446 992 3552 1046; x_wconf 83' lang='lat' dir='ltr'><strong>sic—</strong></span> 
     </span>
    </p>
   </div>
   <div class='ocr_carea' id='block_1_68' title="bbox 1947 1075 3555 1147">
    <p class='ocr_par' dir='ltr' id='par_1_68' title="bbox 1947 1075 3555 1147">
     <span class='ocr_line' id='line_1_68' title="bbox 1947 1075 3555 1147; baseline 0.006 -17"><span class='ocrx_word' id='word_1_508' title='bbox 1947 1084 2008 1130; x_wconf 93' lang='lat' dir='ltr'><strong>ut</strong></span> <span class='ocrx_word' id='word_1_509' title='bbox 2050 1085 2241 1131; x_wconf 87' lang='lat' dir='ltr'><strong>natura</strong></span> <span class='ocrx_word' id='word_1_510' title='bbox 2272 1075 2404 1131; x_wconf 86' lang='lat' dir='ltr'><strong>Filii.</strong></span> <span class='ocrx_word' id='word_1_511' title='bbox 2434 1084 2489 1131; x_wconf 91' lang='lat' dir='ltr'><strong>et</strong></span> <span class='ocrx_word' id='word_1_512' title='bbox 2518 1076 2755 1147; x_wconf 85' lang='lat' dir='ltr'><strong>Spiritus</strong></span> <span class='ocrx_word' id='word_1_513' title='bbox 2795 1090 2881 1133; x_wconf 90' lang='lat' dir='ltr'><strong>est</strong></span> <span class='ocrx_word' id='word_1_514' title='bbox 2916 1094 3041 1133; x_wconf 91' lang='lat' dir='ltr'><strong>una.</strong></span> <span class='ocrx_word' id='word_1_515' title='bbox 3095 1079 3185 1137; x_wconf 74' lang='lat'><strong>26.</strong></span> <span class='ocrx_word' id='word_1_516' title='bbox 3232 1081 3358 1136; x_wconf 86' lang='lat' dir='ltr'><strong>Cum</strong></span> <span class='ocrx_word' id='word_1_517' title='bbox 3382 1094 3555 1139; x_wconf 85' lang='lat' dir='ltr'><strong>autem</strong></span> 
     </span>
    </p>
   </div>
   <div class='ocr_carea' id='block_1_69' title="bbox 1945 1167 3556 1247">
    <p class='ocr_par' dir='ltr' id='par_1_69' title="bbox 1945 1167 3556 1247">
     <span class='ocr_line' id='line_1_69' title="bbox 1945 1167 3556 1247; baseline 0.007 -28"><span class='ocrx_word' id='word_1_518' title='bbox 1945 1167 2197 1221; x_wconf 80' lang='lat' dir='ltr'><strong>venissent</strong></span> <span class='ocrx_word' id='word_1_519' title='bbox 2223 1176 2270 1221; x_wconf 91' lang='lat' dir='ltr'><strong>et</strong></span> <span class='ocrx_word' id='word_1_520' title='bbox 2295 1178 2685 1239; x_wconf 83' lang='lat' dir='ltr'><strong>congregassent</strong></span> <span class='ocrx_word' id='word_1_521' title='bbox 2708 1168 3009 1235; x_wconf 78' lang='lat' dir='ltr'><strong>Ecclesium,</strong></span> <span class='ocrx_word' id='word_1_522' title='bbox 3037 1172 3321 1227; x_wconf 85' lang='lat' dir='ltr'><strong>retulerunt</strong></span> <span class='ocrx_word' id='word_1_523' title='bbox 3362 1187 3556 1247; x_wconf 86' lang='lat' dir='ltr'><strong>quanta</strong></span> 
     </span>
    </p>
   </div>
   <div class='ocr_carea' id='block_1_70' title="bbox 1949 1257 3555 1337">
    <p class='ocr_par' dir='ltr' id='par_1_70' title="bbox 1949 1257 3555 1337">
     <span class='ocr_line' id='line_1_70' title="bbox 1949 1257 3555 1337; baseline 0.006 -24"><span class='ocrx_word' id='word_1_524' title='bbox 1949 1259 2146 1329; x_wconf 79' lang='lat' dir='ltr'><strong>fecisset</strong></span> <span class='ocrx_word' id='word_1_525' title='bbox 2165 1257 2302 1313; x_wconf 84' lang='lat' dir='ltr'><strong>Deus</strong></span> <span class='ocrx_word' id='word_1_526' title='bbox 2322 1275 2436 1313; x_wconf 87' lang='lat' dir='ltr'><strong>cum</strong></span> <span class='ocrx_word' id='word_1_527' title='bbox 2463 1260 2585 1323; x_wconf 77' lang='lat' dir='ltr'><strong>illis,</strong></span> <span class='ocrx_word' id='word_1_528' title='bbox 2615 1272 2663 1315; x_wconf 89' lang='lat' dir='ltr'><strong>et</strong></span> <span class='ocrx_word' id='word_1_529' title='bbox 2678 1262 2801 1333; x_wconf 83' lang='lat' dir='ltr'><strong>quia</strong></span> <span class='ocrx_word' id='word_1_530' title='bbox 2821 1263 3102 1331; x_wconf 80' lang='lat' dir='ltr'><strong>aperuisset</strong></span> <span class='ocrx_word' id='word_1_531' title='bbox 3121 1266 3352 1337; x_wconf 83' lang='lat' dir='ltr'><strong>gentibus</strong></span> <span class='ocrx_word' id='word_1_532' title='bbox 3367 1270 3555 1323; x_wconf 80' lang='lat' dir='ltr'><strong>ostium</strong></span> 
     </span>
    </p>
   </div>
   <div class='ocr_carea' id='block_1_71' title="bbox 1948 1350 3554 1431">
    <p class='ocr_par' dir='ltr' id='par_1_71' title="bbox 1948 1350 3554 1431">
     <span class='ocr_line' id='line_1_71' title="bbox 1948 1350 3554 1431; baseline 0.009 -27"><span class='ocrx_word' id='word_1_533' title='bbox 1948 1352 2089 1420; x_wconf 76' lang='lat' dir='ltr'><strong>ﬁdei.</strong></span> <span class='ocrx_word' id='word_1_534' title='bbox 2120 1351 2210 1406; x_wconf 73' lang='lat'><strong>27.</strong></span> <span class='ocrx_word' id='word_1_535' title='bbox 2259 1350 2574 1408; x_wconf 89' lang='lat' dir='ltr'><strong>Commorati</strong></span> <span class='ocrx_word' id='word_1_536' title='bbox 2612 1365 2731 1409; x_wconf 86' lang='lat' dir='ltr'><strong>sunt</strong></span> <span class='ocrx_word' id='word_1_537' title='bbox 2773 1366 2945 1411; x_wconf 88' lang='lat' dir='ltr'><strong>autem</strong></span> <span class='ocrx_word' id='word_1_538' title='bbox 2971 1358 3080 1412; x_wconf 90' lang='lat' dir='ltr'><strong>illic</strong></span> <span class='ocrx_word' id='word_1_539' title='bbox 3107 1376 3209 1414; x_wconf 88' lang='lat' dir='ltr'><strong>non</strong></span> <span class='ocrx_word' id='word_1_540' title='bbox 3235 1378 3394 1431; x_wconf 80' lang='lat' dir='ltr'><strong>parvo</strong></span> <span class='ocrx_word' id='word_1_541' title='bbox 3424 1373 3554 1418; x_wconf 86' lang='lat' dir='ltr'><strong>tent-</strong></span> 
     </span>
    </p>
   </div>
   <div class='ocr_carea' id='block_1_72' title="bbox 1949 1447 3554 1527">
    <p class='ocr_par' dir='ltr' id='par_1_72' title="bbox 1949 1447 3554 1527">
     <span class='ocr_line' id='line_1_72' title="bbox 1949 1447 3554 1527; baseline 0.009 -28"><span class='ocrx_word' id='word_1_542' title='bbox 1949 1462 2073 1515; x_wconf 87' lang='lat' dir='ltr'><strong>pore</strong></span> <span class='ocrx_word' id='word_1_543' title='bbox 2095 1462 2213 1499; x_wconf 86' lang='lat' dir='ltr'><strong>cum</strong></span> <span class='ocrx_word' id='word_1_544' title='bbox 2238 1447 2526 1518; x_wconf 82' lang='lat' dir='ltr'><strong>discipulis.</strong></span> <span class='ocrx_word' id='word_1_545' title='bbox 2560 1447 2691 1504; x_wconf 73' lang='lat' dir='ltr'><strong>lure</strong></span> <span class='ocrx_word' id='word_1_546' title='bbox 2721 1449 2941 1519; x_wconf 90' lang='lat' dir='ltr'><strong>quidem</strong></span> <span class='ocrx_word' id='word_1_547' title='bbox 2968 1470 2984 1507; x_wconf 89' lang='lat'><strong>:</strong></span> <span class='ocrx_word' id='word_1_548' title='bbox 3013 1470 3137 1509; x_wconf 85' lang='lat' dir='ltr'><strong>cum</strong></span> <span class='ocrx_word' id='word_1_549' title='bbox 3174 1470 3363 1527; x_wconf 88' lang='lat' dir='ltr'><strong>magna</strong></span> <span class='ocrx_word' id='word_1_550' title='bbox 3410 1458 3554 1513; x_wconf 89' lang='lat' dir='ltr'><strong>enim</strong></span> 
     </span>
    </p>
   </div>
   <div class='ocr_carea' id='block_1_73' title="bbox 1947 1533 3555 1619">
    <p class='ocr_par' dir='ltr' id='par_1_73' title="bbox 1947 1533 3555 1619">
     <span class='ocr_line' id='line_1_73' title="bbox 1947 1533 3555 1619; baseline 0.01 -29"><span class='ocrx_word' id='word_1_551' title='bbox 1947 1536 2136 1591; x_wconf 77' lang='lat' dir='ltr'><strong>civitas</strong></span> <span class='ocrx_word' id='word_1_552' title='bbox 2161 1547 2327 1600; x_wconf 87' lang='lat' dir='ltr'><strong>esset.</strong></span> <span class='ocrx_word' id='word_1_553' title='bbox 2357 1533 2672 1595; x_wconf 84' lang='lat' dir='ltr'><strong>doctoribus</strong></span> <span class='ocrx_word' id='word_1_554' title='bbox 2692 1556 2827 1610; x_wconf 89' lang='lat' dir='ltr'><strong>opus</strong></span> <span class='ocrx_word' id='word_1_555' title='bbox 2852 1542 3101 1599; x_wconf 88' lang='lat' dir='ltr'><strong>habebat.</strong></span> <span class='ocrx_word' id='word_1_556' title='bbox 3128 1545 3246 1601; x_wconf 80' lang='lat' dir='ltr'><strong>lam</strong></span> <span class='ocrx_word' id='word_1_557' title='bbox 3277 1550 3555 1619; x_wconf 87' lang='lat' dir='ltr'><strong>superiora</strong></span> 
     </span>
    </p>
   </div>
   <div class='ocr_carea' id='block_1_74' title="bbox 1947 1628 3556 1704">
    <p class='ocr_par' dir='ltr' id='par_1_74' title="bbox 1947 1628 3556 1704">
     <span class='ocr_line' id='line_1_74' title="bbox 1947 1628 3556 1704; baseline 0.01 -22"><span class='ocrx_word' id='word_1_558' title='bbox 1947 1637 2276 1697; x_wconf 84' lang='lat' dir='ltr'><strong>repetamus.</strong></span> <span class='ocrx_word' id='word_1_559' title='bbox 2310 1628 2434 1701; x_wconf 80' lang='lat' dir='ltr'><strong>ipso</strong></span> <span class='ocrx_word' id='word_1_560' title='bbox 2458 1634 2769 1702; x_wconf 82' lang='lat' dir='ltr'><strong>spectaculo</strong></span> <span class='ocrx_word' id='word_1_561' title='bbox 2799 1645 3107 1692; x_wconf 90' lang='lat' dir='ltr'><strong>terruerunt</strong></span> <span class='ocrx_word' id='word_1_562' title='bbox 3138 1640 3279 1704; x_wconf 90' lang='lat' dir='ltr'><strong>illos,</strong></span> <span class='ocrx_word' id='word_1_563' title='bbox 3303 1644 3556 1698; x_wconf 85' lang='lat' dir='ltr'><strong>scinden-</strong></span> 
     </span>
    </p>
   </div>
   <div class='ocr_carea' id='block_1_75' title="bbox 1950 1722 3555 1808">
    <p class='ocr_par' dir='ltr' id='par_1_75' title="bbox 1950 1722 3555 1808">
     <span class='ocr_line' id='line_1_75' title="bbox 1950 1722 3555 1808; baseline 0.013 -35"><span class='ocrx_word' id='word_1_564' title='bbox 1950 1729 2029 1774; x_wconf 90' lang='lat' dir='ltr'><strong>tes</strong></span> <span class='ocrx_word' id='word_1_565' title='bbox 2058 1722 2376 1777; x_wconf 87' lang='lat' dir='ltr'><strong>vestimenta</strong></span> <span class='ocrx_word' id='word_1_566' title='bbox 2400 1738 2517 1781; x_wconf 81' lang='lat' dir='ltr'><strong>sua.</strong></span> <span class='ocrx_word' id='word_1_567' title='bbox 2544 1724 2656 1781; x_wconf 85' lang='lat' dir='ltr'><strong>Hoc</strong></span> <span class='ocrx_word' id='word_1_568' title='bbox 2680 1736 2733 1783; x_wconf 90' lang='lat' dir='ltr'><strong>et</strong></span> <span class='ocrx_word' id='word_1_569' title='bbox 2750 1727 2907 1784; x_wconf 71' lang='lat' dir='ltr'><strong>Iesus</strong></span> <span class='ocrx_word' id='word_1_570' title='bbox 2932 1729 3078 1787; x_wconf 85' lang='lat' dir='ltr'><strong>Nave</strong></span> <span class='ocrx_word' id='word_1_571' title='bbox 3117 1732 3261 1800; x_wconf 83' lang='lat' dir='ltr'><strong>fecit,</strong></span> <span class='ocrx_word' id='word_1_572' title='bbox 3289 1734 3340 1790; x_wconf 89' lang='lat' dir='ltr'><strong>in</strong></span> <span class='ocrx_word' id='word_1_573' title='bbox 3374 1738 3555 1808; x_wconf 82' lang='lat' dir='ltr'><strong>populi</strong></span> 
     </span>
    </p>
   </div>
   <div class='ocr_carea' id='block_1_76' title="bbox 1948 1812 3556 1887">
    <p class='ocr_par' dir='ltr' id='par_1_76' title="bbox 1948 1812 3556 1887">
     <span class='ocr_line' id='line_1_76' title="bbox 1948 1812 3556 1887; baseline 0.012 -21"><span class='ocrx_word' id='word_1_574' title='bbox 1948 1812 2123 1869; x_wconf 86' lang='lat' dir='ltr'><strong>clade.</strong></span> <span class='ocrx_word' id='word_1_575' title='bbox 2172 1813 2250 1871; x_wconf 83' lang='lat' dir='ltr'><strong>Ne</strong></span> <span class='ocrx_word' id='word_1_576' title='bbox 2288 1831 2419 1887; x_wconf 85' lang='lat' dir='ltr'><strong>ergo</strong></span> <span class='ocrx_word' id='word_1_577' title='bbox 2458 1826 2615 1887; x_wconf 90' lang='lat' dir='ltr'><strong>putes</strong></span> <span class='ocrx_word' id='word_1_578' title='bbox 2644 1819 2745 1875; x_wconf 88' lang='lat' dir='ltr'><strong>hoc</strong></span> <span class='ocrx_word' id='word_1_579' title='bbox 2774 1820 2882 1877; x_wconf 88' lang='lat' dir='ltr'><strong>illis</strong></span> <span class='ocrx_word' id='word_1_580' title='bbox 2911 1832 2965 1879; x_wconf 91' lang='lat' dir='ltr'><strong>et</strong></span> <span class='ocrx_word' id='word_1_581' title='bbox 2994 1824 3207 1880; x_wconf 89' lang='lat' dir='ltr'><strong>illorum</strong></span> <span class='ocrx_word' id='word_1_582' title='bbox 3235 1838 3379 1882; x_wconf 83' lang='lat' dir='ltr'><strong>statu</strong></span> <span class='ocrx_word' id='word_1_583' title='bbox 3414 1829 3556 1885; x_wconf 88' lang='lat' dir='ltr'><strong>indi-</strong></span> 
     </span>
    </p>
   </div>
   <div class='ocr_carea' id='block_1_77' title="bbox 1947 1913 3555 1979">
    <p class='ocr_par' dir='ltr' id='par_1_77' title="bbox 1947 1913 3555 1979">
     <span class='ocr_line' id='line_1_77' title="bbox 1947 1913 3555 1979; baseline 0.012 -21"><span class='ocrx_word' id='word_1_584' title='bbox 1947 1921 2109 1977; x_wconf 86' lang='lat' dir='ltr'><strong>gnum</strong></span> <span class='ocrx_word' id='word_1_585' title='bbox 2138 1923 2259 1964; x_wconf 88' lang='lat' dir='ltr'><strong>esse</strong></span> <span class='ocrx_word' id='word_1_586' title='bbox 2291 1928 2306 1963; x_wconf 89' lang='lat'><strong><em>:</em></strong></span> <span class='ocrx_word' id='word_1_587' title='bbox 2334 1926 2507 1979; x_wconf 89' lang='lat' dir='ltr'><strong>neque</strong></span> <span class='ocrx_word' id='word_1_588' title='bbox 2548 1913 2693 1967; x_wconf 90' lang='lat' dir='ltr'><strong>enim</strong></span> <span class='ocrx_word' id='word_1_589' title='bbox 2738 1914 2897 1970; x_wconf 82' lang='lat' dir='ltr'><strong>aliter</strong></span> <span class='ocrx_word' id='word_1_590' title='bbox 2941 1918 3309 1975; x_wconf 84' lang='lat' dir='ltr'><strong>cohibuissem</strong></span> <span class='ocrx_word' id='word_1_591' title='bbox 3351 1930 3555 1977; x_wconf 89' lang='lat' dir='ltr'><strong>tantum</strong></span> 
     </span>
    </p>
   </div>
   <div class='ocr_carea' id='block_1_78' title="bbox 1952 2000 3553 2070">
    <p class='ocr_par' dir='ltr' id='par_1_78' title="bbox 1952 2000 3553 2070">
     <span class='ocr_line' id='line_1_78' title="bbox 1952 2000 3553 2070; baseline 0.009 -16"><span class='ocrx_word' id='word_1_592' title='bbox 1952 2000 2231 2070; x_wconf 88' lang='lat' dir='ltr'><strong>impetum,</strong></span> <span class='ocrx_word' id='word_1_593' title='bbox 2282 2016 2389 2057; x_wconf 90' lang='lat' dir='ltr'><strong>non</strong></span> <span class='ocrx_word' id='word_1_594' title='bbox 2429 2002 2587 2060; x_wconf 88' lang='lat' dir='ltr'><strong>aliter</strong></span> <span class='ocrx_word' id='word_1_595' title='bbox 2618 2004 2926 2062; x_wconf 86' lang='lat' dir='ltr'><strong>incendium</strong></span> <span class='ocrx_word' id='word_1_596' title='bbox 2958 2011 3368 2069; x_wconf 70' lang='lat' dir='ltr'><strong>exstinxissent.</strong></span> <span class='ocrx_word' id='word_1_597' title='bbox 3420 2013 3553 2070; x_wconf 85' lang='lat' dir='ltr'><strong>Cum</strong></span> 
     </span>
    </p>
   </div>
   <div class='ocr_carea' id='block_1_79' title="bbox 1949 2093 3557 2179">
    <p class='ocr_par' dir='ltr' id='par_1_79' title="bbox 1949 2093 3557 2179">
     <span class='ocr_line' id='line_1_79' title="bbox 1949 2093 3557 2179; baseline 0.012 -34"><span class='ocrx_word' id='word_1_598' title='bbox 1949 2107 2079 2163; x_wconf 81' lang='lat' dir='ltr'><strong>ergo</strong></span> <span class='ocrx_word' id='word_1_599' title='bbox 2104 2107 2239 2162; x_wconf 92' lang='lat' dir='ltr'><strong>opus</strong></span> <span class='ocrx_word' id='word_1_600' title='bbox 2261 2093 2421 2149; x_wconf 85' lang='lat' dir='ltr'><strong>fuerit</strong></span> <span class='ocrx_word' id='word_1_601' title='bbox 2443 2096 2660 2164; x_wconf 90' lang='lat' dir='ltr'><strong>talibus,</strong></span> <span class='ocrx_word' id='word_1_602' title='bbox 2689 2114 2758 2155; x_wconf 92' lang='lat' dir='ltr'><strong>ne</strong></span> <span class='ocrx_word' id='word_1_603' title='bbox 2785 2115 3102 2158; x_wconf 84' lang='lat' dir='ltr'><strong>recusemus</strong></span> <span class='ocrx_word' id='word_1_604' title='bbox 3132 2120 3315 2175; x_wconf 66' lang='lat' dir='ltr'><strong>agere.</strong></span> <span class='ocrx_word' id='word_1_605' title='bbox 3341 2106 3399 2163; x_wconf 91' lang='lat' dir='ltr'><strong>Si</strong></span> <span class='ocrx_word' id='word_1_606' title='bbox 3427 2126 3557 2179; x_wconf 74' lang='lat' dir='ltr'><strong>ergo</strong></span> 
     </span>
    </p>
   </div>
   <div class='ocr_carea' id='block_1_80' title="bbox 1948 2183 3554 2268">
    <p class='ocr_par' dir='ltr' id='par_1_80' title="bbox 1948 2183 3554 2268">
     <span class='ocr_line' id='line_1_80' title="bbox 1948 2183 3554 2268; baseline 0.012 -29"><span class='ocrx_word' id='word_1_607' title='bbox 1948 2183 2028 2239; x_wconf 85' lang='lat' dir='ltr'><strong>sic</strong></span> <span class='ocrx_word' id='word_1_608' title='bbox 2051 2195 2274 2254; x_wconf 79' lang='lat' dir='ltr'><strong>agentes</strong></span> <span class='ocrx_word' id='word_1_609' title='bbox 2303 2187 2393 2242; x_wconf 87' lang='lat' dir='ltr'><strong>vix</strong></span> <span class='ocrx_word' id='word_1_610' title='bbox 2421 2202 2711 2244; x_wconf 86' lang='lat' dir='ltr'><strong>suaserunt</strong></span> <span class='ocrx_word' id='word_1_611' title='bbox 2739 2192 2867 2259; x_wconf 85' lang='lat' dir='ltr'><strong>illis,</strong></span> <span class='ocrx_word' id='word_1_612' title='bbox 2913 2195 2959 2250; x_wconf 88' lang='lat' dir='ltr'><strong>si</strong></span> <span class='ocrx_word' id='word_1_613' title='bbox 3002 2210 3111 2251; x_wconf 93' lang='lat' dir='ltr'><strong>non</strong></span> <span class='ocrx_word' id='word_1_614' title='bbox 3144 2197 3245 2253; x_wconf 91' lang='lat' dir='ltr'><strong>hoc</strong></span> <span class='ocrx_word' id='word_1_615' title='bbox 3270 2196 3554 2268; x_wconf 86' lang='lat' dir='ltr'><strong>fecissent,</strong></span> 
     </span>
    </p>
   </div>
   <div class='ocr_carea' id='block_1_81' title="bbox 1947 2277 3555 2358">
    <p class='ocr_par' dir='ltr' id='par_1_81' title="bbox 1947 2277 3555 2358">
     <span class='ocr_line' id='line_1_81' title="bbox 1947 2277 3555 2358; baseline 0.014 -30"><span class='ocrx_word' id='word_1_616' title='bbox 1947 2277 2074 2347; x_wconf 89' lang='lat' dir='ltr'><strong>quid</strong></span> <span class='ocrx_word' id='word_1_617' title='bbox 2105 2294 2209 2332; x_wconf 92' lang='lat' dir='ltr'><strong>non</strong></span> <span class='ocrx_word' id='word_1_618' title='bbox 2239 2277 2475 2348; x_wconf 89' lang='lat' dir='ltr'><strong>futurum</strong></span> <span class='ocrx_word' id='word_1_619' title='bbox 2507 2282 2666 2343; x_wconf 84' lang='lat' dir='ltr'><strong>erat?</strong></span> <span class='ocrx_word' id='word_1_620' title='bbox 2714 2282 2847 2338; x_wconf 84' lang='lat' dir='ltr'><strong>Nam</strong></span> <span class='ocrx_word' id='word_1_621' title='bbox 2894 2286 2938 2339; x_wconf 84' lang='lat' dir='ltr'><strong>si</strong></span> <span class='ocrx_word' id='word_1_622' title='bbox 2989 2286 3093 2343; x_wconf 84' lang='lat' dir='ltr'><strong>hoc</strong></span> <span class='ocrx_word' id='word_1_623' title='bbox 3133 2305 3238 2344; x_wconf 90' lang='lat' dir='ltr'><strong>non</strong></span> <span class='ocrx_word' id='word_1_624' title='bbox 3277 2291 3555 2358; x_wconf 82' lang='lat' dir='ltr'><strong>fecissent,</strong></span> 
     </span>
    </p>
   </div>
   <div class='ocr_carea' id='block_1_82' title="bbox 1948 2371 3552 2448">
    <p class='ocr_par' dir='ltr' id='par_1_82' title="bbox 1948 2371 3552 2448">
     <span class='ocr_line' id='line_1_82' title="bbox 1948 2371 3552 2448; baseline 0.012 -25"><span class='ocrx_word' id='word_1_625' title='bbox 1948 2380 2189 2438; x_wconf 90' lang='lat' dir='ltr'><strong>putatum</strong></span> <span class='ocrx_word' id='word_1_626' title='bbox 2237 2371 2428 2428; x_wconf 77' lang='lat' dir='ltr'><strong>fuisset</strong></span> <span class='ocrx_word' id='word_1_627' title='bbox 2474 2373 2594 2429; x_wconf 88' lang='lat' dir='ltr'><strong>illos</strong></span> <span class='ocrx_word' id='word_1_628' title='bbox 2628 2375 2797 2431; x_wconf 88' lang='lat' dir='ltr'><strong>altum</strong></span> <span class='ocrx_word' id='word_1_629' title='bbox 2828 2392 3024 2448; x_wconf 88' lang='lat' dir='ltr'><strong>sapere</strong></span> <span class='ocrx_word' id='word_1_630' title='bbox 3058 2391 3113 2436; x_wconf 92' lang='lat' dir='ltr'><strong>et</strong></span> <span class='ocrx_word' id='word_1_631' title='bbox 3142 2383 3405 2439; x_wconf 90' lang='lat' dir='ltr'><strong>honorem</strong></span> <span class='ocrx_word' id='word_1_632' title='bbox 3434 2403 3552 2441; x_wconf 57' lang='lat' dir='ltr'><strong>aut.</strong></span> 
     </span>
    </p>
   </div>
   <div class='ocr_carea' id='block_1_83' title="bbox 1948 2463 3555 2546">
    <p class='ocr_par' dir='ltr' id='par_1_83' title="bbox 1948 2463 3555 2546">
     <span class='ocr_line' id='line_1_83' title="bbox 1948 2463 3555 2546; baseline 0.011 -27"><span class='ocrx_word' id='word_1_633' title='bbox 1948 2463 2083 2520; x_wconf 87' lang='lat' dir='ltr'><strong>bire.</strong></span> <span class='ocrx_word' id='word_1_634' title='bbox 2110 2464 2179 2521; x_wconf 86' lang='lat' dir='ltr'><strong>Et</strong></span> <span class='ocrx_word' id='word_1_635' title='bbox 2204 2468 2479 2537; x_wconf 88' lang='lat' dir='ltr'><strong>perpende</strong></span> <span class='ocrx_word' id='word_1_636' title='bbox 2499 2484 2809 2526; x_wconf 87' lang='lat' dir='ltr'><strong>sermonem</strong></span> <span class='ocrx_word' id='word_1_637' title='bbox 2835 2471 2886 2527; x_wconf 91' lang='lat' dir='ltr'><strong>in</strong></span> <span class='ocrx_word' id='word_1_638' title='bbox 2917 2474 3007 2529; x_wconf 88' lang='lat' dir='ltr'><strong>tali</strong></span> <span class='ocrx_word' id='word_1_639' title='bbox 3038 2476 3407 2546; x_wconf 70' lang='lat' dir='ltr'><strong>increpatioiie</strong></span> <span class='ocrx_word' id='word_1_640' title='bbox 3436 2496 3555 2535; x_wconf 90' lang='lat' dir='ltr'><strong>mo-</strong></span> 
     </span>
    </p>
   </div>
   <div class='ocr_carea' id='block_1_84' title="bbox 1949 2554 3555 2637">
    <p class='ocr_par' dir='ltr' id='par_1_84' title="bbox 1949 2554 3555 2637">
     <span class='ocr_line' id='line_1_84' title="bbox 1949 2554 3555 2637; baseline 0.012 -28"><span class='ocrx_word' id='word_1_641' title='bbox 1949 2554 2222 2623; x_wconf 89' lang='lat' dir='ltr'><strong>deratum,</strong></span> <span class='ocrx_word' id='word_1_642' title='bbox 2246 2558 2609 2617; x_wconf 85' lang='lat' dir='ltr'><strong>admiratione</strong></span> <span class='ocrx_word' id='word_1_643' title='bbox 2639 2562 2805 2618; x_wconf 85' lang='lat' dir='ltr'><strong>simul</strong></span> <span class='ocrx_word' id='word_1_644' title='bbox 2837 2574 2893 2619; x_wconf 91' lang='lat' dir='ltr'><strong>et</strong></span> <span class='ocrx_word' id='word_1_645' title='bbox 2912 2575 3136 2634; x_wconf 87' lang='lat' dir='ltr'><strong>stupore</strong></span> <span class='ocrx_word' id='word_1_646' title='bbox 3165 2569 3406 2637; x_wconf 91' lang='lat' dir='ltr'><strong>plenum.</strong></span> <span class='ocrx_word' id='word_1_647' title='bbox 3441 2573 3555 2628; x_wconf 90' lang='lat' dir='ltr'><strong>lloe</strong></span> 
     </span>
    </p>
   </div>
   <div class='ocr_carea' id='block_1_85' title="bbox 1948 2649 3555 2724">
    <p class='ocr_par' dir='ltr' id='par_1_85' title="bbox 1948 2649 3555 2724">
     <span class='ocr_line' id='line_1_85' title="bbox 1948 2649 3555 2724; baseline 0.009 -21"><span class='ocrx_word' id='word_1_648' title='bbox 1948 2649 2185 2705; x_wconf 82' lang='lat' dir='ltr'><strong>maxime</strong></span> <span class='ocrx_word' id='word_1_649' title='bbox 2216 2650 2339 2705; x_wconf 91' lang='lat' dir='ltr'><strong>illos</strong></span> <span class='ocrx_word' id='word_1_650' title='bbox 2370 2652 2632 2719; x_wconf 84' lang='lat' dir='ltr'><strong>cohibuit,</strong></span> <span class='ocrx_word' id='word_1_651' title='bbox 2662 2656 2805 2724; x_wconf 91' lang='lat' dir='ltr'><strong>quod</strong></span> <span class='ocrx_word' id='word_1_652' title='bbox 2827 2656 3076 2713; x_wconf 89' lang='lat' dir='ltr'><strong>dicerent</strong></span> <span class='ocrx_word' id='word_1_653' title='bbox 3105 2678 3118 2716; x_wconf 92' lang='lat'>:</span> <span class='ocrx_word' id='word_1_654' title='bbox 3145 2659 3213 2714; x_wconf 84' lang='lat' dir='ltr'><strong>Et</strong></span> <span class='ocrx_word' id='word_1_655' title='bbox 3239 2678 3332 2716; x_wconf 83' lang='lat' dir='ltr'><strong>nos</strong></span> <span class='ocrx_word' id='word_1_656' title='bbox 3362 2666 3555 2720; x_wconf 76' lang='lat' dir='ltr'><strong>similes</strong></span> 
     </span>
    </p>
   </div>
   <div class='ocr_carea' id='block_1_86' title="bbox 1949 2742 3553 2817">
    <p class='ocr_par' dir='ltr' id='par_1_86' title="bbox 1949 2742 3553 2817">
     <span class='ocr_line' id='line_1_86' title="bbox 1949 2742 3553 2817; baseline 0.011 -22"><span class='ocrx_word' id='word_1_657' title='bbox 1949 2743 2086 2797; x_wconf 78' lang='lat' dir='ltr'><strong>vobis</strong></span> <span class='ocrx_word' id='word_1_658' title='bbox 2112 2742 2341 2799; x_wconf 89' lang='lat' dir='ltr'><strong>homines</strong></span> <span class='ocrx_word' id='word_1_659' title='bbox 2366 2746 2633 2817; x_wconf 86' lang='lat' dir='ltr'><strong>passibiles</strong></span> <span class='ocrx_word' id='word_1_660' title='bbox 2660 2766 2859 2817; x_wconf 85' lang='lat' dir='ltr'><strong>sumus,</strong></span> <span class='ocrx_word' id='word_1_661' title='bbox 2902 2754 3265 2811; x_wconf 83' lang='lat' dir='ltr'><strong>annuntiantes</strong></span> <span class='ocrx_word' id='word_1_662' title='bbox 3308 2759 3447 2813; x_wconf 75' lang='lat' dir='ltr'><strong>nobis</strong></span> <span class='ocrx_word' id='word_1_663' title='bbox 3492 2764 3553 2814; x_wconf 84' lang='lat' dir='ltr'><strong>ob</strong></span> 
     </span>
    </p>
   </div>
   <div class='ocr_carea' id='block_1_87' title="bbox 1950 2834 3557 2909">
    <p class='ocr_par' dir='ltr' id='par_1_87' title="bbox 1950 2834 3557 2909">
     <span class='ocr_line' id='line_1_87' title="bbox 1950 2834 3557 2909; baseline 0.012 -22"><span class='ocrx_word' id='word_1_664' title='bbox 1950 2834 2029 2887; x_wconf 88' lang='lat' dir='ltr'><strong>his</strong></span> <span class='ocrx_word' id='word_1_665' title='bbox 2050 2837 2193 2890; x_wconf 77' lang='lat' dir='ltr'><strong>vanis</strong></span> <span class='ocrx_word' id='word_1_666' title='bbox 2226 2839 2450 2892; x_wconf 86' lang='lat' dir='ltr'><strong>converti</strong></span> <span class='ocrx_word' id='word_1_667' title='bbox 2476 2840 2545 2892; x_wconf 91' lang='lat' dir='ltr'><strong>ad</strong></span> <span class='ocrx_word' id='word_1_668' title='bbox 2570 2838 2735 2894; x_wconf 86' lang='lat' dir='ltr'><strong>Deum</strong></span> <span class='ocrx_word' id='word_1_669' title='bbox 2759 2859 2779 2907; x_wconf 87' lang='grc'><em>;</em></span> <span class='ocrx_word' id='word_1_670' title='bbox 2805 2858 2871 2896; x_wconf 85' lang='lat' dir='ltr'><strong>ac</strong></span> <span class='ocrx_word' id='word_1_671' title='bbox 2900 2844 2945 2898; x_wconf 91' lang='lat' dir='ltr'><strong>si</strong></span> <span class='ocrx_word' id='word_1_672' title='bbox 2976 2844 3221 2901; x_wconf 79' lang='lat' dir='ltr'><strong>dicereut</strong></span> <span class='ocrx_word' id='word_1_673' title='bbox 3251 2866 3264 2901; x_wconf 86' lang='lat'>:</span> <span class='ocrx_word' id='word_1_674' title='bbox 3294 2848 3557 2909; x_wconf 82' lang='lat' dir='ltr'><strong>Homines</strong></span> 
     </span>
    </p>
   </div>
   <div class='ocr_carea' id='block_1_88' title="bbox 1950 2928 3557 3013">
    <p class='ocr_par' dir='ltr' id='par_1_88' title="bbox 1950 2928 3557 3013">
     <span class='ocr_line' id='line_1_88' title="bbox 1950 2928 3557 3013; baseline 0.013 -33"><span class='ocrx_word' id='word_1_675' title='bbox 1950 2928 2167 2998; x_wconf 90' lang='lat' dir='ltr'><strong>quidem</strong></span> <span class='ocrx_word' id='word_1_676' title='bbox 2198 2946 2406 2997; x_wconf 85' lang='lat' dir='ltr'><strong>sumus,</strong></span> <span class='ocrx_word' id='word_1_677' title='bbox 2438 2931 2524 2986; x_wconf 87' lang='lat' dir='ltr'><strong>bis</strong></span> <span class='ocrx_word' id='word_1_678' title='bbox 2544 2944 2722 2989; x_wconf 87' lang='lat' dir='ltr'><strong>autem</strong></span> <span class='ocrx_word' id='word_1_679' title='bbox 2757 2935 3019 3005; x_wconf 89' lang='lat' dir='ltr'><strong>majores;</strong></span> <span class='ocrx_word' id='word_1_680' title='bbox 3054 2937 3171 2995; x_wconf 72' lang='lat' dir='ltr'><strong>brec</strong></span> <span class='ocrx_word' id='word_1_681' title='bbox 3190 2942 3391 3013; x_wconf 91' lang='lat' dir='ltr'><strong>quippe</strong></span> <span class='ocrx_word' id='word_1_682' title='bbox 3418 2960 3557 3000; x_wconf 88' lang='lat' dir='ltr'><strong>mor-</strong></span> 
     </span>
    </p>
   </div>
   <div class='ocr_carea' id='block_1_89' title="bbox 1951 3022 3554 3099">
    <p class='ocr_par' dir='ltr' id='par_1_89' title="bbox 1951 3022 3554 3099">
     <span class='ocr_line' id='line_1_89' title="bbox 1951 3022 3554 3099; baseline 0.013 -26"><span class='ocrx_word' id='word_1_683' title='bbox 1951 3028 2040 3074; x_wconf 88' lang='lat' dir='ltr'><strong>tua</strong></span> <span class='ocrx_word' id='word_1_684' title='bbox 2067 3032 2211 3075; x_wconf 89' lang='lat' dir='ltr'><strong>sunt.</strong></span> <span class='ocrx_word' id='word_1_685' title='bbox 2252 3022 2381 3078; x_wconf 87' lang='lat' dir='ltr'><strong>Vide</strong></span> <span class='ocrx_word' id='word_1_686' title='bbox 2408 3024 2530 3080; x_wconf 86' lang='lat' dir='ltr'><strong>illos</strong></span> <span class='ocrx_word' id='word_1_687' title='bbox 2555 3041 2659 3080; x_wconf 90' lang='lat' dir='ltr'><strong>non</strong></span> <span class='ocrx_word' id='word_1_688' title='bbox 2686 3028 3026 3085; x_wconf 87' lang='lat' dir='ltr'><strong>confutantes</strong></span> <span class='ocrx_word' id='word_1_689' title='bbox 3059 3034 3239 3099; x_wconf 88' lang='lat' dir='ltr'><strong>modo,</strong></span> <span class='ocrx_word' id='word_1_690' title='bbox 3264 3036 3358 3092; x_wconf 87' lang='lat' dir='ltr'><strong>sed</strong></span> <span class='ocrx_word' id='word_1_691' title='bbox 3393 3040 3554 3093; x_wconf 87' lang='lat' dir='ltr'><strong>etiam</strong></span> 
     </span>
    </p>
   </div>
   <div class='ocr_carea' id='block_1_90' title="bbox 1950 3110 3557 3199">
    <p class='ocr_par' dir='ltr' id='par_1_90' title="bbox 1950 3110 3557 3199">
     <span class='ocr_line' id='line_1_90' title="bbox 1950 3110 3557 3199; baseline 0.012 -32"><span class='ocrx_word' id='word_1_692' title='bbox 1950 3110 2230 3181; x_wconf 83' lang='lat' dir='ltr'><strong>docentes,</strong></span> <span class='ocrx_word' id='word_1_693' title='bbox 2279 3126 2334 3171; x_wconf 92' lang='lat' dir='ltr'><strong>et</strong></span> <span class='ocrx_word' id='word_1_694' title='bbox 2380 3117 2513 3171; x_wconf 84' lang='lat' dir='ltr'><strong>nihil</strong></span> <span class='ocrx_word' id='word_1_695' title='bbox 2561 3117 2629 3174; x_wconf 88' lang='lat' dir='ltr'><strong>de</strong></span> <span class='ocrx_word' id='word_1_696' title='bbox 2680 3110 3039 3178; x_wconf 82' lang='lat' dir='ltr'><strong>invisibilihus</strong></span> <span class='ocrx_word' id='word_1_697' title='bbox 3085 3126 3388 3196; x_wconf 81' lang='lat' dir='ltr'><strong>loquentes.</strong></span> <span class='ocrx_word' id='word_1_698' title='bbox 3456 3132 3557 3199; x_wconf 85' lang='lat' dir='ltr'><strong>Qui</strong></span> 
     </span>
    </p>
   </div>
   <div class='ocr_carea' id='block_1_91' title="bbox 1953 3207 3558 3287">
    <p class='ocr_par' dir='ltr' id='par_1_91' title="bbox 1953 3207 3558 3287">
     <span class='ocr_line' id='line_1_91' title="bbox 1953 3207 3558 3287; baseline 0.013 -28"><span class='ocrx_word' id='word_1_699' title='bbox 1953 3207 2090 3276; x_wconf 74' lang='lat' dir='ltr'><strong>fecit,</strong></span> <span class='ocrx_word' id='word_1_700' title='bbox 2134 3207 2321 3277; x_wconf 88' lang='lat' dir='ltr'><strong>inquit,</strong></span> <span class='ocrx_word' id='word_1_701' title='bbox 2350 3208 2533 3263; x_wconf 70' lang='lat' dir='ltr'><strong>etclam</strong></span> <span class='ocrx_word' id='word_1_702' title='bbox 2559 3220 2603 3285; x_wconf 86' lang='lat' dir='ltr'><strong>et</strong></span> <span class='ocrx_word' id='word_1_703' title='bbox 2630 3220 2819 3265; x_wconf 86' lang='lat' dir='ltr'><strong>terram</strong></span> <span class='ocrx_word' id='word_1_704' title='bbox 2838 3223 2887 3266; x_wconf 77' lang='lat' dir='ltr'><strong>et</strong></span> <span class='ocrx_word' id='word_1_705' title='bbox 2914 3232 3069 3279; x_wconf 84' lang='lat' dir='ltr'><strong>mare,</strong></span> <span class='ocrx_word' id='word_1_706' title='bbox 3104 3228 3151 3272; x_wconf 87' lang='lat' dir='ltr'><strong>et</strong></span> <span class='ocrx_word' id='word_1_707' title='bbox 3172 3221 3344 3273; x_wconf 87' lang='lat' dir='ltr'><strong>omnia</strong></span> <span class='ocrx_word' id='word_1_708' title='bbox 3372 3240 3486 3287; x_wconf 66' lang='lat' dir='ltr'><strong>qua</strong></span> <span class='ocrx_word' id='word_1_709' title='bbox 3503 3226 3558 3280; x_wconf 86' lang='lat' dir='ltr'><strong>in</strong></span> 
     </span>
    </p>
   </div>
   <div class='ocr_carea' id='block_1_92' title="bbox 1952 3290 3625 3372">
    <p class='ocr_par' dir='ltr' id='par_1_92' title="bbox 1952 3290 3625 3372">
     <span class='ocr_line' id='line_1_92' title="bbox 1952 3290 3625 3372; baseline 0.011 -19"><span class='ocrx_word' id='word_1_710' title='bbox 1952 3299 2024 3353; x_wconf 87' lang='lat' dir='ltr'><strong>eis</strong></span> <span class='ocrx_word' id='word_1_711' title='bbox 2047 3310 2186 3353; x_wconf 87' lang='lat' dir='ltr'><strong>sunt.</strong></span> <span class='ocrx_word' id='word_1_712' title='bbox 2213 3300 2401 3355; x_wconf 85' lang='lat' dir='ltr'><strong>Testes</strong></span> <span class='ocrx_word' id='word_1_713' title='bbox 2429 3290 2579 3370; x_wconf 68' lang='lat' dir='ltr'><strong>ipsos</strong></span> <span class='ocrx_word' id='word_1_714' title='bbox 2600 3304 2737 3358; x_wconf 89' lang='lat' dir='ltr'><strong>dixit</strong></span> <span class='ocrx_word' id='word_1_715' title='bbox 2773 3319 2968 3361; x_wconf 90' lang='lat' dir='ltr'><strong>annos.</strong></span> <span class='ocrx_word' id='word_1_716' title='bbox 2998 3306 3042 3363; x_wconf 91' lang='lat'><strong>0</strong></span> <span class='ocrx_word' id='word_1_717' title='bbox 3069 3308 3332 3367; x_wconf 88' lang='lat' dir='ltr'><strong>insaniam</strong></span> <span class='ocrx_word' id='word_1_718' title='bbox 3371 3314 3559 3372; x_wconf 84' lang='lat' dir='ltr'><strong>Judai-</strong></span> <span class='ocrx_word' id='word_1_719' title='bbox 3614 3340 3625 3345; x_wconf 84' lang='grc'><strong>-</strong></span> 
     </span>
    </p>
   </div>
   <div class='ocr_carea' id='block_1_93' title="bbox 1953 3393 3561 3474">
    <p class='ocr_par' dir='ltr' id='par_1_93' title="bbox 1953 3393 3561 3474">
     <span class='ocr_line' id='line_1_93' title="bbox 1953 3393 3561 3474; baseline 0.011 -27"><span class='ocrx_word' id='word_1_720' title='bbox 1953 3393 2107 3447; x_wconf 81' lang='lat' dir='ltr'><strong>cam!</strong></span> <span class='ocrx_word' id='word_1_721' title='bbox 2140 3393 2270 3447; x_wconf 83' lang='lat' dir='ltr'><strong>Ausi</strong></span> <span class='ocrx_word' id='word_1_722' title='bbox 2292 3404 2419 3447; x_wconf 93' lang='lat' dir='ltr'><strong>sunt</strong></span> <span class='ocrx_word' id='word_1_723' title='bbox 2441 3393 2646 3465; x_wconf 86' lang='lat' dir='ltr'><strong>ingredi</strong></span> <span class='ocrx_word' id='word_1_724' title='bbox 2670 3396 2737 3451; x_wconf 91' lang='lat' dir='ltr'><strong>ad</strong></span> <span class='ocrx_word' id='word_1_725' title='bbox 2766 3399 3024 3468; x_wconf 88' lang='lat' dir='ltr'><strong>populum</strong></span> <span class='ocrx_word' id='word_1_726' title='bbox 3053 3401 3133 3456; x_wconf 90' lang='lat' dir='ltr'><strong>sic</strong></span> <span class='ocrx_word' id='word_1_727' title='bbox 3164 3407 3438 3474; x_wconf 89' lang='lat' dir='ltr'><strong>apostolos</strong></span> <span class='ocrx_word' id='word_1_728' title='bbox 3458 3408 3561 3463; x_wconf 79' lang='lat' dir='ltr'><strong>ho-</strong></span> 
     </span>
    </p>
   </div>
   <div class='ocr_carea' id='block_1_94' title="bbox 1956 3486 3560 3568">
    <p class='ocr_par' dir='ltr' id='par_1_94' title="bbox 1956 3486 3560 3568">
     <span class='ocr_line' id='line_1_94' title="bbox 1956 3486 3560 3568; baseline 0.012 -32"><span class='ocrx_word' id='word_1_729' title='bbox 1956 3493 2261 3549; x_wconf 85' lang='lat' dir='ltr'><strong>norantcm,</strong></span> <span class='ocrx_word' id='word_1_730' title='bbox 2311 3486 2426 3540; x_wconf 89' lang='lat' dir='ltr'><strong>ausi</strong></span> <span class='ocrx_word' id='word_1_731' title='bbox 2472 3496 2598 3541; x_wconf 87' lang='lat' dir='ltr'><strong>sunt</strong></span> <span class='ocrx_word' id='word_1_732' title='bbox 2644 3489 2904 3568; x_wconf 82' lang='lat' dir='ltr'><strong>invadere</strong></span> <span class='ocrx_word' id='word_1_733' title='bbox 2947 3502 3001 3545; x_wconf 88' lang='lat' dir='ltr'><strong>et</strong></span> <span class='ocrx_word' id='word_1_734' title='bbox 3046 3494 3284 3567; x_wconf 82' lang='lat' dir='ltr'><strong>lapidare</strong></span> <span class='ocrx_word' id='word_1_735' title='bbox 3314 3498 3560 3567; x_wconf 70' lang='lat' dir='ltr'><strong>Paulum.</strong></span> 
     </span>
    </p>
   </div>
   <div class='ocr_carea' id='block_1_95' title="bbox 1958 3570 3565 3647">
    <p class='ocr_par' dir='ltr' id='par_1_95' title="bbox 1958 3570 3565 3647">
     <span class='ocr_line' id='line_1_95' title="bbox 1958 3570 3565 3647; baseline 0.012 -19"><span class='ocrx_word' id='word_1_736' title='bbox 1958 3574 2121 3630; x_wconf 67' lang='lat' dir='ltr'><strong>Extra</strong></span> <span class='ocrx_word' id='word_1_737' title='bbox 2167 3570 2671 3632; x_wconf 68' lang='lat' dir='ltr'><strong>civitatem’auteni</strong></span> <span class='ocrx_word' id='word_1_738' title='bbox 2718 3588 3017 3646; x_wconf 84' lang='lat' dir='ltr'><strong>traxerunt,</strong></span> <span class='ocrx_word' id='word_1_739' title='bbox 3075 3584 3257 3642; x_wconf 84' lang='lat' dir='ltr'><strong>forsan</strong></span> <span class='ocrx_word' id='word_1_740' title='bbox 3312 3590 3565 3647; x_wconf 73' lang='lat' dir='ltr'><strong>timentes</strong></span> 
     </span>
    </p>
   </div>
   <div class='ocr_carea' id='block_1_96' title="bbox 1957 3666 3568 3746">
    <p class='ocr_par' dir='ltr' id='par_1_96' title="bbox 1957 3666 3568 3746">
     <span class='ocr_line' id='line_1_96' title="bbox 1957 3666 3568 3746; baseline 0.012 -25"><span class='ocrx_word' id='word_1_741' title='bbox 1957 3668 2130 3722; x_wconf 88' lang='lat' dir='ltr'><strong>illum.</strong></span> <span class='ocrx_word' id='word_1_742' title='bbox 2152 3666 2217 3721; x_wconf 83' lang='lat' dir='ltr'><strong>Et</strong></span> <span class='ocrx_word' id='word_1_743' title='bbox 2246 3679 2471 3730; x_wconf 81' lang='lat' dir='ltr'><strong>orantes,</strong></span> <span class='ocrx_word' id='word_1_744' title='bbox 2498 3670 2690 3740; x_wconf 91' lang='lat' dir='ltr'><strong>inquit,</strong></span> <span class='ocrx_word' id='word_1_745' title='bbox 2715 3689 2829 3727; x_wconf 88' lang='lat' dir='ltr'><strong>cum</strong></span> <span class='ocrx_word' id='word_1_746' title='bbox 2843 3676 3062 3746; x_wconf 84' lang='lat' dir='ltr'><strong>jejuniis</strong></span> <span class='ocrx_word' id='word_1_747' title='bbox 3087 3684 3568 3741; x_wconf 83' lang='lat' dir='ltr'><strong>commendaveruut</strong></span> 
     </span>
    </p>
   </div>
   <div class='ocr_carea' id='block_1_97' title="bbox 1955 3754 3565 3835">
    <p class='ocr_par' dir='ltr' id='par_1_97' title="bbox 1955 3754 3565 3835">
     <span class='ocr_line' id='line_1_97' title="bbox 1955 3754 3565 3835; baseline 0.012 -22"><span class='ocrx_word' id='word_1_748' title='bbox 1955 3760 2072 3814; x_wconf 84' lang='lat' dir='ltr'><strong>illos</strong></span> <span class='ocrx_word' id='word_1_749' title='bbox 2094 3757 2337 3814; x_wconf 86' lang='lat' dir='ltr'><strong>Domino.</strong></span> <span class='ocrx_word' id='word_1_750' title='bbox 2374 3761 2441 3815; x_wconf 87' lang='lat' dir='ltr'><strong>Et</strong></span> <span class='ocrx_word' id='word_1_751' title='bbox 2473 3762 3146 3835; x_wconf 85' lang='lat' dir='ltr'><strong>docueruntjejunandutn</strong></span> <span class='ocrx_word' id='word_1_752' title='bbox 3186 3787 3307 3828; x_wconf 85' lang='lat' dir='ltr'><strong>esse</strong></span> <span class='ocrx_word' id='word_1_753' title='bbox 3345 3776 3398 3830; x_wconf 90' lang='lat' dir='ltr'><strong>in</strong></span> <span class='ocrx_word' id='word_1_754' title='bbox 3444 3754 3565 3832; x_wconf 77' lang='lat' dir='ltr'><strong>ten-</strong></span> 
     </span>
    </p>
   </div>
   <div class='ocr_carea' id='block_1_98' title="bbox 1958 3853 3565 3933">
    <p class='ocr_par' dir='ltr' id='par_1_98' title="bbox 1958 3853 3565 3933">
     <span class='ocr_line' id='line_1_98' title="bbox 1958 3853 3565 3933; baseline 0.011 -27"><span class='ocrx_word' id='word_1_755' title='bbox 1958 3853 2269 3908; x_wconf 84' lang='lat' dir='ltr'><strong>tationibus.</strong></span> <span class='ocrx_word' id='word_1_756' title='bbox 2317 3854 2436 3910; x_wconf 88' lang='lat' dir='ltr'><strong>Non</strong></span> <span class='ocrx_word' id='word_1_757' title='bbox 2486 3856 3003 3928; x_wconf 85' lang='lat' dir='ltr'><strong>dixerunt,quauta</strong></span> <span class='ocrx_word' id='word_1_758' title='bbox 3035 3864 3132 3933; x_wconf 87' lang='lat' dir='ltr'><strong>ipsi</strong></span> <span class='ocrx_word' id='word_1_759' title='bbox 3164 3866 3422 3932; x_wconf 86' lang='lat' dir='ltr'><strong>fecerant,</strong></span> <span class='ocrx_word' id='word_1_760' title='bbox 3470 3874 3565 3926; x_wconf 87' lang='lat' dir='ltr'><strong>scd</strong></span> 
     </span>
    </p>
   </div>
   <div class='ocr_carea' id='block_1_99' title="bbox 1959 3946 3565 4018">
    <p class='ocr_par' dir='ltr' id='par_1_99' title="bbox 1959 3946 3565 4018">
     <span class='ocr_line' id='line_1_99' title="bbox 1959 3946 3565 4018; baseline 0.014 -22"><span class='ocrx_word' id='word_1_761' title='bbox 1959 3954 2154 4014; x_wconf 77' lang='lat' dir='ltr'><strong>quanta</strong></span> <span class='ocrx_word' id='word_1_762' title='bbox 2191 3947 2330 4000; x_wconf 86' lang='lat' dir='ltr'><strong>Deus</strong></span> <span class='ocrx_word' id='word_1_763' title='bbox 2362 3946 2579 4003; x_wconf 83' lang='lat' dir='ltr'><strong>fecisset</strong></span> <span class='ocrx_word' id='word_1_764' title='bbox 2601 3965 2724 4003; x_wconf 89' lang='lat' dir='ltr'><strong>cum</strong></span> <span class='ocrx_word' id='word_1_765' title='bbox 2760 3952 2891 4007; x_wconf 89' lang='lat' dir='ltr'><strong>illis.</strong></span> <span class='ocrx_word' id='word_1_766' title='bbox 2922 3953 3188 4013; x_wconf 74' lang='lat' dir='ltr'><strong>Videntur</strong></span> <span class='ocrx_word' id='word_1_767' title='bbox 3218 3960 3349 4015; x_wconf 92' lang='lat' dir='ltr'><strong>mihi</strong></span> <span class='ocrx_word' id='word_1_768' title='bbox 3385 3974 3565 4018; x_wconf 81' lang='lat' dir='ltr'><strong>tenta-</strong></span> 
     </span>
    </p>
   </div>
   <div class='ocr_carea' id='block_1_100' title="bbox 1960 4038 3575 4121">
    <p class='ocr_par' dir='ltr' id='par_1_100' title="bbox 1960 4038 3575 4121">
     <span class='ocr_line' id='line_1_100' title="bbox 1960 4038 3575 4121; baseline 0.013 -30"><span class='ocrx_word' id='word_1_769' title='bbox 1960 4038 2134 4093; x_wconf 89' lang='lat' dir='ltr'><strong>tioncs</strong></span> <span class='ocrx_word' id='word_1_770' title='bbox 2178 4040 2377 4094; x_wconf 90' lang='lat' dir='ltr'><strong>dicere.</strong></span> <span class='ocrx_word' id='word_1_771' title='bbox 2421 4039 2537 4094; x_wconf 89' lang='lat' dir='ltr'><strong>Non</strong></span> <span class='ocrx_word' id='word_1_772' title='bbox 2566 4042 2683 4095; x_wconf 90' lang='lat' dir='ltr'><strong>sine</strong></span> <span class='ocrx_word' id='word_1_773' title='bbox 2706 4058 2891 4109; x_wconf 88' lang='lat' dir='ltr'><strong>causa,</strong></span> <span class='ocrx_word' id='word_1_774' title='bbox 2940 4062 3043 4103; x_wconf 91' lang='lat' dir='ltr'><strong>nec</strong></span> <span class='ocrx_word' id='word_1_775' title='bbox 3069 4049 3134 4103; x_wconf 87' lang='lat' dir='ltr'><strong>ad</strong></span> <span class='ocrx_word' id='word_1_776' title='bbox 3178 4053 3575 4121; x_wconf 87' lang='lat' dir='ltr'><strong>quiescendum-</strong></span> 
     </span>
    </p>
   </div>
   <div class='ocr_carea' id='block_1_101' title="bbox 1960 4130 3571 4215">
    <p class='ocr_par' dir='ltr' id='par_1_101' title="bbox 1960 4130 3571 4215">
     <span class='ocr_line' id='line_1_101' title="bbox 1960 4130 3571 4215; baseline 0.013 -31"><span class='ocrx_word' id='word_1_777' title='bbox 1960 4130 2138 4187; x_wconf 88' lang='lat' dir='ltr'><strong>istbuc</strong></span> <span class='ocrx_word' id='word_1_778' title='bbox 2184 4142 2463 4197; x_wconf 90' lang='lat' dir='ltr'><strong>venerant,</strong></span> <span class='ocrx_word' id='word_1_779' title='bbox 2512 4135 2605 4187; x_wconf 88' lang='lat' dir='ltr'><strong>sed</strong></span> <span class='ocrx_word' id='word_1_780' title='bbox 2646 4134 2897 4204; x_wconf 79' lang='lat' dir='ltr'><strong>Spiritus</strong></span> <span class='ocrx_word' id='word_1_781' title='bbox 2920 4141 3267 4209; x_wconf 85' lang='lat' dir='ltr'><strong>providentia</strong></span> <span class='ocrx_word' id='word_1_782' title='bbox 3296 4145 3469 4215; x_wconf 86' lang='lat' dir='ltr'><strong>ducti,</strong></span> <span class='ocrx_word' id='word_1_783' title='bbox 3510 4162 3571 4206; x_wconf 88' lang='lat' dir='ltr'><strong>ut</strong></span> 
     </span>
    </p>
   </div>
   <div class='ocr_carea' id='block_1_102' title="bbox 1960 4222 3572 4307">
    <p class='ocr_par' dir='ltr' id='par_1_102' title="bbox 1960 4222 3572 4307">
     <span class='ocr_line' id='line_1_102' title="bbox 1960 4222 3572 4307; baseline 0.015 -32"><span class='ocrx_word' id='word_1_784' title='bbox 1960 4222 2274 4293; x_wconf 74' lang='lat' dir='ltr'><strong>prtedicatio</strong></span> <span class='ocrx_word' id='word_1_785' title='bbox 2298 4225 2535 4292; x_wconf 83' lang='lat' dir='ltr'><strong>gentium</strong></span> <span class='ocrx_word' id='word_1_786' title='bbox 2562 4225 2888 4283; x_wconf 87' lang='lat' dir='ltr'><strong>firmaretur.</strong></span> <span class='ocrx_word' id='word_1_787' title='bbox 2941 4231 3009 4285; x_wconf 90' lang='lat' dir='ltr'><strong>Et</strong></span> <span class='ocrx_word' id='word_1_788' title='bbox 3051 4250 3167 4301; x_wconf 92' lang='lat' dir='ltr'><strong>cur,</strong></span> <span class='ocrx_word' id='word_1_789' title='bbox 3201 4235 3432 4307; x_wconf 88' lang='lat' dir='ltr'><strong>inquies,</strong></span> <span class='ocrx_word' id='word_1_790' title='bbox 3471 4258 3572 4299; x_wconf 90' lang='lat' dir='ltr'><strong>nec</strong></span> 
     </span>
    </p>
   </div>
   <div class='ocr_carea' id='block_1_103' title="bbox 1963 4317 3569 4404">
    <p class='ocr_par' dir='ltr' id='par_1_103' title="bbox 1963 4317 3569 4404">
     <span class='ocr_line' id='line_1_103' title="bbox 1963 4317 3569 4404; baseline 0.012 -33"><span class='ocrx_word' id='word_1_791' title='bbox 1963 4318 2015 4372; x_wconf 92' lang='lat' dir='ltr'><strong>in</strong></span> <span class='ocrx_word' id='word_1_792' title='bbox 2043 4317 2240 4389; x_wconf 84' lang='lat' dir='ltr'><strong>Cypro,</strong></span> <span class='ocrx_word' id='word_1_793' title='bbox 2270 4334 2367 4374; x_wconf 92' lang='lat' dir='ltr'><strong>nec</strong></span> <span class='ocrx_word' id='word_1_794' title='bbox 2391 4325 2442 4372; x_wconf 88' lang='lat' dir='ltr'><strong>in</strong></span> <span class='ocrx_word' id='word_1_795' title='bbox 2468 4320 2707 4374; x_wconf 85' lang='lat' dir='ltr'><strong>Samaria</strong></span> <span class='ocrx_word' id='word_1_796' title='bbox 2742 4324 3089 4395; x_wconf 87' lang='lat' dir='ltr'><strong>presbyteros</strong></span> <span class='ocrx_word' id='word_1_797' title='bbox 3123 4328 3406 4388; x_wconf 79' lang='lat' dir='ltr'><strong>fecerunt?</strong></span> <span class='ocrx_word' id='word_1_798' title='bbox 3435 4334 3569 4404; x_wconf 89' lang='lat' dir='ltr'><strong>Quia</strong></span> 
     </span>
    </p>
   </div>
   <div class='ocr_carea' id='block_1_104' title="bbox 1963 4410 3571 4496">
    <p class='ocr_par' dir='ltr' id='par_1_104' title="bbox 1963 4410 3571 4496">
     <span class='ocr_line' id='line_1_104' title="bbox 1963 4410 3571 4496; baseline 0.006 -32"><span class='ocrx_word' id='word_1_799' title='bbox 1963 4410 2082 4465; x_wconf 64' lang='lat' dir='ltr'><strong>haec</strong></span> <span class='ocrx_word' id='word_1_800' title='bbox 2124 4426 2291 4481; x_wconf 89' lang='lat' dir='ltr'><strong>pr0pe</strong></span> <span class='ocrx_word' id='word_1_801' title='bbox 2339 4413 2615 4481; x_wconf 75' lang='lat' dir='ltr'><strong>apOslttlos</strong></span> <span class='ocrx_word' id='word_1_802' title='bbox 2660 4423 2795 4480; x_wconf 85' lang='lat' dir='ltr'><strong>erat,</strong></span> <span class='ocrx_word' id='word_1_803' title='bbox 2844 4416 3052 4488; x_wconf 84' lang='lat' dir='ltr'><strong>Cyprus</strong></span> <span class='ocrx_word' id='word_1_804' title='bbox 3092 4435 3223 4476; x_wconf 84' lang='lat' dir='ltr'><strong>vero</strong></span> <span class='ocrx_word' id='word_1_805' title='bbox 3253 4439 3421 4496; x_wconf 84' lang='lat' dir='ltr'><strong>prope</strong></span> <span class='ocrx_word' id='word_1_806' title='bbox 3456 4429 3571 4482; x_wconf 78' lang='grc' dir='ltr'><strong>Αυ-</strong></span> 
     </span>
    </p>
   </div>
   <div class='ocr_carea' id='block_1_105' title="bbox 1964 4502 3571 4576">
    <p class='ocr_par' dir='ltr' id='par_1_105' title="bbox 1964 4502 3571 4576">
     <span class='ocr_line' id='line_1_105' title="bbox 1964 4502 3571 4576; baseline 0.012 -21"><span class='ocrx_word' id='word_1_807' title='bbox 1964 4502 2239 4565; x_wconf 82' lang='lat' dir='ltr'><strong>tiocltiam,</strong></span> <span class='ocrx_word' id='word_1_808' title='bbox 2287 4511 2343 4557; x_wconf 93' lang='lat' dir='ltr'><strong>et</strong></span> <span class='ocrx_word' id='word_1_809' title='bbox 2390 4505 2616 4558; x_wconf 84' lang='lat' dir='ltr'><strong>verbum</strong></span> <span class='ocrx_word' id='word_1_810' title='bbox 2667 4506 3073 4576; x_wconf 82' lang='lat' dir='ltr'><strong>inValeseebat;</strong></span> <span class='ocrx_word' id='word_1_811' title='bbox 3128 4511 3215 4568; x_wconf 90' lang='lat' dir='ltr'><strong>hic</strong></span> <span class='ocrx_word' id='word_1_812' title='bbox 3244 4531 3374 4570; x_wconf 87' lang='lat' dir='ltr'><strong>vero</strong></span> <span class='ocrx_word' id='word_1_813' title='bbox 3405 4520 3571 4575; x_wconf 87' lang='lat' dir='ltr'><strong>multa</strong></span> 
     </span>
    </p>
   </div>
   <div class='ocr_carea' id='block_1_106' title="bbox 1964 4596 3574 4681">
    <p class='ocr_par' dir='ltr' id='par_1_106' title="bbox 1964 4596 3574 4681">
     <span class='ocr_line' id='line_1_106' title="bbox 1964 4596 3574 4681; baseline 0.012 -33"><span class='ocrx_word' id='word_1_814' title='bbox 1964 4596 2337 4651; x_wconf 77' lang='lat' dir='ltr'><strong>Consolatione</strong></span> <span class='ocrx_word' id='word_1_815' title='bbox 2366 4612 2501 4670; x_wconf 81' lang='lat' dir='ltr'><strong>opus</strong></span> <span class='ocrx_word' id='word_1_816' title='bbox 2548 4597 2840 4663; x_wconf 83' lang='lat' dir='ltr'><strong>habebant,</strong></span> <span class='ocrx_word' id='word_1_817' title='bbox 2888 4600 3128 4659; x_wconf 78' lang='lat' dir='ltr'><strong>maxime</strong></span> <span class='ocrx_word' id='word_1_818' title='bbox 3175 4609 3429 4676; x_wconf 85' lang='lat' dir='ltr'><strong>gentiles,</strong></span> <span class='ocrx_word' id='word_1_819' title='bbox 3482 4615 3574 4681; x_wconf 90' lang='lat' dir='ltr'><strong>qui</strong></span> 
     </span>
    </p>
   </div>
   <div class='ocr_carea' id='block_1_107' title="bbox 1968 4688 3573 4775">
    <p class='ocr_par' dir='ltr' id='par_1_107' title="bbox 1968 4688 3573 4775">
     <span class='ocr_line' id='line_1_107' title="bbox 1968 4688 3573 4775; baseline 0.012 -34"><span class='ocrx_word' id='word_1_820' title='bbox 1968 4689 2192 4742; x_wconf 89' lang='lat' dir='ltr'><strong>multum</strong></span> <span class='ocrx_word' id='word_1_821' title='bbox 2220 4688 2399 4743; x_wconf 83' lang='lat' dir='ltr'><strong>doceri</strong></span> <span class='ocrx_word' id='word_1_822' title='bbox 2441 4689 2732 4746; x_wconf 90' lang='lat' dir='ltr'><strong>debebant.</strong></span> <span class='ocrx_word' id='word_1_823' title='bbox 2783 4691 3061 4748; x_wconf 86' lang='lat' dir='ltr'><strong>Venerunt</strong></span> <span class='ocrx_word' id='word_1_824' title='bbox 3100 4697 3397 4765; x_wconf 87' lang='lat' dir='ltr'><strong>docentes.</strong></span> <span class='ocrx_word' id='word_1_825' title='bbox 3449 4708 3573 4775; x_wconf 86' lang='lat' dir='ltr'><strong>quia</strong></span> 
     </span>
    </p>
   </div>
   <div class='ocr_carea' id='block_1_108' title="bbox 1966 4779 3575 4854">
    <p class='ocr_par' dir='ltr' id='par_1_108' title="bbox 1966 4779 3575 4854">
     <span class='ocr_line' id='line_1_108' title="bbox 1966 4779 3575 4854; baseline 0.014 -23"><span class='ocrx_word' id='word_1_826' title='bbox 1966 4779 2083 4849; x_wconf 86' lang='lat' dir='ltr'><strong>jure</strong></span> <span class='ocrx_word' id='word_1_827' title='bbox 2132 4781 2367 4836; x_wconf 86' lang='lat' dir='ltr'><strong>ordinati</strong></span> <span class='ocrx_word' id='word_1_828' title='bbox 2415 4782 2627 4836; x_wconf 83' lang='lat' dir='ltr'><strong>fuerant</strong></span> <span class='ocrx_word' id='word_1_829' title='bbox 2671 4800 2699 4837; x_wconf 91' lang='lat' dir='ltr'><strong>a</strong></span> <span class='ocrx_word' id='word_1_830' title='bbox 2757 4783 2983 4854; x_wconf 86' lang='lat' dir='ltr'><strong>Spiritu.</strong></span> <span class='ocrx_word' id='word_1_831' title='bbox 3032 4788 3100 4843; x_wconf 87' lang='lat' dir='ltr'><strong>Et</strong></span> <span class='ocrx_word' id='word_1_832' title='bbox 3144 4791 3264 4847; x_wconf 89' lang='lat' dir='ltr'><strong>vide</strong></span> <span class='ocrx_word' id='word_1_833' title='bbox 3304 4794 3575 4853; x_wconf 85' lang='lat' dir='ltr'><strong>fervorem</strong></span> 
     </span>
    </p>
   </div>
   <div class='ocr_carea' id='block_1_109' title="bbox 1969 4864 3578 4956">
    <p class='ocr_par' dir='ltr' id='par_1_109' title="bbox 1969 4864 3578 4956">
     <span class='ocr_line' id='line_1_109' title="bbox 1969 4864 3578 4956; baseline 0.013 -30"><span class='ocrx_word' id='word_1_834' title='bbox 1969 4871 2136 4926; x_wconf 86' lang='lat' dir='ltr'><strong>Pauli.</strong></span> <span class='ocrx_word' id='word_1_835' title='bbox 2162 4872 2277 4928; x_wconf 89' lang='lat' dir='ltr'><strong>Non</strong></span> <span class='ocrx_word' id='word_1_836' title='bbox 2308 4875 2624 4945; x_wconf 86' lang='lat' dir='ltr'><strong>interrogat,</strong></span> <span class='ocrx_word' id='word_1_837' title='bbox 2649 4890 2716 4929; x_wconf 90' lang='lat' dir='ltr'><strong>an</strong></span> <span class='ocrx_word' id='word_1_838' title='bbox 2741 4888 2987 4946; x_wconf 81' lang='lat' dir='ltr'><strong>Oporteat</strong></span> <span class='ocrx_word' id='word_1_839' title='bbox 3010 4864 3153 4951; x_wconf 86' lang='lat' dir='ltr'><strong>loqui</strong></span> <span class='ocrx_word' id='word_1_840' title='bbox 3181 4887 3453 4956; x_wconf 87' lang='lat' dir='ltr'><strong>gentibus,</strong></span> <span class='ocrx_word' id='word_1_841' title='bbox 3483 4893 3578 4946; x_wconf 86' lang='lat' dir='ltr'><strong>sed</strong></span> 
     </span>
    </p>
   </div>
   <div class='ocr_carea' id='block_1_110' title="bbox 1970 4966 3582 5046">
    <p class='ocr_par' dir='ltr' id='par_1_110' title="bbox 1970 4966 3582 5046">
     <span class='ocr_line' id='line_1_110' title="bbox 1970 4966 3582 5046; baseline 0.013 -28"><span class='ocrx_word' id='word_1_842' title='bbox 1970 4966 2151 5020; x_wconf 90' lang='lat' dir='ltr'><strong>statim</strong></span> <span class='ocrx_word' id='word_1_843' title='bbox 2181 4968 2415 5035; x_wconf 83' lang='lat' dir='ltr'><strong>loquitur</strong></span> <span class='ocrx_word' id='word_1_844' title='bbox 2447 4984 2459 5020; x_wconf 89' lang='lat'><strong>:</strong></span> <span class='ocrx_word' id='word_1_845' title='bbox 2486 4968 2606 5021; x_wconf 89' lang='lat' dir='ltr'><strong>ideo</strong></span> <span class='ocrx_word' id='word_1_846' title='bbox 2646 4967 2890 5036; x_wconf 88' lang='lat' dir='ltr'><strong>dicebat,</strong></span> <span class='ocrx_word' id='word_1_847' title='bbox 2944 4970 3071 5027; x_wconf 86' lang='lat' dir='ltr'><strong>Non</strong></span> <span class='ocrx_word' id='word_1_848' title='bbox 3097 4979 3326 5046; x_wconf 82' lang='lat' dir='ltr'><strong>acquievi</strong></span> <span class='ocrx_word' id='word_1_849' title='bbox 3360 4984 3508 5037; x_wconf 85' lang='lat' dir='ltr'><strong>carni</strong></span> <span class='ocrx_word' id='word_1_850' title='bbox 3534 4997 3582 5040; x_wconf 78' lang='lat' dir='ltr'><strong>et</strong></span> 
     </span>
    </p>
   </div>
   <div class='ocr_carea' id='block_1_111' title="bbox 1968 5060 2603 5132">
    <p class='ocr_par' dir='ltr' id='par_1_111' title="bbox 1968 5060 2603 5132">
     <span class='ocr_line' id='line_1_111' title="bbox 1968 5060 2603 5132; baseline -0.003 -17"><span class='ocrx_word' id='word_1_851' title='bbox 1968 5061 2205 5129; x_wconf 85' lang='lat' dir='ltr'><strong>sanguini</strong></span> <span class='ocrx_word' id='word_1_852' title='bbox 2234 5060 2374 5131; x_wconf 76' lang='lat' dir='ltr'><strong>(Gal.</strong></span> <span class='ocrx_word' id='word_1_853' title='bbox 2409 5061 2456 5115; x_wconf 87' lang='grc'><strong>1.</strong></span> <span class='ocrx_word' id='word_1_854' title='bbox 2491 5060 2603 5132; x_wconf 78' lang='grc'><strong>16).</strong></span> 
     </span>
    </p>
   </div>
   <div class='ocr_carea' id='block_1_112' title="bbox 2044 5151 3587 5239">
    <p class='ocr_par' dir='ltr' id='par_1_112' title="bbox 2044 5151 3587 5239">
     <span class='ocr_line' id='line_1_112' title="bbox 2044 5151 3587 5239; baseline 0.014 -33"><span class='ocrx_word' id='word_1_855' title='bbox 2044 5153 2097 5206; x_wconf 76' lang='lat'><strong>3.</strong></span> <span class='ocrx_word' id='word_1_856' title='bbox 2141 5151 2390 5224; x_wconf 80' lang='lat' dir='ltr'><strong>Magnum</strong></span> <span class='ocrx_word' id='word_1_857' title='bbox 2420 5169 2549 5208; x_wconf 86' lang='lat' dir='ltr'><strong>vere</strong></span> <span class='ocrx_word' id='word_1_858' title='bbox 2582 5154 2781 5210; x_wconf 90' lang='lat' dir='ltr'><strong>bonum</strong></span> <span class='ocrx_word' id='word_1_859' title='bbox 2816 5159 3113 5228; x_wconf 86' lang='lat' dir='ltr'><strong>tribulatio,</strong></span> <span class='ocrx_word' id='word_1_860' title='bbox 3162 5180 3227 5221; x_wconf 90' lang='lat' dir='ltr'><strong>ac</strong></span> <span class='ocrx_word' id='word_1_861' title='bbox 3277 5164 3484 5239; x_wconf 68' lang='lat' dir='ltr'><strong>magna:</strong></span> <span class='ocrx_word' id='word_1_862' title='bbox 3531 5182 3587 5229; x_wconf 87' lang='lat' dir='ltr'><strong>ct</strong></span> 
     </span>
    </p>
   </div>
   <div class='ocr_carea' id='block_1_113' title="bbox 1971 5248 3588 5333">
    <p class='ocr_par' dir='ltr' id='par_1_113' title="bbox 1971 5248 3588 5333">
     <span class='ocr_line' id='line_1_113' title="bbox 1971 5248 3588 5333; baseline 0.015 -35"><span class='ocrx_word' id='word_1_863' title='bbox 1971 5259 2252 5311; x_wconf 73' lang='lat' dir='ltr'><strong>generosae</strong></span> <span class='ocrx_word' id='word_1_864' title='bbox 2282 5248 2478 5301; x_wconf 72' lang='lat' dir='ltr'><strong>animae</strong></span> <span class='ocrx_word' id='word_1_865' title='bbox 2505 5263 2660 5317; x_wconf 83' lang='lat' dir='ltr'><strong>Opus.</strong></span> <span class='ocrx_word' id='word_1_866' title='bbox 2713 5251 2855 5318; x_wconf 86' lang='lat' dir='ltr'><strong>Quot</strong></span> <span class='ocrx_word' id='word_1_867' title='bbox 2903 5266 3089 5323; x_wconf 89' lang='lat' dir='ltr'><strong>postea</strong></span> <span class='ocrx_word' id='word_1_868' title='bbox 3129 5260 3497 5333; x_wconf 88' lang='lat' dir='ltr'><strong>crediderunt,</strong></span> <span class='ocrx_word' id='word_1_869' title='bbox 3531 5279 3588 5323; x_wconf 89' lang='lat' dir='ltr'><strong>et</strong></span> 
     </span>
    </p>
   </div>
   <div class='ocr_carea' id='block_1_114' title="bbox 1975 5339 3584 5428">
    <p class='ocr_par' dir='ltr' id='par_1_114' title="bbox 1975 5339 3584 5428">
     <span class='ocr_line' id='line_1_114' title="bbox 1975 5339 3584 5428; baseline 0.016 -37"><span class='ocrx_word' id='word_1_870' title='bbox 1975 5339 2153 5393; x_wconf 75' lang='lat' dir='ltr'><strong>nulnis</strong></span> <span class='ocrx_word' id='word_1_871' title='bbox 2183 5348 2253 5393; x_wconf 86' lang='lat' dir='ltr'><strong>tta</strong></span> <span class='ocrx_word' id='word_1_872' title='bbox 2284 5341 2470 5395; x_wconf 88' lang='lat' dir='ltr'><strong>fulsit?</strong></span> <span class='ocrx_word' id='word_1_873' title='bbox 2500 5341 2573 5396; x_wconf 86' lang='lat' dir='ltr'><strong>fta</strong></span> <span class='ocrx_word' id='word_1_874' title='bbox 2606 5345 2763 5401; x_wconf 90' lang='lat' dir='ltr'><strong>nobis</strong></span> <span class='ocrx_word' id='word_1_875' title='bbox 2795 5348 2991 5417; x_wconf 89' lang='lat' dir='ltr'><strong>ubique</strong></span> <span class='ocrx_word' id='word_1_876' title='bbox 3011 5353 3290 5410; x_wconf 88' lang='lat' dir='ltr'><strong>alacritate</strong></span> <span class='ocrx_word' id='word_1_877' title='bbox 3317 5372 3455 5428; x_wconf 86' lang='lat' dir='ltr'><strong>Opus</strong></span> <span class='ocrx_word' id='word_1_878' title='bbox 3478 5372 3584 5427; x_wconf 88' lang='lat' dir='ltr'><strong>est,</strong></span> 
     </span>
    </p>
   </div>
   <div class='ocr_carea' id='block_1_115' title="bbox 1976 5433 3589 5515">
    <p class='ocr_par' dir='ltr' id='par_1_115' title="bbox 1976 5433 3589 5515">
     <span class='ocr_line' id='line_1_115' title="bbox 1976 5433 3589 5515; baseline 0.015 -30"><span class='ocrx_word' id='word_1_879' title='bbox 1976 5433 2254 5504; x_wconf 86' lang='lat' dir='ltr'><strong>multoque</strong></span> <span class='ocrx_word' id='word_1_880' title='bbox 2292 5436 2523 5503; x_wconf 81' lang='lat' dir='ltr'><strong>fervore,</strong></span> <span class='ocrx_word' id='word_1_881' title='bbox 2573 5437 2752 5492; x_wconf 78' lang='lat' dir='ltr'><strong>anima</strong></span> <span class='ocrx_word' id='word_1_882' title='bbox 2798 5438 2863 5493; x_wconf 91' lang='lat' dir='ltr'><strong>ad</strong></span> <span class='ocrx_word' id='word_1_883' title='bbox 2907 5449 3136 5497; x_wconf 88' lang='lat' dir='ltr'><strong>mortem</strong></span> <span class='ocrx_word' id='word_1_884' title='bbox 3186 5460 3369 5515; x_wconf 86' lang='lat' dir='ltr'><strong>parata</strong></span> <span class='ocrx_word' id='word_1_885' title='bbox 3416 5469 3431 5507; x_wconf 89' lang='lat'><strong>:</strong></span> <span class='ocrx_word' id='word_1_886' title='bbox 3482 5453 3589 5509; x_wconf 90' lang='lat' dir='ltr'><strong>alio</strong></span> 
     </span>
    </p>
   </div>
   <div class='ocr_carea' id='block_1_116' title="bbox 1977 5518 3591 5615">
    <p class='ocr_par' dir='ltr' id='par_1_116' title="bbox 1977 5518 3591 5615">
     <span class='ocr_line' id='line_1_116' title="bbox 1977 5518 3591 5615; baseline 0.015 -37"><span class='ocrx_word' id='word_1_887' title='bbox 1977 5525 2123 5579; x_wconf 83' lang='lat' dir='ltr'><strong>enim</strong></span> <span class='ocrx_word' id='word_1_888' title='bbox 2152 5527 2313 5579; x_wconf 92' lang='lat' dir='ltr'><strong>modo</strong></span> <span class='ocrx_word' id='word_1_889' title='bbox 2344 5542 2451 5582; x_wconf 86' lang='lat' dir='ltr'><strong>non</strong></span> <span class='ocrx_word' id='word_1_890' title='bbox 2484 5518 2773 5598; x_wconf 86' lang='lat' dir='ltr'><strong>possumus</strong></span> <span class='ocrx_word' id='word_1_891' title='bbox 2802 5548 3027 5603; x_wconf 81' lang='lat' dir='ltr'><strong>regnum</strong></span> <span class='ocrx_word' id='word_1_892' title='bbox 3056 5542 3335 5610; x_wconf 75' lang='lat' dir='ltr'><strong>consequi,</strong></span> <span class='ocrx_word' id='word_1_893' title='bbox 3364 5545 3465 5598; x_wconf 90' lang='lat' dir='ltr'><strong>nisi</strong></span> <span class='ocrx_word' id='word_1_894' title='bbox 3496 5562 3591 5615; x_wconf 88' lang='lat' dir='ltr'><strong>per</strong></span> 
     </span>
    </p>
   </div>
   <div class='ocr_carea' id='block_1_117' title="bbox 1978 5621 3592 5697">
    <p class='ocr_par' dir='ltr' id='par_1_117' title="bbox 1978 5621 3592 5697">
     <span class='ocr_line' id='line_1_117' title="bbox 1978 5621 3592 5697; baseline 0.014 -25"><span class='ocrx_word' id='word_1_895' title='bbox 1978 5633 2215 5674; x_wconf 89' lang='lat' dir='ltr'><strong>crucem.</strong></span> <span class='ocrx_word' id='word_1_896' title='bbox 2246 5621 2322 5675; x_wconf 85' lang='lat' dir='ltr'><strong>Ne</strong></span> <span class='ocrx_word' id='word_1_897' title='bbox 2348 5622 2680 5692; x_wconf 83' lang='lat' dir='ltr'><strong>decipianius</strong></span> <span class='ocrx_word' id='word_1_898' title='bbox 2710 5628 3089 5697; x_wconf 84' lang='lat' dir='ltr'><strong>nosmetipsos.</strong></span> <span class='ocrx_word' id='word_1_899' title='bbox 3120 5632 3175 5685; x_wconf 90' lang='lat' dir='ltr'><strong>Si</strong></span> <span class='ocrx_word' id='word_1_900' title='bbox 3195 5635 3339 5689; x_wconf 89' lang='lat' dir='ltr'><strong>enim</strong></span> <span class='ocrx_word' id='word_1_901' title='bbox 3372 5638 3422 5690; x_wconf 93' lang='lat' dir='ltr'><strong>in</strong></span> <span class='ocrx_word' id='word_1_902' title='bbox 3447 5637 3592 5694; x_wconf 90' lang='lat' dir='ltr'><strong>bello</strong></span> 
     </span>
    </p>
   </div>
   <div class='ocr_carea' id='block_1_118' title="bbox 1978 5714 3588 5788">
    <p class='ocr_par' dir='ltr' id='par_1_118' title="bbox 1978 5714 3588 5788">
     <span class='ocr_line' id='line_1_118' title="bbox 1978 5714 3588 5788; baseline 0.01 -23"><span class='ocrx_word' id='word_1_903' title='bbox 1978 5714 2187 5766; x_wconf 82' lang='lat' dir='ltr'><strong>servari</strong></span> <span class='ocrx_word' id='word_1_904' title='bbox 2216 5716 2420 5784; x_wconf 88' lang='lat' dir='ltr'><strong>nequit,</strong></span> <span class='ocrx_word' id='word_1_905' title='bbox 2454 5716 2544 5785; x_wconf 85' lang='lat' dir='ltr'><strong>qui</strong></span> <span class='ocrx_word' id='word_1_906' title='bbox 2586 5717 2889 5783; x_wconf 87' lang='lat' dir='ltr'><strong>deliciatur,</strong></span> <span class='ocrx_word' id='word_1_907' title='bbox 2923 5724 3164 5788; x_wconf 84' lang='lat' dir='ltr'><strong>pecuniis</strong></span> <span class='ocrx_word' id='word_1_908' title='bbox 3208 5729 3409 5787; x_wconf 86' lang='lat' dir='ltr'><strong>studet,</strong></span> <span class='ocrx_word' id='word_1_909' title='bbox 3459 5743 3588 5781; x_wconf 86' lang='lat' dir='ltr'><strong>cau-</strong></span> 
     </span>
    </p>
   </div>
   <div class='ocr_carea' id='block_1_119' title="bbox 1982 5808 3587 5878">
    <p class='ocr_par' dir='ltr' id='par_1_119' title="bbox 1982 5808 3587 5878">
     <span class='ocr_line' id='line_1_119' title="bbox 1982 5808 3587 5878; baseline 0.01 -20"><span class='ocrx_word' id='word_1_910' title='bbox 1982 5816 2212 5873; x_wconf 89' lang='lat' dir='ltr'><strong>ponatur</strong></span> <span class='ocrx_word' id='word_1_911' title='bbox 2253 5808 2583 5878; x_wconf 81' lang='lat' dir='ltr'><strong>ignavosque</strong></span> <span class='ocrx_word' id='word_1_912' title='bbox 2622 5822 2709 5865; x_wconf 90' lang='lat' dir='ltr'><strong>est</strong></span> <span class='ocrx_word' id='word_1_913' title='bbox 2743 5830 2754 5864; x_wconf 88' lang='lat'>:</span> <span class='ocrx_word' id='word_1_914' title='bbox 2787 5814 2958 5867; x_wconf 89' lang='lat' dir='ltr'><strong>multo</strong></span> <span class='ocrx_word' id='word_1_915' title='bbox 3001 5815 3180 5869; x_wconf 92' lang='lat' dir='ltr'><strong>minus</strong></span> <span class='ocrx_word' id='word_1_916' title='bbox 3208 5818 3259 5871; x_wconf 93' lang='lat' dir='ltr'><strong>in</strong></span> <span class='ocrx_word' id='word_1_917' title='bbox 3294 5819 3396 5873; x_wconf 89' lang='lat' dir='ltr'><strong>hoc</strong></span> <span class='ocrx_word' id='word_1_918' title='bbox 3419 5820 3587 5874; x_wconf 86' lang='lat' dir='ltr'><strong>bello.</strong></span> 
     </span>
    </p>
   </div>
   <div class='ocr_carea' id='block_1_120' title="bbox 1978 5904 3588 5981">
    <p class='ocr_par' dir='ltr' id='par_1_120' title="bbox 1978 5904 3588 5981">
     <span class='ocr_line' id='line_1_120' title="bbox 1978 5904 3588 5981; baseline 0.007 -26"><span class='ocrx_word' id='word_1_919' title='bbox 1978 5904 2172 5955; x_wconf 77' lang='lat' dir='ltr'><strong>Annon</strong></span> <span class='ocrx_word' id='word_1_920' title='bbox 2205 5904 2403 5971; x_wconf 87' lang='lat' dir='ltr'><strong>putatis</strong></span> <span class='ocrx_word' id='word_1_921' title='bbox 2432 5920 2554 5957; x_wconf 80' lang='lat' dir='ltr'><strong>esse</strong></span> <span class='ocrx_word' id='word_1_922' title='bbox 2607 5920 2751 5959; x_wconf 91' lang='lat' dir='ltr'><strong>nunc</strong></span> <span class='ocrx_word' id='word_1_923' title='bbox 2794 5906 2990 5961; x_wconf 89' lang='lat' dir='ltr'><strong>bellum</strong></span> <span class='ocrx_word' id='word_1_924' title='bbox 3038 5909 3282 5975; x_wconf 85' lang='lat' dir='ltr'><strong>omnium</strong></span> <span class='ocrx_word' id='word_1_925' title='bbox 3331 5914 3588 5981; x_wconf 83' lang='lat' dir='ltr'><strong>gravissi-</strong></span> 
     </span>
    </p>
   </div>
   <div class='ocr_carea' id='block_1_121' title="bbox 1979 5992 3589 6078">
    <p class='ocr_par' dir='ltr' id='par_1_121' title="bbox 1979 5992 3589 6078">
     <span class='ocr_line' id='line_1_121' title="bbox 1979 5992 3589 6078; baseline 0.006 -29"><span class='ocrx_word' id='word_1_926' title='bbox 1979 5994 2171 6049; x_wconf 73' lang='lat' dir='ltr'><strong>mum?</strong></span> <span class='ocrx_word' id='word_1_927' title='bbox 2199 5992 2319 6049; x_wconf 82' lang='lat' dir='ltr'><strong>Non</strong></span> <span class='ocrx_word' id='word_1_928' title='bbox 2345 6004 2418 6049; x_wconf 86' lang='lat' dir='ltr'><strong>est</strong></span> <span class='ocrx_word' id='word_1_929' title='bbox 2444 5994 2605 6061; x_wconf 88' lang='lat' dir='ltr'><strong>nobis,</strong></span> <span class='ocrx_word' id='word_1_930' title='bbox 2643 5997 2845 6065; x_wconf 88' lang='lat' dir='ltr'><strong>inquit,</strong></span> <span class='ocrx_word' id='word_1_931' title='bbox 2894 6016 3065 6070; x_wconf 83' lang='lat' dir='ltr'><strong>pugna</strong></span> <span class='ocrx_word' id='word_1_932' title='bbox 3100 6004 3345 6059; x_wconf 69' lang='lat' dir='ltr'><strong>adversus</strong></span> <span class='ocrx_word' id='word_1_933' title='bbox 3388 6020 3589 6078; x_wconf 78' lang='lat' dir='ltr'><strong>tangat-</strong></span> 
     </span>
    </p>
   </div>
  </div>
