4082 6498
583 429 681 487 13!

578 559 693 598 item
735 549 785 596 et
824 554 1029 595 carnem
1074 536 1290 612 (Epiros.
1332 536 1387 590 6.
1422 534 1534 605 l2).
1565 533 1635 589 Et
1662 530 2064 601 prandentibus,
2100 537 2157 584 et

579 633 992 698 aunbulantibus,
1012 642 1067 688 et
1089 630 1384 686 lavantibus
1404 629 1556 683 adest
1576 627 1843 683 inimicus.
1867 626 1981 681 Non
2011 626 2158 679 novit

574 710 718 781 enim
760 734 973 795 tempus
1026 722 1380 787 induciarum,
1424 719 1528 774 nisi
1576 719 1791 783 somni;
1837 718 1946 771 imo
1992 715 2155 770 etiam

576 829 704 874 tunc
727 823 871 887 saepe
901 819 1203 887 impugnat,
1231 826 1285 872 et
1316 815 1555 883 impuros
1599 812 1837 867 immittit
1878 809 2158 879 cogitatio-

580 927 697 975 nes.
730 922 889 982 atque
916 926 945 965 a
973 909 1197 966 somniis
1245 907 1555 961 lasciviores
1596 904 1778 961 efficit.
1830 901 1939 957 Nos
1977 910 2157 955 autem

576 1004 731 1073 quasi
765 1017 921 1073 parva
959 1016 1045 1056 res
1070 1000 1159 1066 sit,
1192 1014 1288 1069 pro
1313 1014 1414 1069 qua
1443 998 1557 1065 ipse
1584 1005 1803 1066 pugnat,
1836 1008 1950 1048 non
1990 993 2156 1047 sobrii

577 1110 785 1160 sumus,
817 1108 991 1163 neque
1013 1092 1303 1163 surgimus.
1346 1106 1521 1161 neque
1564 1088 1879 1157 respicimus
1919 1086 2157 1139 multitu-

576 1189 754 1245 dinem
783 1187 1211 1242 adversariarum
1238 1185 1389 1239 nobis
1420 1190 1774 1252 potestatum;
1817 1194 1923 1233 non
1952 1176 2153 1246 rogita-

577 1293 699 1335 mus
742 1278 845 1333 hoc
884 1279 1056 1349 ipsum
1100 1277 1347 1332 maximae
1391 1274 1719 1329 infelicitatis
1746 1286 1906 1338 esse;
1939 1269 2033 1326 sed
2080 1275 2157 1322 tot

574 1371 817 1427 conclusi
862 1357 1023 1426 bellis
1045 1411 1062 1437 ,
1094 1384 1157 1423 ac
1196 1368 1241 1424 si
1269 1385 1369 1439 pax
1407 1378 1550 1423 esset
1576 1367 1911 1423 deliciamur.
1942 1363 2156 1420 Credite

575 1463 729 1528 mihi,
768 1463 1015 1534 graviora
1043 1476 1185 1516 nunc
1206 1462 1423 1523 adsunt,
1458 1475 1764 1531 quamquae
1803 1456 2000 1512 Paulus
2028 1470 2152 1527 pas-

572 1571 667 1611 sus
688 1566 789 1610 est.
822 1553 969 1608 Tunc
997 1552 1145 1608 illum
1170 1551 1435 1621 lapidibus
1466 1552 1846 1619 impetierunt;
1875 1563 2017 1603 nunc
2034 1562 2153 1602 ver-

574 1647 653 1702 bis
698 1646 1018 1724 impetimur,
1067 1659 1187 1714 quas
1237 1642 1502 1712 lapidibus
1545 1641 1794 1712 graviora
1826 1648 1967 1695 sunt.
2017 1638 2153 1707 Quid

570 1757 698 1811 ergo
728 1740 866 1793 factu
896 1737 1071 1806 opus?
1094 1736 1170 1804 ,ld
1194 1736 1338 1805 quod
1362 1736 1452 1791 ille
1477 1735 1603 1789 fecit
1636 1752 1649 1787 :
1684 1734 1981 1803 lapidantes
2011 1733 2153 1787 enim

572 1850 632 1896 se,
675 1832 798 1886 odio
842 1846 944 1885 non
979 1830 1201 1894 habuit;
1234 1829 1328 1885 sed
1359 1838 1641 1899 postquam
1673 1829 1821 1881 illum
1857 1836 2150 1890 traxerant,

574 1938 850 1995 regressus
896 1932 979 1977 est
1028 1922 1078 1976 in
1120 1923 1411 1983 civitatem,
1454 1918 1829 1975 benefacturus
1860 1919 1943 1983 iis,
1978 1919 2065 1987 qui
2094 1932 2154 1971 se

570 2017 639 2071 ita
672 2016 937 2070 la-serant.
960 2014 1015 2068 Si
1050 2025 1101 2067 tu
1130 2029 1341 2083 quoque
1369 2013 1815 2067 contumeliosum
1854 2021 1907 2065 et
1934 2020 1987 2064 te
2013 2008 2153 2078 inju-

568 2120 652 2165 ste
688 2110 969 2165 laedentem
1012 2109 1217 2173 tuleris,
1268 2108 1531 2176 lapidatus
1570 2121 1691 2161 esse
1717 2105 1819 2159 dici
1852 2114 2021 2175 potes.
2074 2102 2155 2159 Ne

569 2202 767 2256 dixeris
797 2220 812 2256 :
854 2201 1128 2256 Neminem
1160 2200 1294 2256 laesi.
1336 2198 1503 2267 Quem
1531 2200 1676 2254 enim
1706 2198 1843 2252 Iazsit
1869 2196 2065 2251 Paulus
2095 2205 2154 2250 ut

571 2294 931 2364 lapidaretur?
976 2294 1217 2363 Regnum
1260 2292 1634 2357 annuntiabat,
1666 2293 1733 2345 ab
1765 2306 1952 2346 errore
1994 2289 2153 2345 redu-

570 2387 745 2451 cebat,
779 2386 843 2441 ad
876 2387 1040 2440 Deum
1068 2384 1371 2440 adducebat
1401 2401 1414 2438 :
1440 2383 1556 2438 haec
1583 2384 1738 2453 digna
1770 2393 1893 2437 sunt
1916 2382 2150 2445 coronis,

573 2478 1013 2545 proclamatione,
1042 2476 1337 2531 innumeris
1380 2474 1556 2539 bouis,
1602 2490 1707 2528 non
1754 2472 2055 2543 lapidibus;
2099 2482 2153 2526 et

568 2580 745 2625 tamen
793 2570 882 2624 ille
919 2568 1184 2623 contraria
1217 2581 1407 2637 passus
1447 2575 1549 2621 est.
1591 2565 1717 2619 Haec
1743 2565 1939 2635 quippe
1967 2564 2152 2633 splen-

569 2660 693 2717 dida
721 2670 804 2715 est
832 2660 1069 2715 victoria.
1122 2658 1186 2712 Et
1207 2669 1474 2713 traxerunt
1509 2673 1641 2721 eum,
1685 2656 1873 2725 inquit.
1912 2655 1988 2709 Te
2017 2670 2151 2725 quo-

569 2769 675 2823 que
720 2768 862 2822 stepe
906 2751 1159 2815 trahunt;
1207 2750 1300 2805 sed
1331 2764 1397 2804 ne
1428 2747 1697 2813 irascaris,
1729 2748 1839 2800 imo
1870 2757 2151 2802 mansuete

572 2846 796 2915 pmdiea
829 2844 1067 2898 verbum.
1103 2842 1180 2897 Te
1206 2841 1528 2897 contumelia
1568 2839 1787 2895 affecit?
1815 2839 1955 2895 Tace
1982 2849 2034 2894 et
2060 2840 2154 2896 be-

570 2937 747 3001 nedic,
780 2937 823 2990 si
854 2945 1029 3005 potes,
1078 2945 1132 2989 et
1159 2934 1236 2987 sic
1260 2943 1315 2986 tu
1341 2946 1557 3002 quoque
1586 2930 1882 3000 pmdicasti
1906 2929 2149 2996 verbum,

567 3028 793 3084 docuisti
823 3027 1136 3080 modestiam
1164 3034 1218 3080 et
1255 3022 1740 3078 mansuetudinem.
1787 3021 1979 3076 Multos
2028 3021 2150 3075 novi

566 3130 674 3170 non
702 3123 808 3168 tam
839 3111 1163 3170 vulneribus.
1188 3124 1344 3179 quam
1375 3107 1657 3162 verborum
1689 3106 1857 3176 plagis
1882 3105 2105 3161 sauciari
2132 3123 2145 3160 :

556 3222 690 3263 mm
724 3204 849 3258 illud
872 3203 1083 3273 quidem
1110 3202 1301 3255 vulnus
1329 3214 1523 3269 corpus
1544 3198 1791 3268 suscipit,
1819 3197 1924 3253 hoc
1948 3197 2146 3253 anima.

570 3294 674 3350 Sed
726 3310 792 3350 ne
839 3293 1132 3357 doleamus,
1187 3292 1294 3347 imo
1334 3290 1580 3345 dolentes
1610 3293 1989 3345 sustineamus.
2032 3287 2151 3343 Non

570 3386 762 3441 videtis
792 3385 1015 3456 pugiles,
1048 3398 1274 3452 quorum
1301 3383 1471 3451 capita
1506 3380 1801 3443 vulnerata,
1837 3378 2028 3435 dentes
2057 3394 2153 3434 ex-

571 3478 737 3541 cussi,
769 3488 984 3530 strenue
1006 3473 1148 3528 ferre
1168 3472 1416 3528 dolores?
1461 3472 1560 3527 Hic
1602 3486 1732 3526 vero
1776 3486 1881 3526 non
1907 3486 2044 3541 opus
2068 3482 2151 3526 est

569 3567 797 3621 stridore
825 3578 884 3620 et
904 3580 1106 3619 morsu.
1137 3560 1441 3618 Recordare
1470 3563 1677 3617 Domini
1702 3563 1801 3628 tui,
1830 3571 1885 3616 et
1906 3562 2153 3632 pharma-

568 3676 689 3716 cmn
715 3659 893 3715 statim
921 3658 1039 3726 ejus
1068 3656 1441 3711 recordatione
1485 3653 1815 3724 apposuisti;
1840 3714 1843 3715 ν
1868 3653 2151 3710 recordare

568 3752 757 3815 Pauli:
789 3752 959 3821 cogita
1006 3760 1077 3810 te,
1122 3748 1213 3818 qui
1266 3761 1549 3816 percussus
1591 3759 1672 3807 es,
1724 3745 1956 3813 vicisse,
1998 3745 2148 3799 illum

569 3860 718 3911 vero,
740 3843 829 3915 qui
862 3842 1141 3914 percussit,
1173 3840 1371 3894 victum
1394 3853 1533 3901 esse,
1558 3848 1613 3893 et
1636 3838 1713 3891 sic
1741 3847 1908 3891 totum
1938 3847 2148 3892 curato.

575 3937 897 3992 Momentum
935 3946 1017 3991 est
1045 3953 1058 3988 :
1092 3950 1159 3989 ne
1180 3933 1426 4003 rapiaris,
1453 3942 1507 3986 et
1541 3940 1707 3987 totum
1721 3930 2007 4000 perfecisti
2041 3948 2054 3983 :
2082 3946 2151 3985 ne

575 4029 860 4096 movearis,
902 4037 956 4082 et
1012 4036 1182 4081 totum
1240 4023 1566 4078 exstinxisti.
1624 4022 1809 4093 Magna
1857 4023 2152 4076 consolatio

568 4130 653 4178 est
719 4118 916 4190 aliquid
969 4128 1015 4173 te
1079 4134 1175 4188 pro
1227 4116 1443 4171 Christo
1499 4116 1605 4184 pati
1656 4131 1672 4168 :
1726 4128 1831 4168 non
1894 4114 2153 4183 pradicas

569 4227 869 4271 sermonem
925 4210 1045 4266 fidei
1071 4250 1088 4277 ,
1158 4208 1252 4263 sed
1304 4207 1564 4283 praedicas
1618 4221 1922 4261 sermonem
1974 4205 2151 4275 philo-

576 4302 799 4374 sophias.
858 4303 960 4368 At,
1017 4300 1262 4371 inquies,
1304 4308 1504 4368 quanto
1553 4301 1719 4365 magis
1770 4297 1871 4351 ille'
1907 4312 2153 4351 mansue-

576 4406 686 4452 tum
728 4394 946 4459 videbit,
999 4404 1145 4447 tanto
1184 4392 1352 4461 magis
1396 4390 1633 4457 instabit.
1677 4390 1961 4459 Propterea
1993 4391 2152 4460 igitur

568 4488 744 4552 doles,
771 4486 910 4557 quod
940 4487 1026 4541 ille
1050 4485 1144 4539 tibi
1173 4482 1473 4539 mercedem
1511 4482 1746 4550 augeat?
1790 4486 1858 4537 At
1902 4483 2153 4537 intracta-

571 4581 695 4637 bilis
721 4593 801 4636 est
824 4621 841 4646 ,
879 4577 1119 4648 inquies?
1162 4575 1289 4631 Hice
1312 4575 1768 4646 pusillanimitatis
1794 4586 1896 4629 tua;
1922 4589 2153 4629 excusa-

567 4682 645 4734 tio
670 4688 751 4732 est
784 4693 798 4731 :
827 4674 933 4729 alio
960 4673 1119 4728 modo
1157 4671 1507 4725 intractabilis
1532 4671 1655 4733 erit,
1685 4670 1729 4723 si
1775 4678 1826 4724 te
1846 4651 2148 4725 ulciscaris.

570 4769 626 4824 Si
662 4769 823 4824 sciret
860 4765 1141 4821 Deus‘illos
1170 4762 1535 4818 intractabiles
1571 4762 1703 4825 fore,
1731 4760 1776 4815 si
1808 4776 1909 4813 non
1939 4769 1989 4815 te
2017 4761 2155 4815 ulci-

557 4862 761 4925 scaris,
795 4874 897 4913 non
930 4852 1031 4911 hoe
1058 4853 1423 4927 praecepisset,
1454 4852 1545 4906 sed
1578 4852 1826 4913 dixisset,
1874 4850 1949 4905 Te
1981 4852 2149 4921 ipsum

573 4953 829 5008 ulciscere
860 4970 871 5004 :
903 4965 1089 5004 verum
1116 4949 1263 5003 nevit
1290 4947 1389 5000 hoc
1416 4945 1511 5000 tibi
1544 4944 1725 4998 utilius
1755 4943 1889 4997 fore.

653 5041 983 5099 Contumelia
1010 5038 1275 5111 quomodo
1320 5035 1747 5104 ferenda—Ne
1793 5052 1933 5106 pone
1979 5036 2149 5107 legem

570 5135 765 5191 divina:
794 5133 1113 5188 contrariam
1147 5149 1160 5183 :
1198 5129 1271 5183 illi
1300 5132 1630 5197 obtempera.
1663 5127 1776 5182 Non
1824 5145 1885 5184 es
1928 5139 1984 5182 tu
2033 5145 2150 5183 me-

572 5228 674 5283 lior
702 5241 768 5281 eo
794 5225 881 5292 qui
910 5224 1036 5279 fecit
1059 5219 1180 5278 nos.
1210 5221 1369 5285 Dixit,
1396 5220 1500 5274 Fer
1526 5221 1878 5276 contumelias
1902 5264 1917 5287 ,
1946 5233 1998 5277 ιι.
2031 5239 2151 5277 vero

569 5319 725 5383 dicis,
772 5315 1166 5369 Contumeliam
1222 5313 1487 5381 rependo,
1535 5328 1603 5367 ne
1651 5314 1740 5367 liat
1781 5314 2146 5370 intractabilis.

572 5407 655 5463 Tu
690 5421 819 5477 ergo
866 5404 984 5475 plus
1015 5405 1179 5471 sapis,
1228 5419 1385 5473 quam
1426 5404 1549 5459 ille?
1577 5404 1701 5459 llaec
1740 5404 1900 5459 verba
1936 5420 2000 5459 ex
2030 5421 2148 5476 pas.

573 5501 739 5561 sione,
790 5497 1101 5561 acerbitate,
1150 5506 1203 5550 et
1255 5498 1557 5567 arrogantia
1606 5497 2035 5565 proficiscuntur,
2086 5513 2149 5552 ac

570 5589 835 5644 contraria
866 5597 989 5643 sunt
1015 5587 1117 5657 legi
1148 5587 1260 5641 Dei.
1313 5586 1531 5640 Etiamsi
1560 5587 1703 5641 enim
1732 5586 2007 5649 hederent,
2049 5603 2145 5641 au-

572 5696 679 5737 uon
711 5678 1182 5747 obtemperandum
1210 5679 1363 5731 erat?
1391 5676 1525 5731 Cum
1555 5678 1824 5747 quidpiam
1849 5679 1990 5733 Deus
2015 5694 2147 5745 prae-

571 5774 718 5840 cipit,
743 5788 809 5827 ne
833 5786 1091 5842 ponamus
1121 5785 1219 5824 nos
1241 5768 1411 5838 legem
1444 5770 1789 5823 contrariam.
1841 5767 2145 5843 Responsio,

571 5867 759 5937 inquit,
794 5865 1040 5919 submissa
1069 5865 1245 5919 avertit
1266 5864 1391 5917 iram
1428 5860 1605 5932 (Prov.
1643 5863 1728 5918 l5.
1762 5863 1833 5933 l).
1879 5865 1989 5921 lloc
2017 5880 2145 5937 ergo

1348 420 1407 477 S.
1444 417 1721 476 JOANNIS
1756 411 2224 473 CHRYSOSTOMI
2264 412 2580 470 ARCHIEP.
2619 412 3152 471 CONSTANTINOP.

3761 418 3895 475 232

2265 528 2689 595 facitsubmissa,
2715 546 2820 585 non
2840 534 3129 587 contraria.
3157 531 3213 588 Si
3233 532 3324 612 tibi
3354 533 3590 604 prodest,
3619 538 3697 593 illi
3726 556 3886 612 φησι.

2265 635 2369 690 que
2396 621 2615 691 prodest
2642 641 2656 676 :
2691 624 2733 677 si
2757 640 2883 679 vero
2912 625 3003 680 tibi
3028 638 3202 693 nocet,
3227 609 3314 696 qui
3337 643 3682 689 correcturus
3706 609 3883 691 illum

2264 725 2345 773 es,
2394 713 2562 767 multo
2616 714 2787 785 magis
2835 716 2908 770 illi
2960 718 3191 772 nocebit.
3238 718 3455 787 Medica,
3490 727 3885 798 curateipeum

2267 800 2416 871 (Luc.
2450 805 2499 858 ι.
2528 803 2646 875 25).
2679 805 2989 861 Maledixit‘l
3034 807 3113 862 Tu
3142 810 3298 864 lauda
3326 830 3338 864 :
3369 814 3703 871 eutwiciatus
3731 832 3830 873 est
3858 823 3887 874 ἲ

2267 892 2346 948 Tu
2388 897 2646 951 encomiis
2684 897 2895 953 celebra
2928 917 2940 951 :
2970 898 3255 956 insidiatus
3285 904 3408 959 est?
3450 904 3595 963 Bene
3631 908 3715 964 fac
3758 922 3822 964 tu
3863 929 3882 966 :

2265 990 2530 1042 contraria
2560 988 2816 1057 repende,
2845 989 2889 1043 si
2919 990 3133 1045 tandem
3161 993 3389 1049 salutem
3427 997 3544 1065 ejus
3584 1014 3771 1064 curas.
3801 1019 3883 1059 ac

2270 1093 2338 1131 ne
2385 1078 2517 1133 velis
2545 1078 2739 1134 vulnus
2779 1090 2927 1134 tuum
2960 1081 3165 1136 ulcisci.
3198 1086 3287 1149 At,
3321 1086 3554 1153 inquies,
3588 1080 3737 1161 Saepe
3768 1112 3879 1161 pa-

2266 1169 2503 1224 tientiam
2526 1186 2697 1226 meam
2714 1182 2985 1243 expertus,
3011 1173 3246 1230 deterior
3273 1180 3489 1234 evasit?
3508 1180 3621 1237 lloc
3640 1167 3757 1238 imo
3787 1196 3874 1250 te,

2262 1260 2360 1316 sed
2388 1262 2539 1316 illum
2571 1272 2799 1326 spectat.
2836 1264 2927 1319 Vis
2957 1266 3094 1321 scire
3124 1280 3316 1334 quanta
3360 1286 3547 1341 passus
3575 1275 3645 1328 sit
3674 1277 3825 1333 Deus
3846 1278 3877 1332 r

2264 1353 2399 1405 Aras
2437 1352 2581 1407 illius
2628 1356 3037 1421 subverteruut,
3088 1361 3375 1428 prophetas
3414 1365 3773 1424 occiderunt:
3805 1380 3874 1425 et

2261 1442 2441 1497 omnia
2473 1445 2707 1513 pertulit.
2727 1448 2919 1501 Annon
2944 1460 3153 1517 peterat
3179 1452 3376 1508 fulmen
3404 1455 3728 1515 demittere?
3748 1459 3868 1518 Sed

2265 1543 2542 1605 postquam
2590 1537 2893 1607 prophetas.
2926 1556 3061 1609 quos
3102 1543 3326 1598 miserat
3353 1548 3692 1617 occiderunt,
3729 1562 3870 1610 tunc

2264 1622 2456 1679 Filium
2507 1626 2661 1680 situm
2712 1630 2876 1682 misit.
2926 1629 3151 1697 Quando
3187 1635 3355 1705 magis
3396 1637 3557 1708 impie
3598 1643 3863 1711 agebant,

2269 1727 2394 1771 tunc
2440 1719 2612 1786 majus
2643 1720 2959 1776 beneficium
3001 1725 3246 1781 contulit.
3297 1727 3365 1781 Et
3396 1741 3451 1783 tu
3490 1733 3535 1785 si
3565 1750 3725 1802 quem
3754 1753 3863 1792 ex-

2262 1820 2564 1878 asperatum
2590 1811 2811 1879 videris,
2836 1823 2963 1871 tunc
2991 1813 3160 1887 magis
3184 1818 3317 1874 cede
3345 1838 3359 1874 :
3394 1822 3483 1876 ille
3510 1841 3740 1897 namque
3769 1828 3861 1883 fu-

2263 1920 2353 1958 ror
2383 1906 2569 1975 majori
2598 1917 2719 1977 eget
2739 1910 3125 1965 consolatione.
3155 1912 3367 1981 Quanto
3393 1919 3692 1986 graviorem
3716 1938 3861 1977 cou-

2263 1998 2533 2053 tumeliam
2578 2000 2775 2067 infert,
2828 2011 2977 2058 tanto
3018 2005 3207 2075 majori
3258 2013 3672 2068 mansuetudine
3714 2031 3860 2084 cpus

2260 2100 2343 2143 est
2373 2107 2387 2147 :
2414 2106 2477 2146 ac
2505 2093 2645 2149 sicut
2679 2092 2843 2149 febris
2870 2097 3083 2167 quando
3112 2100 3281 2172 magis
3310 2102 3473 2159 instat
3492 2147 3507 2167 ,
3559 2118 3684 2162 tunc
3730 2109 3859 2179 plus

2260 2198 2393 2251 opus
2421 2183 2581 2240 habet
2608 2185 2833 2242 cedente
2857 2205 2870 2241 :
2902 2190 2980 2245 sic
3009 2198 3063 2243 et
3092 2189 3181 2245 ille
3212 2193 3300 2262 qui
3335 2193 3601 2253 irascitur.
3625 2197 3859 2267 Quando

2262 2275 2373 2331 fera
2400 2280 2567 2349 magis
2602 2290 2969 2349 exasperatur,
3004 2291 3129 2338 tunc
3157 2300 3346 2339 omnes
3388 2287 3622 2358 fugimus
3649 2308 3662 2345 :
3689 2292 3767 2348 sic
3797 2304 3859 2348 et

2261 2367 2396 2422 irato
2424 2369 2695 2425 cedamus.
2746 2370 2823 2427 Ne
2852 2382 3005 2442 putes
3046 2373 3149 2429 hoc
3190 2375 3447 2433 honorem
3496 2396 3659 2436 esse:
3697 2384 3849 2438 Alio-

2258 2463 2384 2530 quin
2415 2462 2579 2517 feram
2608 2463 2955 2529 houoramus,
3004 2477 3060 2521 et
3088 2466 3326 2524 furentes
3354 2473 3581 2541 proinde
3614 2473 3855 2531 honora-

2257 2567 2377 2606 mus
2397 2596 2411 2618 ,
2457 2570 2578 2610 cum
2606 2556 2980 2612 declinamus?
3024 2559 3239 2616 Minime
3276 2582 3287 2615 :
3318 2563 3607 2633 ignominia
3636 2568 3736 2621 huc
3766 2581 3857 2622 est

2256 2655 2312 2697 et
2335 2646 2688 2711 contumelia;
2712 2648 2821 2701 imo
2852 2665 2955 2702 non
2981 2648 3269 2718 ignominia
3295 2664 3347 2707 et
3376 2658 3718 2723 contumelia,
3752 2661 3856 2715 svd

2259 2736 2624 2790 misericordia
2654 2748 2705 2792 et
2734 2738 3053 2809 benignitas.
3075 2740 3191 2797 Non
3219 2744 3370 2800 vides
3395 2759 3604 2815 nautas,
3630 2755 3855 2820 quando

2262 2827 2610 2883 vehementer
2637 2830 2725 2883 llat
2749 2844 2959 2896 ventus,
2993 2832 3277 2891 demittere
3304 2837 3442 2901 vela,
3478 2855 3546 2895 ne
3571 2845 3858 2912 demerga-

2259 2926 2342 2970 tur
2382 2921 2573 2972 navis‘!
2609 2920 2843 2990 equitem
2888 2938 2993 2976 non
3040 2924 3209 2990 vides,
3254 2941 3375 2981 cum
3411 2930 3609 2999 abripit
3634 2946 3807 3001 equus
3834 2975 3852 2999 ,

2255 3008 2532 3063 cedentem
2558 3026 2655 3065 nec
2687 3012 3025 3076 retinentem,
3056 3031 3123 3070 ne
3144 3029 3335 3085 sponte
3360 3019 3501 3073 vires
3530 3022 3813 3077 absumat?

2323 3101 2378 3157 ι.
2414 3102 2524 3155 lloc
2547 3114 2603 3161 et
2628 3113 2682 3157 tu
2713 3102 2887 3159 facito.
2922 3104 3095 3161 Furor
3123 3106 3255 3178 ignis
3275 3119 3386 3174 est,
3418 3110 3627 3165 ﬂamma
3649 3114 3855 3169 ardens

2256 3193 2480 3247 materia
2507 3209 2713 3264 egens:
2748 3197 2944 3266 neigui
3001 3213 3178 3252 eseam
3239 3203 3582 3272 suppedites,
3635 3216 3689 3261 et
3735 3213 3853 3261 cito

2257 3284 2454 3337 malum
2499 3285 2817 3355 exstinguis.
2865 3288 2941 3341 Ira
2990 3304 3094 3344 non
3142 3307 3237 3360 per
3266 3309 3325 3345 se
3366 3295 3467 3347 vim
3518 3295 3715 3363 habet,
3745 3300 3851 3359 nisi

2256 3373 2393 3429 alius
2442 3376 2609 3444 ipsam
2658 3378 2785 3431 alat.
2832 3378 3037 3433 Nullam
3085 3390 3141 3436 tu
3198 3388 3597 3441 excusatiexiem
3657 3391 3849 3446 habes.

2258 3464 2351 3520 Ille
2399 3466 2581 3523 furore
2626 3467 2937 3535 detinetur,
2982 3487 3080 3527 nec
3124 3476 3228 3529 scit
3251 3478 3377 3546 quid
3426 3479 3592 3545 facit;
3647 3492 3700 3536 tu
3750 3488 3848 3554 qui

2256 3558 2403 3612 illmn
2453 3561 2676 3615 intueris
2699 3602 2713 3625 ,
2744 3578 2864 3616 cum
2898 3565 2949 3617 in
2983 3566 3126 3633 paria
3167 3568 3408 3625 incidens
3432 3613 3446 3635 ,
3498 3589 3671 3643 neque
3717 3568 3852 3631 hinc

2256 3652 2553 3719 sapientior
2580 3654 2797 3721 evadis,
2826 3673 2983 3725 quam
3013 3661 3222 3715 veniam
3254 3666 3519 3720 mereris?
3546 3668 3598 3721 Si
3634 3670 3685 3723 in
3714 3686 3855 3725 cou-

2256 3744 2451 3798 vivium
2482 3746 2601 3815 quis
2628 3747 2849 3801 veniens
2872 3791 2887 3813 ,
2923 3748 2975 3802 iu
3006 3754 3267 3807 vestibulo
3306 3759 3609 3827 quempiam
3641 3762 3856 3817 videret

2256 3836 2461 3891 ebrium
2486 3838 2734 3893 indecore
2749 3852 3016 3908 agentem,
3037 3842 3337 3916 deindeque
3355 3848 3467 3915 ipse
3483 3849 3535 3903 in
3559 3852 3704 3921 paria
3724 3854 3858 3908 inci-

2258 3929 2444 3995 deret,
2496 3946 2677 3985 noune
2724 3946 2841 4000 post
2883 3935 3028 3988 illum
3059 3938 3240 3991 ebrius
3286 3939 3455 3996 factus
3484 3944 3660 3999 minus
3691 3948 3853 4003 venia

2255 4020 2446 4090 dignus
2471 4024 2657 4077 esset?
2680 4022 2751 4076 Ita
2772 4035 2827 4078 et
2857 4024 2941 4078 hic
2958 4026 3241 4082 dicendum
3276 4047 3291 4085 :
3327 4048 3393 4086 ne
3418 4046 3663 4103 putemus
3686 4055 3854 4109 posse

2256 4112 2322 4166 ad
2350 4112 2712 4170 defensionem
2738 4116 2840 4170 dici
2873 4134 2885 4168 :
2916 4116 3030 4171 Non
3061 4135 3160 4190 ego
3181 4124 3317 4191 comi
3348 4141 3361 4176 :
3396 4127 3495 4181 hoc
3524 4144 3711 4185 eontra
3747 4152 3851 4190 nos

2256 4215 2339 4258 est
2363 4248 2377 4269 ,
2406 4207 2526 4276 quia
2558 4222 2729 4277 neque
2753 4209 2900 4263 illum
2930 4211 3173 4267 videntes
3193 4254 3208 4277 ,
3242 4222 3692 4286 temperantiores
3720 4225 3851 4282 facti

2257 4312 2441 4359 sumus
2470 4322 2481 4352 :
2514 4302 2966 4370 quemadmodum
3011 4306 3055 4359 si
3097 4298 3216 4377 quis
3244 4309 3385 4365 dicat
3414 4330 3426 4363 :
3461 4312 3574 4383 Ego
3603 4332 3711 4372 non
3741 4322 3851 4389 pri-

2260 4406 2379 4445 mus
2429 4395 2619 4447 occidi.
2678 4394 2801 4450 ldco
2846 4413 3075 4467 namque
3123 4416 3280 4470 pinna
3328 4404 3521 4475 dignus
3566 4424 3627 4463 es
3657 4451 3672 4475 ,
3719 4413 3848 4482 quia

2256 4485 2557 4551 exemplum
2589 4486 2805 4553 videns,
2842 4505 2945 4544 non
2971 4500 3020 4545 te
3049 4494 3359 4552 eohibuisti.

2330 4574 2574 4631 Iracundi
2594 4581 2871 4650 intago.—
2890 4584 2945 4638 Si
2974 4586 3184 4641 videres
3211 4590 3419 4645 ebrium
3448 4610 3666 4651 vomere
3685 4639 3699 4660 ,
3732 4598 3849 4652 dis-

2261 4667 2434 4733 trahi,
2462 4669 2724 4739 dirumpi,
2754 4675 2924 4729 oculis
2964 4678 3128 4732 torvis
3164 4683 3471 4751 respicere,
3505 4686 3848 4747 immunditia

2258 4774 2495 4853 mensam
2548 4764 2795 4832 replere,
2846 4782 3033 4824 omnes
3081 4772 3228 4826 illum
3279 4772 3500 4845 fugere,
3543 4780 3848 4853 deindeque

2260 4850 2486 4919 inparia
2534 4853 2832 4920 incideres,
2884 4876 3062 4911 annon
3112 4865 3281 4932 magis
3329 4864 3625 4936 culpandus
3653 4850 3850 4930 esses?

2258 4940 2398 4995 Talis
2424 4953 2506 4997 est
2531 4946 2814 5000 iracundus
2845 4965 2856 5000 :
2893 4951 3063 5021 magis
3085 4968 3250 5010 venas
3279 4956 3465 5027 inflat,
3497 4978 3657 5030 quam
3684 4966 3728 5020 is
3756 4969 3845 5038 qui

2260 5037 2424 5090 vomit
2453 5054 2464 5088 :
2496 5038 2683 5092 oetilos
2724 5040 3052 5109 irllamtna‘t,
3082 5047 3286 5104 viscera
3330 5052 3593 5125 discerpit
3616 5100 3630 5122 ,
3680 5037 3849 5119 vomit

2260 5129 2421 5183 verba
2446 5130 2536 5183 illo
2552 5133 2672 5186 cibo
2694 5134 2760 5186 im
2770 5137 2999 5203 puriora.
3024 5140 3286 5211 indigesta
3306 5146 3483 5201 omnia
3506 5150 3743 5220 loquitur
3768 5159 3847 5211 ni-

2257 5220 2747 5293 hilqueperfectum
2774 5227 2793 5297 (
2816 5244 2919 5283 non
2949 5234 3090 5288 enim
3118 5236 3245 5290 sinit
3272 5238 3387 5308 ira)
3413 5257 3428 5304 ;
3465 5243 3559 5297 sed
3581 5244 3721 5301 sicut
3741 5249 3847 5306 iilic

2256 5329 2399 5383 smpe
2447 5315 2782 5372 iuunoderati
2848 5318 3103 5380 humores
3164 5332 3502 5387 stomachum
3566 5340 3845 5396 turbantes

2256 5410 2433 5462 omnia
2486 5424 2791 5468 evacuant:
2840 5417 2908 5471 ita
2935 5420 2991 5472 et
3038 5418 3128 5475 hic
3171 5424 3321 5479 calor
3365 5404 3563 5484 nimius
3608 5433 3841 5489 animam

2255 5503 2606 5569 concutiens,
2638 5520 2745 5559 non
2770 5507 2899 5562 sinit
2942 5520 3121 5582 tegere
3160 5529 3279 5583 quae
3321 5518 3483 5574 silere
3530 5508 3838 5592 oporteret;

2255 5593 2349 5686 sed
2375 5593 2600 5647 dicenda
2630 5606 2684 5650 et
2711 5615 2815 5651 non
2846 5599 3073 5656 dicenda
3102 5604 3326 5661 emlildil
3349 5652 3363 5673 ,
3397 5628 3501 5664 non
3530 5614 3839 5686 audientes,

2254 5684 2348 5739 sed
2393 5686 2738 5755 semetipsum
2786 5689 3102 5761 deturpans.
3153 5699 3301 5754 Sicut
3346 5702 3507 5772 igitur
3564 5684 3842 5763 vemeutes

2254 5772 2525 5847 fugimus,
2578 5779 2655 5833 sic
2698 5790 2755 5836 et
2805 5783 2971 5839 iratos
3015 5784 3300 5858 fugiamus.
3347 5792 3484 5859 Quid
3538 5796 3842 5857 faciemus?

2261 5868 2485 5926 Pulvere
2529 5875 2784 5929 vomitum
2816 5886 3090 5949 legamus,
3123 5884 3350 5940 tacendo
3395 5902 3559 5944 canes
3590 5908 3844 5951 vocemus
