4072 6492
177 425 266 483 231
1253 416 1323 472 IN
1360 415 1546 472 ACTA
1584 407 2124 468 APOSTULORUM.
2167 407 2405 464 “OMIL.
2449 406 2644 464 XXXI.

159 555 277 603 τονς
343 540 470 593 Οὐκ
527 539 707 592 ἔστιν
741 534 906 605 ἡμῖν,
960 531 1149 604 φησὶν,
1188 533 1228 600 ἦ
1295 531 1460 597 πάλη
1509 527 1660 597 πρὸς
1695 519 1840 594 αἷμα

159 626 248 680 καί
285 627 512 694 σάρκα.
577 626 691 678 Καὶ
741 621 1028 695 ἀριστῶσι,
1083 619 1177 674 καὶ
1217 618 1517 689 βαδίζουσι,
1556 616 1649 669 καὶ
1683 615 1836 666 λουο-

163 713 334 782 μένοις
387 712 660 784 πάρεστιν
688 713 717 764 6
750 707 963 780 ἐχθρός.
1021 707 1097 760 Οὐ
1151 706 1261 776 γάρ
1303 701 1412 759 οἶδε
1473 704 1664 777 καιρὸν
1710 705 1838 756 ἀνα-

162 801 354 872 κωχῆς,
393 803 445 854 εί
485 799 560 870 μὴ
587 798 682 852 τὸν
715 796 813 850 τοῦ
841 794 1010 849 ὕπνου
1057 795 1256 867 μόνον’
1317 792 1580 855 πολλάκις
1628 790 1685 844 δέ
1751 790 1843 844 καὶ

157 892 271 944 τότε
323 887 586 959 πολεμεῖ,
631 886 726 939 καὶ
784 883 1082 954 λογισμοὺς
1137 880 1424 954 ἐμϐάλλων
1472 879 1841 949 ἀκαθάρτους,

161 977 246 1030 καὶ
297 973 740 1045 ἀσελγεστέρους
782 969 893 1028 ἀπὸ
954 970 1064 1025 τῶν
1120 969 1420 1041 ὀνειράτων
1445 968 1839 1039 ἐργαζόμενος.

168 1063 352 1134 Ἡμεῖς
381 1062 443 1116 δέ
472 1060 551 1125 ὡς
575 1061 706 1132 περὶ
734 1057 936 1131 μικροῦ
969 1057 1066 1112 τοῦ
1098 1057 1428 1126 πράγματος
1473 1055 1647 1117 ϐντος,
1702 1053 1844 1124 ὐπέρ

157 1146 452 1214 οῦέκεῖνος
488 1148 736 1219 πολεμεῖ,
795 1148 858 1202 οὐ
908 1148 1174 1218 νήφομεν,
1239 1145 1362 1198 οὐδὲ
1410 1140 1841 1212 διανιστάμεθα.

153 1238 266 1292 οὐδὲ
293 1236 579 1308 βλέπομεν
608 1237 691 1300 είς
737 1234 802 1289 τὸ
849 1233 1057 1305 πλῆθος
1103 1233 1215 1286 τῶν
1263 1230 1660 1301 ἀντικειμένων
1708 1232 1846 1300 ἡμῖν

153 1324 467 1397 δυνάμεων·
532 1324 634 1378 οὐκ
680 1322 994 1393 ἐννοοῦμεν,
1037 1322 1121 1376 ὅτι
1176 1320 1337 1375 τοῦτο
1391 1319 1526 1374 αὐτὸ
1547 1318 1652 1389 τῆς
1687 1317 1846 1389 μεγί-

155 1428 281 1482 στης
302 1411 662 1484 δυσπραγίας
693 1411 864 1464 ἐστίν·
894 1409 1012 1464 ἀλλ’
1054 1410 1162 1464 ὐπὸ
1216 1408 1490 1463 τοσούτων
1535 1405 1846 1475 κυκλούμε-

155 1518 228 1553 νοι
252 1499 538 1570 πολέμων,
568 1498 644 1564 ὡς
684 1500 743 1552 ἐν
774 1499 970 1571 εἰρήνῃ
997 1497 1321 1569 τρυφῶμεν.
1357 1493 1695 1549 Πιστεύσατέ
1732 1510 1843 1563 μοι,

155 1579 224 1640 ὧν
246 1585 469 1650 Παῦλος
496 1579 670 1640 ἔπαθέ
689 1584 1054 1656 χαλεπώτερα
1078 1584 1196 1637 εστι
1229 1582 1425 1637 παθεῖν
1477 1579 1594 1635 νῦν.
1642 1580 1846 1634 Ἐϐαλ-

157 1674 240 1727 λον
271 1674 445 1728 αὐτὸν
473 1673 598 1727 τότε
644 1672 814 1736 λίθοις
854 1675 1080 1728 ἐκείνοι·
1137 1671 1252 1725 ἐστι
1285 1671 1494 1742 ῥήμασι
1555 1668 1847 1739 βάλλεσθαι

156 1762 244 1814 καὶ
304 1760 406 1814 νῦν
480 1760 648 1814 λίθων
720 1761 1144 1831 χαλεπωτέροις.
1210 1759 1276 1812 Τί
1337 1753 1432 1812 οὖν
1490 1757 1574 1810 δεῖ
1627 1758 1845 1820 ποιείν;

159 1851 328 1920 Ὅπερ
360 1851 576 1913 ἐκεῖνος
605 1849 831 1918 ἐποίησε
853 1866 867 1882 ο
892 1850 1020 1912 τοὺς
1075 1847 1368 1918 βάλλοντας
1420 1846 1531 1918 γὰρ
1588 1847 1690 1899 οὐκ
1727 1844 1850 1913 ἐμί-

156 1953 337 2008 σησεν,
372 1936 520 1990 ἀλλά
574 1938 854 2009 συράντων
905 1937 1070 1990 αὐτὸν
1117 1935 1338 2005 εἰσῆλθε
1389 1935 1553 1989 πάλιν
1607 1936 1686 1997 εἰς
1748 1932 1849 2004 τὴν

158 2025 327 2091 πόλιν,
351 2026 743 2096 εὐεργετήσων
772 2024 902 2087 τοὺς
957 2023 1027 2078 τὰ
1075 2023 1302 2077 τοιαῦτα
1357 2023 1709 2093 ἠδικηκότας.
1752 2021 1850 2074 Ἂν

158 2112 385 2184 ἐνέγκῃς
425 2114 524 2166 καὶ
587 2110 652 2166 σύ
689 2112 782 2166 τὸν
828 2111 1093 2184 ὑϐριστὴν
1123 2112 1215 2164 τὸν
1246 2113 1477 2181 τραχὺν,
1521 2111 1614 2163 τὸν
1647 2108 1851 2172 ἀδίκως

158 2217 214 2254 σι
237 2201 626 2273 ἐργασάμενον
649 2199 847 2264 ταῦτα,
884 2199 1175 2270 ἑλιθάσθης
1201 2200 1296 2253 καὶ
1321 2198 1409 2252 σύ.
1457 2201 1547 2270 Μὴ
1605 2200 1714 2270 γὰρ
1767 2198 1849 2251 εί-

158 2304 283 2360 πῃς,
307 2291 394 2344 ὃτι
422 2289 594 2343 Οὐδὲν
617 2289 877 2360 ἠδίκησα.
907 2289 972 2341 Τί
1017 2288 1127 2361 γάρ
1179 2288 1391 2352 Παῦλος
1443 2288 1702 2358 ἠδίκησεν
1762 2286 1851 2344 ἵνα

159 2375 425 2449 λιθασθῇς
481 2376 773 2450 Βασιλείαν
818 2378 1181 2448 κατήγγελλε,
1229 2377 1440 2447 πλάνης
1494 2377 1710 2447 ἀπῆγε,
1771 2374 1851 2445 τῷ

159 2463 272 2534 θεῷ
323 2463 610 2536 προσῆγε·
658 2463 834 2518 ταῦτα
883 2464 1166 2533 στεφάνων
1205 2462 1352 2529 ἄξια,
1411 2463 1586 2516 ταῦτα
1639 2464 1850 2532 ἀνακη-

162 2551 386 2622 ρύξει-κ,
432 2551 610 2605 ταῦτα
660 2552 872 2623 μυρίων
925 2551 1169 2620 ἀγαθῶν,
1211 2552 1272 2605 οὐ
1321 2552 1485 2605 λίθων
1516 2567 1530 2581 ·
1558 2550 1674 2603 ἀλλ’
1701 2551 1852 2620 ὅμως

161 2641 422 2694 τάναντία
453 2639 716 2710 ἔπασχεν.
749 2638 898 2711 Αὕτη
930 2640 1093 2710 γάρὴ
1121 2639 1348 2711 λαμπρά
1373 2640 1520 2710 νίκη.
1559 2638 1670 2693 Καὶ
1707 2638 1852 2692 ἔσυ-

155 2742 267 2793 ραν
298 2726 520 2790 αὐτὸν,
555 2727 708 2797 φησί.
734 2726 842 2780 Καί
865 2744 924 2780 σε
949 2727 1211 2790 πολλάκις
1257 2727 1534 2799 σύρουσιν·
1604 2726 1743 2781 ἀλλά
1775 2725 1850 2796 μὴ

160 2815 446 2886 ὀργισθῇς,
477 2814 614 2868 ἀλλά
637 2815 876 2886 κήρυξον
911 2815 1005 2868 τὸν
1037 2814 1196 2884 λόγον
1240 2815 1329 2868 διά
1373 2817 1476 2886 τῆς
1527 2813 1850 2876 ἐπιεικείας.

162 2903 399 2976 ’Υϐρισέ
454 2920 550 2966 σει
602 2903 857 2975 Σίγησον,
886 2905 985 2958 καὶ
1044 2903 1343 2976 εὐλόγησον
1375 2905 1424 2958 εἰ
1476 2903 1725 2967 δύνασαι,
1755 2905 1853 2959 καὶ

160 2990 328 3055 οὕτως
366 2991 650 3063 ἐκήρυξας
703 2994 800 3047 καὶ
846 2993 911 3046 σὺ
953 2993 1046 3046 τὸν
1073 2993 1254 3060 λόγον,
1309 2994 1637 3057 ἐπαίδευσας
1681 2996 1855 3049 ἐπιεί-

164 3096 336 3142 κειαν,
372 3079 708 3140 ἐπαίδευσας
730 3081 1035 3152 πραότητα.
1094 3077 1229 3136 Οἶδα
1279 3082 1509 3147 πολλοὺς
1557 3084 1656 3153 οὐχ
1709 3083 1854 3138 οὕτω

163 3168 479 3240 τραύμασιν
523 3168 845 3238 ἀλγοῦντας,
899 3169 976 3233 ὡς
1036 3168 1220 3241 πληγῇ
1279 3173 1346 3241 τῇ
1413 3170 1504 3224 διὰ
1551 3172 1849 3243 ῥημάτων

163 3255 318 3310 τοῦτο
351 3255 456 3326 μὲν
497 3254 608 3325 γὰρ
649 3255 709 3308 τὸ
741 3255 966 3326 τραῦμα
1003 3254 1068 3309 τὸ
1124 3256 1285 3327 σῶμα
1313 3259 1549 3329 δέχεται,
1578 3261 1756 3314 ἐκεῖνο
1797 3260 1855 3316 δὲ

167 3342 404 3414 ἡψυχὴ.
452 3341 613 3395 Ἀλλά
648 3342 723 3412 μὴ
748 3343 1101 3415 ἀλγήσωμεν,
1147 3344 1351 3415 μᾶλλον
1406 3345 1463 3399 δὲ
1515 3347 1855 3416 ἀλγήσαντες

165 3431 502 3500 ἐνέγωμεν.
528 3429 641 3499 Οὐχ
667 3431 829 3500 ὁρᾶτε
849 3431 974 3494 τοὺς
997 3432 1394 3497 πυκτεύοντας,
1422 3434 1472 3486 οἳ
1492 3433 1653 3507 [245].
1674 3435 1855 3490 διατεα

166 3518 435 3589 τρωμένοι
469 3517 568 3582 τὰς
599 3517 860 3586 κεφαλὰς,
885 3520 1011 3582 to);
1041 3519 1263 3585 ὀδόντας
1298 3521 1645 3586 ἐνδακόντες,
1682 3523 1858 3588 οὕτως

167 3605 390 3677 ἡμέρως
420 3605 651 3676 φέρουσι
682 3605 782 3669 τὰς
812 3606 1144 3678 ἀλγηδόνα;;
1183 3608 1449 3663 Ἐνταῦθα
1496 3611 1554 3664 δέ
1604 3612 1666 3664 οὐ
1698 3612 1859 3683 χρεία

172 3695 364 3766 βρύξαι
399 3697 527 3758 τοὺς
590 3693 830 3759 ὀδόντας,
861 3695 923 3748 οὐ
973 3697 1135 3765 χρεία
1194 3697 1398 3752 δακεῖν.
1455 3700 1859 3770 Ἀναμνήσθητι

170 3784 260 3837 τοῦ
288 3783 569 3837 Δεσπότου
602 3782 698 3837 τοῦ
732 3783 860 3847 σοῦ,
898 3784 994 3837 καὶ
1042 3785 1105 3837 τὸ
1141 3784 1435 3857 φάρμακον
1493 3787 1698 3852 εὐθέως
1738 3788 1862 3844 έπέ-

173 3870 348 3942 θηκας
390 3872 458 3941 τῇ
493 3871 684 3943 μνήμῃ
705 3889 720 3904 ο
756 3871 1136 3943 ἀναμνήσθητι
1170 3873 1386 3927 Παύλου
1409 3890 1424 3905 ·
1473 3877 1728 3946 ἐννόησον
1776 3878 1861 3930 ὅτι

175 3962 236 4015 σύ
269 3962 534 4030 ἐνίκησας
561 3962 592 4015 6
615 3959 1007 4032 πληττόμενος,
1042 3964 1248 4028 ἐκεῖνος
1277 3964 1332 4019 δέ
1359 3965 1589 4038 ἥττηται
1646 3969 1675 4022 6
1725 3969 1862 4038 πλή-

175 4048 292 4113 ξας.
321 4049 422 4102 καὶ
442 4051 502 4102 τδ
525 4050 635 4102 πᾶν
664 4049 800 4104 ίάσω
829 4049 918 4102 διὰ
942 4049 1156 4104 τούτου.
1199 4053 1366 4124 Ῥοπή
1420 4055 1560 4120 ἐστι,
1611 4056 1687 4126 μὴ
1736 4073 1863 4108 συν-

174 4140 452 4209 αρπαγῇς,
488 4136 582 4190 καὶ
631 4136 692 4189 τὸ
740 4139 850 4191 πᾶν
907 4137 1282 4211 κατώρθωσας
1321 4140 1557 4215 εὐθέως⁶
1602 4142 1678 4214 μὴ
1710 4161 1864 4215 κινη-

173 4222 294 4294 θῇς,
324 4223 422 4277 καὶ
463 4222 527 4276 τὸ
574 4223 683 4276 πᾶν
723 4223 977 4289 ἔσϐεσας.
1009 4225 1239 4304 Μεγάλη
1286 4229 1612 4299 παραμυθία
1667 4231 1728 4285 τὺ
1761 4224 1863 4285 ’διὰ

176 4311 414 4384 Χριστόν
440 4327 496 4364 τι
522 4309 743 4364 παθεῖν’
774 4309 834 4363 οὐ
855 4311 1147 4382 κηρύττεις
1171 4313 1262 4367 τὸν
1291 4315 1449 4383 λόγον
1477 4315 1579 4385 τῆς
1604 4315 1860 4381 πίστεως,

177 4398 314 4452 ἀλλά
359 4396 655 4468 κηρύττεις
711 4395 800 4451 τὸν
840 4399 997 4467 λόγον
1050 4400 1150 4470 τῆς
1190 4401 1528 4474 φιλοσοφίας.
1584 4403 1722 4457 Ἀλλ’
1753 4405 1864 4476 ὅσῳ

179 4485 246 4538 ἀν
277 4485 364 4556 ἴδῃ
386 4487 486 4557 τὴν
517 4485 843 4550 ἐπιείκειαν,
889 4487 1045 4558 φησὶ,
1095 4489 1335 4558 τοσούτῳ
1379 4491 1581 4556 γιᾶλλον
1627 4490 1866 4562 ἐπιτίθε-

177 4589 289 4627 ται.
320 4571 420 4625 Διά
447 4571 606 4624 τοῦτο
631 4568 724 4627 οὖν
753 4573 960 4641 ἀλγεῖς,
988 4575 1072 4628 ὃτι
1097 4576 1298 4646 μᾶλλόν
1330 4596 1412 4631 σοι
1459 4579 1587 4643 τοὺς
1637 4579 1867 4650 μισθοὺς

179 4660 367 4728 αὐξεις
403 4659 543 4713 Ἀλλ’
571 4661 846 4732 ἄχρηστος
877 4663 1107 4731 γίνεται,
1133 4665 1287 4737 φησί.
1330 4666 1502 4719 Τοῦτο
1537 4668 1736 4738 σκῆψις
1764 4669 1866 4738 τῆς

183 4748 322 4812 ίδίας
354 4748 751 4819 μικροψυχίας·
781 4751 985 4821 ἑτέρως
1001 4752 1276 4824 ἄχρηστος
1310 4755 1541 4822 γίνεται,
1568 4756 1634 4810 ἂν
1656 4757 1862 4830 ἀμύνῃ.

181 4837 244 4890 Et
287 4837 409 4908 ᾔδει
445 4837 477 4889 6
528 4836 683 4902 Θεὸς,
710 4839 792 4892 ὅτι
840 4838 927 4892 διὰ
969 4839 1065 4892 τοῦ
1121 4840 1194 4912 μὴ
1251 4843 1555 4912 ἀμύνεσθαι
1600 4844 1868 4917 ἄχρηστοι

180 4923 421 4991 ἐγίνοντο
444 4923 497 4975 οἱ
526 4923 723 4989 ἄδικοι,
763 4925 865 4980 οὐκ
896 4925 962 4980 ἂν
985 4927 1146 4981 τοῦτο
1175 4929 1438 4994 ἐπέταξεν
1460 4972 1474 4996 ,
1508 4931 1623 4984 ἀλλ’
1654 4932 1808 4987 εἶπεν
1838 4946 1865 4974 ι

181 5010 268 5074 ἂν,
307 5012 546 5082 ’Δμυνον
569 5011 788 5080 σαυτῷο
815 5013 929 5069 ἀλλ’
964 5012 1103 5070 οἶδεν
1131 5019 1214 5071 ὅτι
1266 5017 1410 5072 οὕτω
1469 5020 1670 5090 μᾶλλον
1719 5022 1866 5092 ὠφε-

180 5097 377 5154 λείται.

252 5185 348 5256 Μὴ
373 5185 774 5257 ἀντινομοθέτει
807 5187 885 5258 τῷ
911 5189 1031 5260 Θεῷ
1054 5206 1069 5223 °
1101 5191 1296 5263 ἐκείνῳ
1328 5193 1541 5248 πείθου.
1576 5196 1690 5248 Οὐκ
1720 5191 1769 5249 εί
1801 5198 1866 5251 σὺ

180 5269 530 5343 ἀγαθὼτερος
586 5273 683 5327 τοῦ
738 5275 1062 5347 ποιήσαντος
1091 5279 1259 5349 ἡμᾶς.
1293 5276 1492 5347 Εἶπεν,
1543 5281 1867 5354 ’Υϐριζόμε-

182 5376 274 5423 νος
313 5359 482 5430 φέρε”
546 5360 610 5414 σύ
670 5361 872 5430 λέγεις.
918 5364 1273 5438 Ἀνθυϐρίζω,
1319 5371 1407 5423 ἵνα
1461 5370 1536 5442 μὴ
1591 5372 1870 5443 ἄχρηστος

183 5448 466 5517 γένηται⁶.
512 5449 584 5503 Σὺ
643 5445 737 5504 οὖν
777 5451 978 5521 μᾶλλον
1025 5453 1192 5509 αὐτοῦ
1246 5457 1595 5528 φροντίζεις;
1655 5459 1870 5523 Πάθους

185 5534 358 5588 ταῦτα
391 5536 482 5588 καὶ
504 5537 843 5611 τραχύτητος
896 5540 968 5596 τὰ
1027 5544 1250 5614 ῥήματα
1292 5547 1388 5600 καὶ
1422 5546 1740 5613 ἀλαζονείας
1777 5552 1871 5605 καὶ

317 5623 752 5712 ἀντινομοθετεῖν
774 5629 856 5699 τῷ
879 5629 1017 5700 θεῷ.
1044 5632 1103 5685 EE
1135 5635 1243 5705 γὰρ
1271 5636 1712 5701 καὶ-ἐϐλάπτετο,
1748 5642 1872 5712 οὐχὶ

189 5711 471 5766 πυίθεσθαι
502 5714 696 5786 ἐχρῆνς
724 5718 891 5771 Ὅταν
920 5718 949 5770 6
977 5717 1110 5783 Θεός
1140 5738 1194 5774 τι
1226 5725 1563 5797 προστάττῃ,
1602 5728 1676 5797 μὴ
1728 5711 1873 5783 ἀντι.

188 5801 566 5871 νομοθετῶμεν
587 5805 768 5874 ἡμεῖς.
828 5807 1187 5876 Ἀπόκρισις,
1226 5813 1411 5883 φησὶν,
1439 5815 1871 5871 ὑποπίπτουσα

247 6001 278 6030 ⁸
306 5997 440 6052 Unus
461 6002 604 6054 τοῦτο
625 6008 866 6067 ἐποίησεν,
896 6014 999 6061 ὄλλ’
1026 6015 1172 6065 εἶπεν.

189 6069 406 6114 manem
430 6067 652 6118 codicum
670 6076 969 6135 recepimus.
1005 6077 1133 6125 ιιιιιτ.

552 6157 821 6219 Ριτιιοι.
863 6157 908 6217 (ἶ
923 6176 981 6218 ιι.
1029 6158 1155 6222 LX.

1269 6023 1296 6055 ⁸
1322 6019 1490 6070 Μοηίΐ.
1513 6021 1744 6083 γένωμαι.
1771 6022 1868 6072 Lc-

3538 413 3647 470 252

1945 521 2314 592 ἀποστρέφει
2371 523 2576 593 ὀργάς.
2639 522 2786 595 ’Ἄρα
2835 522 2995 577 τοῦτο
3043 529 3190 579 ποιεί
3233 528 3646 598 ὐποπίπτουσα,

1943 610 2045 664 οὐκ
2073 610 2489 684 ἐναντιουμένη.
2526 613 2589 664 El
2619 612 2680 664 σέ
2714 611 2936 681 ὠφελεῖ,
2964 614 3218 669 κάκεῖνον
3243 617 3476 688 ὠφελεῖ·
3514 624 3564 676 εί
3588 625 3647 678 δέ

1949 713 2009 749 σε
2041 696 2404 766 βλάπτει⁹τὺν
2461 699 2728 769 μέλλοντα
2774 700 3123 772 διορθοῦσθαι
3172 707 3406 774 ἐκεῖνον,
3466 710 3650 783 πολλῷ

1945 784 2148 855 μᾶλλον
2187 788 2417 843 ἐκεῖνον.
2469 787 2670 856 Ἰατρέ,
2728 788 3111 858 θεράπευσον
3164 797 3451 852 σεαυτόν.
3512 794 3649 852 Είπε

1943 873 2174 938 κακῶςς
2235 874 2555 929 Ἐπαίνεσον
2609 875 2710 929 σύ·
2773 876 3151 951 ἐλοιδόρησεν;
3225 883 3664 956 Ἐγκωμίασονυ

1941 959 2340 1014 ἐπεϐούλευσεν
2363 977 2378 1027 ;
2412 960 2794 1033 Εὐεργέτησον
2816 982 2828 996 ·
2856 967 2972 1028 τοῖς
3003 966 3272 1032 ἐναντίοις
3300 970 3467 1024 αὐτὸν
3488 974 3650 1044 ἀμεί-

1942 1045 2060 1109 ϐου,
2096 1050 2234 1118 εἴγε
2255 1049 2393 1111 ὅλως
2421 1050 2524 1120 τῆς
2552 1049 2765 1105 ἐκείνου
2797 1052 3077 1124 σωτηρίας
3115 1059 3389 1127 προνοεῖς,
3421 1059 3518 1128 καὶ
3571 1061 3649 1135 μὴ

1944 1138 2147 1192 σαυτοῦ
2198 1139 2261 1192 τὸ
2307 1138 2481 1202 πάθος
2546 1139 2785 1193 ἐκδικεῖν
2841 1141 2986 1195 θέλε.
3041 1143 3151 1196 Καὶ
3193 1143 3302 1215 μὴν
3365 1145 3648 1212 πολλάκις,

1945 1227 2132 1296 φησὶν,
2165 1225 2486 1290 ἀπολαύσας
2519 1227 2912 1299 μακροθυμίας
2944 1229 3146 1301 χείρων
3203 1232 3419 1301 γέγονε.
3475 1234 3649 1288 Τοῦτο

1942 1315 2004 1366 οὐ
2033 1315 2187 1384 παρά
2215 1315 2296 1377 σὲ,
2325 1315 2462 1368 ἀλλά
2497 1317 2629 1384 παρ’
2656 1315 2842 1369 αὐτόν.
2882 1317 3070 1370 Βούλει
3105 1319 3298 1390 μαθεῖν
3321 1316 3411 1376 οἷα
3445 1321 3652 1377 ἔπαθεν

1941 1405 1971 1456 6
1995 1402 2165 1469 Θεός;
2207 1403 2288 1455 Τά
2318 1403 2687 1474 θυσιαστήρια
2722 1403 2889 1457 αὐτοῦ
2914 1405 3298 1475 κατέσκαψαν,
3321 1409 3449 1471 τοὺς
3513 1425 3650 1482 προ-

1946 1491 2124 1559 φήτας
2169 1490 2526 1551 ἀπέκτειναν,
2581 1492 2677 1544 καὶ
2733 1492 2917 1546 πάντα
2943 1493 3180 1565 ἔφερεν.
3237 1496 3352 1548 Οὐκ
3420 1496 3652 1566 ἠδύνατο

1948 1579 2192 1650 σκηπτὸν
2216 1578 2427 1632 ἄνωθεν
2453 1582 2823 1648 καταγαγεί-ι;
2865 1580 3006 1634 Ἀλλ’
3049 1583 3139 1634 ὅτε
3185 1585 3316 1648 τοὺς
3364 1586 3652 1657 προφήτας

1945 1667 2256 1731 ἀπέστειλε,
2291 1667 2385 1722 καῖ
2418 1667 2631 1720 ἀνεῖλον
2659 1668 2878 1734 αὐτοὺς,
2912 1670 3034 1724 τότε
3074 1671 3167 1724 τὸν
3199 1671 3329 1724 Υίὸν
3359 1673 3607 1744 ἔπεμψεν
3628 1656 3646 1707 ὀ

1945 1757 2036 1810 ὅτε
2064 1754 2288 1826 μείζονα
2314 1755 2615 1826 ἠσέϐησαν,
2641 1757 2762 1808 τότε
2800 1757 3066 1826 μειζόνως
3099 1759 3442 1830 εὐηργέτησε
3467 1777 3482 1824 ;
3538 1762 3650 1815 Καὶ

1947 1844 2014 1896 σύ
2051 1843 2118 1897 ἂν
2152 1844 2268 1916 ίδῃς
2291 1843 2714 1914 τραχυνόμενον,
2745 1845 2868 1898 τότε
2899 1847 3164 1916 μειζόνως
3192 1842 3336 1913 εἶξον
3357 1863 3371 1877 ·
3403 1849 3650 1918 μείζονος

1947 1931 2114 2001 γάρὴ
2144 1930 2309 2000 μανία
2338 1929 2476 2001 αὕτη
2497 1930 2669 1983 δεῖται
2700 1931 3083 2003 παραμυθίας.
3108 1934 3263 2004 Ὅσῳ
3294 1933 3362 1988 ἂν
3395 1935 3649 2005 χαλεπὼ-

1945 2035 2082 2089 τερα
2112 2017 2329 2089 ὑϐρίζῃ,
2357 2017 2597 2088 τοσούτῳ
2623 2019 2872 2084 πλείονος
2904 2020 2931 2060 ιθ
2956 2022 3260 2085 ἐπιεικείας
3299 2022 3469 2075 δεῖται
3492 2037 3504 2050 ·
3552 2024 3647 2077 καὶ

1948 2105 2202 2177 καθάπερ
2223 2106 2460 2177 πυρετὸς
2493 2107 2622 2160 ὅταν
2650 2107 2886 2178 σφοδρὸν
2918 2108 3150 2181 πνεύσῃ,
3187 2109 3310 2163 τότε
3345 2110 3517 2164 δεῖται
3551 2109 3646 2164 τοῦ

1945 2195 2186 2259 εἴκοντος
2213 2210 2227 2224 ⁶
2255 2194 2400 2249 οὕτω
2431 2195 2522 2248 καὶ
2545 2197 2572 2248 6
2596 2193 2964 2267 θυμούμενος.
2999 2197 3073 2250 Τὸ
3132 2195 3322 2269 θηρίον
3374 2200 3506 2253 ὅταν
3543 2200 3650 2271 μά-

1947 2281 2107 2334 λιστα
2131 2281 2416 2353 ἀγριαίνῃ.
2439 2281 2563 2336 τότε
2594 2282 2876 2353 φεύγομεν
2909 2284 3154 2349 ἇπαντες
3173 2301 3186 2313 ·
3210 2285 3356 2339 οὕτω
3401 2287 3498 2340 καὶ
3553 2287 3651 2341 τὸν

1947 2368 2320 2441 ὀργιζόμενον.
2353 2369 2446 2442 Μὴ
2473 2369 2706 2444 νομίσῃς
2731 2371 2893 2425 τοῦτο
2919 2374 3086 2444 τιμὴν
3131 2370 3274 2428 εἶναι
3300 2391 3313 2404 ·
3371 2375 3497 2428 ἐπεὶ
3552 2377 3650 2430 καὶ

1947 2457 2010 2510 τὸ
2045 2455 2232 2528 θηρίον
2254 2456 2530 2528 τιμῶμεν,
2565 2457 2661 2511 καὶ
2690 2459 2819 2523 τοὺς
2867 2463 3237 2532 μαινομένους
3285 2462 3418 2531 γοῦν
3475 2464 3650 2535 τιμῶ-

1952 2563 2072 2616 μεν,
2108 2547 2237 2599 ὄταν
2265 2545 2641 2618 ἐκκλίνωμεν;
2675 2547 2974 2618 Οὐδαμῶς⁸
3007 2551 3202 2617 ἀτιμία
3233 2551 3394 2604 τοῦτό
3417 2553 3650 2606 ἐστικαὶ

1951 2631 2108 2702 ὕϐρις
2137 2651 2150 2663 ·
2187 2631 2389 2703 μᾶλλον
2425 2633 2483 2687 δὲ
2516 2634 2617 2688 οὐκ
2670 2636 2865 2706 ἀτιμία
2899 2637 2994 2690 καὶ
3031 2636 3208 2709 ῦϐρις,
3237 2639 3352 2691 ἀλλ’
3379 2639 3528 2704 ἔλεος
3555 2641 3652 2694 καὶ

1949 2720 2355 2794 φιλανθρωπία.
2424 2723 2537 2793 οὐχ
2585 2725 2719 2794 ὁρᾷς
2767 2725 2896 2787 τοὺς
2953 2724 3178 2791 ναύτας,
3231 2728 3360 2780 ὅταν
3420 2727 3653 2799 σφοδρὸν

1951 2809 2236 2883 ἐμπνεύσῃ
2266 2810 2328 2862 τὸ
2356 2810 2598 2881 πνεῦμα,
2619 2809 2769 2884 [246]
2792 2811 3196 2884 καθαιροῦντας
3218 2815 3287 2867 τά
3318 2815 3483 2876 ίστία,
3507 2815 3651 2869 ὥστε

1955 2899 2031 2969 μὴ
2053 2898 2355 2952 καταδῦσαι
2371 2899 2433 2952 τὸ
2453 2899 2661 2970 σκάφος
2685 2916 2700 2962 ;
2726 2901 2855 2965 τούς
2870 2901 3070 2966 ἵππους
3100 2903 3230 2958 ὃταν
3259 2905 3654 2974 συναρπάσωσι

1949 2987 2044 3041 τὸν
2071 2987 2364 3060 ἐπιϐάτην,
2393 2988 2790 3052 συνενδιδόντα,
2823 2989 2920 3043 καὶ
2942 2990 3004 3043 οὐ
3033 2990 3391 3057 καθέλκοντα,
3428 2992 3518 3046 ῐνα
3575 2995 3652 3065 μὴ

1951 3075 2280 3146 αὐτομάτως
2309 3069 2527 3150 κενὼσῃ
2559 3075 2658 3149 τὴν
2682 3076 2955 3148 δύναμιν;

2024 3165 2085 3218 δ’.
2109 3165 2283 3218 Τοῦτο
2297 3165 2391 3218 καὶ
2409 3168 2473 3220 σὺ
2497 3167 2748 3238 ποίησον.
2771 3167 2890 3238 Πῦρ
2915 3167 3064 3220 ἐστιν
3083 3167 3113 3219 6
3132 3165 3322 3238 θυμὸς,
3343 3167 3477 3238 φλόξ
3503 3169 3655 3222 ἐστιν

1951 3251 2102 3318 ὀξεῖα
2129 3253 2360 3325 δεομένη
2396 3252 2530 3325 ὕλης
2552 3269 2566 3283 ·
2602 3251 2678 3324 μὴ
2708 3253 3003 3326 παράσχῃς
3034 3255 3136 3326 τὴν
3163 3255 3372 3327 τροφὴν
3391 3255 3470 3326 τῷ
3496 3256 3653 3326 πυρὶ,

1952 3342 2048 3396 καὶ
2091 3341 2302 3412 ταχέως
2356 3342 2588 3406 ἔσϐεσας
2632 3341 2694 3395 τὸ
2747 3342 2939 3396 κακόν.
2995 3342 3111 3396 Οὐκ
3142 3342 3257 3414 ἔχει
3300 3344 3424 3399 καθ’
3454 3345 3656 3418 ἑαυτὴν

1957 3431 2111 3502 ίσχύν
2141 3432 2174 3502 ή
2202 3429 2365 3501 ὀργὴ,
2394 3429 2462 3483 ἂν
2497 3431 2575 3499 μὴ
2600 3429 2788 3500 ἔτερος
2810 3429 3074 3501 ότρέφων
3103 3431 3275 3502 αὐτὴν
3411 3433 3658 3506 Οὐδεμία

1957 3518 2040 3571 σοί
2067 3520 2217 3570 ἐστιν
2246 3514 2535 3583 ἀπολογία.
2583 3516 2824 3580 Ἐκεῖνος
2885 3518 3182 3587 κατέχεται
3229 3522 3296 3591 τῇ
3336 3521 3526 3594 μανίᾳ,
3564 3523 3659 3578 καὶ

1954 3606 2056 3658 οὐκ
2108 3600 2218 3657 οἶδε
2271 3604 2326 3656 τί
2371 3606 2550 3656 ποιεί·
2585 3605 2652 3657 σὺ
2680 3604 2904 3676 θεωρῶν
2932 3607 3118 3671 αὐτὸν,
3153 3609 3281 3662 ὅταν
3315 3612 3428 3674 τοῖς
3471 3612 3658 3676 αὐτοῖς

1957 3692 2285 3765 περιπέσῃς,
2332 3692 2426 3745 καὶ
2477 3691 2612 3762 μηδὲ
2668 3691 2729 3757 ἐξ
2782 3693 2996 3747 ἐκείνου
3051 3697 3466 3770 σωφρονισθῇς,
3527 3701 3658 3754 ποία

1958 3779 2296 3851 συγγνώμης
2331 3778 2395 3833 Et
2416 3781 2474 3833 ὲν
2500 3780 2792 3851 συμποσίῳ
2825 3797 2910 3844 τις
2933 3781 3232 3852 γενόμενος
3263 3785 3385 3838 τινὰ
3429 3787 3487 3838 ἐν
3528 3805 3659 3858 προσ

1958 3867 2144 3941 θύροις
2174 3867 2272 3920 ίδοι
2295 3866 2567 3936 μεθύοντα
2605 3868 2700 3921 καὶ
2728 3867 3169 3939 ἀσχημονοῦντα,
3211 3866 3329 3924 εἶτα
3368 3873 3463 3926 καὶ
3492 3873 3658 3936 αὐτὸς

1957 3959 2070 4019 τοῖς
2116 3955 2323 4026 ὁμοίοις
2377 3957 2676 4026 περιπέσῃ,
2733 3957 2796 4010 οὐ
2851 3956 3033 4029 πολλῷ
3086 3958 3288 4028 μᾶλλον
3312 3961 3658 4030 μετ’ἐκείνον

1962 4043 2178 4114 μεθύων
2233 4041 2622 4111 ἀσύγγνωστος
2657 4043 2723 4096 ἂν
2772 4043 2896 4113 είη;
2933 4045 3092 4098 Οὕτω
3134 4047 3227 4100 καὶ
3267 4048 3536 4102 ἐνταῦθα’
3581 4051 3657 4120 μὴ

1960 4131 2270 4202 νομίζωμεν
2315 4125 2454 4184 εἶναι
2489 4131 2790 4200 ἀπολογίαν
2831 4131 2894 4185 τὸ
2915 4133 3118 4201 λέγειν,
3154 4135 3236 4188 ὃτι
3262 4136 3377 4190 Οὐκ
3416 4136 3528 4205 ἐγὼ
3554 4153 3658 4192 x1-

1958 4220 2134 4290 τῆρξα
2154 4236 2166 4248 ·
2192 4219 2354 4272 τοῦτο
2374 4219 2495 4273 καθ’
2529 4219 2691 4290 ἡμῶν
2717 4222 2886 4282 ἐστιν,
2921 4220 3004 4275 ὅτι
3036 4222 3173 4293 μηδέ
3203 4225 3412 4277 ἐκεῖνον
3458 4225 3661 4289 ίδόντες

1960 4305 2448 4380 ἐσωφρονίσθημεν
2465 4324 2477 4337 ’
2512 4307 2705 4380 ὥσπερ
2724 4307 2790 4362 ἀν
2820 4309 2967 4363 εἴποι
2987 4326 3092 4374 τις,
3119 4312 3234 4366 Οὐκ
3254 4312 3368 4381 ἐγὼ
3389 4313 3661 4383 ἐφόνευσα

1963 4399 2204 4469 πρῶτος.
2241 4399 2339 4452 Διά
2360 4399 2470 4471 γὰρ
2492 4398 2964 4465 τοῦτοκολάσεως
2992 4398 3044 4454 εἷ
3063 4402 3235 4469 ἄξιος,
3259 4404 3344 4457 ὅτι
3385 4405 3523 4476 μηδέ
3577 4406 3661 4469 εἰς

1961 4487 2023 4540 τὸ
2045 4487 2399 4557 παράδειγμα
2426 4487 2552 4542 ίδὼν
2581 4489 2814 4560 ἐπέσχες
2845 4490 3063 4544 σαυτόν.

2035 4577 2098 4629 Εί
2127 4576 2256 4638 ἴδοις
2286 4576 2524 4647 ἐμοῦντα
2556 4577 2648 4632 τὸν
2685 4578 2978 4649 μεθύοντα,
3035 4577 3440 4650 διασπώμενον.
3507 4579 3662 4653 διαρ·

1965 4664 2346 4736 ῥηγνύμενον,
2393 4666 2521 4728 τοὺς
2581 4665 2900 4736 ὀφθαλμοὺς
2952 4667 3147 4737 ἔχοντα
3214 4668 3659 4739 διατεταμένους,

1963 4752 2314 4824 ἀκαθαρσίας
2352 4753 2452 4824 τὴν
2512 4752 2797 4826 τράπεζαν
2846 4754 3184 4826 πληροῦντα,
3241 4757 3451 4821 πάντας
3496 4759 3664 4812 αὐτὸν

1962 4841 2399 4910 ἀποφεύγοντας,
2421 4837 2542 4896 εἶτα
2571 4845 2684 4906 τοῖς
2713 4844 2903 4908 αὐτοῖς
2937 4846 3269 4917 περιπέσῃς,
3296 4846 3419 4916 οὐχὶ
3455 4847 3663 4917 μᾶλλον

1965 4929 2063 5002 ἔσῃ
2097 4932 2364 5001 μισητός;
2395 4929 2653 4993 Τοιοῦτός
2685 4933 2801 4985 ἐστι
2841 4934 2937 4986 καὶ
2998 4935 3026 4987 6
3083 4933 3462 5005 ὀργιζόμενος·
3525 4935 3664 5006 μᾶλ-

1965 5016 2059 5070 λον
2119 5018 2214 5071 τοῦ
2267 5017 2529 5087 ἐμοῦντος
2580 5019 2840 5073 διατείνει
2897 5019 2999 5085 τὰς
3060 5021 3286 5092 φλέϐας,
3335 5027 3503 5094 πυροί
3537 5026 3664 5089 τοὺς

1964 5105 2305 5176 ὀφθαλμοὺς,
2338 5106 2640 5160 διασπᾶται
2686 5107 2756 5161 τά
2803 5107 3115 5182 σπλάγχνα,
3153 5111 3283 5181 ἐμεῖ
3329 5111 3516 5182 πολλῷ
3564 5115 3664 5184 ρη-

1970 5210 2121 5264 ματα
2144 5193 2247 5265 τῆς
2279 5195 2489 5265 τροφῆς
2541 5195 2757 5267 ἐκείνης
2819 5196 3258 5270 ἀκαθαρτότερα.
3310 5199 3664 5271 ἀδιαμάσητα

1967 5283 2148 5337 πάντα
2179 5281 2506 5352 φθέγγεται,
2537 5284 2695 5338 οὐδὲν
2729 5286 3205 5357 κατειργασμένον
3242 5287 3324 5358 (οὐ
3355 5288 3463 5357 γὰρ
3495 5289 3664 5358 ἀφίη-

1970 5389 2056 5426 σιν
2088 5373 2116 5425 ὀ
2148 5371 2342 5442 θυμός)
2365 5388 2378 5403 ·
2406 5372 2523 5425 ἀλλ’
2551 5371 2744 5444 ὥσπερ
2785 5375 2903 5427 ἐκεί
2959 5375 3226 5440 πολλάκις
3280 5377 3521 5449 ἀμετρία
3569 5397 3665 5449 χυ-

1972 5461 2089 5532 μῶν
2140 5461 2535 5532 διενοχλήσασα
2608 5460 2701 5514 τὸν
2759 5462 3060 5534 στόμαχον,
3104 5464 3285 5518 πάντα
3357 5465 3661 5519 ἐκένωσεν·

1967 5551 2111 5604 οὕτω
2168 5552 2263 5604 καὶ
2306 5549 2542 5605 ἐνταῦθα
2593 5552 2838 5623 ἀμετρία
2893 5552 3232 5626 θερμότητος
3270 5555 3666 5628 διενοχλήσασα

1969 5642 2068 5712 τὴν
2100 5640 2300 5710 ψυχὴν,
2357 5640 2459 5693 οὐκ
2502 5640 2699 5712 ἀφίησι
2749 5642 2967 5711 στέγειν
3012 5643 3049 5697 ἃ
3107 5647 3268 5716 σιγᾷν
3297 5646 3483 5708 καλὸν,
3525 5647 3664 5701 ἀλλά

1969 5730 2112 5802 ρητά
2134 5731 2230 5782 καὶ
2263 5730 2480 5800 ἄρρητα
2512 5727 2683 5799 λέγει,
2713 5731 2834 5801 οὐχὶ
2861 5732 2989 5795 τοὺς
3016 5733 3338 5799 ἀκούοντας,
3383 5734 3499 5788 ἀλλ’
3532 5737 3665 5789 ἐαυ-

1967 5817 2060 5870 τὸν
2095 5815 2392 5886 αἰσχύνων.
2425 5817 2640 5890 Ὠσπερ
2673 5812 2767 5870 οὐν
2805 5818 2916 5871 ἀπὸ
2961 5819 3072 5873 τῶν
3138 5818 3419 5892 ἐμούντων
3462 5819 3665 5890 φεύγο-

1973 5923 2094 5976 μεν,
2126 5906 2272 5960 οῦτω
2301 5905 2396 5959 καὶ
2428 5905 2537 5959 ἀπὸ
2605 5905 2714 5959 τῶν
2769 5907 3166 5980 ὀργιζομένων.
3222 5909 3286 5962 Τί
3339 5908 3663 5976 ποιοῦντεςς

2040 6087 2061 6114 ⁸
2091 6083 2233 6136 Alium
2263 6088 2498 6146 μειζόνως.

3127 6178 3200 6236 15
