4082 6504
195 462 296 522 933

197 593 250 636 ut
277 581 540 637 vomitum
566 579 749 637 edant.
780 576 906 634 Scio
933 590 1027 630 vos
1057 575 1172 629 htec
1192 589 1314 628 cum
1341 586 1536 626 nausea
1563 568 1753 623 audire
1779 584 1794 594 ·

195 671 284 727 sed
317 682 444 727 tunc
473 673 559 727 sic
585 686 682 726 vos
722 669 864 724 silici
893 667 1052 722 velim
1075 724 1087 735 ,
1123 680 1244 720 cmn
1292 665 1378 718 illa
1422 663 1536 716 lteri
1569 660 1794 723 videtis,

196 777 290 819 nec
314 762 381 817 de
401 778 462 818 re
490 763 583 818 illa
605 761 881 818 obiectari.
903 756 1236 813 lmmundior
1261 765 1346 812 est
1371 752 1796 810 contumeliosus

197 868 321 913 cane
346 861 656 908 revertente
677 851 743 906 ad
768 849 1025 904 vomitum
1057 862 1237 901 suum.
1268 845 1323 900 Si
1349 843 1492 900 enim
1514 851 1795 913 postquam

199 946 356 1001 semel
387 945 677 1010 evomuit,
727 949 1002 1007 cessaret,
1053 955 1159 994 non
1206 944 1353 993 esset
1395 935 1515 990 cani
1559 931 1793 995 similis;

196 1041 236 1092 si
265 1054 392 1093 vero
424 1052 641 1092 rursum
672 1036 861 1092 eadem
894 1036 1010 1104 ipsa
1050 1039 1302 1094 evomat,
1351 1029 1526 1098 palam
1557 1038 1642 1082 est
1670 1040 1794 1081 eum

195 1129 373 1183 eadem
405 1130 521 1198 ipsa
550 1128 874 1182 comedisse.
903 1124 1041 1193 Quid
1069 1123 1159 1176 illo
1185 1117 1645 1175 abominabilius?
1670 1114 1796 1186 quid

196 1221 455 1288 impurius
487 1220 582 1272 illo
609 1233 735 1282 ore,
764 1219 854 1287 qui
888 1218 1024 1270 tales
1052 1211 1259 1267 mandit
1287 1208 1481 1266 escas?
1508 1206 1672 1278 Atqui
1696 1205 1799 1260 hoc

193 1325 322 1380 opus
349 1318 436 1364 est
476 1322 719 1373 naturse,
751 1307 889 1380 illud
926 1305 1186 1369 minime;
1221 1303 1330 1357 imo
1358 1310 1415 1357 et
1449 1299 1553 1354 hoc
1581 1307 1634 1354 et
1665 1295 1797 1352 illud

191 1377 372 1454 contra
405 1410 656 1455 naturam
685 1409 785 1453 est.
820 1377 1149 1465 Qbomodo?
1177 1394 1291 1448 Non
1323 1389 1616 1448 secundum
1649 1399 1800 1444 mtu-

193 1510 301 1548 ram
327 1503 409 1548 est
435 1494 561 1549 sine
589 1507 749 1548 causa
778 1489 1161 1546 contumeliam
1205 1485 1408 1541 inferre
1429 1525 1443 1550 ,
1486 1483 1581 1539 sed
1610 1491 1797 1536 contra

194 1596 435 1642 naturam
465 1603 478 1639 :
514 1587 672 1656 igitur
715 1584 845 1639 nihil
879 1592 935 1637 ut
965 1581 1128 1635 homo
1177 1579 1447 1649 loquitur,
1489 1575 1581 1630 sed
1609 1575 1710 1628 alia
1741 1582 1799 1626 ut

193 1677 297 1732 {era
319 1720 334 1744 ,
362 1678 470 1732 alia
503 1688 561 1731 ut
599 1676 801 1730 furens.
837 1669 1303 1741 Quemadmodum
1348 1681 1479 1735 ergo
1505 1675 1798 1734 corporeus

194 1771 412 1824 morbus
455 1777 656 1838 pra-ter
697 1777 942 1820 naturam
969 1773 1086 1826 est,
1120 1765 1198 1818 sic
1225 1772 1279 1816 et
1325 1760 1413 1814 hic
1459 1759 1696 1812 morbus.
1731 1755 1799 1810 Et

195 1859 311 1928 quia
343 1871 545 1929 praeter
588 1866 831 1912 naturam
864 1865 983 1929 est,
1036 1854 1082 1909 si
1125 1855 1176 1908 in
1219 1853 1310 1906 illo
1354 1861 1628 1913 moretur,
1663 1864 1795 1916 pau-

195 1949 337 2003 latim
383 1950 565 2019 perit;
618 1948 668 2002 in
703 1963 768 2002 eo
814 1956 996 1999 autem
1025 1945 1166 2014 quod
1197 1943 1493 1997 secundum
1548 1950 1794 1993 naturam

194 2049 274 2096 est
319 2055 587 2104 moratis,
639 2055 744 2092 non
803 2037 1018 2108 peribit.
1078 2036 1290 2089 Mallem
1345 2032 1619 2087 eomivari
1674 2048 1796 2086 cmn

199 2131 412 2187 homine
463 2133 635 2186 lutttm
687 2130 919 2194 edente,
973 2145 1132 2198 quam
1180 2143 1301 2183 cum
1350 2127 1470 2180 talia
1525 2125 1793 2194 loquente.

195 2226 384 2277 Annon
441 2221 643 2276 videtis
694 2236 887 2291 porcos
931 2232 1141 2274 stercus
1173 2219 1440 2273 edentes?
1473 2219 1562 2271 Sic
1591 2227 1646 2272 et
1687 2217 1794 2272 isti.

194 2315 324 2384 Quid
353 2317 500 2370 enim
534 2315 726 2370 laidius
772 2314 950 2368 verbis
973 2352 988 2377 ,
1031 2328 1151 2383 qua:
1194 2314 1484 2381 loquuntur
1514 2319 1794 2364 contume-

195 2406 354 2461 liosi?
405 2408 468 2461 lli
519 2415 712 2460 curant
760 2405 894 2460 nihil
937 2419 1127 2460 sanum
1170 2404 1351 2473 loqui,
1402 2402 1532 2456 nihil
1566 2416 1794 2472 purum,

195 2499 284 2553 sed
307 2499 350 2552 si
375 2499 507 2569 quid
541 2497 738 2552 laedunt
767 2538 780 2560 ,
810 2497 853 2550 si
882 2496 1008 2566 quid
1040 2505 1194 2564 turpe
1216 2536 1230 2559 ,
1263 2493 1313 2547 id
1343 2509 1504 2564 agere
1528 2503 1582 2548 et
1602 2493 1752 2547 ell‘ari
1780 2510 1792 2546 :

201 2593 449 2662 quodque
498 2593 713 2660 gravius
758 2599 872 2654 est,
901 2589 1028 2643 dum
1056 2603 1174 2643 sese
1205 2587 1493 2656 detur-pant
1518 2627 1533 2652 ,
1566 2586 1700 2640 alios
1738 2600 1798 2641 se

195 2683 481 2754 deturpare
515 2692 719 2752 putant.
755 2682 908 2749 Quod
937 2681 1079 2736 enim
1126 2695 1247 2734 sese
1296 2680 1624 2748 deturpent,
1671 2679 1798 2734 inde

198 2774 376 2842 liquet.
408 2773 489 2829 Ne
518 2773 647 2827 mihi
681 2773 822 2828 enim
855 2787 951 2828 eos
971 2813 985 2836 ,
1017 2770 1108 2842 qui
1156 2769 1436 2825 mendacia
1466 2775 1792 2839 loquuntur,

195 2865 434 2935 alleges;
489 2864 586 2919 sed
637 2865 707 2918 sit
761 2862 1008 2934 quaedam
1057 2862 1284 2933 insignis
1331 2862 1625 2927 meretrix,
1682 2861 1797 2916 sive

195 2960 310 3037 quis
344 2960 482 3013 alius
507 2973 574 3012 ex
604 2971 798 3023 scena,
829 2957 921 3027 qui
959 2973 1084 3012 cum
1109 2957 1216 3012 alio
1243 2971 1474 3027 pugnam
1496 2968 1745 3013 conserat
1778 2975 1792 3011 :

197 3051 314 3107 hinc
343 3052 433 3108 ille
465 3052 568 3122 ipsi
597 3053 694 3106 ista
727 3052 1008 3121 loquatur,
1045 3050 1131 3104 hic
1164 3065 1379 3105 rursum
1417 3050 1606 3105 eadem
1635 3065 1792 3119 repe-

197 3154 269 3198 tat
298 3165 312 3199 :
356 3156 476 3201 uter
508 3147 678 3215 magis
723 3143 1052 3200 contumelia
1082 3143 1360 3198 afﬁcitur?
1387 3143 1521 3199 Nam
1552 3143 1641 3198 ille
1669 3145 1793 3214 qui-

195 3235 313 3291 dem
341 3238 488 3307 quod
538 3253 702 3307 penes
734 3253 793 3291 se
824 3236 1046 3300 habuit,
1077 3236 1283 3291 audivit
1312 3254 1327 3302 ;
1363 3236 1450 3291 hic
1480 3223 1607 3292 vero
1649 3237 1794 3307 quod

199 3341 298 3380 non
329 3329 520 3382 habuit
551 3343 566 3392 ;
599 3329 780 3398 itaque
829 3328 903 3382 illi
951 3327 1086 3382 nihil
1134 3329 1364 3382 accessit
1406 3329 1790 3396 turpitudinis;

195 3417 311 3474 huic
337 3435 467 3474 vero
496 3419 805 3490 plurimum.
831 3417 937 3473 Sed
967 3420 1075 3473 sint
1098 3418 1341 3488 qutedam
1360 3419 1519 3495 ‘edita
1546 3420 1563 3451 ¹
1595 3435 1791 3490 Opera,

195 3526 304 3578 qua:
333 3512 486 3567 solus
533 3511 621 3566 ille
668 3510 1096 3566 contumeliosus
1144 3511 1392 3576 noverit;
1425 3510 1655 3580 deinde,
1701 3513 1791 3582 qui

193 3613 312 3658 ante
331 3612 605 3670 tacuerat,
628 3604 1008 3658 contumeliam
1035 3602 1222 3658 ell'erat
1253 3620 1266 3655 :
1302 3603 1381 3658 sic
1402 3617 1616 3674 quoque
1647 3604 1788 3659 idem

196 3693 301 3762 ipse
331 3696 502 3765 magis
532 3695 858 3750 contumelia
899 3694 1122 3750 ali'ectus
1152 3701 1255 3748 est.
1287 3694 1616 3761 Quomodo?
1649 3696 1790 3751 Prte-

195 3799 253 3839 co
296 3788 514 3842 maliti-.e
564 3786 770 3853 lactus,
823 3786 1161 3842 infidelitatis
1210 3786 1409 3843 famam
1463 3789 1699 3860 accipit:
1734 3799 1790 3844 et

253 3927 269 3957 ί
301 3926 443 3978 Alius
464 3927 636 3986 habet,
655 3932 860 3988 secreta,
884 3939 993 3989 pro,
1018 3923 1172 3975 edita.

1165 451 1232 512 IN
1272 446 1452 509 ACTA
1500 445 2029 508 ΑΡοδτυωιιυιι.
2074 448 2308 505 ιίοιιιι.
2356 448 2572 504 XXXII.

3405 451 3510 510 τετε.

1904 581 2096 621 omnes
2138 567 2319 622 subito
2344 582 2404 621 se
2447 566 2754 619 incusantes
2801 563 3034 628 videbit,
3068 579 3132 620 ac
3163 566 3287 620 talia
3318 565 3510 637 ubique

1907 659 2190 729 loquentes
2221 677 2235 714 :
2269 658 2327 714 Si
2367 658 2549 722 enim,
2595 656 2842 726 inquient
2867 697 2881 723 ,
2934 656 3212 714 homicidii
3260 660 3513 715 conscius

1905 763 2058 825 erat,
2092 751 2272 808 omnia
2321 751 2606 808 enuntiare
2651 750 2935 820 oportebat
2967 768 2982 806 :
3014 766 3315 822 omnesque
3359 752 3512 808 illum
3568 735 3578 753 λ

1904 846 2057 916 quasi
2087 861 2156 901 ne
2186 845 2348 899 homo
2385 843 2605 916 quidem
2633 843 2703 897 sit
2733 850 3089 910 aversantur,
3120 843 3246 898 odio
3272 842 3514 912 habent,

1904 937 2075 994 feram
2102 953 2225 993 esse
2253 938 2442 992 dicunt
2472 937 2765 991 immanem
2794 953 2809 1002 ;
2844 935 2970 990 huic
2997 951 3129 991 vero
3157 936 3329 1008 magis
3355 936 3514 1007 igno-

1903 1041 2059 1086 scunt
2078 1072 2092 1099 ,
2121 1045 2281 1103 quam
2315 1031 2412 1085 illi.
2443 1029 2558 1083 Non
2585 1029 2727 1082 enim
2757 1027 2981 1098 perinde
3012 1043 3106 1083 eos
3128 1070 3142 1093 ,
3170 1029 3262 1100 qui
3290 1029 3513 1084 vulnera

1908 1122 2154 1190 habent,
2186 1122 2312 1177 odio
2343 1121 2605 1176 habemus
2627 1162 2642 1185 ,
2673 1132 2837 1190 atque
2869 1120 3022 1185 illos,
3053 1121 3142 1190 qui
3176 1135 3239 1176 ea
3269 1121 3517 1180 revelare

1903 1224 2123 1285 cogunt.
2157 1214 2232 1269 lta
2260 1221 2315 1268 et
2339 1212 2426 1267 hic
2447 1212 2776 1269 contumelia
2802 1211 2984 1268 aliecit
3008 1227 3118 1268 non
3146 1211 3297 1268 illum
3325 1214 3511 1277 modo,

1904 1306 1998 1362 sed
2021 1308 2181 1362 etiam
2210 1307 2448 1377 seipsum
2469 1315 2524 1362 et
2547 1305 2830 1362 audientes
2855 1321 3311 1379 communemque
3339 1308 3515 1364 homi«

1905 1415 2036 1454 num
2067 1407 2311 1454 naturam
2345 1417 2358 1453 :
2393 1398 2652 1469 perculsit
2681 1399 3014 1466 auditorem,
3041 1399 3175 1454 nihil
3206 1400 3333 1455 boni
3361 1399 3512 1456 fecit.

1905 1493 2031 1548 Ideo
2059 1493 2189 1547 dicit
2217 1493 2413 1547 Paulus
2446 1507 2462 1546 :
2497 1492 2560 1548 Si
2581 1493 2694 1563 quis
2719 1492 2880 1547 bonus
2908 1491 3074 1548 sermo
3106 1493 3176 1547 ad
3200 1494 3512 1563 wdiﬁcatio-

1904 1602 2016 1639 nem
2039 1629 2053 1651 ,
2083 1596 2136 1639 ut
2158 1587 2240 1640 det
2260 1587 2479 1655 gratiam
2508 1587 2828 1643 audientibus
2855 1586 3085 1660 (Ep/tes.
3118 1591 3173 1643 4.
3201 1589 3272 1645 29
3294 1591 3332 1658 ).
3367 1590 3511 1643 Bona

1906 1678 2217 1748 loquentem
2269 1677 2561 1733 habeamus
2610 1678 2846 1748 linguam
2870 1722 2884 1746 ,
2920 1687 2977 1734 ut
3013 1680 3186 1735 simus
3229 1681 3512 1736 desidera-

1903 1770 2038 1825 biles
2078 1779 2133 1825 et
2171 1770 2449 1825 amabiles.
2495 1769 2692 1825 Verum
2732 1785 2970 1841 eousque
2995 1771 3216 1826 malitia:
3243 1788 3514 1842 pervene-

1905 1869 2030 1915 runt
2071 1862 2251 1915 omnia
2274 1903 2289 1926 ,
2318 1870 2374 1916 ut
2415 1861 2483 1917 de
2509 1862 2706 1932 quibus
2734 1862 3062 1917 erubescere
3100 1873 3411 1934 oporteret,
3448 1867 3515 1920 de

1905 1952 1969 2006 iis
2014 1952 2608 2022 pleriqne'glm'ientur.
2657 1953 2786 2007 Haec
2831 1954 3151 2025 plerumque
3196 1956 3515 2012 minitantur

1903 2044 2170 2114 quidam:
2217 2044 2332 2098 Non
2388 2046 2589 2116 poteris
2645 2046 2882 2116 linguam
2931 2063 3107 2101 meam
3163 2048 3328 2104 ferre.
3387 2050 3516 2106 llaec

1905 2135 2148 2190 mulieris
2193 2136 2356 2191 verba
2406 2145 2569 2200 sunt,
2632 2139 2831 2191 vetulae
2884 2138 3049 2192 ebria:
3094 2149 3150 2192 et
3195 2139 3464 2194 indecora:
3494 2183 3510 2205 ,

1903 2242 2091 2281 eorum
2133 2227 2223 2296 qui
2255 2226 2427 2282 lorum
2459 2231 2833 2297 frequentant,
2866 2229 3100 2283 lenonis.
3126 2228 3270 2284 Nihil
3303 2231 3514 2300 turpius

1906 2321 1988 2375 his
2033 2322 2242 2385 verbis,
2289 2319 2424 2374 nihil
2470 2321 2584 2375 viro
2625 2320 2929 2391 indignius,
2976 2321 3111 2376 nihil
3152 2323 3509 2388 muliebrius,

1903 2428 2067 2483 quam
2094 2413 2146 2466 in
2194 2413 2378 2481 lingua
2419 2411 2586 2467 robur
2638 2411 2878 2479 habere,
2933 2413 2988 2467 in
3034 2415 3295 2469 conviciis
3341 2415 3510 2469 altunt

1903 2521 2096 2576 sapere
2119 2514 2224 2572 ,-ut
2253 2505 2289 2560 ii
2319 2507 2409 2575 qui
2451 2506 2503 2560 in
2552 2507 2768 2576 pompis
2813 2516 3015 2578 agunt,
3050 2515 3106 2562 nt
3139 2508 3323 2576 mimi,
3355 2524 3513 2579 para-

1903 2599 2032 2665 siti,
2064 2599 2392 2654 adulatores.
2426 2599 2580 2653 Porci
2626 2590 2799 2670 magis
2821 2641 2837 2667 ,
2871 2617 3031 2672 quam
3074 2599 3323 2657 homines
3349 2612 3510 2668 sunt,

1902 2692 1993 2762 qui
2042 2691 2113 2746 de
2165 2690 2361 2747 talibus
2409 2691 2728 2762 gloriantur.
2779 2693 2912 2747 Cum
2957 2702 3236 2764 oporteret
3281 2695 3511 2765 teipsutn

1901 2782 2190 2850 defodere,
2225 2798 2347 2838 cum
2371 2793 2651 2854 Oporteret
2672 2823 2689 2850 ,
2712 2832 2716 2838 .
2739 2783 2784 2838 si
2814 2785 2937 2854 quis
2963 2800 3025 2839 ea
3055 2785 3149 2839 tibi
3184 2785 3511 2842 testiﬁcare-

1903 2889 2019 2943 tur,
2037 2877 2406 2932 testimonium
2431 2876 2615 2947 fugere
2636 2877 2788 2947 quasi
2814 2877 3092 2933 inimicum
3114 2887 3170 2934 et
3194 2894 3300 2935 non
3319 2881 3508 2937 virile:

1903 2981 1960 3026 tu
1989 2986 2120 3028 vero
2157 2985 2335 3042 praeco
2378 2971 2824 3027 contumeliarum
2864 2987 2946 3027 es.
2979 2971 3088 3027 Sed
3133 2971 3268 3028 nihil
3309 2973 3511 3030 hedere

1902 3063 2105 3133 poteris
2153 3078 2317 3130 eum,
2370 3063 2460 3133 qui
2516 3064 2659 3118 male
2701 3062 2873 3118 audit.
2921 3063 3287 3129 Quamobrem
3339 3081 3510 3137 rogo,

1899 3157 2200 3225 cogitantes
2226 3165 2425 3226 quanta
2455 3159 2527 3211 sit
2573 3156 2812 3226 nequitia
2833 3196 2850 3220 ,
2897 3155 2966 3211 de
2990 3172 3095 3227 qua
3125 3168 3179 3213 et
3209 3159 3513 3229 gloriantur

1899 3247 2117 3318 quidam
2141 3289 2156 3313 ,
2192 3248 2575 3317 resipiscamus
2597 3289 2611 3312 ,
2637 3249 2993 3325 emendemus
3017 3264 3115 3305 eos
3144 3251 3234 3321 qui
3259 3253 3338 3306 sic
3368 3253 3512 3307 insa-

1898 3338 2055 3394 niunt
2074 3379 2091 3406 ,
2118 3338 2460 3393 eliminemus
2486 3353 2519 3394 e
2543 3340 2763 3394 civitate
2793 3339 2890 3394 hos
2915 3354 3210 3397 consessus
3229 3382 3245 3408 ,
3271 3342 3508 3413 linguam

1898 3446 2155 3487 ornemus
2185 3440 2423 3485 nostram
2445 3472 2459 3495 ,
2491 3438 2546 3486 et
2576 3430 2644 3484 ab
2668 3430 2816 3484 omni
2856 3431 3146 3487 maledicto
3171 3432 3464 3489 liberemus
3488 3474 3507 3503 ,

1899 3533 1958 3580 ut
2002 3525 2272 3596 possimus
2296 3539 2328 3577 a
2360 3523 2595 3593 peccatis
2628 3525 2865 3593 purgati.
2915 3540 3208 3593 supernam
3251 3531 3505 3583 benevo-

1897 3618 2118 3674 lentiam
2151 3615 2308 3670 nobis
2339 3615 2632 3669 conciliare
2653 3657 2667 3680 ,
2716 3625 2770 3669 et
2801 3615 2892 3669 Dei
2919 3616 3209 3680 clementia
3257 3618 3506 3689 dignari,

1895 3712 2069 3784 gratia
2099 3718 2154 3766 et
2183 3708 2621 3764 miserationibus
2655 3707 2924 3778 Unigeniti
2958 3709 3076 3779 ejus
3096 3753 3110 3777 ,
3153 3713 3371 3781 quicum
3399 3714 3506 3769 Pa-

1897 3809 1964 3862 tri
2016 3818 2073 3861 et
2123 3805 2347 3876 Spiritui
2414 3813 2602 3860 sancto
2652 3805 2864 3874 gloria,
2918 3805 3238 3875 imperium,
3291 3808 3505 3876 honor,

1897 3915 2038 3954 nunc
2069 3906 2124 3954 et
2151 3912 2401 3967 semper,
2433 3905 2490 3951 et
2516 3897 2567 3950 in
2594 3896 2793 3951 saecula
2823 3896 3172 3953 steculorum.
3206 3900 3399 3954 Amen.

1446 4103 1795 4165 HOMILIA
1844 4102 2121 4164 XXXII.

194 4264 242 4305 ν.
276 4252 362 4307 27.
393 4251 588 4305 Horati
616 4259 732 4304 sunt
752 4259 922 4303 autent
949 4250 1016 4302 ibi
1042 4259 1238 4319 tempus
1268 4264 1368 4302 non
1396 4249 1650 4302 modicum
1671 4266 1783 4303 cum

257 4343 540 4413 discipulis.
579 4343 707 4398 CAP.
745 4343 828 4398 l5.
874 4342 926 4396 1.
981 4339 1049 4396 Et
1087 4339 1292 4409 quidam
1337 4340 1691 4395 descendentes
1722 4342 1785 4394 de

254 4435 466 4502 Judtea,
496 4437 741 4490 docebant
771 4436 954 4506 fratres
989 4451 1007 4489 :
1040 4434 1175 4500 Quia
1217 4434 1315 4487 nisi
1345 4434 1784 4488 circumcidamini

253 4529 527 4582 secundum
555 4543 746 4582 morem
776 4526 972 4597 Moysis
994 4566 1009 4590 ,
1049 4542 1149 4579 non
1175 4527 1383 4595 potestis
1413 4527 1624 4579 salvari.

256 4621 304 4673 l.
340 4619 472 4674 Vide
517 4619 714 4689 ubique
748 4619 1029 4673 transitttm
1069 4619 1135 4671 ad
1172 4627 1361 4682 gentes
1393 4619 1703 4673 necessario
1749 4634 1779 4672 a

190 4707 378 4773 iudcis
420 4709 721 4765 inductum.
764 4710 1015 4764 Antehac
1040 4719 1324 4764 accusatus
1353 4710 1622 4765 rationem
1652 4710 1779 4765 red-

190 4800 381 4868 debat,
438 4811 495 4858 et
539 4802 846 4857 excusantis
892 4817 1043 4856 more
1092 4802 1272 4856 omnia
1325 4802 1676 4872 loquebatur:
1726 4804 1779 4859 id

190 4895 320 4960 quod
361 4909 671 4950 sermonem
713 4894 882 4964 magis
926 4901 1207 4963 acceptum
1241 4894 1538 4961 reddebat;
1581 4895 1778 4952 deinde

191 4983 376 5043 ludanis
416 4987 832 5054 aversantibus,
880 4987 1027 5042 venit
1073 4987 1140 5041 ad
1187 4998 1400 5058 gentes.
1436 4987 1536 5044 Hic
1581 4988 1775 5045 iterum

188 5077 358 5135 videns
382 5079 545 5134 aliam
567 5081 971 5135 altercationem
995 5121 1008 5146 ,
1038 5079 1210 5149 legem
1235 5081 1438 5135 statuit.
1466 5080 1601 5148 Quia
1630 5082 1773 5137 enim

188 5182 358 5244 utpote
383 5190 414 5229 a
450 5175 560 5229 Deo
593 5173 737 5228 docti
759 5213 776 5239 ,
811 5172 1276 5229 indiscriminatim
1309 5174 1561 5230 omnibus
1587 5175 1775 5244 loque—

187 5264 383 5337 bantur,
408 5269 513 5324 boc
539 5267 758 5324 Judtros
773 5268 864 5338 qui
892 5267 1118 5322 aderant
1145 5267 1209 5321 ad
1233 5267 1406 5322 zelum
1435 5268 1767 5338 provocavit.

185 5356 284 5414 Nec
307 5361 467 5417 modo
489 5361 956 5416 circumcisioncm
979 5360 1281 5430 docebant,
1311 5361 1404 5415 sed
1445 5362 1607 5416 etiam
1653 5362 1771 5417 sine

185 5451 261 5507 illa
287 5456 513 5513 salutem
543 5456 732 5512 haberi
773 5471 880 5512 non
909 5472 1069 5529 posse
1091 5457 1363 5513 dicebant.
1393 5458 1488 5512 Cui
1527 5458 1602 5512 rei
1634 5471 1769 5510 con-

185 5548 328 5602 traria
355 5550 556 5606 docere
585 5550 905 5621 oportebat,
950 5566 1145 5621 nempe
1174 5551 1219 5605 si
1261 5549 1721 5605 circumcidamini
1749 5592 1764 5618 ,

182 5638 388 5696 salutem
438 5643 700 5713 consequi
761 5658 869 5698 non
917 5643 1162 5712 potestis.
1216 5643 1402 5698 Viden‘
1455 5641 1765 5713 frequentes

183 5735 486 5791 tentationes
532 5735 678 5790 intus
724 5744 781 5791 et
827 5735 980 5791 loris.
1015 5735 1181 5790 Recte
1213 5744 1393 5789 autem
1442 5734 1764 5803 providetur

183 5819 270 5877 hoc
293 5823 401 5883 fieri
435 5826 606 5884 Paulo
635 5835 936 5898 prtesextte,
987 5836 1044 5882 ut
1075 5826 1420 5882 contradicat.
1481 5825 1595 5880 Non
1625 5825 1764 5880 dixit

181 5913 353 5976 Paulus
393 5939 406 5976 ε
447 5920 593 5995 Quid
641 5921 828 5979 enim?
871 5935 1050 5976 annon
1094 5935 1212 5976 sum
1257 5919 1362 5976 title
1404 5919 1598 5989 dignus
1641 5929 1763 5989 post

1895 4257 1975 4303 tot
2019 4247 2217 4318 signa?
2258 4245 2354 4301 sed
2390 4254 2610 4315 propter
2639 4245 2760 4299 illos
2794 4259 3001 4301 morem
3029 4248 3216 4317 gessit.
3251 4249 3318 4305 Et
3355 4249 3500 4317 vide,

1891 4342 2108 4396 discunt
2133 4355 2325 4397 omnes
2354 4356 2437 4402 ea.
2472 4353 2593 4410 qua:
2623 4339 2674 4392 in
2705 4351 2894 4409 gentes
2921 4339 3061 4395 facta
3091 4351 3267 4410 erant,
3301 4346 3500 4399 etiam-

1890 4449 1995 4504 que
2027 4433 2385 4497 Samaritani,
2433 4442 2488 4487 et
2525 4431 2785 4503 gaudent.
2825 4432 2882 4486 2.
2917 4432 3083 4488 Facta
3109 4451 3227 4507 ergo
3255 4437 3498 4492 seditione

1889 4534 1936 4578 et
1980 4525 2259 4596 quaestione
2299 4540 2402 4578 non
2431 4524 2643 4577 minima
2682 4522 2857 4578 Paulo
2882 4535 2930 4580 ct
2962 4525 3220 4582 Barnabas
3251 4531 3498 4585 adversus

1889 4617 2027 4683 illos,
2054 4625 2339 4670 statuerunt
2368 4625 2422 4667 ut
2451 4620 2780 4668 ascenderant
2816 4613 3021 4671 Paulus
3055 4629 3102 4672 et
3133 4617 3426 4686 Barnabas,
3447 4634 3500 4678 et

1886 4707 2095 4777 quidam
2115 4707 2207 4760 alii
2228 4721 2292 4760 ea:
2316 4707 2419 4760 illis
2439 4709 2506 4758 ad
2523 4708 2784 4776 apostolos
2805 4716 2852 4760 et
2874 4710 3192 4781 presbyteros
3212 4713 3263 4767 in
3277 4713 3496 4770 Jerusa-

1887 4797 1985 4853 lem
2020 4816 2177 4868 super
2213 4800 2310 4852 hac
2339 4800 2634 4864 quastione.
2665 4801 2716 4854 5.
2748 4798 2842 4854 Illi
2867 4817 2986 4872 ergo
3017 4804 3271 4873 prwtnissi
3297 4808 3359 4862 ab
3391 4807 3498 4862 Ec-

1885 4891 2040 4944 clesia
2069 4890 2446 4961 pertransibunt
2479 4888 2774 4944 Pluenicem
2802 4901 2851 4945 et
2877 4891 3200 4964 Samariam,
3229 4908 3497 4955 narrantes

1885 4985 2263 5038 conuersionem
2291 4987 2562 5054 gentium:
2597 4995 2643 5038 et
2675 4985 2930 5055 faciebant
2959 4989 3209 5057 gaudium
3247 5009 3495 5064 magnum

1883 5075 2118 5128 omnibus
2161 5074 2427 5145 fratribus.
2471 5076 2528 5129 4.
2560 5074 2687 5130 Cum
2717 5086 2886 5130 autem
2926 5080 3176 5133 venissent
3221 5082 3495 5156 Jcrosoly-

1883 5185 2019 5221 mam
2037 5210 2055 5235 ,
2083 5168 2305 5236 suscepti
2335 5178 2451 5222 sunt
2479 5168 2541 5220 ab
2561 5166 2792 5221 Ecclesia
2814 5178 2860 5222 et
2888 5169 2952 5222 ab
2979 5165 3230 5240 apostélis
3259 5186 3307 5230 et
3327 5177 3493 5231 senio-

1879 5264 2042 5330 ribus,
2070 5264 2429 5317 annuntiantes
2446 5273 2636 5334 quanta
2666 5262 2805 5319 Deus
2837 5264 3036 5336 fecisset
3063 5281 3180 5319 cum
3200 5267 3327 5323 illis.
3356 5269 3492 5327 Vide

1879 5373 2002 5412 cum
2045 5367 2264 5428 quanta
2289 5357 2593 5412 oeconomia
2634 5371 2721 5411 res
2761 5367 3002 5427 geratur.
3052 5359 3108 5414 5.
3138 5358 3493 5418 Surrexerunt

1876 5462 2047 5506 autent
2072 5452 2282 5523 quidam
2309 5453 2371 5505 de
2397 5453 2576 5506 Ittcresi
2599 5449 3008 5518 Pharisaeorum,
3031 5453 3118 5525 qui
3138 5454 3486 5523 crediderant,

1875 5546 2099 5600 dicentes
2123 5560 2141 5600 :
2170 5545 2303 5612 Quia
2325 5555 2519 5614 oportet
2549 5545 2909 5599 circumcidere
2929 5560 3034 5611 eos,
3065 5547 3343 5618 precipere
3361 5566 3490 5620 quo-

1873 5653 1972 5709 que
2005 5652 2205 5692 seruare
2252 5637 2411 5708 legem
2451 5635 2640 5706 Moysi.
2672 5635 2725 5692 6.
2757 5633 3216 5710 Conveneruntqus
3263 5643 3486 5710 apostoli

1871 5739 1920 5782 et
1950 5728 2173 5782 seniores
2199 5725 2370 5782 videre
2413 5728 2477 5780 de
2521 5726 2671 5781 verba
2702 5728 2816 5790 hoc.
2848 5729 2901 5782 7.
2931 5727 3061 5783 Cum
3082 5741 3252 5785 autem
3295 5749 3483 5802 magna

1871 5821 2174 5893 conquisitio
2222 5822 2399 5890 fieret,
2443 5837 2658 5891 surgens
2697 5820 2886 5878 Petrus
2922 5823 3051 5878 dixit
3091 5826 3161 5878 ad
3200 5840 3289 5880 eos
3313 5843 3331 5879 :
3363 5825 3481 5883 Viri

1870 5917 2055 5986 fratres
2079 5959 2092 5984 ,
2126 5931 2212 5970 vos
2247 5914 2392 5971 scitis
2415 5915 2661 5986 quoniam
2686 5917 2750 5968 ab
2782 5913 3009 5985 antiquis
3039 5917 3218 5973 diebus
3252 5918 3388 5974 Deus
3422 5935 3476 5975 tn
