4082 6492
616 449 720 505 €35

620 566 755 621 robis
781 567 923 637 elegit
949 582 1036 636 per
1067 582 1124 620 as
1153 581 1317 619 meum
1343 563 1522 618 audire
1557 569 1726 633 gentes
1756 557 1959 633 verbum
1980 568 2194 623 evange-

617 658 693 722 lii,
730 666 789 712 et
824 656 1046 711 credere.
1088 655 1219 711 Vide
1267 654 1482 709 Petrum
1522 651 1631 723 jam
1658 650 1787 705 olim
1815 656 2117 718 separatum
2170 659 2201 699 a

620 751 855 819 negotio,
889 758 942 804 et
970 748 1230 803 hactenus
1257 746 1635 817 judaizantem.
1678 740 1775 796 Vos
1814 740 1971 804 scitis,
2008 737 2197 806 inquit.
2234 764 2251 771 κ

617 839 782 896 Forte
820 841 1043 895 aderant
1070 855 1132 894 ex
1185 838 1282 905 iis,
1328 838 1414 909 qui
1465 836 1590 890 olim
1632 840 2017 889 accusaverant
2046 829 2196 883 illum

615 935 755 990 circa
783 934 1111 998 Cornelium,
1139 942 1195 989 et
1221 930 1444 1003 ingressi
1472 938 1740 985 suntcum
1769 926 1862 982 illo
1892 942 1905 978 ε
1931 924 2051 981 ideo
2080 924 2201 977 illos

615 1024 829 1081 adducit
854 1034 1035 1083 testes.
1067 1024 1143 1079 Ab
1168 1023 1386 1094 antiquis
1424 1021 1598 1076 diebus
1621 1019 1767 1092 elegit
1792 1019 1845 1074 in
1875 1016 2008 1071 vobis
2034 1014 2196 1069 Dens.

616 1116 753 1185 Quid
782 1128 884 1183 eSt,
905 1118 972 1173 In
1005 1116 1177 1173 vobis!
1198 1114 1293 1171 Vel
1320 1114 1370 1168 in
1399 1113 1704 1176 Palaestina,
1733 1110 1926 1181 inquit,
1948 1108 2031 1196 vel
2062 1122 2200 1178 pras-

616 1209 857 1265 sentibus
883 1208 1049 1264 vobis.
1085 1206 1186 1262 Per
1210 1223 1266 1261 os
1293 1221 1477 1260 meum.
1504 1203 1637 1260 Vide
1658 1201 1925 1273 quomodo
1950 1198 2200 1255 ostendat

620 1300 783 1355 Deum
834 1313 931 1369 per
976 1312 1040 1353 se
1089 1297 1401 1367 loquutum,
1430 1305 1485 1351 et
1531 1294 1661 1350 nihil
1704 1295 2013 1348 humanum.
2045 1289 2098 1347 8.
2134 1289 2199 1344 Et

615 1391 842 1443 cordium
864 1390 1096 1460 cognitor
1123 1386 1263 1443 Deus
1292 1388 1586 1457 testificatus
1615 1396 1689 1441 est
1718 1387 1864 1457 ipsis.
1908 1384 1987 1440 Ad
2035 1384 2195 1454 spiri-

612 1480 803 1536 rituaie
835 1480 1197 1536 testimOuiutu
1227 1479 1444 1534 adducit
1472 1479 1614 1534 illos.
1647 1476 1787 1533 Daus
1811 1478 1913 1531 illis
1942 1476 2197 1547 Spiritnut

608 1580 856 1635 «uictum,
891 1571 1022 1624 sicut
1042 1580 1089 1624 et
1116 1571 1279 1625 nobis.
1315 1569 1444 1625 Vide
1473 1567 1741 1639 quomodo
1770 1568 1969 1638 ubique
2007 1579 2197 1638 gentes

608 1672 871 1731 exaequat.
906 1662 961 1717 9.
1013 1660 1077 1715 Et
1116 1661 1245 1715 nihil
1280 1660 1519 1715 discernit
1557 1660 1688 1714 inter
1714 1676 1805 1715 nos
1833 1668 1878 1715 et
1914 1659 2060 1724 illos,
2094 1658 2196 1728 ﬁde

608 1755 884 1824 puri/icaus
928 1755 1081 1808 corda
1122 1770 1314 1807 eorum.
1352 1757 1391 1807 Α
1435 1753 1539 1808 lide
1584 1753 1696 1809 sola
1724 1793 1738 1815 .
1772 1753 1976 1823 inquit,
2004 1752 2191 1807 eadem

605 1845 923 1916 consequuti
946 1854 1087 1901 sunt.
1116 1846 1178 1900 Et
1197 1844 1311 1900 ha:c
1339 1844 1441 1899 illis
1468 1845 1665 1899 inunita
1690 1845 1911 1911 dantur;
1936 1844 2044 1899 into
2066 1857 2195 1899 vero

604 1936 705 1991 bos
729 1936 922 1992 docere
960 1946 1160 2008 potest,
1190 1936 1293 1992 fide
1321 1937 1433 1991 sola
1462 1950 1583 1992 esse
1612 1950 1767 2007 epos,
1799 1945 1853 1991 et
1880 1951 1984 1991 non
2014 1938 2194 2005 opt-ri-

603 2025 702 2081 bus
728 2026 810 2080 vel
838 2027 1259 2083 circumcisione.
1290 2026 1475 2096 Neque
1516 2026 1659 2081 enim
1690 2027 1805 2082 lure
1844 2027 2028 2082 dicunt
2070 2036 2192 2080 tan-

605 2127 721 2171 tum
750 2124 811 2173 ut
840 2118 1078 2188 gentium
1107 2132 1323 2173 causam
1351 2125 1545 2187 agant;
1574 2116 1669 2172 sed
1698 2120 1857 2172 etiam
1890 2118 2008 2172 illos
2038 2117 2192 2173 iusti-

606 2217 798 2274 tnnnt,
834 2218 889 2263 ut
934 2207 1215 2263 discedant
1239 2225 1266 2261 a
1300 2208 1437 2278 lege.
1465 2207 1571 2264 Sed
1600 2216 1778 2263 tamen
1814 2208 2047 2264 nondum
2076 2208 2192 2263 base

600 2296 805 2353 diettut.
842 2297 927 2355 10.
962 2296 1013 2351 Ν
1019 2314 1115 2352 unc
1132 2315 1250 2369 ergo
1271 2315 1360 2353 cur
1387 2299 1588 2354 tentatis
1612 2298 1779 2355 Deum
1804 2301 2062 2372 imponere
2094 2302 2189 2369 ju-

604 2407 722 2459 gum
756 2406 909 2461 super
938 2391 1160 2444 cervices
1198 2389 1571 2461 discipulorum
1594 2432 1610 2455 ,
1655 2392 1792 2461 quod
1825 2408 1985 2461 neque
2024 2401 2190 2462 patres

597 2481 760 2535 nostri
786 2496 943 2552 neque
978 2498 1068 2535 nos
1088 2490 1291 2559 portare
1310 2481 1566 2549 potuimus
1580 2481 1607 2534 .’
1628 2482 1715 2536 ll.
1736 2480 1843 2536 Sed
1864 2499 1953 2551 per
1968 2482 2189 2552 gratiam

600 2571 807 2626 Domini
844 2570 970 2627 Jesu
1010 2572 1260 2626 credimus
1303 2572 1491 2626 salvari
1528 2573 1953 2645 quemadmodum
1993 2581 2039 2628 et
2086 2571 2185 2626 illi.

598 2663 735 2731 Quid
763 2674 846 2720 est
871 2663 1003 2719 illud
1026 2705 1040 2728 ,
1070 2662 1300 2717 Tentatis
1328 2662 1495 2718 Deum
1523 2662 1548 2718 2
1577 2660 1685 2718 Cur
1713 2678 1817 2718 non
1845 2664 2084 2730 creditis,
2110 2663 2190 2718 in-

598 2755 877 2824 quit.Deo?
906 2769 1002 2809 cur
1027 2754 1244 2809 tentatis
1268 2756 1412 2819 eum,
1444 2754 1595 2825 quasi
1624 2769 1732 2810 non
1756 2755 1921 2825 possit
1939 2756 2040 2809 lide
2068 2770 2186 2809 ser-

600 2848 758 2901 vare?
800 2847 981 2917 Itaque
1023 2846 1354 2902 inﬁdelitatis
1398 2858 1481 2902 est
1520 2846 1694 2918 legem
1726 2847 1947 2903 inferre.
1982 2847 2189 2907 Deinde

603 2939 840 2993 oStendit
888 2953 1006 2993 eam
1050 2938 1157 2992 illis
1201 2954 1306 2992 non
1361 2936 1527 2993 fuisse
1570 2940 1753 2994 utilem
1796 2950 1900 2994 :ct
1937 2950 2102 2995 totmn
2132 2940 2188 2997 in

596 3033 789 3101 legem,
819 3045 924 3085 non
957 3030 1008 3084 in
1045 3029 1167 3085 illos
1198 3030 1373 3100 rejicit
1397 3072 1412 3096 ,
1445 3040 1605 3101 atque
1634 3035 2033 3088 accusationem
2060 3048 2183 3089 suc-

596 3123 744 3176 cidit.
776 3121 923 3187 Quod
950 3138 1051 3175 non
1078 3123 1338 3193 potuimus
1366 3138 1473 3187 uos,
1509 3124 1677 3193 inquit
1697 3165 1713 3191 ,
1740 3134 1785 3179 et
1824 3134 2000 3196 patres
2030 3127 2187 3180 nostri

599 3224 821 3282 portare.
844 3211 949 3267 Sed
968 3229 1057 3281 per
1079 3213 1296 3283 gratiam
1310 3210 1519 3267 Domini
1543 3212 1575 3267 J
1583 3231 1668 3268 esu
1697 3216 1949 3271 credimus
1975 3218 2184 3284 salvari,

598 3302 1020 3372 quemadmodum
1064 3313 1111 3358 et
1157 3303 1257 3357 illi.
1286 3305 1495 3371 Quanta
1523 3306 1716 3363 virtute
1740 3307 1895 3378 plena
1922 3317 2045 3363 sunt
2071 3312 2188 3365 hanc

601 3395 801 3450 verba?
829 3395 959 3461 Quae
992 3396 1187 3450 Paulus
1224 3396 1408 3452 multis
1454 3399 1504 3452 in
1551 3399 1787 3469 Epistola
1820 3400 1886 3455 ad
1916 3400 2189 3457 Romanos

598 3487 755 3553 dixit,
775 3486 960 3542 eadem
986 3497 1040 3541 et
1068 3488 1153 3542 hic
1172 3489 1322 3543 dicit.
1352 3488 1412 3544 Si
1436 3490 1569 3545 enim
1595 3492 1880 3559 Abraham,
1911 3494 2099 3564 inquit,
2126 3511 2190 3551 ea:

602 3579 838 3648 operibus
850 3579 1164 3648 justi/iratus
1189 3589 1294 3645 est,
1336 3580 1481 3634 habet
1502 3581 1721 3652 gloriam
1744 3624 1761 3651 ,
1800 3582 1891 3639 sed
1924 3602 2025 3639 non
2050 3586 2189 3658 apud

602 3666 766 3723 Deum
798 3667 973 3738 (llam.
998 3669 1049 3723 4.
1079 3667 1158 3740 2).
1186 3668 1372 3725 Viden’
1401 3672 1501 3725 hoc
1528 3672 1650 3727 illos
1676 3675 1845 3744 magis
1871 3675 2151 3732 institui-re
2171 3719 2187 3744 ,

602 3775 760 3830 quam
792 3768 981 3829 gentes
1006 3759 1337 3817 defendere?
1366 3760 1472 3817 Sed
1499 3763 1545 3819 si
1585 3764 1801 3835 quidem
1847 3766 2055 3839 absque
2082 3770 2187 3823 ulla

606 3852 889 3907 occasione
918 3851 1033 3907 hmo
1063 3852 1322 3921 dixisset,
1351 3854 1487 3910 forte
1529 3871 1635 3912 non
1678 3870 1961 3930 suspectus
2008 3872 2187 3929 esset;

603 3944 758 3997 initio
775 3954 949 3998 autem
972 3943 1097 3999 biuc
1122 3954 1360 4015 sumpto,
1390 3946 1584 4003 deinde
1612 3950 1730 4006 sine
1758 3950 1904 4008 m’etu
1930 3953 2185 4024 loquitur.

605 4034 673 4089 Et
700 4034 821 4088 vide
851 4034 1118 4105 quomodo
1147 4036 1345 4106 ubique
1370 4039 1571 4104 omnia,
1603 4056 1725 4111 quae
1755 4042 1958 4098 inimici
2000 4060 2185 4101 more~

605 4137 752 4188 t'ttut,
778 4127 880 4181 illis
908 4129 1130 4197 prosint.
1159 4128 1270 4182 Nisi
1298 4130 1439 4184 enim
1467 4131 1539 4185 illi
1572 4133 1885 4202 movissent,
1914 4134 2031 4191 haec
2049 4136 2189 4190 dicta

609 4237 713 4272 non
741 4220 985 4287 fuissent,
1012 4236 1108 4275 nec
1129 4222 1287 4276 etiam
1314 4237 1433 4293 qua
1454 4235 1769 4294 sequuntur.
1802 4225 1937 4289 Hinc
1956 4226 2189 4295 discunt,

607 4314 751 4383 quod
784 4314 994 4368 etiamsi
1036 4326 1223 4384 gentes
1252 4315 1448 4373 adduci
1496 4318 1829 4388 noluissent,
1863 4336 1969 4376 non
2015 4332 2191 4378 tamen

608 4420 731 4461 CS¢C
758 4406 876 4459 illas
905 4405 1297 4474 deSpiciendas.
1325 4408 1433 4463 Sed
1460 4423 1621 4479 supra
1649 4412 1789 4466 dicta
1828 4415 2189 4484 exploremus.

609 4496 675 4550 In
719 4498 887 4561 vobis,
937 4498 1135 4566 inquit,
1172 4500 1351 4570 elegit,
1395 4513 1444 4555 et
1485 4502 1547 4555 ab
1586 4504 1803 4572 antiquis
1831 4506 2025 4560 diebus.
2081 4507 2195 4563 Hoc

610 4590 758 4655 dicit,
779 4590 1068 4646 ostendens
1093 4592 1144 4646 id
1169 4592 1320 4661 olim,
1352 4610 1456 4649 non
1483 4609 1625 4651 nunc
1650 4596 1833 4654 fuisse.
1864 4599 1979 4655 Non
2008 4615 2193 4670 parum

611 4690 790 4735 autem
819 4690 920 4747 est,
957 4683 1098 4753 quod
1128 4686 1291 4739 etiam
1314 4683 1515 4742 Judmis
1542 4688 1887 4746 credentibus
1918 4692 2019 4747 hoc
2044 4710 2197 4749 aver-

612 4781 772 4826 tatur.
804 4774 1016 4828 Duobus
1062 4790 1187 4830 vero
1219 4776 1272 4830 id
1292 4819 1306 4844 ,
1340 4778 1481 4849 quod
1507 4779 1671 4845 dicit,
1705 4785 2052 4840 confirmatur
2072 4826 2086 4852 ,
2144 4798 2198 4843 ct

614 4874 854 4933 tempore
881 4878 931 4919 et
962 4866 1095 4921 loco.
1127 4867 1192 4923 Et
1219 4870 1361 4938 quod
1392 4870 1581 4943 Elegit,
1610 4872 1745 4931 bene
1778 4893 1791 4931 :
1824 4878 1962 4932 sicut
1990 4879 2040 4933 in
2070 4882 2197 4951 ipsis

614 4973 719 5011 non
749 4958 901 5022 dixit,
940 4957 1151 5026 Voluit,
1183 4959 1491 5033 scd,Elegit.
1524 4964 1805 5023 Undenam
1836 4969 1887 5025 id
1916 4971 2125 5041 liquet?
2152 4978 2192 5028 Α

612 5048 844 5118 Spiritu,
876 5050 1069 5119 inquit.
1102 5050 1303 5107 Deinde
1333 5054 1565 5110 ostendit
1598 5073 1701 5112 non
1732 5063 1917 5130 gratia:
1950 5074 2154 5117 tattltltn
2178 5107 2193 5133 ,

613 5142 707 5196 sed
738 5141 898 5196 etiam
941 5142 1155 5198 virtutis
1187 5146 1551 5201 testimonium
1604 5149 1705 5204 hoc
1732 5152 1836 5206 illis
1864 5170 1985 5210 esse
2010 5197 2024 5221 ,
2056 5158 2196 5226 quod

618 5236 752 5290 nihil
780 5236 957 5291 minus
984 5236 1113 5306 ip~is
1143 5238 1394 5305 prmbeat.
1424 5239 1561 5294 Nihil
1590 5243 1755 5309 enim,
1781 5246 1969 5316 inquit,
1999 5249 2201 5305 discer-

617 5328 695 5382 nit
724 5332 862 5382 inter
908 5344 1008 5383 nos
1036 5337 1091 5383 et
1118 5328 1257 5383 illos.
1291 5329 1430 5402 Ergo
1470 5347 1564 5387 cor
1594 5336 1789 5407 ubique
1827 5342 2197 5409 quaerendum.

620 5421 684 5475 Et
714 5429 1012 5490 opportune
1037 5421 1173 5477 dixit
1205 5440 1218 5477 :
1252 5421 1491 5480 Gordium
1522 5432 1753 5500 cognitor
1791 5430 1931 5487 Deus
1954 5436 2199 5503 testiﬁca-

621 5523 702 5565 tus
726 5524 797 5566 est
819 5514 977 5582 ipsis;
1017 5516 1154 5569 sicut
1180 5525 1234 5569 et
1260 5516 1369 5571 illic
1398 5533 1413 5571 :
1445 5516 1522 5573 Tu
1542 5560 1558 5587 ,
1589 5519 1827 5591 Domine,
1854 5526 2085 5581 cordiam
2116 5546 2202 5581 co-

625 5606 795 5677 gnitor
820 5604 1064 5670 ontnium,
1094 5609 1300 5662 ostende
1327 5610 1480 5682 (Act.
1510 5613 1560 5667 1.
1589 5612 1659 5670 ξι
1680 5615 1721 5684 ).
1764 5616 1897 5685 Quia
1925 5622 2066 5675 enim
2098 5622 2201 5679 hoc

622 5698 772 5761 vult,
819 5697 944 5753 vide
967 5697 1094 5767 quid
1124 5698 1315 5755 inferat
1351 5720 1365 5756 :
1398 5702 1547 5759 Nihil
1586 5704 1823 5763 discernit
1866 5711 1995 5767 inter
2034 5731 2125 5769 nos
2152 5727 2200 5771 et

630 5788 940 5857 ipsos.Cum
972 5788 1185 5849 illorum
1231 5796 1592 5854 testimonium
1623 5800 1864 5872 diceret,
1914 5816 2037 5865 tunc
2089 5827 2199 5867 Ina-

1328 442 1385 499 S.
1423 438 1701 499 JOANNIS
1737 431 2211 493 CllliYSOSTOill
2251 431 2565 489 AllljlllEP.
2607 432 3133 493 CONSTANTINOP.

3796 443 3913 501 236

2307 566 2470 619 Suum
2502 553 2627 609 illud
2658 555 2853 614 eﬂ'atus
2873 570 2957 616 est
2982 603 2997 625 ,
3029 562 3171 632 quod
3209 564 3402 620 Paulus
3425 567 3502 621 ait
3531 585 3546 622 :
3576 562 3763 637 Neque
3804 573 3914 626 cir-

2304 646 2546 701 cumcisio
2570 650 2693 718 quid
2715 651 2867 720 valet,
2898 671 3059 723 neque
3088 659 3392 729 prteputiunt
3431 659 3506 730 (l.
3530 657 3651 716 Cor.
3681 663 3731 717 7.
3765 664 3907 735 i9);

2304 744 2378 801 et,
2413 735 2480 790 Ut
2499 737 2627 794 duos
2646 741 2831 796 condat
2852 745 2905 798 in
2930 749 3201 817 semeptiso
3228 748 3447 819 (Ep/tes.
3470 750 3525 806 3.
3557 753 3666 821 15).
3695 754 3910 812 Horum

2304 830 2542 885 omnium
2567 832 2773 888 semina
2803 836 2857 889 in
2892 840 3153 895 concione
3184 841 3327 897 Petri
3374 843 3657 902 habentur.
3692 847 3762 902 Et
3793 863 3909 903 non

2303 918 2455 987 dixit,
2484 920 2627 978 inter
2652 939 2747 980 eos
2771 928 2861 998 qui
2892 944 2957 983 ex
2989 932 3434 1003 circumcisione;
3466 938 3733 1005 scd,lnter
3762 958 3865 996 nos
3894 984 3913 1010 ,

2303 1009 2356 1066 id
2400 1021 2527 1081 est,
2572 1017 2868 1085 apostolos.
2904 1022 3145 1089 Deinde,
3192 1041 3259 1080 ne
3298 1027 3545 1084 videatur
3571 1009 3911 1089 contumelia

2303 1118 2423 1161 esse
2463 1107 2633 1174 illud,
2691 1109 2880 1178 Nihil,
2923 1115 3108 1183 adjicit
3157 1133 3172 1171 :
3227 1116 3362 1174 Fide
3408 1122 3690 1191 puri/itaita
3739 1126 3913 1180 corda

2302 1212 2496 1253 eorum.
2534 1200 2599 1253 Et
2633 1200 2756 1257 hinc
2782 1205 2920 1259 tollit
2950 1210 3329 1279 suspicionem.
3365 1212 3692 1285 Expurgavit
3720 1219 3908 1286 primo

2301 1302 2641 1357 sermonem,
2673 1304 2726 1349 et
2758 1304 2887 1352 ltlllc
2930 1302 3167 1356 Ostendit
3196 1318 3299 1358 non
3330 1306 3525 1362 malam
3553 1308 3725 1379 legem
3754 1352 3768 1377 ,
3802 1312 3906 1369 sed

2302 1383 2423 1439 illos
2446 1385 2687 1443 iulirmos
2714 1403 2856 1444 csse.

2370 1476 2426 1529 2.
2456 1477 2585 1532 Vide
2613 1481 2885 1549 quomodo
2908 1485 3224 1542 terribiliter
3248 1488 3478 1547 desinat.
3504 1491 3645 1549 Nihil
3674 1511 3740 1552 ex
3769 1513 3904 1567 pro-

2302 1567 2477 1637 phetis
2506 1570 2743 1641 loquitur
2765 1575 2915 1643 ipsis,
2946 1577 3041 1633 sed
3069 1594 3132 1634 ex
3162 1585 3519 1649 praesentibus
3548 1587 3731 1653 rebus,
3761 1606 3905 1659 qua-

2299 1677 2416 1716 rum
2442 1663 2539 1734 ipsi
2575 1674 2738 1723 testes
2761 1680 2937 1724 erant.
2958 1669 3090 1727 Jure
3119 1683 3172 1727 et
3204 1674 3281 1729 illi
3301 1687 3486 1746 postea
3514 1681 3898 1750 testiﬁcantur,

2298 1763 2353 1808 et
2396 1768 2702 1811 sermonem
2737 1760 2993 1816 roborant
3024 1779 3089 1818 ex
3122 1765 3186 1819 iis
3211 1807 3226 1832 ,
3272 1782 3392 1839 quae
3429 1770 3540 1839 jam
3573 1770 3715 1827 facta
3744 1783 3895 1831 sunt.

2301 1844 2367 1899 Et
2413 1846 2533 1901 vide
2572 1863 2586 1900 :
2626 1848 2679 1903 in
2728 1849 2967 1908 Ecclesia
3013 1856 3275 1925 permittit
3318 1861 3492 1931 primo
3537 1866 3898 1934 qumstiouent

2300 1937 2524 2002 moveri,
2557 1948 2610 1993 et
2642 1948 2768 1995 tunc
2795 1942 3053 2014 loquitur.
3083 1946 3218 2016 Quia
3248 1950 3408 2021 igitur
3433 1968 3540 2009 non
3573 1960 3901 2013 memoravit

2296 2027 2662 2097 circumcisus,
2692 2032 2788 2089 sed
2815 2046 3003 2106 gentes
3028 2038 3156 2107 (hoc
3187 2042 3330 2097 enim
3362 2046 3611 2114 paulatim
3647 2048 3895 2105 insinua-

2298 2129 2445 2185 tum,
2477 2121 2681 2179 ﬁrmius
2707 2127 3007 2197 evadebat;
3041 2131 3171 2187 illud
3205 2150 3333 2189 vero
3356 2140 3615 2193 tontantis
3640 2150 3791 2208 erat,
3821 2157 3894 2199 an

2298 2215 2473 2282 possit
2502 2226 2621 2285 post
2648 2218 2818 2288 legem
2850 2222 3129 2295 scrvare);
3163 2227 3284 2282 vide
3315 2230 3440 2299 quid
3469 2230 3627 2286 faciat
3658 2252 3672 2287 :
3702 2244 3898 2291 osten-

2295 2304 2372 2358 dit
2402 2306 2519 2360 illus
2541 2308 2591 2362 in
2620 2310 2862 2378 periculo
2888 2328 3030 2379 esse,
3059 2316 3107 2371 si
3134 2318 3353 2387 quidetn
3384 2321 3455 2387 id,
3487 2326 3630 2393 qqu
3665 2342 3769 2380 non
3806 2343 3895 2396 ιο-

2296 2398 2393 2451 ιυίι
2418 2398 2500 2453 lex
2524 2438 2540 2465 ,
2576 2402 2746 2469 potuit
2778 2402 2910 2458 ﬁdes
2935 2422 2950 2470 ;
2980 2406 3070 2460 illa
3106 2424 3232 2463 vero
3261 2412 3523 2480 cadente,
3555 2431 3783 2472 necesse
3807 2430 3895 2475 est

2295 2486 2414 2541 illos
2447 2489 2498 2542 in
2522 2491 2813 2568 perniciem
2840 2493 2935 2548 ire.
2963 2495 3071 2551 Nec
3098 2498 3251 2564 dixit,
3279 2501 3540 2559 lncreduli
3569 2508 3721 2575 estis,
3744 2508 3891 2579 quod

2293 2580 2571 2635 molestius
2619 2581 2841 2649 fuisset,
2882 2600 3002 2641 cum
3050 2591 3282 2648 maxime
3325 2609 3413 2649 res
3451 2598 3625 2654 evicta
3663 2599 3891 2656 fuisset.

2300 2669 2655 2744 Jcrosolymis
2682 2675 2844 2744 igitur
2881 2692 2946 2733 ex
2976 2682 3227 2749 gentibus
3268 2687 3396 2741 nulli
3440 2700 3643 2759 erant,
3696 2694 3894 2751 Antio-

2291 2763 2428 2819 chia:
2475 2774 2655 2822 autem
2687 2766 2857 2825 fuisse
2900 2782 3131 2828 constat.
3180 2774 3305 2831 Ideo
3347 2782 3743 2852 commigrant,
3787 2801 3894 2843 uec

2290 2854 2504 2911 modico
2535 2866 2777 2925 tempore
2805 2861 2963 2918 isthic
2990 2876 3229 2922 tiianent.
3262 2869 3678 2932 [insurrexerunt
3703 2888 3893 2936 autem

2290 2945 2505 3015 quidam
2534 2946 2602 3002 de
2629 2948 2939 3018 Pltariszeis,
2969 2954 3150 3012 adhuc
3171 2960 3487 3019 ambitionis
3511 2967 3699 3023 morbo
3730 2969 3882 3025 labo-

2292 3045 2496 3103 rantes,
2539 3046 2595 3093 et
2620 3038 2862 3097 volentes
2892 3042 2993 3102 sibi
3024 3046 3231 3103 haerere
3260 3065 3355 3106 eos
3381 3093 3396 3119 ,
3424 3055 3515 3124 qui
3544 3069 3609 3110 ex
3636 3059 3893 3127 gentibus

2292 3136 2465 3181 erant.
2498 3129 2656 3200 Atqui
2706 3140 2761 3186 et
2804 3132 3001 3191 Paulus
3042 3136 3095 3191 in
3129 3138 3245 3210 lege
3273 3141 3465 3200 doctus
3507 3156 3661 3212 erat,
3710 3163 3897 3217 neque

2292 3223 2473 3273 tamen
2503 3218 2582 3274 sic
2604 3228 2721 3275 erat
2747 3220 2976 3279 allectus
3007 3242 3021 3279 :
3053 3239 3334 3299 pomquam
3360 3243 3539 3289 autem
3567 3236 3690 3293 inde
3719 3255 3891 3295 vene-

2292 3319 2406 3371 rat,
2431 3309 2543 3379 jam
2572 3308 2766 3382 dogma
2796 3325 3100 3373 accuratius
3128 3331 3265 3378 erat.
3316 3322 3449 3379 Nam
3485 3326 3530 3380 si
3576 3328 3648 3394 ii,
3678 3332 3766 3399 qui
3800 3332 3896 3386 Je-

2294 3401 2582 3473 rosolymis
2612 3415 2759 3473 sunt,
2807 3408 2939 3463 nihil
2986 3412 3292 3481 hujusmodi
3337 3420 3676 3489 prmcipiunt,
3719 3425 3899 3482 multo

2293 3491 2472 3548 minus
2493 3494 2567 3549 bi.
2601 3496 2790 3553 Viden‘
2822 3510 3082 3573 quotquot
3110 3506 3464 3579 principatum
3487 3526 3591 3566 non
3618 3514 3894 3584 ambiunt,

2295 3583 2347 3639 iu
2379 3584 2485 3641 lide
2507 3587 2787 3658 gaudere?
2824 3591 2941 3647 Non
2970 3595 3267 3653 ambitiosae
3299 3600 3459 3670 igitur
3499 3614 3656 3659 erant
3704 3583 3899 3661 nami-

2298 3679 2492 3748 tiones,
2520 3696 2696 3752 neque
2722 3683 2790 3739 ad
2819 3688 3257 3759 ostentationem,
3289 3694 3384 3749 sed
3414 3694 3482 3750 ad
3519 3696 3897 3755 defensionem

2298 3772 2697 3843 praedicationis
2760 3780 3011 3848 gentibus
3067 3782 3223 3839 factae
3278 3803 3291 3839 :
3351 3787 3476 3842 ideo
3524 3789 3654 3843 nihil
3702 3790 3899 3848 dicunt

2296 3880 2482 3921 eorum
2510 3909 2525 3935 ,
2559 3884 2679 3939 qua:
2705 3885 2830 3926 cum
2857 3872 3061 3929 Judaeis
3087 3877 3188 3932 sibi
3215 3892 3537 3936 evenerant.
3564 3882 3751 3954 Magna
3774 3896 3898 3941 erat

2297 3960 2589 4028 pertinacia
2620 3960 3036 4033 Pharisreorum,
3064 3968 3155 4038 qui
3185 3969 3347 4025 etiam
3379 3984 3495 4042 post
3527 3972 3685 4030 fidem
3717 3976 3896 4046 legam

2298 4052 2582 4106 tuebantur
2606 4093 2620 4114 ,
2648 4066 2747 4107 nec
2771 4056 3217 4127 obtemperabant
3251 4064 3527 4131 apostolis.
3565 4066 3673 4121 Sed
3722 4068 3846 4124 vide
3874 4110 3891 4134 ,

2297 4160 2455 4212 quant
2514 4156 2793 4203 mansuete
2851 4165 2951 4205 nec
2996 4166 3118 4207 cum
3174 4156 3495 4213 auctoritate
3539 4159 3830 4230 loquantur
3876 4178 3891 4215 :

2299 4234 2413 4291 haec
2438 4238 2918 4309 quippeamabilia
2947 4253 3072 4299 sunt
3093 4287 3107 4311 ,
3145 4250 3421 4320 magisque
3445 4254 3627 4307 animo
3656 4257 3895 4326 inligtttt-

2300 4337 2405 4382 tur.
2433 4329 2625 4386 Viden’
2647 4346 2912 4403 nusquam
2944 4350 3065 4391 esse
3110 4342 3398 4397 verborum
3426 4349 3847 4404 ostentationem
3882 4394 3892 4415 ,

2299 4422 2392 4475 sed
2419 4437 2514 4491 per
2538 4437 2625 4478 res
2655 4423 2798 4493 ipsas
2824 4428 2907 4498 agi
2936 4438 2991 4484 et
3020 4444 3117 4500 per
3135 4430 3393 4502 Spiritum
3422 4448 3664 4494 sanetum
3689 4441 3712 4495 ἲ
3736 4444 3893 4499 Atta-

2301 4530 2423 4569 tuen
2455 4530 2575 4570 cum
2609 4526 2686 4571 tot
2708 4518 2901 4575 indicia
2933 4519 3196 4579 haberent
3220 4567 3235 4590 ,
3280 4528 3456 4584 adhuc
3484 4545 3767 4589 mansuete
3814 4537 3897 4589 lo-

2300 4617 2556 4677 quuntur.
2595 4609 2659 4664 Et
2685 4610 2844 4677 vide,
2888 4627 2997 4669 non
3030 4617 3279 4681 veniunt,
3308 4624 3609 4677 accusaturi
3638 4638 3767 4691 eos,
3800 4628 3897 4697 qui

2305 4699 2605 4757 Antiochia:
2653 4713 2846 4770 erant;
2891 4705 2987 4760 sed
3018 4706 3165 4762 illinc
3196 4710 3388 4765 iterum
3419 4715 3759 4771 occasionem
3799 4732 3897 4773 suo

2303 4804 2473 4849 munt.
2500 4793 2587 4851 Sic
2614 4794 3014 4853 meditabantur
3042 4798 3161 4854 aliis
3192 4815 3425 4869 prtecsse
3448 4845 3461 4866 ,
3492 4806 3581 4875 qui
3633 4812 3898 4878 apostolis

2303 4887 2665 4943 nescientibus
2696 4889 3017 4958 reprehensi
3045 4906 3189 4947 sunt.
3232 4895 3482 4951 Attamen
3532 4898 3667 4955 nihil
3698 4900 3893 4961 horum

2306 4978 2376 5031 illi
2406 4981 2777 5048 protulerunt;
2810 4992 2866 5038 at
2896 4982 2985 5038 ubi
3018 4985 3331 5055 probarunt,
3363 4998 3487 5045 tunc
3519 4992 3898 5055 vehementius

2303 5073 2562 5130 scribunt.
2618 5076 2867 5147 Magnum
2922 5086 3071 5133 certe
3131 5078 3328 5151 ubique
3374 5082 3574 5138 hommt
3621 5089 3895 5157 tequitas:

2305 5159 2489 5234 coquit:
2536 5184 2605 5220 em
2652 5169 2776 5222 dico
2797 5210 2813 5235 ,
2860 5183 2966 5223 non
2996 5169 3378 5240 frigiditatem;
3405 5177 3716 5245 aequitatem
3743 5221 3759 5248 ,
3792 5197 3898 5237 non

2304 5257 2661 5314 adulationem
2699 5279 2710 5312 :
2743 5260 2859 5315 inec
2903 5262 3045 5316 enim
3093 5265 3321 5320 multum
3364 5266 3506 5323 inter
3556 5284 3617 5324 se
3672 5272 3897 5328 distant.

2379 5347 2469 5401 Ira
2502 5352 2773 5421 frenanda.
2803 5382 2873 5392 —
2900 5352 3041 5409 Nihil
3073 5354 3295 5412 Paulum
3341 5361 3703 5430 exasperaltat
3725 5406 3739 5429 ,
3768 5367 3900 5421 nihil

2309 5439 2548 5497 Petrum.
2578 5444 2714 5499 Cum
2746 5444 2913 5499 habes
2934 5446 3446 5518 demonstrationes,
3472 5467 3569 5509 cur
3600 5456 3903 5514 irasceris?

2306 5549 2372 5586 an
2418 5545 2474 5587 ut
2500 5535 2619 5591 illas
2650 5538 2921 5593 enerves?
2946 5538 3060 5594 Non
3090 5551 3266 5611 potest
3294 5558 3546 5615 umquam
3571 5546 3743 5604 iratus
3774 5565 3902 5620 per-

2308 5625 2540 5680 suaderi.
2588 5629 2759 5682 Etiam
2791 5629 2902 5684 heri
2934 5630 3001 5685 de
3030 5634 3107 5686 ira
3153 5634 3542 5705 disseruimus;
3573 5638 3705 5693 nihil
3755 5651 3905 5697 vetat

2307 5720 2591 5788 quominus
2642 5722 2804 5775 etiam
2859 5721 3017 5777 hodie
3072 5742 3087 5779 :
3153 5722 3407 5798 frequens
3472 5728 3612 5784 forte
3665 5730 3908 5787 hortatio

2306 5812 2575 5887 quidpiam
2619 5815 2836 5871 eiliciet.
2871 5815 3001 5872 Nam
3026 5818 3375 5891 phartuacum
3412 5823 3521 5878 vim
3554 5821 3762 5881 habens
3802 5839 3901 5879 cu-

3662 6484 3695 6489 η
3746 6482 3913 6492 νίγ-α.⁷*¹¹1
3952 6482 3997 6492 ““¹¹
4026 6482 4067 6487 Ἣ
