4082 6510
168 474 286 540 2'53

173 603 360 672 λόγου
385 596 632 653 τούτου.
693 593 940 663 Πολλῆς
971 591 1036 646 δέ
1084 588 1474 660 συζητήσεως
1517 583 1872 672 γενομένης,

178 671 451 752 ἀναστὰς
476 684 702 754 Πέτρος
722 679 855 738 εἶπε
876 682 1028 750 πρὸς
1042 678 1268 745 αὐτούς
1286 690 1302 706 °
1326 677 1570 746 Ἄνδρες
1591 671 1871 744 ἀδελφοὶ,

174 777 341 848 ὑμεῖς
367 775 729 838 ἐπίστασθε,
762 771 850 826 ὅτι
875 771 959 840 ἀφ
975 770 990 790 '
1014 765 1254 840 ἡμερῶν
1275 767 1543 837 ἀρχαίων
1567 767 1600 820 ό
1630 763 1776 829 Θεὸς
1803 762 1874 816 ἐν

177 863 316 934 ὑμῖν
358 862 691 929 ἐξελέξατο
731 858 830 915 διὰ
870 857 979 913 τοῦ
1028 856 1329 927 στόματός
1350 872 1474 926 μου
1507 851 1771 910 ἀκοῦσαι
1803 850 1878 906 τὰ

176 950 321 1022 ἔθνη
345 950 458 1006 τὸν
477 953 670 1021 λόγον
688 947 795 1004 τοῦ
828 944 1206 1016 εὐαγγελίου,
1237 943 1337 998 καί
1365 941 1712 998 πιστεῦσαι.
1734 940 1879 1012 Ὅρα

175 1039 265 1095 τὸν
293 1040 510 1112 Πέτρον
555 1035 764 1094 ἀνωθεν
803 1034 1214 1109 κεχωρισμένον
1245 1031 1342 1086 τοῦ
1395 1030 1746 1103 πράγματος,
1781 1028 1877 1082 καὶ

181 1128 342 1200 μέχρι
378 1126 480 1182 τοῦ
529 1125 628 1182 νῦν
689 1123 1048 1190 ἰουδαΐζοντα.
1090 1122 1292 1191 Ὑμεῖς
1326 1119 1680 1184 ἐπίστασθε,
1717 1117 1872 1189 φησί.

180 1215 326 1290 [219]
353 1215 626 1289 Παρῆσαν
651 1214 783 1278 ἴσως
812 1214 909 1269 καὶ
942 1212 990 1267 οἱ
1018 1209 1416 1280 ἐγκαλέσαντες
1442 1206 1592 1278 αὐτῷ
1615 1206 1711 1261 ἐπὶ
1734 1208 1880 1277 Κορ-

178 1291 360 1379 νηλίου
404 1306 604 1371 πάλαι,
659 1305 755 1359 καὶ
806 1301 1142 1367 εἰσελθόντες
1187 1302 1306 1372 μετ’
1349 1297 1557 1353 αὐτοῦ’
1595 1296 1683 1351 διά
1719 1295 1879 1350 τοῦτο

176 1395 373 1460 αὐτοὺς
427 1395 673 1466 παράγει
720 1391 1030 1464 μάρτυρας.
1081 1389 1210 1459 Ἀφ’
1239 1384 1481 1458 ἡμερῶν
1502 1384 1772 1455 ἀρχαίων
1807 1385 1879 1440 ἐν

175 1486 315 1556 ὑμῖν
347 1489 383 1541 ό
415 1484 564 1552 Θεὸς
587 1482 932 1550 ἐξελέξατο.
971 1481 1037 1535 Τί
1067 1483 1237 1544 ἐστιν,
1278 1480 1384 1534 Ἐν
1411 1477 1557 1547 ὑμῖν
1568 1493 1589 1543 ;
1631 1477 1792 1531 Ἤτοι
1820 1477 1878 1529 ἐν

178 1573 518 1645 Παλαιστίνῃ
544 1614 559 1638 ,
599 1573 796 1644 φησιν,
827 1571 862 1642 ἢ
901 1568 1190 1641 παρόντων
1224 1566 1405 1639 ὑμῶν.
1437 1568 1542 1620 Διά
1591 1565 1698 1620 τοῦ
1737 1564 1878 1618 στό-

168 1662 357 1731 ματός
378 1678 530 1730 μου.
564 1660 710 1730 Ὅρα
737 1658 856 1722 πῶς
876 1657 1118 1712 δείκνυσι
1140 1656 1231 1709 τὸν
1261 1654 1394 1707 Θεὸν
1421 1653 1488 1706 δι’
1515 1652 1680 1707 αὑτοῦ
1710 1651 1875 1721 φθεγ-

172 1749 420 1821 γόμενον,
456 1750 554 1802 καὶ
579 1747 732 1802 οὐδὲν
757 1745 1119 1818 ἀνθρώπινον.
1181 1743 1289 1798 Καὶ
1325 1746 1357 1797 ὀ
1388 1738 1876 1812 καρδιογνώστης

175 1837 314 1905 Θεὸς
339 1838 764 1908 ἐμαρτύρησεν
781 1834 1007 1901 αὐτοῖς.
1054 1833 1177 1887 Ἐπὶ
1205 1833 1307 1903 τὴν
1336 1829 1718 1903 πνευματικὴν
1744 1829 1875 1882 ἀνά-

171 1943 252 1997 γει
307 1925 625 1999 μαρτυρίαν
679 1923 898 1987 αὐτούς.
933 1921 1086 1988 Δοὺς
1130 1919 1340 1987 αὐτοῖς
1397 1919 1465 1972 τὸ
1523 1917 1768 1987 Πνεῦμα
1808 1917 1874 1969 τὸ

171 2011 358 2081 ἄτιον,
415 2011 619 2078 καθὼς
649 2009 749 2064 καὶ
791 2007 954 2078 ἡμῖν.
987 2007 1132 2077 Ὅρα
1181 2005 1298 2068 πῶς
1325 2017 1357 2049 ι
1389 2002 1674 2074 πανταχοῦ
1703 2001 1879 2067 ἐξισοῖ

169 2098 236 2152 τά
264 2098 418 2170 ἔθνη.
463 2099 576 2152 Καὶ
631 2095 816 2151 οὐδὲν
863 2093 1125 2162 διέκρινε
1172 2091 1402 2164 μεταξὺ
1436 2089 1610 2161 ήμῶν
1654 2108 1716 2145 τε
1775 2091 1875 2145 καί

169 2185 390 2250 αὐτῶν,
441 2184 522 2254 τῇ
583 2186 785 2238 πίστει
834 2183 1173 2251 καθαρίσας
1210 2181 1314 2248 τὰς
1347 2180 1602 2249 καρδίας
1649 2178 1871 2235 αὐτῶν.

184 2276 312 2331 ’Δπὸ
359 2276 465 2347 τῆς
519 2274 756 2339 πίστεως
815 2273 1006 2346 μόνης,
1063 2273 1220 2343 φησι,
1258 2270 1369 2325 τῶν
1419 2270 1601 2326 αὐτῶν
1659 2271 1871 2342 ἔτυχον.

172 2365 458 2419 Κάκείνων
514 2361 689 2419 ταῦτα
723 2361 1084 2434 ἐντρεπτικά·
1121 2360 1326 2432 μᾶλλον
1364 2359 1421 2414 δὲ
1454 2359 1548 2415 καὶ
1576 2359 1821 2424 ἐκείνους
1845 2359 1874 2400 δ

168 2452 376 2518 διδάξαι
400 2451 655 2514 δύναται,
685 2450 767 2503 ὅτι
792 2449 1033 2514 πίστεως
1068 2447 1150 2502 δεῖ
1181 2448 1355 2520 μόνης
1374 2488 1392 2515 ,
1428 2447 1527 2502 καὶ
1555 2447 1657 2501 οὐκ
1695 2446 1876 2519 ἔργων

170 2539 290 2596 οὐδὲ
337 2539 670 2612 περιτομῆς.
727 2538 804 2592 Ού
854 2537 964 2610 γὰρ
998 2536 1064 2608 δὴ
1098 2537 1239 2608 ὑπὲρ
1294 2535 1406 2590 τῶν
1455 2535 1627 2590 ἐθνῶν
1676 2535 1875 2590 ἀπολο-

171 2629 428 2701 γούμενοι
480 2628 656 2682 ταῦτα
693 2627 918 2696 λέγουσι
967 2627 1153 2697 μόνον,
1208 2624 1350 2679 ἀλλά
1395 2623 1687 2689 κάκείνους
1743 2642 1873 2678 παι-

170 2718 414 2782 δεύοντες
453 2716 764 2787 ἀποστῆναι
811 2716 905 2771 τοῦ
950 2716 1142 2785 νόμου.
1188 2714 1352 2769 Ἀλλά
1397 2713 1539 2778 τέως
1578 2712 1733 2767 οΰπω
1786 2713 1876 2767 λέ-

171 2825 325 2876 γουσι
353 2806 537 2860 τοῦτο.
564 2804 694 2860 Νῦν
725 2800 842 2859 οὖν
884 2804 945 2858 τί
959 2810 963 2814 ’
991 2801 1297 2873 πειράζετε
1332 2803 1440 2858 τὸν
1470 2801 1623 2857 Θεὸν
1659 2799 1877 2855 ἐπιθεῖ-

171 2911 266 2969 ναι
299 2893 484 2965 ζυγὸν
522 2892 620 2946 ἐπὶ
659 2891 768 2946 τὸν
799 2890 1110 2961 τράχηλον
1154 2890 1276 2944 τῶν
1300 2888 1589 2961 μαθητῶν
1633 2888 1707 2944 ὃν
1736 2889 1876 2944 οὔτε

172 2986 222 3037 οἱ
258 2985 518 3051 πατέρες
554 2980 748 3051 ἡμῶν,
776 2981 918 3035 οὔτε
950 2978 1122 3049 ἡμεῖς
1146 2979 1494 3048 ἰσχύσαμεν
1519 2977 1870 3044 βαστάσαι,

184 3071 368 3126 Ἀλλὰ
395 3072 498 3126 διὰ
533 3069 641 3140 τῆς
672 3070 917 3140 χάριτος
943 3068 1051 3122 τοῦ
1083 3067 1305 3137 Κυρίου
1340 3066 1547 3135 Ἰησοῦ
1589 3067 1875 3121 πιστεύοι

168 3177 279 3230 μιν
328 3158 646 3228 σωθῆναι,
707 3158 838 3213 καθ’
873 3157 948 3212 δν
1005 3158 1232 3225 τρόπον
1283 3155 1573 3212 κάκεῖνοι.
1619 3155 1685 3208 Τί
1731 3157 1872 3222 ἐστι,

173 3246 480 3316 Πειρὰζετε
515 3246 624 3301 τὸν
665 3245 854 3308 Θεόν;
891 3244 958 3298 Τί
997 3244 1305 3309 ἀπιστεῖτε,
1339 3243 1494 3314 φησι,
1531 3242 1609 3314 τῷ
1639 3242 1789 3315 Θεῷς
1819 3244 1872 3298 τί

175 3335 466 3413 πειράζετε
493 3335 657 3388 αὑτὸν
680 3334 756 3398 ὼς
782 3333 882 3386 οὐκ
918 3331 1174 3403 ἰσχύοντα
1196 3330 1371 3385 σῶσαι
1391 3333 1458 3402 τῇ
1479 3329 1660 3384 πίστει
1683 3347 1697 3396 ;
1727 3332 1873 3403 Ἀρα

173 3424 430 3488 ἀπιστίας
483 3422 602 3477 ἐστὶ
632 3420 693 3476 τὸ
717 3421 808 3475 τὸν
831 3421 997 3492 νόμον
1031 3420 1326 3491 εἰσφέρειν.
1363 3415 1496 3472 Εἶτα
1512 3419 1754 3500 δείκνυσι
1776 3420 1872 3473 καὶ

174 3512 365 3577 αὐτοὺς
399 3511 557 3566 οὐδὲν
600 3509 1045 3580 ὠφελουμένους,
1088 3507 1183 3561 καὶ
1206 3507 1269 3560 τὸ
1311 3507 1422 3560 πᾶν
1466 3505 1559 3560 ἐπί⁸
1591 3506 1683 3560 τὸν
1707 3506 1872 3577 νόμον

175 3601 416 3671 στρέφει,
447 3601 550 3653 οὐκ
583 3599 670 3652 ἐπ’
703 3597 926 3661 αὐτοὺς,
961 3596 1058 3651 καὶ
1077 3596 1178 3666 τὴν
1205 3595 1544 3667 κατηγορίαν
1571 3595 1872 3665 ὑποτέμνε-

173 3705 275 3743 ται.
315 3692 430 3745 ’ον
451 3690 563 3744 οὐκ
592 3687 938 3757 ἰσχύσαμεν
959 3684 1127 3755 ἡμεῖς
1160 3685 1260 3739 καὶ
1289 3688 1342 3739 οἰ
1387 3684 1645 3754 πατέρες
1675 3684 1869 3755 ἡμῶν,

175 3779 322 3847 φησι,
347 3777 668 3844 βαστάσαι
686 3792 699 3806 ⁸
746 3775 912 3832 ἀλλὰ
935 3775 1034 3830 διὰ
1063 3774 1172 3844 τῆς
1221 3775 1467 3844 χάριτος
1496 3775 1604 3829 τοῦ
1641 3777 1870 3843 Κυρίου

188 3865 388 3934 Ἰησοῦ
409 3865 781 3935 πιστεύομεν
795 3863 1064 3933 σωθῆναι
1082 3864 1212 3918 καθ’
1234 3861 1308 3916 ὃν
1331 3863 1558 3931 τρόπον
1577 3862 1864 3918 κάκεῖνοι.

175 3952 347 4025 Πόσης
395 3954 687 4024 δυνάμεως
726 3951 890 4023 γέμει
933 3948 1110 4005 ταῦτα
1165 3949 1237 4004 τὰ
1292 3952 1544 4022 ῥήματαί
1610 3951 1794 4020 Ἀπερ
1840 3952 1869 4004 ό

176 4041 380 4107 Παῦλος
404 4041 496 4096 διά
536 4041 751 4096 πολλῶν
784 4041 844 4093 ἐν
886 4039 952 4111 τῇ
985 4038 1122 4110 πρὸς
1165 4039 1475 4109 Ῥωμαίους
1504 4033 1624 4092 εἷπε
1645 4079 1659 4102 ,
1691 4038 1869 4093 ταῦτα

176 4131 264 4183 καὶ
292 4127 470 4193 οὗτος.
490 4130 558 4182 Εἰ
574 4129 686 4199 γὰρ
727 4125 1001 4196 Ἀϐραὰμ,
1023 4127 1211 4198 φησὶν,
1231 4127 1301 4191 ἐξ
1317 4127 1508 4197 ἔργων
1528 4125 1865 4196 ἐδικαιώθη,

175 4218 292 4285 ἔχει
337 4219 645 4287 καύχημα,
701 4214 841 4271 ἀλλ’
901 4217 974 4270 οὺ
1028 4214 1180 4284 πρὸς
1210 4215 1318 4269 τὸν
1353 4216 1521 4271 Θεόν.
1561 4215 1745 4288 Ὁρᾷς,
1783 4216 1866 4270 δτι

175 4309 372 4364 τούτων
404 4307 605 4380 μᾶλλόν
633 4307 749 4359 ἐστι
783 4302 944 4358 τοῦτο
971 4302 1341 4368 παιδευτικὸν,
1371 4304 1404 4376 ἢ
1429 4303 1696 4372 ἀπολογία
1725 4303 1867 4377 ὑπὲρ

176 4398 279 4454 τῶν
303 4399 509 4465 ἐθνῶν;
569 4396 712 4450 Ἀλλ’
750 4396 799 4450 εἰ
829 4394 930 4466 μὲν
961 4395 1135 4468 χωρὶς
1170 4397 1501 4467 προφάσεως
1546 4395 1724 4450 ταῦτα
1752 4396 1867 4450 ἐλε-

177 4504 284 4555 γεν,
345 4487 480 4551 ἴσως
510 4484 762 4557 οὐδαμῶς
817 4483 1063 4547 ὕποπτος
1107 4479 1213 4554 ἦν·
1260 4484 1440 4555 ἀρχῆς
1481 4484 1537 4538 δέ
1567 4483 1864 4556 λαϐόμενος

177 4575 443 4640 ἐντεῦθεν,
474 4573 666 4629 λοιπὸν
697 4571 870 4636 ἀδεῶς
914 4570 1234 4641 φθέγγεται.
1277 4571 1392 4626 Καὶ
1429 4572 1535 4644 δρα
1583 4573 1862 4642 πανταχοῦ

176 4664 239 4719 τά
261 4664 411 4738 παρά
440 4659 549 4716 τῶν
578 4661 790 4733 ἐχθρῶν
822 4660 941 4733 μετ’
974 4659 1158 4715 αὐτῶν
1199 4659 1483 4733 γινόμενα.
1526 4662 1590 4715 Εἰ
1639 4661 1714 4734 μὴ
1754 4662 1864 4735 γάρ

178 4751 431 4824 ἐκίνησαν
462 4753 682 4818 ἐκεῖνοι,
709 4749 810 4802 οὐκ
830 4748 896 4802 ἂν
929 4748 1104 4802 ταῦτα
1130 4748 1348 4819 ἐλέχθη,
1389 4748 1497 4802 ούδ’
1531 4749 1597 4804 ἂν
1628 4749 1698 4803 τά
1726 4751 1864 4821 μετὰ

177 4839 362 4895 ταῦτα.
402 4836 694 4893 Ἐντεῦθεν
735 4836 1137 4909 μανθάνουσιν,
1189 4837 1271 4890 ὅτι
1323 4840 1371 4891 εἰ
1406 4838 1501 4890 καὶ
1556 4839 1631 4911 μὴ
1691 4857 1863 4910 προσ-

177 4927 402 4996 άγεσθαι
433 4927 626 5000 ἤθελον
658 4926 726 4980 τὰ
751 4925 880 4997 ἔθνη
901 4966 914 4990 ,
951 4926 1010 4978 οὐ
1046 4925 1127 4978 δεῖ
1154 4925 1358 4989 αὐτοὺς
1401 4928 1672 5000 παρορᾷν.
1723 4927 1862 4981 Ἀλλ’

179 5013 370 5083 ἴδωμεν
419 5016 626 5070 ἀνωθεν
667 5013 735 5067 τά
769 5012 1058 5084 εἰρημένα.
1103 5013 1206 5068 Ἐν
1240 5013 1400 5082 ὑμῖν,
1444 5015 1630 5085 φησὶν,
1663 5014 1864 5080 ἐξελέ-

179 5100 336 5166 ξατο,
381 5102 481 5157 καί
513 5102 614 5172 ἀφ’
647 5098 886 5170 ἡμερῶν
911 5101 1196 5170 ἀρχαίων.
1240 5101 1415 5154 Τοῦτο
1459 5097 1602 5167 εἷπε,
1646 5102 1864 5166 δεικνὺς

178 5189 256 5243 ὅτι
287 5191 488 5256 πάλαι,
517 5191 578 5244 οὐ
616 5189 732 5244 νῦν.
767 5190 851 5245 Οὐ
875 5189 1067 5261 μικρὸν
1109 5190 1167 5245 δὲ
1207 5190 1268 5243 τὸ
1314 5191 1410 5245 καὶ¹
1458 5191 1732 5246 Ἰουδαίων
1774 5209 1865 5245 πι-

181 5281 472 5336 στευόντων
493 5279 655 5334 τοῦτο
683 5279 1125 5351 ἀποστραφῆναι.
1157 5279 1262 5333 Δύο
1287 5279 1498 5345 τούτοις
1535 5279 1563 5333 δ
1597 5279 1747 5350 λέγει
1774 5300 1864 5335 πι-

181 5367 419 5436 στοῦται,
448 5367 527 5439 τῷ
555 5367 732 5440 καιρῷ
758 5369 854 5421 καὶ
877 5367 955 5438 τῷ
976 5368 1148 5439 τόπῳ.
1182 5369 1291 5422 Καὶ
1338 5369 1420 5433 τὸ,
1466 5368 1825 5435 Ἐξελέξατο
1845 5409 1862 5436 ,

183 5457 385 5520 καλῶς·
428 5456 622 5528 ῶσπερ
663 5457 752 5511 ἐπ’
795 5457 976 5512 αὐτῶν
1002 5457 1103 5510 οὐκ
1156 5452 1335 5520 εἶπεν,
1374 5457 1692 5528 Ἢθέλησεν,
1725 5458 1862 5523 ἀλλ’,

193 5542 561 5610 Ἐξελέξατο.
597 5545 771 5599 Πόθεν
804 5544 966 5599 τοῦτο
986 5544 1182 5614 δῆλον;
1232 5545 1367 5598 Ἀπὸ
1392 5543 1488 5598 τοῦ
1521 5545 1862 5617 Πνεύματος,

183 5632 359 5703 φησίν.
391 5629 526 5686 Εἶτα
560 5632 833 5688 δείκνυσιν
863 5634 984 5703 οὐχὶ
1010 5632 1234 5703 χάριτος
1267 5619 1476 5701 ἁπλῶς,
1505 5634 1621 5688 ἀλλ’
1658 5635 1863 5706 ἀρετῆς

185 5719 475 5794 μαρτύριον
518 5721 703 5784 αὐτοῖς
741 5720 900 5774 τοῦτο
945 5719 1269 5790 γινόμενον,
1315 5722 1412 5776 καὶ
1441 5723 1594 5777 οὐδὲν
1637 5723 1862 5777 ἔλαττον

182 5807 358 5872 αὐτοῖς
403 5807 711 5879 παρασχόν.
762 5807 928 5862 Οὐδὲν
979 5809 1111 5880 γὰρ,
1159 5811 1316 5880 φησι,
1361 5811 1598 5882 διέκρινε
1650 5811 1861 5882 μεταξὺ

185 5892 330 5961 ἡμῶν
357 5912 416 5948 τε
442 5896 539 5954 καὶ
567 5894 767 5948 αὐτῶν.
797 5895 941 5967 ’Δρα
971 5896 1201 5968 καρδίας
1238 5898 1320 5950 δεῖ
1345 5897 1626 5969 πανταχοῦ
1658 5898 1861 5968 ζητεῖν.

187 5979 286 6034 Καὶ
313 5984 586 6056 εὐκαίρως
627 5979 816 6036 εἶπεν·
862 5985 924 6037 ’0
965 5985 1455 6055 καρδιογνώστης
1497 5987 1641 6052 Θεὸς
1682 5987 1864 6056 ἐμαρ-

240 6097 415 6175 ξσορα
431 6101 541 6174 πῶς
557 6099 705 6150 deest
735 6101 786 6150 in
811 6100 1122 6165 quibusdam.
1193 6099 1221 6142 ι’
1255 6101 1349 6153 Alii
1376 6099 1524 6151 ταῦτα
1553 6101 1859 6152 παιδευτικά.

185 6171 321 6212 ταυτα
342 6171 419 6210 και
444 6171 669 6219 ἐκείνους.

1211 474 1280 531 1Ν
1310 472 1493 531 ACTA
1528 466 2072 529 APOSTOIDRUM.
2108 463 2346 524 HOMIL.
2394 465 2612 520 XXXII.

3575 457 3684 512 9.56

1979 583 2249 652 τύρησεν
2277 582 2486 649 αὐτοῖς
2511 599 2524 611 ·
2556 580 2639 644 ὡς·
2667 580 2764 634 καὶ
2788 581 2925 643 ἐκεῖ,
2951 580 3058 644 Σὺ,
3093 581 3294 648 Κύριε,
3326 578 3682 653 καρδιογνῶο

1981 685 2101 727 στα
2126 671 2392 738 πάντων,
2421 669 2768 735 ἀνάδειξον.
2798 669 2923 724 ’Ὁτι
2956 667 3066 741 γὰρ
3093 669 3257 722 τοῦτο
3279 666 3550 738 βούλεται,
3578 673 3683 742 δρα

1990 760 2038 816 τι
2074 760 2230 836 [250]
2265 761 2464 832 ἐπάγει
2482 781 2497 795 ’
2529 762 2614 817 ὅτι
2637 759 2834 815 Οὐδὲν
2863 758 3126 829 διέκρινε
3155 760 3389 831 μεταξὺ
3418 761 3588 831 ἡμῶν
3617 779 3682 817 τε

1981 851 2084 908 καί
2111 850 2332 907 αὐτῶν.
2370 852 2503 907 Ὅτε
2546 845 2704 905 εἶπεν
2732 849 2916 904 αὐτῶν
2945 849 3046 919 τὴν
3087 849 3400 921 μαρτυρίαν
3419 890 3433 914 ,
3468 851 3589 903 τότε
3617 850 3682 904 τὸ

1983 939 2130 1011 μέγα
2161 939 2323 995 τοῦτο
2343 939 2670 1011 ἐφθέγξατο,
2697 939 2838 1009 ὅπερ
2869 937 3082 1002 Παῦλός
3107 955 3274 1008 φησιν
3294 955 3308 969 ο
3343 938 3494 992 Οῡτε
3523 955 3684 1008 περι·

1977 1028 2132 1098 τομή
2184 1046 2240 1084 τι
2290 1030 2489 1099 ἰσχύει
2510 1069 2525 1094 ,
2569 1029 2712 1084 οὔτε
2746 1027 3122 1096 ἀκροϐυστία
3144 1044 3158 1058 ο
3217 1026 3335 1092 καὶ,
3365 1027 3491 1081 Ἵνα
3536 1027 3684 1094 τοὺς

1979 1117 2090 1173 δύο
2119 1119 2301 1188 κτίσῃ
2326 1118 2397 1172 ὲν
2426 1118 2644 1186 ἐαυτῷ.
2677 1118 2904 1174 ΙΙάντων
2944 1118 3153 1172 τούτων
3183 1117 3254 1172 τὰ
3299 1118 3594 1189 σπέρματα
3623 1119 3683 1172 ἐν

1979 1209 2047 1278 τῇ
2095 1206 2305 1278 Πέτρου
2343 1206 2663 1279 δημηγορία
2716 1209 2916 1260 κεῖται.
2966 1206 3080 1261 Καὶ
3124 1206 3225 1261 οὐκ
3249 1201 3394 1267 εἷπε,
3450 1205 3574 1259 Τῶν
3618 1208 3684 1261 ἐκ

1980 1294 2287 1366 περιτομῆς
2308 1335 2323 1362 ,
2362 1293 2535 1359 ἀλλά,
2566 1294 2812 1359 Μεταξὺ
2845 1292 3037 1364 ἡμῶν,
3074 1295 3355 1359 τουτέστι,
3394 1295 3504 1350 τῶν
3545 1297 3686 1351 ἀπο-

1981 1382 2207 1437 στόλων.
2242 1379 2397 1449 Εἶτα,
2436 1382 2525 1437 ἴνα
2563 1382 2640 1453 μὴ
2675 1381 2803 1455 δόξῃ
2833 1378 2996 1454 ὕϐρις
3030 1378 3174 1438 εἶναι
3213 1383 3278 1438 τὺ
3319 1383 3550 1449 Οὐδὲν,
3581 1387 3686 1438 ἐπ-

1981 1471 2139 1541 άγει’
2201 1473 2413 1527 Πίστει
2449 1473 2788 1540 καθαρίσας
2851 1473 2962 1539 τὰς
3009 1472 3262 1543 καρδίας
3308 1472 3532 1530 αὐτῶν.
3573 1475 3685 1531 Καὶ

1979 1563 2196 1633 ἀναιρεῖ
2226 1560 2327 1634 τὴν
2369 1560 2628 1616 ὑπόνοιαν
2668 1559 2756 1614 διὰ
2792 1560 3009 1617 τούτου.
3053 1561 3388 1634 Ἐξεκάθαρε
3417 1563 3686 1634 πρότερον

1978 1649 2071 1704 τὸν
2116 1649 2294 1719 λόγον,
2328 1650 2424 1704 καὶ
2461 1649 2583 1704 τότε
2626 1649 2903 1704 δείκνυσιν
2931 1650 3053 1722 οὐχὶ¹
3087 1651 3327 1723 πονηρὸν
3357 1650 3448 1705 τὸν
3490 1651 3680 1722 νόμον,

1979 1738 2096 1793 ἀλλ’
2124 1739 2325 1803 αὐτοὺς
2357 1738 2629 1803 ἀσθενεῖς.
3319 1772 3322 1776 λ

2053 1827 2119 1898 β’.
2153 1827 2304 1899 Ὅρα
2342 1827 2461 1891 πῶς
2503 1830 2585 1892 εἰς
2626 1828 2858 1901 φοϐερὸν
2891 1827 3210 1898 κατέληξεν.
3241 1827 3410 1882 Θὺδέν
3440 1828 3548 1882 ἀπὸ
3572 1828 3699 1883 τῶν.

1982 1915 2279 1987 προφητῶν
2333 1917 2518 1980 αὐτοῖς
2570 1916 2900 1985 διαλέγεται,
2949 1914 3207 1971 ἀλλ”ἀπδ
3241 1916 3351 1970 τῶν
3391 1915 3683 1987 παρόντων

1980 2005 2348 2076 πραγμάτων,
2373 1998 2451 2059 ὧν
2474 2005 2628 2076 αὐτοὶ
2658 2006 2940 2078 μάρτυρες
2961 2000 3123 2077 ἦσαν.
3151 2005 3393 2068 Εἰκότως
3412 2005 3506 2058 καὶ
3526 2005 3685 2058 αὐτοὶ

1977 2092 2166 2146 λοιπὸν
2242 2093 2719 2169 ἐπιμαρτυροῦσι,
2787 2094 2880 2148 καὶ
2939 2092 3033 2148 τὸν
3097 2092 3259 2163 λόγον
3327 2093 3684 2166 ἰσχυρότερον

1979 2182 2195 2235 ποιοῦσι
2218 2185 2333 2247 τοῖς
2371 2183 2472 2255 ἤδη
2500 2184 2838 2254 γενομένοις.
2875 2183 2987 2238 Καὶ
3013 2184 3139 2255 δρα,
3167 2185 3226 2235 ἐν
3272 2185 3342 2254 τῇ
3379 2181 3686 2255 Ἐκκλησία

1980 2273 2261 2342 συγχωρεῖ
2305 2271 2523 2343 πρῶτον
2575 2270 2809 2342 ζήτησιν
2859 2271 3155 2340 γενέσθαι,
3194 2269 3288 2326 καὶ
3333 2269 3456 2324 τότε
3504 2269 3681 2338 λέγει.

1992 2358 2148 2413 Ἐπεὶ
2189 2354 2286 2414 οὖν
2338 2360 2440 2414 οὐκ
2476 2355 2618 2428 εἶπε,
2675 2360 2798 2414 Τῶν
2852 2361 2917 2414 ἐκ
2967 2361 3300 2431 περιτομῆς.
3359 2360 3521 2426 ἀλλά,
3561 2359 3685 2412 Τῶν

1979 2446 2152 2500 ἐθνῶν
2205 2447 2226 2515 (
2245 2447 2404 2502 τοῦτο
2437 2448 2548 2521 γὰρ
2611 2446 2754 2503 κατά
2815 2448 3013 2520 μικρὸν
3067 2449 3415 2517 ἐπαγόμενον
3471 2448 3688 2517 ἐγίνετο

1983 2537 2355 2611 ἰσχυρότερον,
2404 2539 2584 2592 ἐκεῖνο
2618 2538 2676 2593 δὲ
2717 2533 2787 2611 ἦν
2817 2539 3195 2609 πειράζοντος,
3242 2539 3291 2592 εἰ
3334 2537 3561 2592 δύναται
3588 2538 3685 2591 καὶ

1981 2626 2124 2697 μετά
2147 2626 2314 2697 νόμον
2344 2627 2595 2697 σῶσαι),
2631 2627 2735 2697 δρα
2777 2626 2833 2680 τί
2866 2630 3048 2681 ποιεῖ·
3075 2627 3351 2680 δείκνυσιν
3383 2626 3583 2690 αὐτοὺς
3623 2628 3685 2680 ἐν

1978 2714 2234 2786 κινδύνῳ,
2286 2716 2431 2784 εἴγε
2465 2715 2605 2788 ὅπερ
2637 2716 2740 2771 οὐκ
2799 2715 3022 2788 ἴσχυσεν
3049 2717 3078 2770 ὁ
3127 2717 3330 2787 νόμος,
3384 2705 3608 2786 ἴσχυσεν
3647 2716 3684 2788 ὴ

1978 2802 2197 2867 πίστις’
2247 2802 2454 2873 ταύτης
2497 2803 2556 2857 δὲ
2609 2803 3024 2875 ἐκπιπτούσης,
3070 2805 3290 2875 ἀνάγκη
3343 2804 3588 2868 αὐτουςι
3624 2806 3685 2858 ἐν

1977 2889 2227 2962 ἀπωλείᾳ
2265 2885 2428 2944 εἶναι.
2458 2890 2570 2945 Καὶ
2622 2891 2724 2946 οὐκ
2771 2887 2964 2957 εἶπεν,
3017 2892 3367 2956 ’Δπιστεῖτε,
3421 2892 3563 2964 ὅπερ
3613 2887 3686 2964 ἦν

1978 2978 2406 3052 φορτικώτερον,
2441 2981 2537 3035 καὶ
2567 2979 2746 3037 ταῦτα
2773 2980 3143 3053 ἐληλεγμένου
3178 2980 3274 3033 τοῦ
3328 2981 3683 3052 πράγματος.

1991 3067 2080 3122 Ἐν
2109 3068 2212 3138 μὲν
2269 3064 2362 3123 οὖν
2418 3071 2531 3133 τοῖς
2590 3068 2997 3142 Ἰεροσολύμοις
3055 3070 3158 3124 οὐκ
3205 3064 3350 3140 ἦσαν
3401 3068 3462 3134 ἐξ
3508 3068 3685 3126 ἐθνῶν

1975 3171 2141 3220 τινες,
2173 3157 2234 3211 ἐν
2258 3156 2316 3212 δὲ
2360 3157 2665 3230 Ἀντιοχείᾳ
2693 3157 2841 3221 εἰκὺς
2864 3153 3031 3214 εἶναι.
3068 3157 3168 3212 Διά
3205 3156 3367 3212 τοῦτο
3388 3156 3486 3212 καὶ
3517 3156 3685 3229 ἀπέρο

1974 3262 2182 3315 χονται,
2215 3245 2310 3298 καὶ
2334 3244 2673 3317 διατρίϐουσι
2715 3245 2910 3317 χρόνον
2951 3246 3054 3300 οὐκ
3106 3244 3290 3314 ὀλίγον
3328 3247 3465 3298 ἐκεῖ.
3505 3245 3687 3311 Ἐξαν-

1977 3333 2218 3404 έστησαν
2273 3333 2332 3387 δέ
2384 3349 2535 3397 τινες
2568 3332 2682 3387 τῶν
2737 3333 3077 3406 Φαρισαίων,
3139 3334 3219 3388 ἐτι
3250 3333 3540 3399 νοσοῦντες
3580 3334 3685 3406 τὴν

1976 3420 2296 3492 φιλαρχίαν,
2341 3420 2438 3474 καὶ
2493 3420 2812 3492 βουλόμενοι
2851 3422 2989 3494 πρὸς
3024 3423 3224 3488 αὐτοὺς
3255 3422 3402 3495 ἔχειν
3451 3424 3581 3488 τοὺς
3620 3423 3688 3492 ἐξ

1974 3508 2168 3564 ἐθνῶν.
2229 3509 2425 3564 Καίτοι
2484 3512 2580 3565 καὶ
2615 3510 2831 3575 Παῦλος
2879 3512 3202 3584 νομομαθὴς
3257 3511 3347 3585 ἦν,
3406 3513 3522 3568 ἀλλ’
3578 3515 3682 3568 οὐκ

1973 3596 2183 3668 ἔπασχε
2214 3596 2403 3652 τοῦτο·
2457 3597 2649 3670 ἐπειδὴ
2692 3598 2750 3652 δὲ
2787 3599 3004 3653 ἐκεῖθεν
3045 3595 3213 3671 ἦλθε,
3256 3602 3352 3655 καὶ
3400 3602 3462 3656 τὸ
3500 3602 3684 3675 δόγμα

1973 3687 2370 3758 ἀκριϐέστερον
2402 3687 2643 3757 ἐγένετο.
2677 3688 2741 3741 Εἰ
2766 3686 2877 3759 γὰρ
2924 3689 2974 3741 οί
3000 3690 3059 3742 ἐν
3100 3689 3499 3761 Ἱεροσολύμοις
3527 3691 3683 3758 ὄντες

1971 3775 2126 3829 οὐδὲν
2157 3775 2402 3831 τοιοῦτον
2429 3776 2805 3842 ἐπιτάττουσι,
2851 3775 3034 3848 πολλῷ
3072 3777 3274 3848 μᾶλλον
3305 3771 3470 3834 οὗτοι.
3512 3779 3682 3852 Ὁρᾷς

1971 3861 2088 3917 ὅσοι
2120 3862 2198 3934 μὴ
2253 3863 2604 3934 φιλαρχοῦσι,
2646 3864 2937 3936 χαίρουσιν
2976 3866 3036 3918 ἐν
3071 3868 3138 3937 τῇ
3178 3866 3396 3935 πίστει;
3429 3868 3505 3922 Οὐ
3535 3868 3683 3939 φιλο-

1970 3952 2164 4021 τιμίας
2199 3951 2382 4005 τοίνυν
2408 3956 2476 4006 τά
2516 3953 2839 4024 διηγήματα
2874 3953 2996 4007 οὐδὲ
3042 3953 3358 4021 ἐπιδείξεως
3397 3951 3468 4026 ἦν
3490 3997 3505 4023 ,
3539 3955 3682 4011 ἀλλά

1971 4040 2273 4110 ἀπολογίας
2300 4039 2396 4096 τοῦ
2426 4042 2508 4106 εἰς
2546 4039 2617 4096 τὰ
2654 4040 2783 4112 ἔθνη
2825 4041 3223 4114 κηρύγματοςο
3261 4043 3345 4097 διὸ
3392 4045 3488 4099 καὶ
3521 4045 3677 4100 οὐδὲν

1969 4129 2189 4198 λέγουσι
2212 4130 2322 4184 τῶν
2349 4131 2428 4195 εἰς
2449 4131 2583 4194 τοὺς
2625 4130 2917 4195 Ἰουδαίους
2940 4132 3395 4203 συμϐεϐηκότων.
3430 4133 3608 4205 Πολλὴ
3637 4135 3675 4208 ἡ

1969 4216 2277 4289 ἐπιτριϐὴι)
2317 4216 2429 4272 τῶν
2479 4218 2829 4291 Φαρισαίων,
2875 4219 2973 4273 καὶ
3032 4220 3170 4292 μετά
3219 4219 3319 4293 τὴν
3359 4221 3544 4275 πίστιν
3590 4222 3676 4276 ἐτι

1969 4303 2408 4376 νομοθετούντων
2433 4348 2448 4374 ,
2507 4307 2603 4362 καὶ
2652 4307 2713 4361 οὐ
2771 4307 3114 4379 πειθομένων
3160 4312 3275 4374 τοῖς
3327 4309 3671 4376 ἀποστόλοις.

1982 4393 2125 4449 Ἀλλ’
2161 4395 2264 4466 ὅρα
2295 4394 2575 4463 ἐκείνους,
2611 4394 2731 4460 πῶς
2765 4395 3030 4460 ἐπιεικῶς
3059 4397 3157 4452 καὶ
3198 4399 3261 4451 οὐ
3291 4398 3432 4470 μετά
3477 4399 3680 4454 αὐθεν-

1967 4483 2121 4547 τείας
2171 4482 2556 4551 διαλέγονταιο
2601 4483 2671 4536 τά
2726 4483 2836 4556 γάρ
2893 4483 3124 4539 τοιαῦτα
3167 4485 3519 4558 ἐπιθυμητὰ,
3577 4489 3675 4542 καὶ

1971 4571 2190 4643 πέπηγε
2226 4571 2453 4642 μᾶλλον,
2510 4572 2678 4644 Ὁρᾷς
2718 4572 2959 4644 οὐδαμοῦ
2989 4572 3165 4642 λόγων
3203 4574 3504 4645 ἐπίδειξιν,
3534 4575 3673 4631 ἀλλά

1966 4659 2066 4732 τὴν
2101 4660 2190 4714 διά
2228 4659 2339 4714 τῶν
2380 4660 2746 4731 πραγμάτων,
2776 4660 2876 4733 τὴν
2902 4661 2990 4717 διὰ
3019 4660 3112 4715 τοῦ
3136 4661 3494 4735 Πνεύματος;
3530 4663 3670 4719 Ἀλλ’

1966 4749 2117 4819 ὅμως
2151 4749 2242 4803 καὶ
2271 4747 2500 4802 τοιαῦτα
2539 4747 2757 4820 ἔχοντες
2787 4751 3085 4822 τεκμήρια,
3131 4750 3211 4804 ἐτι
3243 4753 3508 4818 ἐπιεικῶς
3555 4753 3674 4809 δια-

1966 4837 2235 4907 λέγονται.
2276 4837 2386 4891 Καὶ
2431 4837 2570 4909 δραο
2603 4838 2706 4891 οὐκ
2754 4838 3091 4910 ἀπέρχονται
3119 4839 3507 4906 διαϐάλλοντες
3542 4844 3672 4907 τοὺς

1967 4927 2027 4978 ἐν
2068 4926 2391 4998 Ἀντιοχείᾳ,
2411 4925 2526 4980 ἀλλ’
2554 4926 2768 4980 ἐκεῖθεν
2789 4927 2952 4982 πάλιν
2974 4927 3357 5000 λαμϐάνουσιν
3385 4932 3677 5004 ἀφορμήν.⁴

1968 5014 2158 5081 Οὕτως
2189 5017 2465 5088 ἐμελέτων
2492 5016 2554 5070 τὸ
2591 5016 2906 5089 φιλαρχεῖν,
2935 5019 2984 5072 οἳ
3027 5019 3123 5072 καὶ
3167 5021 3271 5074 οὐκ
3301 5022 3523 5078 εἰδότων
3557 5025 3677 5079 τῶν.

1968 5106 2286 5162 ἀποστόλων
2310 5107 2698 5179 ἐμέμφθησαν.
2737 5107 2880 5161 Ἀλλ’
2909 5109 3061 5178 ὅμως
3091 5108 3246 5166 οὐδὲν
3270 5111 3479 5167 τούτων
3518 5107 3669 5170 οὗτοι

1968 5195 2322 5265 προήνεγκαν
2356 5212 2370 5225 ο
2427 5196 2544 5250 ἀλλ’
2588 5198 2678 5250 ὅτε
2733 5195 3064 5264 ἀπέδειξαν,
3110 5198 3236 5253 τότε
3307 5202 3668 5274 σφοδρότερον

1968 5282 2262 5354 γράφουσι.
2303 5281 2466 5351 Μέγα
2519 5282 2630 5355 γὰρ
2689 5285 2722 5356 ἡ
2778 5285 3052 5341 ἐπιείκεια
3125 5289 3405 5360 πανταχοῦ
3466 5292 3664 5345 καλόν·

1967 5371 2242 5424 ἐπιείκεια
2285 5370 2451 5441 λέγω,
2485 5372 2545 5425 ού
2578 5372 2894 5444 ψυχρότης·
2933 5375 3232 5443 ἐπιείκεια,
3276 5377 3338 5431 οὑ
3369 5379 3664 5433 κολακείω

1968 5459 2103 5514 πολὺ
2129 5459 2239 5531 γὰρ
2267 5459 2440 5513 ταῦτα
2465 5459 2753 5533 διέστηκεν
2775 5463 2872 5516 ἀπ’
2898 5463 3168 5534 ἀλλήλων.

2038 5543 2206 5598 Οὐδὲν
2237 5541 2392 5616 [251]
2425 5544 2698 5617 ἐτράχυνε
2732 5545 2969 5613 Παῦλον,
3009 5547 3163 5600 οὐδὲν
3213 5549 3443 5621 Πέτρον.
3486 5553 3660 5606 Ὅταν

1967 5632 2098 5703 ἔχῃς
2133 5631 2468 5700 ἀποδείξεις,
2502 5634 2557 5688 τί
2593 5633 2791 5707 ὀργίζῃ
2821 5651 2836 5702 ;
2873 5633 2907 5706 ἢ
2948 5635 3037 5689 ἴνα
3068 5636 3163 5688 καὶ⁷
3183 5635 3392 5701 ταύτας
3421 5640 3668 5711 ἀκύρους

1971 5723 2236 5794 ποιήσῃς;
2284 5723 2401 5776 Οὐκ
2449 5722 2564 5775 ἐστι
2600 5725 2692 5777 τὸν
2743 5723 3103 5796 ὀργιζόμενον
3135 5725 3322 5780 πεῖσαί
3352 5743 3503 5782 ποτε.
3556 5731 3667 5784 Καὶ

1968 5809 2094 5880 χθὲς
2126 5810 2258 5882 περί
2287 5811 2462 5882 ὀργῆς
2494 5811 2850 5884 διελέχθημεν
2874 5829 2888 5842 ⁶
2923 5813 3078 5868 οὐδὲν
3106 5812 3162 5868 δέ
3195 5814 3394 5868 κωλύει
3434 5819 3528 5870 καὶ
3567 5821 3665 5892 τή-

1973 5915 2142 5971 μείνν
2167 5917 2178 5928 ·
2233 5899 2405 5970 ἡγὰρ
2468 5899 2721 5971 συνέχεια
2774 5901 2903 5980 ἴσως
2939 5903 3240 5975 ἐργάσεταί
3274 5920 3350 5959 τι.
3390 5906 3504 5960 Καὶ
3555 5909 3666 5980 γάρ

1972 5988 2264 6056 φάρμακον
2315 5989 2377 6040 τὸ
2437 5988 2668 6058 δύναμιν
2696 5978 3134 6063 ἔχω’ἀφανίσαι
3187 5991 3433 6063 τραῦμα,
3480 5993 3547 6047 ἂν

2037 6101 2226 6182 "idem
2253 6105 2591 6170 ἐκπιπτούσης,
2639 6109 2726 6174 ὅρα
2754 6110 2942 6169 αὐτούς.
3021 6111 3048 6153 δ
3077 6111 3285 6173 Quidam
3309 6111 3459 6169 πο).λὴ
3488 6113 3537 6163 δὲ
3561 6115 3640 6164 ἐπι

1981 6177 2138 6224 man.
