4072 6500
432 449 538 508 ΞΠ

444 561 683 635 συνεχῶς
730 560 974 632 ἐπιτεθῇ,
1021 558 1081 614 τὸ
1112 560 1224 615 πᾶν
1259 541 1530 616 ἀπώλεσε.
1589 560 1677 633 Mi;
1723 562 1786 634 δὴ
1832 561 2101 635 νομίζετε,

442 651 783 718 κατάγνωσιν
813 648 968 718 ὑμῶν
1018 644 1177 716 εἶναι,
1212 647 1273 700 τὸ
1312 649 1550 719 συνεχῶς
1604 651 1732 720 περί
1768 649 1877 703 τῶν
1925 650 2108 704 αὐτῶν

441 734 781 805 διαλέγεσθαι
807 752 821 767 ·
851 735 898 787 εἰ
950 735 1058 807 γὰρ
1099 734 1560 806 κατεγνώκειμεν,
1591 738 1691 789 οὑκ
1733 736 1800 790 ἂν
1824 737 2106 807 διελέχθη-

448 840 578 895 μενο
606 822 702 878 νῦν
733 822 788 876 δὲ
810 821 1124 887 ἐλπίζοντες
1163 823 1375 894 μεγάλα
1398 825 1548 894 ἡμᾶς
1571 824 1900 895 κερδαίνειν,
1931 825 2108 879 ταῦτα

443 911 813 982 φθεγγόμεθα.
874 911 1001 966 Εἴθε
1077 911 1187 982 γάρ
1238 913 1476 982 συνεχῶς
1548 912 1680 983 περὶ
1750 912 1859 966 τῶν
1934 913 2113 965 αὐτῶν

443 1001 730 1070 ἐλέγομενί
763 999 873 1054 εῐθε
935 999 1069 1071 μηδέ
1128 996 1196 1070 ἦν
1225 999 1359 1071 ἄλλη
1406 1018 1492 1064 τις
1544 1001 1718 1070 λόγων
1769 1001 2028 1066 ὑπόθεσις
2079 1001 2113 1072 ἢ

443 1089 683 1157 φροντὶς,
718 1087 833 1140 ἀλλ’
866 1088 1015 1150 ὅπως
1045 1087 1154 1140 τῶν
1185 1086 1374 1140 παθῶν
1396 1090 1760 1160 κρατήσωμεν
1783 1090 1889 1143 τῶν
1914 1091 1946 1159 ή
1957 1089 2117 1159 μετέ-

444 1178 580 1240 ρωνί
616 1174 738 1238 Πῶς
760 1175 868 1246 γὰρ
891 1176 993 1226 οὑκ
1014 1174 1232 1237 ἄτοπον,
1261 1174 1542 1243 βασιλεῦσι
1559 1177 1657 1246 μὲν
1678 1177 1736 1230 ἐν
1765 1180 1944 1248 τρυφῇ
1977 1175 2114 1241 ζῶσι

443 1263 540 1316 καὶ
569 1263 806 1334 τοσαύτῃ
834 1265 964 1333 τιμῇ
998 1262 1203 1332 μηδένα
1231 1259 1370 1316 εἶναι
1400 1264 1579 1332 λόγον,
1604 1267 1743 1336 μήτε
1777 1266 1870 1318 ἐπὶ
1903 1265 2114 1334 τραπέ-

444 1355 564 1425 ζης,
605 1355 736 1425 μηδέ
761 1355 816 1405 ἐν
838 1353 980 1422 ἄλλῳ
1014 1353 1203 1423 μηδενὶ
1233 1354 1431 1424 καιρῷ,
1472 1355 1608 1408 ἀλλὰ
1663 1355 1783 1419 πῶς
1816 1356 1976 1424 μόνον
2002 1354 2114 1407 τῶν

445 1442 718 1512 πολεμίων
749 1449 768 1470 ⁸
804 1441 1080 1510 κρατῆσαι
1140 1441 1240 1506 δεῖ,
1273 1444 1367 1494 καὶ
1401 1441 1490 1494 διὰ
1524 1443 1682 1496 τοῦτο
1713 1443 1833 1496 καθ’
1869 1442 2112 1512 ἑκάστην

442 1526 656 1596 ἡμέραν
679 1523 968 1592 συλλόγους
994 1526 1190 1589 ποιεῖν,
1222 1527 1316 1577 καὶ
1351 1528 1689 1596 στρατηγοὺς
1712 1527 1806 1580 καὶ
1839 1525 2106 1598 στρατιώ-

443 1630 544 1676 τας
565 1611 905 1675 καταλέγειν,
938 1613 1033 1666 καὶ
1054 1613 1250 1683 φόρους
1281 1615 1552 1677 ἀπαιτεῖν,
1573 1614 1665 1666 καὶ
1682 1615 1791 1667 τῶν
1819 1614 2113 1668 πολιτικῶν

445 1701 786 1770 πραγμάτων
807 1699 1010 1763 ταύτας
1026 1700 1119 1753 δύο
1144 1702 1324 1763 αἰτίας
1345 1701 1648 1768 ἀναγκαίας
1670 1698 1808 1755 εἶναι
1839 1702 2110 1773 ἡγεῖσθαι,

445 1790 590 1851 ὅπως
622 1787 712 1843 καὶ
757 1787 866 1841 τῶν
910 1784 1287 1858 πολεμούντων
1338 1790 1675 1859 κρατήσωσι,
1721 1791 1815 1843 καὶ
1858 1791 1984 1853 τοὺς
2033 1791 2114 1842 οἰ-

445 1874 626 1936 κείους
679 1875 738 1925 ἐν
793 1873 984 1945 εἰρήνῃ
1035 1875 1482 1944 καταστήσωσιν
1534 1876 1683 1945 ἡμᾶς
1728 1876 1784 1929 δὲ
1817 1877 1952 1948 μηδέ
1983 1876 2114 1947 δναρ

445 1961 627 2014 θέλειν
654 1961 723 2014 τά
770 1961 996 2014 τοιαῦτα
1051 1960 1418 2029 διαλέγεσθαι,
1463 1963 1579 2016 ἀλλ’
1607 1964 1759 2028 ὅπως
1804 1964 1904 2034 μὲν
1945 1965 2114 2035 ἀγρὸν

446 2048 807 2120 ὠνησὼμεθα,
835 2049 928 2102 καὶ
967 2050 1116 2111 ὅπως
1149 2048 1481 2119 ἀνδράποδα,
1514 2052 1610 2103 καὶ
1629 2051 1778 2114 ὅπως
1814 2051 1984 2104 πλείω
2016 2051 2113 2122 τὴν

445 2135 634 2188 οὐσίαν
667 2135 1004 2206 ποιήσωμεν,
1033 2133 1156 2187 καθ’
1201 2135 1437 2206 ἑκάστην
1488 2135 1702 2208 ἡμέραν
1737 2136 2110 2207 διαλεγόμενοι

443 2222 504 2273 οὐ
531 2220 880 2292 λαμϐάνομεν
904 2221 1064 2291 κόρον
1089 2237 1102 2250 ⁸
1129 2221 1256 2292 περὶ
1278 2221 1332 2275 δὲ
1359 2221 1467 2275 τῶν
1502 2224 1559 2275 ἐν
1598 2225 1730 2294 ἡμῖν
1771 2227 2113 2295 πραγμάτων

444 2307 670 2362 καὶτῶν
689 2308 856 2372 ὅντως
881 2308 1037 2379 ήμῶν
1062 2308 1185 2362 οὕτε
1215 2310 1368 2362 αὐτοὶ
1408 2309 1588 2377 λέγειν
1630 2311 1958 2382 βουλόμεθα,
1991 2315 2113 2367 ούδέ

444 2397 649 2467 ἐτέρων
696 2396 963 2465 λεγόντων
1001 2397 1305 2467 ἀνεχόμεθα
1357 2397 1603 2464 ἀκούειν;
1643 2400 1777 2470 Περὶ
1818 2401 1962 2463 τίνος
1996 2397 2111 2466 οὖν,

444 2485 566 2538 εἰπέ
620 2502 727 2554 μοι,
789 2484 1132 2552 διαλέγεσθαι
1197 2485 1420 2555 βούλεις
1480 2487 1611 2556 περὶ
1633 2487 1893 2557 ἀρίστου;
1950 2487 2112 2541 Ἀλλά

441 2573 614 2626 ταῦτα
655 2572 934 2643 μαγείρων
987 2572 1053 2625 τά
1098 2573 1338 2643 ῥήματα.
1394 2573 1553 2625 Ἀλλὰ
1597 2575 1726 2644 περὶ
1772 2575 2107 2645 χρημάτωνς

454 2661 613 2716 Ἀλλὰ
637 2663 811 2716 ταῦτα
843 2661 1103 2732 καπήλων
1151 2661 1248 2715 καὶ
1305 2664 1585 2733 ἐμπόρων.
1622 2664 1783 2718 Ἀλλά
1815 2667 1943 2737 περὶ
1995 2684 2112 2719 κτι-

444 2752 702 2821 σμάτων;
747 2749 909 2802 Ἀλλά
928 2748 1105 2803 ταῦτα
1141 2750 1413 2803 τεκτόνων
1455 2753 1548 2804 καὶ
1595 2752 1914 2823 οἰκοδόμων.
1951 2754 2112 2808 Ἀλλά

441 2840 572 2908 περὶ
607 2838 746 2908 γῆςς
791 2836 948 2890 Ἀλλά
981 2836 1150 2889 ταῦτα
1175 2838 1455 2907 γεωργῶν.
1495 2838 1686 2908 Ἦμῶν
1725 2839 1781 2892 δὲ
1815 2840 1967 2893 οὐδὲν
1996 2842 2114 2894 ἐτε-

445 2927 537 2997 ρόν
556 2927 702 2978 ἐστιν
725 2925 905 2996 ἔργον,
942 2923 1060 2977 ἀλλ’
1091 2924 1123 2995 ἢ
1154 2924 1274 2987 πῶς
1314 2924 1545 2979 πλοῦτον
1586 2928 2056 2998 περιποιησόμεθα
2083 2930 2112 2970 δ

438 3017 505 3087 τῇ
535 3014 700 3083 ψυχῇ.
728 3013 822 3083 Μή
842 3012 1021 3066 τοίνυν
1047 3011 1362 3083 προσκορὴς
1387 3012 1414 3064 ό
1449 3012 1605 3081 λόγος
1638 3014 1893 3082 γινέσθω.
1930 3016 2030 3070 Διά
2059 3016 2111 3070 τί

438 3101 546 3171 γάρ
584 3099 771 3170 μηδεὶς
798 3099 1020 3168 ἐγκαλεῖ
1055 3097 1133 3168 τῷ
1169 3099 1339 3169 ἰατρῷ
1375 3101 1503 3169 περὶ
1545 3103 1797 3172 ἰατρικῆς
1826 3104 1913 3155 ἀεὶ
1935 3102 2111 3157 διαλε-

437 3187 674 3257 γομένῳ,
710 3186 846 3258 μηδέ
893 3189 1006 3246 τοῖς
1061 3185 1240 3251 ἄλλοις
1290 3189 1403 3250 τοῖς
1453 3187 1804 3259 δημιουργοῖς
1834 3191 1962 3262 περὶ
2002 3191 2113 3246 τῶν

439 3269 653 3323 οἰκείων
705 3268 910 3339 τεχνῶν
949 3267 1236 3337 λέγουσιν;
1277 3269 1336 3322 Εἰ
1379 3269 1477 3339 μὲν
1511 3270 1618 3342 γὰρ
1666 3271 1839 3335 οὕτως
1875 3275 2012 3343 ἡμῖν
2044 3270 2112 3345 ἦν

439 3352 845 3423 κατωρθωμένα
879 3351 948 3406 τὰ
994 3353 1102 3406 τῶν
1146 3352 1360 3416 παθῶν,
1388 3353 1462 3416 ὡς
1501 3354 1575 3424 μὴ
1611 3353 1817 3407 δεῖσθαι
1865 3356 2111 3430 ὑπομνή-

440 3456 597 3503 σεως,
627 3439 852 3503 εἰκότως
875 3438 939 3492 ἄν
966 3458 1047 3503 τις
1067 3438 1502 3511 ήμῐνμένεκάλεσε
1531 3441 1841 3512 φιλοτιμίαν
1872 3445 1965 3498 καὶ
1991 3447 2110 3499 ἐπί-

436 3528 631 3591 δειξινο
669 3528 871 3597 μᾶλλον
905 3527 959 3580 δὲ
991 3528 1113 3581 οὐδὲ
1135 3527 1332 3591 οὕτως.
1368 3527 1431 3580 Εἰ
1487 3529 1596 3600 γὰρ
1629 3531 1722 3583 καὶ
1752 3532 2107 3600 κατώρθωτο,

440 3615 533 3667 καὶ
565 3613 735 3678 οὕτως
770 3616 936 3686 ἐχρῆν
961 3615 1326 3683 διαλέγεσθαι,
1357 3614 1498 3668 ὥστε
1530 3617 1608 3687 μὴ
1639 3618 1966 3673 ἀναπεσεῖν
1989 3622 2111 3674 ἐπεὶ

439 3703 536 3756 καὶ
569 3703 741 3774 ἰατροὶ
769 3704 890 3772 οὐχὶ
918 3702 1184 3763 νοσοῦσιν,
1227 3702 1366 3757 ἀλλά
1398 3704 1490 3756 καὶ
1521 3704 1826 3772 ὑγιαίνουσι
1846 3708 2112 3777 διαλέγον⁴

436 3808 550 3854 ται,
587 3791 681 3842 καὶ
738 3790 885 3843 ἐστιν
931 3791 1114 3854 αὐτοῖς
1165 3789 1343 3862 βιϐλία
1397 3791 1653 3864 τοιαύτης
1699 3796 2107 3866 πραγματείας,

436 3883 546 3942 τοῖς
572 3879 690 3949 μὲν,
722 3879 808 3931 ἵνα
837 3881 935 3950 τῆς
967 3877 1124 3932 νόσου
1179 3879 1591 3946 άπαλλάττωσι,
1626 3884 1734 3956 τοῖς
1762 3883 1838 3947 δὲ,
1893 3884 1980 3936 ἵνα
2011 3886 2110 3955 τὴν

440 3967 628 4033 ὑγείαν
662 3966 1115 4036 διαφυλάττωσιν.
1147 3967 1312 4020 Ὥστε
1371 3969 1417 4018 εἰ
1458 3969 1554 4020 καὶ
1607 3969 1945 4039 ὑγιαίνομεν,
1990 3973 2108 4025 οὐδὲ

437 4054 610 4116 οὕτως
637 4055 938 4124 ἀποστῆναι
969 4055 1157 4126 ἐχρῆν,
1183 4053 1324 4109 ἀλλά
1367 4055 1542 4108 πάντα
1575 4059 1746 4109 ποιεῖν
1767 4057 1904 4111 ὥστε
1930 4060 2110 4132 διατη-

444 4141 668 4214 ρηθῆναι
689 4142 787 4213 τὴν
809 4142 995 4210 ὑγείαν
1022 4145 1172 4213 ἡμῖν.

454 4218 457 4222 ’
508 4235 578 4297 γ’.
606 4232 772 4284 Ὅταν
806 4230 862 4284 δέ
878 4231 970 4284 καὶ
997 4233 1263 4302 νοσῶμεν,
1291 4231 1450 4304 διπλῆ
1486 4233 1594 4287 τῶν
1620 4233 1842 4306 λόγωνὴ
1871 4237 2103 4310 ἀνάγκη·

443 4318 539 4388 μία
579 4318 696 4388 μὲν,
750 4319 1129 4389 ἀπαλλαγῆναι
1166 4322 1262 4388 τῆς
1307 4321 1492 4374 νόσου⁹
1540 4321 1772 4395 δευτέρα
1806 4325 1884 4388 δὲ,
1928 4327 2107 4379 ἀπαλ-

439 4411 700 4476 λαγέντας
753 4410 826 4481 μὴ
879 4414 1195 4480 περιπεσεῖν
1249 4413 1432 4465 πάλιν.
1479 4413 1689 4467 Οὐκοῦν
1734 4415 2106 4487 θεραπευτικῇ

443 4501 649 4570 μεθόδῳ
669 4500 1027 4570 διαλεγόμεθα
1054 4501 1170 4564 νῦν,
1201 4501 1301 4570 ούχ
1323 4503 1535 4574 ύγιεινῇ
1567 4507 1944 4576 πραγματείᾳ.
1980 4507 2107 4570 Πῶς

438 4585 529 4650 οξν
557 4590 622 4643 ἄν
649 4607 732 4652 τις
787 4589 848 4642 τὸ
901 4589 1073 4654 κακὸν
1120 4589 1280 4643 τοῦτο
1327 4593 1576 4660 ἐκκόψειε
1628 4595 1838 4659 πάθος;
1872 4595 1990 4659 πῶς
2017 4594 2107 4648 τὸν

440 4677 664 4749 σφοδρὸν
683 4678 1018 4731 ὑποστείλειε
1051 4690 1071 4718 ε
1110 4680 1378 4750 πυρετόν;
1419 4681 1648 4752 Ἰδωμεν
1682 4681 1844 4735 πόθεν
1888 4683 2104 4753 ἐτέχθη,

439 4765 587 4836 [252]
617 4766 821 4837 καῖτὴν
852 4765 1032 4819 αίτίαν
1066 4767 1363 4838 ἀνέλωμεν,
1390 4768 1559 4822 Πόθεν
1573 4769 1852 4823 τίκτεσθαι
1879 4770 2104 4838 είωθεν;

451 4857 542 4921 Ἐξ
557 4854 864 4921 ἀλαζονείας
882 4859 977 4912 καὶ
992 4858 1249 4923 ἀπονοίας
1264 4841 1708 4932 πολλῇς.Τοιύττὶν
1727 4857 1818 4915 οὖν
1831 4863 2107 4933 ἀνέλωμεν

441 4943 537 5014 τὴν
557 4942 754 5005 αἰτίαν,
779 4944 872 5007 καὶ
906 4945 1272 5015 συνανῄρηται
1291 4947 1466 5000 καὶτὸ
1490 4947 1722 5017 νόσημα.
1739 4949 1804 5002 Τί
1832 4949 1888 5002 δὲ
1913 4952 1945 5021 ή
1973 4951 2106 5004 ἀλαο-

439 5031 650 5098 (aven;
691 5030 858 5084 πόθεν
905 5033 1181 5096 τίκτεται;
1230 5034 1373 5104 τάχα
1411 5034 1524 5106 γὰρ
1579 5035 1744 5090 πάλιν
1783 5039 1867 5108 ἐφ’
1909 5039 2105 5110 ἑτέραν

436 5118 609 5190 ἀρχὴν
655 5117 1042 5189 κινδυνεύομεν
1095 5117 1359 5171 ἀνελθεῖν.
1415 5120 1626 5183 Οὐκοῦν
1679 5123 1752 5193 ἡν
1788 5122 1856 5176 ἂν
1894 5126 1921 5177 ό
1947 5125 2105 5192 λόγος

437 5207 804 5277 ὑφηγήσηται,
849 5207 1055 5284 ταύτην
1135 5205 1463 5278 βαδίζωμεν,
1513 5209 1663 5271 ὅπως
1714 5209 1966 5266 κάτωθεν
2010 5215 2104 5265 καί

437 5291 729 5364 πρόρριζον
758 5293 1079 5366 άνασπασθῇ
1105 5293 1160 5347 τὸ
1193 5295 1384 5348 κακόν.
1419 5294 1594 5351 Πόθεν
1613 5291 1752 5368 οὖνὴ
1787 5296 2102 5366 ἀλαζονεία;

450 5370 544 5433 Ἐκ
565 5381 659 5434 τοῦ
701 5381 775 5452 μὴ
808 5379 1236 5444 ἐπισκέπτεσθαι
1274 5381 1344 5437 τὰ
1386 5383 1655 5456 ἡμέτερα,
1684 5383 1802 5443 ἀλλ’
1831 5385 1971 5456 ὑπὲρ
2006 5388 2106 5458 μὲν

440 5469 652 5547 φύσεως
680 5470 802 5538 γῆς,
855 5469 1032 5523 καίτοι
1056 5470 1156 5522 οὐκ
1182 5469 1341 5533 ὄντας
1363 5459 1666 5548 γεωργοὺς,
1711 5473 2104 5546 πολυπραγμο-

437 5559 570 5620 νεῖν,
611 5555 704 5608 καὶ
729 5556 866 5628 ὑπὲρ
893 5556 1108 5627 φύσεως
1133 5557 1340 5637 φυτῶν,
1363 5557 1457 5615 καὶ
1476 5559 1616 5630 ὑπέρ
1649 5561 1862 5630 φύσεως
1875 5562 2104 5636 χρυσοῦ,

437 5646 617 5698 καίτοι
653 5643 753 5696 οὐκ
774 5643 933 5709 ὄντας
960 5646 1258 5724 ἐμπόρους,
1279 5645 1371 5708 καὶ
1396 5646 1536 5719 ὑπὲρ
1555 5647 1806 5721 ίματίων,
1833 5651 1928 5705 καὶ
1961 5651 2102 5724 ὑπὲρ

506 5811 1322 5896 ἴτ.91ξβιξ,,⁰9ε¹;,ῗξξῖᾦ·.ἀέὶὶἑπως
1346 5822 1440 5896 ῖῶγ
1463 5821 1719 5896 ’ξολιμίαειο
1788 5824 1817 5866 ⁵
1839 5827 1972 5882 Unus
1997 5833 2101 5896 πῶς

438 5873 640 5927 πλοῦτον
663 5873 995 5938 ἐργασόμεθά.’
1044 5879 1067 5909 ⁸
1093 5876 1228 5936 Idem
1251 5873 1456 5946 σφοδρὸν
1478 5873 1828 5940 ὑποσκελίσειι.

1236 437 1294 503 S.
1335 447 1619 505 JUANNIS
1655 447 2109 507 CHRYSOSTOM

2212 447 2509 507 LRCHIEP.
2549 447 3099 508 CONSTANTINOP.
3125 500 3129 503 .

2217 564 2456 618 πάντων·
2473 559 2614 632 ὑπὲρ
2637 563 2694 616 δὲ
2713 563 2868 634 ήμῶν
2883 563 2973 616 καὶ
2991 563 3090 634 τῆς
3106 560 3382 633 ἡμετέρας
3395 564 3612 632 φύσεως
3629 568 3896 638 μηδέποτε

2217 649 2504 721 ἀνέχεσθαι
2557 649 2717 703 τοῦτο
2745 654 2940 704 ποιεῖν.
2990 651 3101 704 Καὶ
3155 650 3239 714 τίς
3269 651 3475 720 ἀγνοεῖ,
3508 655 3662 724 φησὶ,
3688 655 3789 726 τὴν
3817 658 3899 710 oi-

2218 738 2369 792 κείαν
2396 737 2594 808 φύσινς
2635 737 2848 791 Πολλοί·
2879 738 3020 808 τάχα
3051 738 3107 792 δὲ
3129 738 3331 802 πάντες
3363 738 3504 810 πλὴν
3539 741 3740 818 ὀλίγων
3759 759 3775 774 ·
3802 743 3899 796 καὶ

2215 828 2264 879 εἰ
2291 824 2570 896 βούλεσθε,
2607 824 2860 878 ἐντεῦθεν
2916 826 3130 896 ποιήσω
3171 824 3263 878 τὸν
3305 824 3548 896 ἔλεγχον.
3594 827 3734 882 Εἰπέ
3787 828 3900 901 γάρ

2217 931 2330 982 μοι,
2359 912 2414 966 τί
2430 912 2561 965 ποτέ
2583 914 2731 965 ἐστιν
2752 912 3037 980 ἄνθρωπος
3059 930 3073 976 ;
3097 911 3164 964 EI
3185 929 3270 974 τις
3297 911 3621 984 ἐρωτηθείη,
3646 915 3765 968 Τίνι
3788 916 3900 971 τῶν

2214 998 2424 1066 ἀλόγων
2446 997 2719 1068 διέστηκε,
2745 997 2863 1060 πῶς
2898 997 3171 1067 συγγενής
3197 999 3314 1050 ἐστι
3344 997 3453 1053 τῶν
3491 999 3550 1052 ἐν
3579 1000 3820 1072 οὐρανῷ,
3844 1003 3900 1054 τί

2213 1084 2436 1139 δύναται
2492 1083 2553 1150 ἐξ
2584 1082 2872 1155 ἀνθρώπου
2919 1082 3218 1151 γενέσθαι;
3270 1085 3345 1156 μὴ
3392 1085 3680 1159 δυνήσεται
3709 1079 3771 1153 ἐξ
3805 1089 3901 1151 ερ-

2215 1172 2366 1236 θείας
2415 1171 2820 1244 ἀποκριθῆναι;
2897 1171 3012 1224 Οὐκ
3050 1170 3228 1239 ἔγωγε
3266 1167 3442 1242 οἶμαι.
3476 1173 3746 1246 Καθάπερ
3786 1176 3901 1248 γὰρ

2213 1262 2307 1314 ἐπὶ
2335 1260 2466 1331 ὕλης
2503 1261 2668 1324 τινὸς,
2697 1260 2842 1314 οὕτω
2873 1260 2969 1312 καὶ
3013 1260 3107 1312 ἐπὶ
3132 1257 3423 1329 ἀνθρώπου
3446 1260 3507 1314 τὺ
3538 1261 3638 1332 μὲν
3667 1262 3902 1317 ὑποκεί-

2216 1365 2378 1417 μενον
2404 1348 2691 1419 ἅνθρωπος
2714 1365 2727 1377 ο
2768 1347 2992 1400 δύναται
3035 1347 3093 1400 δέ
3123 1346 3385 1415 γενέσθαι
3413 1349 3509 1402 καὶ
3546 1350 3779 1418 ἄγγελος
3805 1351 3904 1404 καὶ

2212 1434 2420 1505 θηρίον.
2451 1431 2598 1503 ’Δρα
2619 1436 2680 1488 ού
2712 1436 2863 1489 δοκεῖ
2895 1434 3047 1499 ξένος
3068 1430 3209 1488 εἶναι
3228 1435 3257 1486 ό
3284 1435 3446 1504 λόγος
3463 1428 3654 1504 οὗτοςς
3699 1439 3899 1491 Καίτοι

2215 1522 2473 1585 πολλάκις
2495 1521 2657 1575 αὑτὸν
2683 1523 2740 1574 ἐν
2767 1523 2885 1584 ταῖς
2916 1521 2954 1573 Γ
2961 1524 3159 1592 ραφαῖς
3187 1521 3482 1591 ἠκούσατε.
3513 1524 3652 1593 Περὶ
3671 1524 3771 1593 μὲν
3789 1526 3902 1596 γάρ

2211 1627 2374 1663 τινων
2398 1609 2699 1682 ἀνθρώπων
2725 1609 3072 1678 ἐλέγετο,ὃτι
3119 1610 3404 1678 Ἀγγελος
3454 1611 3675 1679 Κυρίου
3731 1613 3899 1666 ἐστι·

2211 1697 2312 1752 καὶ
2337 1701 2406 1752 ἐκ
2435 1746 2447 1752 -
2461 1698 2732 1768 χειλέων,
2785 1697 2961 1766 φησί,
3024 1696 3234 1759 αὐτοῦ,
3272 1695 3607 1763 ζητήσουσι
3651 1701 3898 1767 κρίσιν·

2215 1787 2311 1840 καὶ
2341 1786 2523 1842 πάλιν·
2561 1785 2948 1840 Ἀποστέλλω
2980 1785 3085 1838 τὸν
3121 1785 3383 1854 ἄγγελόν
3404 1802 3525 1854 μου
3571 1784 3684 1854 πρὸ
3717 1802 3906 1855 πρεσ-

2209 1876 2376 1928 ,ώπου
2410 1891 2562 1929 σου·
2621 1875 2750 1944 περὶ
2786 1873 2843 1926 δέ
2889 1890 3075 1936 τινων,
3108 1874 3334 1942 Ὀφεις,
3379 1872 3725 1943 γεννήματα
3779 1875 3904 1944 ἐχι-

2211 1959 2390 2014 δνῶν.
2432 1960 2633 2014 Λοιπὸν
2666 1961 2731 2030 δὴ
2764 1959 2916 2032 παρά
2946 1961 3073 2022 τοὺς
3110 1959 3429 2030 χρωμένους
3453 1961 3514 2013 τὸ
3550 1962 3660 2014 πᾶν
3675 1961 3904 2016 δύναται

2211 2050 2466 2118 γενέσθαι
2509 2050 2604 2102 καὶ
2649 2047 2904 2117 ἄγγελος,
2938 2046 3342 2118 καὶᾶνθρωπος
3367 2061 3413 2102 ι.
3452 2048 3519 2101 Τί
3541 2048 3705 2116 λέγω,
3735 2051 3905 2118 ἀγγε-

2211 2137 2300 2200 λος
2325 2154 2338 2202 ;
2367 2137 2475 2190 Καὶ
2501 2135 2638 2189 Θεοῦ
2665 2136 2856 2189 τέκνον
2875 2151 2890 2165 ο
2910 2133 3057 2202 Ἐγὼ
3084 2135 3196 2206 γάρ
3214 2131 3376 2201 εἷπα,
3403 2136 3560 2206 φησὶ,
3581 2137 3715 2191 Θεοί
3735 2138 3903 2202 ἐστε,

2218 2224 2314 2277 καί
2344 2223 2460 2278 vlo!
2499 2223 2798 2292 ’Υψίστου
2830 2220 3074 2288 πάντες.
3107 2223 3216 2274 Καὶ
3264 2221 3325 2274 τὸ
3363 2222 3426 2292 δὴ
3457 2223 3661 2294 μεῖζον,
3689 2225 3776 2278 ὅτι
3800 2225 3904 2279 τοῦ

2213 2311 2468 2379 γενέσθαι
2507 2313 2603 2364 καὶ
2641 2310 2763 2374 θεὸς
2807 2310 2902 2363 καὶ
2956 2307 3190 2377 ἄγγελος
3231 2310 3324 2363 καὶ
3379 2309 3518 2363 Θεοῦ
3564 2310 3762 2365 τέκνον
3802 2313 3904 2384 τὴν

2213 2399 2460 2464 ἐξουσίαν
2492 2398 2659 2462 αὑτὸς
2688 2398 3115 2468 ἐγκεχείρισται.
3143 2397 3254 2450 Καὶ
3281 2396 3429 2451 ἐστιν
3474 2395 3766 2468 ἄνθρωπος
3801 2401 3905 2468 ἁγ-

2212 2485 2369 2554 γέλου
2425 2485 2779 2556 δημιουργός.
2830 2485 2990 2555 Τάχα
3050 2484 3199 2554 ὑμᾶς
3249 2483 3557 2556 ἐθορύϐησε
3607 2485 3671 2538 τὸ
3703 2485 3901 2557 ρἧα;

2225 2573 2365 2626 Ἀλλ’
2396 2573 2625 2627 ἀκούετε
2650 2571 2744 2626 τοῦ
2779 2571 3019 2643 Χριστοῦ
3049 2571 3330 2640 λέγοντοςο
3377 2572 3476 2626 Ἐν
3514 2571 3589 2641 τῇ
3631 2573 3903 2629 ἀναστά-

2210 2676 2303 2714 σει
2323 2663 2464 2716 οῦτε
2486 2660 2786 2731 γαμοῦσιν
2808 2661 2948 2714 οὔτε
2978 2661 3394 2729 γαμίσκονται,
3429 2661 3571 2716 ἀλλ’
3613 2663 3775 2717 εἰσιν
3818 2663 3904 2729 ὠς

2212 2747 2472 2817 ἄγγελον
2510 2748 2604 2802 καὶ
2629 2746 2814 2811 πάλιν,
2867 2747 2929 2800 '0
2960 2746 3299 2816 δυνάμενος
3364 2747 3579 2818 χωρεῖν
3614 2751 3898 2820 χωρείτω.

2215 2836 2393 2896 Ὅλως
2431 2835 2489 2888 δέ
2543 2837 2576 2906 ἡ
2630 2833 2804 2906 ἀρετὴ
2837 2833 3104 2904 αγγέλους
3159 2837 3335 2888 ποιεῖ·
3382 2835 3591 2908 ταύτης
3635 2837 3692 2891 δέ
3735 2840 3902 2910 ἡμεῖς

2211 2924 2424 2994 κύριοιο
2457 2923 2566 2993 ἀρα
2619 2922 2884 2991 ἀγγέλους
2937 2920 3216 2993 δυνάμεθα
3265 2922 3644 2995 δημιουργεῖν,
3677 2924 3785 2979 κᾶν
3817 2927 3899 3000 μὴ

2211 3016 2277 3085 τῇ
2307 3013 2489 3082 φύσει,
2517 3010 2654 3066 ἀλλὰ
2681 3013 2746 3083 τῇ
2773 3012 3108 3082 προαιρέσει.
3133 3011 3352 3082 Ταύτης
3375 3012 3475 3083 μὲν
3497 3012 3607 3087 γάρ
3623 3014 3899 3087 ἀπούσης,

2210 3084 2361 3153 ούδέν
2385 3099 2578 3170 ὄφελος
2606 3097 2840 3168 ἄγγελον
2871 3093 3013 3151 εἶναι
3059 3097 3160 3170 τὴν
3202 3097 3395 3169 φύσιν·
3426 3099 3524 3154 καὶ
3539 3084 3693 3172 δηλοῖ
3722 3104 3751 3155 ό
3773 3084 3900 3158 διά-

2212 3188 2366 3252 δολος
2385 3187 2542 3241 τοῦτο
2567 3186 2642 3241 ὣν
2660 3187 2768 3252 πρὸ
2787 3185 2982 3240 τούτου
3007 3203 3018 3214 °
3050 3186 3256 3258 ταύτης
3290 3187 3347 3241 δέ
3392 3187 3699 3260 παρούσης,
3740 3190 3899 3245 οὐδὲν

2214 3277 2409 3348 βλάϐος
2435 3275 2722 3347 ἄνθρωπον
2751 3269 2894 3329 εἶναι
2915 3276 3017 3348 τὴν
3051 3276 3214 3344 φύσιν
3239 3294 3253 3309 ·
3285 3278 3382 3331 καὶ
3425 3277 3579 3346 δηλοῖ
3638 3279 3898 3352 Ἰωάννης

2208 3364 2497 3434 ἄνθρωπος
2523 3362 2619 3427 ὢν,
2649 3363 2744 3417 καὶ
2785 3361 2972 3426 Ἠλίας
3000 3365 3079 3426 εἰς
3099 3363 3192 3416 τὸν
3223 3362 3452 3434 οὐρανὸν
3485 3363 3749 3429 ἀνελθὼν,
3775 3368 3899 3422 ’καὶ

2211 3453 2410 3516 πάντες
2438 3453 2487 3505 οί
2530 3451 2815 3524 μέλλοντες
2845 3452 3070 3506 ἀπιέναι
3105 3454 3241 3507 ἐκεῖ.
3276 3444 3435 3506 Οὗτοι
3467 3453 3569 3526 μέν
3595 3453 3706 3525 γάρ
3755 3456 3900 3525 μετά

2212 3539 2464 3610 σώματος
2493 3540 2595 3593 ούκ
2624 3538 2985 3611 ἐκωλύθησαν
3010 3541 3102 3594 τὸν
3131 3541 3358 3613 ούρανδν
3393 3545 3565 3601 οἰκεῖν
3588 3561 3600 3574 ο
3621 3545 3820 3597 ἐκεῖνοι
3839 3545 3898 3599 δὲ

2209 3628 2493 3699 ἀσώματοι
2523 3629 2695 3695 ὄντες,
2718 3629 2818 3682 οὐκ
2845 3629 3193 3701 ἠδυνήθησαν
3223 3631 3402 3701 μεῖναι
3432 3632 3490 3688 ἐν
3513 3631 3749 3703 οὐρανῷ.
3773 3635 3898 3706 Mq-

2212 3718 2322 3780 δεῖς
2352 3717 2529 3771 τοίνυν
2581 3716 2816 3786 άλγείτω
2853 3716 2990 3787 μηδὲ
3022 3717 3405 3786 άγανακτείτω
3427 3719 3456 3758 h
3489 3720 3625 3792 πρὸς
3654 3720 3753 3792 τὴν
3787 3721 3897 3791 φύ-

2210 3824 2295 3860 σιν
2337 3807 2410 3870 ὡς
2431 3806 2851 3878 ἐμποδίζουσαν,
2889 3805 3022 3859 ἀλλὰ
3047 3805 3185 3878 πρὸς
3218 3805 3316 3878 τὴν
3348 3807 3692 3879 προαίρεσιν.
3737 3811 3900 3866 Λέων

2209 3896 2415 3960 ἐκεῖνος
2439 3895 2656 3964 ἐγένετο
2692 3893 2752 3960 ἐξ
2773 3894 3101 3965 άσωμάτου’
3140 3895 3273 3949 Ἰδοὺ
3326 3897 3458 3966 γὰρ,
3517 3899 3672 3968 φησὶ,
3705 3899 3759 3952 Ὁ
3799 3903 3899 3971 ἐχ.

2209 3984 2348 4051 01045;-
2378 3982 2546 4053 ἡμῶν
2581 3983 2661 4049 ὡς
2691 3981 2852 4036 ,λέων
2889 3981 3228 4051 ὼρυόμενος
3266 3984 3663 4053 περιέρχεται,
3707 3986 3897 4056 ζητῶν

2211 4074 2345 4125 τίνα
2375 4073 2663 4139 καταπίῃ·
2689 4073 2850 4142 ἡμεῖς
2882 4069 3105 4138 ἄγγελοι
3144 4071 3254 4124 ἀπὸ
3300 4072 3592 4143 σωμάτων.
3625 4075 3896 4148 Καθάπερ

2209 4161 2318 4232 γὰρ
2346 4160 2499 4224 εἴτις
2532 4159 2668 4231 ὓλην
2694 4154 2873 4230 εὑρὼν
2925 4158 3242 4230 πολύτιμον,
3275 4159 3374 4213 οὐκ
3415 4159 3491 4214 ὣν
3522 4163 3794 4234 τεχνίτης,
3828 4167 3896 4221 ἂν

2209 4249 2601 4321 καταφρονήσῃ
2629 4248 2831 4318 ταύτης
2861 4246 3034 4320 [255],
3057 4247 3306 4319 μεγάλως
3327 4249 3756 4324 ζημιωθήσεται,
3778 4249 3896 4311 οἷον

2208 4337 2241 4406 ἢ
2274 4337 2639 4408 μαργαρίτας,
2665 4336 2698 4405 ἢ
2732 4336 2945 4405 κόχλον,
2982 4337 3015 4406 ἡ
3041 4335 3228 4406 ἐτερόν
3270 4353 3324 4389 τι
3358 4338 3601 4392 τοιοῦτον
3624 4356 3637 4368 ·
3665 4341 3808 4395 οὓτω
3826 4345 3893 4417 δὴ

2209 4425 2302 4476 καὶ
2329 4426 2488 4494 ἡμεῖς
2517 4424 2612 4476 ἐὰν
2635 4423 2996 4494 ἀγνοήσωμεν
3026 4424 3123 4496 τήν
3147 4425 3425 4498 ἡμετέραν
3459 4426 3643 4496 φύσιν,
3678 4430 3890 4502 σφόδρα

2206 4512 2378 4581 αὑτῆς
2398 4511 2888 4582 καταφρονήσομεν
2909 4528 2922 4541 ·
2943 4511 3010 4565 ἂν
3059 4512 3115 4565 δὲ
3160 4513 3398 4584 γνῶμεν,
3456 4515 3656 4587 πολλὴν
3684 4517 3889 4572 ἐπιδει-

2209 4597 2412 4668 ξόμεθα
2436 4599 2696 4674 σπουδὴν,
2730 4600 2826 4653 καὶ
2873 4598 2943 4652 τά
2992 4601 3227 4671 μέγιστα
3279 4603 3712 4675 καρπωσόμεθα.
3757 4607 3892 4662 Ἀπὸ

2207 4687 2315 4756 γάρ
2329 4685 2530 4756 ταύτης
2559 4686 2775 4756 ἰμάτιον
2799 4687 3008 4756 γίνεται
3040 4687 3338 4758 βασιλικὸν,
3373 4691 3480 4744 ἀπὸ
3507 4693 3714 4765 ταύτης
3740 4695 3892 4751 οἰκία

2207 4773 2416 4841 γίνεται
2449 4773 2725 4845 βασιλικὴ,
2753 4775 2863 4828 ἀπὸ
2906 4775 3110 4845 ταύτης
3155 4776 3292 4847 μέλη
3336 4777 3550 4845 γίνεται
3596 4779 3887 4850 βασιλικά·

2207 4861 2384 4914 πάντα
2415 4860 2670 4931 βασιλικά
2694 4873 2742 4916 ε.
2770 4863 2863 4932 Μὴ
2894 4861 2960 4934 δὴ
2983 4864 3457 4935 καταχρησὼμεθα
3486 4868 3566 4930 εἰς
3598 4867 3886 4951 βλάϐηντῇ

2205 4949 2379 5021 οἰκείᾳ
2402 4948 2582 5017 φύσει.
2609 4949 2794 5020 Βραχύ
2825 4967 2878 5002 τι
2923 4951 3054 5022 παρ’
3101 4951 3370 5020 ἀγγέλους
3403 4956 3554 5024 ἡμᾶς
3578 4948 3886 5026 ἠλάττωσε,

2205 5035 2281 5106 τῷ
2301 5037 2514 5108 θανάτῳ
2534 5037 2696 5105 λέγωο
2731 5038 2868 5092 ἀλλὰ
2889 5030 2988 5092 καὶ
3021 5037 3180 5093 τοῦτο
3210 5040 3669 5113 άπειλὴφαμεντὺ
3686 5043 3882 5116 βραχύ.

2207 5124 2369 5177 Οὐδὲν
2399 5121 2489 5179 οὖν
2519 5125 2579 5178 τὸ
2603 5123 2813 5178 κωλύον
2843 5127 2990 5197 ήμᾶς
3023 5127 3272 5195 ἀγγέλων
3294 5129 3549 5198 γενέσθαι
3580 5131 3771 5199 ἐγγὺς,
3816 5133 3887 5189 ἂν

2206 5210 2466 5280 θέλωμεν.
2491 5211 2822 5283 Θελήσωμεν
2839 5214 3040 5278 τοίνυν,
3065 5214 3407 5287 θελήσωμεν,
3430 5216 3526 5270 καὶ
3549 5215 3884 5290 ἐξασκήσαν-

2204 5315 2295 5362 τες
2327 5301 2554 5364 ἑαυτοὺς
2575 5299 2734 5365 δόξαν
2762 5301 3180 5372 ἀναπέμψωμεν
3205 5302 3283 5374 τῷ
3325 5304 3505 5373 Πατρί
3529 5303 3626 5358 καὶ
3653 5304 3732 5376 τῷ
3766 5307 3884 5384 Υίῴ

2205 5390 2298 5441 καὶ⁴
2323 5389 2399 5460 τῷ
2431 5389 2571 5459 ἁγίῳ
2604 5388 2905 5460 Πνεύματι,
2931 5388 3027 5444 νῦν
3057 5391 3152 5445 καὶ
3178 5391 3287 5460 ἀεὶ,
3322 5393 3416 5446 καὶ
3439 5393 3521 5458 είς
3536 5393 3661 5458 τοὺς
3677 5394 3885 5461 αἰῶνας

2204 5475 2312 5528 τῶν
2341 5475 2553 5530 αίώνων
2593 5476 2786 5546 Ἀμήν.

2268 5775 2510 5844 (μοι-ει.
2545 5779 2624 5844 καὶ
2653 5778 2876 5844 Θεὸς-καὶ
2915 5781 3178 5844 ἄνθρωπος,
3220 5782 3368 5832 male.
3435 5781 3465 5822 b
3485 5779 3572 5831 Sic
3594 5779 3791 5844 quidam
3819 5787 3880 5838 οι

2205 5835 2387 5912 ξενίῃ
2434 5838 2606 5912 Ιιοζοί.
2652 5835 2856 5912 mam
2879 5835 3088 5912 ιεοιρω.
3147 5835 3184 5874 ἐ
3217 5844 3582 5912 γενειπάχτοι
3613 5835 3881 5912 ’βασιλικοῖζ

2209 5911 2239 5946 ο
2271 5898 2422 5950 tribus
2443 5902 2582 5953 codd.
2617 5908 2669 5952 et
2701 5898 2856 5968 marg.
2893 5905 3047 5957 Savil.
3087 5913 3290 5973 recepta
3317 5898 3450 5956 ευοι.
3499 5898 3632 5957 Em;
