4082 6512
175 502 274 558 237
929 547 932 549 λ
1124 488 1187 542 ΙΝ
1235 483 1410 542 ACTA
1457 477 1784 538 Al‘OSTOLl

1895 475 1986 532 ῘΜ.
2036 473 2264 529 ΙΥΟΜΙΙ..
2313 471 2527 528 XXXII.

173 609 321 664 randi
355 605 588 672 vulnus,
618 605 719 660 nisi
752 603 1066 673 frequenter
1094 605 1414 669 apponatur,
1447 603 1614 650 totum
1648 607 1772 661 per-

171 699 266 752 dit.
317 697 398 753 Ne
427 697 627 768 putetis
659 709 752 751 vos
781 692 1131 749 condemnari
1178 706 1244 746 ex
1282 687 1547 758 frequenti
1592 685 1775 752 lnqus-

174 790 315 845 niodi
364 791 618 847 oratione
665 807 680 844 :
721 789 765 844 si
813 789 956 843 enim
1007 801 1103 841 vos
1152 784 1606 844 condemnarem,
1667 791 1774 830 non

173 885 534 939 concionarcr
567 901 581 938 :
615 899 758 938 nunc
787 897 915 937 vero
941 887 1222 950 sperantes
1250 891 1346 930 vos
1374 874 1604 928 multum
1649 870 1777 923 hinc

176 975 479 1032 lucraturos
507 991 662 1043 esse,
693 977 808 1030 haec
837 974 1128 1044 loquimur.
1163 970 1377 1026 Utinam
1411 973 1669 1036 perpetuo
1712 961 1779 1015 de

177 1066 360 1122 iisdem
392 1067 746 1138 loqueremur
777 1082 788 1119 :
827 1069 1028 1121 utinam
1068 1063 1210 1118 nulla
1242 1067 1385 1116 esset
1423 1059 1528 1112 alia
1556 1055 1772 1110 concio-

176 1159 332 1213 nandi
361 1159 582 1214 occasio
607 1159 692 1213 vel
723 1173 850 1214 cura
877 1199 891 1222 ,
926 1170 1087 1226 quam
1116 1152 1390 1223 quomodo
1419 1149 1547 1203 vitia
1593 1154 1777 1201 nostra

175 1265 514 1320 superemus.
561 1251 846 1318 Quomodo
890 1250 1035 1304 enim
1080 1262 1187 1302 non
1234 1244 1530 1300 absurdum
1578 1240 1777 1305 fuerit,

175 1341 388 1411 regibus
422 1344 476 1397 in
510 1342 720 1398 deliciis
752 1341 1084 1406 viventibus,
1117 1346 1172 1394 et
1203 1346 1351 1392 tanto
1374 1336 1579 1390 honore
1599 1375 1615 1397 ,
1646 1330 1780 1385 nihil

174 1431 312 1486 aliud
363 1448 515 1488 cura:
549 1448 671 1488 esse
701 1433 781 1487 vel
816 1433 867 1487 in
902 1446 1083 1494 mensa
1106 1471 1121 1496 ,
1155 1429 1238 1484 vel
1269 1429 1377 1482 alio
1406 1426 1599 1497 quovis
1641 1434 1780 1479 tem-

175 1535 335 1590 pore,
363 1539 534 1593 quam
579 1524 853 1595 quomodo
888 1523 1131 1578 inimicos
1158 1522 1372 1575 vincere
1404 1525 1683 1588 oporteat,
1727 1524 1782 1570 et

175 1628 230 1665 ea
261 1613 328 1668 de
353 1629 523 1670 causa
554 1616 791 1686 quotidie
816 1624 1118 1670 conventus
1145 1627 1308 1684 agere
1328 1654 1342 1678 ,
1376 1611 1541 1666 duces
1580 1624 1642 1664 ac
1683 1609 1783 1662 mi-

175 1702 291 1759 lites
316 1706 597 1777 adlegere,
633 1707 827 1762 tributa
869 1707 1122 1777 exigere;
1165 1714 1219 1758 et
1249 1703 1302 1758 in
1331 1701 1581 1756 civilibus
1621 1699 1781 1754 rebus

180 1795 272 1851 bas
302 1798 442 1854 duas
475 1808 685 1853 tantum
716 1814 802 1854 res
833 1795 1170 1853 necessarias
1199 1809 1320 1849 esse
1342 1804 1534 1864 putare
1560 1835 1573 1858 ,
1601 1800 1658 1846 ut
1682 1791 1782 1846 ini-

176 1890 293 1944 niici
345 1892 672 1959 vincantur,
702 1900 758 1947 et
797 1894 880 1947 sui
913 1893 965 1945 in
994 1906 1124 1961 pace
1152 1889 1346 1959 degant
1374 1905 1386 1940 :
1417 1901 1517 1942 nos
1545 1900 1674 1941 vero
1714 1900 1782 1939 ne

177 1998 268 2051 per
306 1985 588 2039 somnium
616 1985 834 2055 quidem
861 1985 929 2041 de
960 1985 1044 2039 his
1076 1992 1305 2039 tractare
1330 2024 1343 2042 .
1384 1981 1480 2036 sed
1509 1979 1782 2050 quomodo

177 2089 357 2144 agrum
405 2087 692 2143 amamus,
739 2076 1011 2147 quomodo
1054 2089 1272 2138 servos,
1330 2071 1603 2143 quomodo
1651 2085 1782 2139 epes

178 2183 468 2238 augeamus
495 2211 510 2236 ,
545 2170 788 2240 quotidie
816 2169 934 2224 sine
962 2182 1162 2223 nausea
1193 2180 1479 2227 curemus;
1521 2163 1587 2218 de
1618 2162 1783 2217 rebus

177 2269 350 2313 autem
385 2261 592 2315 nostris
622 2271 676 2316 et
708 2275 834 2316 vere
860 2259 1060 2314 nostris
1088 2273 1187 2313 nec
1213 2256 1390 2327 loqui,
1425 2270 1599 2326 neque
1649 2255 1783 2308 alios

178 2348 415 2406 dicentes
446 2353 639 2407 audire
671 2352 933 2406 velimus?
965 2352 1082 2420 Qua
1110 2351 1175 2405 de
1208 2366 1265 2404 re
1290 2363 1420 2418 ergo
1448 2348 1526 2401 vis
1548 2347 1783 2401 dissera-

181 2443 296 2496 tur?
319 2457 387 2497 an
418 2444 490 2498 tle
524 2444 786 2514 prandio?
815 2443 921 2499 Sed
954 2444 1068 2497 hare
1095 2441 1166 2496 ad
1189 2457 1392 2510 coquos
1425 2439 1581 2494 verba
1619 2438 1784 2508 perti-

180 2543 321 2588 nent.
357 2535 442 2590 An
472 2535 543 2591 de
573 2536 850 2606 pecuniis?
879 2534 990 2591 Sed
1015 2534 1130 2588 haec
1157 2533 1545 2603 negotiantium
1580 2542 1704 2584 sunt
1729 2539 1782 2584 et

179 2637 562 2682 mercatorum.
589 2632 670 2682 An
693 2628 760 2683 de
781 2628 1062 2683 aediliciis?
1085 2625 1191 2682 Sed
1223 2626 1338 2679 haec
1360 2623 1780 2679 architectorum

180 2727 229 2768 et
258 2716 580 2774 latomorum
613 2728 760 2774 sunt.
787 2721 866 2773 An
890 2718 958 2774 de
986 2718 1172 2775 terra?
1200 2717 1306 2772 Sed
1337 2716 1452 2771 hac
1483 2715 1549 2768 ad
1579 2714 1784 2784 agrico-

181 2807 274 2862 las.
297 2809 466 2866 Nobis
492 2827 623 2867 vero
644 2812 850 2866 nullum
874 2810 1018 2866 aliud
1039 2820 1124 2866 est
1143 2824 1296 2880 opus,
1329 2824 1487 2878 quam
1512 2806 1783 2878 quomodo

182 2899 389 2957 divitias
421 2919 677 2973 paremus
716 2907 931 2958 animas.
987 2902 1065 2958 Ne
1104 2899 1582 2973 ergoAfastidiosus
1627 2896 1783 2951 vobis

183 3003 356 3046 sermo
389 2995 480 3049 sit.
513 2993 626 3048 Cur
654 2995 797 3050 enim
827 2995 1008 3049 nullus
1047 2969 1283 3048 accusa?
1300 2991 1566 3045 medicum
1594 3030 1606 3053 ,
1638 2988 1781 3058 quod

184 3096 390 3153 semper
413 3087 482 3143 de
513 3088 781 3142 medicina
808 3088 1090 3158 loquatur,
1117 3101 1292 3156 neque
1323 3085 1460 3139 alios
1503 3084 1740 3138 artiiices
1761 3126 1776 3150 ,

183 3178 316 3246 quod
353 3180 420 3234 de
464 3189 585 3235 arte
617 3195 711 3235 sua
739 3181 1046 3236 disserant?
1071 3180 1124 3237 Si
1157 3196 1387 3249 namque
1429 3180 1553 3233 vitia
1599 3194 1670 3232 no
1702 3186 1780 3231 tra

183 3267 254 3322 sic
291 3269 496 3327 domita
533 3281 754 3340 essent,
791 3283 850 3328 ut
880 3288 988 3328 non
1017 3274 1153 3328 ultra
1183 3273 1403 3326 monitis
1448 3286 1586 3341 opus
1618 3270 1784 3325 habe-

187 3370 328 3429 rent,
354 3364 479 3432 jure
511 3364 638 3434 quis
661 3380 759 3420 nos
785 3365 1080 3429 incusaret,
1107 3364 1250 3434 quod
1274 3365 1342 3417 ad
1368 3362 1780 3417 ostentationem

187 3450 322 3519 loqui
353 3456 662 3520 vellemus;
711 3457 820 3511 imo
851 3472 1024 3526 neque
1052 3457 1153 3512 sic.
1184 3454 1314 3509 Nam
1355 3454 1566 3509 etiamsi
1595 3469 1783 3511 emeno

187 3543 298 3599 data
326 3559 538 3615 essent,
568 3549 649 3606 sic
677 3565 893 3619 quoque
922 3548 1247 3604 monendum
1275 3559 1452 3613 esset,
1477 3563 1545 3603 ne
1579 3547 1786 3603 recide-

189 3648 376 3693 remus.
409 3641 853 3696 Etenim-medici
887 3655 991 3694 non
1019 3655 1192 3710 aegros
1223 3649 1426 3692 tantum
1451 3679 1465 3700 ,
1495 3637 1590 3692 sed
1620 3638 1783 3692 etiam

191 3726 314 3784 bene
334 3731 583 3787 valentes
611 3734 979 3803 alloquuntur,
1007 3733 1281 3802 librosque
1311 3731 1510 3786 habent
1533 3745 1699 3799 super
1721 3745 1785 3786 ea

191 3835 276 3885 re,
323 3836 377 3877 ut
416 3836 469 3880 et
528 3825 748 3881 morbos
793 3834 1015 3887 curent,
1059 3834 1114 3879 et
1157 3823 1515 3878 valetudinem
1547 3831 1785 3878 servent.

192 3909 358 3981 Itaque
386 3919 485 3971 etsi
533 3918 650 3971 sani
693 3931 970 3982 essemus,
1005 3931 1178 3985 neque
1210 3917 1287 3970 sic
1327 3915 1592 3969 absistere
1628 3928 1789 3983 opor—

195 4013 316 4059 teret
336 4048 352 4072 ,
384 4010 479 4065 sed
517 4009 699 4062 omnia
730 4010 908 4063 facere
939 4017 996 4062 ut
1024 4007 1388 4062 valetudinem
1418 4020 1785 4060 servaremus.

257 4096 306 4148 3.
327 4097 644 4169 Arrogantia
659 4099 912 4168 quomodo
928 4099 1156 4151 curanda
1181 4099 1266 4162 sit,
1283 4108 1328 4150 et
1348 4097 1482 4150 unde
1497 4097 1788 4150 oriatur.—

193 4184 318 4242 Cum
343 4199 530 4245 autem
558 4201 878 4260 aegrotamus
899 4232 914 4254 ,
945 4189 1142 4258 duplex
1169 4197 1253 4242 est
1279 4187 1567 4242 verborum
1599 4203 1789 4245 neces-

195 4279 346 4348 sitas,
380 4293 491 4340 tum
531 4293 585 4337 ut
612 4300 640 4338 a
671 4284 860 4338 morbo
888 4284 1202 4348 liberemur,
1234 4293 1344 4335 tum
1369 4291 1425 4335 ιιι
1453 4275 1689 4346 liberati,
1717 4298 1784 4337 ne

196 4388 394 4430 rursum
444 4375 770 4431 incidamus.
819 4376 962 4446 Ergo
1013 4374 1234 4430 curandi
1287 4375 1599 4428 methodum
1648 4391 1789 4429 nunc

197 4473 496 4536 tractamus,
539 4482 639 4523 nec
659 4469 727 4524 de
747 4469 976 4523 sanitate
1002 4468 1197 4537 agitur.
1223 4466 1506 4533 Quomodo
1527 4467 1648 4538 quis
1675 4483 1788 4521 ma-

198 4553 303 4609 lum
344 4557 444 4615 hoc
491 4560 686 4614 vitium
733 4559 1054 4615 exscindat?
1096 4557 1368 4629 quomodo
1411 4558 1787 4614 vehementem

197 4645 338 4702 sedet
371 4649 624 4707 febrem?
664 4650 954 4706 Videamus
988 4650 1133 4707 unde
1173 4661 1290 4706 orta
1337 4652 1442 4716 sit,
1475 4659 1530 4706 et
1571 4665 1787 4706 causam

199 4735 456 4796 tollamus.
488 4740 650 4797 Unde
674 4742 801 4800 oriri
831 4743 1012 4796 solet?
1042 4742 1121 4796 Ex
1153 4739 1458 4812 arrogantia
1487 4751 1543 4796 et
1581 4751 1791 4798 tumore

201 4829 374 4883 multo.
413 4831 570 4886 lianc
599 4847 731 4902 ergo
765 4847 983 4888 causam
1027 4833 1310 4898 tollamus,
1346 4835 1676 4902 morbusque
1701 4849 1793 4889 su-

204 4916 360 4976 blatus
389 4926 512 4978 erit.
547 4923 684 4990 Quid
710 4933 794 4980 est
813 4925 1154 4994 arrogantia?
1187 4925 1328 4980 unde
1358 4927 1629 4980 nascitur?
1651 4927 1790 4982 forte

203 5023 417 5082 namque
435 5016 555 5084 jam
584 5015 730 5070 aliud
756 5017 1079 5086 principium
1102 5016 1251 5070 adire
1278 5017 1664 5086 periclitamur.
1695 5017 1795 5087 lgi-

206 5109 283 5155 tur
304 5119 456 5174 quam
484 5121 674 5162 sermo
699 5107 956 5163 indicabit
987 5108 1126 5162 viam
1154 5150 1168 5174 ,
1201 5109 1344 5163 illam
1377 5123 1688 5180 sequemur,
1735 5119 1794 5163 ut

205 5195 389 5253 malum
418 5200 683 5256 radicitus
721 5201 1034 5256 evellamus.
1074 5200 1230 5257 Unde
1260 5217 1391 5273 ergo
1431 5203 1605 5257 oritur
1640 5218 1794 5257 arru-

207 5288 402 5353 gantia?
431 5292 508 5347 Ex
546 5305 615 5347 eo
633 5333 648 5355 ,
676 5291 819 5362 quod
844 5301 1028 5347 nostra
1052 5307 1158 5346 non
1192 5293 1535 5362 exploremus
1561 5309 1575 5356 ;
1605 5292 1699 5348 sed
1727 5293 1796 5349 de

209 5386 380 5436 natura
410 5383 630 5454 quidem
663 5391 819 5438 terra:
840 5425 856 5451 ,
903 5385 1005 5439 etsi
1036 5384 1288 5454 agricola:
1320 5399 1424 5438 non
1455 5385 1624 5439 simus
1644 5427 1659 5451 ,
1703 5400 1797 5440 cu-

213 5468 339 5528 riose
365 5477 729 5546 inquiramus,
755 5485 812 5532 et
840 5476 909 5533 de
935 5486 1124 5531 natura
1156 5477 1478 5546 plantarum,
1507 5477 1576 5532 de
1606 5488 1795 5530 natura

213 5565 314 5616 auri
338 5604 352 5628 .
379 5569 477 5622 etsi
521 5576 859 5624 mercatores
892 5583 998 5623 non
1037 5569 1206 5624 simus
1232 5610 1245 5634 ,
1295 5570 1364 5624 de
1411 5569 1750 5624 vestimentis
1776 5609 1791 5635 ,

214 5650 370 5724 deque
409 5661 697 5724 omnibus;
730 5658 799 5715 de
829 5659 986 5715 nobis
1015 5669 1195 5715 autem
1217 5702 1233 5728 ,
1263 5659 1435 5731 deque
1467 5670 1656 5714 natura
1699 5674 1797 5715 no-

214 5753 332 5818 ειη.
360 5765 424 5808 ne
449 5752 735 5810 minimum
761 5751 979 5824 quidem
1007 5767 1282 5810 curamus.
1310 5751 1378 5810 Et
1404 5753 1544 5826 quis,
1565 5751 1796 5825 inquies,

3392 465 3508 523 953

1885 589 2098 657 ignorat
2126 596 2373 642 naturam
2415 584 2615 639 suam?
2651 583 2841 649 Multi,
2891 590 2945 638 ct
2975 581 3149 650 forte,
3189 581 3377 652 paucis
3395 597 3498 636 ex.

1885 682 2056 749 ceptis
2082 721 2096 744 ,
2127 695 2316 734 omnes
2348 696 2360 731 :
2394 687 2476 744 et,
2509 679 2552 732 si
2583 677 2792 746 placet,
2827 676 2952 731 hinc
2979 676 3172 730 ducam
3202 690 3492 744 argumen-

1889 783 2019 828 tum.
2065 774 2158 828 Dic
2183 773 2326 828 enim
2355 772 2506 834 mihi,
2537 769 2664 842 quid
2697 779 2780 825 est
2812 769 3018 824 homo?
3063 767 3120 824 Si
3161 766 3284 838 quis
3315 767 3489 821 inter-

1889 873 2061 936 roget,
2092 863 2206 933 Qua
2240 865 2294 918 in
2323 879 2382 920 re
2408 861 2588 918 differt
2617 877 2644 916 a
2679 861 2895 916 brutis?
2923 859 3196 931 quomodo
3237 867 3501 930 cognatus

1889 968 1968 1013 est
1999 957 2344 1013 caelestibus?
2387 956 2513 1026 quid
2565 965 2738 1026 potest
2766 973 2831 1009 ex
2863 956 3080 1009 homine
3111 956 3224 1009 lieri
3248 955 3272 1008 ἲ
3299 971 3365 1008 an
3398 970 3497 1023 po-

1888 1051 2019 1104 teris
2044 1059 2187 1106 recte
2215 1049 2585 1119 reSpondere?
2614 1049 2726 1103 Non
2751 1049 2968 1120 quidem
2999 1059 3147 1119 puto.
3174 1049 3324 1104 Sicut
3349 1050 3496 1104 enim

1889 1141 1940 1194 in
1973 1144 2196 1196 materia
2226 1142 2479 1212 quadam,
2509 1143 2586 1196 sic
2612 1125 2666 1196 et
2694 1143 2745 1196 in
2775 1142 2992 1196 homine
3025 1141 3247 1196 materia
3277 1141 3498 1212 quidem

1891 1246 1968 1286 est
2003 1232 2205 1300 homo;
2253 1241 2431 1302 potest
2471 1243 2649 1288 autem
2696 1232 2810 1288 ﬁeri
2857 1242 2912 1288 et
2946 1233 3169 1304 angelus
3214 1243 3269 1288 et
3303 1233 3498 1288 bestia.

1889 1325 2082 1378 Annon
2127 1325 2396 1379 videbitur
2439 1333 2731 1380 extraneas
2761 1324 2846 1380 hic
2886 1326 3111 1380 sermo?
3157 1326 3318 1396 Atqui
3350 1341 3499 1398 serpe

1889 1415 2038 1470 illum
2077 1417 2129 1470 iu
2158 1417 2454 1486 Scripturis
2483 1418 2730 1472 audistis.
2777 1418 2850 1473 De
2878 1418 3199 1488 quibusdam
3228 1421 3371 1475 enim
3402 1418 3505 1475 ho-

1891 1510 2123 1564 minibus
2154 1509 2433 1566 dicebatur
2462 1528 2475 1564 :
2508 1510 2736 1581 Angelus
2783 1509 2991 1564 Domini
3029 1522 3144 1566 est:
3176 1522 3222 1565 et
3263 1527 3329 1565 ex
3353 1512 3499 1568 labiis

1888 1603 1999 1671 ejus
2045 1610 2270 1670 quaerent
2304 1601 2564 1674 judicium
2604 1601 2621 1674 (
2651 1601 2881 1656 Malach.
2911 1601 2963 1655 2.
2996 1602 3101 1668 7);
3150 1611 3206 1657 et
3235 1619 3452 1658 rursum
3481 1645 3495 1668 ,

1890 1691 2095 1746 Mittam
2125 1693 2364 1764 angelum
2409 1709 2576 1748 meum
2614 1705 2732 1747 ante
2774 1696 2959 1766 faciem
3005 1705 3143 1748 tuam
3169 1694 3299 1767 (Id.
3331 1697 3383 1752 3.
3419 1698 3497 1766 l):

1888 1784 1956 1839 de
1983 1785 2302 1854 quibusdam
2331 1800 2461 1840 vero
2485 1826 2498 1850 ,
2549 1783 2826 1855 Serpentes
2851 1827 2866 1850 ,
2923 1787 3182 1857 genimina
3211 1788 3499 1857 viperarum

1891 1875 2124 1947 (Matth.
2163 1876 2246 1941 12.
2279 1877 2348 1931 54
2375 1884 2412 1945 ).
2459 1877 2680 1930 Demum
2712 1877 3007 1932 secundum
3051 1877 3313 1949 cujusque
3344 1894 3498 1936 usum

1891 1978 2065 2038 potest
2095 1969 2206 2024 fieri
2235 1978 2289 2024 et
2318 1969 2539 2041 angelus
2565 1978 2618 2024 et
2650 1970 2811 2024 homo
2834 1971 2873 2023 ¹.
2906 1971 3042 2037 Quid
3072 1971 3213 2033 dico,
3244 1973 3502 2043 angelus?

1890 2063 2063 2116 Etiam
2111 2063 2201 2116 Dei
2236 2064 2392 2117 lilius.
2442 2062 2599 2127 Nam,
2632 2063 2752 2116 ait:
2797 2061 2910 2132 Ego
2953 2063 3062 2116 dixi
3089 2105 3104 2130 ,
3154 2063 3244 2116 Dii
3271 2066 3410 2133 estis,
3455 2076 3503 2118 et

1890 2153 1985 2220 ﬁlii
2015 2153 2217 2207 [ἰριοειεί
2241 2169 2413 2208 omnes
2443 2153 2620 2222 (Psal.
2650 2153 2739 2207 8|.
2768 2151 2847 2220 6).
2878 2151 3143 2224 Quodque
3171 2154 3347 2224 majus
3377 2166 3460 2210 est
3486 2198 3500 2219 ,

1891 2254 2209 2314 potestatem
2242 2246 2468 2314 accepit,
2498 2255 2552 2299 ut
2583 2244 2671 2298 fiat
2700 2253 2754 2299 et
2784 2245 2947 2298 homo
2977 2253 3030 2298 et
3057 2245 3281 2315 angelus
3320 2256 3375 2301 et
3408 2246 3503 2302 [)ci

1891 2334 2054 2389 filius.
2095 2337 2189 2390 Est
2221 2336 2381 2389 homo
2411 2346 2467 2390 et
2495 2337 2671 2405 angeli
2701 2345 2934 2390 creator.
2981 2335 3237 2392 Fortasse
3269 2353 3364 2393 vos
3397 2337 3503 2393 hoc

1889 2425 2090 2481 dictum
2122 2427 2498 2493 perturbavit?
2529 2426 2637 2482 Sed
2668 2427 2851 2482 audite
2877 2425 3154 2482 Christum
3181 2429 3454 2484 άὶςειιιι-ιιι
3485 2451 3495 2483 ;

1890 2515 1958 2571 In
1983 2518 2344 2574 resurrectione
2371 2534 2532 2587 neque
2568 2517 2756 2572 nubent
2796 2534 2957 2588 neque
2982 2521 3166 2590 nuptui
3192 2521 3498 2584 tradentur,

1888 2609 1978 2663 sed
2005 2619 2122 2664 sunt
2148 2611 2276 2662 sicut
2306 2610 2474 2680 angeli
2506 2613 2522 2678 (
2548 2609 2677 2663 Luc.
2721 2610 2813 2665 (ΞΟ.
2869 2611 2958 2664 35.
2992 2609 3102 2681 56)
3131 2628 3144 2677 ;
3178 2621 3232 2666 ct
3262 2628 3501 2677 l'llrclllll,

1894 2704 1994 2770 Qui
2018 2713 2178 2773 potest
2203 2719 2405 2773 capere,
2437 2706 2606 2774 capiat
2636 2703 2855 2772 (Matth.
2888 2704 2978 2759 19.
3009 2704 3136 2776 12).
3183 2704 3238 2759 ln
3292 2722 3503 2759 sununa

1892 2795 2060 2848 virtus
2096 2795 2319 2864 angelos
2360 2793 2489 2850 facit
2520 2816 2532 2852 :
2565 2797 2733 2849 virtus
2775 2798 2828 2850 in
2864 2806 3046 2850 nostra
3082 2805 3348 2866 potestate
3377 2808 3459 2852 est
3489 2816 3518 2870 :p

1891 2900 2021 2956 ergo
2044 2886 2265 2956 angelos
2289 2901 2576 2956 possumus
2600 2902 2811 2954 creare,
2844 2889 2946 2942 etsi
2978 2902 3082 2942 non
3113 2898 3325 2954 natura,
3355 2900 3506 2946 certe

1893 2981 2188 3050 proposito.
2236 2981 2444 3036 Virtute
2471 2996 2702 3051 namque
2728 2981 2956 3037 absente
2984 3024 2997 3048 ,
3033 2983 3166 3036 nihil
3213 2983 3456 3053 proderit
3479 3023 3498 3049 ,

1890 3074 1934 3127 si
1972 3075 2061 3143 qui
2090 3075 2253 3128 etiam
2286 3074 2512 3146 angelus
2557 3085 2746 3128 natura
2775 3073 2939 3129 fuerit
2967 3092 2991 3141 ;.
3029 3075 3080 3129 id
3114 3075 3256 3146 quod
3294 3092 3360 3132 ex
3391 3076 3512 3131 dia-

1890 3163 2016 3220 bolo
2064 3164 2268 3235 liquet,
2317 3167 2407 3235 qui
2452 3175 2579 3220 ante
2620 3166 2848 3236 angelus
2894 3164 3039 3220 fuit:
3077 3167 3275 3223 virtute
3319 3180 3523 3245 autem,

1891 3268 2160 3325 praesente
2180 3298 2194 3323 ,
2239 3256 2372 3311 nihil
2399 3258 2583 3312 damni
2611 3267 2697 3314 est
2723 3259 2999 3313 hominem
3030 3273 3152 3314 esse
3182 3271 3370 3314 natura
3391 3302 3405 3325 ,
3449 3271 3509 3314 ut

1890 3364 1959 3405 ex
2001 3349 2210 3405 Joanne
2237 3351 2327 3420 qui
2361 3351 2524 3405 homo
2559 3361 2714 3416 erat,
2761 3362 2817 3407 et
2846 3368 2913 3406 ex
2959 3353 3073 3407 Elia
3117 3353 3282 3424 liquet
3317 3355 3407 3423 qui
3451 3356 3503 3409 in

1891 3441 2084 3496 caelum
2111 3441 2353 3498 ascendit
2372 3485 2388 3510 ,
2418 3457 2482 3498 ex
2515 3443 2876 3513 omnibusque
2903 3444 2994 3514 qui
3025 3458 3092 3498 eo
3121 3444 3323 3498 abituri
3356 3457 3501 3500 sunt.

1893 3532 1957 3587 lli
1987 3548 2214 3603 namque
2239 3533 2364 3588 licet
2392 3534 2678 3604 corporei,
2721 3549 2829 3588 non
2860 3533 3218 3603 prohibentur
3261 3535 3506 3591 habitare

1892 3624 2125 3689 caelum;
2166 3625 2239 3680 illi
2273 3639 2401 3680 vero
2427 3625 2732 3696 incorporei
2759 3625 2924 3692 licet,
2969 3641 3075 3681 non
3121 3634 3413 3696 potuerunt
3451 3629 3503 3684 in

1893 3717 2026 3772 caelo
2073 3732 2312 3772 manere.
2355 3717 2527 3774 Nemo
2574 3719 2734 3788 igitur
2782 3728 3011 3790 angatur
3058 3721 3141 3773 vel
3196 3721 3506 3792 indignetur

1895 3822 2081 3866 contra
2109 3823 2356 3867 naturam
2388 3814 2543 3884 quasi
2573 3815 2641 3869 ab
2671 3814 2759 3868 illa
2789 3815 3146 3886 impediatur,
3179 3816 3276 3870 sed
3317 3826 3506 3870 contra
3589 3859 3596 3888 ,

1896 3905 2232 3973 propositum
2261 3905 2573 3960 voluntatis.
2614 3906 2727 3962 Leo
2768 3907 3016 3962 diabolus
3062 3907 3287 3963 aﬂ'ecws
3315 3917 3399 3962 est
3434 3923 3501 3964 ex
3597 3899 3601 3904 ’

1896 3998 2213 4069 incorporeo
2247 4017 2260 4053 :
2295 3999 2434 4055 Ecce
2457 4041 2472 4064 ,
2508 4001 2714 4071 inquit,
2748 4001 3088 4056 Adversarius
3120 4011 3292 4056 noster
3317 4001 3498 4054 diabo-

1896 4093 1977 4145 lus
2005 4103 2261 4162 tamquam
2286 4093 2364 4146 leo
2394 4094 2600 4164 rugiens
2628 4095 2828 4161 circuit,
2857 4109 3091 4166 quarens
3119 4110 3266 4165 quem
3295 4094 3501 4148 devoret

1899 4184 1972 4255 (l.
2004 4184 2123 4239 Pet.
2152 4185 2206 4240 5.
2240 4185 2320 4256 8);
2367 4200 2467 4241 nos
2503 4187 2678 4258 angeli
2708 4202 2738 4240 a
2777 4186 3118 4258 corporibus.
3170 4186 3240 4243 Ut
3274 4187 3419 4242 enim
3461 4188 3511 4242 si

1897 4279 2018 4348 quis
2045 4279 2278 4347 pretiosa
2308 4280 2524 4335 inventa
2567 4280 2791 4336 materia
2815 4321 2831 4347 ,
2879 4295 3003 4336 cum
3035 4296 3140 4335 non
3170 4281 3239 4336 sit
3270 4280 3462 4335 artifex
3488 4322 3503 4346 ,

1898 4380 1952 4424 et
1979 4369 2123 4424 illam
2150 4370 2412 4440 despiciat
2433 4386 2629 4442 magno
2645 4371 2879 4426 afficitur
2901 4371 3123 4438 damno,
3152 4373 3266 4426 sive
3293 4386 3500 4442 marga~

1899 4462 2030 4516 ritas
2050 4502 2065 4526 ,
2111 4462 2224 4516 sive
2256 4463 2482 4516 uniones
2503 4504 2518 4529 ,
2568 4463 2684 4517 sive
2708 4462 2838 4532 quid
2866 4463 3043 4519 simile
3085 4464 3349 4533 repererit
3383 4481 3396 4517 :
3427 4465 3507 4518 sic

1900 4563 1954 4608 et
1999 4568 2097 4608 nos
2140 4555 2182 4607 si
2231 4554 2537 4623 ignoremus
2580 4565 2824 4610 naturam
2876 4563 3119 4611 nostram
3148 4599 3162 4622 ,
3211 4556 3504 4611 admodum

1902 4645 2045 4698 illam
2077 4643 2479 4714 deSpiciemus;
2513 4645 2559 4702 si
2591 4661 2720 4701 vero
2751 4629 3042 4702 noscamus
3072 4647 3089 4719 (
3118 4647 3264 4702 Psal.
3295 4648 3349 4705 8.
3381 4649 3459 4721 6)
3493 4692 3506 4716 ,

1902 4736 2124 4790 multum
2155 4735 2530 4792 adhibebimus
2555 4739 2813 4805 studium,
2842 4748 3166 4810 etmagnum
3190 4741 3398 4795 lucrum
3425 4756 3512 4796 re-

1901 4829 2254 4899 portabimus.
2285 4830 2361 4885 Ex
2389 4830 2488 4885 hac
2516 4832 2662 4886 enim
2693 4831 2899 4900 regium
2927 4831 2987 4886 ιιι
3014 4832 3421 4900 indumentum,
3444 4848 3515 4888 ex

1903 4920 2004 4975 hac
2030 4920 2220 4975 domus
2239 4923 2407 4992 regia,
2432 4937 2498 4977 ex
2530 4924 2630 4977 hac
2656 4923 2803 4993 regia
2831 4923 3106 4978 membra:
3137 4923 3318 4978 omnia
3343 4923 3512 4994 regia.

1902 5013 1980 5068 Ne
2007 5023 2196 5069 natura
2224 5024 2406 5070 nostra
2429 5015 2716 5070 abutamur
2743 5016 2796 5071 in
2828 5016 3085 5071 damnum
3109 5027 3377 5074 nostrum.
3405 5019 3527 5074 Nos-

1905 5123 2092 5177 parum
2126 5108 2364 5164 minores
2392 5109 2599 5179 angelis
2620 5107 2781 5174 fecit,
2813 5125 2880 5164 ex
2907 5111 3385 5181 morte,,inquam;
3417 5113 3530 5168 sed.

1903 5216 2093 5270 parum
2140 5199 2267 5255 illud
2310 5201 2419 5270 jam
2471 5201 2797 5272 recepimus.
2858 5200 3003 5256 Nihil
3053 5202 3214 5272 igitur
3258 5205 3514 5272 prohibet

1905 5292 2195 5362 quominus
2223 5293 2406 5346 statim
2437 5295 2614 5364 angeli
2651 5295 2820 5349 simus
2846 5335 2860 5360 ,
2892 5295 2938 5348 si
2969 5294 3224 5350 velimus.
3269 5295 3515 5353 Velimus
3607 5334 3615 5342 .

1905 5399 2070 5454 ergo,
2116 5385 2384 5450 velimus,
2435 5396 2490 5442 et
2536 5403 2635 5440 nos
2687 5387 2834 5457 ipsos
2872 5387 3237 5444 exercitantcs
3283 5391 3512 5459 gloriam

1908 5476 2204 5532 referamus
2240 5477 2386 5533 Patri
2417 5488 2471 5534 et
2495 5478 2635 5534 Filio
2679 5489 2736 5534 et
2762 5479 2988 5548 Spiritui
3028 5490 3218 5537 sancto
3239 5523 3254 5549 ,
3288 5499 3431 5538 nunc
3458 5494 3533 5540 et.

1907 5585 2141 5642 semper,
2171 5580 2227 5627 et
2255 5571 2307 5626 in
2337 5573 2534 5627 sarcula
2562 5572 2906 5629 seculorum.
2939 5575 3140 5630 Amen.

1974 5728 1989 5737 ο
2026 5705 2190 5757 κοινοὶ.
2215 5704 2360 5820 Issit,
2385 5712 2434 5756 et
2452 5713 2581 5756 Deus
2603 5712 2648 5756 et
2673 5704 2831 5770 homo,
2856 5705 2986 5758 male
3011 5721 3026 5759 :
3053 5719 3186 5768 nam,
3211 5713 3266 5759 ιιι
3289 5719 3354 5758 ett
3377 5711 3514 5757 serta

1974 5775 2082 5820 net.
2108 5766 2228 5820 leae
2296 5780 2379 5818 um
2404 5774 2502 5820 est.
2525 5765 2743 5820 artaehts.

1908 5765 2082 5832 liquet,
2108 5765 2379 5832 legendum
2404 5774 2502 5832 est,
2525 5765 2743 5833 (mactus.
