4082 6500
640 436 751 497 959

1336 431 1392 487 S.
1433 423 1708 487 JOANNIS
1744 420 2211 482 CIIRYSOSTOSII
2250 418 2569 474 .UICIIIEP.
2609 421 3142 480 CONSTANTINOP.

3810 424 3916 486 ξω

638 542 3907 573 ___—_—___——__—.——s———-_—————__—___—_

1920 608 2263 671 HOMILIA
2312 608 2610 670 XXXIII.

621 766 752 821 Car.
794 765 883 823 15.
924 780 975 818 ν.
1020 764 1108 819 15.
1164 762 1230 817 Et
1271 771 1533 831 postquam
1585 760 1887 817 tacuerunt,
1943 749 2209 819 respondit

688 857 934 919 Iacobus,
956 856 1129 910 dicens
1153 870 1171 909 :
1204 852 1308 909 Viri
1326 856 1529 925 fratres,
1553 848 1727 903 audite
1749 863 1843 900 me.
1865 845 1952 900 Η.
1993 842 2202 898 Simeon

692 950 914 1003 narravit
938 948 1189 1019 quomodo
1215 946 1432 1016 primum
1459 942 1597 997 Deus
1623 940 1836 996 uisitauit
1860 979 1876 1005 ,
1903 947 1957 992 ut
1982 944 2203 990 sumeret

690 1059 755 1097 ex
772 1041 998 1112 gentibus
1023 1040 1265 1111 populum
1287 1038 1340 1091 in
1366 1037 1569 1091 nomine
1587 1051 1698 1089 suo.
1732 1034 1818 1088 15.
1845 1030 1911 1084 Et
1936 1030 2054 1083 huic
2074 1045 2198 1082 ron-

691 1142 875 1187 sonant
900 1146 1150 1185 sermones
1179 1130 1563 1199 prophetarum.

687 1226 740 1276 1.
782 1222 874 1275 llic
901 1222 1183 1291 episcopus
1208 1228 1323 1274 erat
1351 1219 1401 1272 in
1427 1216 1874 1288 Jcrosolymitana
1914 1212 2152 1267 Ecclesia
2181 1227 2195 1263 :

624 1312 837 1381 deoque
886 1320 1187 1380 postremus
1234 1309 1469 1379 loquitur
1499 1326 1511 1362 :
1544 1318 1597 1363 et
1637 1306 1889 1375 impletur
1928 1302 2056 1358 illud
2088 1321 2098 1353 :
2128 1300 2195 1354 In

615 1418 697 1455 ore
719 1402 935 1456 duorum
955 1401 1030 1456 vel
1052 1402 1206 1454 trium
1227 1400 1426 1455 testium
1446 1399 1597 1453 stabit
1620 1414 1765 1452 omne
1786 1396 1987 1451 verbum
2012 1392 2190 1463 (Deut.

616 1492 700 1546 17.
727 1492 808 1561 8).
838 1490 969 1547 Vide
989 1502 1165 1546 autem
1190 1500 1244 1545 et
1272 1489 1427 1560 hujus
1450 1489 1802 1559 prudentiam,
1834 1486 1923 1557 qui
1950 1501 2013 1539 ex
2044 1484 2193 1537 novis

609 1596 661 1639 et
688 1598 754 1640 ex
782 1585 1046 1639 veteribus
1072 1582 1344 1654 prophetis
1367 1583 1685 1638 sententiam
1711 1595 1861 1633 suam
1888 1576 2189 1632 conﬁrmat.

607 1676 723 1729 Non
750 1676 891 1730 enim
923 1685 1127 1743 poterat
1153 1674 1369 1745 aliquod
1397 1689 1531 1744 opus
1556 1671 1845 1727 ostendere
1873 1680 1931 1723 ut
1960 1670 2149 1723 Petrus
2170 1709 2186 1733 ,

608 1779 665 1822 ut
694 1768 902 1821 Paulus.
936 1768 1001 1822 Et
1027 1769 1160 1822 bene
1190 1768 1460 1835 provisum
1489 1774 1610 1830 est,
1642 1773 1697 1819 ut
1725 1764 1794 1818 ab
1823 1762 1925 1816 illis
1955 1762 2067 1815 luce
2091 1761 2186 1815 lie-

607 1870 763 1924 rent,
807 1859 896 1926 qui
930 1874 1033 1912 non
1066 1858 1351 1913 habitaturi
1380 1864 1535 1912 erant
1560 1854 1946 1926 Jerosolymis;
1977 1862 2029 1906 et
2061 1850 2143 1904 hic
2168 1891 2183 1913 ,

600 1950 689 2019 qui
730 1950 774 2003 .1‹
800 1949 1207 2018 rosolymitanos
1248 1948 1512 2011 docebat,
1549 1962 1647 2002 nec
1673 1946 1940 2001 obnoxius
1971 1943 2075 1997 illis
2102 1958 2189 1996 cs-

600 2049 688 2091 set
712 2080 727 2102 ,
770 2055 868 2095 rec
895 2040 1107 2096 illorum
1137 2040 1413 2095 sententin
1441 2038 1739 2108 Oppositus.
1772 2036 1839 2090 Et
1870 2035 1993 2105 quid
2021 2034 2185 2088 dicit?

616 2129 720 2183 Viri
746 2134 948 2203 fratres,
980 2133 1153 2186 audite
1178 2149 1273 2185 me.
1307 2130 1532 2201 Symeon
1562 2132 1804 2183 narravit.
1846 2127 2070 2194 Quidam
2098 2126 2184 2180 di-

606 2232 732 2276 cunt
772 2226 910 2277 hunc
938 2224 1082 2278 illum
1111 2238 1266 2285 esse,
1312 2223 1399 2293 qui
1443 2238 1472 2277 a
1514 2223 1654 2276 Luca
1684 2230 2049 2283 memoratur,
2092 2219 2180 2272 alii

598 2315 760 2369 alium
786 2316 1176 2386 cognominem.
1218 2316 1341 2371 Sive
1372 2316 1486 2379 hic,
1520 2315 1633 2369 sive
1661 2314 1750 2368 ille
1779 2314 1877 2375 sit,
1909 2328 2015 2366 non
2042 2312 2181 2366 ulte-

598 2407 710 2461 rius
732 2406 1129 2476 inquirendum,
1161 2407 1254 2462 sed
1282 2422 1345 2461 ea
1372 2419 1491 2478 quae
1518 2406 1647 2461 dicit
1675 2415 1730 2460 ut
1756 2404 2060 2460 necessaria
2087 2418 2180 2457 ex.

599 2498 836 2567 cipieuda
875 2507 1017 2551 sunt.
1073 2498 1179 2550 Viri
1218 2503 1422 2567 fratres,
1468 2498 1658 2568 inquit.
1700 2497 1887 2566 Magna
1932 2496 2029 2548 viri
2060 2509 2175 2547 mo-

595 2587 800 2652 tlestia,
847 2596 899 2641 et
926 2586 1212 2657 perfectior
1250 2598 1330 2643 est
1380 2588 1494 2643 hrrc
1538 2588 1728 2642 concio
1754 2628 1769 2652 ,
1813 2601 1931 2655 qua:
1974 2584 2179 2640 scilicet

598 2676 758 2731 linem
785 2678 946 2732 rebus
967 2679 1225 2747 imponat.
1260 2679 1525 2745 Quomodo
1555 2679 1773 2747 primum
1802 2677 1941 2730 Deus
1960 2677 2178 2730 visitat'it

594 2779 648 2821 ut
671 2778 885 2823 sumeret
911 2785 974 2823 ex
1000 2770 1227 2838 gentibus
1261 2770 1506 2839 populum
1535 2770 1735 2823 nomine
1762 2769 1920 2829 illius.
1963 2768 2030 2821 Et
2058 2768 2178 2821 huic

593 2870 868 2913 consonant
892 2876 1142 2914 sermones
1170 2860 1552 2929 praphetarum.
1596 2860 1729 2926 Quia
1759 2860 1851 2913 ille
1876 2874 1904 2912 a
1935 2867 2177 2926 tempore

596 2962 750 3005 notus
776 2961 910 3017 crat,
940 2966 1039 3005 nec
1067 2951 1170 3004 fide
1196 2950 1388 3019 dignus
1415 2950 1729 3013 habebatur,
1761 2949 1901 3019 quod
1928 2949 2177 3017 antiquus

595 3059 697 3099 non
712 3054 876 3111 esset,
891 3054 1123 3099 veterem
1140 3058 1353 3114 quoque
1377 3044 1709 3113 pr0pbctiam
1726 3043 1947 3108 inducit,
1968 3042 2171 3096 dicens:

594 3136 739 3189 Sicut
766 3138 1008 3207 scriptum
1034 3146 1107 3189 est
1134 3151 1152 3189 .'
1185 3134 1271 3189 16.
1301 3134 1487 3189 Postea
1516 3144 1755 3200 revertar,
1784 3144 1833 3188 et
1858 3133 2175 3201 recediﬁcabo

593 3229 968 3281 tabernaculum
997 3226 1164 3281 David
1188 3228 1323 3297 quod
1348 3227 1557 3295 decidit,
1589 3238 1636 3281 et
1658 3229 1847 3299 erigant
1877 3226 2008 3280 illud
2036 3242 2055 3280 :
2078 3227 2170 3281 I7.

592 3328 646 3371 ut
675 3319 930 3387 requirant
951 3320 1117 3373 ueteri
1136 3319 1394 3372 hominum
1420 3318 1694 3373 Dominum
1715 3326 1761 3372 et
1786 3333 1957 3371 omnes
1977 3325 2168 3386 gentes,

591 3428 742 3480 super
767 3428 889 3481 quas
917 3411 1199 3466 invocatum
1225 3420 1299 3465 est
1324 3427 1502 3466 nomen
1530 3427 1714 3475 meum,
1746 3398 1871 3463 dicit
1894 3409 2168 3476 Dominus,

595 3502 680 3569 qui
727 3503 850 3571 facit
876 3493 983 3555 haec
1021 3502 1195 3555 omnia
1236 3502 1428 3573 (Amor
1456 3501 1509 3556 9.
1554 3502 1612 3556 Η
1641 3502 1681 3572 ).
1719 3501 1855 3567 Quid
1889 3500 2061 3570 ergo?
2104 3516 2171 3553 an

591 3602 767 3646 erecta
793 3602 873 3647 est
894 3591 1265 3664 Jcrosolyma?
1302 3607 1477 3647 annon
1507 3593 1682 3662 potius
1702 3592 1875 3647 diruta
1904 3591 1999 3645 fuit
2020 3592 2043 3644 τ
2066 3590 2171 3647 Sed

597 3698 700 3737 non
730 3684 812 3739 his
834 3683 903 3739 de
946 3684 1107 3739 rebus
1145 3685 1259 3753 ipse
1294 3685 1547 3755 loquitur.
1590 3684 1655 3737 Et
1692 3700 1849 3751 quam
1894 3682 2021 3737 dicit
2054 3697 2175 3737 ere-

593 3776 822 3830 CIionem
838 3776 863 3828 ?
881 3776 1009 3830 Eam
1030 3792 1149 3847 qua‘
1164 3785 1283 3846 post
1304 3777 1646 3847 Babylonem.
1673 3777 1757 3831 18.
1786 3776 1924 3830 Nota
1942 3794 1973 3829 a
1988 3778 2173 3831 sa'culo

593 3878 710 3921 sunt
740 3866 846 3920 Deo
871 3869 1040 3921 omnia
1066 3884 1219 3937 opera
1244 3885 1358 3923 sua.
1406 3867 1606 3921 Deinde
1631 3883 1789 3936 quam
1834 3866 1938 3921 fide
1976 3867 2171 3937 dignus

595 3974 771 4014 sermo
797 3958 866 4013 sit
901 3960 1090 4025 innuit,
1139 3961 1263 4030 quia
1302 3961 1435 4015 nihil
1483 3976 1720 4024 novum,
1770 3960 1863 4015 sed
1908 3961 1976 4014 ab
2020 3962 2171 4016 initio

595 4051 774 4104 (millia
797 4052 1087 4119 prastituta
1105 4063 1247 4105 sunt.
1263 4051 1515 4122 Sequitur
1535 4052 1821 4105 sententia.
1839 4052 1926 4106 l9.
1953 4052 2173 4121 Propter

594 4142 727 4210 quod
765 4158 856 4211 ego
881 4142 1064 4211 judico
1089 4183 1102 4203 ,
1147 4157 1246 4194 non
1275 4142 1545 4211 inquietari
1568 4158 1683 4206 eos,
1727 4142 1812 4211 qui
1840 4158 1902 4195 ea:
1941 4142 2172 4212 gentibus

594 4241 947 4285 convertuntur
971 4232 1040 4285 ad
1059 4230 1247 4298 Deum,
1278 4230 1370 4286 20.
1400 4231 1488 4284 sed
1508 4230 1721 4284 scribere
1747 4232 1821 4284 ad
1842 4247 1946 4295 eos,
1976 4242 2031 4285 ut
2057 4232 2172 4286 abs-

594 4326 782 4377 tineant
823 4341 876 4378 se
911 4342 943 4377 a
978 4326 1488 4379 contaminationibus
1524 4326 1911 4378 simulacrorum
1932 4339 1982 4378 et
2009 4327 2172 4395 forni-

596 4418 789 4470 catione
814 4426 861 4469 et
882 4416 1131 4484 suﬂ'ocato
1152 4427 1198 4470 et
1220 4418 1481 4487 sanguine.
1500 4418 1590 4471 21.
1619 4417 1819 4487 Moyses
1846 4419 1977 4470 enim
1998 4434 2027 4469 a
2051 4427 2173 4471 tem-

598 4508 797 4576 poribus
818 4508 1034 4578 antiquis
1055 4525 1143 4577 per
1169 4526 1339 4563 omnes
1366 4510 1587 4563 civitates
1613 4510 1757 4563 habet
1779 4512 1867 4579 qui
1895 4511 2171 4579 praedicent

594 4614 707 4651 eum
733 4598 783 4650 in
810 4600 1099 4670 synagogis.
1128 4600 1213 4653 ubi
1234 4616 1321 4669 per
1345 4616 1493 4654 omne
1515 4600 1779 4654 sabbatum
1808 4602 2008 4671 legitur.
2037 4601 2173 4666 Quia

594 4689 668 4742 i'li
702 4704 805 4742 nou
836 4689 1117 4744 audierant
1155 4690 1223 4744 de
1264 4691 1378 4760 lege
1402 4732 1417 4755 ,
1452 4691 1643 4745 merito
1678 4692 1791 4745 lucc
1834 4691 2061 4760 imperat
2103 4693 2172 4746 de

596 4783 742 4851 lege,
790 4798 856 4837 ne
894 4783 1135 4837 videatur
1162 4783 1303 4837 illam
1336 4785 1617 4853 abrogare.
1663 4785 1727 4838 Et
1753 4784 1873 4839 vide
1902 4786 2171 4854 quomodo

597 4886 702 4924 non
738 4875 876 4926 sinat
915 4888 1008 4927 eos
1055 4873 1169 4928 haec
1214 4889 1278 4927 ex
1324 4875 1437 4943 lege
1463 4876 1683 4941 audire,
1729 4876 1823 4930 sed
1855 4891 1920 4929 ex
1951 4876 2127 4946 seipso
2155 4919 2168 4942 ,

595 4961 780 5014 dicens
802 5002 815 5024 ,
842 4961 1027 5016 Iudico
1052 4981 1179 5033 ego;
1208 4966 1260 5020 id
1292 4974 1372 5018 est
1394 5007 1408 5031 ,
1437 4982 1466 5020 a
1496 4967 1700 5035 meipso
1726 5008 1740 5033 ,
1773 4984 1875 5020 non
1910 4985 2029 5037 quia
2066 4984 2169 5021 au-

594 5054 701 5108 divi
731 5070 794 5108 ex
822 5055 955 5124 lege.
991 5057 1205 5110 Demum
1233 5071 1515 5111 commune
1539 5058 1729 5127 dogma
1755 5060 2042 5127 profertur.
2072 5061 2162 5114 2:2.

599 5145 743 5199 Tunc
771 5146 960 5213 placuit
987 5150 1228 5215 apostolis
1254 5159 1301 5202 et
1327 5150 1606 5203 senioribus
1642 5160 1688 5202 et
1728 5154 1864 5203 omni
1892 5152 2130 5207 Ecclesia:
2153 5198 2166 5219 ,

594 5236 775 5305 eligere
812 5238 945 5292 viros
975 5254 1037 5291 ea:
1063 5240 1131 5291 eis
1149 5281 1163 5304 ,
1212 5250 1260 5293 et
1290 5242 1483 5295 mittere
1511 5242 1832 5295 Antiochiam
1859 5260 1969 5295 cum
2006 5243 2169 5299 Paulo

595 5340 641 5382 et
672 5328 906 5383 Barnaba
932 5330 963 5383 J
972 5332 1124 5383 udam
1145 5372 1159 5396 ,
1208 5333 1294 5401 qui
1318 5335 1769 5404 cognominabatur
1791 5332 2047 5389 Darsabas
2068 5378 2081 5400 ,
2124 5347 2171 5390 et

598 5421 785 5484 Silam,
813 5422 943 5475 viros
966 5425 1152 5493 primos
1174 5425 1224 5476 in
1250 5426 1513 5496 fratribus,
1536 5427 1625 5482 εδ.
1650 5428 1924 5482 scribentes
1949 5447 2037 5497 per
2062 5448 2172 5483 ma-

596 5528 719 5564 num
748 5528 916 5564 eorum
946 5514 1073 5568 hac.
1118 5514 1249 5570 Vide
1280 5516 1399 5569 illos
1425 5532 1528 5568 non
1565 5525 1761 5570 temere
1791 5520 1875 5570 illa
1908 5530 2166 5583 statuere;

597 5601 691 5656 sed
721 5612 777 5655 ut
805 5604 1065 5657 sententia
1098 5604 1198 5659 fide
1227 5605 1385 5675 digna
1416 5608 1522 5669 sit,
1554 5607 1768 5659 mittunt
1799 5608 1895 5663 hos
1930 5624 1956 5662 a
1990 5624 2079 5675 se,
2116 5622 2171 5665 ut

599 5692 831 5761 suspecti
860 5707 967 5746 non
998 5706 1177 5748 essent
1210 5695 1402 5750 Paulus
1430 5705 1485 5751 et
1512 5698 1707 5752 socius.
1753 5698 1817 5753 Et
1854 5700 1975 5755 vide
2012 5716 2169 5769 quam

597 5783 829 5852 graviter
857 5784 975 5839 illos
1004 5784 1343 5855 obiurgantes
1369 5789 1605 5844 scribant
1634 5809 1645 5843 :
1674 5791 1922 5859 Apostoli,
1951 5795 2168 5849 seniores

2310 759 2357 802 et
2380 750 2561 816 fratres
2586 752 2647 805 iis
2671 795 2685 813 ,
2715 754 2801 823 qui
2825 765 2943 809 sunt
2970 756 3269 821 Antiochia,
3298 760 3351 812 in
3381 759 3534 833 Syria
3563 770 3608 813 et
3637 762 3688 813 in
3724 759 3907 814 Cilicia

2309 842 2551 908 fratribus
2578 846 2664 913 qui
2690 861 2752 899 ea:
2786 849 3017 917 gentibus
3041 894 3054 913 ,
3103 852 3338 905 salutem.
3376 851 3462 907 ει.
3511 853 3767 920 Quoniam
3808 872 3909 908 ass-

2306 932 2521 988 divimus
2544 936 2665 1004 quia
2693 937 2899 1006 quidam
2939 954 3003 993 ea:
3041 941 3183 995 nobis
3226 942 3550 998 turbaverunt
3580 961 3684 1004 vos.
3730 944 3900 1000 verbis

2306 1034 2573 1079 evertentes
2613 1029 2814 1082 animos
2843 1041 3031 1085 vestras
3051 1074 3065 1097 ,
3099 1031 3320 1087 dicentes
3350 1044 3401 1085 ut
3452 1036 3895 1089 circumcitlamini

2303 1128 2349 1169 et
2378 1119 2581 1172 servetis
2616 1119 2803 1191 legem,
2857 1124 3037 1193 quibus
3058 1142 3157 1179 non
3184 1128 3555 1182 mandavimus.
3601 1128 3901 1185 Sufﬁciens

2301 1216 2416 1261 erat
2447 1210 2716 1267 accusatio
2743 1215 3055 1270 temeritatis
3083 1217 3317 1283 illorum,
3353 1228 3407 1272 et
3436 1219 3592 1288 digna
3616 1221 3898 1287 apostolo-

2303 1312 2419 1351 rum
2440 1301 2703 1369 aequitate,
2752 1303 2885 1358 nihil
2930 1306 3101 1373 majus
3136 1308 3272 1361 ultra
3293 1308 3607 1363 dicentium.
3636 1311 3727 1365 25.
3764 1310 3901 1364 Pla-

2299 1389 2403 1441 cuit
2434 1391 2578 1445 nobis
2622 1392 2845 1447 collectis
2870 1394 2923 1448 in
2968 1412 3125 1449 unum
3152 1398 3333 1469 eligere
3365 1400 3497 1453 viros
3526 1412 3571 1452 et
3599 1402 3797 1455 mittere
3824 1403 3897 1456 ad

2299 1496 2403 1545 vos,
2434 1499 2543 1535 cum
2568 1485 2841 1539 carissimis
2873 1489 3059 1541 nostris
3088 1486 3327 1543 Barnaba
3352 1502 3399 1543 et
3428 1490 3611 1554 Paulo,
3641 1491 3732 1547 ‘26.
3767 1494 3894 1547 viris

2294 1576 2385 1639 qui
2401 1574 2712 1629 tradiderunt
2733 1578 2927 1631 animas
2960 1596 3078 1632 suas
3106 1595 3198 1649 pro
3233 1580 3437 1635 nomine
3474 1581 3679 1634 Doir’vii
3724 1585 3897 1637 nostri

2300 1664 2424 1719 Jesu
2442 1666 2648 1722 Christi.
2672 1669 2852 1741 Itaque
2873 1672 3191 1737 ostenditur,
3214 1689 3318 1727 non
3339 1675 3613 1746 tyrannice
3641 1692 3755 1729 rem
3777 1678 3889 1746 agi,

2293 1758 2541 1813 Omnibus
2562 1760 2673 1816 hmc
2695 1762 2925 1831 placere.
2946 1776 2998 1819 et
3020 1764 3135 1821 hate
3149 1780 3269 1821 cum
3287 1766 3679 1823 deliberatione
3699 1770 3889 1835 scribi,

2291 1847 2526 1915 Electos,
2557 1852 2821 1921 inquiunt,
2852 1856 2991 1911 viros
3014 1872 3075 1909 ex
3104 1857 3277 1911 nobis.
3311 1857 3513 1912 Deinde
3537 1876 3604 1912 ne
3637 1861 3893 1916 videatur

2288 1957 2352 1996 ex
2384 1943 2645 1997 calumnia
2677 1945 2821 1999 Pauli
2852 1957 2904 2001 et
2936 1947 3192 2003 Barnabas
3227 1949 3349 2005 illos
3384 1951 3559 2013 mitti,
3613 1953 3891 2020 perpende

2289 2033 2470 2089 laudes
2498 2036 2733 2105 ipsorum
2770 2055 2782 2091 :
2820 2035 2975 2102 Viris,
3007 2038 3273 2108 inquiunt,
3302 2042 3390 2110 qui
3416 2042 3739 2095 tradiderunt
3765 2046 3887 2096 ani-

2287 2144 2395 2180 mas
2424 2145 2541 2181 suas
2572 2145 2665 2199 pro
2694 2131 2895 2184 nomine
2928 2130 3136 2185 Domini
3164 2134 3323 2188 nostri
3351 2133 3478 2188 Jesu
3528 2135 3743 2189 Christi.
3785 2137 3881 2191 27.

2290 2217 2360 2269 Mi
2394 2219 2521 2272 imus
2549 2237 2667 2291 ergo
2696 2220 2888 2273 ludam
2918 2232 2966 2276 et
2994 2223 3161 2277 Silam
3183 2264 3198 2289 ,
3233 2226 3323 2293 qui
3353 2235 3398 2279 et
3428 2227 3529 2293 ipsi
3558 2227 3696 2280 vobis
3725 2228 3889 2283 verbis

2287 2313 2501 2380 referent
2530 2312 2721 2365 eadem.
2751 2311 2839 2367 28.
2898 2312 3071 2367 Visum
3102 2324 3177 2368 est
3209 2316 3340 2369 enim
3374 2316 3593 2385 Spiritui
3622 2329 3803 2371 sancto
3834 2329 3887 2373 et

2284 2401 2443 2454 nobis.
2487 2401 2625 2455 Nihil
2654 2418 2782 2472 ergo
2814 2404 3105 2459 humanum
3125 2446 3139 2467 ,
3170 2406 3213 2459 si
3242 2406 3472 2475 Spiritus
3501 2408 3615 2462 bzec
3646 2419 3879 2465 statuat.

2284 2492 2437 2547 Nihil
2465 2494 2601 2547 ultra
2628 2496 2821 2566 imponi
2854 2497 2990 2551 vobis
3016 2499 3202 2552 oneris.
3249 2498 3481 2553 Rursum
3512 2515 3649 2555 onus
3683 2512 3883 2557 vocant

2282 2584 2474 2654 legem.
2499 2585 2637 2641 Hinc
2662 2587 2729 2639 de
2758 2588 2864 2641 illis
2893 2588 3019 2655 ipsis
3048 2588 3308 2643 rationem
3339 2589 3590 2644 reddunt.
3627 2591 3746 2646 Nisi
3772 2595 3883 2646 ha-e

2281 2677 2585 2742 necessaria,
2638 2676 2730 2733 29.
2791 2688 2844 2731 ut
2898 2679 3189 2733 abstineatis
3242 2695 3327 2735 vos
3381 2682 3442 2734 ab
3498 2682 3778 2736 immolatis
3811 2684 3887 2735 si-

2279 2767 2636 2823 mulacrorum
2714 2778 2761 2822 et
2805 2767 3054 2834 su/focato
3080 2779 3125 2822 et
3152 2772 3484 2842 fornicatione
3511 2782 3556 2827 et
3585 2775 3841 2844 sanguine
3863 2817 3879 2840 ,

2279 2872 2312 2909 a
2336 2858 2515 2927 quibus
2534 2860 2867 2949 custodientfs
2889 2876 2994 2926 vos,
3010 2863 3131 2915 bene
3148 2863 3329 2932 agetis.
3351 2862 3477 2918 Hmc
3491 2880 3626 2919 nova
3652 2865 3739 2920 Iex
3772 2883 3880 2920 non

2280 2949 2518 3020 przecipit
2548 2965 2561 3001 :
2605 2958 2865 3019 nusquam
2896 2954 3038 3005 enim
3066 2952 3134 3009 de
3164 2953 3247 3008 his
3279 2955 3530 3024 loquutus
3573 2966 3657 3012 est
3699 2958 3863 3013 Chri-

2277 3052 2413 3103 Stus;
2439 3041 2533 3096 sed
2561 3056 2591 3094 a
2616 3042 2731 3113 lege
2760 3042 2875 3098 haec
2898 3056 3134 3098 smnunt.
3159 3044 3230 3099 Et
3253 3045 3527 3114 suﬂocato,
3558 3050 3749 3119 inquit.
3783 3051 3879 3107 Hic

2278 3133 2481 3187 caedem
2506 3134 2743 3189 cohibet.
2792 3135 2880 3189 50.
2928 3134 3019 3189 Illi
3048 3154 3165 3206 ergo
3191 3138 3389 3192 dimissi
3416 3152 3658 3194 venerunt
3683 3141 3843 3196 Antio
3861 3172 3877 3182 -

2278 3223 2443 3276 chiam
2464 3264 2479 3286 ,
2510 3234 2555 3276 et
2579 3236 2881 3294 congregata
2919 3226 3239 3281 multitudine
3264 3269 3278 3291 ,
3334 3228 3655 3284 tradiderunt
3680 3234 3876 3301 episto-

2278 3314 2401 3367 lam.
2430 3314 2518 3368 51.
2554 3314 2716 3381 Quam
2740 3331 2855 3369 cum
2882 3316 3136 3387 legissent,
3165 3319 3325 3388 gavisi
3351 3330 3470 3373 sunt
3506 3338 3661 3390 super
3687 3339 3876 3377 conso-

2277 3406 2482 3460 latione.
2534 3405 2726 3461 Postea
2769 3418 2825 3461 ut
2854 3409 3102 3463 ostendat
3140 3411 3410 3480 quomodo
3454 3413 3576 3468 illos
3605 3416 3874 3469 consolati

2275 3500 2415 3563 sint,
2458 3500 2636 3554 subdit
2670 3517 2681 3553 :
2715 3501 2801 3555 32.
2852 3500 3021 3555 ludas
3049 3513 3220 3557 autem
3241 3513 3288 3558 et
3312 3503 3455 3559 Silas
3479 3546 3495 3569 ,
3543 3517 3588 3560 et
3627 3508 3727 3577 ipsi
3753 3525 3873 3563 cum

2278 3602 2436 3645 essent
2464 3592 2753 3660 prophetae,
2802 3594 2948 3647 verbo
2978 3593 3196 3662 plurimo
3222 3595 3471 3649 consolati
3497 3608 3615 3651 sunt
3640 3603 3831 3667 fratres
3858 3642 3871 3651 .

2277 3692 2324 3735 et
2348 3683 2791 3750 confirmaverunt.
2835 3684 2926 3740 '55.
2962 3683 3124 3739 Facto
3148 3694 3316 3740 autem
3352 3686 3420 3739 ibi
3448 3689 3712 3758 aliquanto
3740 3700 3875 3744 tem-

2278 3791 2399 3844 pore
2417 3814 2434 3840 ,
2460 3774 2654 3829 dimissi
2680 3785 2795 3829 sunt
2819 3792 2933 3829 cum
2962 3793 3089 3846 pace
3119 3794 3150 3830 a
3175 3778 3421 3850 fratribus
3448 3780 3515 3833 ad
3544 3782 3833 3849 apostolos.

2346 3865 2400 3919 2.
2430 3865 2495 3919 1η
2528 3864 2754 3919 Ecclesia
2781 3868 2951 3920 nullus
2976 3867 3157 3937 fastus.
3176 3868 3377 3923 —Non
3416 3870 3548 3924 ultra
3575 3872 3875 3929 seditiones

2278 3969 2331 4013 et
2359 3974 2547 4028 pugnas
2580 3979 2591 4011 :
2622 3958 2846 4027 ideoque
2868 3959 3195 4014 confirmatis
3220 3960 3325 4015 illis
3351 4004 3364 4027 ,
3389 3979 3508 4016 cum
3550 3980 3677 4031 pace
3716 3967 3874 4022 abie-

2278 4058 2401 4105 runt
2432 4068 2444 4102 :
2476 4049 2729 4104 adversus
2758 4050 2979 4105 Paulum
3012 4051 3154 4105 enim
3186 4054 3633 4108 contentiosiores
3662 4068 3820 4110 erant
3856 4076 3870 4109 :

2275 4156 2339 4195 ac
2366 4141 2557 4196 deinde
2584 4140 2780 4195 Paulus
2806 4140 2983 4196 docet.
3014 4141 3104 4196 Sic
3134 4143 3312 4197 nullus
3345 4143 3511 4198 fastus
3532 4154 3647 4199 erat
3678 4147 3731 4199 in
3761 4148 3871 4203 Ec-

2275 4234 2437 4288 clesia
2464 4275 2479 4299 ,
2529 4233 2622 4287 sed
2672 4234 2810 4289 bene
2857 4236 3148 4288 constituta
3193 4238 3393 4290 omnia.
3428 4237 3494 4290 Et
3539 4238 3698 4293 vide:
3745 4253 3874 4309 post

2278 4324 2491 4379 Petrum
2525 4325 2717 4379 Paulus
2745 4325 2981 4394 loquitur
3006 4365 3020 4388 ,
3051 4334 3105 4379 et
3135 4340 3294 4380 nemo
3324 4328 3563 4395 reprimit
3591 4344 3603 4391 ;
3635 4328 3875 4385 Jacobus

2278 4422 2585 4482 exspectat,
2616 4428 2715 4467 nec
2741 4414 2916 4467 exsilit
2946 4432 2959 4468 :
2998 4414 3073 4469 illi
3115 4416 3256 4469 enim
3286 4417 3613 4485 principatus
3638 4434 3870 4474 concre-

2278 4503 2418 4557 ditus
2444 4515 2577 4559 erat.
2606 4503 2744 4557 Nihil
2774 4504 2859 4558 hic
2884 4503 3118 4559 Joannes
3141 4534 3165 4569 ,ν
3200 4505 3330 4560 nihil
3374 4507 3464 4561 alii
3505 4510 3730 4575 apostoli
3780 4510 3870 4563 lo-

2278 4607 2510 4666 quuntur
2531 4637 2543 4661 ,
2578 4596 2668 4650 sed
2700 4605 2879 4650 tacent
2901 4639 2917 4663 ,
2950 4612 3049 4652 nec
3076 4598 3455 4668 indignantur:
3480 4602 3556 4654 sic
3583 4617 3714 4655 vana
3745 4606 3838 4672 g'o
3872 4608 3885 4617 ”

2280 4690 2356 4741 ria
2409 4689 2556 4741 vacui
2612 4687 2776 4741 animi
2827 4697 2999 4742 erant.
3052 4688 3158 4743 Sed
3202 4692 3480 4757 sUperiora
3536 4702 3867 4760 repetamus.

2282 4779 2558 4850 Postquam
2596 4790 2897 4847 tacuerunt,
2948 4782 3118 4849 inquit
3142 4822 3157 4842 ,
3194 4783 3454 4850 respondit
3490 4782 3714 4838 lat-obus
3738 4828 3753 4850 ,
3785 4789 3866 4839 di-

2275 4890 2389 4927 cens
2417 4889 2436 4927 :
2467 4873 2673 4928 Simeon
2706 4876 2927 4927 narravit
2950 4876 3199 4943 quomodo
3223 4877 3439 4945 primum
3466 4878 3599 4933 Deus
3623 4881 3865 4935 uisitauit.

2279 4963 2430 5015 Initio
2457 4964 2827 5018 vehementius
2857 4964 3044 5018 Petrus
3070 4954 3388 5036 loquebatur
3411 5012 3426 5035 ,
3452 4969 3540 5024 hic
3562 4987 3687 5025 vero
3711 4989 3870 5026 man-

2276 5058 2497 5111 snctius.
2533 5057 2605 5112 Ita
2633 5073 2847 5128 semper
2880 5059 3179 5115 faciendum
3211 5072 3293 5118 est
3322 5066 3370 5119 ei
3396 5108 3411 5131 ,
3443 5069 3533 5137 qui
3577 5067 3628 5121 in
3672 5084 3867 5139 magna

2279 5159 2540 5218 potestate
2577 5158 2698 5205 est:
2745 5166 2973 5205 onerosa
3020 5152 3135 5208 aliis
3178 5154 3433 5210 mittenda
3463 5199 3478 5224 ,
3526 5157 3640 5227 ipse
3683 5168 3867 5213 autem

2278 5246 2453 5299 mitius
2483 5260 2643 5315 agere
2682 5244 2863 5299 debet.
2905 5245 3072 5302 Recte
3121 5247 3298 5303 dixit:
3348 5250 3555 5305 Simeon
3595 5254 3827 5306 narravit
3851 5295 3867 5318 ,

2276 5342 2421 5403 quasi
2455 5338 2543 5391 ille
2573 5337 2798 5390 aliorum
2831 5334 3027 5391 referat
3052 5341 3394 5394 sententiam.
3430 5341 3564 5396 Vide
3591 5344 3868 5412 quomodo

2279 5427 2378 5481 hoc
2406 5429 2680 5497 antiquum
2713 5443 2832 5482 esse
2859 5429 3123 5483 ostendat.
3161 5430 3227 5485 Ut
3273 5444 3521 5498 sumeret,
3564 5433 3735 5504 inquit
3759 5477 3773 5497 .
3808 5452 3873 5489 ea:

2276 5517 2498 5586 gentibus
2530 5519 2773 5586 populum
2806 5520 2996 5571 nomini
3024 5537 3138 5573 suo.
3182 5521 3295 5575 Non
3328 5523 3501 5576 solum
3534 5524 3701 5594 elegit
3725 5568 3740 5589 ,
3774 5526 3869 5579 Sed

2275 5606 2433 5661 etiam
2463 5608 2664 5662 nomini
2696 5624 2834 5675 suo;
2885 5611 2936 5665 id
2974 5622 3053 5666 est
3081 5654 3094 5675 ,
3144 5614 3327 5681 gloria:
3372 5629 3502 5669 sure.
3534 5616 3651 5671 Non
3703 5618 3873 5686 pudet

2277 5715 2466 5754 nomen
2486 5717 2637 5755 suum
2654 5718 2719 5755 ex
2735 5706 3101 5773 assumptione
3122 5708 3354 5774 gentium
3381 5709 3607 5779 gloriam
3633 5727 3831 5765 vocare
3854 5729 3871 5767 :

2279 5792 2390 5847 haec
2416 5795 2556 5848 enim
2588 5795 2758 5863 major
2787 5806 2868 5850 est
2895 5798 3085 5867 gloria.
3138 5798 3231 5853 llic
3275 5814 3402 5855 vero
3440 5803 3566 5872 quid
3618 5819 3875 5875 magnum
