4082 6494
402 452 502 509 Ωιίί

384 562 585 635 ἐτέρων
625 560 800 631 λέγειν
835 558 1078 630 γνώμην.
1110 557 1253 629 Ὅρα
1291 556 1405 620 πῶς
1447 554 1684 609 δείκνυσι
1739 549 1968 606 παλαιὸν
1993 549 2053 603 δν

380 651 557 704 τοῦτο.
593 647 808 704 Λαϐεῖν
837 647 906 712 ἐξ
934 643 1123 700 ἐθνῶν
1147 644 1318 707 λαὸν,
1347 642 1499 712 φησὶ,
1538 639 1619 705 τῷ
1659 639 1902 708 ὀνόματι
1941 638 2048 690 αὑ-

383 737 506 791 τοῦ.
556 737 667 805 Ούχ
707 734 890 798 ἁπλῶς
943 733 1238 799 ἐξελέξατο,
1276 729 1411 783 ἀλλά
1451 727 1528 798 τῷ
1582 728 1800 797 ὀνόματι
1847 721 2046 778 αὐτοῦ’

379 824 642 889 τουτέστι,
683 826 746 893 τῇ
787 823 913 893 δόξῃ
951 820 1135 874 αὑτοῦ.
1171 819 1282 872 Ούκ
1319 815 1633 886 αἰσχύνεται
1667 814 1726 866 :0
1757 813 1925 883 ὄνομα
1957 811 2056 864 a0-

381 910 474 963 τοῦ
523 913 587 981 τῇ
621 908 884 980 προλήψει
924 909 1027 960 τῶν
1079 905 1246 959 ἐθνῶν
1283 903 1438 967 δόξαν
1479 902 1676 956 καλῶν.
1723 900 1894 953 Τοῦτο
1945 898 2052 969 γὰρ

385 997 584 1068 μείζων
624 997 768 1062 δόξα.
823 993 1086 1048 Ἐνταῦθά
1133 1011 1183 1045 τι
1235 992 1327 1046 καὶ¹
1357 991 1502 1063 μέγα
1534 989 1848 1042 αἰνίττεται.
1894 987 2052 1039 Ποῖον

378 1087 571 1146 τοῦτο;
631 1084 772 1147 Ὀτι,
822 1083 973 1151 φησὶ,
1014 1081 1118 1152 πρὸ
1163 1079 1379 1132 πάντων
1434 1074 1596 1133 οὗτοι.
1655 1076 1814 1130 Μετὰ
1865 1074 2051 1127 ταῦτα

378 1169 754 1237 ἀναστρέψω,
790 1168 885 1220 καί
941 1165 1412 1234 ἀνοικοδομήσω,
1457 1165 1611 1234 φησὶ,
1651 1162 1765 1229 τὴν
1809 1159 2051 1226 σκηνὴν

385 1256 559 1310 Δαυίδ
603 1257 716 1321 τὴν
742 1252 1138 1306 πεπτωκυῖαν.
1177 1251 1243 1304 El
1275 1269 1359 1314 τις
1399 1251 1640 1321 ἀκριϐῶς
1675 1249 1922 1319 σκοποίη,
1955 1248 2049 1300 νῦν

378 1343 476 1413 τήν
509 1340 780 1411 βασιλείαν
813 1338 1104 1409 ἱσταμένην
1145 1337 1237 1390 τοῦ
1275 1337 1437 1390 Δαυὶδ
1474 1336 1644 1408 ε’ύροι.
1676 1334 1780 1386 Τοῦ
1823 1335 2047 1402 ἐκγόνου

379 1433 486 1501 γὰρ
525 1427 686 1482 αὑτοῦ
725 1425 1116 1496 βασιλεύοντος,
1171 1424 1444 1495 πανταχοῦ
1499 1424 1727 1492 ἐστηκεν
1774 1421 1930 1490 αῦτη.
1983 1422 2046 1473 Τί

378 1519 484 1588 γὰρ
538 1514 728 1584 ὄφελος
765 1513 872 1566 τῶν
915 1513 1228 1582 οἰκημάτων
1268 1512 1362 1564 καὶ
1400 1509 1495 1578 τῆς
1532 1509 1759 1572 πόλεως,
1798 1508 1907 1560 τῶν
1948 1507 2048 1560 ὑπ-

379 1604 684 1658 ακουόντων
715 1602 814 1656 οὐκ
853 1601 1060 1663 δντων;
1099 1602 1248 1650 ποῖον
1287 1598 1342 1649 δέ
1382 1595 1577 1666 βλάϐος
1612 1597 1676 1648 ἐκ
1707 1596 1806 1664 τῆς
1850 1594 2044 1649 καθαι-

383 1694 582 1763 ρέσεως
611 1689 710 1758 τῆς
734 1687 956 1749 πόλεως,
987 1686 1201 1738 πάντων
1233 1685 1325 1735 καὶ
1358 1683 1457 1745 τὰς
1492 1681 1668 1751 ψυχὰς
1709 1679 2046 1750 βουλομένων

378 1777 682 1838 ἐπιδοῦναις
723 1773 982 1826 Ὦστεόύ
1023 1771 1182 1841 μόνον
1222 1770 1470 1840 ἐστηκεν,
1507 1768 1641 1822 ἀλλά
1678 1769 1770 1820 καὶ
1794 1767 2044 1837 λαμπρο-

376 1866 508 1934 τέρα
541 1862 754 1917 πάντων
781 1859 997 1928 γέγονεο
1040 1856 1316 1927 πανταχοῦ
1353 1856 1462 1926 γὰρ
1501 1855 1594 1909 νῦν
1649 1858 1746 1924 τῆς
1803 1852 2048 1922 οἰκουμέ-

377 1967 472 2020 νης
505 1950 708 2022 ᾅδεται.
745 1947 954 2001 Ἐκεῖνο
989 1943 1180 2012 ἐξέϐη⁶
1233 1942 1428 1996 οὐκοῦν
1468 1943 1560 1996 καὶ
1615 1941 1771 1994 τοῦτο
1820 1940 2046 2010 ἐκϐῆναι

373 2040 472 2093 δεῖ.
510 2038 692 2092 Εἰπὼν
726 2035 803 2098 δέ,
859 2035 965 2088 Καὶ
1005 2033 1483 2101 ἀνοικοδομήσω,
1535 2031 1729 2098 ἐπάγει
1799 2030 1890 2082 καὶ
1949 2029 2046 2099 τήν

374 2127 552 2179 αἰτίαν
568 2123 660 2176 τοῦ
682 2123 768 2176 διὰ
794 2123 866 2187 τί,
893 2122 1096 2189 λέγων’
1127 2120 1328 2183 Ὅπως
1350 2117 1756 2184 ἐκζητήσωσιν
1790 2119 1841 2168 οί
1870 2116 2047 2168 κατά-

371 2217 572 2267 λοιποι
603 2209 722 2264 τῶν
765 2207 1090 2278 ἀνθρώπων
1134 2206 1241 2260 τὸν
1289 2207 1532 2274 Κύριον.
1599 2206 1661 2256 Εἰ
1717 2204 1894 2255 τοίνυν
1961 2203 2049 2255 διὰ

371 2297 528 2350 τοῦτο
576 2297 831 2366 ἐξανέστη
866 2296 1082 2365 ἡπόλις
1140 2293 1230 2347 διὰ
1265 2293 1357 2345 τὸν
1418 2292 1478 2354 ἐξ
1530 2291 1729 2349 αὐτῶν,
1774 2290 1933 2358 δῆλον
1967 2291 2048 2341 ὅτι

373 2388 470 2457 τῆς
515 2384 803 2455 οἰκοδομῆς
856 2383 954 2452 τῆς
1015 2382 1222 2442 πόλεως
1261 2379 1434 2432 αἴτιον
1473 2378 1663 2446 γέγονε
1717 2378 1776 2429 :0
1816 2377 1881 2429 τά
1921 2377 2046 2447 ἔθνη

373 2473 658 2543 κληθῆναι.
693 2472 849 2534 Τίνες
875 2470 1012 2523 εἰσὶν
1039 2472 1099 2522 Ol
1126 2468 1507 2530 κατάλοιποι;
1545 2470 1605 2519 Οἰ
1636 2467 2049 2533 ὑπολειπόμενοι

372 2561 511 2615 τότε.
573 2558 710 2611 ’Δλλ’
738 2559 838 2628 ὅρα
876 2555 1041 2609 αὑτὸν
1085 2555 1176 2606 καὶ
1214 2554 1313 2622 τήν
1349 2552 1504 2618 τάξιν
1546 2553 1898 2620 φυλάττοντα,
1953 2552 2050 2604 καὶ

372 2649 656 2716 δευτέρους
686 2645 879 2707 αὐτοὺς
938 2643 1244 2710 εἰσάγοντα.
1286 2638 1455 2708 Λέγει
1484 2641 1721 2709 Κύριος,
1769 2644 1802 2693 ό
1840 2639 2050 2704 ποιῶν,

375 2736 528 2805 φησὶ,
563 2733 750 2787 ταῦτα
798 2730 1014 2784 πάντα.
1066 2728 1140 2781 00
1183 2727 1330 2795 λέγει
1363 2726 1546 2798 μόνον,
1576 2725 1711 2779 ἀλλά
1745 2726 1840 2778 καὶ
1875 2729 2049 2778 ποιεῖ·

375 2826 483 2894 ἀρα
525 2819 660 2874 Θεοῦ
691 2820 848 2890 ἔργον
878 2820 911 2888 ή
945 2817 1134 2886 κλῆσις
1154 2814 1262 2867 τῶν
1289 2813 1652 2867 ἐθνῶν.”Αλλο
1670 2809 1738 2885 ἦν
1770 2812 1831 2866 :0
1860 2813 2054 2884 ζητού-

379 2927 561 2982 μενον,
615 2910 751 2977 ὅπερ
815 2904 1150 2973 σαφέστερον
1189 2901 1281 2954 καὶ
1334 2900 1540 2970 Πέτρος
1579 2900 1799 2969 ἐλεγενο
1853 2901 1916 2953 o0
1975 2901 2057 2954 δεῖ

373 2998 568 3056 αὐτοὺς
609 2990 1052 3066 περιτέμνεσθαι.
1095 2989 1158 3042 Τί
1187 2989 1366 3041 τοίνυν
1404 2987 1578 3042 ταῦτα
1629 2987 1962 3060 δημηγορεῖς
1989 3004 2051 3054 ·;

373 3084 527 3158 [256]
559 3083 632 3135 U0
663 3083 732 3148 γὰ
742 3097 770 3150 ρ
796 3079 861 3149 δὴ
894 3078 1052 3132 τοῦτο
1075 3076 1278 3144 ἐλεγον,
1301 3077 1382 3128 ὃτι
1406 3076 1465 3128 οὐ
1488 3075 1568 3128 δεῖ
1595 3077 1791 3138 αὐτοὺς
1806 3075 2056 3145 δέχεσθαι

375 3171 751 3230 πιστεύοντας,
796 3166 908 3219 ἀλλ’
944 3167 1025 3217 ὅτι
1076 3163 1216 3234 μετά
1247 3165 1434 3233 νόμου.
1472 3163 1580 3217 Kal
1605 3163 1761 3215 τοῦτο
1793 3165 1820 3216 0
1855 3163 2058 3234 Πέτρος

377 3260 554 3321 καλῶς
591 3255 1030 3327 ἐδημηγόρησεν·
1074 3250 1189 3304 ἀλλ’
1245 3251 1433 3322 ἐπειδὴ
1472 3249 1630 3304 τοῦτο
1663 3249 1912 3321 ἐθορύϐει
1954 3251 2058 3321 μά-

373 3361 527 3401 Jama
558 3346 772 3398 πάντων
789 3343 913 3405 τοὺς
936 3339 1227 3411 ἀκροατὰς,
1258 3338 1520 3391 καὶτοῦτο
1550 3337 1842 3407 θεραπεύει
1870 3339 2057 3393 πάλιν.

376 3437 485 3491 Kal
509 3436 632 3504 09a,
653 3433 788 3501 ὅπερ
807 3429 972 3499 ἐχρῆν
1000 3427 1450 3498 νομοθετηθῆναι,
1469 3427 1550 3479 ὅτι
1579 3427 1640 3478 00
1658 3426 1739 3479 δεῖ
1769 3427 2056 3496 φυλάττειν

384 3525 463 3576 τὸν
517 3522 699 3591 νόμον,
751 3522 779 3571 0
833 3517 1037 3586 Πέτρος
1075 3516 1338 3584 εἰσήγαγε
1364 3532 1376 3544 ο
1437 3513 1498 3566 τὸ
1537 3514 1592 3565 δέ
1636 3514 1926 3583 ἡμέτερον,
1962 3516 2056 3568 καὶ

379 3610 544 3663 πάλαι
593 3603 947 3676 παραδεχθέν,
985 3601 1143 3654 τοῦτο
1199 3596 1352 3663 οὗτός
1393 3617 1548 3670 φησι,
1589 3602 1682 3653 καὶ
1731 3602 2057 3674 ἐνδιατρίϐει

376 3697 587 3765 ἐκείνῳ,
619 3693 757 3762 ὺπέρ
783 3686 842 3744 00
868 3689 1020 3742 ούδέν
1050 3688 1379 3757 γέγραπται,
1409 3688 1497 3739 ἴνα
1551 3687 1732 3739 αὐτῶν
1782 3687 2053 3758 0:921:50-

377 3801 474 3847 σας
531 3783 629 3852 τὴν
691 3779 929 3832 διάνοιαν
965 3776 1039 3847 τῷ
1077 3777 1579 3845 συγκεχωρημένῳ,
1626 3775 1896 3846 εὐκαίρως
1948 3779 2058 3829 εἰσ-

377 3868 563 3936 αγάγῃ
595 3867 687 3916 καὶ
715 3862 891 3914 τοῦτο.
937 3861 1032 3913 Διὸ
1063 3858 1176 3927 ἐγὼ
1199 3863 1376 3925 κρίνω
1397 3857 1481 3926 μὴ
1514 3857 1911 3931 παρενοχλεῖν
1933 3857 2057 3924 τοῖς

377 3955 495 4008 ἀπὸ
542 3949 660 4003 τῶν
686 3948 875 4002 ἐθνῶν
910 3947 1368 4016 ἐπιστρέφουσι·
1408 3946 1673 4010 τουτέστι,
1712 3946 1785 4015 μὴ
1835 3946 2058 4016 ἀνατρέο

381 4057 520 4093 πειν.
562 4039 624 4091 Εἰ
660 4036 767 4105 γὰρ
793 4037 820 4088 0
858 4035 986 4097 Θεὸς
1023 4035 1299 4095 ἐκάλεσεν,
1340 4027 1496 4086 αὗται
1547 4032 1602 4084 δὲ
1640 4033 1697 4085 αἰ
1735 4033 2058 4104 παρατηρή-

381 4147 493 4192 σεις
522 4131 547 4168 δ
583 4126 967 4196 ἀνατρέπουσι,
1007 4123 1085 4193 τῷ
1139 4123 1256 4193 Θεῷ
1300 4121 1662 4193 πολεμοῦμεν.
1713 4123 1823 4176 Καὶ
1877 4125 2057 4189 καλῶς

382 4213 524 4277 εἷπε,
600 4213 727 4278 Τοῖς
779 4212 898 4266 ἀπὸ
958 4210 1076 4264 τῶν
1132 4209 1323 4266 ἐθνῶν
1377 4210 1831 4280 ἐπιστρέφουσι,
1878 4211 2055 4283 δηλῶν

383 4307 477 4358 καὶ
507 4302 600 4354 τοῦ
625 4300 756 4354 Θεοῦ
787 4300 884 4370 τήν
918 4298 1124 4352 ἀνωθεν
1185 4298 1310 4368 περί
1345 4299 1543 4360 αὐτοὺς
1593 4300 1925 4369 οἰκονομίαν,
1961 4301 2056 4352 καὶ

383 4392 443 4445 τὸ
471 4391 674 4443 τούτων
714 4387 1040 4449 καταπειθές
1090 4387 1183 4438 καὶ
1229 4387 1444 4455 ἕτοιμον
1471 4389 1549 4449 εἰς
1601 4387 1700 4456 τὴν
1746 4387 1959 4457 κλῆσιν.
1991 4387 2054 4439 Τί

385 4483 522 4543 ἐστι,
554 4478 740 4544 Κρίνω
767 4474 917 4543 ἐτώ;
963 4475 1107 4526 Ἀντί
1134 4473 1249 4537 τοῦ,
1291 4474 1407 4543 μετ’
1442 4473 1688 4538 ἐξουσίας
1721 4473 1864 4541 λέγω
1897 4475 2056 4528 τοῦτο

384 4564 545 4620 εἶναι.
577 4565 738 4618 Ἀλλ’
773 4561 1099 4616 ἐπιστεῖλαι
1125 4562 1330 4626 αὐτοῖς
1362 4561 1466 4614 τοῦ
1489 4561 1838 4629 ἀπέχεσθαι,
1867 4563 2052 4633 φησὶν,

387 4653 504 4708 ἀπὸ
534 4651 652 4704 τῶν
677 4648 1102 4718 ἀλισγημάτων
1133 4647 1248 4702 τῶν
1270 4648 1529 4701 εἰδώλων
1555 4649 1654 4701 καὶ
1698 4647 1797 4716 τῆς
1830 4651 2057 4718 πορνεί-

387 4758 460 4807 ας
511 4740 606 4792 καί
651 4738 756 4792 τοῦ
805 4737 1055 4790 πνικτοῦ
1087 4737 1318 4790 καὶτοῦ
1343 4739 1608 4805 αἵματος.
1653 4730 1824 4790 Δῦται
1865 4739 1973 4808 γάρ
2007 4740 2054 4792 εἰ

391 4829 483 4881 καὶ
542 4826 866 4895 σωματικαὶ,
921 4824 1034 4877 ἀλλ’
1089 4825 1383 4892 ἀναγκαῖαι
1437 4825 1819 4893 φυλάττεσθαι,
1869 4827 2054 4897 ἐπειδὴ

395 4914 605 4987 μεγάλα
639 4912 951 4983 εἰργάζοντο
971 4911 1135 4965 κακά.
1180 4912 1291 4963 Kal
1322 4912 1406 4964 ἵνα
1439 4915 1510 4983 μή
1540 4929 1624 4975 τις
1654 4913 2054 4986 ἀνθυπενέγκῃ,

393 5003 494 5057 Διά
520 5002 572 5054 τί
601 5001 676 5072 μὴ
706 5000 799 5054 καὶ
829 4998 1101 5060 Ἰουδαίοις
1137 4999 1203 5050 τὰ
1233 4998 1368 5050 αὐτὰ
1397 4999 1810 5071 ἐπιστέλλομεν;
1846 5003 2058 5071 ἐπήγας

392 5109 458 5161 γε
493 5089 695 5159 λέγων·
727 5083 988 5152 Μωυσῆς
1014 5085 1081 5138 ἐκ
1113 5083 1333 5153 γενεῶν
1361 5087 1621 5153 ἀρχαίων
1664 5091 1812 5142 κατὰ
1876 5091 2058 5144 πόλιν

396 5177 535 5244 τοὺς
571 5175 992 5244 κηρύσσοντας
1035 5172 1254 5226 ἑαυτὸν
1285 5171 1442 5239 ἔχει·
1501 5173 1767 5239 τουτέστι,
1819 5177 2059 5247 Μωῡσῆς

397 5262 574 5323 αὐτοῖς
606 5258 911 5326 διαλέγεται
963 5255 1219 5325 συνεχῶς.
1259 5256 1428 5309 Τοῦτο
1477 5256 1584 5328 γάρ
1611 5259 1724 5309 ἐστι
1786 5259 1868 5324 :0,
1905 5261 2060 5313 Κατά

400 5343 507 5404 πᾶν
541 5346 805 5401 σάϐϐατον
861 5344 1384 5413 ἀναγινωσκόμενος.
1418 5343 1562 5413 Ὅρα
1606 5345 1746 5415 πόση
1782 5348 1814 5416 ή
1855 5364 2059 5414 συγκα-

400 5436 646 5497 τάϐασις.
682 5432 850 5486 Ἔνθα
876 5430 1028 5482 οὐδὲν
1051 5429 1337 5497 ἔϐλαπτεν,
1362 5431 1660 5501 ἐπέστησεν
1695 5433 1880 5497 αὐτοῖς
1917 5434 2062 5488 διδά-
2094 5477 2098 5484 .

401 5524 618 5588 σκαλον,
651 5521 744 5575 καὶ
789 5519 1078 5591 ἐχαρίσατο
1128 5519 1286 5590 χάριν
1314 5519 1466 5572 οὐδὲν
1510 5521 1927 5590 ἐμποδίζουσαν,
1950 5524 2065 5577 ἐπι-

401 5612 604 5682 τρέψας
633 5608 898 5671 Ἰουδαίοις
922 5607 1144 5662 ἀκούειν
1188 5602 1352 5663 αὑτοῦ
1406 5609 1546 5662 κατά
1577 5610 1773 5677 πάντα,
1803 5614 1896 5665 καὶ
1957 5613 2063 5665 ἀπ-

402 5702 551 5765 άγων
601 5697 726 5758 τοὺς
764 5695 822 5759 ἐξ
852 5695 1053 5748 ἐθνῶνο
1103 5692 1222 5749 εἶτα
1248 5694 1314 5748 δι’
1343 5689 1418 5750 ὧν
1465 5697 1640 5764 ἔδοξεν
1687 5698 1848 5751 αὑτὸν
1874 5703 2060 5771 τιμᾷν,

403 5786 493 5838 καὶ
524 5782 802 5850 ἐφιστάναι
832 5782 944 5844 τοῖς
968 5781 1180 5849 ἐαυτοῦ,
1210 5782 1297 5836 διὰ
1320 5781 1523 5836 τούτων
1554 5785 1810 5854 ἀπήγαγε
1834 5785 1902 5839 τὰ
1935 5785 2061 5858 ἔθνη

404 5871 462 5934 ἐξ
508 5867 687 5923 αὑτοῦ.
733 5867 830 5923 Διά
887 5867 938 5920 τί
976 5863 1069 5922 οὖν
1101 5869 1175 5942 μὴ
1207 5871 1333 5942 παρ’
1361 5871 1525 5925 αὐτοῦ
1560 5873 1923 5943 μανθάνουσι;
1964 5875 2062 5928 Διά

473 6013 480 6018 “
521 6009 712 6075 Μοῐε1.,
740 6012 1042 6077 δημηγορεῖν.
1110 6010 1274 6078 δΑιὶἱ,
1320 6015 1569 6066 ἐκάλεσεν·
1616 6017 1665 6064 αἰ
1709 6016 1758 6064 δέ
1790 6015 2034 6079 ngat-{.973

1188 445 1247 501 S.
1280 438 1560 501 JOANNIS
1595 433 2085 497 CHRYSOSTOMI
2129 430 2457 489 ARCHIEP.
2501 427 3047 488 CONSTANTINOI'.

3733 424 3852 480 9-H

2157 547 2256 618 τήν
2301 546 2505 601 οἰκείαν
2553 546 2856 601 ἀπείθειαν.
2922 540 3202 598 Ἐντεῦθεν
3247 541 3543 609 δείκνυσιν,
3603 545 3689 600 0::
3745 546 3854 600 καὶ

2156 635 2376 697 τούτους
2398 632 2546 687 οὐδὲν
2561 634 2721 688 πλέον
2732 633 2810 686 δεῖ
2828 631 3134 702 φυλάττειν.
3156 631 3216 683 Εἰ
3238 630 3293 683 δὲ
3310 631 3408 683 00x
3424 633 3850 705 ἐπιστέλλομεν,

2153 723 2250 792 οὐχ
2267 720 2342 784 ὡς
2355 720 2674 789 ὀφειλόντων
2687 719 2865 774 αὐτῶν
2889 718 3048 771 πλέον
3065 735 3114 769 τι
3139 716 3446 784 φυλάττειν,
3466 718 3582 772 ἀλλ’
3597 720 3672 783 ὡς
3689 720 3852 790 ἑχόν-

2151 828 2256 864 των
2272 809 2361 863 τὺν
2377 810 2628 878 λέγοντα.
2655 809 2763 861 Kal
2783 809 2885 861 ούκ
2911 802 3054 868 εἰπε,
3098 806 3188 874 Μή
3235 805 3606 870 σκανδαλίζειν
3637 807 3851 869 αὐτοὺς

2154 897 2287 968 μηδέ
2321 896 2743 966 καταστρέφειν,
2765 895 2904 964 ὅπερ
2933 892 3145 955 Παῦλος
3174 891 3322 960 λέγει
3363 891 3650 956 Γαλάταις,
3675 892 3846 958 ἀλλὰ,

2150 983 2244 1050 Μὴ
2260 982 2658 1051 παρενοχλεῖν
2675 998 2688 1010 ·
2708 981 2843 1050 ὅπερ
2861 980 3012 1032 οὐδὲν
3025 977 3296 1030 δείκνυσιν
3319 978 3378 1031 δν
3395 979 3454 1030 :0
3477 978 3844 1048 κατόρθωμα,

2149 1069 2263 1122 ἀλλ’
2292 1069 2323 1140 ἢ
2356 1071 2514 1140 μόνον
2539 1067 2838 1138 ἐνόχλησιν.
2875 1065 3061 1125 υῦτως
3087 1062 3308 1128 ἐξέλυσε
3350 1063 3412 1115 :0
3438 1066 3569 1118 πᾶν.
3604 1066 3714 1117 Kal
3745 1065 3846 1117 δο⁴

2149 1160 2235 1210 κεῖ
2266 1157 2362 1228 μέν
2386 1158 2479 1210 καὶ
2506 1158 2596 1209 τὸν
2622 1156 2784 1226 νόμον
2815 1156 3004 1224 τηρεῖν
3033 1151 3111 1222 τῷ
3141 1151 3200 1215 ἐξ
3223 1149 3388 1204 αὑτοῦ
3415 1150 3592 1221 ταῦτα
3623 1151 3842 1217 λαϐεῖν,

2148 1245 2302 1297 ἔλυσε
2325 1245 2380 1297 δὲ
2406 1244 2570 1297 αὑτὸν
2605 1243 2682 1313 τῷ
2720 1243 2856 1314 μόνα
2883 1241 3090 1294 λαϐεῖν.
3122 1240 3315 1294 Καίτοι
3345 1256 3409 1307 γε
3446 1239 3706 1302 πολλάκις
3736 1241 3845 1292 αύ-

2148 1336 2257 1396 ἐοῖς
2281 1333 2418 1403 ὑπὲρ
2445 1331 2652 1384 τούτων
2683 1329 2930 1400 διελέχθη
2952 1346 2966 1361 ο
3003 1327 3120 1381 ἀλλ’
3145 1327 3232 1380 ἴνα
3269 1327 3395 1397 δόξῃ
3423 1328 3517 1379 καὶ
3544 1327 3635 1379 τὸν
3670 1327 3845 1397 νόμον

2153 1423 2331 1491 τιμᾷν,
2374 1419 2467 1473 καὶ
2493 1417 2668 1472 ταῦτα
2707 1419 2804 1488 οὐχ
2833 1416 2908 1480 ὡς
2936 1416 3046 1470 ἀπὸ
3087 1416 3367 1476 Μωῦσὲως
3387 1414 3583 1483 λέγων,
3615 1414 3730 1467 ἀλλ’
3761 1414 3846 1477 ὼς

2144 1509 2250 1562 ἀπὸ
2268 1507 2376 1560 τῶν
2397 1506 2733 1571 ἀποστόλων,
2760 1505 2855 1558 καὶ
2884 1505 2972 1558 ἵνα
2994 1503 3194 1566 πολλάς
3222 1504 3423 1574 ποιήσῃ
3455 1503 3554 1566 τὰς
3589 1502 3840 1567 ἐντολὰς,

2143 1612 2241 1666 την
2261 1594 2386 1665 μίαν
2408 1595 2590 1648 διεῖλε.
2617 1593 2792 1646 Τοῦτο
2825 1593 3064 1663 μάλιστα
3089 1591 3288 1654 αὐτοὺς
3321 1591 3650 1644 ἀνέπαυσεν.
3678 1591 3844 1643 Οἰκοο

2143 1683 2379 1753 νομικῶς
2422 1682 2479 1734 δέ
2537 1681 2729 1750 γέγονε
2776 1681 2868 1734 καὶ
2925 1681 2959 1750 ἠ
3012 1678 3292 1746 ἀντιλογία
3320 1717 3335 1742 ,
3393 1678 3480 1730 ἶνα
3539 1681 3678 1747 μετὰ
3735 1677 3843 1748 τὴν

2143 1769 2450 1838 ἀντιλογίαν
2499 1767 2840 1838 βεϐαιότερον
2883 1765 3005 1841 ᾕτὺ
3033 1767 3236 1836 δόγμαι
3275 1807 3288 1820 .
3331 1767 3469 1819 Τότε
3507 1765 3683 1827 ἔδοξε
3711 1765 3843 1831 τοῖς

2143 1858 2525 1922 ἀποστόλοις,
2593 1857 2778 1925 φησὶν,
2845 1854 3072 1922 ἄνδρας
3121 1852 3500 1922 ἡγουμένους
3577 1853 3648 1904 ἐν
3711 1854 3842 1918 τοῖς

2143 1944 2430 2014 ἀδελφοῖς
2464 1947 2713 2014 πέμψαι.
2744 1945 2819 1998 O0
2851 1944 2978 2008 τοὺς
3016 1945 3301 2015 τυχόντας,
3344 1942 3480 1996 ἀλλά
3517 1949 3642 2006 τοὺς
3671 1945 3845 2013 ἡγου-

2148 2034 2340 2103 μένους
2375 2032 2687 2101 πέμπουσιν
2707 2031 3057 2102 ἐκλεξάμενοι
3075 2047 3087 2060 ·
3125 2029 3251 2096 Τοῖς
3276 2030 3426 2084 κατὰ
3445 2031 3838 2098 Ἀντιόχειαν,

2147 2121 2314 2193 φησὶ,
2370 2119 2469 2174 καί
2513 2119 2738 2186 Συρίαν
2786 2115 2885 2172 καί
2937 2119 3248 2185 Κιλικίαν,
3311 2117 3439 2172 ἔνθα
3491 2119 3552 2171 :0
3621 2121 3842 2190 νόσημα

2146 2208 2365 2278 ἐτέχθη.

2217 2303 2284 2364 γ’.
2317 2293 2468 2367 [257]
2492 2294 2632 2364 Ὀρα
2655 2292 2818 2362 μηδὲν
2834 2293 3091 2363 φορτικὸν
3108 2293 3136 2333 δ
3165 2293 3529 2348 κατ’ἐκείνων
3557 2295 3842 2363 λέξοντας,

2145 2381 2257 2436 ἀλλ’
2301 2384 2380 2440 εἰς
2412 2379 2470 2432 ἐν
2503 2379 2745 2451 ὁρῶντας
2787 2381 2967 2447 μόνον,
3009 2379 3151 2433 ὥστε
3197 2381 3502 2452 ἀνατρέψαι
3529 2383 3590 2434 :0
3631 2400 3872 2454 γεγενη-

2151 2471 2308 2540 μένον
2326 2484 2339 2498 ο
2372 2468 2528 2521 τοῦτο
2557 2467 2664 2538 γάρ
2691 2467 2924 2530 καὶτοὺς
2948 2469 3066 2519 ἐκεῖ
3089 2468 3480 2533 στασιάζοντας
3499 2471 3842 2541 ὁμολογῆσαι

2145 2560 2337 2613 ἐποίει.
2354 2559 2466 2612 Οὐκ
2495 2553 2668 2621 εἷπον,
2691 2558 2772 2609 ὅτι
2799 2557 2848 2610 οἱ
2877 2556 3214 2622 ἀπατεῶνες,
3233 2559 3280 2610 οἰ
3303 2557 3600 2627 λυμεῶνες,
3625 2561 3718 2612 καὶ
3736 2562 3844 2613 ὅσα

2147 2645 2369 2700 τοιαῦτα
2394 2659 2407 2674 ⁶
2441 2646 2618 2698 καίτοι
2653 2644 2780 2696 ἔνθα
2802 2645 2989 2715 ἐχρῆν,
3025 2647 3168 2697 ποιεῖ
3196 2645 3328 2698 αὐτὸ
3353 2645 3585 2711 Παῦλος,
3609 2647 3684 2711 ὡς
3705 2649 3843 2702 ὅταν

2148 2733 2301 2806 λέγῃ·
2327 2735 2394 2786 Ὤ
2432 2732 2672 2798 πλήρης
2692 2731 2920 2796 παντὸς
2947 2730 3135 2784 δόλου
3156 2746 3169 2758 ·
3195 2731 3430 2785 ἐνταῦθα
3457 2732 3515 2784 δέ
3549 2734 3842 2804 κατορθω-

2149 2819 2350 2881 θέντος,
2414 2817 2513 2870 οὐκ
2557 2815 2638 2868 ἐτι
2685 2814 2841 2885 χρεία
2887 2813 2977 2884 ἢν.
3024 2816 3136 2869 Kal
3180 2817 3301 2887 ὅρα,
3336 2817 3399 2870 00
3441 2817 3711 2882 τιθέασιν,
3747 2820 3836 2872 ὅτι

2148 2906 2291 2967 τινὲς
2325 2904 2380 2970 ἐξ
2413 2903 2570 2974 ἡμῶν
2600 2903 2896 2955 ἐκέλευσαν
2932 2903 3076 2972 ὑμᾶς
3100 2902 3192 2956 τὸν
3216 2903 3378 2974 νόμον
3405 2907 3594 2976 τηρεῖν
3625 2923 3638 2936 ο
3693 2907 3840 2972 ἀλλ’,

2148 2989 2487 3058 Ἐτάραξαν
2538 2983 2696 3057 ὑμᾶς
2733 2989 2942 3058 λόγοις
2969 2990 3506 3058 ἀνασκευάζοντες.
3540 2994 3707 3046 Ούδέν
3738 3013 3804 3048 κυ
3827 3025 3842 3037 -

2156 3077 2413 3149 ριώτερον
2449 3078 2548 3146 τῆς
2573 3077 2771 3140 λέξεως
2803 3092 2815 3104 ·
2842 3076 3016 3140 οὐδεὶς
3039 3078 3211 3141 οὕτως
3251 3075 3394 3133 εἷπε.
3451 3081 3563 3144 Τάς
3601 3082 3703 3151 ήδη
3747 3082 3843 3152 βε-

2155 3164 2481 3227 ϐαιωθείσας
2515 3163 2716 3233 ψυχὰς,
2743 3165 2927 3232 φησὶν,
2961 3163 3448 3231 ἀνασκευάζοντες,
3477 3167 3725 3241 καθάπερ
3745 3171 3843 3223 ἐπὶ

2154 3252 2444 3322 οἰκοδομῆς
2488 3251 2558 3304 τὰ
2606 3251 2702 3303 ὑπ’
2741 3249 2969 3305 ἐκείνων
3015 3254 3362 3322 γεγενημένα
3401 3254 3662 3318 τιθέντες.
3716 3252 3844 3323 Οἷς,

2155 3343 2341 3411 φησὶν,
2373 3343 2445 3395 οὺ
2479 3339 2958 3407 διεστειλάμεθα.
2998 3339 3256 3404 Ἕδοξεν
3278 3337 3394 3395 οὖν
3427 3343 3568 3409 ἡμῖν
3596 3349 3846 3414 γενομέ-

2153 3446 2282 3494 νοις
2315 3427 2697 3497 ὁμοθυμαδὸν
2715 3428 2837 3480 σὺν
2876 3427 2999 3492 τοῖς
3032 3428 3380 3496 ἀγαπητοῖς.
3422 3431 3487 3482 Εί
3540 3432 3844 3503 ἀγαπητοὶ,

2153 3517 2213 3569 00
2250 3517 2761 3587 καταφρονήσουσιν
2793 3515 2973 3568 αὐτῶν
3009 3529 3024 3546 ·
3054 3517 3104 3567 εἰ
3148 3517 3474 3587 παρέδωκαν
3508 3520 3606 3580 τὰς
3636 3520 3846 3591 ψυχὰς,

2153 3607 2247 3656 καὶ
2275 3604 2429 3657 αὐτοὶ
2447 3602 2753 3670 ἀξιόπιστοί
2779 3604 2935 3655 εἰσιν.
2965 3603 3468 3672 Ἀπεστάλκαμεν
3490 3602 3623 3670 οὖν,
3649 3611 3847 3677 φησὶν,

2151 3691 2381 3744 Ἰούδαν
2410 3691 2509 3743 καὶ
2533 3691 2742 3752 Σίλαν,
2767 3689 2863 3742 καί
2889 3690 3115 3754 αὐτοὺς
3156 3689 3253 3742 διὰ
3298 3692 3486 3760 λόγου
3537 3693 3846 3763 ἀπαγγέλ-

2151 3782 2378 3843 λοντας
2405 3779 2478 3831 τὰ
2505 3777 2676 3832 αὐτά.
2710 3777 2856 3829 Ἔδει
2881 3776 2990 3847 γὰρ
3023 3777 3097 3847 μὴ
3124 3777 3222 3847 τὴν
3250 3780 3546 3850 ἐπιστολὴν
3579 3787 3846 3852 παρεῖναι

2157 3866 2337 3935 μόνον,
2373 3865 2461 3916 ἵνα
2495 3865 2570 3934 μὴ
2601 3864 2857 3931 λέγωσιν,
2899 3865 2982 3916 ὅτι
3029 3866 3412 3934 συνήρπασαν,
3439 3867 3520 3921 ὅτι
3555 3869 3690 3922 ἀλλα
3725 3873 3846 3924 ἀντ’

2153 3953 2327 4007 ἀλλων
2351 3947 2534 4003 εἶπαν.
2574 3949 2643 4002 Τὸ
2673 3949 2952 4020 ἐγκώμιον
2982 3950 3043 4002 :0
3087 3953 3210 4022 περὶ
3271 3953 3486 4007 Παῦλον
3540 3957 3847 4029 ἐνέφραξεν

2150 4039 2330 4093 αὐτῶν
2363 4039 2430 4092 τά
2463 4037 2730 4107 στόματα.
2763 4037 2863 4090 Διά
2884 4038 2991 4107 γὰρ
3018 4037 3176 4090 τοῦτο
3205 4038 3332 4092 00:5
3359 4041 3574 4108 Παῦλος
3613 4044 3842 4115 ἔρχεται

2155 4128 2314 4198 μόνον
2335 4124 2460 4179 οὔτε
2489 4123 2796 4196 Βαρνάϐας,
2831 4123 2967 4176 ἀλλά
2986 4125 3080 4177 καὶ
3107 4125 3258 4178 ἄλλοι
3306 4128 3415 4181 ἀπὸ
3447 4128 3548 4197 τῆς
3605 4132 3843 4204 Ἐκκλη-

2153 4215 2293 4281 σίας,
2323 4214 2410 4266 ἵνα
2438 4211 2516 4284 μὴ
2547 4211 2787 4273 ὕποπτος
2819 4205 2888 4284 ᾖ,
2933 4211 3121 4284 ἐπειδὴ
3183 4213 3348 4276 αὐτὸς
3398 4215 3845 4287 ἀντελαμϐάνετο

2149 4301 2241 4353 τοῦ
2271 4301 2564 4370 δόγματος,
2594 4299 2718 4352 00:5
2744 4300 2794 4351 οἱ
2821 4299 2930 4350 ἀπὸ
2963 4298 3357 4370 Ἱεροσολύμων
3385 4302 3556 4372 μόνοι.
3587 4306 3843 4362 Δείκνυσι

2153 4389 2267 4449 πῶς
2294 4386 2596 4452 ἀξιόπιστοί
2623 4387 2762 4438 εἰσιν
2793 4401 2807 4415 ο
2838 4385 2938 4438 οὐκ
2975 4385 3286 4449 ἐξισοῦντες
3324 4389 3573 4458 ἑαυτοὺς,
3618 4395 3786 4462 φησίν
3825 4413 3841 4427 ο

2151 4475 2250 4543 οὐχ
2283 4472 2424 4526 οὕτω
2457 4473 2757 4542 μαίνονται.
2787 4472 2886 4524 Διά
2908 4489 2989 4523 τοι
3021 4473 3180 4525 τοῦτο
3213 4475 3305 4527 καὶ
3333 4477 3416 4538 τὸ,
3476 4478 3842 4550 Ἀνθρώποις

2151 4559 2601 4627 παραδεδωκόσι
2634 4559 2739 4622 τὰς
2756 4560 2962 4626 ψυχὰς
2997 4558 3198 4613 αὐτῶν
3223 4561 3376 4630 ὑπὲρ
3406 4563 3512 4617 τοῦ
3536 4565 3842 4635 ὀνόματος

2151 4650 2258 4704 τοῦ
2312 4651 2532 4717 Κυρίου
2586 4647 2757 4719 ἡμῶν
2778 4649 2983 4716 Ἰησοῦ
3016 4651 3299 4718 Χριστοῦ,
3347 4655 3656 4727 προσέθηκε
3690 4674 3705 4687 ’
3745 4660 3843 4712 καὶ

2151 4741 2293 4801 τίνος
2333 4738 2518 4790 ἕνεκεν
2568 4733 2740 4800 εἷπεν,
2809 4737 3020 4802 Ἔδοξε
3069 4738 3148 4803 τῷ
3199 4741 3346 4808 ἁγίῳ
3382 4743 3685 4812 Πνεύματι
3740 4748 3843 4800 καί

2151 4825 2314 4894 ἡμῖν,
2341 4827 2518 4878 καίτοι
2538 4825 2696 4895 ἤρκει
2726 4825 2922 4889 εἰπεῖν,
2961 4823 3045 4889 Τῷ
3071 4825 3220 4896 ἁγίῳ
3245 4829 3581 4896 Πνεύματι;
3611 4831 3685 4884 T0
3714 4833 3841 4902 μὲν,

2158 4910 2241 4976 Τῷ
2273 4912 2418 4980 ἁγίῳ
2449 4911 2767 4979 Πνεύματι,
2799 4911 2892 4962 ἵνα
2929 4911 3003 4981 μὴ
3040 4912 3336 4984 νομίσωσιν
3365 4914 3712 4988 ἀνθρώπινον
3765 4917 3846 4972 εἰ-

2152 5017 2240 5051 νιι
2276 5015 2288 5027 ·
2319 4998 2478 5063 τὸδὲ,
2527 4999 2718 5066 Ἡμῖν,
2753 4989 3193 5068 ῖνίδιδαχθῶσιν
3217 5043 3231 5065 ,
3267 5002 3348 5054 ὅτι
3397 5004 3490 5057 καὶ
3529 5004 3689 5056 αὐτοὶ
3747 5010 3846 5061 καὶ

2155 5084 2529 5153 ἀποδέχονται,
2579 5084 2673 5137 καὶ
2726 5086 2783 5136 ἐν
2818 5088 3086 5156 περιτομῇ
3135 5086 3308 5151 ὄντες.
3372 5087 3582 5156 Μηδὲν
3624 5089 3845 5154 πλέον,

2157 5170 2340 5240 φησὶν,
2367 5171 2736 5225 ἐπιτίθεσθαι
2758 5172 2953 5240 ,ϐάρος
2967 5173 3130 5242 ὑμῖν.
3153 5174 3340 5227 Ταῦτα
3359 5175 3633 5244 λέγουσιν,
3651 5177 3749 5228 ἐπε
3759 5177 3844 5250 ιδὴ

2158 5257 2292 5328 πρὸς
2322 5257 2645 5328 ἀνθρώπους
2670 5257 2920 5323 ἀσθενεῖς
2951 5259 3033 5313 ἐτι
3067 5263 3094 5313 0
3126 5259 3283 5329 λόγος
3307 5258 3394 5333 ῆν,
3441 5264 3535 5317 καί
3594 5264 3846 5336 πεφοϐη-

2162 5344 2352 5414 μένους
2381 5342 2579 5407 αὑτούς
2601 5359 2618 5376 ο
2641 5343 2730 5396 διὰ
2760 5345 2919 5398 τοῦτο
2956 5347 3049 5400 καὶ
3113 5347 3275 5403 τοῦτο
3319 5349 3665 5420 πρόσκειται.
3725 5351 3846 5404 Δείο

2159 5449 2312 5485 κνυσι
2329 5432 2385 5485 δὲ
2401 5431 2520 5502 οὐχὶ
2543 5432 3002 5499 συγκαταϐάσεως
3024 5434 3153 5488 ὄντα
3173 5435 3264 5488 τὸν
3295 5434 3474 5504 λόγον,
3505 5436 3626 5490 ούδέ
3652 5438 3847 5510 ἐπειδὴ

2159 5520 2428 5588 ἐφείδοντο
2477 5519 2658 5572 αὐτῶν
2707 5521 2828 5574 ούδέ
2875 5521 2950 5584 ὡς
2976 5521 3219 5576 ἀσθενῶν
3252 5539 3266 5554 ο
3304 5523 3798 5578 ἀλλά-τούναντίον
3829 5543 3842 5556 ο

2159 5607 2326 5676 πολλὴ
2357 5607 2467 5676 γὰρ
2521 5607 2616 5660 καὶ
2647 5607 2755 5662 τῶν
2802 5608 3139 5662 διδασκάλων
3184 5609 3348 5675 αἰδὼς
3379 5605 3484 5681 ἦν’
3530 5611 3708 5663 ἐκεῖνο
3733 5612 3847 5683 γὰρ

2158 5696 2409 5766 περιττὸν
2442 5694 2608 5765 βάρος
2626 5692 2714 5766 ῆν.
2742 5697 2885 5766 Ὅρα
2911 5695 3174 5767 βραχεῖαν
3199 5698 3491 5769 ἐπιστολήν
3512 5699 3665 5752 οὐδὲν
3681 5699 3846 5754 πλέον

2160 5778 2407 5849 ἔχουσαν,
2433 5778 2554 5832 ούδέ
2585 5779 2930 5842 κατασκευάς
2963 5780 3083 5833 οὐδὲ
3106 5781 3524 5852 συλλογισμοὺς,
3558 5783 3673 5836 ἀλλ’
3719 5785 3844 5837 ἐπί-

2159 5883 2345 5936 ταγμα
2382 5880 2428 5905 ε·
2464 5866 2779 5938 Πνεύματος
2811 5868 2918 5940 γὰρ
2949 5863 3018 5939 ἦν
3044 5870 3357 5940 νομοθεσία.
3396 5873 3544 5925 ’Λνω
3574 5874 3663 5923 καὶ
3689 5873 3846 5927 κάτω

2198 5973 2272 6046 ..ξ’
2301 5972 2591 6046 εεηιιεηιὶε,
2621 5974 2992 6046 :o'::.._..__;-r,_a_iv,
3014 5975 3195 6046 όεευιιι
3216 5979 3263 6046 i_n
3293 5990 3437 6046 uno._
3476 5977 3502 6016 ιι
3527 5977 3682 6046 ἰαί-ειη,
3710 5977 3848 6037 "09a

2161 6035 2295 6083 οὐδὲν
2328 6037 2690 6101 φορτικώτερον.

2165 6112 2306 6159 ματα.

2761 6041 2781 6067 ε
2811 6037 3035 6100 Quidam,
3079 6038 3186 6087 οὐδὲ
3220 6038 3490 6103 λογισμοὺς,
3517 6039 3619 6087 ἀλλ’
3642 6039 3846 6100 ἐπιτατ-
