4082 6524
222 482 318 538 2H

231 594 555 650 subindicat.
589 589 870 660 Quodnam
900 584 1156 643 illudilli
1180 626 1197 653 ,
1230 584 1439 655 inquit,
1468 590 1595 638 ante
1618 595 1828 637 omnes.

237 686 422 740 Postea
449 700 587 740 vero
614 690 899 738 convertam
923 696 1003 733 me
1026 688 1072 732 et
1101 676 1424 746 rewdi/icabo
1455 672 1836 729 tabernaculum

234 777 407 833 lhmid
426 819 440 843 ,
469 777 607 848 quod
635 776 840 830 decidit.
868 772 923 827 Si
947 772 1068 842 quis
1095 779 1345 826 accurate
1366 769 1612 838 exploret
1636 806 1651 830 ,
1670 763 1840 819 .Davi-

234 871 321 925 dis
352 885 576 941 regnum
602 881 745 926 nunc
770 876 916 921 stare
945 863 1200 919 inveniet.
1226 862 1360 917 Nam
1384 873 1505 916 cum
1534 876 1602 915 ex
1625 852 1692 914 eo
1716 872 1846 928 pro-

233 972 432 1033 gnatus
461 968 649 1033 regnet
678 1001 693 1027 ,
726 968 834 1013 stat
860 958 1059 1028 ubique
1093 971 1319 1027 regnum
1364 954 1502 1025 ejus.
1530 952 1668 1020 Quid
1712 964 1842 1021 pro-

234 1063 363 1109 snut
393 1054 538 1111 enim
571 1051 840 1107 domicilia
870 1060 923 1105 et
955 1048 1081 1103 urbs
1106 1090 1122 1116 ,
1163 1050 1207 1103 si
1240 1046 1438 1102 subditi
1468 1061 1572 1101 non
1602 1044 1751 1099 sint?
1788 1049 1845 1097 et

234 1146 369 1218 quid
396 1146 574 1202 damni
609 1161 675 1200 ex
702 1144 849 1199 urbis
876 1142 1094 1197 excidio
1118 1184 1135 1207 ,
1167 1156 1289 1195 cum
1320 1154 1509 1195 omnes
1536 1137 1698 1192 etiam
1723 1134 1842 1188 ani-

235 1253 358 1295 mas
387 1253 512 1294 suas
541 1237 856 1308 impendere
882 1236 1089 1291 velint?
1122 1233 1305 1303 Itaque
1348 1246 1457 1286 non
1505 1229 1667 1285 modo
1695 1236 1797 1282 stat
1826 1268 1841 1293 ,

233 1332 336 1388 sed
364 1340 418 1386 et
438 1332 679 1386 omnimn
700 1327 1198 1400 splendidissimum
1228 1324 1423 1379 factum
1448 1332 1534 1378 est
1559 1342 1571 1374 :
1600 1337 1721 1374 nam
1752 1336 1849 1390 per

233 1433 411 1477 totum
441 1438 582 1477 nunc
610 1422 795 1478 orbem
829 1419 1153 1474 celebratur.
1189 1416 1319 1471 Illud
1349 1416 1530 1471 evenit
1560 1431 1573 1472 :
1624 1428 1753 1489 ergo
1789 1422 1846 1467 et

233 1516 345 1570 hoc
372 1516 589 1570 evenire
620 1519 853 1582 oportet.
893 1509 995 1566 Ubi
1033 1520 1211 1564 autem
1244 1509 1377 1562 dixit
1407 1551 1421 1573 ,
1458 1506 1804 1574 Reccdiﬁcubo
1830 1546 1844 1571 ,

231 1621 456 1659 causam
488 1604 633 1658 addit
664 1623 676 1657 :
707 1602 775 1657 Ut
800 1603 1062 1672 requirant
1088 1601 1256 1656 ueteri
1283 1600 1511 1653 homines
1540 1598 1845 1651 Dominum.

229 1698 287 1752 Si
320 1711 451 1767 ergo
481 1695 603 1751 ideo
634 1704 811 1750 erecta
843 1704 925 1749 est
954 1693 1144 1747 civitas
1176 1701 1396 1762 propter
1435 1706 1556 1744 eum
1586 1732 1601 1755 ,
1648 1689 1736 1760 qui
1780 1704 1846 1744 ex

233 1788 371 1858 ipsis
396 1828 409 1851 ,
456 1787 633 1858 palam
670 1796 753 1841 est
792 1785 1133 1840 reardilica‘xe
1162 1784 1399 1839 civitatis
1429 1797 1645 1837 causam
1686 1781 1851 1835 luisse

232 1880 476 1949 gentium
506 1878 866 1931 vocationem.
915 1875 1144 1942 Quinam
1193 1883 1318 1928 sunt
1368 1872 1615 1942 Reliqui?
1649 1871 1728 1925 Illi
1758 1871 1848 1940 qui

237 1980 371 2025 tunc
404 1961 863 2038 relinquebantur.
897 1967 1002 2022 Sed
1034 1967 1155 2021 vide
1184 1966 1332 2020 illum
1362 1974 1417 2020 et
1456 1963 1703 2019 ordinem
1750 1976 1849 2016 cn-

236 2062 446 2116 stodire
469 2101 485 2126 ,
517 2071 571 2115 et
596 2058 865 2115 secundos
891 2058 1018 2113 illos
1044 2057 1321 2112 inducere.
1371 2056 1513 2109 Dixit
1557 2053 1809 2108 Dominus
1832 2094 1847 2119 ,

233 2154 325 2224 qui
353 2153 478 2223 facit
504 2152 611 2206 haec
637 2152 826 2205 omnia.
856 2148 974 2204 Non
1004 2147 1168 2203 modo
1209 2147 1383 2211 dicit,
1430 2146 1524 2200 sed
1572 2152 1627 2200 et
1674 2140 1799 2198 facit
1833 2160 1847 2197 :

236 2260 372 2314 ergo
405 2244 495 2298 Dei
528 2257 663 2313 opus
687 2248 772 2295 est
802 2241 1013 2295 vocatio
1043 2239 1304 2310 gentium.
1347 2236 1505 2292 Aliud
1548 2246 1663 2291 erat
1708 2234 1850 2305 quod

236 2334 585 2406 quaerebatur
606 2374 620 2396 ,
648 2334 791 2405 quod
816 2333 1015 2387 clarius
1040 2331 1257 2386 dicebat
1280 2330 1471 2385 Petrus
1500 2348 1511 2381 :
1536 2327 1654 2383 Non
1682 2342 1848 2396 opor-

242 2437 319 2483 tet
352 2428 473 2481 illos
501 2425 837 2481 circumcidi.
865 2423 973 2479 Cur
1002 2437 1132 2494 ergo
1163 2422 1279 2477 haec
1307 2419 1688 2495 concionaris?
1710 2418 1852 2474 Sane

239 2537 350 2576 non
385 2519 486 2575 hoc
520 2519 774 2575 dicebant
814 2518 933 2584 illi,
976 2516 1120 2587 quod
1170 2515 1457 2571 credentes
1504 2529 1608 2568 non
1652 2512 1844 2568 admito

241 2612 389 2668 tendi
421 2620 634 2676 essent,
666 2610 758 2665 sed
785 2610 928 2680 quod
956 2623 1079 2664 cum
1121 2608 1240 2678 lege
1279 2606 1619 2662 admittendi.
1654 2605 1722 2659 Et
1750 2606 1852 2659 hoc

240 2707 405 2760 ctiam
439 2704 631 2760 Petrus
675 2704 811 2759 bene
847 2705 1199 2757 concionatus
1240 2710 1363 2767 est;
1406 2700 1499 2755 sed
1550 2698 1673 2769 quia
1722 2697 1852 2753 illud

242 2796 481 2851 maxime
511 2796 750 2849 omnium
782 2794 1057 2848 auditores
1088 2792 1379 2859 turbabat,
1414 2792 1517 2845 hoc
1550 2791 1712 2846 etiam
1758 2788 1851 2845 Ja.

243 2888 417 2943 cobus
443 2893 614 2940 curat.
642 2882 709 2939 Et
736 2884 857 2939 vide
880 2926 895 2949 ,
931 2884 983 2939 id
1011 2883 1154 2954 quod
1185 2883 1472 2953 oportebat
1500 2883 1617 2952 lege
1648 2881 1809 2936 statui
1835 2921 1851 2945 ,

244 2996 356 3036 non
385 2977 708 3033 servandam
736 2991 857 3031 esse
887 2977 1056 3045 legem
1083 3017 1099 3043 ,
1132 2975 1184 3030 id
1212 2975 1403 3030 Petrus
1430 2974 1640 3029 induxit
1667 2992 1681 3027 :
1710 2973 1853 3044 quod

245 3086 379 3125 vero
407 3078 651 3126 nostrum
681 3076 766 3123 est
790 3109 805 3135 ,
829 3066 1084 3138 quodque
1095 3066 1206 3137 jam
1230 3066 1357 3120 olim
1380 3076 1692 3134 susceptum
1716 3064 1813 3119 fuit
1837 3106 1853 3133 ,

247 3164 356 3219 hoc
378 3163 511 3219 dicit
539 3162 642 3217 iste
665 3201 682 3228 ,
715 3169 771 3217 et
801 3168 1051 3215 versatur
1079 3160 1131 3214 in
1159 3173 1227 3215 eo
1253 3201 1269 3227 ,
1299 3159 1366 3213 de
1408 3175 1515 3227 quo
1556 3158 1688 3212 nihil
1719 3159 1856 3213 scri-

248 3265 401 3325 ptum
447 3264 594 3317 erat;
642 3261 700 3307 ut
743 3267 839 3322 per
888 3266 1001 3306 rem
1045 3264 1363 3305 concessam
1415 3250 1626 3304 illorum
1673 3260 1857 3303 curata

250 3356 476 3411 mente,
530 3346 631 3400 hoc
667 3345 829 3399 etiam
884 3350 1188 3413 Opportune
1242 3341 1545 3396 induceret.
1595 3340 1720 3395 Ideo
1767 3358 1859 3413 ego

250 3439 425 3511 judico
456 3454 559 3491 non
587 3436 859 3503 inquietari
880 3450 962 3488 eos
986 3476 1001 3501 ,
1020 3434 1106 3503 qui
1127 3450 1192 3487 ea:
1208 3434 1440 3503 gentibus
1459 3443 1819 3486 convertuntur
1842 3451 1861 3496 ,-

253 3532 306 3587 id
334 3538 419 3586 est
441 3571 457 3597 ,
486 3546 593 3584 non
621 3527 947 3583 avertendos
974 3541 1118 3583 esse.
1164 3526 1300 3581 Nam
1339 3527 1383 3580 si
1430 3526 1571 3580 Deus
1608 3526 1818 3580 vocavit
1843 3568 1858 3593 ,

254 3636 310 3679 et
341 3623 445 3677 illuc
471 3620 878 3676 observationes
910 3628 1196 3684 avertunt,
1228 3627 1414 3673 contra
1450 3618 1619 3671 Deum
1652 3632 1862 3687 pugna-

256 3729 400 3768 mus.
432 3712 499 3766 Et
523 3720 673 3767 recte
699 3711 872 3776 dixit,
927 3710 1029 3777 Qui
1076 3726 1139 3765 ea:
1184 3709 1413 3780 gentibus
1461 3718 1821 3763 convertuntur
1844 3750 1858 3769 .

257 3804 542 3860 declarans
569 3819 857 3873 supernam
906 3802 975 3857 de
1002 3802 1110 3857 illis
1133 3802 1226 3856 Dei
1260 3802 1652 3871 providentiam
1674 3842 1692 3870 ,
1715 3802 1865 3869 ipso-

259 3912 491 3967 rumque
515 3894 925 3965 obsequentiam
954 3893 1168 3948 vocanti
1194 3893 1702 3963 obtemperantium.
1728 3891 1867 3959 Quid

259 3991 364 4045 sibi
415 3989 528 4043 vult
562 3987 691 4043 illud
718 4028 734 4052 ,
772 3986 961 4040 Judico
999 3985 1138 4057 ego?
1178 3984 1233 4039 Id
1276 3993 1354 4038 est
1382 4026 1398 4049 ,
1440 3999 1561 4039 cum
1602 3992 1869 4053 potestate

262 4082 388 4137 dico
417 4096 533 4137 rem
565 4080 633 4134 ita
663 4092 806 4134 esse.
841 4078 946 4133 Sed
971 4076 1293 4132 scribendum
1319 4077 1444 4144 ipsis
1481 4092 1589 4129 esse
1619 4084 1673 4128 ut
1707 4074 1869 4127 absti-

264 4182 417 4227 neant
440 4214 455 4236 ,
490 4171 697 4240 inquit,
725 4172 788 4223 ab
808 4169 1084 4222 immolatis
1110 4167 1367 4222 idolorum
1393 4208 1408 4231 ,
1436 4184 1467 4219 a
1494 4168 1831 4237 fornicatione
1852 4207 1867 4232 ,

264 4284 296 4319 a
324 4263 576 4331 sufl‘ocato
613 4276 660 4318 et
694 4264 963 4334 sanguine.
1008 4262 1133 4316 Haec
1175 4262 1321 4316 enim
1369 4262 1493 4317 licet
1523 4260 1825 4331 corporalia
1852 4299 1867 4323 ,

266 4358 555 4411 obscrvatu
607 4356 910 4410 necessaria
952 4362 1119 4419 sunt,
1162 4352 1286 4422 quia
1341 4366 1533 4422 magna
1590 4352 1873 4421 pariebant

268 4449 431 4503 mala.
460 4446 538 4501 Nc
561 4448 682 4515 quis
704 4461 832 4500 vero
857 4444 1115 4513 abjiciat:
1141 4444 1323 4511 Quare
1350 4458 1456 4498 non
1480 4443 1683 4499 Judmis
1709 4444 1869 4498 etiam

270 4540 398 4595 talia
426 4538 748 4593 scribimus?
771 4538 953 4606 adjicit
980 4554 993 4590 :
1031 4536 1234 4607 Moyses
1262 4552 1293 4589 a
1320 4537 1626 4607 temporibus
1650 4537 1873 4607 antiquis

272 4647 366 4703 per
394 4645 567 4683 omnes
595 4630 817 4683 civitates
841 4629 984 4682 habet
1025 4629 1110 4700 qui
1147 4628 1422 4698 praedicent
1460 4644 1611 4694 eum;
1652 4629 1705 4683 id
1754 4638 1870 4697 est,

275 4723 489 4793 Moyses
516 4722 618 4776 illis
645 4720 954 4789 frequenter
982 4720 1239 4791 loquitur.
1289 4721 1403 4777 Hoc
1431 4722 1534 4778 sibi
1580 4723 1693 4777 vult
1730 4722 1875 4778 enim

275 4814 449 4882 illud,
496 4812 597 4868 Per
624 4830 772 4868 omne
794 4812 1055 4866 sabbatum
1084 4813 1285 4884 legitur.
1340 4812 1469 4868 Vide
1513 4824 1769 4883 quantum
1818 4830 1878 4871 se

276 4915 618 4975 attemperet.
642 4904 744 4960 Ubi
775 4903 910 4958 nihil
935 4904 1150 4969 nocuit,
1175 4904 1453 4958 doctorem
1477 4904 1581 4959 illis
1606 4905 1835 4959 instituit
1860 4948 1875 4974 ,

277 5009 334 5053 ct
364 4998 589 5068 gratiam
616 4996 839 5070 largitus
868 5001 986 5061 est,
1021 4994 1157 5049 nihil
1198 4996 1576 5065 impedientem
1601 5037 1616 5063 ,
1652 4999 1878 5067 permit.

280 5101 404 5145 tens
428 5087 629 5143 .ludaais
658 5098 713 5141 ut
746 5087 896 5141 illum
925 5101 1019 5154 per
1049 5085 1227 5140 omnia
1260 5086 1515 5151 audiant,
1560 5095 1615 5142 et
1651 5090 1882 5158 gentiles

279 5182 352 5234 ab
370 5192 436 5233 eo
460 5178 733 5234 abducens
760 5195 772 5232 :
797 5178 991 5232 deinde
1010 5192 1074 5231 ex
1095 5177 1162 5231 iis
1185 5217 1199 5242 ,
1230 5176 1386 5247 queis
1403 5178 1685 5234 videbatur
1708 5181 1879 5250 ipsum

282 5271 556 5326 honorare
585 5279 641 5326 et
669 5270 780 5325 suis
809 5270 1084 5324 doctorem
1101 5272 1433 5325 constituere
1453 5310 1469 5336 ,
1491 5281 1681 5341 gentes
1701 5272 1768 5327 ab
1792 5273 1883 5328 illo

280 5362 531 5419 abduxit.
550 5358 658 5415 Cur
678 5376 806 5431 ergo
825 5360 894 5415 ab
914 5360 1135 5415 illonon
1156 5360 1371 5415 discunt
1387 5361 1411 5414 ?
1426 5360 1507 5417 Ob
1525 5354 1885 5433 inobsequen-

285 5457 416 5513 tiam
444 5470 618 5510 suam.
650 5453 785 5508 Ilinc
806 5451 1042 5507 ostendit
1067 5494 1082 5519 ,
1114 5452 1244 5522 ipsis
1276 5453 1407 5508 nihil
1432 5454 1570 5510 ultra
1592 5456 1886 5511 observan-

283 5547 416 5602 dum
444 5560 587 5602 esse.
617 5544 771 5614 Quod
800 5544 844 5598 si
878 5559 985 5598 non
1016 5542 1317 5599 scribamus
1342 5586 1357 5611 ,
1392 5560 1498 5599 non
1527 5555 1610 5600 est
1635 5547 1779 5616 quod
1810 5548 1884 5603 illi

286 5638 521 5697 debeant
546 5636 752 5708 aliquid
782 5635 1013 5706 amplius
1029 5635 1359 5705 observare;
1383 5636 1479 5693 sed
1502 5636 1645 5708 quod
1667 5638 1743 5694 illi
1770 5637 1889 5695 haec

286 5738 555 5791 dicentem
581 5732 837 5789 habeant.
868 5729 979 5785 Nec
1003 5728 1134 5786 dicit
1162 5750 1177 5788 :
1204 5730 1282 5786 Ne
1309 5730 1733 5786 scandalizemus
1761 5747 1883 5801 eos,

285 5842 460 5901 neque
483 5826 869 5884 subvertamus
890 5863 906 5889 ,
936 5828 998 5878 ut
1028 5820 1226 5879 Paulus
1248 5822 1454 5880 Calatis
1478 5822 1615 5879 dixit
1640 5824 1659 5896 (
1683 5821 1811 5880 (tot.
1827 5825 1857 5885 ί

282 5918 376 5995 7);
408 5918 506 5977 sed
532 5962 549 5989 ,
585 5914 1077 5987 Nsinqut'etemus:
1104 5914 1158 5971 id
1196 5914 1340 5984 quod
1385 5915 1516 5973 nihil
1564 5918 1708 5975 aliud
1754 5934 1891 5992 Opus

1206 468 1271 527 IN
1311 469 1495 527 ACTA
1536 463 2067 524 APOSTOLORUM.
2111 464 2343 522 HOMIL.
2385 462 2629 521 XXXIII.

3462 459 3572 519 212

1947 578 2149 635 Indleat
2175 624 2189 648 ,
2222 596 2383 652 quam
2413 578 2876 636 obturbationem.
2917 576 3008 634 Sic
3052 584 3222 632 totum
3263 576 3447 633 solvit.
3490 578 3562 633 Et

1945 673 2160 728 videtur
2186 674 2407 744 quidem
2436 674 2600 729 etiam
2639 672 2813 743 legem
2855 685 3116 737 servare,
3161 670 3309 741 quod
3357 685 3421 725 ex
3471 670 3563 724 illa

1948 765 2068 822 haec
2095 776 2368 830 assumat;
2402 767 2497 822 sed
2528 766 2688 821 solvit
2717 766 2865 821 illam
2891 806 2906 830 ,
2938 765 3080 835 quod
3115 764 3232 819 haec
3261 763 3378 819 sola
3408 778 3568 819 assu-

1949 869 2081 915 mat.
2103 861 2262 931 Atqui
2288 876 2433 931 strpe
2456 860 2562 917 illis
2582 860 2650 915 de
2677 860 2762 913 his
2783 860 3035 929 loquutus
3058 866 3139 913 est
3164 875 3179 923 ;
3213 860 3307 912 sed
3335 865 3391 912 ut
3413 857 3569 911 vide-

1950 962 2103 1008 retur
2155 955 2321 1008 etiatn
2374 952 2546 1023 legem
2592 952 2903 1018 honorare,
2952 964 3128 1021 neque
3177 948 3294 1004 haec
3337 949 3489 1020 quasi
3538 964 3570 1002 a

1950 1040 2141 1113 Moyse
2171 1042 2354 1097 dicere
2382 1083 2397 1108 ,
2430 1042 2526 1098 sed
2555 1042 2709 1111 quasi
2742 1042 2812 1096 ab
2849 1042 3148 1112 apostolis;
3192 1049 3244 1095 et
3295 1049 3356 1094 ut
3398 1039 3569 1093 nuilta

1951 1128 2153 1186 faceret
2179 1142 2481 1205 praecepta,
2533 1148 2699 1187 unum
2749 1131 2951 1186 divisit.
2996 1130 3110 1185 Hoc
3155 1130 3280 1185 illos
3324 1129 3569 1183 maxime

1951 1220 2176 1278 sedavit.
2233 1224 2311 1279 Ex
2365 1222 2701 1294 providentia
2728 1238 2857 1278 vero
2885 1222 3154 1277 dissensio
3186 1222 3320 1276 facta
3350 1229 3434 1276 est
3460 1261 3472 1282 .
3505 1230 3566 1274 ut

1954 1322 2079 1385 post
2108 1314 2501 1371 dissensionem
2533 1316 2741 1372 lirmius
2770 1325 2914 1371 esset
2944 1314 3160 1385 dogma.
3197 1313 3341 1368 Tunc
3371 1313 3570 1385 placuit

1954 1408 2200 1478 apostolis
2228 1450 2242 1475 ,
2275 1409 2481 1479 inquit,
2509 1410 2644 1463 viros
2675 1409 2946 1479 primarios
2974 1408 3029 1462 in
3064 1408 3315 1478 fratribus
3348 1408 3569 1461 mittere.

1952 1499 2069 1553 Non
2097 1500 2346 1566 vulgares
2370 1542 2385 1567 ,
2411 1500 2503 1555 sed
2534 1502 2832 1570 praecipuos
2858 1502 3078 1554 mittunt
3106 1500 3345 1564 electos;
3376 1498 3453 1552 Iis
3480 1500 3573 1569 qui

1955 1592 2241 1646 Antiochia:
2264 1603 2446 1656 erant,
2484 1593 2695 1663 inquit,
2738 1592 2792 1645 in
2838 1591 2995 1661 Syria
3036 1602 3081 1646 et
3130 1592 3183 1645 in
3224 1590 3405 1645 Cilicia
3431 1633 3445 1656 ,
3477 1591 3573 1646 ubi

1954 1685 2177 1739 morbus
2202 1696 2354 1740 ortus
2385 1686 2578 1741 fuerat.

2028 1779 2260 1834 5.‘Vide
2284 1779 2556 1848 quomodo
2585 1778 2715 1833 nihil
2760 1777 3050 1833 molestum
3079 1766 3270 1831 contra
3308 1775 3431 1830 illos
3479 1774 3569 1830 di-

1956 1880 2121 1935 cant,
2155 1871 2248 1926 scd
2276 1871 2328 1925 id
2364 1887 2527 1926 unum
2558 1879 2843 1942 spectent,
2886 1879 2946 1924 ut
2992 1878 3140 1923 recte
3186 1883 3276 1923 res
3323 1879 3571 1923 curetur.

1957 1965 2071 2019 Hoc
2100 1966 2245 2020 enim
2278 1964 2587 2031 elliciebat,
2618 1974 2677 2019 ut
2718 1966 2805 2036 qui
2852 1964 2964 2019 illic
3012 1963 3338 2018 seditionem
3387 1977 3576 2017 move—

1956 2065 2117 2119 rant,
2168 2056 2579 2111 cuniiterentur.
2630 2056 2746 2111 Non
2789 2056 3085 2122 dixerunt,
3142 2052 3470 2110 Seductores
3520 2064 3577 2109 et

1957 2149 2247 2219 perniciosi
2272 2192 2287 2216 ,
2320 2160 2376 2204 et
2406 2149 2488 2203 bis
2515 2149 2713 2203 similia
2740 2167 2755 2213 ;
2789 2149 2915 2203 licet
2942 2148 3033 2202 ubi
3062 2164 3197 2217 opus
3226 2155 3311 2203 est
3347 2146 3451 2201 hoc
3479 2145 3579 2223 la-

1957 2240 2066 2295 ciat
2097 2240 2293 2295 Paulus
2317 2281 2334 2306 ,
2367 2249 2425 2294 ut
2456 2255 2579 2294 cum
2611 2240 2742 2294 dicit
2770 2257 2782 2292 :
2818 2237 2864 2293 0
2890 2239 3039 2309 plene
3083 2238 3223 2291 omni
3260 2237 3382 2291 dolo
3414 2237 3572 2308 (Act.

1960 2334 2046 2389 I5.
2082 2335 2149 2389 10
2176 2335 2229 2399 )l
2266 2333 2352 2388 hic
2379 2348 2513 2387 vero
2540 2348 2663 2388 cum
2705 2331 2979 2387 emendati
3022 2340 3244 2395 essent,
3301 2346 3408 2385 non
3459 2344 3577 2387 erat

1956 2442 2113 2496 opus.
2142 2426 2212 2481 Et
2244 2426 2368 2481 vide
2398 2443 2412 2480 :
2442 2441 2547 2480 non
2588 2426 2691 2481 hoc
2738 2433 2980 2496 ponunt,
3028 2424 3258 2492 Quidam
3302 2438 3369 2479 ex
3417 2422 3575 2479 nobis

1954 2519 2235 2591 jusserunt
2260 2535 2357 2574 vos
2387 2518 2560 2588 legem
2605 2532 2868 2584 servare;
2917 2517 3051 2584 sed,
3098 2516 3450 2571 Turbaverunt
3485 2531 3575 2570 vos

1956 2613 2119 2668 verbis
2166 2623 2460 2667 evertentes.
2507 2610 2663 2666 Nulla
2714 2610 2886 2681 magis
2929 2610 3151 2681 prepria
3196 2608 3365 2664 dictio
3413 2618 3574 2670 erat;

1960 2707 2141 2762 nullus
2173 2706 2244 2759 ita
2274 2704 2431 2760 dixit.
2462 2704 2686 2759 Animas
2716 2718 2835 2773 quae
2859 2703 2973 2772 jam
3000 2701 3225 2757 ﬁrmata:
3254 2710 3413 2757 erant
3437 2744 3452 2763 ,
3488 2702 3575 2755 in—

1958 2800 2074 2869 quit
2096 2840 2108 2863 ,
2132 2799 2526 2858 subvertentes,
2551 2796 2705 2866 quasi
2729 2797 2781 2850 in
2803 2794 3035 2850 aedilicio
3058 2837 3075 2861 ,
3095 2810 3215 2865 qua:
3233 2796 3301 2850 ab
3317 2795 3419 2849 illis
3438 2794 3577 2850 facta

1957 2899 2117 2947 erant
2166 2897 2452 2960 ponentes.
2504 2888 2744 2955 Quibus,
2793 2888 3006 2958 inquit,
3061 2904 3166 2941 non
3220 2888 3582 2959 prtecepimus.

1965 2982 2169 3036 Placuit
2202 2996 2322 3052 ergo
2351 2978 2493 3033 nobis
2518 2996 2619 3033 una
2640 2979 2865 3034 collectis
2887 2978 3198 3032 unanimiter
3218 2996 3333 3032 cum
3361 2980 3582 3033 dilectis.

1962 3072 2020 3128 Si
2048 3072 2228 3127 dilecti
2258 3113 2272 3137 ,
2303 3086 2410 3125 non
2438 3078 2791 3125 contemnent
2815 3084 2910 3124 eos
2938 3086 2952 3123 :
2999 3068 3045 3123 si
3081 3068 3422 3123 tradiderunt
3458 3068 3583 3125 ani-

1960 3179 2119 3231 mas,
2177 3164 2278 3232 ipsi
2335 3177 2550 3232 quoque
2594 3161 2700 3217 lide
2744 3159 2888 3231 digni
2939 3166 3088 3215 sunt.
3138 3158 3380 3215 Misimus
3420 3177 3583 3231 ergo,

1964 3257 2139 3326 inquit
2167 3298 2181 3321 ,
2215 3254 2247 3308 ,Ι
2257 3256 2409 3307 udam
2436 3263 2482 3308 et
2515 3253 2725 3317 Silam,
2771 3262 2819 3307 et
2856 3253 2995 3324 ipsos
3030 3252 3180 3307 verbo
3218 3254 3587 3306 annuntiantes

1967 3350 2093 3404 hwc.
2126 3348 2425 3418 Oportebat
2452 3347 2596 3401 enim
2624 3389 2639 3411 ,
2675 3355 2733 3401 ut
2761 3361 2868 3401 non
2892 3345 3125 3416 epistola
3154 3345 3268 3400 sola
3298 3359 3589 3414 compare-

1967 3452 2049 3495 ret
2076 3482 2091 3507 ,
2122 3456 2187 3495 ne
2217 3439 2465 3493 dicerent
2514 3440 2662 3507 ipsos
2702 3437 2999 3492 extorsisse
3027 3479 3042 3502 ,
3093 3446 3146 3495 et
3187 3436 3288 3491 alia
3339 3451 3438 3507 pro
3470 3436 3591 3491 aliis

1967 3534 2190 3589 dixisse.
2222 3533 2362 3587 Laus
2390 3532 2537 3586 Pauli
2565 3540 2617 3585 et
2639 3531 2771 3585 socii
2800 3546 2988 3586 eorum
3012 3545 3109 3586 ora
3134 3530 3425 3585 obstruxit.
3461 3529 3592 3588 Ideo

1969 3640 2201 3694 namque
2229 3640 2403 3693 neque
2452 3624 2649 3677 Paulus
2689 3623 2840 3677 solus
2888 3638 3068 3693 neque
3114 3622 3392 3677 Barnabas
3437 3622 3590 3678 solus

1969 3717 2156 3780 venit,
2187 3715 2283 3770 sed
2315 3716 2474 3769 etiam
2504 3715 2592 3767 alii
2625 3714 2692 3768 de
2722 3713 2966 3769 Ecclesia
2991 3755 3006 3779 ,
3042 3730 3113 3769 ne
3150 3713 3355 3768 utervis
3392 3701 3617 3785 suspec-

1972 3816 2091 3863 ctus
2120 3818 2302 3870 esset,
2336 3806 2460 3875 quia
2493 3806 2683 3874 dogma
2718 3804 2847 3859 illud
2891 3806 3174 3875 amplexus
3219 3814 3367 3869 erat,
3415 3821 3595 3874 neque

1976 3900 2009 3954 ii
2045 3906 2248 3952 tantum
2291 3898 2383 3967 qui
2438 3897 2505 3949 ab
2552 3896 2931 3968 Jerosolymis.
2981 3896 3232 3951 Ostendit
3278 3896 3594 3969 quamlﬂde

1975 3989 2121 4059 digni
2151 3990 2257 4042 sint
2284 4005 2297 4039 :
2332 4002 2435 4041 non
2468 3998 2818 4057 exzequantes
2846 4002 2940 4052 se,
2975 3988 3146 4057 inquit
3179 4004 3193 4053 ;
3230 4002 3406 4056 neque
3443 3990 3590 4042 enim

1977 4080 2047 4134 ita
2080 4078 2375 4134 insaniunt.
2424 4077 2657 4147 Ideoque
2695 4076 2903 4131 addidit
2952 4077 3081 4133 illud
3107 4120 3122 4143 ,
3154 4073 3479 4133 Hominibus
3507 4080 3593 4149 qui

1978 4171 2299 4224 tradiderunt
2325 4170 2528 4223 animas
2549 4186 2667 4223 suas
2701 4185 2794 4238 pro
2821 4169 3025 4224 nomine
3055 4167 3261 4223 Domini
3284 4171 3444 4224 nostri
3463 4168 3595 4223 Iesu

1979 4261 2189 4317 Christi.
2224 4262 2291 4316 Et
2315 4277 2413 4315 cur
2437 4261 2608 4324 dixit,
2643 4258 2821 4314 Visum
2852 4270 2923 4315 est
2947 4261 3168 4330 Spiritui
3198 4271 3374 4315 sancto
3412 4271 3455 4316 et
3494 4278 3594 4315 na-

1982 4355 2056 4408 bis
2082 4398 2095 4421 ,
2122 4370 2287 4425 quum
2322 4352 2597 4408 sufﬁceret
2623 4352 2827 4407 dixisse
2855 4394 2869 4418 ,
2904 4353 3127 4423 Spiritui
3148 4365 3323 4408 sancto
3349 4356 3372 4407 .’
3415 4353 3546 4408 Illud
3575 4396 3591 4421 ,

1983 4446 2203 4516 Spiritui
2233 4454 2409 4499 sancto
2436 4486 2447 4508 ρ
2475 4446 2693 4515 ponitur
2718 4488 2731 4511 ,
2762 4460 2827 4500 ne
2860 4455 3110 4515 putarent
3140 4448 3434 4501 humanum
3467 4445 3593 4515 quid

1982 4553 2145 4605 esse;
2176 4537 2304 4592 illud
2356 4552 2522 4602 vero,
2579 4535 2744 4590 Nobis
2771 4580 2783 4599 ,
2814 4546 2874 4590 ut
2918 4537 3189 4593 discerent
3240 4538 3383 4608 ipsos
3429 4539 3595 4593 ctiatn

1982 4632 2349 4687 admittendos
2406 4646 2561 4697 esse,
2618 4632 2747 4686 licet
2801 4630 2853 4683 in
2911 4631 3325 4688 circumcisione
3387 4642 3595 4688 essent.

1986 4724 2139 4779 Nihil
2164 4726 2301 4779 ultra
2322 4766 2337 4789 ,
2364 4725 2611 4794 inquiunt
2636 4765 2650 4790 ,
2672 4724 2813 4777 vobis
2838 4724 3035 4795 imponi
3054 4739 3208 4783 onus.
3226 4726 3350 4780 llarc
3367 4725 3554 4781 dicunt
3581 4768 3597 4793 ,

1986 4819 2108 4888 quia
2140 4816 2206 4872 ad
2236 4816 2479 4871 inlirmos
2508 4831 2691 4871 sermo
2715 4826 2833 4871 erat
2859 4858 2875 4883 ,
2902 4826 2961 4871 et
2988 4816 3369 4873 Iormidolosos
3397 4833 3409 4868 :
3442 4817 3600 4875 ideo-

1986 4924 2093 4978 que
2120 4920 2173 4963 et
2200 4908 2303 4963 hoc
2332 4908 2605 4978 adjicitur.
2634 4906 2881 4962 Ostendit
2910 4919 3090 4963 autem
3116 4924 3221 4965 non
3252 4910 3600 4979 indulgentia:

1989 5016 2297 5058 sermonem
2328 5015 2485 5066 esse,
2515 5008 2569 5053 ut
2605 5012 2893 5070 parcerent
2932 5000 3039 5056 illis
3084 5010 3144 5056 ut
3186 5000 3453 5067 inﬁrmis;
3491 5004 3626 5058 imo.

1988 5104 2198 5149 conlra.
2232 5092 2457 5163 Magnus
2483 5092 2626 5145 enim
2652 5091 2937 5147 doctorum
2968 5094 3142 5161 pudor
3171 5102 3288 5147 erat
3318 5113 3332 5147 :
3381 5093 3432 5147 id
3470 5110 3601 5148 vero

1990 5185 2323 5254 superﬂuum
2354 5184 2540 5238 luisset
2565 5198 2723 5238 onus.
2753 5182 2885 5238 Vide
2913 5183 3130 5239 brevem
3153 5184 3435 5255 epistolam
3468 5184 3602 5239 nihil

1992 5276 2305 5331 redundans
2334 5275 2624 5329 habentem
2652 5317 2667 5342 ,
2723 5289 2824 5329 nec
2874 5284 3191 5344 apparatum
3231 5288 3331 5330 nec
3376 5276 3603 5346 syllogi-

1992 5382 2139 5422 smos
2162 5409 2176 5431 ,
2208 5366 2301 5422 sed
2332 5377 2661 5437 praeceptum
2696 5385 2708 5423 :
2742 5374 2859 5421 erat
2881 5366 3023 5422 enim
3056 5367 3139 5421 lex
3163 5366 3415 5437 Spiritus.
3444 5368 3602 5438 Saepe

1995 5458 2098 5513 hoc
2128 5467 2325 5512 vocant
2362 5472 2521 5513 onus.
2563 5457 2882 5531 Congregnta
2915 5458 3243 5514 multitudine
3280 5460 3603 5516 tradiderunt

1994 5549 2284 5619 epistolam.
2320 5550 2447 5605 Post
2471 5550 2755 5621 epistolam
2784 5559 2838 5605 et
2867 5550 2967 5619 ipsi
3003 5550 3181 5606 verbis
3223 5551 3605 5607 exhortantur.

1997 5640 2106 5696 llac
2134 5642 2259 5696 item
2292 5657 2353 5695 re
2377 5655 2515 5711 opus
2540 5649 2659 5697 erat
2684 5681 2696 5706 ,
2730 5651 2785 5696 ut
2804 5641 2869 5696 ab
2892 5644 3038 5695 omni
3065 5643 3373 5712 suspiciam
3401 5644 3605 5699 libera-

1999 5742 2204 5791 rentur.
2244 5732 2311 5786 Et
2336 5733 2437 5801 ipsi
2460 5771 2475 5796 ,
2510 5734 2682 5803 inquit
2702 5775 2717 5801 ,
2744 5750 2858 5787 cum
2888 5746 3049 5788 essent
3080 5734 3346 5805 propheta?
3366 5779 3381 5801 ,
3411 5754 3606 5791 sermo-

1999 5827 2145 5882 nibus
2177 5827 2353 5879 ntultis
2382 5824 2640 5880 exhortati
2678 5838 2798 5881 sunt
2844 5827 3049 5896 fratres.
3097 5830 3266 5894 Quam
3306 5830 3413 5885 [ille
3458 5830 3607 5901 digiti

2004 5929 2191 5979 essent
2222 5920 2306 5975 hic
2325 5916 2669 5986 ostenditur;
2725 5920 2986 5991 potuisset
3011 5930 3066 5977 et
3112 5919 3310 5977 Paulus
3334 5964 3349 5987 ,
3378 5924 3475 5979 sed
3505 5923 3609 5981 bos
