4082 6502
464 480 468 486 λ
518 438 629 496 243

524 546 715 600 adesse
742 559 876 614 opus
904 551 1037 598 erat.
1074 539 1238 595 Facto
1266 549 1429 594 autem
1458 537 1527 591 ibi
1554 538 1813 606 aliquanto
1848 546 2099 603 tempore,

524 636 720 690 dimissi
744 643 863 688 sunt
907 648 1021 687 cum
1064 648 1204 699 pace.
1252 629 1364 685 Non
1410 628 1519 697 jam
1565 627 1799 691 seditio,
1854 640 1959 679 non
1996 624 2105 694 jam

521 724 755 780 aversio.
789 723 887 779 llic
915 723 1041 777 mihi
1074 720 1278 776 videtur
1307 720 1430 773 illos
1474 718 1750 773 dexteram
1800 718 2103 785 accepisse,

527 830 580 870 nt
616 817 730 885 ipse
758 817 833 869 ait
859 834 873 869 :
906 815 1150 869 Dextera:
1173 813 1420 867 dederunt
1450 812 1574 864 mihi
1611 821 1657 864 et
1695 809 1945 864 But-nabis
1968 826 2107 862 com-

524 908 780 961 munionis
807 906 831 981 (
858 906 1028 962 (δοιαὶ.
1060 908 1112 960 2.
1143 905 1176 959 9
1198 905 1237 973 ).
1274 904 1459 959 Postea
1494 903 1621 958 dicit
1646 921 1658 955 :
1690 900 1840 955 Nihil
1869 902 1994 954 milii
2019 903 2112 954 ad-

520 995 763 1051 diderant
802 996 821 1059 (
846 994 982 1050 Ibid.
1012 1012 1057 1048 υ.
1092 994 1187 1068 6).
1228 994 1355 1064 Ejus
1378 1009 1606 1063 namque
1628 992 1944 1047 sententiam
1977 1005 2109 1045 con-

527 1088 847 1154 firmarunt,
881 1085 1234 1141 laudaverunt
1258 1126 1274 1151 ,
1306 1100 1422 1139 eam
1454 1094 1509 1140 et
1540 1084 1714 1137 mirati
1741 1092 1885 1137 sunt.
1915 1080 2110 1138 Osten-

525 1180 606 1234 dit
632 1181 731 1235 hoc
756 1194 911 1250 posse
929 1179 1181 1233 humanis
1208 1177 1499 1233 ratiociniis
1520 1177 1753 1248 conspici
1776 1217 1791 1243 ,
1820 1192 1918 1231 nec
1938 1178 2111 1231 solmn

525 1286 557 1325 a
584 1272 783 1339 Spiritu
808 1314 823 1337 ,
855 1272 977 1342 quia
1004 1271 1336 1327 admiserunt
1366 1283 1640 1342 peccatum
1686 1279 1930 1325 correctu
1973 1268 2113 1324 diffi-

527 1364 670 1418 cile:
706 1366 837 1419 tales
880 1363 1079 1434 quippe
1127 1378 1214 1419 res
1254 1378 1359 1417 non
1400 1374 1561 1433 egent
1601 1362 1823 1433 Spiritu.
1870 1359 2112 1416 Ostendit

530 1461 722 1507 eadem
779 1468 884 1508 non
934 1469 1054 1508 esse
1105 1455 1444 1520 necessaria;
1496 1454 1603 1508 imo
1649 1453 1916 1524 superflua
1957 1467 2111 1516 esse.

530 1544 792 1613 siquidem
825 1546 939 1600 hac
978 1546 1299 1601 necessaria.
1344 1544 1420 1598 Ab
1468 1545 1546 1598 liis
1593 1545 1639 1598 si
1675 1544 1987 1599 emeritis
2029 1560 2115 1624 eos

530 1636 690 1703 ipsos,
717 1636 885 1705 inquit
909 1678 923 1698 ,
948 1634 1074 1689 bene
1106 1636 1321 1707 facietis.
1346 1634 1590 1690 Declarat
1607 1634 1736 1689 nihil
1760 1633 1891 1705 ipsis
1905 1633 2113 1699 deesse,

530 1727 625 1782 sed
654 1727 756 1783 hoc
782 1728 1053 1782 sufficere.
1086 1727 1301 1782 Poterat
1324 1736 1379 1781 et
1403 1726 1519 1781 sine
1546 1726 1717 1781 literis
1737 1769 1751 1790 ,
1782 1726 1878 1781 sed
1924 1736 1983 1780 ut
2032 1727 2113 1782 lex

474 1806 479 1809 ’
532 1817 604 1872 ita
650 1819 849 1892 scripta
890 1828 1073 1881 esset,
1114 1816 1396 1886 epistolam
1438 1818 1667 1871 mittunt.
1705 1816 1772 1870 Et
1798 1816 1990 1871 iterum
2016 1857 2031 1883 ,
2063 1826 2120 1870 ut

532 1907 635 1979 legi
665 1909 1141 1978 obtemperarent,
1174 1918 1227 1962 ct
1257 1908 1363 1962 illis
1387 1907 1675 1974 dicebant,
1707 1918 1762 1962 et
1786 1909 1860 1963 illi
1903 1909 2006 1980 hoc
2043 1909 2117 1961 fa-

531 2004 776 2067 ciebant,
808 2011 863 2057 et
889 2017 1009 2056 cum
1048 2016 1195 2071 pace.
1240 2000 1436 2055 Verum
1486 2016 1554 2056 ne
1602 2000 1922 2055 offendicula
1965 2002 2120 2056 nobis

536 2095 645 2148 sint
675 2094 931 2148 ha-retici.
974 2093 1102 2147 Vide
1131 2092 1272 2147 enim
1321 2093 1372 2146 in
1417 2092 1676 2161 principio
1725 2091 2119 2161 pracdicationis

472 2208 473 2211 η
533 2195 661 2254 quot
688 2184 1007 2241 offendicula
1041 2202 1056 2239 :
1085 2199 1189 2239 non
1216 2184 1339 2239 dico
1365 2199 1425 2239 ea
1448 2225 1463 2252 ,
1495 2199 1614 2254 qua:
1636 2184 1705 2238 ab
1733 2184 1797 2239 iis
1826 2184 1916 2254 qui
1948 2184 2077 2239 foris
2102 2200 2118 2251 ;

533 2275 620 2330 illa
650 2275 847 2346 quippe
875 2275 1003 2329 nihil
1034 2286 1225 2339 erant;
1258 2276 1353 2329 sed
1382 2290 1502 2344 qua:
1542 2275 1708 2330 intus.
1756 2275 1938 2331 Primo
1980 2278 2125 2331 Ana-

536 2366 653 2420 nias
681 2384 694 2419 :
725 2365 919 2420 deinde
940 2381 1217 2429 murmur;
1247 2364 1371 2419 hinc
1392 2365 1574 2419 Simon
1598 2381 1821 2435 magus;
1855 2374 2035 2434 postea
2064 2367 2120 2435 ii,

540 2458 628 2527 qui
656 2457 871 2513 Petrum
912 2456 1236 2511 accusabant
1261 2457 1331 2511 ob
1359 2457 1706 2523 Cornelium;
1749 2458 1849 2513 sub
1892 2457 2007 2513 haec
2038 2457 2122 2512 fa-

535 2563 685 2613 mes;
714 2546 928 2602 demum
963 2547 1064 2601 hoc
1094 2548 1267 2616 ipsum
1298 2557 1457 2615 caput
1489 2548 1773 2603 malorum.

608 2635 730 2690 Non
752 2645 911 2704 potest
932 2637 1013 2691 hic
1039 2636 1226 2691 bonum
1245 2654 1351 2692 esse
1366 2639 1474 2691 sine
1498 2638 1651 2691 malo.
1672 2638 1945 2710 -Neque
1971 2640 2114 2695 enim

540 2738 719 2798 potest
748 2730 943 2784 bonum
972 2728 1258 2798 quodpiam
1288 2744 1429 2795 esse,
1462 2730 1587 2799 quin
1618 2730 1685 2785 sit
1720 2731 1880 2785 etiam
1911 2732 2125 2803 aliquod

544 2822 764 2875 malum.
796 2820 874 2877 Ne
903 2821 1081 2891 itaque
1113 2822 1407 2888 turbemur,
1435 2822 1480 2876 si
1508 2821 1725 2891 quidam
1756 2822 2125 2879 scandalizen-

544 2922 663 2977 tur;
710 2912 803 2967 sed
850 2921 905 2966 et
949 2927 1045 2980 pro
1086 2912 1168 2965 bis
1211 2917 1407 2981 gratias
1443 2927 1660 2982 agamus
1705 2913 1833 2979 Deo,
1863 2915 1983 2983 quia
2025 2931 2126 2971 nos

543 3004 878 3073 probatiores
903 3001 1087 3057 efficit.
1131 3002 1312 3071 Neque
1357 3005 1503 3058 enim
1546 3003 1865 3060 afflictiones
1894 3014 2122 3073 tantum,

542 3111 570 3150 s
592 3094 635 3149 -d
664 3096 823 3155 etiam
849 3094 1171 3149 tentationes
1203 3110 1299 3149 nos
1325 3097 1716 3165 splendidiores
1743 3098 1992 3155 reddunt.
2025 3100 2126 3169 Qui

545 3186 710 3251 enim,
742 3186 953 3240 nemine
978 3185 1029 3239 in
1060 3202 1298 3241 errorem
1334 3188 1618 3244 inducente
1638 3232 1651 3251 ,
1687 3190 1894 3245 veritati
1928 3188 2145 3261 haeret!

548 3292 653 3329 non
679 3276 969 3332 vehemens
1000 3278 1238 3334 veritatis
1262 3289 1467 3335 amator
1494 3282 1678 3345 fuerit;
1711 3283 1803 3337 sed
1834 3283 1920 3353 qui
1952 3287 2132 3342 multis

547 3367 940 3423 retrahentibus
980 3368 1146 3425 hatret
1166 3412 1180 3435 ,
1213 3371 1298 3426 ille
1327 3371 1525 3426 clarus.
1575 3373 1711 3441 Quid
1740 3375 1906 3444 ergo?
1933 3392 1999 3430 an
2031 3376 2131 3432 hac

550 3457 617 3511 de
637 3474 795 3512 causa
825 3458 957 3513 fiunt
981 3459 1268 3515 scandala?
1294 3462 1409 3515 Non
1437 3462 1579 3528 dico,
1617 3465 1756 3533 quod
1790 3465 1897 3519 Deo
1924 3464 2025 3520 hoc
2050 3468 2130 3521 fa-

549 3552 725 3605 ciente
757 3565 769 3605 :
801 3551 973 3616 absit;
1020 3552 1114 3607 sed
1152 3553 1293 3623 quod
1334 3555 1425 3609 ille
1460 3570 1559 3624 per
1593 3556 1802 3611 illorum
1844 3560 2131 3629 nequitiam

549 3644 705 3697 nobis
738 3642 1028 3699 benefaciat
1059 3663 1072 3699 :
1104 3661 1226 3701 nam
1269 3649 1381 3717 ipse
1421 3649 1505 3703 illa
1552 3650 1662 3703 lieri
1709 3667 1998 3722 numquam
2041 3672 2135 3709 vo-

550 3735 755 3792 luisset.
786 3735 867 3790 Da
893 3738 1025 3806 illis,
1058 3740 1247 3809 inquit,
1277 3751 1331 3793 ut
1368 3757 1524 3794 unum
1553 3744 1654 3795 sint
1683 3743 1861 3812 (Joan.
1902 3746 1983 3799 l7.
2012 3746 2129 3815 21).

548 3828 681 3884 Cum
727 3840 905 3886 autem
954 3832 1198 3886 scandala
1250 3835 1414 3900 limit,
1449 3834 1577 3888 nihil
1624 3818 1753 3905 ipsis
1799 3847 2011 3904 nocent,
2040 3840 2133 3895 sed

552 3923 712 3975 etiam
736 3932 960 3993 prosunt
978 3923 1112 3988 illis;
1143 3924 1279 3978 sicut
1299 3936 1349 3980 et
1372 3926 1699 3996 martyribus
1719 3928 1865 3983 inviti
1889 3941 2132 3999 prosunt,

551 4014 641 4083 qui
669 4013 789 4067 illos
817 4012 882 4067 ad
912 4013 1219 4085 martyrium
1254 4016 1500 4082 trahunt;
1531 4032 1637 4072 non
1663 4030 1841 4073 tamen
1871 4035 1902 4075 a
1929 4021 2039 4076 Deo
2068 4021 2135 4076 ad

555 4103 656 4158 huc
684 4103 1025 4173 impelluntur
1060 4122 1073 4158 :
1103 4106 1181 4161 sic
1210 4116 1263 4161 et
1294 4110 1396 4163 hoc
1424 4108 1563 4176 loco,
1596 4124 1662 4163 ne
1689 4110 1964 4166 videamus
1993 4112 2136 4182 quod

552 4197 701 4250 multi
740 4196 1186 4253 scandalizentur.
1231 4198 1342 4254 [loc
1380 4200 1634 4255 indicium
1677 4211 1761 4257 est
1796 4202 1987 4274 dogma
2017 4219 2138 4261 esse

553 4288 836 4353 eximium,
871 4289 1013 4358 quod
1058 4291 1207 4345 multi
1249 4292 1501 4347 simulent
1529 4301 1584 4348 et
1613 4294 1887 4349 imitentur
1918 4312 1932 4349 :
1964 4311 2138 4367 neque

554 4384 696 4433 enim
724 4379 1037 4435 simularent
1064 4382 1166 4436 nisi
1198 4381 1396 4437 bonum
1423 4393 1585 4438 esset.
1629 4384 1696 4439 Et
1725 4383 1826 4440 hoc
1848 4385 1958 4456 jam
1987 4388 2139 4443 vobis

556 4472 729 4543 palam
764 4470 975 4527 faciam.

625 4564 680 4619 ι.
701 4564 973 4635 Unguenta
993 4580 1109 4634 qum
1123 4564 1407 4637 fragrantia
1427 4577 1569 4633 sunt,
1590 4584 1618 4623 a
1642 4571 1822 4626 multis
1837 4571 2139 4629 adulteran-

555 4664 663 4723 tur,
694 4666 749 4710 ut
770 4696 783 4721 ,
818 4655 963 4711 verbi
992 4657 1157 4725 gratia
1178 4697 1193 4724 ,
1230 4657 1411 4712 lolium
1438 4662 1654 4714 amomi.
1686 4661 1819 4728 Quia
1848 4664 1990 4719 enim
2020 4680 2139 4719 rara

558 4758 681 4803 sunt
701 4758 755 4803 et
782 4752 1102 4813 necessaria,
1120 4748 1282 4803 multa
1300 4751 1477 4819 spuria
1504 4750 1653 4806 fiunt.
1686 4753 1855 4809 Nemo
1876 4755 2035 4826 igitur
2058 4771 2145 4811 vo-

561 4842 719 4897 luerit
756 4858 867 4896 rem
899 4841 1057 4897 vilem
1094 4842 1417 4898 adulterare.
1456 4842 1575 4899 Vita
1604 4860 1733 4914 pura
1763 4847 1958 4901 multos
1985 4846 2145 4903 habet

560 4936 649 5005 qui
677 4949 735 4989 se
759 4933 1061 4989 adulterent
1091 4953 1104 4989 :
1135 4950 1293 4990 nemo
1316 4944 1493 4991 autem
1523 4936 1777 4994 simulare
1806 4955 1864 4995 se
1886 4941 2013 4996 velit
2046 4940 2146 4995 im-

561 5027 813 5098 probum,
837 5026 928 5081 sed
960 5025 1134 5095 potius
1160 5026 1501 5081 monachum.
1533 5028 1669 5095 Quid
1700 5045 1827 5099 ergo
1856 5033 2146 5100 gentilibus

562 5119 893 5175 dixerimus?
922 5117 1081 5173 Venit
1111 5118 1323 5188 gentilis
1354 5128 1408 5175 et
1433 5119 1546 5185 ait,
1576 5119 1712 5176 Volo
1742 5122 1853 5177 fieri
1882 5123 2146 5179 Christia-

561 5227 682 5278 nus,
712 5214 805 5267 sed
831 5213 1012 5269 nescio
1039 5213 1122 5267 cui
1150 5212 1451 5268 adhmream
1484 5232 1495 5268 :
1528 5215 1709 5270 multa:
1737 5216 1875 5287 apud
1907 5233 2001 5272 vos
2024 5228 2143 5275 sunt

563 5320 774 5375 pugna,
800 5304 1093 5360 seditiones
1118 5316 1172 5359 et
1194 5306 1450 5361 tumultus
1479 5324 1491 5359 :
1519 5307 1660 5378 quod
1692 5308 1880 5377 dogma
1909 5308 2147 5379 eligam?

563 5399 701 5467 quod
732 5397 1047 5468 praeferam?
1074 5395 1280 5466 Singuli
1306 5398 1489 5453 dicunt
1521 5417 1534 5454 :
1558 5398 1671 5469 Ego
1695 5402 1972 5455 veritatem
2004 5400 2143 5457 dico.

563 5490 661 5545 Cui
705 5492 955 5555 caedam,
1001 5490 1092 5562 qui
1136 5490 1267 5545 nihil
1312 5489 1701 5561 Scripturarum
1742 5492 1949 5548 sciam?
1978 5493 2043 5547 Et
2072 5493 2147 5548 illi

565 5583 817 5653 utrinque
857 5584 997 5639 idem
1048 5582 1346 5653 proferunt.
1388 5582 1531 5637 Sane
1561 5581 1663 5638 hoc
1689 5582 1977 5639 admodum
2010 5585 2145 5639 litin

566 5674 741 5730 nobis.
774 5673 904 5728 Nam
929 5675 973 5728 si
1001 5674 1215 5745 quidem
1245 5674 1550 5730 diceremus
1579 5688 1675 5728 nos
1705 5676 1999 5750 ratiociniis
2020 5691 2145 5731 cre-

568 5768 697 5823 dere
721 5809 735 5832 ,
774 5768 963 5821 merito
996 5768 1285 5822 turbareris
1311 5786 1325 5822 :
1353 5767 1397 5821 si
1429 5782 1556 5823 vero
1584 5766 1874 5837 Scriptnris
1903 5784 2000 5825 nos
2028 5785 2148 5825 cre-

570 5860 694 5918 dere
726 5862 997 5930 dicamus,
1032 5862 1198 5934 iisque
1226 5864 1557 5936 simplicibus
1585 5875 1639 5921 et
1669 5865 1837 5934 veris,
1875 5867 2024 5923 facile
2054 5867 2144 5923 tibi

1258 426 1317 486 Β.
1353 422 1627 484 JOANNlS
1664 416 2128 497 CllllYSOSTOMl
2168 410 2481 471 ARCIIIEP.
2522 407 3053 467 CONSTANTINOP.

3696 412 3817 470 ιιι

2219 528 2376 584 fuerit
2396 528 2659 597 judicare.
2685 527 2738 583 Si
2757 529 2876 597 quis
2898 546 3018 583 cum
3042 529 3145 584 illis
3165 532 3450 599 consentit,
3466 530 3815 589 Christianus

2215 630 2329 685 est;
2361 620 2405 673 si
2449 628 2649 688 pugnat
2690 634 2812 674 cum
2859 620 2986 687 illis,
3027 622 3113 674 hic
3159 622 3338 690 procul
3383 633 3466 676 est
3505 640 3535 677 a
3573 640 3812 677 canone.

2215 710 2350 779 Quid
2372 726 2521 780 ergo,
2553 710 2597 764 si
2630 710 2718 765 ille
2744 712 2962 765 veniens
2990 712 3204 776 dixerit,
3234 714 3311 769 sic
3338 713 3534 769 habere
3562 717 3818 783 Scriptu-

2215 817 2362 863 mm;
2398 813 2449 855 tu
2482 817 2606 855 vero
2633 802 2735 856 alie
2766 803 2926 857 tnodo
2956 803 3176 867 dixeris,
3208 815 3262 859 et
3290 805 3504 861 diverse
3534 808 3815 874 interpre-

2217 893 2397 947 temini
2441 893 2764 964 Scripturas,
2794 911 2985 952 sensus
3025 898 3233 952 illarum
3281 900 3681 957 distrahentes?
3726 902 3813 957 τυ

2217 987 2404 1055 igitur,
2436 986 2522 1040 dic
2566 989 2716 1054 mihi,
2745 998 3052 1044 mentemne
3094 989 3260 1045 habes
3301 1008 3363 1046 ac
3396 993 3700 1062 judicium?
3739 994 3818 1049 Et

2216 1076 2484 1144 qttumOdO
2530 1078 2761 1147 possim,
2813 1078 3037 1148 inquiet,
3066 1094 3185 1135 cum
3232 1083 3467 1136 nesciam
3509 1082 3816 1153 dijudicare

2218 1169 2429 1221 vestra?
2467 1169 2761 1239 discipulus
2790 1184 2912 1225 esse
2939 1172 3093 1235 volo,
3129 1182 3183 1226 tu
3215 1189 3342 1228 vero
3368 1190 3453 1229 me
3478 1175 3589 1245 jam
3618 1177 3816 1231 docto-

2220 1272 2330 1312 rem
2359 1257 2507 1313 facis.
2538 1258 2591 1314 Si
2622 1260 2736 1314 haec
2764 1260 2979 1328 dixerit,
3007 1262 3133 1330 quid
3171 1264 3650 1333 respondebimus?
3674 1283 3815 1338 quo-

2219 1349 2379 1406 modo
2414 1352 2488 1406 illi
2529 1353 3004 1422 persuadebimus?
3040 1356 3450 1428 lntcrrogemus.
3491 1374 3559 1413 an
3602 1360 3706 1415 hoc
3744 1360 3817 1416 sit

2219 1443 2467 1500 obtentus
2499 1462 2512 1497 :
2544 1444 2965 1516 interrogemus,
2999 1465 3065 1503 an
3090 1452 3321 1520 gentiles
3347 1451 3586 1508 damnet.
3616 1452 3814 1509 Omni-

2221 1552 2291 1589 no
2325 1536 2597 1606 quidpiam
2625 1538 2768 1593 dicet
2799 1556 2813 1591 :
2848 1555 3023 1610 neque
3049 1540 3191 1595 enim
3218 1557 3325 1597 non
3356 1544 3623 1600 damnatis
3665 1546 3815 1613 illis,

2220 1626 2285 1681 ad
2328 1636 2509 1683 nostra
2549 1630 2789 1686 accedet.
2833 1630 3229 1704 luterrogemus
3256 1649 3357 1703 qua
3383 1635 3451 1690 de
3480 1650 3642 1690 causa
3679 1651 3818 1690 ςοιιο

2220 1716 2438 1775 ἀιιιιιηοι
2469 1738 2483 1773 :
2519 1736 2623 1775 non
2663 1722 2806 1777 enim
2852 1732 3051 1779 temere
3091 1723 3430 1779 condemnat.
3476 1724 3819 1781 Manifestum

2222 1822 2304 1865 est
2342 1812 2606 1868 dicturum
2635 1828 2775 1868 esse.
2811 1816 2935 1884 quia
2976 1817 3195 1870 numina
3239 1817 3325 1871 illa
3369 1827 3495 1873 sunt
3528 1829 3817 1886 creaturae,

2224 1917 2323 1955 nec.
2349 1917 2469 1958 esse
2506 1904 2590 1956 illa
2632 1904 2927 1960 increatum
2970 1906 3160 1961 Deum.
3207 1906 3395 1963 Recte.
3432 1908 3490 1964 Si
3534 1909 3639 1965 hoc
3675 1910 3822 1980 apud

2222 1993 2355 2049 alias
2400 1996 2634 2052 haereses
2680 1997 2950 2065 inveniat,
2981 2002 3309 2055 contrarium
3340 2016 3469 2058 vero
3506 2002 3650 2072 apud
3682 2018 3820 2071 nos,

2224 2100 2331 2154 quo
2358 2100 2494 2155 opus
2523 2096 2605 2142 est
2632 2092 2918 2146 sermone?
2956 2091 3155 2147 Omnes
3183 2093 3503 2150 confitemur
3534 2091 3815 2152 Christum

2226 2190 2346 2231 esse
2373 2177 2560 2233 Deum.
2600 2179 2704 2235 Sed
2732 2180 3008 2236 videamus
3035 2184 3122 2253 qui
3152 2195 3421 2254 pugnent,
3451 2185 3542 2257 qui
3575 2201 3683 2241 non
3715 2202 3817 2256 pu-

2226 2279 2411 2338 gnent.
2444 2270 2551 2325 Nos
2578 2273 2667 2343 qui
2693 2273 2919 2330 dicimus
2937 2290 3058 2331 esse
3087 2276 3254 2331 Deum
3277 2318 3291 2334 .
3320 2277 3479 2347 digna
3513 2278 3624 2333 Deo
3650 2278 3826 2348 loqui-

2231 2374 2381 2424 mur,
2424 2361 2565 2430 qnod
2608 2370 2922 2432 potestatem
2964 2364 3178 2432 habeat,
3206 2366 3347 2437 quod
3374 2382 3480 2423 non
3511 2367 3582 2422 sit
3606 2383 3822 2435 servus,

2228 2450 2369 2518 quod
2408 2452 2479 2506 sit
2516 2452 2674 2518 libe'r,
2700 2455 2841 2524 quod
2872 2470 2901 2509 a
2931 2456 3109 2524 seipse
3139 2457 3317 2511 omnia
3340 2455 3501 2512 faciat
3529 2476 3545 2512 :
3580 2459 3669 2513 ille
3696 2474 3825 2515 vero

2229 2554 2437 2597 contra.
2478 2542 2710 2599 Rursum
2740 2544 3035 2616 interrogo,
3066 2549 3109 2602 si
3142 2548 3465 2605 medicinam
3494 2547 3709 2606 discere
3735 2567 3828 2606 ve-

2230 2629 2315 2695 lis,
2348 2648 2471 2686 num
2494 2632 2669 2688 obiter
2693 2643 2747 2689 et
2770 2635 3148 2704 perfunctorie,
3174 2654 3376 2708 quteso,
3398 2655 3459 2694 ea
3486 2656 3605 2711 qua:
3632 2640 3826 2696 dicunv

2234 2729 2318 2773 tur
2338 2723 2615 2792 suscipies,
2643 2726 2853 2780 tametsi
2882 2727 3044 2782 multa
3066 2730 3205 2798 apud
3230 2730 3350 2785 illos
3370 2731 3475 2786 sint
3496 2732 3746 2802 dogmata
3771 2734 3827 2787 ‘?

2232 2812 2285 2869 Si
2314 2830 2443 2885 ergo
2469 2817 2787 2887 simpliciter
2825 2821 3002 2874 omnia
3042 2839 3161 2891 qum
3196 2824 3381 2879 audies
3421 2826 3651 2895 accipias
3674 2868 3690 2893 ,
3724 2826 3829 2881 hoc

2231 2904 2329 2958 viri
2358 2922 2461 2962 non
2490 2919 2631 2963 esset
2653 2926 2667 2960 :
2686 2908 2730 2962 si
2758 2920 2935 2965 autem
2958 2912 3159 2981 judicio
3183 2926 3236 2968 et
3258 2925 3435 2970 mente
3457 2916 3658 2981 valeas,
3682 2917 3828 2987 quod

2233 2995 2431 3051 bonum
2461 3013 2751 3070 verumque
2780 3011 2861 3056 est
2889 3003 3109 3058 omnino
3133 3006 3291 3061 scies.
3337 3006 3530 3061 Filium
3560 3023 3659 3062 nos
3685 3008 3827 3065 dici-

2233 3104 2372 3154 mus,
2396 3100 2448 3144 et
2468 3091 2611 3161 quod
2636 3108 2820 3148 verum
2844 3105 2925 3150 est
2949 3095 3175 3152 dicimus
3205 3116 3217 3149 :
3245 3097 3319 3151 illi
3346 3114 3474 3155 vero
3500 3100 3685 3155 dicunt
3706 3102 3832 3171 qui-

2236 3180 2380 3247 dem,
2410 3183 2503 3237 sed
2532 3197 2636 3237 non
2670 3186 3014 3241 confitentur.
3045 3188 3115 3244 Ut
3141 3206 3268 3243 vero
3290 3191 3483 3246 clarius
3510 3192 3721 3263 loquar,
3747 3192 3831 3248 illi

2234 3275 2494 3343 quosdam
2524 3275 2740 3341 habent,
2769 3293 2799 3332 a
2824 3280 3019 3349 quibus
3045 3282 3417 3352 appellantur,
3450 3284 3830 3340 haeresiarchte

2235 3376 2382 3423 certe
2414 3384 2607 3425 nomen
2640 3388 2654 3426 :
2686 3372 2765 3426 sic
2805 3373 3030 3442 singula:
3062 3374 3325 3441 ha-rescs;
3355 3377 3507 3431 nobis
3535 3378 3617 3431 vir
3646 3376 3835 3432 nullus

2238 3476 2432 3516 nomen
2466 3463 2688 3527 indidit,
2719 3465 2811 3520 sed
2844 3468 2955 3535 ipsa
2989 3465 3139 3521 fides.
3177 3467 3372 3521 Verum
3406 3468 3507 3522 hoc
3534 3480 3837 3538 prmtextns

2238 3553 2596 3625 obtentusque
2639 3564 2740 3610 est.
2782 3553 2891 3611 Cur
2927 3557 3103 3621 enim,
3134 3573 3345 3627 qumso,
3383 3560 3595 3630 quando
3624 3570 3835 3615 vestem

2240 3652 2514 3711 empturus
2540 3658 2619 3711 es,
2653 3646 2896 3715 quamvis
2926 3646 2979 3701 in
3001 3654 3117 3701 arte
3145 3648 3368 3702 textoria
3393 3648 3691 3718 imperitus,
3721 3666 3835 3704 non

2240 3732 2327 3788 illa
2354 3734 2559 3804 profers
2579 3738 2737 3793 verba
2769 3758 2784 3793 :
2816 3737 3011 3793 Emere
3041 3739 3241 3801 nescio,
3268 3754 3353 3793 me
3378 3738 3691 3809 decipiunt;
3735 3740 3838 3797 sed

2230 3826 2373 3880 nihil
2401 3842 2504 3881 non
2524 3828 2638 3897 agis
2662 3837 2717 3882 ut
2736 3828 2955 3884 discas?
2981 3828 3153 3883 Etiam
3180 3830 3223 3882 si
3246 3828 3457 3895 quidvis
3476 3830 3621 3885 aliud
3646 3847 3837 3888 emere

2240 3920 2443 3990 cupias,
2463 3922 2639 3975 omnia
2661 3922 2876 3977 curiose
2897 3922 3196 3992 perquiris;
3228 3921 3314 3977 hic
3335 3938 3461 3977 vero
3485 3923 3555 3977 ita
3574 3923 3837 3991 loqueris.

2242 4013 2423 4082 Itaque
2446 4013 2525 4068 sic
2554 4014 2815 4083 loquens,
2853 4013 2983 4069 nihil
3019 4014 3241 4068 omnino
3268 4014 3547 4086 suscipies.
3578 4014 3663 4070 Sit
3690 4015 3840 4069 enim

2241 4104 2433 4175 aliquis
2459 4106 2664 4161 nullum
2686 4106 2905 4162 omnino
2925 4106 3117 4177 dogma
3142 4106 3376 4172 habens;
3404 4105 3449 4161 si
3475 4105 3617 4161 dicat
3639 4107 3726 4161 ille
3753 4107 3838 4174 id,

2240 4198 2383 4268 quod
2417 4207 2469 4253 tu
2498 4198 2565 4255 de
2590 4198 2908 4255 Christianis
2937 4198 3077 4255 dicis
3107 4216 3123 4254 :
3155 4200 3324 4256 Tanta
3352 4199 3636 4255 multitudo
3663 4200 3844 4257 homi—

2244 4306 2369 4344 num
2397 4299 2501 4357 est,
2526 4301 2581 4347 et
2602 4292 2747 4346 varia
2776 4292 2975 4347 habent
3001 4291 3285 4362 dogmata;
3324 4292 3461 4347 alius
3487 4292 3704 4363 gentilis
3731 4302 3840 4359 est,

2245 4379 2381 4436 alius
2406 4382 2643 4450 Iudaeus,
2667 4382 2805 4437 alius
2824 4382 3160 4439 Christianus
3190 4403 3203 4440 :
3232 4384 3437 4439 nullum
3464 4383 3717 4455 amplecti
3739 4383 3844 4441 do-

2244 4493 2365 4549 gma
2409 4483 2621 4547 oportet
2650 4491 2663 4528 :
2695 4474 2770 4530 illi
2796 4475 2938 4530 enim
2966 4474 3108 4531 inter
3137 4489 3195 4529 se
3222 4482 3460 4545 pugnant
3491 4491 3507 4530 :
3539 4488 3641 4545 ego
3671 4474 3846 4531 disci-

2246 4569 2404 4640 pulus
2432 4582 2572 4635 sum,
2595 4556 2762 4637 iudex
2786 4581 2906 4622 esse
2932 4566 3079 4632 nolo,
3102 4580 3278 4637 neque
3303 4565 3467 4620 ullum
3491 4563 3685 4638 dogma
3706 4580 3846 4623 con-

2246 4658 2501 4714 demnare
2531 4676 2544 4711 :
2574 4672 2679 4712 non
2710 4658 2821 4727 jam
2868 4656 2957 4712 ille
3001 4665 3297 4727 praztextus
3340 4656 3513 4711 locum
3552 4656 3738 4713 habet.
3767 4655 3847 4714 Ut

2248 4750 2391 4805 enim
2418 4747 2776 4804 adulterinum
2802 4748 2999 4817 ejicere
3028 4745 3270 4815 potuisti,
3288 4745 3366 4800 sic
3388 4747 3590 4816 poteris
3609 4744 3717 4801 huc
3744 4760 3844 4801 ac-

2249 4844 2465 4911 cedens,
2490 4844 2616 4915 quid
2647 4844 2717 4899 sit
2740 4842 2868 4898 utile
2895 4839 3197 4910 explorare.
3231 4838 3363 4894 Nam
3388 4840 3477 4909 qui
3504 4838 3713 4894 nullum
3740 4838 3845 4895 do-

2249 4951 2367 5006 gma
2409 4936 2751 5001 condemnat,
2784 4932 2885 4988 hoc
2914 4930 3071 4987 facile
3095 4930 3241 4987 dicet
3268 4947 3284 4986 :
3314 4930 3403 5001 qui
3435 4944 3565 4985 vero
3594 4929 3839 4998 damnat,

2250 5027 2351 5081 etsi
2396 5026 2524 5081 nihil
2569 5025 2760 5095 eligat,
2802 5036 3087 5093 progressu
3127 5021 3383 5093 temporis
3419 5020 3618 5091 poterit
3660 5018 3846 5077 videre

2250 5117 2377 5187 quid
2395 5124 2659 5187 oporteat.
2685 5113 2761 5169 Ne
2784 5121 3072 5184 prmtextus
3089 5127 3393 5183 quaeramus
3418 5129 3432 5166 :
3450 5110 3627 5167 omnia
3646 5112 3846 5184 quippe

2254 5207 2426 5262 facilia
2452 5216 2602 5263 sunt.
2632 5205 2725 5260 Vis
2752 5202 3030 5259 ostendam
3061 5204 3152 5257 tibi
3182 5202 3297 5257 hmo
3323 5210 3646 5272 praetextum
3677 5216 3801 5258 esse
3819 5203 3847 5257 ?

2252 5298 2370 5354 Scis
2399 5314 2517 5368 quae
2548 5294 2814 5361 facienda,
2842 5310 2962 5365 quas
2992 5310 3098 5348 non
3128 5291 3409 5349 facienda?
3446 5306 3544 5348 cur
3573 5306 3709 5363 ergo
3738 5308 3847 5347 nou

2253 5408 2373 5461 quin
2403 5390 2644 5447 facienda
2684 5398 2807 5444 sunt
2834 5387 2965 5442 facis
2988 5429 3003 5453 ,
3034 5386 3127 5441 sed
3152 5401 3269 5455 qua:
3296 5402 3402 5440 non
3430 5386 3713 5443 facienda?
3742 5383 3852 5439 Fac

2256 5486 2362 5551 illa,
2389 5495 2442 5541 ct
2467 5493 2610 5539 recta
2640 5482 2845 5536 ratione
2870 5496 3048 5550 qumre
3079 5492 3110 5531 a
3142 5478 3272 5541 Deo,
3296 5487 3350 5531 et
3372 5478 3484 5547 ipse
3506 5478 3599 5533 tibi
3623 5476 3849 5532 omnino

2255 5578 2534 5633 revelabit.
2562 5575 2699 5629 Deus
2724 5574 2873 5638 enim,
2902 5572 3090 5639 inquit,
3122 5585 3223 5623 non
3249 5578 3321 5622 est
3350 5585 3683 5637 personarum
3706 5585 3851 5623 acce-

2257 5682 2373 5741 plor
2398 5670 2534 5743 (Act.
2560 5668 2646 5725 l0.
2674 5666 2797 5736 34);
2830 5666 2923 5722 sed
2952 5666 3003 5718 in
3030 5665 3175 5721 omni
3204 5669 3366 5734 gente
3384 5663 3476 5733 qui
3508 5662 3660 5719 timet
3684 5661 3853 5719 Deum

2323 5810 2337 5840 ί
2375 5814 2504 5856 Unus
2526 5804 2760 5858 habet...,
2789 5799 2975 5867 discere
3000 5793 3146 5867 velis;
3171 5795 3362 5847 tanwtsi
3409 5792 3561 5847 multa
3592 5794 3730 5861 apud
3748 5793 3864 5849 illos

2262 5876 2352 5923 sint
2379 5872 2622 5933 dogumfa,
2644 5864 2836 5914 omissis
2860 5862 3175 5922 interimus.
