4082 6494
3746 407 3854 461 266

426 418 540 474 νιδ
1173 417 1230 473 s.
1270 413 1551 472 JOANNIS
1596 415 2087 474 cnnvsosmm
2139 391 2458 472 meum.
2501 411 3052 470 οοΝετΑΝτιΝοι).

431 532 609 587 πάντα
663 529 1056 585 ἀπευθύνεσθαι
1105 532 1292 602 ἐχρῆν,
1332 533 1393 585 ού
1419 532 1645 600 -πολλῆς
1682 533 1787 586 ἔδει
1819 533 2082 601 σκέψεως,
2183 528 2456 602 ἠρώτησε,
2507 529 2602 582 καὶ
2655 528 2800 599 παρὰ
2850 527 3157 596 φιλοσόφοις
3192 520 3259 596 ἦν
3303 523 3494 585 ταῦτα,
3533 525 3630 577 καί
3677 523 3855 586 οὐδεὶς

428 618 565 673 ἀλλὰ
594 617 683 669 τὸν
714 617 1166 689 παραμετροῦντα
1193 617 1411 672 εῦκολον
1445 614 1514 689 ἦν
1535 619 1721 672 λαϐεῖν
1751 635 1764 649 ο
1794 617 1967 682 οὕτως
1991 618 2082 670 καί
2184 617 2427 688 ἐκωλύθη
2458 615 2566 670 τῶν
2597 617 2695 686 τὴν
2733 615 2899 686 ὀρθὴν
2925 615 3135 684 αἰρεσιν
3158 615 3413 685 ἐχόντων.
3467 612 3565 665 Διά
3586 611 3640 664 τί
3667 611 3741 681 μὴ
3771 608 3857 663 εἶ-

430 705 543 758 νῦν.
576 703 699 767 Πῶς
733 700 824 756 οὖν
851 704 910 756 ού
943 704 1233 775 συνορῶσι;
1268 705 1443 758 Πολλὰ
1466 708 1643 769 ποιεῖ,
1687 707 1784 758 καὶ
1818 705 2086 775 πρόληψις
2184 721 2282 756 πον
2302 704 2395 756 ὅτε
2418 704 2592 756 ταῦτα
2615 703 2850 766 ἐκίνουν,
2884 704 2967 756 ὅτι
2993 703 3086 756 καὶ
3108 696 3251 757 οὗτοι
3284 701 3529 754 κάκεῖνοι
3569 698 3814 752 Ἰουδαῖοι
3841 713 3856 726 ·

431 790 523 844 καὶ
549 788 882 860 ἀνθρώπιναι
913 790 1101 844 αἰτίαι.
1130 791 1298 844 Τοῦτο
1319 792 1560 862 καὶπερὶ
1589 792 1765 862 ήμῶν,
1807 792 1963 861 φησί,
1987 792 2083 844 καὶ
2181 791 2288 843 τίνι
2314 791 2394 843 δεῖ
2422 791 2567 860 ἡμᾶς
2598 790 2910 855 πείθεσθαι;
2960 789 3100 842 Ἀλλ’
3126 788 3456 858 ἐπείσθησαν
3478 786 3554 848 ὡς
3586 785 3716 839 ἔδει.
3757 785 3861 838 Οὖ-

429 877 624 929 ἐκεῖνοι
653 875 889 943 λέγουσι.
921 877 1075 940 Πῶς;
1121 878 1212 946 Μὴ
1253 877 1361 948 γὰρ
1400 878 1781 948 ἀπεσχίσμεθα
1824 878 1922 948 τῆς
1959 878 2084 932 Ἐκ·
2183 877 2313 932 κοῦν
2343 878 2438 931 καί
2478 880 2640 948 ἡμεῖς
2689 876 3008 946 πειθώμεθα
3029 879 3139 936 τοῖς
3181 874 3273 928 τοῦ
3313 874 3449 928 Θεοῦ
3496 873 3705 945 νόμοις,
3761 875 3862 924 καὶ

423 957 689 1027 κλησίας;
725 958 798 1026 μὴ
833 959 939 1025 γάρ
961 960 1314 1029 αἰρεσιάρχας
1339 959 1566 1030 ἐχομεν;
1621 959 1695 1030 μὴ
1729 959 1837 1029 γὰρ
1860 961 1956 1012 ἀπ’
1989 963 2086 1013 άν-

428 1034 664 1112 θρώπων
710 1043 1055 1113 καλούμεθα;
1104 1045 1179 1115 μὴ
1211 1046 1317 1114 γὰρ
1372 1046 1781 1117 προηγούμενος
1813 1046 1970 1116 ἡμῶν
2001 1046 2085 1109 τίς

428 1129 598 1195 ἐστιν,
635 1129 820 1201 ὥσπερ
844 1131 918 1200 τῷ
950 1131 1046 1198 μὲν
1074 1133 1360 1201 Μαρκίων,
1387 1133 1462 1202 τῷ
1490 1133 1546 1185 δὲ
1568 1135 1886 1203 Μανιχαῖος,
1918 1132 1995 1203 τῷ
2028 1134 2085 1186 δὲ

435 1211 672 1280 Ἀρειος,
695 1210 772 1282 τῷ
800 1212 857 1283 δέ
886 1212 1042 1275 ἄλλος
1072 1231 1153 1276 τις
1177 1215 1435 1285 αἱρέσεως
1463 1216 1736 1286 ἀρχηγός;
1797 1217 1859 1269 Εἰ
1896 1216 1952 1268 δέ
1991 1219 2088 1270 καὶ

431 1300 590 1368 ἡμεῖς
618 1302 984 1371 προσηγορίαν
1018 1303 1159 1364 τινὸς
1186 1301 1398 1372 ἔχομεν,
1429 1304 1542 1355 ἀλλ’
1577 1305 1635 1356 οὐ
1667 1305 1790 1366 τοὺς
1811 1304 1912 1374 τῆς
1935 1303 2086 1374 αἰρέ-

431 1399 568 1443 σεως
599 1383 888 1454 ἄρξαντας,
929 1387 1061 1440 ἀλλά
1083 1388 1204 1450 τοὺς
1231 1383 1566 1458 προστάντας
1595 1389 1750 1458 ἡμῶν
1773 1388 1866 1442 καὶ
1891 1389 2081 1460 κυϐερ-

430 1471 697 1539 νήσαντας
750 1471 848 1542 τὴν
883 1473 1225 1544 Ἐκκλησίαν.
1251 1475 1362 1526 Οὐκ
1393 1474 1586 1544 ἐχομεν
1610 1476 1963 1537 διδασκάλους
1995 1477 2086 1528 ἐπὶ

428 1557 526 1624 τῆς
546 1557 647 1626 γῆς
674 1575 686 1587 ·
727 1559 800 1629 μὴ
831 1560 1042 1626 γένοιτο
1076 1578 1088 1592 ·
1119 1561 1214 1613 ἕνα
1241 1559 1432 1630 ἔχομεν
1464 1562 1553 1613 τὸν
1585 1565 1640 1617 ἐν
1668 1566 1778 1624 τοῖς
1815 1565 2080 1634 οὐρανοῖς.

432 1643 708 1711 Κάκεῖνοι,
735 1649 887 1716 φησὶ,
917 1647 1146 1700 τάαύτά
1184 1648 1593 1717 προϐάλλονται.
1644 1650 1782 1704 Ἀλλ’
1811 1651 2081 1719 ἐφέστηκε

430 1728 491 1780 τὸ
543 1730 710 1796 ὄνομα
745 1732 1084 1804 κατηγοροῦν
1129 1734 1327 1797 αὐτῶν,
1391 1737 1483 1787 καὶ
1519 1737 1828 1806 ἐμφράττον
1868 1737 1935 1790 τὰ
1967 1737 2086 1789 στόο

429 1833 594 1884 ματα.
629 1819 815 1871 Πολλοί
842 1832 866 1860 ει
895 1819 1178 1888 γεγόνασιν
1205 1821 1483 1892 Ἕλληνες,
1539 1824 1631 1875 καὶ
1685 1823 1858 1887 οὐδεὶς
1907 1824 2080 1878 ταῦτα

2183 965 2362 1018 πάντα
2391 965 2716 1035 πράττωμεν
2751 963 2892 1016 κατὰ
2919 963 2979 1015 τὸ
3006 961 3154 1032 αὑτῷ
3188 962 3402 1026 δοκοῦν,
3435 961 3530 1015 καὶ
3576 960 3724 1014 κατὰ.
3754 960 3861 1030 τὴν

2183 1050 2346 1105 αὑτοῦ
2376 1050 2627 1121 βούλησιν
2656 1047 3121 1119 πολιτευώμεθα,
3139 1046 3213 1110 ώς
3237 1048 3316 1100 ἐτι
3337 1048 3501 1116 ἐσμὲν
3532 1049 3591 1100 ἐν
3615 1045 3692 1116 τῷ
3716 1063 3860 1114 παρ-

2182 1139 2295 1192 όντι
2327 1137 2445 1208 βίῳ,
2497 1138 2585 1191 ἵνα
2630 1136 2770 1209 μετά
2803 1135 3006 1207 ἀρετῆς
3045 1134 3138 1187 τὸν
3181 1133 3474 1186 ὑπόλοιπον
3503 1134 3707 1206 χρόνον
3753 1132 3858 1202 τῆς

2185 1224 2330 1295 ζωῆς
2365 1225 2524 1296 ἡμῶν
2552 1224 2921 1287 διανύσαντες,
2982 1221 3092 1275 τῶν
3150 1221 3578 1290 ἐπηγγελμένων
3629 1218 3859 1287 ἀγαθῶν

2182 1313 2296 1374 τοῖς
2356 1311 2645 1380 ἀγαπῶσιν
2701 1311 2862 1364 αὑτὸν
2907 1311 3182 1380 ἐπιτυχεῖν
3212 1305 3594 1376 δυνησώμεθα,
3629 1307 3728 1358 καὶ
3758 1305 3860 1357 σῦν

2182 1399 2292 1460 τοῖς
2322 1397 2750 1469 εθαρεστήσασιν
2775 1396 2925 1466 αὐτῷ
2963 1398 3131 1467 τιμῆς
3153 1396 3494 1465 ἀξιωθῶμεν,
3541 1394 3729 1464 χάριτι
3764 1391 3863 1443 καὶ

2185 1482 2563 1553 φιλανθρωπίᾳ
2592 1483 2685 1536 τοῦ
2725 1484 3048 1552 μονογενοῦς
3075 1483 3204 1537 Υίοῦ
3239 1481 3427 1544 αὐτοῦ,
3468 1482 3564 1534 καὶ
3614 1477 3713 1532 τοῦ
3749 1496 3856 1530 πα-

2183 1567 2372 1635 ναγίου
2403 1570 2498 1622 καὶ
2530 1569 2794 1633 ζωοποιοῦ
2831 1569 3167 1640 Πνεύματος,
3205 1570 3305 1639 τῆς
3333 1571 3463 1639 μιᾶς
3502 1567 3596 1620 καὶ
3620 1564 3862 1635 ἀληθοῦς

2185 1654 2458 1725 θεότητος,
2493 1656 2586 1710 νῦν
2608 1659 2703 1712 καὶ
2733 1658 2836 1723 ἀεὶ,
2860 1657 2953 1710 καὶ
2978 1659 3057 1721 εἰς
3081 1658 3207 1721 τοὺς
3237 1656 3439 1719 αἰῶνας
3468 1655 3577 1708 τῶν
3617 1653 3859 1707 αἰώνων.

2199 1740 2255 1792 Ἀ
2266 1740 2390 1808 μήν.

2247 1833 2275 1864 ⁸
2302 1833 2435 1882 Unus
2456 1834 2686 1896 στόματα.
2703 1837 2792 1883 Διὰ
2815 1836 2860 1883 τί
2877 1837 3060 1886 πολλοί.

467 1944 3713 1976 ___________________________________

1949 2033 2192 2086 ΟΜΙΛΙΑ
2232 2033 2354 2088 ΛΔ’.

432 2120 670 2193 Παῦλος
712 2121 778 2172 δὲ
811 2121 908 2173 καί
962 2123 1269 2193 Βαρνάϐας
1298 2123 1586 2193 διέτριϐον
1625 2125 1695 2176 ἐν
1742 2125 2085 2193 Ἀντιοχείᾳ,

500 2190 886 2261 διδάσκοντες
914 2192 1009 2245 καί
1041 2191 1549 2261 εὐαγγελιζόμενοι
1569 2196 1718 2260 μετὰ
1741 2196 1838 2247 καὶ
1871 2190 2088 2261 ἐτ’ἐρων

501 2259 744 2330 πολλῶν
772 2259 875 2312 τὸν
895 2262 1078 2330 ,λόγον
1100 2259 1203 2314 τοῦ
1217 2259 1434 2327 Κυρίου
1477 2259 1634 2315 Μετὰ
1658 2262 1723 2314 δέ
1751 2279 1917 2328 τινας
1942 2259 2082 2330 ἦμέ-

493 2345 607 2395 ρας
635 2324 762 2409 εἶπε
804 2324 1039 2409 Παῦλος
1074 2330 1225 2409 πρὸς
1262 2324 1574 2409 Παρναϐαν
1604 2347 1628 2409 '_
1665 2324 2088 2409 Ἐπιστρέψαν-

501 2414 599 2460 τες
628 2397 701 2463 δὴ
730 2397 1185 2466 ἐπισκεψώμεθα
1218 2400 1358 2463 τοὺς
1380 2399 1680 2466 ἀδελφοὺς
1710 2397 2091 2454 κατὰίπιῖσαν

500 2462 699 2526 πόλιν,
749 2467 818 2518 ἐν
843 2462 1448 2536 ,αἵςήκατηγγείλαμεν
1473 2462 1577 2521 τόν
1623 2462 1808 2532 λόγον
1840 2470 1945 2523 τοῦ
1979 2473 2087 2523 Κυ-

495 2537 649 2604 ρίου,
681 2536 804 2599 πῶς
832 2535 1100 2602 ἔχουσιν.

499 2625 567 2670 α’.
589 2618 732 2683 Ὅρα
757 2618 913 2670 πάλιν
939 2617 1114 2670 αὐτῶν
1138 2617 1198 2670 τὸ
1217 2618 1489 2681 ταπεινὸν,
1517 2618 1631 2681 πῶς
1652 2619 1745 2672 καί
1761 2620 1966 2689 ἐτέροις
1995 2638 2090 2690 με·

431 2705 699 2757 ταδιδόασι
725 2704 816 2756 τοῦ
846 2705 1025 2771 λόγου.
1055 2705 1166 2756 Καὶ
1212 2704 1310 2774 ήδη
1349 2703 1446 2772 μὲν
1484 2703 1592 2756 τῶν
1631 2705 1940 2758 ἀποστόλων
1980 2706 2088 2758 τῶν

430 2791 630 2843 λοιπῶν
666 2791 726 2843 τδ
749 2786 881 2860 ἦθος
913 2789 1218 2859 ἀνέγραψεν
1257 2791 1386 2858 ἡμῖν
1416 2791 1443 2842 6
1479 2791 1712 2854 Λουκᾶς,
1757 2792 1968 2855 δεικνὺς
2007 2793 2088 2845 ὃτι

430 2878 458 2928 6
499 2879 597 2948 μὲν
626 2876 975 2948 ἁπαλώτερος
1007 2872 1074 2946 ἦν
1106 2877 1200 2929 καὶ
1231 2876 1430 2945 μᾶλλον
1455 2878 1911 2948 συγγνωμονικδς,
1936 2873 2090 2942 οὗτος

429 2965 485 3018 δέ
509 2964 894 3034 ἀκριϐέστερος
925 2964 1019 3017 καὶ
1039 2953 1437 3036 αὐστηρότερος
1468 2980 1484 2996 ·
1509 2963 1742 3035 διάφορα
1765 2967 1870 3035 γάρ
1892 2966 2089 3018 ἐστιτὰ

431 3052 742 3121 χαρίσματα
773 3069 784 3081 ·
824 3052 904 3104 ὅτι
955 3052 1013 3104 δέ
1066 3052 1159 3103 καὶ
1203 3051 1359 3103 τοῦτο
1395 3051 1663 3122 χάρισμα,
1708 3051 1885 3119 δῆλον.
1947 3049 2087 3103 Ἀλλ’

433 3141 607 3192 ἐκεῖνο
639 3139 737 3206 μέν
771 3139 974 3208 ἑτέροις
999 3139 1186 3208 ήθεσιν
1219 3137 1519 3208 ἀνθρώπων
1550 3137 1799 3209 ἁρμόζει,
1829 3137 1984 3191 τοῦτο
2032 3139 2091 3192 δέ

434 3227 659 3295 ἑτέρως’
687 3225 788 3278 κᾶν
818 3225 1354 3294 μετασκευάσωνται,
1384 3226 1605 3293 γέγονεν
1635 3227 1907 3296 ἄχρηστον
1937 3224 2089 3298 [ἓϐί]

433 3311 636 3364 λοιπόν.
680 3312 789 3364 Καὶ
819 3311 966 3364 δοκεῖ
1010 3310 1108 3381 μὲν
1137 3305 1277 3364 εἷναί
1309 3328 1391 3374 τις
1424 3312 1793 3383 παροξυσμὸς,
1815 3311 1876 3364 τδ
1904 3313 1960 3364 δέ
1983 3315 2088 3365 πᾶν

432 3398 710 3467 οἰκονομία
736 3399 898 3450 ἐστίν.
934 3399 1096 3452 Ὥστε
1125 3397 1233 3471 γὰρ
1275 3401 1402 3462 τοὺς
1452 3399 1825 3470 προσήκοντας
1861 3399 2092 3452 ἕκαστον

435 3483 628 3545 τόπους
672 3482 981 3550 ἀπολαϐεῖν,
1033 3484 1188 3537 τοῦτο
1245 3485 1473 3552 γίνεται.
1510 3485 1722 3548 Ἀλλως
1764 3485 1822 3537 δέ
1851 3485 1947 3538 καὶ
1980 3485 2090 3538 ἔδει

439 3570 638 3632 πάντας
664 3569 758 3639 οὐχ
790 3570 1082 3640 ὁμοτίμους
1111 3567 1269 3634 εἶναι,
1295 3571 1430 3623 ἀλλὰ
1471 3571 1560 3624 τὸν
1601 3571 1696 3639 μὲν
1742 3571 1953 3642 ἄρχειν,
1999 3573 2091 3625 τὸν

435 3651 490 3704 δὲ
521 3651 777 3722 ἄρχεσθαι
802 3669 814 3681 ο
846 3651 940 3704 καὶ
985 3653 1140 3705 τοῦτο
1165 3652 1526 3722 οἰκονομικόν.
1565 3651 1798 3724 Κύπριοι
1860 3654 1958 3724 μὲν
1983 3656 2092 3725 γὰρ

436 3739 585 3792 οὐδὲν
617 3738 854 3792 τοιοῦτον
881 3739 1240 3806 ἐπεδείξαντο,
1261 3736 1370 3793 οἷον
1391 3742 1440 3792 οί
1473 3741 1530 3793 ἐν
1572 3741 1870 3812 Ἀντιοχείᾳ
1917 3741 2012 3794 καὶ
2044 3743 2091 3794 οἰ

436 3825 610 3879 λοιποί
632 3842 647 3857 °
679 3826 773 3880 καὶ
796 3827 987 3880 ἐκεῖνοι
1017 3827 1213 3897 μᾶλλον
1238 3828 1443 3881 ἐδέοντο
1467 3828 1558 3881 τοῦ
1580 3828 1740 3898 ἠθους
1763 3827 1856 3881 τοῦ
1878 3828 2095 3882 ἁπαλω-

437 3913 616 3983 τέρου,
662 3909 803 3967 οῦτοι
857 3913 914 3966 δὲ
960 3913 1169 3969 τούτου.
1226 3914 1536 3982 Βαρνάϐας
1583 3915 1650 3968 δὲ
1687 3917 2094 3970 ἐϐουλεύσατο

438 3999 929 4068 συμπαραλαϐεἴν
953 4001 1049 4053 καί
1082 4000 1364 4069 Ἰωάννην
1387 4002 1493 4054 τὸν
1526 4004 1906 4072 καλούμενον
1937 4003 2092 4070 Μάρ-

438 4103 548 4139 κον
583 4104 596 4118 ο
637 4087 874 4153 Παῦλος
895 4086 962 4140 δὲ
987 4087 1162 4154 ἠξίου
1196 4088 1303 4141 τὸν
1350 4088 1703 4143 ἀποστάντα
1743 4091 1844 4144 ἀπ’
1893 4089 2094 4144 αὐτῶν

438 4173 553 4227 ἀπὸ
594 4177 844 4242 Παμφυλ
859 4175 961 4240 ἀς,
992 4175 1086 4227 καὶ
1129 4175 1214 4243 μὴ
1249 4178 1625 4230 συνελθόντα
1672 4177 1876 4242 αὐτοῖς
1903 4180 1987 4243 είς
2028 4179 2094 4230 τὸ

440 4261 631 4327 ἔργον,
651 4262 734 4328 μὴ
758 4263 1246 4331 συμπαραλαϐεἷν
1273 4264 1506 4317 τοῦτον.
1541 4265 1809 4335 Ἐγένετο
1829 4262 1941 4320 οὖν
1957 4283 2097 4334 παρ·

445 4342 729 4410 οξυσμιλς,
783 4343 936 4397 ὥστε
975 4345 1337 4413 χωρισθῆναι
1367 4348 1588 4412 αὐτοὺς
1642 4346 1744 4400 ἀπ’
1783 4347 2093 4412 ἀλλήλων,

443 4427 548 4476 τόν
577 4441 635 4478 τε
662 4427 969 4492 Βαρνάϐαν
992 4431 1406 4495 παραλαϐόντα
1438 4429 1542 4483 τόν
1563 4430 1826 4497 Μάρκον,
1851 4430 2099 4484 ἐκπλεῦ-

443 4522 543 4558 σαι
566 4509 650 4571 εἰς
681 4509 918 4574 Κύπρον
946 4526 958 4538 ·
1003 4509 1242 4574 Παῦλος
1281 4510 1348 4562 δὲ
1391 4511 1820 4579 ἐπιλεξάμενος
1886 4513 2093 4575 Σίλαν,

441 4592 657 4659 ἐξῆλθε
721 4594 1070 4663 παραδοθεὶς
1123 4595 1197 4662 τῇ
1250 4596 1441 4665 χάριτι
1502 4598 1607 4651 τοῦ
1659 4598 1807 4652 Θεοῦ
1837 4599 1954 4653 ὑπὸ
1978 4599 2097 4652 τῶν

442 4682 737 4751 ἀδελφῶν.
817 4682 973 4735 Οῦτω
1017 4685 1111 4736 καὶ
1167 4685 1223 4736 ἐν
1265 4687 1376 4746 τοῖς
1432 4687 1736 4756 προφήταις
1774 4686 2095 4757 εὑρίσκομεν

442 4771 725 4842 διαφόρους
765 4771 986 4843 γνώμας
1021 4774 1115 4827 καὶ
1158 4775 1386 4845 διάφορα
1430 4777 1532 4846 ἤθη
1585 4788 1599 4802 ⁶
1655 4772 1766 4830 οἷον
1817 4780 1845 4831 6
1915 4779 2098 4843 Ἠλίας

445 4859 730 4928 αὐστηρὸς,
765 4864 793 4914 6
834 4863 1070 4930 Μωῦσῆς
1121 4865 1308 4933 πρᾶος.
1360 4865 1468 4917 Καὶ
1502 4865 1926 4918 ἐνταῦθατοίνυν
1977 4884 2100 4936 σφοο

444 4945 694 5014 δρότερός
757 4948 900 4999 ἐστιν
957 4950 985 5000 6
1042 4948 1267 5014 Παῦλος.
1331 4949 1470 5004 Ἀλλ’
1544 4953 1646 5022 δρα
1704 4953 1799 5006 καὶ
1845 4953 1986 5006 οὕτω
2040 4955 2099 5006 τὺ

446 5033 684 5096 ἐπιεικὲς
741 5031 925 5087 αὑτοῦ.
976 5035 1197 5097 Ἦξίου,
1251 5039 1400 5106 φησί,
1456 5039 1560 5091 τὸν
1610 5041 1960 5094 ἀποστάντα
1996 5042 2096 5095 ἀπ’

443 5119 639 5173 αὐτῶν
670 5120 784 5174 ἀπὸ
817 5123 1170 5191 Παμφυλίας
1193 5123 1276 5191 μὴ
1300 5129 1807 5193 συμπαραλαϐεῑν.
1833 5128 2098 5199 Καθάπερ

445 5205 553 5277 γάρ
584 5223 667 5270 τις
711 5208 1013 5277 στρατηγὸς
1046 5211 1143 5262 οὐκ
1179 5210 1244 5263 ἂν
1286 5211 1458 5263 ἐλοιτο
1484 5211 1573 5264 τὸν
1607 5214 1930 5285 σκευοφόρον
1956 5214 2099 5285 ἔχειν

447 5293 530 5345 ἀεὶ
558 5293 822 5364 βάναυσον
854 5310 867 5322 ·
898 5293 1069 5356 οὕτως
1093 5296 1211 5350 οὺδέ
1239 5297 1265 5348 6
1297 5297 1612 5362 ἀπόστολος.
1657 5299 1822 5354 Τοῦτο
1852 5304 1946 5355 καὶ
1973 5304 2099 5366 τοὺς

445 5380 632 5443 ἄλλους
662 5381 936 5444 ἐπαίδευε,
961 5383 1052 5433 καὶ
1079 5383 1238 5437 αὑτὸν
1266 5385 1594 5455 ἐρῤύθμιζεν
1621 5389 1841 5443 ἐκεῖνον.
1867 5390 2096 5450 Οὐκοῦν,

448 5466 599 5536 φησὶ,
634 5468 798 5531 κακὸς
822 5471 850 5521 6
884 5468 1198 5539 Βαρνάϐας;
1248 5472 1512 5543 Οὐδαμῶς
1556 5493 1570 5508 ·
1611 5477 1746 5530 ἀλλὰ
1769 5478 1860 5531 καὶ
1895 5479 2100 5550 σφόδρα

445 5554 644 5608 ἄτοπον
677 5555 735 5608 τὸ
766 5555 1005 5626 νομίζειν
1032 5556 1204 5610 τοῦτο.
1227 5558 1349 5621 Πῶς
1375 5560 1429 5612 δέ
1450 5561 1547 5614 οὐκ
1569 5563 1765 5617 ἄτοπον
1794 5565 1934 5635 ὑπὲρ
1959 5566 2100 5620 οῦτω

447 5640 773 5711 πράγματος
802 5642 997 5712 μικροῦ
1029 5642 1212 5696 τοῦτον
1245 5642 1424 5712 λέγειν
1453 5646 1700 5713 γενέσθαι
1725 5652 1918 5718 κακόν;
1961 5652 2098 5705 Ἀλλ’

444 5728 567 5797 ὅρα,
600 5729 679 5781 ὅτι
707 5727 918 5799 πρῶτον
953 5728 1049 5798 μὲν
1073 5731 1240 5785 κακὸν
1266 5733 1416 5785 οὐδὲν
1445 5733 1678 5802 γέγονεν,
1713 5738 1760 5789 εἰ
1789 5737 2099 5810 ὁλοκλήροις

442 5816 646 5868 ἔθνεσιν
687 5815 1011 5886 ἀρκοῦντες,
1050 5819 1455 5889 ἀπεσχίσθησαν
1502 5822 1597 5876 ἀπ’
1646 5823 1918 5894 ἀλλήλων,
1958 5826 2094 5880 ἀλλὰ

439 5903 530 5958 καὶ
571 5903 710 5972 μέγα
757 5904 958 5972 ἀγαθόν
984 5923 995 5936 ο
1027 5905 1212 5962 ἔπειτα
1250 5908 1330 5959 ὃτι
1367 5909 1414 5960 εἰ
1456 5910 1529 5979 μὴ
1560 5911 1716 5964 τοῦτο
1742 5908 1837 5981 ἦν,
1879 5911 1980 5964 οὐκ
2027 5909 2091 5964 ἂν

446 5989 647 6044 εἴλοντο
677 5991 907 6056 εὐκόλως
942 5993 1153 6063 ἀφεῖναι
1183 5995 1458 6067 ἀλλήλους.
1488 5997 1556 6051 Σὺ
1587 5998 1642 6051 δέ
1685 6016 1773 6069 μοι
1811 5997 2088 6068 θαύμασον
2194 5989 2403 6069 quid};

2185 2126 2378 2180 τοῦτον
2396 2128 2529 2198 μηδέ
2549 2127 2709 2181 τοῦτο
2734 2128 3040 2199 κρύψαντα.
3087 2127 3225 2180 Ἀλλ’
3259 2128 3307 2179 εἰ
3338 2126 3434 2179 καὶ
3464 2139 3490 2166 ι
3513 2125 3858 2196 χωρισθῆναι

2186 2214 2312 2281 ἔδει,
2341 2215 2496 2285 φησὶ,
2524 2216 2694 2287 χωρὶς
2716 2215 3088 2287 παροξυσμοῦ.
3124 2213 3377 2268 Μάλιστα
3406 2214 3504 2282 μὲν
3528 2208 3622 2265 οὖν
3645 2213 3744 2266 καὶ
3770 2215 3854 2264 ἐν-

2186 2302 2374 2356 τεῦθεν
2392 2303 2663 2358 δείκνυται
2689 2304 2756 2357 τὰ
2785 2303 3125 2375 ἀνθρώπινα.
3149 2303 3209 2354 Εί
3241 2300 3351 2371 γὰρ
3371 2301 3464 2353 ἐπὶ
3489 2300 3585 2353 τοῦ
3612 2299 3858 2370 Χριστοῦ

2186 2390 2344 2443 τοῦτο
2389 2391 2497 2444 ἔδει
2549 2391 2850 2459 γενέσθαι,
2903 2391 3082 2460 πολλῷ
3133 2389 3331 2458 μᾶλλον
3364 2387 3616 2441 ἐνταῦθα.
3647 2388 3860 2449 Ἄλλως

2187 2477 2244 2530 δὲ
2276 2480 2304 2530 6
2342 2478 2691 2549 παροξυσμὸς
2722 2480 2821 2531 οὐκ
2850 2479 2914 2532 ἂν
2941 2478 3030 2547 εἴη
3070 2477 3301 2545 φαῦλος,
3341 2476 3468 2528 ὅταν
3499 2475 3642 2542 ὑπὲρ
3675 2473 3856 2528 τοιού-

2185 2583 2292 2619 των
2339 2567 2568 2632 ἐκαστος
2608 2567 2927 2637 ἀμφισϐητῇ
2955 2607 2970 2624 .
3008 2565 3102 2618 καὶ
3143 2564 3283 2635 μετά
3329 2563 3538 2617 δικαίου
3569 2563 3753 2629 λόγου.
3792 2563 3859 2616 El

2192 2654 2289 2722 μέν
2317 2649 2410 2706 οῦν
2443 2670 2526 2716 τις
2551 2653 2731 2706 αὐτῶν
2759 2654 2819 2705 τὸ
2869 2652 3064 2706 ἐαυτοῦ
3107 2651 3287 2721 ζητῶν
3333 2649 3686 2719 παρωξύνετο
3710 2689 3724 2712 ,
3764 2650 3858 2702 καὶ

2189 2740 2287 2811 την
2315 2741 2395 2802 εἰς
2427 2741 2590 2794 αὑτὸν
2616 2740 2781 2810 τιμὴν
2799 2781 2816 2803 ,
2857 2740 3040 2802 καλῶς
3064 2757 3076 2768 ·
3110 2740 3160 2790 εἰ
3194 2739 3251 2791 δέ
3275 2737 3567 2792 παιδεῦσαι
3594 2739 3690 2792 καί
3711 2737 3860 2791 διδά-

2192 2825 2278 2888 ξαι
2320 2827 2578 2897 ἑκάτερος
2609 2825 2951 2896 βουλόμενος,
3001 2829 3030 2878 6
3078 2827 3175 2895 μὲν
3217 2824 3444 2896 ταύτην,
3484 2826 3514 2876 6
3557 2823 3615 2876 δέ
3638 2825 3860 2893 ἐκείνην

2187 2911 2405 2974 ὥδευον,
2452 2910 2611 2964 τοῦτο
2664 2914 2812 2964 ποῖον
2856 2912 3146 2979 ἐγκλημας
3190 2909 3368 2964 Πολλά
3412 2910 3505 2962 καὶ
3538 2909 3859 2980 ἀνθρωπίνῃ

2186 2997 2394 3067 διανοίᾳ
2439 2997 2655 3051 ἐποίουν
2684 3011 2700 3027 ⁸
2732 2998 2793 3050 οὐ
2840 2998 2948 3068 γάρ
2994 2994 3133 3069 ἦσαν
3184 2998 3379 3068 λίθοιῆ
3414 2997 3567 3061 ξύλα.
3607 2998 3717 3050 Καὶ
3755 2998 3861 3066 δρα

2189 3083 2402 3137 Παῦλον
2425 3083 2853 3154 κατηγοροῦντα,
2888 3086 2981 3138 καὶ
3008 3085 3106 3154 τὴν
3135 3085 3312 3138 αἰτίαν
3345 3085 3594 3151 λέγοντα.
3648 3084 3865 3154 ᾜδεῖτο

2189 3170 2298 3239 γὰρ
2330 3169 2418 3222 τὸν
2445 3170 2728 3241 Βαρνάϐαν
2759 3171 2866 3224 ἀπὸ
2917 3172 3421 3241 ταπεινοφροσύνης
3465 3170 3670 3240 πολλῆς
3699 3212 3714 3234 ,
3762 3171 3862 3223 ἅτε

2191 3259 2622 3329 κεκοινωνηκότα
2655 3260 2714 3312 ἐν
2742 3259 3013 3322 τοσούτοις
3053 3258 3201 3325 αύτῷ
3224 3261 3316 3312 καὶ
3347 3258 3462 3329 μετ’
3485 3258 3651 3311 αὐτοῦ
3685 3257 3820 3310 ὅντα
3841 3274 3858 3288 ο

2192 3344 2306 3397 ἀλλ’
2341 3346 2440 3415 ούχ
2457 3345 2629 3407 οὕτως
2655 3346 2830 3415 ᾐδεῖτο
2855 3387 2870 3409 ,
2913 3346 3054 3399 ὥστε
3099 3347 3193 3398 καί⁷
3231 3346 3478 3416 παριδεῖν
3502 3345 3561 3398 τὸ
3587 3345 3726 3399 δέον.
3765 3345 3866 3408 Τίς

2195 3432 2294 3502 μὲν
2321 3427 2413 3485 οῦν
2465 3432 2688 3502 ἄμεινον
2717 3433 3098 3494 ἐϐουλεύσατο,
3123 3434 3220 3504 οὐχ
3247 3434 3402 3504 ἡμῶν
3428 3431 3812 3503 ἀποφήνασθαι
3847 3449 3862 3463 ο

2191 3520 2328 3584 τέως
2356 3521 2431 3586 δὲ,
2461 3522 2542 3575 ὅτι
2580 3522 2790 3594 μεγάλη
2821 3524 3041 3590 γέγονεν
3072 3521 3371 3590 οἰκονομία,
3407 3522 3460 3573 εί
3487 3537 3549 3587 γε
3588 3515 3732 3574 οῦτοι
3761 3519 3868 3588 μὲν

2193 3607 2418 3678 ἔμελλον
2439 3609 2690 3679 δεύτερον
2718 3609 3060 3677 ἐπισκέψεως
3094 3607 3405 3673 ἀξιοῦσθαι,
3437 3609 3633 3659 ἐκεῖνοι
3658 3606 3716 3658 δέ
3739 3606 3866 3660 οῦδὲ

2193 3695 2361 3762 ἅπαξ.
2413 3697 2525 3766 Ούχ
2554 3696 2740 3760 ἁπλῶς
2773 3695 3040 3766 διέτριϐον
3067 3698 3127 3748 ἐν
3172 3694 3469 3765 Ἀντιοχείᾳ
3489 3733 3502 3756 ,
3534 3693 3648 3746 ἀλλ’
3690 3692 3868 3745 ἐδίδα-

2195 3803 2342 3840 σκον.
2377 3788 2441 3839 Τί
2476 3787 2787 3851 ἐδίδασκον;
2819 3787 2952 3840 τίδὲ
2980 3786 3424 3856 εὐηγγελίζοντο;
3476 3784 3613 3846 Τούς
3649 3801 3710 3836 τε
3757 3784 3864 3854 ἠδη

2195 3875 2436 3937 πιστοὺς,
2477 3875 2603 3938 τούς
2627 3891 2688 3927 τε
2717 3874 2947 3927 οὐδέπω.
2993 3871 3212 3944 Ἐπειδὴ
3242 3872 3349 3943 γὰρ
3390 3871 3556 3942 μυρία
3588 3870 3868 3923 σκάνδαλα

2194 3957 2281 4031 ἦν,
2304 3961 2406 4014 ἔδει
2436 3963 2534 4031 τῆς
2563 3962 2742 4014 αὐτῶν
2770 3961 3096 4032 παρουσίας.
3134 3961 3208 4013 T6
3253 3960 3581 4031 ζητούμενον
3605 3999 3618 4021 ,
3643 3959 3743 4029 οὐχ
3779 3960 3866 4012 ὅτι

2195 4048 2549 4119 διηνέχθησαν
2566 4047 2712 4121 [ὶϐξ]
2727 4052 2783 4102 ἐν
2798 4051 2915 4110 ταῖς
2935 4046 3201 4117 γνώμαις,
3219 4047 3330 4099 ἀλλ’
3347 4050 3429 4100 ὅτι
3444 4045 3868 4116 συγκατέϐησαν

2195 4136 2443 4206 ἀλλήλοις
2475 4137 2621 4190 ἰδεῖν.
2663 4135 2818 4188 Οὕτω
2860 4133 3044 4205 μεῖζον
3084 4135 3285 4201 ἀγαθὸν
3316 4134 3508 4202 γέγονε
3536 4135 3597 4186 τὸ
3629 4135 3656 4174 ι’
3695 4150 3869 4203 χωρι-

2197 4223 2423 4294 σθῆναι,
2463 4225 2557 4277 καὶ
2591 4223 2866 4293 πρόφασιν
2910 4224 2972 4274 ἐκ
2999 4222 3189 4274 τούτου
3223 4223 3282 4275 τὸ
3310 4225 3541 4292 πρᾶγμα
3568 4221 3749 4274 ἔλαϐε.
3796 4222 3866 4274 Τί

2196 4305 2319 4371 οῦνς
2357 4308 2541 4378 ἐχθροὶ
2589 4309 2976 4378 ἀνεχώρησανς
3008 4308 3098 4378 Μὴ
3124 4309 3349 4374 γένοιτο.
3390 4306 3554 4378 Ὁρᾷς
3578 4307 3688 4376 γὰρ
3722 4308 3866 4375 μετά

2197 4396 2352 4450 τοῦτο
2399 4395 2684 4465 Βαρνάϐαν
2745 4395 2952 4447 πολλῶν
2997 4396 3284 4464 ἐγκωμίων
3335 4394 3673 4448 ἀπολαύοντα
3710 4393 3867 4464 παρὰ

2199 4483 2410 4536 Παύλου
2436 4486 2491 4536 ἐν
2516 4486 2635 4545 ταῖς
2677 4469 3032 4544 Ἐπιστολαῖς.
3063 4482 3478 4550 Παροξυσμός,
3515 4483 3703 4550 φησὶν,
3735 4481 3868 4550 ἐγέο

2198 4588 2333 4624 νετο
2359 4613 2374 4631 ,
2419 4571 2518 4624 οὐκ
2567 4569 2734 4640 ἔχθρα
2785 4569 2904 4622 ούδέ
2936 4568 3263 4636 φιλονεικία.
3299 4567 3563 4620 Τοσοῦτον
3589 4568 3807 4637 ἴσχυσεν
3837 4570 3867 4620 6

2200 4656 2576 4728 παροξυσμὸς,
2624 4656 2763 4708 ὥστε
2810 4657 3072 4725 χωρίσαι·
3105 4655 3195 4708 καί
3245 4655 3495 4717 εἰκότως.
3529 4652 3707 4724 Ὅπερ
3752 4654 3869 4726 γὰρ

2197 4745 2424 4806 ἕκαστος
2453 4742 2716 4795 ὑπέλαϐεν
2742 4739 2884 4795 εἶναι
2907 4741 3200 4806 λυσιτελὲς,
3233 4741 3386 4793 τοῦτο
3425 4740 3562 4809 μετὰ
3591 4740 3766 4793 ταῦτα
3800 4742 3867 4794 οὐ

2198 4833 2512 4901 προσήκατο
2534 4829 2622 4882 διὰ
2648 4829 2744 4898 τὴν
2775 4827 2909 4898 πρὸς
2951 4829 3158 4881 ἐκεῖνον
3185 4827 3491 4883 κοινωνίαν.

2271 4920 2335 4989 β’.
2367 4919 2518 4988 Ἐμοὶ
2534 4917 2682 4971 δοκεῖ
2707 4916 2800 4968 καὶ
2831 4916 2969 4968 κατὰ
2997 4915 3212 4968 σύνεσιν
3233 4915 3558 4984 γεγενῆσθαι
3577 4914 3669 4968 τὸν
3690 4933 3868 4988 χωρι-

2201 5005 2352 5076 σμὸν,
2379 5006 2473 5058 καὶ
2502 5004 2637 5077 πρός
2668 5003 2926 5074 ἀλλήλους
2943 5006 3132 5066 εἰπεῖν,
3154 5007 3236 5056 ὃτι
3268 5001 3484 5072 Ἐπειδὴ
3519 5000 3630 5072 ἐγὼ
3653 5004 3714 5056 οὐ
3746 5003 3867 5074 βού-

2205 5106 2356 5164 λομαι
2423 5097 2485 5148 σὺ
2527 5094 2582 5147 δὲ
2619 5092 2815 5161 βούλει,
2859 5092 2943 5145 ἵνα
2987 5091 3060 5162 μὴ
3104 5090 3422 5162 μαχώμεθα,
3457 5090 3868 5164 διανειμώμεθα

2198 5184 2322 5246 τοὺς
2340 5181 2725 5244 τόπους.”Ωστε
2746 5180 2885 5233 πάνυ
2913 5182 3146 5241 εἴκοντες
3177 5178 3424 5248 ἀλλήλοις
3442 5177 3600 5232 τοῦτο
3621 5179 3863 5235 ἐποίουν.

2212 5270 2491 5325 Ἐϐούλετο
2522 5268 2630 5338 γὰρ
2665 5268 2854 5337 στῆναι
2887 5268 2946 5321 τὸ
2979 5267 3191 5320 Παύλου
3231 5265 3516 5337 Βαρνάϐας
3541 5283 3554 5297 ·
3578 5266 3666 5320 διά
3704 5266 3868 5322 τοῦτο

2198 5360 2290 5413 καὶ
2315 5356 2659 5428 ἀνεχώρησεν
2688 5371 2701 5383 ·
2744 5353 2992 5409 ἐϐούλετο
3021 5355 3116 5407 καὶ
3145 5353 3351 5416 Παῦλος
3384 5353 3588 5423 ὁμοίως
3621 5354 3683 5408 τὸ
3721 5357 3868 5410 ἐκεί-

2199 5467 2288 5502 νου
2307 5466 2317 5478 ν
2343 5447 2430 5499 διὰ
2453 5444 2612 5497 τοῦτο
2634 5445 2726 5496 καὶ
2750 5443 2909 5506 αὐτὸς
2932 5444 2992 5496 τὸ
3014 5444 3127 5495 [σον
3151 5445 3290 5496 ποιεῖ
3309 5442 3402 5496 καὶ
3417 5443 3710 5512 ἀναχωρεῖ.
3737 5443 3867 5498 Εἴθε

2198 5539 2293 5590 καί
2324 5537 2487 5607 ἡμεῖς
2517 5532 2788 5596 τοιούτους
2808 5531 3188 5603 ἐχωριζόμεθα
3218 5533 3534 5604 χωρισμοῦς
3554 5573 3568 5594 ,
3600 5532 3742 5586 ὥστε
3772 5535 3867 5588 ἐπὶ

2200 5626 2460 5696 κήρυγμα
2489 5620 2741 5676 ἀπιέναιί
2789 5621 3031 5688 Παῦλος
3075 5619 3162 5684 δὲ,
3199 5621 3362 5690 φησὶν
3388 5661 3402 5683 ,
3430 5619 3869 5690 ἐπιλεξάμενος

2199 5713 2306 5765 τὸν
2338 5713 2525 5765 Σίλαν
2549 5751 2562 5770 .
2592 5709 2811 5778 ἐξῆλθε
2841 5707 3194 5777 παραδοθεὶς
3227 5707 3302 5776 τῇ
3337 5707 3530 5776 χάριτι
3561 5709 3669 5762 τοῦ
3715 5711 3870 5764 Θεοῦ

2199 5802 2316 5855 ὑπὸ
2364 5799 2480 5852 τῶν
2529 5797 2820 5867 ἀδελφῶν.
2866 5796 3190 5867 Θαυμαστὸς
3247 5798 3394 5849 ἐστιν
3430 5791 3584 5859 οὗτος
3620 5797 3650 5847 6
3699 5798 3868 5868 ἀνὴρ,

2256 5946 2274 5968 ⁸
2301 5944 2434 5993 Unus
2457 5943 2714 6006 κρύψαντα,
2759 5943 2881 5997 ὅλως
2907 5942 2955 5990 δὲ
2989 5943 3027 5989 εί
3067 5941 3164 5989 καί.
3231 5939 3260 5978 δ
3291 5941 3484 6000 Ἀγαθὸν
3527 5939 3643 5988 εῖναι
3684 5940 3760 6002 τό,
3791 5943 3871 5991 διε
