4082 6540
206 484 308 541 «λεδ

208 609 260 656 et
287 597 408 653 facit
430 592 717 665 justitiam,
747 598 1000 658 acceptus
1028 585 1104 641 illi
1127 595 1228 642 est.
1258 584 1376 642 Non
1409 591 1589 656 potest
1619 584 1685 647 is,
1705 581 1797 651 qui

208 696 405 761 absque
443 685 789 758 pnejndicata
831 682 1087 752 opinione
1123 678 1292 745 audit,
1326 691 1431 732 non
1468 674 1799 747 persuaderi.

210 783 275 841 Ct
314 783 459 838 enim
486 782 533 835 si
575 778 755 850 regula
795 775 1041 846 quadam
1081 782 1263 838 esset,
1304 770 1371 826 ad
1410 785 1570 841 quam
1612 782 1802 823 omnes

206 876 353 944 dirigi
377 880 673 955 oporteret,
700 884 803 923 nou
829 867 994 922 multa
1017 865 1451 921 consideratione
1476 876 1613 932 opus
1636 868 1801 922 esset,

207 964 297 1019 sed
328 952 466 1019 male
505 963 813 1018 metientem
846 958 1001 1013 facile
1028 955 1562 1024 deprehenderemns
1598 994 1611 1006 .
1648 952 1719 1006 ita
1751 959 1805 1006 et

206 1072 366 1111 nunc.
395 1055 681 1123 Quomodo
700 1067 837 1123 ergo
868 1058 975 1105 non
1008 1048 1230 1103 vident?
1258 1048 1418 1102 Multa
1454 1046 1504 1101 id
1532 1044 1800 1109 efficiunt,

204 1146 545 1215 pra'judicala
570 1144 774 1215 opinio,
807 1143 1163 1210 humanaque.
1183 1154 1382 1193 causae.
1407 1137 1521 1193 Hoc
1550 1136 1711 1192 etiam
1734 1134 1805 1190 de

207 1238 378 1304 nobis,
414 1239 645 1307 inquies,
676 1236 749 1290 illi
782 1235 989 1289 dicunt.
1016 1231 1336 1301 Quomodo?
1362 1246 1487 1285 num
1516 1230 1584 1285 ab
1615 1230 1805 1284 Eccle—

204 1331 277 1384 sia
298 1346 400 1385 nos
421 1329 758 1384 excidimus?
789 1346 912 1383 num
940 1325 1327 1383 haeresiarchas
1352 1324 1648 1379 habemus?
1674 1338 1802 1376 num

204 1420 269 1475 ab
295 1420 603 1475 hominibus
641 1435 836 1474 nomen
865 1417 1203 1488 accipimus?
1245 1431 1371 1470 num
1398 1414 1509 1469 dux
1536 1414 1802 1483 quispiam

204 1512 355 1567 nobis
398 1521 519 1575 est,
568 1522 625 1565 ut
675 1512 780 1566 illis
823 1510 1081 1576 Marcion,
1137 1509 1242 1563 illis
1287 1506 1650 1569 Maniclneus,
1699 1504 1805 1557 iflis

204 1607 360 1661 Arius
384 1646 403 1672 ,
450 1606 553 1660 illis
583 1605 720 1659 alius
752 1604 971 1659 haeresis
1002 1601 1287 1672 princeps?
1313 1597 1466 1668 Quod
1499 1599 1542 1653 si
1577 1612 1677 1653 nos
1705 1611 1803 1649 eu-

200 1696 429 1765 juspiam
464 1711 661 1750 nomen
697 1696 967 1759 feramus;
1001 1702 1055 1748 at
1084 1710 1189 1747 non
1223 1692 1484 1747 habemus
1515 1697 1678 1744 secta:
1706 1704 1803 1741 au~

201 1796 399 1854 ctores,
434 1787 530 1843 sed
563 1786 846 1857 przefectos
872 1795 927 1840 et
954 1785 1341 1856 gubernatores
1371 1782 1651 1837 Ecclesiae.
1686 1781 1802 1836 Non

202 1878 464 1935 habemus
491 1879 778 1949 magistros
808 1894 973 1948 super
997 1886 1196 1933 terram
1224 1875 1416 1941 :absit,
1448 1891 1612 1929 unum
1642 1873 1809 1928 habe-

203 1989 317 2028 mus
362 1975 415 2027 in
458 1973 629 2027 caelis.
673 1972 751 2026 Illi
783 1987 1029 2043 quoque,
1062 1972 1303 2041 inquies,
1334 1969 1451 2025 btec
1484 1969 1801 2024 obtendunt.

1126 470 1191 526 IN
1232 469 1415 527 ACTA
1454 461 1984 524 APOSTOLORUM.
2028 465 2256 521 IIOMIL.
2292 466 2539 521 XXXIV.

3410 464 3516 522 946

1914 577 2109 638 Verum
2140 583 2340 640 habent
2367 599 2589 649 nomen,
2613 583 2756 655 quod
2786 581 2909 639 illos
2930 591 3168 649 accusat,
3195 580 3522 654 illorumquc

1910 690 2001 731 ora
2031 675 2282 731 obstruit.
2317 675 2468 731 Multi
2499 674 2648 729 fuere
2673 675 2924 745 gentiles,
2954 682 3010 729 et
3051 673 3230 729 nullus
3273 673 3390 731 hsce
3429 675 3517 730 in-

1911 768 2204 837 terrogavit
2233 784 2245 822 :
2280 776 2333 824 et
2356 766 2496 837 apud
2532 766 2886 835 philosophos
2912 764 3030 821 haec
3056 775 3230 832 erant,
3255 775 3312 821 et
3341 766 3524 822 nullus

1911 872 2127 923 eorum,
2156 859 2246 928 qui
2276 868 2479 914 rectam
2512 867 2713 912 sectam
2749 858 3046 922 haberent,
3076 855 3384 926 prohibitus
3415 864 3520 911 est.

1909 947 2019 1003 Cur
2048 965 2153 1003 non
2180 949 2455 1015 dixerunt,
2488 948 2707 1020 quando
2738 948 2856 1003 haec
2884 948 3199 1014 movebant,
3225 948 3368 1018 quod
3390 959 3444 1004 et
3467 948 3524 1004 hi

1912 1050 1966 1098 et
2014 1041 2091 1097 illi
2134 1042 2306 1097 Judmi
2357 1052 2562 1106 essent,
2606 1051 2663 1097 et
2702 1040 2805 1096 utri
2848 1041 3230 1111 obtemperare
3258 1042 3520 1111 oportet?

1910 1132 2017 1188 Sed
2059 1144 2115 1187 ut
2160 1132 2445 1202 Oportebat
2473 1132 2938 1203 obtemperarunt.
2988 1132 3059 1187 Et
3104 1147 3205 1187 nos
3250 1147 3381 1201 ergo
3422 1133 3522 1188 Dei

1912 1221 2117 1293 legibus
2149 1223 2587 1293 obtemperemus
2613 1264 2628 1287 ,
2664 1234 2717 1278 et
2750 1224 2931 1277 omnia
2963 1232 3019 1277 ut
3048 1224 3149 1294 ipsi
3179 1224 3371 1294 placita
3400 1233 3529 1278 sunt

1908 1317 2210 1385 faciamus,
2260 1333 2324 1372 ac
2372 1317 2665 1373 secundum
2709 1316 2828 1385 ejus
2875 1316 3207 1372 voluntatem
3251 1316 3521 1382 vivamus,

1908 1412 2035 1465 dum
2066 1412 2119 1466 in
2150 1409 2403 1481 praesenti
2430 1414 2535 1464 vita
2565 1409 2830 1480 degimus,
2862 1420 2920 1465 ut
2951 1410 3003 1464 in
3036 1409 3235 1464 virtute
3262 1410 3521 1479 praesenti

1912 1514 2181 1561 transacta
2212 1506 2317 1560 vita
2341 1547 2355 1571 ,
2390 1505 2651 1575 promissa
2685 1503 3037 1572 diligentibus
3062 1520 3121 1560 se
3154 1504 3291 1559 bona
3320 1520 3518 1560 conse-

1909 1614 2139 1669 quamur
2160 1641 2173 1663 ,
2206 1606 2262 1653 et
2291 1614 2412 1653 cum
2447 1597 2512 1651 iis
2541 1598 2629 1668 qui
2664 1597 2763 1667 ipsi
2798 1597 3120 1666 placuerunt
3150 1596 3484 1651 honoremur
3504 1638 3521 1663 ,

1909 1693 2078 1762 gratia
2106 1698 2161 1745 et
2186 1689 2518 1757 benignitate
2547 1688 2807 1759 unigeniti
2836 1688 2954 1742 Filii
2978 1688 3096 1757 ejus
3117 1697 3173 1742 et
3194 1686 3525 1743 sanctissimi

1911 1782 2219 1853 viviticiqne
2252 1781 2490 1850 Spiritus
2510 1822 2526 1846 ,
2556 1781 2713 1836 unius
2744 1789 2801 1835 et
2829 1795 2971 1835 verae
3002 1780 3226 1835 Deitatis
3249 1822 3265 1849 ,
3299 1794 3443 1835 nunc
3473 1788 3532 1836 et

1911 1893 2152 1948 semper,
2180 1886 2234 1933 et
2262 1878 2313 1931 in
2338 1876 2532 1932 saecula
2559 1876 2904 1932 saeculorum.
2935 1879 3132 1930 Amen.

1536 2175 1890 2238 HOMILIA
1934 2175 2240 2237 XXXIV.

202 2326 323 2382 Car.
359 2328 428 2383 15
483 2344 536 2381 v.
566 2328 656 2383 55.
690 2326 887 2382 Paulus
909 2338 1078 2382 autem
1113 2336 1159 2381 et
1195 2326 1459 2383 Barnabas
1480 2326 1809 2380 morabantur

270 2419 580 2485 Antiochia,
609 2421 842 2474 docentes
864 2429 912 2473 et
940 2419 1345 2491 euangelizante:
1366 2434 1480 2471 cum
1502 2417 1619 2471 aliis
1646 2417 1808 2486 pluri-

271 2515 360 2566 bus
405 2514 613 2566 verbum
668 2511 896 2567 Domini.
946 2514 1034 2569 36.
1084 2511 1211 2565 Post
1258 2513 1455 2583 aliquot
1498 2521 1667 2564 autem
1703 2510 1810 2563 dies

270 2606 399 2660 dixit
446 2607 516 2659 ad
559 2603 850 2659 Barnabam
894 2603 1093 2659 Paulus
1122 2603 1509 2667 :Revertentes,
1554 2603 1811 2656 visitemus

271 2697 458 2763 fratres
482 2713 573 2766 per
594 2697 851 2750 universas
872 2696 1116 2761 civitates,
1139 2696 1193 2748 in
1222 2696 1400 2765 quibus
1422 2694 1811 2765 pradicavimus

270 2788 477 2843 uerbum
502 2787 734 2851 Domini,
762 2787 1016 2858 quomodo
1043 2804 1097 2841 se
1118 2788 1356 2841 habeant.

272 2880 323 2932 1.
356 2878 436 2932 De
468 2879 625 2932 Pauli
660 2895 776 2933 cum
809 2878 1048 2932 Barnaba
1082 2879 1417 2933 dissensione.
1445 2907 1517 2919 —
1548 2876 1683 2932 Vide
1714 2878 1813 2931 ite-

204 2986 318 3024 rum
349 2980 550 3041 quanta
587 2971 886 3025 humilitate
917 2986 1225 3026 sermonem
1255 2986 1377 3025 cum
1410 2970 1530 3024 aliis
1569 2984 1813 3025 commu-

202 3065 402 3119 nicent.
453 3064 520 3118 Et
546 3063 656 3133 jam
685 3064 899 3133 quidem
931 3064 1257 3135 reliquorum
1284 3064 1653 3133 apostolorum
1678 3080 1812 3119 conc

204 3154 542 3210 suetudinem
586 3154 870 3223 descripsit
911 3155 1067 3209 nobis
1110 3154 1284 3209 Lucas
1308 3195 1321 3214 .
1356 3154 1650 3209 ostendens
1676 3155 1812 3209 alios

206 3246 485 3301 suaviores
513 3244 1049 3315 indulgentioresque
1075 3260 1196 3300 esse
1215 3286 1232 3312 ,
1265 3245 1401 3299 alios
1432 3245 1733 3301 exactiores
1759 3255 1813 3299 et

206 3337 535 3393 austeriores
571 3354 584 3390 :
619 3336 830 3392 diversa
854 3351 1085 3407 namque
1109 3346 1235 3393 sunt
1256 3337 1396 3392 dona
1424 3355 1437 3391 :
1462 3337 1605 3409 quod
1632 3348 1811 3394 autem

206 3427 308 3485 hoc
336 3445 559 3501 quoque
587 3429 657 3485 sit
684 3430 883 3484 donum
915 3429 1103 3500 liquet.
1137 3430 1244 3486 Sed
1276 3431 1405 3486 illud
1441 3431 1660 3501 quidem
1692 3430 1815 3486 aliis

208 3521 484 3578 hominum
530 3522 774 3577 moribus
801 3522 1081 3592 competit,
1114 3521 1216 3577 hoc
1259 3532 1437 3577 autem
1474 3524 1630 3590 aliis;
1677 3532 1732 3578 et
1769 3524 1813 3578 si

206 3623 693 3678 commutarentnr,
725 3614 929 3668 inutilia
954 3613 1147 3669 forent.
1174 3613 1401 3669 Videtur
1424 3616 1641 3686 quidem
1667 3631 1816 3686 qua:-

210 3705 326 3761 dam
354 3722 477 3762 esse
508 3706 815 3771 dissensio;
850 3714 1019 3760 totum
1048 3722 1180 3762 vero
1211 3709 1512 3763 oeconomia
1545 3718 1648 3763 est.
1681 3707 1815 3763 Illud

209 3800 348 3854 enim
368 3799 446 3864 fit,
469 3807 529 3853 ut
555 3799 918 3868 unusquisque
940 3797 1117 3853 locum
1136 3800 1226 3868 qui
1244 3799 1344 3854 sibi
1361 3800 1816 3857 conveniatoecu-

211 3899 314 3959 pet.
345 3890 603 3960 Alioquin
625 3904 754 3945 vero
772 3905 876 3945 non
900 3892 1201 3961 oportebat,
1218 3899 1276 3946 ut
1292 3907 1479 3948 omnes
1500 3894 1613 3963 pari
1635 3904 1819 3949 essent

212 3978 413 4037 honore
433 4024 449 4051 ,
486 3981 589 4037 sed
619 3990 672 4036 ut
703 3981 838 4036 alius
868 3991 1156 4051 pra-esset,
1184 3982 1325 4039 alius
1359 3984 1605 4039 subditus
1632 3995 1777 4040 esset
1802 4004 1814 4039 :

211 4083 262 4128 et
302 4076 401 4130 hoc
438 4077 608 4131 etiam
657 4074 1006 4143 providentia:
1046 4091 1183 4145 opus
1220 4087 1325 4131 est.
1372 4077 1557 4148 Cyprii
1591 4094 1819 4148 namque

212 4165 340 4219 nihil
371 4166 478 4221 tale
505 4165 869 4221 exhibuerant
890 4207 905 4233 ,
944 4166 1104 4236 quale
1141 4166 1464 4224 Antiocheni
1495 4178 1549 4225 et
1580 4172 1767 4241 reliqui
1803 4190 1817 4227 :

211 4267 260 4310 et
291 4256 364 4310 illi
391 4257 648 4323 mitiore,
682 4256 736 4311 hi
765 4257 1040 4314 severiore
1068 4259 1328 4329 magistro
1357 4276 1491 4330 opus
1526 4260 1816 4316 habebant.

212 4349 295 4403 37.
314 4348 591 4404 Barnabas
614 4358 781 4402 autent
803 4350 996 4404 volebat
1010 4367 1179 4406 secum
1192 4368 1452 4407 assumere
1471 4363 1517 4407 et
1540 4352 1816 4421 Joannem,

212 4440 293 4508 qui
317 4440 718 4510 cognominatur
748 4440 955 4495 Marcus
984 4456 1004 4494 :
1031 4442 1123 4497 38.
1158 4442 1358 4497 Paulus
1386 4453 1553 4498 autem
1584 4445 1817 4515 rogabat,

211 4541 261 4583 ut
281 4532 366 4601 qui
389 4532 707 4593 discessisset
729 4534 790 4586 ab
813 4535 881 4587 eis
903 4534 967 4588 de
995 4533 1335 4607 Pamphylia,
1364 4546 1409 4590 et
1434 4555 1533 4592 non
1556 4550 1683 4593 esset
1704 4557 1821 4593 eum

212 4628 278 4678 eis
306 4626 357 4680 in
389 4643 540 4696 opus,
567 4642 672 4679 non
702 4626 882 4681 debere
912 4627 1089 4696 recipi.
1117 4627 1208 4684 59.
1237 4628 1404 4683 Facta
1434 4641 1504 4684 est
1533 4632 1693 4701 igitur
1716 4632 1821 4686 dis-

211 4721 369 4773 sensio
394 4761 409 4786 ,
441 4720 516 4772 ita
538 4726 600 4771 ut
630 4718 939 4773 discederent
962 4720 1025 4772 ab
1057 4721 1269 4774 invicem
1291 4763 1305 4789 ,
1336 4732 1384 4776 et
1413 4722 1679 4778 Barnabas
1704 4726 1791 4795 qui
1802 4755 1819 4765 ο

212 4811 321 4863 dem
350 4823 622 4881 assumpto
652 4811 827 4865 Murco
859 4814 1116 4883 navigaret
1146 4815 1195 4867 in
1220 4814 1443 4884 Cyprum
1468 4818 1593 4871 :40.
1621 4816 1821 4871 Paulus

212 4918 323 4956 vero
359 4905 516 4958 electo
566 4903 686 4957 Sita
734 4905 991 4971 profectus
1042 4915 1144 4969 est,
1192 4908 1410 4960 traditus
1452 4911 1633 4979 gratite
1663 4908 1759 4963 Dei
1789 4928 1821 4964 a

213 4998 470 5063 fratribus.
503 4996 601 5051 Sic
625 5005 677 5049 et
706 4996 755 5049 in
783 4997 1060 5067 prophetis
1084 4997 1325 5054 diversas
1349 5002 1645 5055 sententias
1672 5018 1822 5057 coxn-

214 5088 461 5155 perimus,
493 5100 551 5143 et
588 5088 763 5141 varios
792 5105 968 5143 mures
993 5108 1005 5141 :
1034 5091 1176 5145 verbi
1201 5092 1367 5157 gratia
1401 5092 1547 5147 Elius
1574 5105 1820 5151 austerus

210 5189 321 5233 erat
344 5221 360 5247 ,
393 5181 615 5251 Moyses
645 5180 805 5233 mitis.
855 5180 950 5234 llic
984 5181 1143 5250 igitur
1169 5181 1539 5238 vehementior
1566 5196 1647 5239 est
1677 5187 1819 5240 Pau-

212 5273 308 5325 lus.
350 5272 455 5328 Sed
500 5272 588 5326 sic
628 5279 803 5327 tamen
828 5272 950 5326 vide
981 5275 1445 5330 mansuetudinem
1468 5277 1605 5345 ejus.
1640 5278 1819 5349 Roga-

212 5366 307 5431 θαι,
340 5367 534 5436 inquit,
561 5374 620 5419 ut
646 5366 733 5434 qui
757 5366 1064 5419 discessisset
1086 5369 1147 5420 ab
1168 5368 1239 5423 eis
1260 5368 1323 5421 de
1350 5367 1691 5441 Pamphylia,
1718 5390 1818 5427 non

210 5460 380 5513 άιοὸηε
408 5461 598 5531 recipi.
648 5458 715 5514 Ut
752 5461 895 5515 enim
937 5460 1044 5516 dux
1083 5464 1355 5517 exercitus
1384 5465 1551 5519 nollet
1583 5467 1818 5535 bajulum

212 5569 419 5621 semper
448 5554 655 5607 habere
683 5552 962 5607 sordidum
990 5594 1006 5621 ,
1045 5554 1124 5609 sic
1156 5571 1328 5625 neque
1359 5558 1657 5627 apostolus.
1706 5559 1819 5616 lloc

212 5646 369 5699 etiam
401 5648 540 5702 alios
569 5645 792 5711 docuit,
825 5655 879 5699 et
910 5645 1058 5700 illum
1100 5648 1427 5703 emendavit.
1465 5649 1679 5719 Ergone
1711 5652 1815 5705 im-

215 5739 406 5803 probus
454 5738 777 5793 Barnabas?
808 5737 1058 5804 Minime;
1090 5740 1196 5795 imo
1227 5740 1384 5796 valde
1410 5741 1700 5798 absurdum
1727 5760 1817 5800 es-

213 5840 289 5883 set
315 5831 364 5883 nl
395 5840 609 5900 putare.
644 5829 928 5899 Quomodo
956 5846 1061 5885 non
1090 5832 1383 5887 absurdum
1408 5846 1567 5900 esset,
1600 5836 1670 5891 ob
1702 5854 1815 5893 rem

214 5923 341 5980 adeo
367 5926 542 5981 levem
589 5925 741 5980 illum
782 5925 961 5981 dicere
1005 5926 1355 5998 improbum?
1386 5929 1492 5985 Sed
1522 5931 1658 6001 vide,
1689 5935 1813 6005 pri-

1921 2337 2069 2390 mum
2100 2320 2225 2375 hinc
2256 2320 2389 2375 nihil
2414 2319 2539 2375 mali
2564 2320 2902 2390 provenisse,
2928 2320 2972 2374 si
3002 2334 3125 2375 eum
3154 2320 3379 2391 integris
3405 2336 3535 2390 gen-

1922 2414 2063 2467 tibus
2094 2411 2346 2467 snfﬁccre
2376 2421 2618 2481 possent,
2644 2412 2879 2481 separati
2909 2412 3051 2478 sint;
3085 2411 3194 2467 imo
3221 2413 3381 2467 etiam
3409 2411 3538 2467 hinc

1921 2521 2171 2575 magnum
2197 2503 2465 2575 prodiisse
2494 2504 2693 2558 bonum
2728 2521 2740 2557 :
2768 2502 2965 2559 deinde
2990 2544 3004 2566 ,
3038 2506 3082 2559 si
3112 2503 3218 2559 hoc
3243 2520 3350 2557 non
3384 2504 3533 2559 acci-

1919 2598 2090 2653 disset
2115 2640 2129 2664 ,
2160 2614 2267 2651 nun
2295 2595 2453 2651 facile
2479 2596 2721 2667 separari
2751 2596 3072 2652 voluissent.
3102 2596 3182 2650 Tu
3212 2611 3342 2651 vero
3373 2597 3538 2651 mire-

1921 2690 1994 2744 ris
2024 2690 2225 2754 velim,
2256 2688 2397 2759 quod
2435 2688 2607 2743 Lucas
2639 2688 2744 2744 hoc
2780 2703 2888 2743 non
2920 2688 3195 2744 celaverit.
3230 2687 3334 2744 Sed
3366 2688 3411 2742 si
3439 2704 3531 2743 se-

1920 2784 2097 2853 parari
2138 2784 2447 2854 oportebat,
2498 2784 2729 2854 inquies,
2775 2783 2967 2838 saltem
3010 2784 3130 2838 sine
3169 2783 3533 2840 dissensione.

1922 2877 1992 2930 At
2039 2875 2163 2930 hinc
2212 2877 2455 2930 maxime
2504 2875 2737 2930 humana
2787 2875 3168 2930 ostenduntur.
3211 2874 3343 2929 Nam
3389 2874 3434 2929 si
3480 2874 3537 2928 in

1921 2967 2139 3024 Christo
2186 2970 2471 3038 oportebat
2516 2970 2651 3035 fieri,
2697 2970 2867 3025 multo
2910 2969 3080 3039 magis
3129 2968 3235 3023 hic.
3284 2969 3535 3039 Alioquin

1921 3077 2054 3118 vero
2083 3062 2352 3117 dissensio
2381 3078 2487 3117 non
2521 3064 2659 3116 mala
2688 3072 2791 3129 est,
2819 3062 3037 3133 quando
3062 3060 3356 3139 dejtalibus
3386 3061 3539 3131 quis-

1925 3154 2075 3225 piam
2106 3155 2407 3219 contendit,
2433 3165 2489 3209 ct
2517 3170 2639 3210 cum
2667 3156 2809 3225 justa
2842 3155 3072 3210 ratione.
3095 3144 3152 3209 Si
3180 3164 3329 3210 certe
3349 3170 3538 3209 eorum

1922 3249 2189 3320 quispiam
2218 3264 2337 3319 quae
2385 3264 2482 3304 sua
2508 3258 2662 3304 erant
2694 3248 2782 3303 vel
2815 3248 3077 3303 honorem
3103 3262 3388 3318 quaerens,
3438 3263 3540 3302 ex-

1922 3352 2203 3412 asperatus
2225 3350 2388 3407 esset,
2421 3344 2559 3398 bene
2590 3341 2987 3412 improbaretur
3021 3359 3034 3395 :
3067 3342 3113 3397 si
3144 3355 3273 3396 vcro
3307 3350 3541 3410 uterque

1924 3434 2119 3489 docere
2149 3434 2542 3505 instituereque
2572 3435 2793 3499 volens,
2827 3433 2965 3487 alter
2996 3432 3117 3499 hac,
3146 3432 3289 3488 alter
3313 3432 3417 3487 alia
3452 3432 3540 3486 via

1924 3525 2187 3594 processit
2230 3542 2242 3577 :
2285 3525 2429 3594 quod
2480 3524 2684 3581 criinen
2732 3524 2934 3579 fuerit?
2982 3524 3147 3579 Multa
3189 3540 3255 3580 ex
3304 3524 3542 3580 humana

1924 3624 2105 3670 mente
2146 3614 2416 3671 faciebant
2449 3633 2593 3671 :non
2624 3615 2767 3671 enim
2797 3624 2956 3671 erant
2995 3614 3204 3685 lapides
3242 3624 3334 3668 aut
3372 3614 3537 3684 ligna.

1924 3705 1996 3761 Et
2021 3706 2143 3762 vide
2170 3706 2393 3761 Paulum
2418 3716 2764 3762 acettsautem
2789 3716 2843 3762 et
2869 3722 3087 3761 causam
3110 3706 3403 3762 dicentem.
3434 3706 3542 3762 Re-

1924 3797 2217 3852 verebatur
2240 3797 2384 3852 enim
2415 3797 2714 3852 Barnabam
2746 3813 2855 3867 prae
2881 3797 3185 3853 humilitate
3211 3798 3381 3852 multa
3404 3841 3417 3865 ,
3448 3793 3541 3868 Qui

1926 3889 1981 3943 in
2014 3889 2175 3944 tantis
2206 3889 2366 3944 rebus
2394 3889 2495 3943 sibi
2523 3904 2750 3944 consors
2772 3898 2823 3944 et
2845 3903 3029 3945 secum
3062 3889 3270 3954 fuerat;
3302 3889 3397 3945 sed
3430 3904 3539 3944 non

1928 3981 1997 4034 ita
2025 3979 2395 4045 reverebatur,
2420 3988 2480 4034 ut
2504 3979 2741 4035 officium
2766 3980 3085 4052 negligeret.
3115 3981 3247 4038 Uter
3275 3997 3404 4052 ergo
3427 3998 3542 4038 me-

1927 4074 2030 4129 lius
2044 4073 2396 4140 consuluerit,
2420 4088 2525 4127 non
2540 4083 2623 4128 est
2645 4082 2886 4128 nostrum
2920 4073 3290 4142 pronuntiare,
3316 4075 3535 4129 interim

1928 4184 2058 4224 vero
2104 4182 2296 4237 magna
2328 4167 2430 4221 fuit
2459 4168 2759 4223 oeconomia
2786 4207 2801 4233 ,
2836 4167 2879 4222 si
2911 4166 3127 4236 quidem
3160 4167 3211 4221 hi
3246 4167 3541 4224 secundum

1925 4260 2291 4316 visitationem
2317 4260 2657 4330 asseqnutnri
2687 4268 2862 4325 erant,
2896 4260 2984 4314 alii
3021 4260 3243 4315 nullam.
3277 4260 3392 4315 Non
3423 4261 3542 4317 sine

1926 4368 2085 4409 causa
2127 4363 2307 4408 autem
2351 4353 2654 4409 Antiochiae
2700 4354 2893 4409 morati
2934 4365 3091 4422 sunt,
3128 4356 3222 4409 Sed
3250 4354 3537 4409 docebant.

1926 4447 2067 4515 Quid
2104 4449 2413 4505 docebant?
2459 4451 2584 4521 quid
2630 4449 3115 4521 evangelizabant?
3144 4450 3293 4505 Alios
3320 4450 3538 4520 quidem

1927 4540 2117 4597 ﬁdeles
2144 4586 2157 4608 ,
2207 4543 2342 4597 alios
2387 4542 2628 4597 nondum
2670 4542 2827 4598 tales.
2887 4542 3022 4611 Quia
3066 4543 3208 4598 enim
3255 4542 3536 4598 innumera

1927 4635 2179 4690 scandala
2217 4644 2406 4701 erant,
2447 4651 2583 4705 opus
2610 4646 2727 4691 erat
2759 4636 2976 4690 illorum
3013 4636 3320 4706 praesentia.
3355 4636 3409 4690 In
3438 4635 3540 4691 hac

1927 4729 2227 4797 quaestione
2248 4729 2668 4794 observandum,
2694 4744 2801 4784 non
2834 4729 2886 4783 in
2913 4744 3020 4799 quo
3041 4728 3421 4797 dissenserint,
3443 4730 3539 4786 sed

1929 4820 1982 4874 in
2012 4836 2119 4891 quo
2149 4831 2336 4876 mutuo
2362 4822 2761 4876 consenserint.
2804 4821 2894 4876 Sic
2924 4820 3097 4891 majus
3128 4823 3328 4876 bonum
3356 4838 3420 4878 ex
3453 4839 3540 4877 se-

1929 4916 2207 4983 paratione
2238 4914 2472 4984 prodiit,
2502 4926 2660 4985 atque
2690 4915 2813 4969 inde
2844 4926 3023 4970 ortum
3054 4927 3157 4971 est.
3199 4916 3338 4984 Quid
3371 4918 3541 4987 ergo?

1929 5007 2201 5063 inimieine
2254 5008 2637 5063 recesserunt?
2696 5008 2885 5073 Absit;
2938 5008 3088 5063 vides
3145 5010 3288 5063 enim
3351 5021 3538 5078 postea

1928 5101 2227 5156 Barnabam
2266 5103 2452 5158 multis
2485 5103 2733 5159 laudibus
2767 5120 2795 5156 a
2826 5104 2994 5159 Paulo
3022 5105 3283 5177 celebrari
3318 5107 3369 5161 in
3412 5108 3541 5177 Epi-

1927 5194 2100 5249 stolis.
2128 5194 2409 5259 Dissensio,
2437 5196 2626 5266 inquit,
2648 5202 2785 5267 facta
2808 5207 2901 5263 est,
2926 5214 3031 5252 non
3057 5176 3333 5253 inimicitia
3366 5216 3539 5271 neque

1925 5292 2224 5343 contentio.
2263 5290 2493 5344 Tantum
2525 5291 2689 5345 valuit
2714 5291 3001 5358 dissensio,
3038 5303 3093 5347 ut
3120 5304 3535 5363 separarentur;

1926 5392 1981 5436 et
2004 5383 2127 5452 jure
2153 5383 2393 5453 quidem.
2418 5384 2549 5439 Nam
2576 5384 2717 5455 quod
2743 5394 2971 5456 uterque
2998 5386 3221 5455 putabat
3246 5388 3375 5443 utile
3398 5388 3536 5457 fore,

1929 5484 2118 5544 postea
2145 5492 2249 5530 non
2278 5476 2609 5543 admisisset,
2640 5492 2705 5532 eo
2732 5477 2873 5547 quod
2906 5477 3065 5532 simul
3095 5485 3278 5533 essent

1996 5567 2052 5621 2.
2081 5569 2205 5623 Mihi
2232 5570 2444 5624 videtur
2487 5570 2629 5624 illam
2660 5571 3056 5639 scparationem
3091 5571 3385 5640 prudenter
3416 5588 3539 5629 esse

1924 5658 2120 5715 factam
2146 5702 2161 5726 ,
2204 5661 2432 5732 illosque
2466 5672 2653 5717 mutuo
2682 5662 2886 5719 dixisse
2917 5680 2931 5717 :
2961 5663 3406 5735 Quandoquidem
3436 5680 3539 5735 ego

1925 5753 2071 5817 nolo,
2109 5763 2162 5806 tu
2190 5765 2368 5809 autem
2401 5755 2509 5821 vis;
2542 5764 2599 5809 ut
2632 5771 2699 5810 ne
2729 5770 3047 5826 pugnemus,
3093 5756 3208 5811 loca
3245 5755 3535 5811 distribua-

1924 5860 2063 5899 mus.
2098 5845 2279 5916 Itaque
2309 5847 2534 5901 multum
2563 5847 2664 5904 sibi
2696 5857 2883 5903 mutuo
2924 5848 3182 5904 cedentes
3220 5848 3323 5904 hoc
3367 5848 3537 5906 facie-

1922 5937 2071 5993 bant.
2099 5937 2321 5994 Volebat
2347 5938 2617 5996 Barnabas
2644 5949 2787 5996 stare
2802 5941 2947 6013 quod
2977 5942 3175 5999 I’aulus
3196 5942 3543 6009 decreverat;
