4082 6498
597 426 702 483 247

594 542 715 599 ideo
733 537 951 595 recessit
976 556 989 592 :
1015 534 1226 590 volebat
1250 532 1495 589 similiter
1518 531 1709 587 Paulus
1723 532 1863 600 quod
1895 530 1969 586 illi
1986 531 2168 601 placeo

596 634 713 695 bat;
758 631 982 698 ideoque
1011 638 1063 683 et
1094 629 1205 696 ipse
1235 625 1455 681 recedit.
1490 622 1704 679 Utinam
1729 639 1827 678 nos
1851 638 2066 695 quoque
2092 632 2173 678 ta-

591 724 670 778 les
708 723 1075 790 separationes
1117 717 1539 779 admitteremus,
1581 724 1640 769 ut
1671 714 1737 769 ad
1781 713 2175 784 praedicandum

590 814 882 868 abiremus.
916 808 1112 863 Paulus
1140 816 1333 867 autem,
1371 805 1564 875 inquit,
1597 806 1755 859 electo
1782 803 1895 859 Sila
1919 809 2177 875 profectus

586 914 682 969 est,
714 905 928 958 traditus
955 902 1135 973 gratia
1159 898 1249 953 Dei
1269 915 1300 951 a
1322 897 1585 971 fratribus.
1613 896 1955 951 Adtnirabilis
1977 905 2055 950 est
2087 895 2175 950 hic

593 997 674 1049 vir
716 1003 771 1051 et
800 994 954 1049 valde
997 1005 1237 1062 magnus.
1272 989 1567 1045 Plut-imum
1600 1003 1730 1044 vero
1756 987 1936 1042 Marco
1976 987 2175 1057 pmfuit

588 1088 702 1141 haec
737 1100 929 1156 pugna.
975 1083 1122 1138 Pauli
1151 1096 1380 1151 namque
1406 1080 1661 1136 severitas
1689 1080 1952 1134 convertit
1982 1080 2129 1134 illum
2155 1119 2170 1143 ,

587 1176 891 1247 benignitas
915 1184 1091 1228 autem
1121 1173 1380 1228 Barnabas
1411 1171 1535 1227 fecit
1572 1179 1629 1225 ut
1659 1185 1727 1226 ne
1760 1170 2169 1240 relinqueretur.

586 1268 775 1340 Itaque
801 1276 1037 1338 pugnant
1064 1264 1300 1335 quidem,
1329 1262 1399 1319 ad
1426 1278 1589 1318 unum
1618 1277 1745 1317 vero
1776 1262 1934 1317 tinem
1963 1262 2171 1317 lucrum

587 1360 864 1429 pertingit.
896 1358 1113 1412 Paulum
1144 1357 1289 1412 enim
1323 1355 1511 1409 videns
1538 1352 1998 1429 velleqdiscedere,
2031 1354 2167 1407 mal.

590 1459 700 1505 tim
730 1447 1046 1512 exterritus,
1090 1447 1327 1515 seipsum
1364 1436 1679 1498 damnavit:
1709 1444 2010 1512 iterumque
2044 1442 2171 1495 Bar-

586 1540 780 1596 nabam
808 1539 994 1594 videns
1017 1540 1089 1593 ita
1116 1538 1215 1592 sibi
1248 1536 1665 1607 patrocinantem
1686 1577 1702 1601 ,
1732 1524 1888 1590 valde
1917 1534 2064 1589 illum
2091 1534 2171 1585 di-

585 1634 734 1701 lexit,
757 1641 812 1689 et
830 1649 894 1689 ex
920 1633 1196 1687 doctorum
1214 1644 1389 1701 pugna
1410 1628 1725 1684 emendatus
1744 1637 1827 1683 est
1848 1627 2167 1697 discipulus:

585 1734 791 1780 tantum
831 1724 1000 1780 abfuit
1029 1740 1096 1779 ne
1127 1724 1179 1779 id
1219 1721 1541 1777 oﬂ‘endiculo
1583 1722 1683 1791 Ipsi
1721 1729 1882 1776 esset.
1925 1719 1979 1776 Si
2024 1720 2168 1775 enim

588 1835 687 1889 pro
715 1835 814 1875 suo
858 1821 908 1874 id
954 1821 1205 1874 fecissent
1249 1818 1473 1885 honore,
1503 1818 1623 1887 jure
1661 1817 1900 1873 oll‘ensus
1942 1815 2167 1881 fuisset;

585 1911 668 1966 sin
706 1926 805 1981 pro
844 1912 1009 1980 ipsius
1046 1912 1237 1975 salute,
1267 1918 1321 1965 et
1346 1910 1391 1963 si
1426 1918 1645 1979 propter
1675 1909 1724 1962 id
1756 1924 1917 1961 unum
1944 1918 2167 1962 conten-

584 2003 741 2068 dunt,
786 2014 842 2057 ut
880 2003 1163 2057 ostendant
1206 2016 1327 2055 eum
1367 2001 1454 2070 qui
1500 2002 1671 2070 ipsum
1710 1998 1989 2053 honoravit
2034 1999 2169 2053 bene

584 2094 934 2157 consuluisse,
970 2094 1093 2163 quid
1120 2092 1443 2147 absurdum?

660 2185 714 2239 5.
766 2184 895 2239 Vide
940 2183 1087 2238 Pauli
1141 2182 1474 2253 prudentiam
1520 2199 1534 2235 :
1580 2196 1684 2236 non
1734 2182 1879 2251 prius
1923 2182 1989 2234 ad
2034 2180 2168 2234 alias

586 2277 777 2332 transit
805 2277 994 2333 urbes.
1034 2292 1191 2346 quam
1221 2290 1349 2338 eas.
1392 2291 1510 2345 qua:
1548 2276 1767 2329 verbum
1814 2281 2166 2343 acceperant,

586 2369 873 2423 visitasset.
905 2369 963 2423 Η
982 2407 994 2420 .
1026 2365 1418 2421 Perantbulabat
1445 2377 1614 2420 autem
1641 2367 1846 2436 Syriam
1871 2376 1917 2419 et
1940 2364 2168 2419 Ciliciam

592 2460 899 2527 conﬁrmans
924 2458 1198 2513 Ecclesias.
1219 2458 1370 2528 (Cap.
1392 2458 1559 2530 i6.)l.
1594 2457 1827 2513 Pervenit
1848 2471 2013 2513 autem
2036 2456 2165 2511 Der-

584 2549 675 2603 ben
713 2560 759 2603 et
788 2546 1040 2621 Lgstr'am.
1074 2549 1281 2603 Etenim
1309 2548 1530 2603 stultum
1566 2558 1645 2603 est
1685 2558 1886 2605 temere
1925 2564 2162 2604 currere.

585 2640 697 2695 lloc
729 2648 784 2695 et
811 2654 908 2693 nos
948 2639 1202 2694 faciamus
1235 2658 1249 2693 :
1296 2641 1497 2708 primos
1526 2640 1755 2708 primum
1801 2641 2124 2695 instruamus
2147 2680 2164 2705 ,

584 2748 653 2787 ne
695 2732 771 2786 illi
816 2731 1197 2800 impedimento
1238 2732 1345 2785 sint
1390 2731 1793 2800 posterioribus.
1846 2730 2117 2785 Visitemus
2148 2772 2164 2797 ,

587 2822 775 2890 inquit,
802 2827 985 2893 fratres
1009 2822 1261 2892 quomodo
1299 2839 1353 2876 se
1391 2822 1626 2876 habeant.
1665 2822 1776 2878 Hoc
1809 2825 2013 2879 scilicet
2046 2822 2168 2891 jure

584 2912 893 2982 ignorabat;
937 2920 994 2965 ttt
1037 2914 1256 2968 veniens
1306 2913 1494 2969 fratres
1535 2914 1809 2969 inviseret.
1860 2914 1988 2968 Vide
2018 2916 2165 2968 illum

583 3018 797 3071 semper
828 3001 1038 3071 vigilem
1068 3011 1121 3056 et
1160 3003 1449 3058 sollicitum
1470 3043 1485 3067 ,
1530 3019 1629 3058 nec
1667 3004 1906 3061 desidem
1938 3004 2160 3068 sedere,

584 3093 681 3147 etsi
726 3093 1001 3146 innumera
1038 3094 1240 3148 subiret
1271 3094 1527 3164 pericula.
1556 3093 1718 3149 Vides
1757 3110 1861 3149 non
1894 3109 1957 3149 ex
1987 3093 2171 3148 formi-

584 3185 707 3240 dine
736 3185 1070 3240 Antiochiam
1096 3186 1323 3242 venisse.
1356 3185 1565 3242 Etenim
1596 3198 1651 3240 ut
1682 3187 1916 3242 medicus
1940 3194 2169 3257 :rgrotos

586 3276 767 3331 adibat
796 3295 809 3329 ε
841 3286 896 3331 ει
926 3276 1171 3331 visitandi
1205 3278 1576 3333 necessitatem
1605 3278 1914 3341 declaravit,
1943 3277 2126 3332 dicens
2150 3296 2164 3331 :

583 3366 649 3421 In
678 3367 854 3437 quibus
890 3368 1275 3437 prwdicavimus
1318 3368 1517 3423 verbum
1575 3368 1815 3424 Recessit
1858 3369 2161 3430 Barnabas.

584 3469 639 3515 ει
662 3474 766 3515 non
794 3460 929 3515 ultra
959 3461 1137 3516 sttcius
1164 3460 1281 3515 fuit.
1316 3461 1507 3524 Electa.
1544 3462 1729 3533 inquit.
1762 3462 1894 3527 Sila,
1928 3472 1974 3517 et
2005 3463 2165 3517 trudi-

576 3554 665 3605 ~tus
693 3553 869 3622 gratia:
899 3551 1013 3604 Dei.
1042 3552 1177 3621 Quid
1210 3552 1309 3607 hoc
1335 3556 1457 3609 est?
1486 3554 1693 3609 Precati
1723 3565 1864 3619 sunt,
1901 3555 2010 3610 Deo
2039 3571 2165 3625 snp-

583 3641 865 3711 plicarunt.
922 3642 1052 3698 Vide
1108 3645 1303 3715 ubique
1357 3646 1652 3699 orationem
1704 3644 1923 3699 fratrum
1976 3663 2163 3717 magna

581 3746 758 3801 posse.
804 3736 881 3789 Ac
917 3734 1168 3804 deinceps
1208 3735 1369 3804 pedes
1414 3738 1736 3801 ambulabat,
1783 3746 1839 3792 ut
1884 3739 1934 3791 in
1977 3739 2165 3793 itinere

581 3825 881 3881 videntibus
921 3842 980 3883 se
1012 3827 1319 3897 prodesset;
1352 3838 1405 3883 et
1443 3830 1562 3897 jure
1603 3829 1832 3903 quidem.
1869 3829 2001 3884 Nam
2041 3845 2161 3885 cum

584 3916 917 3985 festinarent,
948 3921 1295 3990 navigabant;
1322 3938 1462 3976 nunc
1490 3938 1613 3977 vero
1642 3938 1746 3976 non
1776 3925 1922 3978 item.
1959 3923 2025 3977 Et
2052 3940 2165 3978 ecce

582 4009 861 4078 discipulus
904 4010 1109 4080 quidam
1143 4022 1249 4065 erat
1285 4011 1393 4066 illic
1427 4014 1627 4067 nomine
1668 4011 1979 4078 Timotheus,
2026 4015 2164 4083 [ilius

582 4101 807 4155 mulieris
830 4101 1029 4155 Judtza:
1056 4102 1243 4170 ﬁdelis,
1276 4113 1421 4171 patre
1445 4103 1640 4173 gentili.
1675 4103 1730 4157 '2.
1770 4103 1901 4157 Iluic
1931 4108 2159 4159 testimo-

584 4194 723 4245 niunt
769 4192 953 4246 bonum
997 4193 1268 4248 reddebant
1307 4199 1510 4265 fratres,
1550 4197 1639 4266 qui
1678 4195 1845 4250 lconii
1881 4209 1926 4251 et
1968 4198 2162 4268 Lystris

585 4288 749 4337 erant.
794 4285 845 4340 3.
894 4284 1043 4339 ﬂunc
1070 4287 1225 4340 voluit
1252 4285 1453 4341 Paulus
1480 4305 1648 4342 secum
1674 4291 1930 4357 proﬁcisci
1954 4306 1974 4343 :
2000 4299 2047 4344 et
2074 4308 2160 4345 as-

585 4392 781 4430 sumens
795 4378 1104 4431 circumcidit
1115 4394 1229 4431 eum
1246 4387 1457 4451 prapt'er'
1478 4379 1510 4432 J
1518 4382 1706 4448 uitreas,
1723 4383 1806 4451 qui
1822 4392 1963 4436 eram
1980 4383 2031 4436 in
2060 4385 2164 4438 illis

584 4467 729 4521 locis.
762 4465 998 4521 Sciebant
1026 4470 1155 4522 enim
1172 4486 1340 4523 onmes
1366 4473 1500 4538 quod
1519 4484 1662 4541 pater
1681 4475 1788 4542 ejus
1810 4486 1916 4527 erat
1936 4475 2157 4545 gentilis.

657 4557 811 4611 Pauli
851 4558 1137 4627 prudentia.
1190 4558 1374 4613 Omnia
1418 4574 1625 4629 prosunt
1666 4565 1874 4618 sanctis.
1916 4595 1989 4605 —
2028 4566 2163 4622 Vere

582 4658 800 4716 stupore
825 4648 981 4716 digna
1011 4658 1092 4703 est
1118 4649 1266 4705 Pauli
1297 4652 1595 4719 prudentia.
1625 4653 1723 4720 Qui
1762 4663 2036 4725 tantopere
2064 4674 2162 4726 pu-

582 4750 836 4808 guaverat
876 4750 1092 4811 propter
1132 4744 1591 4799 circumcisiouetn
1612 4786 1626 4809 ,
1656 4746 1743 4812 qui
1774 4748 1949 4800 omnia
1978 4764 2162 4803 move-

586 4842 687 4894 rat,
716 4842 768 4886 et
795 4849 897 4886 non
931 4834 1073 4902 prius
1098 4834 1320 4897 destitit,
1348 4836 1519 4890 donec
1541 4853 1653 4891 rem
1686 4837 2000 4906 perliceret,
2028 4856 2162 4895 eon-

588 4925 795 4976 llrtnato
821 4923 1064 4993 dogmate
1084 4967 1099 4991 ,
1128 4927 1457 4982 circumcidit
1486 4928 1821 4999 discipulum.
1860 4930 1974 4986 Non
2004 4932 2164 4986 modo

587 5015 722 5067 alios
760 5031 862 5068 non
901 5016 1132 5083 cohibet,
1170 5020 1261 5072 sed
1291 5020 1391 5074 hoc
1417 5032 1469 5073 et
1500 5021 1612 5091 ipse
1652 5024 1794 5077 facit.
1827 5024 1968 5079 Nihil
1998 5024 2164 5079 Paulo

588 5104 903 5173 prudentius
932 5125 945 5159 :
975 5114 1149 5162 omnia
1174 5149 1190 5173 ,
1223 5119 1280 5163 ut
1312 5110 1671 5166 conducerent
1709 5126 1953 5181 Spectaus
1974 5157 1991 5180 ,
2035 5117 2161 5171 nihil

586 5208 789 5252 temere
828 5208 882 5252 et
918 5214 982 5252 ex
1014 5200 1350 5269 prmjudicata
1377 5203 1627 5271 opinione
1663 5206 1872 5273 agebat.
1907 5204 2056 5260 Hunc
2080 5223 2166 5260 tto-

586 5291 678 5343 luit
702 5333 715 5351 .
756 5290 958 5358 inquit,
991 5307 1159 5345 secum
1196 5295 1467 5361 proﬁcisci.
1502 5294 1613 5349 lloc
1646 5296 1887 5351 mirabile
1911 5305 1993 5350 est
2022 5297 2162 5367 qttod

586 5384 932 5449 assutnpserit
960 5399 1103 5437 cum.
1149 5383 1359 5454 Propter
1382 5386 1592 5441 Judteos
1613 5429 1627 5450 ,
1662 5388 1829 5459 inquit
1854 5430 1868 5451 .
1908 5390 1995 5456 qui
2023 5402 2165 5445 erant

585 5474 635 5526 in
662 5472 765 5527 iliis
794 5474 935 5528 locis.
964 5474 1113 5548 [Ilaec
1134 5492 1289 5530 causa
1311 5479 1723 5535 circtttncidettdi
1763 5478 1879 5553 fuit]
1908 5482 1984 5550 (α)
2012 5498 2024 5533 :
2056 5498 2163 5536 non

586 5570 726 5618 enim
776 5566 1018 5620 tulissent
1060 5566 1244 5622 audire
1288 5570 1507 5622 verbum
1553 5570 1619 5625 ab
1664 5573 2057 5628 incircumciso.
2100 5573 2165 5628 Et

584 5658 719 5711 cur?
746 5654 877 5712 Vide
909 5658 1221 5727 praeclarum
1250 5675 1384 5729 opus
1413 5679 1425 5713 :
1454 5662 1819 5733 circumcidit,
1853 5674 1908 5721 ttt
1932 5646 2163 5722 circum—

648 5838 724 5900 (a)
744 5839 936 5888 Uneinis
958 5836 1117 5887 clausa
1133 5838 1315 5890 desunt
1338 5842 1385 5890 in
1408 5854 1524 5892 uno.

1323 417 1382 475 S.
1419 415 1695 473 JOANNIS
1730 410 2204 472 CllRYSOSTOMl
2245 378 2561 469 AllCﬂlEP.
2601 412 3135 472 CONSTANTINOP.

3773 422 3884 478 948

2287 530 2544 585 cisionem
2571 529 2786 586 tolleret
2815 548 2828 584 :
2856 530 3100 602 dogmata
3131 531 3271 588 enint
3303 534 3629 604 prtedicabat
3665 550 3885 607 προδιη-

2282 620 2477 677 lorum.
2500 619 2694 676 Viden‘
2714 637 2967 693 pugnam,
2984 632 3042 680 et
3058 638 3153 695 per
3176 641 3406 697 pugnam
3430 626 3887 685 aediﬁcationem?

2278 713 2394 768 Non
2433 713 2503 767 ab
2527 714 2649 769 aliis
2687 715 3175 785 impugnabantur;
3221 718 3316 773 sed
3345 718 3445 790 ipsi
3483 722 3760 776 contraria
3806 722 3887 776 fa-

2278 804 2517 872 cientes,
2549 805 2619 859 ita
2651 805 2947 861 Ecclesium
2973 807 3330 863 aadilicabant.
3359 810 3556 880 Dogma
3583 811 3887 868 aﬂ'erebant

2280 911 2384 951 non
2431 896 2889 962 circumcidendi,
2920 906 2977 953 et
3002 899 3356 957 circumcidit.
3403 902 3469 957 Et
3508 904 3882 968 abundabant,

2279 986 2487 1057 inquit,
2518 1004 2729 1042 numero
2760 988 3003 1060 quotidie.
3034 988 3286 1044 Vidistiu'
3316 993 3598 1049 utilitatem
3641 995 3881 1050 circum-

2281 1078 2539 1133 cisionis‘l
2571 1078 2775 1134 Deinde
2805 1096 2911 1134 non
2956 1090 3196 1137 moratur
3238 1082 3346 1147 ibi,
3376 1083 3575 1154 quippe
3604 1086 3697 1155 qui
3748 1086 3886 1141 visi-

2277 1171 2422 1225 tandi
2474 1171 2643 1241 gratia
2689 1172 2969 1237 venisset;
3026 1173 3120 1229 sed
3177 1174 3344 1245 quid?
3400 1173 3551 1231 Ultra
3614 1177 3880 1245 procedit.

2275 1262 2332 1315 4.
2363 1260 2488 1315 Cum
2512 1270 2679 1315 autem
2707 1264 3075 1331 pertransith
3098 1264 3322 1320 civitates
3341 1306 3356 1330 ,
3384 1266 3651 1321 tradebant
3682 1270 3755 1323 eis
3780 1286 3881 1322 cu-

2273 1352 2462 1403 stodire
2474 1352 2734 1421 dogmata,
2759 1368 2873 1420 qua
2893 1363 3039 1407 erant
3064 1355 3265 1409 decreta
3287 1356 3351 1408 ab
3371 1357 3616 1424 apostolis
3635 1368 3684 1411 et
3712 1362 3885 1414 senio-

2274 1438 2438 1504 ribus,
2479 1441 2566 1511 qui
2607 1454 2750 1494 erant
2776 1441 2829 1495 in
2852 1440 3163 1499 Jerusalem.
3192 1445 3244 1499 5.
3273 1443 3456 1515 Itaque
3482 1445 3725 1502 Ecclesia
3751 1466 3879 1503 con-

2274 1531 2607 1598 ﬁrmabantur
2659 1533 2761 1599 ﬁde
2783 1572 2799 1599 ,
2864 1542 2911 1587 et
2961 1535 3283 1590 abundabtmt
3353 1555 3563 1593 numero
3628 1543 3878 1610 quotidie.

2275 1621 2328 1676 6.
2363 1620 2700 1677 Transeuntes
2744 1634 2911 1679 autem
2942 1623 3225 1697 Phrygiam
3253 1638 3299 1682 et
3343 1627 3562 1684 Calatitz
3598 1632 3879 1703 regionem,

2274 1714 2516 1783 prohibiti
2540 1732 2571 1767 a
2608 1714 2808 1785 Spiritu
2840 1728 3015 1771 sancto
3042 1717 3179 1788 loqui
3209 1718 3410 1773 verbum
3438 1721 3492 1773 in
3522 1721 3645 1775 Asia
3664 1764 3680 1787 ,
3710 1723 3764 1778 6.
3792 1741 3879 1779 re-

2274 1804 2395 1857 licta
2425 1803 2658 1875 Phrygia
2684 1814 2731 1859 et
2762 1805 3000 1874 Galatia,
3032 1809 3084 1862 in
3115 1810 3331 1863 mediam
3370 1812 3625 1882 reginam
3658 1815 3876 1884 festina-

2272 1894 2413 1948 bant.
2448 1896 2498 1949 7.
2525 1896 2650 1950 Cum
2681 1898 2929 1952 venissent
2957 1908 3127 1953 autem
3157 1902 3210 1953 in
3237 1900 3481 1972 Mysiam,
3513 1907 3775 1959 tentabant
3797 1908 3875 1961 ire

2275 1990 2329 2043 in
2357 1989 2674 2062 Bithyniam,
2703 2001 2749 2044 et
2773 2009 2874 2047 non
2907 1994 3133 2061 permisit
3163 2011 3246 2049 eos
3274 1995 3516 2065 Spiritus.
3542 1997 3721 2063 Quare
3752 2014 3877 2069 pro-

2273 2080 2423 2135 hibiti
2451 2081 2664 2135 fuerunt
2690 2097 2794 2136 non
2825 2082 2976 2148 dicit,
2998 2083 3091 2138 sed
3122 2092 3324 2138 tantum
3353 2086 3654 2155 prohibitos
3687 2087 3873 2156 fuisse,

2275 2186 2373 2226 nos
2400 2172 2598 2227 docens
2630 2183 2686 2226 ttt
2726 2173 2901 2227 solum
2929 2174 3382 2243 obtemperetnus,
3417 2192 3518 2231 nec
3551 2192 3746 2233 causas
3791 2180 3874 2235 itt-

2274 2265 2585 2335 qniramus;
2617 2265 3015 2337 ostendensque
3050 2266 3175 2321 illos
3221 2267 3387 2321 tnulta
3439 2269 3676 2325 humano
3721 2286 3876 2327 more

2275 2356 2485 2411 fecisse.
2518 2357 2571 2412 8.
2609 2355 2737 2411 Cum
2764 2366 2937 2411 autem
2962 2360 3352 2427 pertransissent
3379 2358 3622 2431 Mysiam,
3666 2362 3881 2417 descen-

2274 2448 2456 2502 derunt
2484 2447 2755 2502 Troadem.
2788 2449 2841 2504 9.
2879 2448 2944 2501 Et
2970 2449 3095 2503 visio
3125 2466 3217 2520 per
3244 2460 3437 2505 noctem
3468 2450 3638 2504 Paulo
3669 2463 3877 2507 ostensa

2271 2549 2346 2593 est
2374 2554 2393 2593 :
2429 2538 2518 2592 Vir
2543 2539 2753 2610 quidam
2782 2551 2888 2594 erat
2922 2539 3134 2594 Macedo
3163 2550 3304 2597 stans
3322 2584 3337 2606 ,
3366 2542 3645 2613 deprecans
3676 2562 3795 2599 eum
3826 2556 3876 2600 et

2270 2632 2463 2698 dicens,
2507 2630 2785 2687 Transiens
2833 2635 2897 2686 in-
2940 2632 3317 2701 Macedoniam,
3365 2637 3553 2707 adjut'a
3605 2654 3716 2692 nos.
3764 2638 3878 2694 Cur

2271 2725 2426 2791 visio,
2454 2736 2507 2779 et
2534 2740 2632 2779 cur
2658 2724 2887 2794 Spiritus
2914 2735 3129 2781 sanctus
3156 2727 3268 2797 ipse
3290 2743 3393 2782 non
3417 2728 3577 2798 jussit
3600 2730 3623 2783 l
3652 2730 3880 2788 Volebat

2271 2830 2368 2871 eos
2400 2815 2501 2871 hoc
2526 2831 2739 2886 quoque
2766 2815 2927 2871 modo
2951 2817 3243 2874 attrahere.
3276 2820 3485 2874 Etenim
3513 2822 3717 2877 sanctis
3740 2838 3880 2893 quo-

2272 2924 2380 2976 que
2425 2909 2661 2963 visiones
2709 2924 2804 2977 per
2845 2910 3113 2965 somnium
3160 2920 3526 2981 apparuerunt
3565 2932 3579 2966 :
3622 2924 3677 2968 et
3723 2913 3881 2971 initio

2256 3014 2485 3072 quoque
2515 3000 2633 3069 ipse
2669 3000 2933 3057 visionem
2964 2999 3149 3056 habuit
3177 3002 3410 3056 lmminis
3444 3002 3795 3073 ingredientis
3823 3015 3880 3061 et

2270 3092 2594 3161 imponetttis
2621 3093 2721 3147 sibi
2749 3108 2969 3149 manus.
3005 3094 3205 3149 Deinde
3226 3094 3346 3150 ideo
3373 3095 3546 3165 ipsum
3577 3096 3671 3150 illo
3690 3098 3875 3163 trahit,

2273 3196 2333 3239 ut
2378 3184 2689 3255 praedicatio
2727 3186 3131 3242 extenderetur.
3175 3187 3423 3258 Alioquin
3477 3203 3606 3243 vero
3652 3203 3878 3260 pnpfer

2275 3276 2376 3333 hoc
2415 3275 2731 3347 prohibetur
2776 3278 2974 3333 morari
3021 3279 3073 3333 in
3116 3278 3238 3333 aliis
3279 3280 3604 3345 civitatibus,
3659 3282 3879 3345 Christo

2274 3367 2444 3437 ipsum
2472 3379 2711 3438 urgente.
2737 3368 2800 3424 Hi
2825 3385 3055 3441 namque
3074 3370 3281 3426 Joanne
3304 3370 3513 3425 fruituri
3531 3382 3687 3428 erant
3707 3375 3880 3429 multo

2272 3468 2530 3528 tempore,
2559 3469 2614 3513 et
2633 3457 2863 3515 fortasse
2894 3475 2999 3515 non
3032 3462 3255 3517 multum
3286 3462 3553 3517 habebant
3577 3479 3751 3534 opus;
3782 3466 3880 3521 illo

2269 3562 2445 3605 autem
2492 3552 2723 3622 migrare
2770 3555 3072 3621 Oportebat.
3127 3555 3191 3609 Et
3238 3557 3605 3624 pertransiens
3650 3558 3875 3614 demunt

2272 3642 2650 3711 proﬁciscitur.
2683 3643 2751 3699 10
2804 3642 2873 3698 Ut
2912 3654 3080 3700 autem
3108 3649 3269 3699 visum
3299 3647 3455 3714 vidit,
3484 3650 3657 3701 statim
3684 3651 3877 3719 gumi-

2268 3735 2428 3787 vimus
2450 3735 2703 3803 proficisci
2721 3736 2772 3789 in
2796 3733 3173 3803 Macedoniam,
3200 3738 3320 3791 certi
3342 3739 3463 3807 facti
3484 3740 3621 3809 quod
3648 3751 3880 3797 vocasset

2268 3841 2360 3879 nos
2414 3825 2553 3881 Deus
2602 3828 2952 3899 evangelisare
2997 3830 3088 3883 eis.
3133 3831 3223 3884 Η.
3268 3828 3583 3900 Navigantes
3631 3842 3802 3887 autem
3842 3850 3879 3887 α

2268 3915 2474 3971 Troade
2512 3928 2648 3972 recto
2693 3935 2843 3972 cursu
2882 3919 3108 3974 venimus
3144 3920 3197 3973 in
3229 3920 3660 3990 Samothraciam,
3702 3932 3752 3977 et
3790 3940 3878 3978 se-

2268 4010 2442 4077 quenti
2486 4007 2569 4063 die
2612 4007 2909 4076 Neapolim,
2957 4009 3042 4064 l2.
3085 4019 3131 4064 ct
3176 4010 3292 4065 inde
3326 4010 3612 4082 Philippos,
3644 4029 3762 4083 qua
3801 4025 3877 4069 est

2267 4102 2433 4170 prima
2459 4101 2619 4171 partis
2652 4099 2971 4155 Macedonia:
2986 4103 3179 4167 civitas,
3209 4104 3428 4157 colonia.
3455 4102 3679 4159 Eramus
3700 4117 3876 4160 autem

2265 4191 2319 4244 in
2350 4191 2444 4245 hac
2472 4193 2593 4245 urbe
2625 4190 2800 4246 diebus
2842 4192 3034 4263 aliquot
3082 4198 3411 4265 conferentes.
3455 4196 3543 4251 Sic
3584 4197 3655 4250 illi
3698 4198 3866 4253 etiam

2266 4282 2511 4339 Christus
2538 4293 2760 4353 apparet
2785 4283 3001 4350 dicens,
3043 4284 3232 4339 Ctesari
3277 4297 3325 4339 te
3361 4298 3557 4355 oportet
3582 4290 3695 4343 sisti
3721 4289 3866 4362 (Act.

2266 4371 2359 4425 27.
2409 4371 2525 4443 24).
2584 4373 2785 4428 Deinde
2850 4374 2965 4428 loca
3018 4386 3299 4439 recenset,
3353 4377 3632 4433 historiam
3671 4381 3876 4452 quippe

2270 4473 2481 4533 texens,
2509 4475 2563 4520 et
2592 4466 2882 4522 ostendens
2906 4466 3121 4522 ubinam
3155 4481 3395 4524 moratus
3425 4472 3528 4538 sit;
3562 4473 3874 4545 indicatque

2273 4554 2420 4609 illtttn
2451 4557 2501 4610 in
2531 4556 2823 4627 majoribus
2844 4568 3135 4625 moratum,
3162 4560 3296 4614 alias
3317 4564 3661 4632 prteteriisse.
3692 4565 3878 4635 Digni-

2271 4659 2352 4704 tas
2380 4661 2462 4705 est
2499 4648 2731 4706 civitatis
2775 4653 3039 4708 coloniam
3086 4669 3227 4709 esse.
3261 4655 3367 4710 Sed
3398 4657 3676 4727 sapt-riora
3708 4672 3875 4728 repe-

2272 4752 2467 4799 tamus.
2500 4744 2883 4801 Necessitatem
2914 4746 3174 4801 Barnahm
3202 4748 3449 4817 imponit,
3476 4750 3702 4807 dicens:
3738 4750 3876 4806 Visi-

2269 4845 2432 4891 tcmus
2458 4837 2703 4902 ciuitates,
2732 4838 2783 4891 in
2813 4837 2994 4907 quibus
3018 4840 3435 4895 annuntiavimus
3464 4844 3686 4896 verbum.
3717 4843 3876 4900 Licet

2273 4942 2378 4979 11011
2409 4937 2681 4996 οροτιετει
2708 4941 2895 4996 rogare
2932 4942 3054 4982 011111
3078 4969 3093 4990 ,
3125 4945 3283 4999 quem
3313 4940 3494 4999 postea
3518 4944 3876 4998 ιιςειιεειυῐυι

2268 5025 2404 5069 erat.

2340 5108 2394 5161 Δ.
2433 5106 2615 5159 Adhuc
2646 5118 2708 5161 de
2736 5108 3058 5176 separatione
3085 5110 3242 5164 rauli
3269 5120 3316 5165 et
3341 5109 3615 5167 Barnaba.
3644 5143 3719 5154 —
3755 5113 3877 5171 Hoc

2271 5200 2431 5253 etiam
2473 5198 2615 5253 circa
2665 5200 2830 5254 licunt
2878 5210 2933 5256 et
2978 5200 3213 5271 Moysem
3258 5204 3503 5274 legimus.
3557 5205 3648 5260 Ille
3679 5218 3871 5276 rogat,

2273 5291 2411 5345 Deus
2430 5290 2711 5355 irascitur;
2745 5301 2799 5345 ut
2823 5292 3035 5361 quando
3061 5292 3190 5348 dicit
3220 5311 3235 5349 :
3266 5292 3330 5349 Si
3350 5305 3494 5365 pater
3509 5297 3623 5367 ejus
3642 5299 3876 5367 sapuis-

2270 5391 2340 5434 set
2366 5382 2416 5435 in
2450 5382 2631 5453 faciem
2657 5383 2766 5453 ejus
2795 5382 2982 5455 (Nunt.
3020 5383 3104 5439 η.
3138 5386 3261 5456 14);
3289 5396 3343 5441 ει
3369 5402 3580 5442 rursum
3604 5429 3620 5455 ,
3656 5388 3874 5443 Dimitte

2270 5489 2368 5540 me,
2400 5484 2447 5527 et
2474 5474 2633 5528 iratus
2664 5474 2835 5529 delebo
2865 5477 3108 5546 populum
3138 5478 3269 5531 hunc
3297 5477 3491 5549 (Exod.
3524 5480 3615 5533 52.
3653 5480 3787 5548 '52);
3821 5489 3876 5536 et

2270 5564 2487 5620 Samuel
2514 5564 2726 5636 quando
2756 5568 2967 5639 lugebat
2992 5569 3205 5624 Sat‘tletn
3234 5572 3311 5641 (l.
3349 5572 3474 5642 Reg.
3505 5574 3592 5628 15.
3613 5573 3708 5646 35)
3737 5591 3752 5630 :
3779 5590 3877 5643 per

2272 5669 2555 5729 utrumque
2582 5660 2722 5715 enim
2746 5678 2935 5734 magna
2962 5664 3213 5718 eveniunt
3237 5666 3397 5719 bona.
3426 5665 3516 5721 Sic
3540 5678 3595 5722 et
3620 5683 3760 5723 nunc
3782 5669 3877 5723 ille

2274 5751 2519 5806 irascitur
2538 5794 2552 5817 ,
2586 5752 2679 5806 sed
2710 5769 2814 5808 non
2845 5756 2963 5810 istc.
2994 5754 3105 5811 Hoc
3126 5756 3264 5826 apud
3296 5772 3395 5811 nos
3422 5757 3548 5813 item
3578 5760 3779 5814 evenit.
3809 5760 3879 5817 Et

2270 5842 2536 5900 dissensio
2568 5846 2845 5914 apposite,
2888 5857 2946 5901 ut
2986 5848 3075 5902 ille
3103 5850 3439 5919 erudiretur,
3473 5866 3574 5907 nec
3599 5853 3880 5909 videretur
