4082 6510
195 517 290 572 247
1162 511 1230 569 IN
1270 496 1453 568 ACTA
1492 500 2284 565 APOSTOLORUMJIOMIL.
2326 507 2566 565 xxxw.

190 636 273 689 καί
308 632 513 704 σφόδρα
546 635 739 704 μέγας.
776 632 924 687 Πάνυ
953 630 1009 683 δέ
1036 630 1234 699 ὼιρέλει
1262 628 1355 682 τὸν
1390 626 1620 696 Μάρκον
1644 624 1677 684 ή
1709 620 1858 692 μάχη

185 722 335 791 αὕτη.
367 722 441 775 T6
473 723 574 793 μὲν
621 722 731 793 7&9
770 721 987 775 Παύλου
1017 719 1248 790 φοϐερὸν
1277 714 1616 786 ἐπέστρεψεν
1649 708 1814 765 αὐτὸν
1838 748 1855 772 ,

183 816 243 869 τὸ
268 813 320 866 δέ
350 812 609 881 Βαρνάϐα
653 810 893 884 χρηστὸν
939 809 1114 862 ἐποίει
1167 807 1363 878 μηκέτι
1406 801 1804 873 ἀπολειφθῆναι
1831 813 1846 826 ⁸

186 900 317 954 ὥστε
342 901 609 971 μάχονται
633 900 751 971 μὲν,
785 898 923 970 πρὸς
954 898 1013 951 ἓν
1046 898 1102 952 δέ
1130 897 1283 959 τέλος
1308 893 1528 963 ἀπαντᾷ
1557 892 1619 944 τὸ
1642 890 1855 959 κέρδος.

186 990 287 1045 Καὶ
324 988 431 1061 γὰρ
472 988 693 1043 Παῦλον
728 986 874 1059 ὁρῶν
907 986 1233 1058 αἱρούμενον
1261 981 1591 1050 ἀποστῆναι,
1622 981 1765 1035 πάνυ
1794 980 1859 1032 ἂν

185 1078 413 1149 ἐφοϐήθη
462 1078 560 1131 καὶ
614 1076 865 1145 κατέγνω
905 1075 1102 1130 ἐαυτοῦ
1128 1092 1141 1105 υ
1190 1075 1286 1127 καὶ
1348 1071 1513 1125 πάλιν
1566 1067 1857 1141 Βαρνάϐαν

182 1164 317 1236 δρῶν
345 1165 521 1228 οὕτως
546 1164 711 1218 αὑτοῦ
732 1164 1115 1235 ἀντεχόμενον,
1133 1163 1277 1216 πάνυ
1307 1161 1374 1214 ἂν
1399 1159 1561 1213 αὑτὸν
1590 1157 1817 1228 ἐφίλησε
1838 1172 1852 1188 ο

182 1254 269 1306 καί
293 1252 630 1323 διωρθοῦτοὸ
653 1252 901 1323 μαθητὴς
930 1252 1018 1305 διά
1043 1252 1142 1321 τῆς
1165 1249 1347 1320 μάχης
1369 1248 1478 1302 τῶν
1494 1245 1851 1301 διδασκάλων·

180 1342 421 1395 τοσοῦτον
473 1343 667 1412 ἀπεῖχε
714 1341 810 1395 τοῦ
871 1338 1352 1410 σκανδαλισθῆναι.
1388 1337 1449 1391 Εἰ
1489 1337 1587 1407 μὲν
1629 1334 1740 1407 γὰρ
1767 1334 1856 1389 διὰ

179 1433 271 1501 τὴν
301 1432 381 1495 είς
417 1432 650 1497 ἑαυτοὺς
682 1430 853 1502 τιμὴν
891 1428 1050 1484 τοῦτο
1082 1428 1356 1500 ἔπραττον
1375 1466 1390 1488 ,
1418 1426 1643 1488 εἰκότως
1674 1440 1688 1454 ο
1718 1425 1767 1476 εἰ
1798 1424 1856 1478 δὲ

178 1518 258 1572 διὰ
281 1520 380 1591 τὴν
407 1521 580 1575 αὐτοῦ
612 1504 909 1591 σωτηρίαν,
946 1519 1043 1574 καὶ
1074 1518 1143 1571 δι’
1177 1517 1237 1570 ἒν
1273 1514 1677 1587 φιλονεικοῦσιν
1710 1513 1855 1567 ὥστε

177 1607 337 1672 δεῖξαι
384 1609 478 1664 τὸν
527 1608 860 1680 τιμήσαντα,
885 1608 1049 1664 αὑτὸν
1086 1606 1267 1671 καλῶς
1302 1603 1729 1677 βεϐουλευμένον
1751 1646 1767 1670 ,
1802 1600 1856 1657 τί

177 1696 363 1750 ἄτοπον
380 1713 395 1763 ;

238 1792 304 1854 γ’.
322 1785 468 1858 Ὅρα
484 1784 585 1857 τὴν
603 1784 819 1840 σύνεσιν
834 1784 929 1840 τοῦ
945 1784 1183 1839 Παύλου·
1201 1785 1263 1838 ού
1284 1782 1553 1855 πρότερον
1582 1781 1668 1834 ἐπ’
1689 1780 1856 1844 ἄλλας

176 1872 384 1945 ἔρχεται
417 1874 628 1938 πόλεις,
662 1873 793 1945 πρὶν
820 1874 853 1947 ἢ
880 1873 979 1937 τὰς
1002 1872 1301 1944 δεξαμένας
1327 1871 1421 1925 τὸν
1449 1870 1609 1941 λόγον
1633 1868 1858 1923 ἐπισκέο

174 1960 381 2026 ᾁασθαι.
408 1962 695 2030 Διήρχετο
718 1961 787 2014 δὲ
809 1959 925 2028 τὴν
950 1961 1177 2030 Συρίαν
1195 1959 1294 2014 καί
1310 1959 1590 2014 Κιλικίαν
1608 1957 1857 2025 ἐπιστη-

170 2048 333 2119 ρίζων
361 2050 472 2116 τὰς
515 2050 908 2117 Ἐκκλησίας.
959 2048 1320 2116 Κατήντησε
1373 2046 1442 2101 δὲ
1490 2048 1579 2113 είς
1628 2046 1856 2116 Δέρϐην

173 2139 258 2194 καί
308 2140 617 2208 Λύστραν.
672 2140 783 2193 Καὶ
830 2137 941 2210 7&9
992 2138 1183 2202 ἀνοίας
1233 2137 1383 2191 ἐστὶν
1436 2138 1557 2208 εἰκῇ
1612 2136 1850 2208 τρέχειν.

172 2227 333 2281 Τοῦτο
363 2229 462 2281 καὶ
500 2229 662 2298 ἡμεῖς
689 2226 937 2296 ποιῶμεν
965 2241 981 2257 ’
1004 2227 1132 2289 τοὺς
1162 2224 1414 2298 πρώτους
1445 2224 1852 2297 πρῶτονιπαι-

171 2313 407 2387 δεύωμεν
434 2356 447 2377 ,
510 2317 597 2369 ἵνα
651 2316 729 2386 μὴ
776 2308 925 2369 οῦτοι
970 2316 1231 2387 ἐμπόδιον
1266 2315 1524 2384 γίνωνται
1557 2316 1672 2379 τοῖς
1713 2314 1855 2385 μετά

172 2402 351 2458 ταῦτα.
395 2402 920 2473 Ἐπισκεψώμεθα,
973 2405 1127 2474 φησὶ,
1178 2403 1325 2469 τοὺς
1370 2403 1675 2473 ἀδελφοὺς
1729 2401 1855 2470 πῶς

172 2487 395 2559 έχουσι.
421 2491 536 2545 Καὶ⁵
567 2491 727 2544 τοῦτο
756 2492 940 2559 ἠγνόει
974 2492 1222 2557 εἰκότως,
1250 2492 1336 2544 ἵνα
1355 2490 1528 2545 ἐλθὼν
1550 2491 1677 2554 τοὺς
1700 2490 1859 2544 ἀδελέ

172 2580 294 2647 φοὺς
332 2580 724 2650 ἐπισκέψηται.
754 2582 896 2653 Ὅρα
927 2581 1092 2635 αὑτὸν
1124 2581 1210 2634 ἀεὶ
1235 2580 1662 2651 διεγηγερμένον
1683 2620 1698 2644 ,
1755 2597 1853 2649 με·

175 2669 461 2739 ριμνῶντα,
525 2670 626 2724 οὐκ
673 2670 1000 2741 ἀνεχόμενον
1050 2669 1341 2743 καθῆσθαι,
1391 2670 1569 2724 καίτοι
1621 2670 1851 2741 μυρίους

172 2758 400 2830 ὑπέμενε
433 2758 734 2821 κινδύνους,
754 2759 921 2831 Ὁρᾷς
941 2800 955 2821 ,
984 2760 1071 2813 ὅτι
1097 2760 1157 2813 ού
1188 2758 1393 2822 δειλίας
1420 2755 1486 2830 ἦν
1520 2759 1580 2813 τὸ
1610 2761 1689 2822 εἰς
1733 2760 1850 2812 Ἀν-

170 2847 398 2917 τιὸχειαν
431 2848 645 2915 ἐλθεῖν;
683 2848 955 2919 Καθάπερ
984 2848 1094 2920 γάρ
1124 2848 1308 2918 ἰατρὸς
1341 2850 1436 2902 ἐπὶ
1461 2850 1587 2911 τοὺς
1621 2849 1851 2918 κάμνον-

170 2950 260 2997 τας
282 2935 451 3008 ἀπῄει
476 2974 492 2999 ,
520 2936 616 2990 καὶ
656 2936 756 3007 τὴν
786 2935 1033 3007 ἀνάγκην
1061 2937 1162 3006 τῆς
1202 2936 1547 3006 ἐπισκέψεως
1578 2936 1850 3007 ἐδήλωσεν

172 3022 348 3086 εἰπὼν,
390 3024 498 3078 Ἐν
520 3018 615 3089 αἷς
640 3025 1120 3094 κατηγγείλαμεν
1151 3024 1259 3078 τὸν
1289 3025 1497 3095 λόγον.
1545 3024 1785 3095 Ἀπέστη
1820 3026 1850 3079 6

172 3108 474 3183 Βαρνάϐας,
514 3114 609 3166 καὶ
643 3112 830 3166 οὐκέτι
864 3112 1149 3183 συνῆλθεν.
1168 3111 1661 3183 Ἐπιλεξὰμενος,
1690 3113 1848 3186 φησι,

169 3201 267 3254 τὸν
301 3203 516 3267 Σίλαν,
545 3202 642 3255 καὶ
675 3202 1031 3270 παραδοθεὶς
1084 3200 1162 3271 τῇ
1188 3202 1384 3273 χάριτι
1424 3202 1531 3257 τοῦ
1556 3206 1726 3257 Θεου.
1783 3203 1850 3257 Τί

170 3290 315 3343 τοῦτό
352 3292 534 3357 ἐστιν;
567 3290 833 3357 Πῦξαντο,
872 3293 1057 3363 φησὶν,
1092 3292 1393 3363 ἐδεήθησαν
1414 3292 1508 3346 τοῦ
1537 3291 1851 3364 Θεοῦ.”ορα

172 3379 434 3450 πανταχοῦ
451 3379 666 3449 μεγάλα
678 3379 988 3451 δυναμένην
999 3380 1098 3453 τὴν
1110 3380 1277 3452 εὐχὴν
1291 3380 1403 3434 τῶν
1416 3379 1567 3453 1265]
1579 3380 1846 3450 ἀδελφῶν.

170 3467 270 3521 Καὶ
289 3466 476 3522 λοιπὸν
494 3468 635 3539 πεζῇ
657 3467 849 3535 ὥδευε,
869 3469 963 3522 καὶ
985 3469 1073 3524 διὰ
1104 3469 1205 3538 τῆς
1228 3470 1538 3540 ὁδοιπορίας
1567 3469 1850 3542 ὠφελῆσαι

168 3557 283 3631 τοὺς
309 3556 557 3628 ὁρῶντας
581 3556 907 3628 βουλόμενος
934 3574 949 3589 ο
981 3558 1369 3622 εἰκότως.”οτε
1394 3561 1494 3630 μὲν
1516 3559 1625 3631 γάρ
1651 3560 1851 3617 ἐσπευ-

168 3628 267 3709 δον,
292 3644 483 3700 ἔπλεον
504 3665 518 3678 ο
546 3646 642 3701 νῦν
675 3646 733 3699 δέ
759 3647 862 3701 οὐκ
892 3646 997 3700 ἔτι.
1030 3647 1142 3701 Καὶ
1177 3647 1309 3703 ίδοὺ
1341 3628 1622 3718 μαθητής
1646 3668 1739 3718 τις
1772 3647 1852 3723 ἧν

168 3734 287 3789 ἐκεῖ
308 3737 556 3808 ὀνόματι
585 3740 861 3807 Τιμόθεος
882 3781 897 3806 ,
926 3739 1058 3805 υίὸς
1090 3730 1381 3809 γυναικὸς
1421 3742 1708 3811 Ἰουδαίας
1764 3762 1851 3799 πι-

170 3824 332 3893 στῆς,
356 3826 586 3895 πατρὸς
609 3826 680 3880 δὲ
705 3828 1018 3893 ’Ἕλληνος
1036 3843 1049 3857 ·
1073 3828 1141 3894 ὃς
1165 3829 1553 3897 ἐμαρτυρεῖτο
1582 3833 1707 3887 ὑπὸ
1729 3833 1850 3888 τῶν

167 3912 232 3965 ἑν
253 3916 553 3983 Λύστροις
582 3914 679 3969 καί
717 3916 951 3982 Ἰκωνίῳ
983 3914 1521 3985 ἀδελφῶν-Τοῦτον
1539 3918 1851 3987 ἠθέλησεν

170 4002 199 4053 ό
221 4004 459 4071 Παῦλος
490 4004 618 4058 σὺν
650 4002 815 4068 αὐτῷ
843 4003 1117 4068 ἐξελθεῖν
1135 4020 1152 4037 ο
1179 4006 1278 4059 καί
1327 4006 1534 4060 λαϐὼν
1586 4009 1850 4077 περιέτε-

164 4104 270 4154 μεν
292 4091 481 4146 αὑτὸν
511 4091 609 4146 διὰ
651 4091 793 4158 τοὺς
842 4091 1175 4154 Ἰουδαίους
1216 4091 1360 4160 τοὺς
1403 4093 1585 4162 ὄντας
1626 4096 1697 4149 ἐν
1724 4096 1850 4165 τοῖς

169 4180 363 4246 τόποις
390 4180 675 4246 ἐκείνοις.
715 4179 989 4251 ’ῌδεσαν
1028 4177 1141 4250 γὰρ
1173 4180 1438 4249 ἅπαντες
1477 4183 1587 4238 τὸν
1623 4185 1849 4255 πατέρα

168 4266 365 4333 αὑτοῦ,
400 4266 492 4321 δτι
521 4266 765 4336 Ἕλλην
793 4265 1096 4339 ὑπῆρχεν.

234 4354 413 4420 Ἄξιον
441 4354 782 4426 ἐκπλαγῆναι
805 4354 900 4409 τοῦ
918 4356 1131 4411 Παύλου
1147 4356 1246 4429 τὴν
1274 4356 1512 4413 σύνεσιν.
1530 4362 1591 4414 ’0
1609 4363 1850 4419 τοσαῦτα

172 4446 545 4516 μαχεσάμενος
570 4447 698 4518 περὶ
728 4446 829 4517 τῆς
855 4448 1183 4519 περιτομῆς,
1211 4450 1240 4503 6
1269 4449 1446 4504 πάντα
1469 4453 1720 4520 κινήσας,
1750 4452 1847 4507 καὶ

172 4529 241 4602 μὴ
260 4532 523 4605 πρότερον
545 4534 809 4600 ἀποστὰς,
835 4534 942 4598 ἕως
960 4535 1049 4589 ὅτε
1078 4534 1432 4608 κατώρθωσε,
1450 4536 1545 4591 τοῦ
1576 4539 1845 4611 δόγματος

169 4620 518 4690 κυρωθέντος,
554 4624 875 4695 περιτέμνει
900 4623 991 4677 τὸν
1024 4622 1293 4697 μαθητήν.
1324 4622 1404 4680 Οὐ
1437 4626 1600 4697 μόνον
1623 4628 1846 4701 ἐτέρους

169 4707 225 4759 οὐ
256 4709 475 4773 κωλύει,
507 4709 643 4766 ἀλλὰ
672 4711 767 4766 καὶ
787 4711 953 4776 αὐτὸς
973 4712 1133 4767 τοῦτο
1161 4713 1474 4786 ἐργάζεται.
1502 4714 1671 4770 Οὐδὲν
1694 4718 1847 4773 Παύα

168 4793 253 4850 λου
281 4796 642 4873 συνετώτερον
668 4816 681 4829 ·
710 4798 853 4854 ὥστε
875 4800 1056 4856 πάντα
1088 4801 1228 4871 πρὸς
1253 4802 1316 4855 τὸ
1342 4804 1621 4876 συμφέρον
1651 4805 1801 4879 ἐώρα
1827 4823 1845 4843 ’

168 4886 310 4940 ούδέν
334 4888 523 4953 ἁπλῶς
553 4889 732 4944 ἐποίει
770 4889 1060 4961 προλήψει.
1096 4889 1321 4945 Τοῦτον
1341 4891 1632 4961 ἠθέλησε,
1657 4895 1845 4966 φησιν,

168 4973 427 5038 ἐξελθεῖν
451 4976 575 5032 σὺν
594 4976 777 5043 αὐτῷ.
806 4978 884 5031 Τὸ
936 4976 1252 5047 θαυμαστὸν
1279 4980 1441 5033 τοῦτο
1460 5022 1475 5043 ,
1506 4982 1589 5034 ὅτι
1626 4986 1718 5038 καὶ
1750 4987 1846 5038 ἐπ-

168 5063 321 5132 ήγετο
341 5064 529 5119 αὐτόν.
548 5065 651 5119 Διά
684 5065 827 5133 τοὺς
855 5066 1209 5134 Ἰουδαίους,
1228 5068 1385 5139 φησὶ,
1403 5068 1548 5137 τοὺς
1573 5070 1755 5139 ὄντας
1776 5074 1847 5128 ἐν

169 5151 283 5220 τοῖς
309 5158 521 5222 τόποις
549 5155 828 5223 ἐκείνοις.
856 5155 1009 5227 Αὕτη
1039 5159 1072 5228 ὴ
1106 5157 1258 5211 αἰτία
1287 5156 1383 5211 τοῦ
1412 5164 1739 5231 περιτεμεῖν
1764 5162 1792 5201 ι’
1825 5180 1841 5195 ο

170 5240 223 5294 ού
251 5242 356 5314 γὰρ
385 5242 454 5298 ἂν
484 5243 786 5316 ἠνέσχοντο,
806 5245 959 5317 παρά
985 5245 1329 5318 ἀκροϐύστου
1359 5248 1451 5303 τὸν
1484 5248 1643 5318 λόγον
1674 5252 1843 5306 ἀκοῦο

173 5344 274 5385 σαι.
310 5333 423 5388 Καὶ
448 5332 502 5386 τί
521 5330 692 5405 ;⁶Ὀρα
715 5334 777 5387 τδ
805 5334 1174 5406 κατόρθωματ
1200 5335 1548 5408 περιέτεμεν,
1577 5338 1665 5393 ἵνα
1690 5358 1846 5413 περι-

169 5420 329 5493 τομὴν
361 5422 570 5497 καθέλῃ
597 5440 612 5455 ·
643 5422 713 5477 τά
743 5424 991 5496 δόγματα
1018 5426 1128 5499 7&9
1162 5427 1430 5499 ἐκήρυττε
1460 5428 1529 5482 τά
1559 5428 1669 5483 τῶν
1702 5433 1845 5485 ἀπο-

172 5508 385 5566 στόλων.
424 5509 591 5584 Ὁρᾷς
639 5514 844 5585 μάχην,
895 5515 992 5569 καὶ
1019 5515 1108 5571 διά
1156 5516 1336 5589 μάχης
1378 5518 1713 5591 οἰκοδομήν;
1763 5518 1841 5577 Οὐ

171 5596 292 5669 παρ’
336 5599 542 5672 ἐτέρων
597 5600 1038 5674 πολεμούμενοι,
1083 5604 1221 5659 ἀλλὰ
1274 5608 1371 5660 καὶ
1420 5607 1577 5662 αὐτοὶ
1624 5611 1843 5665 ἐναντία

171 5684 458 5751 ποιοῦντες,
485 5686 632 5743 οὕτω
656 5688 756 5761 τὴν
793 5690 1123 5762 Ἐκκλησίαν
1147 5691 1479 5765 ᾠκοδόμουν.
1506 5696 1693 5767 Δόγμα
1738 5700 1843 5751 εἰσι

170 5772 393 5843 ήνεγκαν
425 5776 500 5847 μὴ
530 5778 881 5850 περιτέμνειν
902 5819 917 5845 ,
960 5780 1057 5833 καὶ
1092 5782 1427 5854 περιτέμνει.
1466 5782 1840 5853 Καὶέπερίσ-

171 5874 362 5927 σευον,
387 5864 546 5935 φησὶ,
575 5864 657 5932 τῷ
690 5867 916 5937 ἀριθμῷ
942 5870 1071 5924 καθ’
1105 5870 1354 5941 ἡμέραν.
1388 5868 1542 5936 Εἶδες
1560 5873 1623 5925 τὸ
1650 5876 1841 5946 κέρδος

172 5947 258 6033 τῆς
288 5955 631 6025 περιτομῆς
681 5951 818 6009 Εἶτα
859 5956 1047 6012 λοιπὸν
1092 5960 1193 6013 οὐκ
1233 5960 1561 6033 ἐνδιατρίϐει
1599 5961 1834 6028 τούτοις,

172 6032 256 6091 ﬁt:
304 6040 708 6113 ἐπισκέψασθαι
753 6044 926 6100 ἐλθών
951 6063 965 6074 ·
1006 6047 1143 6123 ἀλλὰ
1175 6049 1266 6117 τί;
1325 6032 1524 6123 Πόρῤω
1562 6052 1833 6123 πρόεισιν.

563 6151 781 6225 πρῷτους
815 6154 1050 6218 πρώτους,
1118 6158 1148 6198 b
1181 6155 1317 6219 Haec,
1366 6158 1486 6215 αὕτη
1518 6156 1549 6212 ἡ
1578 6158 1708 6208 αἰτία
1746 6157 1833 6207 τοῦ

171 6212 434 6271 πιμτιμέίν,
460 6212 645 6262 desum
676 6216 727 6263 in
770 6212 886 6264 und.

504 6303 778 6365 ΡΑτιιοι..
828 6301 943 6362 Gn.
994 6302 1118 6365 LX.

50 6496 91 6503 ’⁵-
126 6496 325 6510 *θ’-’σί

3542 501 3648 554 ἓίΐ

1978 618 2077 688 Ὠς
2105 623 2174 676 δὲ
2204 623 2627 694 διεπορεύοντο
2655 625 2759 692 τὰς
2785 625 3019 691 πόλεις,
3046 622 3413 691 παρεδίδουν
3440 624 3649 689 αὐτοῖς

1969 711 2313 775 φυλάσσειν
2349 716 2423 768 τὰ
2462 714 2727 784 δόγματα
2764 712 2836 768 τὰ
2861 713 3182 782 κεκριμένα
3212 713 3330 767 ὑπὸ
3355 712 3475 768 τών
3498 713 3652 769 ἀπο·

1974 803 2207 857 στόλων
2229 802 2329 858 καί
2357 803 2476 858 τῶν
2500 802 2923 871 πρεσϐυτέρων
2951 800 3072 855 τῶν
3113 804 3183 855 ἐν
3230 802 3648 874 Ἰερουσαλήμ.

1967 889 2032 942 Δί
2054 889 2173 958 μέν
2194 884 2309 944 οὖν
2348 890 2711 957 Ἐκκλησίαι
2740 888 3131 958 ἐστερεοῦντο
3158 888 3236 958 τῇ
3278 891 3513 955 πίστει,
3550 891 3651 944 καὶ

1961 972 2411 1041 ἐπερίσσευον·
2437 972 2520 1040 τῷ
2557 970 2782 1043 ἀριθμῷ
2823 975 2953 1028 καθ’
2990 975 3243 1043 ἡμέραν.
3298 975 3650 1041 Διελθόντες

1961 1060 2031 1115 δὲ
2058 1063 2183 1131 τὴν
2206 1063 2474 1133 Φρυγίαν
2505 1061 2604 1116 καί
2628 1062 2745 1130 τὴν
2769 1064 3127 1130 Γαλατικὴν
3168 1062 3401 1133 χώραν,
3455 1066 3652 1118 κωλυο

1961 1150 2166 1219 θέντες
2184 1154 2305 1207 ὑπὸ
2333 1153 2443 1208 τοῦ
2460 1153 2636 1222 ἁγίου
2663 1153 3018 1221 Πνεύματος
3039 1152 3314 1220 λαλῆσαι
3331 1152 3438 1207 τὸν
3462 1153 3651 1223 λόγον

1959 1240 2029 1295 ἐν
2045 1240 2120 1309 τῇ
2145 1240 2331 1309 Ἀσίᾳ,
2358 1243 2476 1310 τὴν
2495 1242 2763 1311 Φρυγίαν
2781 1242 2881 1296 καὶ
2909 1242 3025 1310 τὴν
3039 1243 3352 1296 Γαλατίαν
3371 1240 3649 1312 ἀφέντες,

1959 1332 2047 1397 εὶς
2070 1330 2188 1397 τὴν
2221 1332 2555 1402 μεσόγαιον
2603 1331 2930 1387 ἔσπευδον.
2977 1332 3297 1398 Ἐλθόντες
3335 1332 3488 1386 κατὰ
3533 1331 3652 1399 τὴν

1960 1421 2206 1475 Μυσίαν
2232 1419 2544 1490 ἐπείραζον
2570 1422 2659 1485 είς
2680 1421 2797 1488 τὴν
2821 1420 3114 1477 Βιθυνίαν
3145 1420 3525 1489 πορεύεσθαι,
3552 1418 3653 1474 καὶ

1960 1510 2075 1563 οὐκ
2106 1510 2320 1564 εἴασεν
2344 1509 2570 1576 αὐτοὺς
2604 1510 2672 1563 τὸ
2713 1510 2978 1580 Πνεῦμα.
3016 1509 3117 1563 Διά
3147 1510 3200 1562 τί
3239 1509 3338 1579 μὲν
3375 1504 3470 1562 οὖν
3514 1512 3654 1562 ἐκωο

1959 1599 2224 1671 λύθησαν,
2254 1600 2316 1653 οὐ
2352 1600 2504 1671 λέγει
2536 1618 2549 1631 ·
2582 1601 2666 1653 ὅτι
2690 1600 2747 1654 δέ
2783 1598 3136 1671 ἐκωλύθησαν
3156 1640 3171 1665 ,
3204 1595 3348 1665 εἷπε,
3378 1598 3652 1653 παιδεύων

1959 1678 2109 1761 ἡμᾶς
2142 1688 2428 1744 πείθεσθαι
2468 1688 2628 1761 μόνον
2664 1690 2758 1743 καὶ
2806 1689 2885 1760 μὴ
2922 1688 3108 1759 ζητεῖν
3156 1688 3257 1752 τὰς
3304 1687 3521 1751 αἰτίας,
3557 1687 3652 1739 καὶ

1958 1778 2195 1842 δεικνὺς,
2218 1778 2300 1832 ὅτι
2327 1776 2501 1833 πολλὰ
2532 1779 2628 1833 καὶ
2656 1778 3021 1851 ἀνθρωπίνως
3041 1777 3280 1832 ἐποίουν.
3312 1778 3655 1845 Παρελθόν-

1960 1885 2060 1935 τες
2086 1866 2154 1922 δὲ
2183 1868 2299 1936 τὴν
2324 1869 2572 1923 Μυσίαν
2596 1866 2946 1936 κατέϐησαν
2971 1868 3060 1933 είς
3095 1865 3353 1936 Τρωάδα.
3373 1864 3486 1921 Καὶ
3515 1863 3654 1934 ὅρα-

1954 1975 2042 2027 μα
2092 1956 2192 2010 διὰ
2238 1956 2348 2025 τῆς
2379 1955 2604 2023 νυκτὸς
2634 1956 2805 2026 ὤφθη
2837 1955 2919 2022 τῷ
2949 1956 3171 2023 Παύλῳ
3196 1972 3209 1983 ·
3239 1954 3410 2023 Ἀνήρ
3450 1972 3541 2022 τις
3573 1949 3655 2022 ἦν

1957 2044 2253 2101 Μακεδὼν
2299 2044 2533 2112 ἑστὼς,
2587 2043 2960 2115 παρακαλῶν
3010 2045 3201 2098 αὐτὸν
3263 2044 3363 2098 καὶ
3415 2042 3652 2112 λέγων’

1958 2134 2172 2201 Διαϐὰς
2196 2137 2283 2199 εἰς
2311 2134 2721 2198 Μακεδονίαν,
2754 2132 3081 2200 ,ϐοήθησον
3112 2131 3279 2200 ἡμῖν.
3309 2132 3410 2185 Διά
3437 2132 3491 2185 τί
3518 2132 3654 2201 ὅρα-

1961 2241 2039 2294 μα
2064 2265 2078 2283 ,
2109 2225 2206 2277 καὶ
2236 2223 2311 2294 μὴ
2340 2224 2402 2276 τὸ
2433 2223 2662 2294 Πνεῦμα
2706 2222 2768 2275 τὺ
2813 2223 2969 2290 ἅγιον
3007 2222 3327 2287 ἐκέλευσενς
3367 2221 3654 2275 Ἐϐούλετο

1958 2313 2158 2374 αὐτοὺς
2188 2312 2282 2366 καὶ
2312 2310 2486 2377 οὕτως
2509 2312 2834 2380 ἐφέλκεσθαι
2857 2329 2870 2344 ·
2901 2311 3025 2365 ἐπεὶ
3049 2313 3143 2365 καὶ
3173 2313 3287 2374 τοῖς
3315 2310 3494 2380 ἁγίοις
3518 2311 3679 2389 ὄναρ.

1957 2399 2156 2471 ἐφάνη
2196 2400 2290 2454 καὶ
2306 2400 2364 2468 ἐξ
2391 2400 2566 2472 ἀρχῆς
2583 2399 2747 2463 αὐτὸς
2763 2400 2949 2471 ὅραμα
2966 2396 3128 2459 εἶδεν,
3149 2399 3321 2471 ἄνδρα
3343 2398 3655 2451 εἰσελθόντα

1957 2491 2054 2543 καὶ
2079 2490 2338 2543 ἐπιθέντα
2363 2489 2513 2559 αὐτῷ
2536 2484 2908 2561 χεῖρας-,Εἶτα
2935 2488 3033 2543 καὶ
3053 2486 3144 2541 διὰ
3170 2487 3328 2542 τοῦτο
3348 2486 3513 2561 αὑτὸν
3538 2488 3655 2539 ἐκεῖ

1956 2579 2127 2645 ἐλκει,
2164 2578 2252 2632 ἵνα
2281 2578 2590 2648 ἐκτείνηται
2643 2577 2705 2630 τὸ
2757 2578 3046 2649 κήρυγμα.
3081 2576 3295 2640 Ἀλλως
3337 2576 3395 2630 δὲ
3436 2576 3531 2629 καὶ
3564 2574 3655 2629 διὰ

1954 2670 2118 2724 τοῦτο
2156 2668 2427 2724 κωλύεται
2464 2667 2806 2738 ἐνδιατρῖψαι
2844 2669 2970 2731 ταῖς
3000 2666 3192 2731 ἄλλαις
3226 2666 3467 2747 πόλεσιν,
3509 2667 3656 2720 ἐπεί-

1955 2776 2146 2828 γοντος
2174 2758 2339 2813 αὐτὸν
2368 2758 2463 2812 τοῦ
2494 2757 2755 2830 Χριστοῦ.
2814 2751 2976 2812 Οὗτοι
3004 2757 3104 2829 μὲν
3124 2759 3234 2828 γὰρ
3264 2756 3489 2827 ἔμελλον
3517 2757 3656 2810 ἀπο-

1954 2847 2253 2902 λαύσεσθαι
2282 2847 2531 2902 Ἰωάννου
2548 2848 2643 2902 καὶ
2666 2847 2857 2919 χρόνον
2875 2845 3067 2912 πολὺν,
3088 2846 3186 2900 καὶ
3203 2844 3355 2919 [⁸264]
3382 2846 3513 2909 ἴσως
3528 2844 3653 2899 οὐδέ

1956 2938 2096 2991 πάνυ
2116 2937 2344 2991 ἐδέοντο’
2380 2938 2498 2990 ἐκεῖ
2512 2935 2567 2989 δέ
2579 2935 2843 2989 ἀπελθεῖν
2875 2935 3005 2990 ἔδει.
3030 2936 3141 2990 Καὶ
3158 2935 3527 3006 ἀπιπεράσας
3546 2934 3659 2988 λοι-

1955 3025 2056 3080 πὸν
2078 3025 2297 3092 ἔξεισιν.
2316 3025 2411 3090 Ὠς
2430 3023 2499 3078 δὲ
2526 3024 2593 3078 τὸ
2620 3023 2814 3095 ὅραμα
2841 3019 3258 3091 εἶδεν-,εὐθέως
3279 3020 3656 3093 ἐζητήσαμεν

1952 3114 2225 3179 ἐξελθεῖν
2262 3114 2350 3181 είς
2383 3113 2789 3179 Μακεδονίαν,
2842 3110 3307 3182 συμϐιϐἁζοντες
3348 3110 3439 3167 ὅτι
3469 3128 3659 3181 προσ-

1958 3204 2243 3270 κέκληται
2296 3200 2456 3272 ὴμᾶς
2496 3205 2529 3257 ό
2586 3203 2805 3272 Κύριος
2851 3202 3363 3273 εὐαγγελίσασθαι
3406 3202 3651 3268 αὐτούς.

1967 3293 2354 3362 Ἀναχθέντες
2398 3292 2467 3348 δὲ
2507 3293 2629 3349 ἀπὸ
2666 3292 2938 3363 Τρωάδος
2978 3291 3520 3363 εὐθυδρομήσαμεν
3566 3294 3659 3357 εἰς

1953 3382 2374 3451 Σαμοθρᾴκην,
2410 3382 2486 3452 τῇ
2513 3400 2579 3437 τε
2606 3382 2867 3452 ἐπιούσῃ
2909 3383 2997 3447 είς
3037 3381 3347 3437 Νεάπολιν
3365 3422 3380 3446 ,
3425 3380 3659 3436 ἐκεῖθέν

1954 3487 2019 3525 τε
2041 3474 2129 3538 είς
2153 3473 2495 3539 Φιλίππους
2517 3512 2530 3535 ,
2580 3472 2715 3539 ἥτις
2743 3472 2875 3527 ἐστι
2903 3472 3105 3541 πρώτη
3132 3470 3244 3541 τῆς
3273 3471 3657 3539 Μακεδονίας

1952 3562 2157 3629 πόλις,
2189 3555 2724 3631 κολώνεια.⁷Ημεν
2749 3559 2819 3614 δὲ
2841 3560 2912 3614 ἐν
2931 3558 3088 3629 αὐτῇ
3113 3557 3189 3627 τῇ
3221 3559 3393 3614 πόλει
3428 3559 3659 3628 διατρί-

1954 3651 2165 3713 σοντες
2192 3649 2420 3721 ἡμέρας
2446 3649 2639 3716 τινάς.
2670 3647 2867 3713 Οὕτως
2895 3646 3047 3720 αύτῷ
3077 3650 3173 3703 καὶ
3200 3650 3228 3702 ὁ
3252 3648 3487 3720 Χριστὸς
3520 3649 3651 3718 φαί-

1953 3755 2105 3793 νεται
2138 3738 2314 3807 λέγων
2338 3779 2353 3802 ,
2390 3740 2472 3792 ὅτι
2500 3738 2763 3807 Καίσαρί
2797 3753 2873 3793 σε
2921 3737 3020 3792 δεῖ
3057 3737 3464 3807 παραστῆναι.
3518 3734 3654 3792 Εἶτα

1952 3825 2101 3895 λέγει
2136 3826 2228 3880 καὶ
2261 3828 2387 3892 τοὺς
2414 3827 2618 3891 τόπους
2639 3866 2655 3891 ,
2701 3826 2798 3881 ἅτε
2829 3826 3075 3898 ἱστορίαν
3117 3825 3506 3897 ἐξηγούμενος,
3556 3827 3657 3880 καί.

1952 3914 2171 3978 δεικνὺς
2197 3914 2300 3966 ποῦ
2334 3914 2648 3985 ἐνεχρόνισε
2675 3930 2689 3945 ·
2719 3914 2815 3967 καί⁵
2847 3913 3155 3980 δείκνυσιν,
3189 3915 3269 3967 ὅτι
3291 3915 3350 3966 ἐν
3375 3916 3493 3977 ταῖς
3529 3914 3651 3985 μεί-

1953 4000 2094 4067 ζοσι,
2124 4002 2225 4065 τὰς
2251 4002 2309 4055 δέ
2334 4002 2501 4067 ἄλλας
2531 4003 2760 4075 παρῄει.
2805 4002 3053 4073 ’Δξίωμά
3085 4004 3204 4056 ἐστι
3234 4001 3443 4065 πόλεως
3480 4006 3513 4074 ἡ
3558 4020 3652 4056 x0-

1951 4091 2170 4145 λώνεια.
2203 4090 2345 4145 Ἀλλ’
2366 4090 2576 4145 ἀνωθεν
2602 4090 2802 4164 ἴδωμεν
2830 4092 2899 4146 τὰ
2930 4091 3224 4163 εἰρημένα.
3250 4091 3524 4162 Ἀνάγκην
3550 4108 3650 4145 πε-

1956 4179 2192 4250 ριτίθησι
2223 4178 2303 4249 τῷ
2332 4178 2593 4251 Βαρνάϐα
2617 4179 2719 4251 τῆς
2752 4179 3068 4251 ἀποδημίας
3099 4179 3276 4249 λέγων
3303 4197 3319 4212 ο
3370 4181 3654 4235 Ἐπισκε-

1951 4267 2198 4338 ψώμεθα
2245 4268 2354 4334 τὰς
2390 4258 2616 4334 πόλεις
2644 4310 2656 4331 ,
2715 4268 2786 4322 ἐν
2839 4263 2938 4336 αἷς
3004 4269 3483 4340 κατηγγείλαμεν
3520 4265 3651 4324 ’τὸν

1950 4358 2160 4426 λόγον.
2188 4356 2383 4410 Καίτοι
2413 4357 2517 4410 οὐκ
2542 4356 2650 4411 ἔδει
2676 4356 2868 4424 ἀξιοῦν
2907 4356 3071 4412 αὑτὸν
3102 4356 3367 4429 μέλλοντα
3404 4373 3645 4428 κατηγο-

1956 4450 2069 4521 ρεῖν
2102 4447 2243 4518 μετά
2266 4447 2461 4502 ταῦτα.

2022 4536 2087 4592 δ’.
2103 4536 2278 4591 Τοῦτο
2302 4537 2399 4591 καὶ
2420 4536 2514 4589 ἐπὶ
2535 4534 2631 4589 τοῦ
2662 4534 2802 4589 Θεοῦ
2833 4536 3043 4605 γίνεται
3070 4535 3165 4590 καὶ
3183 4533 3276 4589 τοῦ
3294 4534 3594 4599 Μωῦσέωςυ
3617 4564 3647 4590 ε.

1953 4626 2054 4698 μέν
2083 4625 2245 4692 ἀξιοῖ,
2276 4628 2304 4680 6
2328 4626 2387 4680 δέ
2412 4624 2717 4695 ὀργίζεται.
2746 4620 2876 4681 Οίον
2904 4624 2981 4690 ὡς
3012 4626 3142 4679 ὅταν
3174 4624 3329 4697 λέγῃ·
3374 4627 3446 4679 El
3472 4626 3506 4679 ό
3535 4638 3649 4681 πα-

1949 4715 2061 4785 τὴρ
2086 4714 2279 4782 αὐτῆς
2299 4713 2642 4769 ἐνέπτυσεν
2680 4716 2769 4781 είς
2806 4715 2874 4767 τὸ
2913 4714 3244 4783 πρόσωπον
3270 4711 3469 4783 αὐτῆς
3504 4731 3519 4744 ·
3553 4716 3648 4768 καὶ

1922 4798 2135 4871 πάλιν,
2171 4805 2348 4874 Ἄφες
2396 4819 2474 4873 με
2498 4843 2513 4866 ,
2543 4801 2646 4857 καί
2676 4803 2967 4873 θυμωθεὶς
2995 4803 3301 4873 ἐξαλείψω
3330 4803 3440 4858 τὸν
3490 4805 3649 4860 λαὸν

1948 4892 2169 4949 τοῦτον
2190 4910 2204 4923 ·
2230 4891 2325 4946 καὶ
2346 4893 2375 4945 6
2402 4890 2682 4963 Σαμουὴλ,
2702 4892 2833 4945 ὅταν
2851 4889 3022 4963 πενθῇ
3054 4892 3145 4946 τὸν
3174 4892 3348 4947 Σαούλ
3378 4910 3393 4924 ’
3422 4893 3491 4948 δι’
3515 4895 3646 4949 ἑκα-

1947 4984 2124 5057 τέρων
2151 4982 2263 5056 γάρ
2297 4981 2509 5054 μεγάλα
2535 4982 2752 5051 γίνεται
2778 4982 2978 5052 ἀγαθά.
3004 4982 3167 5038 Οὕτω
3190 4982 3255 5056 δὴ
3285 4985 3382 5039 καὶ
3406 4985 3645 5040 ἐνταῦθα

1948 5074 1977 5128 6
2012 5073 2113 5145 μέν
2142 5070 2443 5143 ὀργίζεται,
2475 5072 2504 5125 6
2532 5071 2589 5126 δέ
2615 5071 2718 5125 οὐκ
2742 5070 2847 5126 ἐτι.
2879 5071 3053 5126 Τοῦτο
3074 5072 3168 5126 καὶ
3196 5072 3281 5144 ἐφ’
3308 5074 3469 5145 ἡμῶν
3496 5075 3647 5145 γίνε-

1946 5180 2057 5217 ται.
2096 5162 2206 5217 Καὶ
2231 5162 2261 5215 6
2291 5160 2645 5235 παροξυσμὸς
2692 5161 2921 5225 εἰκότως
2947 5202 2962 5226 ,
3003 5162 3091 5216 ἵνα
3117 5165 3327 5227 ἐκεῖνος
3353 5164 3645 5235 παιδευθῇ,

1950 5252 2045 5305 καὶ
2066 5252 2143 5323 μὴ
2166 5250 2294 5323 δόξῃ
2334 5250 2512 5323 σκηνὴ
2541 5250 2603 5304 τὸ
2630 5251 2868 5320 πρᾶγμα
2900 5245 3062 5307 εἶναι.
3111 5251 3187 5305 Οὐ
3221 5246 3331 5323 γᾶρ
3356 5251 3422 5306 ἃν
3450 5255 3479 5307 6
3505 5270 3645 5309 παν-

1946 5340 2116 5411 ταχοῦ
2141 5339 2329 5403 είκων,
2356 5339 2593 5394 ἐνταῦθα
2623 5341 2725 5393 οὐκ
2755 5334 2922 5406 εἶξεν,
2950 5341 2979 5393 6
3002 5339 3149 5395 οὕτω
3173 5341 3388 5396 Παῦλον
3428 5342 3601 5413 φιλῶν
3627 5385 3642 5409 ,

1947 5427 2089 5482 ὥστε
2124 5428 2219 5482 καὶ
2248 5430 2356 5501 πρὸ
2381 5427 2573 5482 τούτου
2606 5427 2843 5499 ζητῆσαι
2874 5428 3039 5484 αὑτὸν
3062 5431 3120 5483 ἐν
3143 5430 3365 5501 Ταρσῷ,
3391 5431 3487 5485 καὶ
3508 5432 3647 5504 πρὸς

1944 5517 2074 5582 τοὺς
2095 5516 2431 5580 ἀποστόλους
2461 5516 2624 5569 αὑτὸν
2644 5517 2997 5585 ἀπενεγκεῖν,
3026 5518 3121 5570 καὶ
3147 5517 3244 5589 τὴν
3267 5518 3644 5592 ἐλεημοσύνην

1946 5607 2132 5678 κοινὴν
2165 5606 2505 5680 ἐργάσασθαι
2532 5607 2584 5671 δ,
2610 5606 2705 5661 καὶ
2731 5606 2802 5660 τὰ
2831 5624 2978 5661 κατα
3006 5607 3068 5661 τὸ
3095 5607 3271 5679 δόγμα
3296 5610 3449 5681 κοινῇ
3476 5626 3645 5663 κατα-

1944 5695 2227 5761 δέξασθαι.
2272 5695 2388 5749 Ούκ
2432 5696 2500 5750 ἂν
2542 5690 2637 5750 οὖν
2680 5694 2769 5749 διὰ
2809 5696 3051 5750 τοιοῦτον
3082 5698 3317 5771 πρᾶγμα
3348 5698 3602 5770 ὠργίσθη
3628 5717 3642 5728 ·

1943 5784 2081 5840 ἀλλὰ
2138 5783 2466 5856 χωρίζονται
2520 5784 2616 5837 ἀπ’
2665 5783 2956 5851 ἀλλήλων,
2982 5783 3154 5879 ’ἑῦστε
3206 5785 3496 5841 παιδεῦσαι
3548 5788 3646 5840 καὶ

1947 5874 2252 5945 ἀπαρτίσαι
2289 5872 2380 5927 διά
2407 5871 2504 5927 τοῦ
2540 5872 2827 5944 χωρισμοῦ
2863 5871 3315 5945 τοὺςδεομένους
3358 5874 3459 5945 τῆς
3508 5877 3642 5946 παρ’

1943 5964 2124 6018 αὐτῶν
2157 5963 2511 6028 διδασκαλίας
2551 5980 2567 5995 ο
2624 5961 2819 6035 ὥσπερ
2847 5959 2942 6017 οῦν
2971 5965 3068 6018 καὶ
3096 5963 3335 6038 ἀλλαχοῦ
3368 5966 3513 6019 ποιεῖ
3552 5964 3643 6022 λέ·

1947 6157 2410 6270 ,ξωξξειέσσευονο
2446 6158 2519 6209 δίο
2546 6156 2764 6221 quidam.
2831 6158 2861 6201 ιι
2898 6158 3221 6224 Ἔργάσασθαι
3257 6158 3404 6209 deest
3446 6164 3495 6209 In
3537 6160 3653 6225 qui.

3041 6316 3113 6373 ιιι
