4082 6504
295 480 397 539 249

291 633 408 676 rem
436 628 556 672 esse
580 629 822 671 scenam.
853 610 1037 686 Neque
1064 607 1207 665 enim
1245 608 1334 680 qui
1372 621 1586 678 semper
1611 613 1848 663 cesscrat
1866 648 1883 673 ,

290 712 380 769 hic
408 725 513 766 non
538 708 822 775 cessisset,
847 704 939 778 qui
966 704 1037 760 ita
1067 702 1290 759 Paulum
1314 700 1549 768 amabat,
1577 710 1636 756 ut
1658 699 1886 757 antehac

292 813 557 879 quaereret
584 818 709 860 eum
738 799 912 867 Tarsi,
941 806 997 854 et
1021 796 1090 853 ad
1116 796 1391 867 apostolos
1420 794 1595 865 ipsum
1634 793 1885 850 introdu-

289 907 437 956 ceret
455 940 473 967 ,
503 906 557 954 et
593 897 987 967 eleemosynam
1016 903 1356 946 communem
1393 885 1633 954 faceret,
1660 896 1713 942 et
1740 885 1882 957 quod

284 995 356 1051 ad
404 993 592 1064 dogma
642 990 833 1045 attinet
870 1028 886 1053 ,
930 982 1288 1042 communiter
1334 981 1651 1071 susciperet.
1700 978 1883 1049 Itaque

285 1103 395 1145 non
422 1095 639 1159 propter
660 1083 798 1138 hanc
817 1095 931 1137 rem
965 1079 1131 1135 iratus
1153 1075 1360 1137 fuisset.
1390 1073 1497 1130 Sed
1527 1080 1843 1143 separantur
1862 1111 1879 1137 ,

283 1191 342 1235 ut
364 1179 609 1240 doceant,
634 1183 691 1230 et
711 1189 807 1244 per
823 1170 1220 1243 separationem
1250 1180 1365 1232 eos,
1396 1166 1487 1236 qui
1517 1163 1756 1219 doctrina
1783 1176 1879 1216 sua

284 1271 539 1342 egebant.
572 1266 856 1323 instituant
886 1282 902 1320 :
929 1275 988 1318 ut
1014 1262 1174 1317 etiam
1205 1259 1333 1315 alibi
1367 1258 1493 1314 facit
1517 1258 1741 1313 dicens:
1778 1255 1880 1310 Vos

279 1372 453 1417 autem
471 1377 533 1415 ne
548 1356 892 1430 defatigemini
912 1356 1097 1410 bonum
1118 1353 1359 1425 facientes
1377 1351 1454 1422 (2.
1481 1350 1659 1405 Thess.
1682 1350 1735 1406 5.
1762 1349 1876 1418 i3).

281 1455 353 1511 Et
388 1454 522 1510 alios
549 1451 763 1524 quidem
804 1450 1083 1519 increpat,
1119 1445 1273 1517 jubet
1314 1451 1495 1500 autem
1535 1440 1879 1497 benefacere

278 1562 407 1619 erga
458 1560 665 1602 omnes.
713 1542 827 1598 Hoc
868 1541 1032 1598 etiam
1077 1541 1131 1594 in
1170 1536 1560 1613 consuetudine
1590 1534 1872 1589 habemus.

281 1640 380 1695 Hic
407 1648 583 1694 autem
612 1635 741 1691 mibi
765 1633 1020 1689 videntur
1047 1631 1135 1687 alii
1164 1644 1378 1701 quoque
1400 1627 1660 1698 indignati
1681 1641 1802 1681 esse
1823 1626 1876 1681 iu

279 1731 523 1787 Paulum.
551 1728 618 1783 Et
640 1734 822 1798 postea
845 1725 957 1791 ille,
988 1723 1117 1793 ipsis
1136 1736 1381 1779 seorsum
1407 1720 1674 1786 adductis,
1698 1718 1874 1773 omnia

270 1822 429 1890 facit,
458 1829 664 1887 monet,
694 1818 956 1873 hortatur.
989 1816 1148 1871 Multa
1178 1823 1354 1886 potest
1374 1813 1685 1880 concordia,
1711 1813 1875 1868 multa

272 1914 474 1968 caritas
500 1930 513 1967 :
538 1910 745 1966 etiamm
770 1923 869 1979 pro
890 1922 949 1963 re
971 1922 1163 1977 magna
1189 1921 1364 1978 roges,
1388 1905 1598 1961 etiamsi
1630 1904 1875 1975 indignus

269 2004 350 2059 sis
368 2043 387 2070 ,
418 2010 638 2073 propter
664 1998 995 2070 propositum
1023 1996 1259 2053 audieris
1276 2038 1290 2059 .
1322 2011 1391 2053 ne
1419 1997 1627 2052 timeas.
1653 1994 1874 2050 Peram-

268 2096 501 2161 butabat,
531 2094 721 2164 inquit,
746 2092 987 2147 ciuitates.
1013 2089 1084 2146 Et
1106 2107 1219 2147 ecce
1244 2100 1352 2146 crat
1373 2090 1655 2162 discipulus
1674 2092 1875 2145 nomine

271 2187 568 2243 Timotheus
590 2227 607 2253 ,
643 2186 729 2255 qui
771 2185 1112 2239 testimonium
1142 2183 1355 2239 habebat
1384 2201 1417 2238 a
1461 2183 1703 2255 fratribus
1724 2224 1740 2248 ,
1786 2184 1873 2255 qui

266 2292 417 2337 erant
443 2282 640 2356 Lystris
668 2295 715 2341 et
738 2286 924 2342 lconii.
954 2287 1139 2358 Magna
1169 2285 1339 2341 fides‘
1363 2285 1655 2350 Timothei,
1684 2284 1773 2355 qui
1805 2284 1873 2340 ab

264 2378 517 2434 omnibus
544 2380 904 2435 testimonium
935 2381 1110 2437 habet.
1142 2380 1367 2447 Quando
1396 2379 1641 2435 discessit
1665 2378 1870 2433 Barna-

263 2471 387 2536 bas,
403 2472 628 2528 alterum
655 2473 751 2544 ipsi
778 2490 955 2545 parem
979 2475 1199 2530 invenit.
1234 2474 1307 2528 De
1328 2472 1429 2529 hoc
1450 2473 1646 2544 inquit:
1674 2472 1871 2527 Memor

263 2562 613 2635 lacrymarum
642 2576 841 2621 tuarum
872 2576 919 2620 et
949 2567 1069 2635 ﬁdei
1096 2577 1197 2621 tute
1221 2583 1322 2621 non
1344 2567 1630 2630 simulatae,
1659 2582 1773 2636 qua:
1792 2568 1873 2618 in-

264 2656 509 2711 habitauit
530 2659 692 2727 primo
713 2660 765 2711 in
785 2658 898 2712 avia
923 2668 1011 2712 tua
1037 2657 1217 2725 Laide,
1236 2668 1284 2712 et
1312 2659 1365 2712 in
1387 2668 1548 2711 matre
1569 2666 1655 2711 tua
1678 2656 1872 2711 Eunice

263 2750 347 2816 (2.
370 2749 499 2805 Tim.
528 2751 738 2822 1.4.5).
762 2751 827 2806 Et
843 2768 1125 2819 assumens,
1150 2753 1339 2823 inquit,
1364 2753 1510 2807 illum
1531 2753 1866 2806 circumcidit.

262 2841 383 2910 Qua
408 2842 476 2898 de
497 2858 655 2898 causa
686 2843 801 2913 ipse
826 2844 995 2909 addit,
1025 2844 1210 2900 dicens
1236 2862 1248 2900 :
1275 2844 1497 2914 Propter
1525 2843 1759 2908 Indicos,
1780 2844 1866 2915 qui

262 2942 411 2988 erant
439 2937 491 2989 in
522 2936 645 2989 locis
672 2936 795 2991 illis.
829 2934 953 2990 Ideo
978 2951 1107 3006 ergo
1132 2936 1561 3002 circumciditur;
1596 2936 1678 2991 vel
1706 2936 1865 2991 etiam

261 3034 488 3096 propter
526 3037 753 3095 patrem,
796 3029 884 3098 qui
910 3028 1129 3099 gentilis
1148 3029 1421 3085 manebat.
1452 3029 1594 3099 Ergo
1624 3043 1729 3084 non
1762 3029 1867 3084 cir-

260 3119 536 3175 cumcisus
562 3130 700 3177 erat.
736 3120 872 3176 Vide
893 3120 1005 3190 jam
1037 3120 1269 3176 solutam
1299 3121 1492 3192 legem.
1517 3121 1740 3189 Quidam
1769 3137 1869 3176 au—

262 3214 375 3266 tet'n
417 3221 599 3281 putant
648 3212 795 3267 illttm
839 3222 960 3284 post
1001 3213 1439 3283 praedicationem
1473 3226 1652 3268 natum
1697 3228 1861 3281 esse;

258 3304 364 3361 sed
389 3304 569 3361 forsan
603 3305 706 3361 hoc
736 3321 842 3361 non
870 3315 972 3361 est.
1002 3307 1081 3361 Ab
1104 3307 1322 3377 infantia
1350 3324 1512 3375 entm,
1546 3308 1744 3378 inquit,
1774 3325 1861 3361 sa-

254 3412 380 3453 cras
422 3396 590 3452 literas
619 3399 773 3453 nosti.
813 3396 947 3454 Illud
984 3399 1144 3469 igitur
1170 3410 1253 3455 est
1279 3400 1602 3467 dicendum;
1631 3401 1715 3456 vel
1754 3400 1863 3455 for-

257 3496 429 3551 tasse.
458 3491 582 3562 quia
614 3491 765 3546 illum
796 3491 1144 3548 ordinaturus
1173 3501 1290 3548 erat
1312 3494 1646 3563 episc‘oputn,
1671 3503 1722 3548 et
1754 3510 1861 3549 non

255 3580 489 3636 decebat
533 3582 966 3644 incircumcisum
1014 3598 1155 3640 esse.
1204 3583 1321 3639 Jam
1378 3594 1558 3640 autem
1611 3585 1863 3656 gentibus

258 3672 401 3729 nihil
440 3674 543 3730 tale
576 3676 897 3733 servandum
924 3686 1059 3733 erat.
1090 3677 1276 3748 Neque
1302 3677 1405 3734 hoc
1437 3694 1658 3748 parvum
1702 3689 1819 3735 erat
1840 3721 1857 3748 ,

256 3766 478 3837 quando
503 3776 623 3838 post
652 3776 857 3824 tantum
887 3776 1097 3841 tempus
1123 3771 1225 3825 hoc
1246 3770 1349 3826 illis
1373 3771 1698 3827 oti‘endiculo
1717 3780 1857 3828 erat.

255 3859 475 3916 Initium
522 3862 886 3933 abrogationis
923 3874 1057 3931 erat,
1106 3865 1247 3937 quod
1304 3866 1530 3937 gentiles
1583 3866 1697 3924 haec
1752 3883 1857 3922 non

255 3964 541 4013 servarent
567 3971 740 4028 neque
766 3958 889 4014 hinc
916 3958 1239 4015 laederentur
1256 4000 1270 4023 ,
1298 3960 1537 4031 nihilque
1567 3961 1743 4017 minus
1764 3961 1860 4016 ha-

255 4048 453 4105 berent
480 4049 623 4106 circa
649 4049 811 4107 fidem
837 4068 851 4105 :
880 4060 1073 4121 sponte
1097 4052 1312 4110 demum
1335 4053 1683 4111 desistebant.
1723 4056 1857 4123 Quia

254 4140 423 4211 igitur
465 4142 852 4211 pradicaturus
890 4153 1028 4211 erat,
1062 4160 1129 4201 ne
1167 4144 1454 4217 dupliciter
1481 4159 1738 4219 pangeret
1764 4149 1860 4206 Ju-

252 4232 410 4288 daaos
430 4275 445 4301 ,
474 4233 617 4289 hunc
638 4234 995 4305 circumcidit,
1027 4237 1273 4308 quamvis
1298 4254 1365 4295 ex
1401 4239 1623 4296 dimidio
1651 4227 1855 4297 tantum

253 4332 427 4392 esset,
460 4338 611 4396 patre
643 4328 849 4397 gentili,
888 4338 1058 4385 matre
1092 4328 1255 4387 ﬁdeli.
1297 4333 1545 4388 Attamen
1578 4333 1699 4405 quia
1736 4350 1855 4390 ma-

252 4432 424 4489 gnum
450 4428 570 4474 erat
595 4434 729 4488 Opus
758 4421 893 4487 hoc,
934 4422 1076 4493 quod
1116 4423 1257 4479 inter
1282 4436 1469 4495 gentes
1501 4427 1603 4483 hoc
1629 4438 1811 4499 ageret
1835 4470 1853 4497 ,

255 4524 368 4565 non
409 4514 615 4567 curavit
655 4512 820 4579 illud;
855 4514 1136 4584 oportebat
1164 4516 1307 4571 enim
1347 4518 1568 4575 verbum
1608 4522 1854 4579 dissemi-

254 4602 375 4655 nari
401 4618 415 4654 :
440 4601 561 4658 ideo
599 4612 653 4659 et
693 4605 808 4673 ipse
847 4605 996 4661 illum
1028 4608 1378 4667 circumcidit.
1412 4612 1509 4668 llic
1544 4614 1703 4670 etiam
1732 4616 1854 4674 vide

253 4694 388 4750 dum
433 4710 464 4752 e
507 4700 778 4754 contrario
818 4700 1031 4757 videtur
1058 4717 1238 4773 agere,
1278 4720 1529 4776 magnutn
1579 4719 1850 4778 peractum

255 4788 485 4843 bonum.
529 4785 596 4843 Et
637 4790 965 4846 abundabant
1004 4810 1232 4862 numero,
1266 4796 1455 4867 inquit.
1498 4799 1684 4857 Viden'
1712 4819 1851 4874 quo-

253 4881 423 4936 modo
462 4897 569 4938 non
614 4884 787 4940 solum
828 4886 961 4941 nihil
1006 4890 1250 4945 nocuerit
1277 4891 1641 4963 circumcisio,
1670 4897 1764 4952 sed
1796 4908 1852 4954 et

256 4974 549 5041 plurimum
576 4977 881 5046 profuerit?
911 4978 978 5035 Ut
997 4991 1165 5035 autem
1194 4983 1435 5039 visionem
1462 4987 1615 5055 vidit,
1645 4990 1815 5043 statim
1832 5033 1847 5057 ,

254 5068 449 5138 inquit,
487 5071 808 5138 quaesivimus
838 5074 1093 5143 proﬁcisci
1119 5076 1172 5129 in
1202 5075 1587 5147 Macedoniam,
1619 5084 1743 5136 certi
1771 5089 1853 5156 fa-

253 5163 324 5213 cti
349 5161 488 5228 quod
510 5172 733 5218 vacasset
754 5182 845 5220 nos
868 5164 1026 5221 Deus.

339 5254 600 5312 Visionum
622 5266 669 5312 et
692 5262 1003 5315 somniorum
1026 5263 1301 5319 distinctio.
1320 5294 1393 5306 --
1419 5266 1571 5333 Vide,
1607 5284 1712 5324 non
1735 5271 1845 5340 jam

253 5362 353 5415 per
396 5348 667 5419 angelum,
692 5360 749 5404 ut
771 5350 1020 5423 Philippo
1050 5366 1103 5408 et
1136 5355 1415 5424 Cornelio;
1440 5361 1535 5415 sed
1563 5362 1725 5431 quid?
1748 5364 1850 5421 Per

249 5442 516 5499 visionem
542 5454 764 5515 apparet
790 5447 889 5518 ipsi
930 5448 1185 5519 deinceps
1233 5453 1467 5509 humano
1516 5472 1687 5524 more,
1739 5477 1846 5517 non

248 5535 454 5593 divino.
485 5535 586 5593 Ubi
610 5539 753 5594 enim
781 5539 990 5595 facilius
1016 5553 1127 5597 erat
1154 5546 1500 5615 persuadere,
1522 5548 1842 5619 humanius;

248 5628 341 5683 ubi
370 5643 561 5715 magna
584 5631 665 5686 vis
694 5631 1400 5699 desiderabatur,~divinius.
1426 5640 1555 5696 Nam
1589 5644 1675 5698 ubi
1708 5661 1845 5715 prm-

248 5717 434 5776 dieare
476 5712 764 5780 festinabat
806 5726 1003 5791 solum,
1036 5728 1107 5783 ibi
1138 5731 1405 5787 somnium
1451 5734 1550 5805 ipsi
1590 5712 1842 5809 apparet;

251 5813 342 5869 ubi
366 5830 496 5871 vero
527 5816 820 5887 praedicare
852 5835 958 5876 non
980 5823 1359 5896 sustinebatur,
1394 5828 1463 5885 ibi
1490 5830 1721 5902 Spiritus
1752 5851 1842 5891 re»

318 5994 336 6022 ‘
356 5995 483 6041 Unus
504 5991 672 6058 habet,
699 5996 881 6062 gratia,
900 6011 1005 6063 pro,
1024 5997 1151 6065 ﬁdes

1253 489 1319 549 ΙΝ
1356 490 1539 549 ACTA
1574 490 2101 551 APOSTOLORUM.
2144 492 2375 551 IIOMIL.
2418 493 2664 553 XXXIV.
2720 536 2721 539 η
2818 504 2821 507 ’

3494 496 3605 554 150

1992 607 2155 663 velat.
2186 608 2276 665 Sic
2302 620 2357 667 et
2381 612 2490 668 illic
2507 610 2703 668 Petro:
2730 611 2981 684 Surgens,
3013 611 3279 668 descende.
3306 609 3426 667 Non
3454 612 3602 669 enim

1991 697 2167 756 facilia
2184 703 2510 772 operabatur
2524 703 2781 776 Spiritus,
2800 704 2896 761 sed
2908 705 3040 761 satis
3054 712 3174 761 erat
3188 704 3291 776 ipsi
3305 704 3599 761 somnium.

1990 790 2226 863 Josepho
2245 810 2459 867 quoque
2482 796 2637 854 facile
2659 797 2903 854 credenti
2924 797 3194 854 somnium
3216 807 3460 870 apparet,
3480 796 3601 856 aliis

1990 901 2121 940 vero
2146 886 2303 943 visio.
2329 888 2406 944 Ita
2438 900 2493 944 et
2520 888 2777 945 Cornelio
2810 899 2869 946 et
2909 890 3038 947 huic
3079 890 3202 962 ipsi.
3239 889 3310 945 Et
3337 878 3596 957 eccs,»in-

1988 979 2123 1048 quit,
2152 966 2232 1034 ὗεν
2258 979 2475 1048 Macedo
2495 992 2654 1048 stans,
2686 982 2955 1037 obsecrans
2989 992 3038 1037 et
3066 982 3260 1038 dicens.
3292 981 3410 1038 Non
3438 980 3599 1051 dixit,

1989 1071 2337 1144 Przecipiens,
2365 1074 2807 1142 sed.0bsecrans;
2831 1076 2885 1132 id
2911 1086 3017 1140 est.
3046 1090 3146 1147 pro
3187 1077 3253 1133 iis
3298 1077 3391 1149 qui
3434 1090 3598 1132 cura-

1987 1165 2136 1221 tione
2163 1181 2300 1237 opus
2337 1165 2627 1225 habebant.
2669 1168 2806 1237 Quid
2839 1179 2945 1237 est,
2977 1170 3114 1225 Certi
3138 1169 3308 1241 facti?
3350 1169 3463 1225 lloc
3489 1176 3598 1236 est,

1986 1258 2376 1329 conjectantes,
2407 1259 2727 1318 inferentes.
2750 1262 2885 1319 Nam
2916 1263 3059 1335 quod
3090 1262 3290 1319 Paulus
3315 1262 3515 1319 viderit
3540 1274 3597 1317 et

1986 1364 2145 1406 nemo
2168 1352 2327 1418 alius,
2355 1362 2411 1408 et
2446 1353 2592 1425 quod
2619 1352 2933 1426 prohibitus
2945 1356 3017 1411 sit
3043 1370 3075 1411 a
3099 1356 3325 1426 Spiritu,
3365 1364 3422 1410 et
3449 1353 3593 1425 quod

1984 1442 2039 1497 in
2078 1444 2324 1501 terminis
2354 1455 2557 1513 essent,
2590 1462 2658 1503 ex
2691 1446 2777 1502 his
2818 1447 3073 1505 omnibus
3104 1447 3221 1503 hzec
3263 1446 3591 1503 inferebant.

1982 1534 2237 1606 Alioquin
2267 1536 2540 1608 navigatio
2567 1538 2699 1594 illud
2730 1538 3036 1596 indicabat:
3064 1554 3242 1612 neque
3277 1541 3423 1596 enim
3454 1537 3596 1593 mul-

1984 1635 2097 1682 tum
2130 1636 2342 1700 tempus
2366 1641 2504 1695 erat,
2538 1646 2645 1702 quo
2684 1632 2741 1687 in
2788 1632 2939 1687 illam
2982 1632 3313 1689 Macedonia:
3352 1630 3592 1687 radicem

1982 1734 2261 1780 venerant.
2286 1725 2463 1796 Atque
2490 1727 2561 1781 ita
2583 1725 2853 1783 dissensio
2874 1728 3078 1783 utiliter
3100 1727 3315 1797 provisa
3346 1725 3467 1782 fuit.
3485 1724 3595 1781 Ne-

1980 1832 2085 1887 que
2113 1817 2257 1872 enim
2287 1818 2421 1875 alias
2448 1818 2684 1889 Spiritus
2704 1829 2926 1878 sanctus
2950 1829 3208 1891 Operatus
3222 1830 3391 1883 esset,
3416 1834 3595 1892 neque

1980 1908 2293 1969 Macedonia
2320 1912 2545 1969 verbum
2572 1915 2922 1984 suscepisset.
2950 1913 3158 1971 Tantus
3188 1929 3318 1971 vero
3350 1914 3439 1971 ille
3462 1929 3593 1986 pro-

1980 2003 2152 2059 fectus
2179 2004 2391 2077 signum
2422 2014 2558 2069 erat,
2586 2021 2699 2062 rem
2725 2016 2931 2079 gestam
2956 2023 3063 2063 non
3082 2008 3249 2064 fuisse
3272 2006 3588 2063 humanam.

1979 2096 2140 2167 Atqui
2163 2113 2270 2153 non
2294 2096 2449 2165 dixit,
2470 2098 2772 2155 Barnabam
2801 2100 3191 2156 exacerbatum
3220 2100 3420 2165 fuisse;
3452 2099 3575 2165 sed,

1979 2188 2127 2244 Inter
2154 2190 2272 2245 illos
2297 2191 2548 2248 dissensio
2568 2194 2687 2264 fuit.
2715 2192 2773 2250 Si
2816 2193 2903 2250 hic
2931 2194 3289 2251 exacerbatus
3333 2209 3444 2251 non
3466 2202 3587 2262 est,

1980 2298 2155 2353 neque
2181 2283 2292 2339 ille.

2050 2378 2104 2433 5.
2149 2378 2277 2434 Ilaec
2306 2395 2429 2435 cum
2451 2380 2707 2448 sciamus,
2744 2395 2816 2437 ne
2841 2380 3209 2452 perfunctorie
3234 2382 3324 2439 illa
3347 2380 3588 2452 excipia-

1978 2488 2118 2536 mus.
2150 2473 2246 2529 sed
2287 2474 2561 2531 discamus
2593 2486 2651 2531 et
2693 2475 3069 2542 instituamur;
3109 2492 3287 2548 tneque
3333 2478 3478 2531 enim
3509 2484 3589 2530 te-

1975 2580 2126 2620 mere
2154 2566 2417 2637 scriptum
2444 2576 2544 2623 est.
2566 2567 2811 2639 Magnum
2832 2568 3033 2624 malum
3059 2577 3146 2624 est
3171 2570 3423 2640 ignorare
3442 2567 3589 2625 Scri-

1977 2666 2194 2725 pturas:
2215 2672 2247 2713 a
2273 2659 2469 2729 quibus
2493 2660 2667 2730 juvari
2699 2669 2996 2731 oporteret,
3022 2661 3091 2716 ab
3119 2662 3185 2717 iis
3206 2662 3475 2717 laedimur.
3494 2660 3586 2718 Sic

1975 2752 2282 2820 frequenter
2302 2751 2592 2823 pbarmaca
2614 2754 2723 2808 vim
2745 2752 3003 2811 medendi
3023 2753 3299 2819 habentia,
3321 2770 3444 2811 cum
3466 2754 3587 2826 ejus

1976 2858 2131 2897 nsum
2160 2846 2410 2899 nesciunt
2440 2845 2531 2915 qui
2572 2845 2662 2900 illa
2693 2845 2975 2909 adhibent,
3009 2855 3207 2902 nocent
3233 2860 3297 2901 ac
3340 2859 3586 2916 pessum-

1974 2926 2138 2983 dant:
2163 2938 2219 2983 et
2242 2944 2392 2983 arma
2424 2946 2544 3000 qua:
2574 2940 2801 3000 possunt
2826 2932 2987 2997 tueri,
3020 2931 3127 2986 nisi
3151 2932 3273 3003 quis
3298 2939 3451 2987 recte
3477 2930 3587 2987 cir-

1970 3028 2282 3089 cumponat,
2304 3021 2368 3075 iis
2384 3032 2624 3078 utentem
2643 3024 2939 3093 perimunt.
2958 3024 3129 3080 Causa
3152 3039 3284 3080 vero
3311 3032 3415 3089 est,
3438 3023 3582 3095 quod

1969 3112 2147 3167 omnia
2200 3113 2371 3183 magis
2400 3129 2729 3185 qumramus,
2759 3130 2920 3187 quam
2952 3116 3149 3173 animae
3177 3116 3497 3183 utilitatem;
3525 3126 3583 3174 et

1968 3204 2072 3260 alia
2099 3206 2272 3277 magis
2295 3217 2628 3277 spectemus,
2658 3224 2819 3279 quam
2847 3209 3139 3266 utilitatem
3171 3220 3438 3266 nostram.
3469 3211 3581 3267 Do-

1969 3312 2089 3353 mus
2126 3310 2274 3354 certe
2302 3299 2614 3357 firmitatem
2645 3316 2791 3373 stepe
2827 3302 3143 3375 querimus,
3195 3317 3299 3360 nec
3341 3303 3580 3374 patimur

1968 3389 2119 3444 illam
2146 3398 2419 3446 vetustate
2446 3402 2728 3449 nutantem
2752 3394 2835 3449 vel
2865 3394 3140 3451 labentem
3163 3394 3371 3459 videre.
3405 3410 3581 3467 neque

1966 3495 1995 3533 a
2019 3489 2337 3551 tempestate
2356 3483 2753 3553 periclitantem
2774 3502 2787 3539 :
2803 3484 2870 3541 de
2887 3487 3068 3541 anima
3080 3501 3212 3543 vero
3230 3488 3378 3544 nulla”
3402 3502 3530 3544 cura
3554 3506 3568 3541 :

1965 3572 2061 3629 sed
2091 3574 2307 3631 etiamsi
2339 3574 2689 3633 fundamenta
2720 3578 2843 3657 ejus
2872 3579 3088 3636 infirma
3125 3580 3429 3657 videamus,
3454 3582 3577 3639 licet

1965 3676 2021 3722 et
2043 3676 2375 3724 structuram
2406 3678 2460 3725 et
2490 3678 2693 3726 tectum
2720 3672 2945 3741 perinde
2976 3671 3209 3741 habere;
3243 3676 3447 3731 nullam
3471 3674 3575 3730 hoc
3638 3662 3643 3666 θ

1964 3777 2084 3817 rum
2110 3762 2378 3817 rationem
2407 3762 2691 3820 habemus.
2728 3764 2861 3820 Item
2888 3766 2936 3822 si
2964 3777 3212 3824 armenta
3253 3768 3574 3838 habeamus,

1965 3855 2095 3926 quid
2122 3855 2229 3911 illis
2254 3856 2428 3927 prosit
2452 3857 2771 3927 qumrimus,
2804 3857 3167 3930 ductoresque
3203 3876 3268 3917 ac
3306 3862 3570 3929 medicos,

1962 3965 2289 4021 omnemque
2310 3949 2543 4021 lapidem
2570 3966 2853 4007 movemus
2871 3952 2925 4007 ‘z
2952 3950 3142 4009 domos
3170 3970 3387 4027 quoque
3411 3971 3575 4013 cura-

1965 4056 2106 4104 mus.
2134 4050 2191 4097 et
2218 4056 2313 4097 eos
2342 4042 2539 4112 quibus
2569 4041 2687 4098 haec
2713 4043 3004 4099 commissa
3031 4054 3156 4101 sunt
3178 4046 3481 4116 hortamur,
3508 4062 3570 4106 ut

1963 4151 2072 4191 non
2102 4146 2307 4192 temere
2331 4136 2419 4193 vel
2442 4136 2809 4208 perfunctorie
2847 4140 3093 4210 jumenta
3119 4140 3360 4213 abigant,
3390 4158 3570 4217 neque

1962 4242 2127 4285 onera
2156 4229 2453 4299 imponant,
2496 4229 2582 4286 vel
2630 4231 2956 4302 intempesta
2986 4242 3147 4289 nocte
3187 4233 3443 4304 educant,
3475 4236 3566 4293 vel

1960 4320 2218 4375 alimenta
2245 4320 2595 4388 venumdent,
2630 4323 2922 4395 multzequc
2959 4324 3105 4396 leges
3133 4325 3276 4398 apud
3305 4341 3406 4383 nos
3436 4338 3567 4385 sunt

1960 4413 2025 4469 ad
2054 4413 2340 4469 utilitatem
2371 4414 2741 4485 iumentorum
2767 4435 2781 4472 :
2805 4417 2875 4474 de
2899 4419 3076 4475 anima
3105 4420 3245 4477 ratio
3272 4421 3439 4477 nulla.
3459 4422 3567 4481 Ve-

1960 4522 2081 4562 rum
2111 4506 2238 4577 quid
2265 4506 2387 4563 dico
2407 4506 2476 4564 de
2496 4508 2689 4577 brutis,
2714 4526 2835 4581 quae
2857 4510 3015 4567 nobis
3042 4513 3190 4569 utilia
3213 4515 3375 4571 sunt?
3406 4514 3563 4573 Multi

1960 4606 2106 4664 sunt,
2136 4599 2226 4671 qui
2258 4615 2505 4670 passeres
2531 4602 2732 4658 habent
2761 4603 2829 4659 ad
2858 4605 2991 4661 nihil
3020 4607 3201 4672 utiles,
3234 4607 3332 4665 sed
3356 4610 3446 4681 qui
3472 4625 3563 4668 so-

1958 4693 2070 4747 lum
2094 4702 2365 4761 recreant,
2389 4694 2683 4767 multaeque
2702 4709 2829 4753 sunt
2856 4700 2999 4755 circa
3042 4701 3163 4757 illos
3194 4702 3363 4774 leges,
3393 4705 3561 4763 nihil-

1957 4800 2060 4857 que
2074 4784 2360 4857 negligitur
2376 4787 2459 4843 vel
2475 4788 2740 4845 omittitur
2756 4807 2771 4845 :
2794 4794 3079 4865 omniaque
3096 4798 3265 4868 magis
3282 4814 3558 4867 curamus,

1957 4892 2116 4946 quam
2142 4894 2240 4935 nos
2269 4879 2435 4950 ipsos.
2467 4878 2558 4937 Sic
2587 4884 2840 4940 omnibus
2869 4901 3066 4943 sumus.
3102 4889 3473 4960 ignobiliores.
3502 4894 3559 4950 Si

1961 4971 2082 5041 quis
2102 4974 2497 5030 contumeliose
2518 4976 2674 5032 nobis
2693 4976 2910 5047 dixerit,
2932 4980 3117 5050 Canis,
3142 4985 3417 5045 dolemus;
3438 5004 3561 5045 cum

1959 5077 2089 5118 vero
2115 5078 2215 5119 nos
2242 5065 2342 5136 ipsi
2374 5065 2531 5123 nobis
2561 5072 2943 5127 contumeliam
2967 5073 3270 5145 inferimus,
3304 5096 3411 5137 non
3443 5098 3564 5139 vero

1959 5155 2045 5221 bo,
2080 5155 2175 5210 sed
2198 5173 2280 5222 re,
2310 5173 2411 5214 nec
2434 5168 2637 5216 tantam
2664 5163 2858 5219 animae
2883 5180 3067 5221 curam
3092 5167 3374 5240 habemus,
3394 5189 3556 5246 quam

1963 5263 2180 5312 canum,
2205 5248 2336 5303 nihil
2364 5266 2463 5306 nos
2487 5253 2597 5322 pati
2620 5264 2889 5325 putamus.
2919 5258 3111 5316 Videte
3138 5265 3353 5333 quantis
3380 5270 3563 5324 omnia

1963 5340 2120 5410 plena
2147 5340 2255 5396 sint
2285 5343 2543 5400 tenebris.
2573 5346 2718 5413 Quot
2746 5358 2873 5404 sunt
2907 5352 2995 5421 qui
3028 5354 3267 5422 student,
3298 5374 3367 5415 ne
3394 5375 3560 5420 canes

1960 5432 2079 5501 plus
2106 5449 2259 5504 :rquo
2285 5437 2648 5504 exsatientur;
2681 5449 2741 5496 ut
2768 5443 2879 5498 sint
2921 5444 3139 5503 veloces
3190 5458 3245 5505 et
3290 5458 3559 5512 venatorii

1960 5538 2233 5594 premente
2264 5527 2435 5595 fame;
2454 5529 2523 5587 de
2545 5546 2605 5588 se
2625 5549 2756 5590 vero
2778 5536 2907 5591 nihil
2931 5539 3308 5599 sollicitudinis
3331 5545 3554 5617 habent,

1959 5635 2132 5690 neque
2171 5620 2275 5675 sibi
2321 5625 2664 5694 praecipiunt,
2695 5643 2763 5683 ne
2790 5629 2997 5687 deliciis
3040 5633 3170 5690 dent
3216 5652 3473 5708 operam:
3507 5656 3559 5697 et

1954 5712 2107 5767 bruta
2142 5713 2360 5783 quidem
2392 5715 2764 5788 philosophari
2794 5722 3012 5794 docent,
3042 5742 3103 5783 se
3131 5744 3262 5786 vero
3288 5733 3338 5787 in
3370 5733 3554 5791 bruto.

1951 5821 2069 5860 rum
2102 5807 2363 5864 feritatem
2390 5810 2497 5867 labi
2526 5814 2819 5884 patiuntur.

2014 5964 2041 6048 ἱ
2046 5963 2116 6048 “In
2120 5965 2299 6048 173cc
2310 5965 2533 6048 legitur,
2536 5981 2657 6048 stva
2672 5986 2787 6029 κάλων
2802 5992 2986 6041 ιινςςμιν,
3010 5984 3138 6046 quod
3158 5991 3251 6048 est,
3277 5988 3555 6047 adllteram.

1964 6038 2150 6077 omnem
2167 6028 2432 6092 [intinctam
2458 6044 2715 6089 moremns.
