4082 6538
1197 520 1254 576 S.
1293 509 1565 573 JO.\NN|S
1600 494 2075 561 CHRYSOSTOMI
2118 491 2431 549 ARCIIIEI‘.
2459 487 2987 548 CONSTANTlNOi’.
3657 480 3769 540 2Βῖ

2180 605 2421 660 inﬁdeles
2448 606 2585 659 bene
2614 613 2796 672 agunt,
2827 612 2879 655 et
2910 603 3032 656 ferae
3055 615 3351 672 canesque;
3383 600 3486 657 soli
3517 599 3767 656 homines

2180 698 2416 775 minimc.
2453 696 2557 753 Sed
2592 707 2645 751 et
2686 711 2783 749 nos
2830 697 2928 766 ipsi
2974 710 3072 749 nos
3097 696 3489 760 accusabimus,
3519 698 3609 765 qui
3640 712 3767 752 cum

2182 794 2451 854 volumus,
2485 799 2630 845 recte
2658 790 2895 860 agimus;
2925 804 3047 845 cum
3091 805 3219 844 vero
3260 789 3606 860 negligimus,
3640 807 3771 859 per-

2185 886 2464 939 trahimur.
2485 882 2616 937 Nam
2640 883 2789 938 exiis
2808 884 2991 949 etiam,
3013 883 3101 952 qui
3126 883 3433 953 nequissimi
3454 892 3597 948 sunt,
3620 883 3777 939 multi

2188 991 2330 1045 smne
2356 992 2477 1032 eum
2506 976 2724 1041 vellent,
2751 986 2877 1030 sunt
2904 976 3110 1029 mutati.
3138 975 3193 1029 In
3223 991 3382 1031 causa
3407 985 3510 1042 est,
3539 986 3597 1031 ut
3637 978 3774 1045 dixi,

2191 1070 2313 1137 quia
2338 1068 2645 1135 circuimus,
2664 1083 2723 1122 ea
2743 1077 3045 1137 qumrentes
3060 1085 3177 1138 qua:
3195 1071 3316 1125 aliis
3338 1072 3485 1126 utilia
3497 1085 3643 1139 sunt,
3668 1088 3780 1127 nou

2195 1162 2368 1217 nobis.
2391 1163 2444 1218 Si
2468 1161 2682 1217 domum
2702 1164 3030 1219 exstruxeris
3046 1163 3402 1233 splendidam,
3419 1166 3612 1223 domus
3632 1183 3786 1222 com-

2200 1253 2358 1308 modo
2379 1253 2583 1321 studes,
2612 1269 2717 1308 non
2745 1262 2868 1309 tuo:
2900 1256 2944 1309 si
2976 1264 3178 1311 vestem
3205 1256 3539 1325 magnificam
3559 1258 3787 1320 emeris.

2200 1347 2442 1416 corporis
2473 1345 2654 1401 decori
2691 1348 2955 1408 consulis.
2989 1364 3093 1403 non
3126 1357 3217 1404 tuo
3244 1367 3259 1404 :
3287 1349 3333 1404 si
3360 1365 3555 1420 equum
3588 1351 3790 1407 bonum

2200 1438 2490 1505 curaveris,
2526 1438 2794 1494 similiter.
2838 1440 3006 1495 Nemo
3033 1451 3185 1496 curat
3213 1450 3273 1497 ut
3296 1444 3367 1497 sit
3392 1444 3568 1497 anima
3597 1444 3738 1499 bona
3776 1462 3792 1499 :

2202 1532 2446 1601 quamvis
2461 1532 2505 1586 si
2529 1532 2619 1587 illa
2635 1531 2774 1586 bona
2804 1532 2893 1595 sit,
2921 1548 3024 1587 non
3050 1534 3118 1588 sit
3144 1535 3248 1589 illis
3269 1549 3433 1605 opus;
3456 1536 3499 1589 si
3524 1537 3665 1591 bona
3685 1552 3793 1591 non

2206 1627 2293 1689 sit,
2323 1625 2467 1680 nulla
2495 1640 2561 1680 ex
2590 1625 2693 1679 illis
2722 1626 2942 1681 utilitas.
2971 1626 3120 1681 Sicut
3145 1627 3288 1681 enim
3329 1642 3451 1683 cum
3497 1627 3563 1682 de
3594 1642 3799 1698 sponsa

2209 1718 2400 1787 agitur,
2433 1717 2551 1773 sive
2595 1716 2717 1772 lecti
2763 1718 2872 1771 sint
2917 1732 2985 1772 ex
3032 1718 3388 1774 velaminibns
3435 1719 3635 1784 aureis,
3684 1721 3803 1774 sive

492 532 589 585 951

574 642 841 695 Brutorum
865 633 1184 704 philosOphia
1210 644 1340 703 ᾳκιε.
1361 657 1430 666 ——
1456 622 1701 691 Enigtua
1724 627 1805 672 cst
1825 616 1939 667 haec
1962 623 2069 665 res.

504 735 569 787 Et
598 732 809 786 ubinam
834 737 958 783 sunt
983 724 1232 781 animalia
1255 716 1587 792 philosopha,
1618 708 1858 781 inquies?
1886 708 2075 760 Annon

504 827 598 880 tibi
626 823 835 877 videtur
864 834 1070 891 magna
1096 830 1215 872 esse
1241 808 1610 885 philosOphize,
1636 820 1755 860 cum
1782 798 1931 855 canis
1962 812 2086 867 pre-

506 927 682 971 mente
699 914 860 979 fame,
886 920 1164 983 postquam
1185 910 1235 962 in
1254 914 1441 960 venatu
1466 901 1627 970 cepit,
1646 914 1672 952 a
1696 893 1940 967 priesenti
1960 906 2081 945 esca

504 1009 758 1073 abstinet,
792 1019 845 1062 et
876 1014 1095 1076 urgente
1117 1002 1253 1057 fame
1277 996 1548 1053 dominum
1566 988 1867 1060 eXSpectat?
1885 984 2088 1040 Pudeat

511 1100 640 1157 vos:
667 1110 882 1156 ventres
919 1098 1109 1153 docete
1151 1102 1381 1156 vestros,
1415 1098 1474 1144 ut
1518 1091 1587 1142 ita
1629 1088 1735 1141 sint
1761 1078 2084 1152 philosophi.

513 1194 662 1249 Nulla
692 1192 841 1247 vobis
870 1188 1140 1246 excusatio
1167 1194 1268 1241 est.
1314 1182 1445 1239 Cum
1478 1188 1680 1235 natura:
1719 1169 2088 1235 irrationabili,

515 1302 634 1357 quas
674 1300 772 1339 nec
802 1281 1034 1351 loquitur
1064 1292 1162 1332 nec
1200 1274 1564 1333 ratiocinatur,
1616 1276 1812 1323 tantam
1858 1261 2095 1357 philoso-

521 1354 698 1444 phiam
732 1372 915 1427 indere
946 1371 1156 1441 possis,
1208 1367 1377 1423 multo
1425 1363 1593 1435 magis
1623 1358 1823 1431 poteris
1849 1356 1941 1410 tibi
1972 1354 2090 1424 ipsi.

520 1468 669 1535 Quod
697 1465 837 1520 enim
869 1479 934 1517 ex
969 1464 1196 1517 humana
1219 1458 1512 1530 diligentia,
1544 1471 1647 1509 non
1670 1468 1734 1507 ex
1766 1458 1951 1506 natura
1978 1462 2099 1516 pro—

524 1558 789 1612 ficiscatur
816 1554 1016 1621 liquet;
1045 1551 1277 1621 alioquin
1305 1556 1579 1619 Oporteret
1605 1556 1793 1597 omnes
1814 1553 1973 1594 canes
2000 1536 2101 1591 hoc

523 1648 741 1702 habere.
778 1643 965 1698 Estole
1004 1642 1197 1696 saltem
1225 1642 1364 1695 sicut
1407 1651 1589 1693 canes.
1637 1634 1744 1688 Vos
1786 1647 1871 1687 me
1912 1630 2102 1700 cogitis

528 1741 650 1793 hinc
675 1736 913 1805 exempla
940 1734 1168 1788 ducere:
1200 1730 1522 1801 oportuisset
1551 1728 1693 1783 enim
1725 1741 1753 1779 a
1782 1724 2102 1782 caelestibus;

528 1832 648 1901 quia
679 1843 804 1885 vero
832 1828 877 1884 si
913 1827 1016 1881 tale
1042 1825 1315 1895 quidpiam
1347 1824 1556 1887 dixero,
1597 1820 1774 1875 dicitis
1804 1818 1893 1871 illa
1921 1830 2106 1886 magna

529 1938 680 1977 esse:
705 1922 826 1977 ideo
858 1920 991 1974 nihil
1033 1918 1325 1974 cmlestium
1370 1929 1631 1970 memoro.
1663 1911 1717 1968 Si
1758 1911 1944 1965 dixero
1970 1909 2108 1964 Pau-

535 2013 864 2078 lnm,dicitis
907 2012 1054 2066 illum
1102 2009 1265 2063 fuisse
1310 2005 1641 2077 apostolum;
1674 2003 1794 2057 ideo
1836 2015 1942 2055 non
1991 1998 2112 2053 dico

536 2106 775 2161 Paulum.
808 2103 864 2158 Si
895 2102 1078 2157 dixero
1102 2100 1392 2165 hominem,
1422 2096 1631 2159 dicetis,
1654 2093 1746 2148 llle
1774 2093 1969 2161 potuit;
1995 2089 2113 2145 ideo

539 2213 711 2267 neque
742 2197 1009 2250 hominem
1040 2193 1180 2259 dico,
1223 2192 1313 2247 sed
1344 2190 1592 2254 bestiam,
1638 2194 1693 2241 et
1732 2185 1956 2240 bestiam
1998 2199 2116 2255 qua:

540 2291 639 2344 hoc
660 2303 765 2343 non
789 2302 851 2342 ex
886 2295 1073 2341 natura
1096 2301 1191 2340 sua
1218 2283 1397 2347 habet,
1430 2296 1497 2336 ne
1520 2279 1711 2334 dicatis
1734 2278 1900 2346 ipsam
1928 2292 1993 2330 ex
2020 2292 2117 2330 na-

543 2392 660 2435 tura
690 2380 910 2443 habere,
942 2393 1048 2433 non
1077 2393 1141 2433 ex
1174 2375 1452 2446 proposito
1493 2386 1623 2436 suo;
1654 2369 1901 2441 quodque
1928 2369 2119 2423 mirum

544 2481 648 2535 est,
681 2486 786 2525 non
815 2470 1089 2539 proposito
1115 2482 1232 2532 suo,
1264 2464 1356 2521 sed
1379 2479 1506 2519 cura
1545 2472 1652 2519 tua.
1690 2461 1803 2515 Non
1832 2460 1972 2528 quod
2002 2458 2122 2512 fati-

547 2573 687 2629 gata,
724 2577 827 2614 non
856 2559 996 2628 quod
1027 2574 1185 2613 cursu
1229 2556 1516 2624 discerpta,
1560 2568 1665 2607 non
1713 2550 1856 2620 quod
1907 2550 2125 2620 proprio

551 2652 730 2705 labore
754 2660 899 2719 parta
926 2650 1037 2702 hzrc
1063 2648 1287 2717 cogitet;
1318 2645 1413 2700 sed
1440 2644 1520 2698 his
1548 2642 1796 2698 omnibus
1828 2640 1969 2695 foras
2000 2640 2127 2696 mis-

552 2728 645 2809 sis,
664 2745 866 2811 iussum
886 2741 1085 2795 domini
1105 2748 1283 2794 servat
1299 2749 1345 2793 et
1370 2747 1554 2791 ventre
1572 2735 1629 2789 fit
1646 2735 1909 2805 superior.
1933 2734 2125 2797 Etiam,

555 2833 794 2902 inquies;
824 2838 1098 2899 exspectat
1143 2830 1285 2883 enim
1336 2826 1561 2887 laudari.
1610 2833 1883 2895 exSpcctat
1930 2824 2133 2894 majore

556 2924 669 2983 frui
689 2937 891 2977 mensa.
918 2922 1009 2975 Dic
1041 2919 1200 2990 igitur
1229 2918 1321 2973 tibi
1350 2918 1470 2987 ipsi,
1503 2931 1688 2971 canem
1710 2930 1804 2987 spe
1823 2917 2015 2971 futura:
2037 2930 2133 2969 vo-

560 3015 771 3083 luptatis
802 3020 1115 3081 prwsentem
1139 3011 1443 3080 despicere;
1469 3017 1522 3063 tu
1548 3023 1676 3063 vero
1700 3024 1807 3063 nou
1832 3009 1913 3063 vis
1934 3022 2034 3078 spe
2057 3007 2136 3062 fu—

562 3115 799 3157 tnrorum
852 3103 1114 3157 bonorum
1167 3100 1448 3171 pra'scntia
1488 3108 1852 3155 contemnere.
1898 3100 2002 3155 Sed
2047 3100 2137 3155 ille

562 3195 772 3263 quidem
805 3192 971 3257 novit,
1004 3194 1046 3245 si
1080 3191 1449 3260 intempestive
1470 3199 1518 3245 et
1548 3202 1744 3260 printer
1773 3190 2017 3259 placitum
2040 3189 2139 3243 do-

568 3287 697 3341 mini
726 3286 904 3339 cibum
934 3284 1197 3354 degustet,
1232 3284 1322 3338 illo
1346 3284 1505 3338 etiam
1530 3282 1843 3351 privandum
1874 3296 2011 3348 esse,
2036 3297 2135 3337 nec

569 3386 804 3447 paratam
845 3392 1019 3432 escam
1062 3377 1361 3430 habiturum
1394 3390 1532 3439 esse,
1567 3375 1660 3429 sed
1692 3375 1871 3445 plagas
1903 3390 1995 3444 pro
2018 3375 2139 3431 cibo

570 3479 939 3538 accepturum;
977 3479 1027 3522 tu
1063 3483 1188 3523 vero
1220 3483 1286 3522 ne
1315 3467 1415 3521 hoc
1444 3466 1657 3537 quidem
1684 3474 1832 3536 potes
1858 3466 2039 3523 videre
2062 3488 2074 3523 :
2094 3478 2149 3522 et

573 3562 712 3630 quod
738 3562 825 3616 ille
854 3576 882 3614 a
907 3560 1292 3615 consuetudine
1334 3559 1536 3623 didicit,
1590 3559 1691 3613 hoc
1722 3569 1775 3613 tu
1805 3559 2011 3614 ratione
2042 3576 2149 3615 non

574 3653 846 3709 emendas.
878 3652 1149 3707 imitemur
1176 3665 1356 3705 canes.
1383 3649 1495 3705 lloc
1516 3649 1765 3705 dicuntur
1784 3657 1838 3705 et
1866 3651 2152 3721 accipitres

576 3754 627 3799 et
655 3745 843 3811 aquila“:
873 3744 1079 3807 facere;
1114 3750 1167 3796 et
1196 3742 1336 3796 sicut
1378 3741 1517 3795 inter
1555 3739 1697 3795 feras
1739 3750 1793 3795 et
1818 3756 2038 3811 capreas
2067 3757 2156 3796 ca—

579 3853 695 3902 nes,
725 3837 801 3890 sic
832 3835 883 3889 hi
917 3836 1053 3889 inter
1080 3849 1205 3888 aves
1236 3832 1467 3887 faciunt:
1492 3830 1547 3886 hi
1580 3847 1706 3887 vero
1734 3832 1893 3887 etiam
1938 3847 2004 3887 ex
2051 3831 2155 3887 hu-

585 3942 739 3982 mana
779 3926 1132 3997 pliil0$0phia.
1171 3926 1294 3979 llzec
1341 3940 1440 3979 nos
1484 3924 1738 3981 damnare
1769 3936 2010 3995 possunt,
2042 3924 2160 3980 haec

588 4034 683 4079 nos
709 4032 919 4087 capere.
954 4017 1109 4072 Aliud
1140 4018 1343 4072 dicam:
1369 4030 1536 4085 equos
1561 4026 1797 4087 agrestes
1835 4025 1890 4072 et
1927 4018 2159 4072 indomi-

586 4122 691 4176 tos,
721 4111 1058 4165 calcitrantes
1088 4117 1140 4164 et
1166 4109 1493 4174 mordentes,
1525 4107 1671 4163 brevi
1700 4118 1938 4179 tempore
1968 4110 2037 4164 ita
2070 4125 2161 4180 pe-

492 4231 501 4236 -
589 4202 674 4255 riti
705 4202 970 4266 erudiunt,
1000 4210 1056 4253 ut
1080 4216 1243 4270 eques
1273 4200 1508 4254 insidens
1538 4214 1603 4254 ex
1632 4200 1925 4271 composito
1951 4202 2163 4257 incessu

588 4294 887 4349 oblectetur
926 4311 939 4347 :
972 4294 1199 4347 animam
1250 4306 1377 4347 vero
1428 4291 1779 4361 incomposite
1831 4292 2164 4348 incedentem

595 4405 752 4444 nemo
781 4400 949 4455 curat,
982 4388 1073 4443 sed
1096 4388 1269 4442 exsilit
1295 4388 1402 4454 illa,
1432 4386 1692 4453 calcitrat,
1719 4385 1972 4441 deorsum
2002 4386 2169 4441 trahi-

598 4494 682 4538 tur
710 4492 767 4537 ut
793 4498 945 4552 puer,
979 4482 1227 4536 indecore
1258 4482 1453 4535 millies
1496 4480 1622 4551 agit,
1656 4495 1920 4549 nemoque
1949 4480 2049 4551 ipsi
2080 4496 2171 4535 ca-

601 4590 744 4629 muni
780 4573 945 4643 injicit
983 4581 1034 4626 et
1064 4573 1351 4627 retinacula
1398 4571 1611 4642 pedum,
1656 4574 1739 4627 vel
1790 4571 1958 4639 frena,
2002 4588 2169 4644 neque

602 4664 835 4718 admittit
867 4663 1215 4732 illaperitum
1259 4664 1514 4733 equitem,
1563 4662 1832 4717 Christum
1877 4664 2017 4719 dico.
2054 4664 2175 4719 Ideo

604 4756 781 4809 omnia
810 4769 900 4809 sus
928 4753 1097 4823 deque
1124 4755 1291 4823 posita
1316 4763 1459 4807 sunt.
1491 4753 1622 4807 Cum
1646 4754 1784 4809 enim
1807 4770 1967 4811 canes
1986 4755 2176 4812 doceas

2211 1808 2359 1863 chori
2393 1808 2677 1864 mulierum
2711 1807 3242 1877 iormosissimarum,
3285 1812 3401 1865 sive
3446 1827 3584 1866 nosze
3620 1812 3807 1867 adsint

2213 1910 2267 1955 et
2291 1915 2527 1964 coronae,
2556 1900 2670 1954 sive
2698 1916 2930 1970 sponsus
2960 1901 3247 1965 formosus,
3292 1902 3406 1957 sive
3433 1902 3663 1967 ancillae,
3690 1902 3809 1957 sive

2216 1992 2400 2046 amica:
2430 1999 2743 2061 cunctaaque
2769 1992 2981 2046 decora:
3010 1993 3135 2056 sint,
3185 1992 3227 2047 si
3279 1992 3367 2048 illa
3412 1993 3669 2047 deformis
3712 1993 3809 2060 sit,

2219 2082 2362 2137 nulla
2387 2082 2619 2147 utilitas;
2652 2092 2710 2137 ut
2738 2098 2913 2152 neque
2938 2083 3213 2151 damnum,
3245 2086 3289 2139 si
3313 2086 3401 2139 illa
3441 2084 3662 2155 pulchra
3695 2087 3766 2140 sit
3793 2101 3807 2149 ;

2221 2177 2329 2231 imo
2356 2186 2561 2231 contra.
2598 2175 2728 2231 Nam
2752 2178 2795 2231 si
2823 2176 3078 2232 deformis
3103 2180 3191 2243 sit,
3221 2196 3249 2233 a
3282 2179 3528 2235 formosis
3551 2179 3811 2245 laedetur;

2224 2268 2267 2322 si
2292 2267 2546 2335 formosa,
2578 2284 2606 2321 a
2634 2267 2964 2324 deformibus
3002 2270 3294 2339 juvabitur.
3324 2272 3415 2326 Sic
3443 2282 3497 2325 et
3526 2272 3730 2340 anima,
3764 2274 3816 2326 si

2229 2360 2443 2429 pulchra
2474 2360 2563 2427 sit,
2608 2376 2714 2414 non
2742 2360 2903 2415 modo
2929 2362 3076 2416 nullo
3122 2368 3309 2418 horum
3339 2378 3473 2433 Opus
3502 2362 3689 2431 habet,
3721 2362 3821 2418 sed

2229 2452 2389 2505 etiam
2423 2452 2509 2505 illa
2556 2452 2843 2507 obumbrat
2870 2453 3215 2522 pulchritudo
3243 2456 3379 2525 ejus.
3429 2455 3822 2524 Philosophum

2230 2542 2371 2596 enim
2404 2556 2513 2595 non
2557 2542 2635 2595 sic
2664 2543 2715 2595 in
2759 2542 2987 2609 divitiis,
3020 2555 3074 2597 ut
3106 2546 3158 2599 in
3188 2555 3499 2614 paupertate
3528 2546 3821 2615 fulgentem

2231 2632 2551 2688 videbimus.
2583 2633 2714 2688 Nam
2745 2635 2789 2690 si
2817 2635 2968 2689 dives
2994 2636 3084 2702 sit,
3116 2636 3264 2691 multi
3292 2638 3483 2705 opibus
3508 2637 3826 2691 adscribunt

2233 2725 2508 2791 virtutem,
2542 2735 2727 2795 utpote
2758 2728 2904 2781 nullo
2927 2737 3174 2798 egentem
3198 2746 3210 2780 ε
3239 2729 3285 2783 si
3316 2743 3446 2783 vero
3472 2729 3543 2783 sit
3572 2728 3751 2799 inops,
3770 2737 3829 2783 et

2238 2818 2459 2872 omnino
2482 2819 2783 2887 Splendeat,
2804 2835 2905 2875 nec
2926 2828 3077 2890 turpe
3094 2821 3363 2891 quidpiam
3382 2837 3541 2892 agere
3568 2830 3826 2892 cogatur;

2241 2926 2399 2966 nemo
2427 2927 2547 2966 cum
2574 2914 2667 2967 illo
2693 2914 2759 2968 de
2787 2913 3137 2984 philosophia:
3162 2929 3362 2969 corona
3387 2915 3684 2970 contendit.

2315 3006 2499 3060 Anima
2528 3006 2761 3059 ornanda
2789 3006 2905 3076 plus
2934 3022 3086 3074 quam
3112 3008 3217 3059 alia
3263 3007 3453 3061 omnia.
3488 3036 3559 3045 —
3580 3006 3833 3060 Animam

2244 3098 2404 3169 igitur
2430 3112 2705 3162 oruemus,
2735 3098 2778 3152 si
2805 3097 2996 3153 divites
3025 3111 3145 3153 esse
3171 3098 3419 3152 velimus.
3443 3097 3573 3166 Qua:
3603 3099 3832 3163 utilitas,

2250 3193 2294 3245 si
2325 3192 2482 3245 mulae
2511 3191 2645 3245 alba:
2676 3192 2802 3257 sint,
2838 3191 3060 3262 pingues
3090 3200 3143 3245 et
3166 3190 3364 3254 obesm,
3397 3198 3454 3245 tu
3480 3205 3610 3245 vero
3638 3190 3729 3261 qui
3751 3205 3838 3245 se-

2253 3284 2368 3349 des,
2399 3284 2634 3354 gracilis,
2665 3284 2941 3338 scabiosus
2965 3292 3019 3338 et
3042 3282 3334 3338 deformis?
3356 3282 3497 3353 quod
3526 3283 3759 3345 lucrum,
3790 3281 3838 3336 si

2257 3385 2420 3431 strata
2470 3374 2647 3429 mollia
2694 3384 2748 3429 et
2792 3375 3038 3445 pulchra,
3086 3376 3347 3430 varietate
3388 3384 3611 3443 arteque
3643 3375 3838 3444 plena;

2255 3468 2430 3522 anima
2459 3484 2587 3522 vero
2615 3468 2805 3539 pannis
2836 3468 3024 3523 laceris
3054 3468 3257 3527 induta.
3290 3467 3371 3523 vel
3401 3466 3539 3521 nuda
3579 3475 3634 3521 et
3663 3466 3845 3522 foeda?

2256 3559 2397 3630 quod
2437 3552 2664 3625 lucrum,
2712 3562 2755 3613 si
2802 3574 2973 3630 equus
2999 3561 3299 3629 composito
3327 3558 3493 3631 gradu
3526 3557 3756 3623 incedat,
3792 3568 3849 3614 et

2260 3653 2636 3724 tripudiantem
2663 3654 2831 3724 magis
2856 3654 3070 3720 referat,
3094 3670 3252 3724 quam
3270 3653 3627 3719 incedentem,
3652 3661 3707 3707 et
3726 3662 3850 3721 post

2260 3743 2565 3815 hujusmodi
2598 3744 2855 3800 choream
2885 3746 3120 3814 Sponsali
3163 3746 3232 3801 sit
3274 3752 3590 3799 ornamento
3618 3742 3851 3798 decora-

2264 3845 2378 3900 tus;
2402 3851 2566 3907 eques
2587 3852 2717 3891 vero
2750 3838 2869 3906 plus
2891 3852 3051 3906 quam
3078 3835 3301 3891 claudus
3335 3835 3618 3899 claudicet,
3647 3842 3704 3889 et
3730 3834 3855 3903 plus

2265 3944 2422 3999 quam
2449 3930 2692 3985 ebriosus
2711 3932 2831 3999 quis
2863 3929 3201 3999 furiosusque
3230 3929 3486 3984 distortus
3516 3928 3585 3983 sit
3606 3926 3857 3982 manibus

2268 4020 2619 4091 pedibusque.
2656 4021 2750 4074 Dic
2780 4020 2937 4087 mihi,
2966 4022 3012 4076 si
3041 4021 3162 4091 quis
3204 4020 3297 4075 tibi
3339 4020 3495 4075 daret
3522 4034 3717 4090 equum
3744 4019 3863 4088 pul-

2270 4113 2479 4179 chrum,
2509 4121 2563 4168 et
2600 4128 2796 4183 corpus
2826 4124 2973 4168 tuum
3024 4113 3404 4184 distorqueret,
3457 4128 3576 4182 qua:
3618 4110 3861 4166 utilitas?

2270 4204 2422 4261 Nunc
2447 4207 2680 4261 animam
2712 4205 2995 4261 distortam
3028 4204 3217 4271 habes,
3243 4206 3346 4259 'nec
3372 4218 3546 4259 curas.
3598 4203 3674 4258 De
3702 4202 3863 4259 nobis

2274 4297 2423 4369 ipsis,
2447 4314 2649 4369 quarso,
2682 4298 2897 4353 tandem
2920 4298 3141 4354 solliciti
3161 4302 3348 4352 simus.
3378 4296 3457 4352 Ne
3483 4310 3582 4351 nos
3610 4295 3866 4351 omnibus

2275 4393 2743 4463 ignominiosiores
2771 4392 3180 4448 constituamus.
3222 4390 3279 4446 Si
3305 4391 3425 4461 quis
3466 4404 3563 4445 nos
3606 4389 3868 4446 conviciis

2278 4486 2531 4550 incessat,
2563 4486 2874 4542 mordemur
2917 4486 3297 4557 dolemusque;
3341 4500 3461 4540 cum
3493 4498 3620 4539 vero
3659 4498 3758 4538 nos
3806 4498 3871 4539 re

2282 4582 2395 4652 ipsa
2421 4581 2754 4636 contumeliis
2777 4580 3059 4646 aflicimus,
3107 4595 3212 4635 non
3237 4579 3620 4635 convertimur.
3651 4574 3871 4645 Resipi—

2283 4688 2494 4728 scamus
2526 4674 2604 4727 vel
2634 4688 2755 4727 sero
2779 4672 3016 4741 tandem,
3044 4681 3103 4727 ut
3128 4672 3418 4743 possimus,
3447 4682 3727 4741 postquam
3751 4671 3877 4725 ani-

2285 4782 2427 4821 mam
2456 4767 2840 4833 curaverimus,
2892 4776 2946 4823 et
2994 4767 3247 4823 virtutem
3290 4766 3634 4829 coluerimus,
3667 4774 3877 4820 aeterna

609 4848 777 4902 ventri
810 4846 1091 4917 imperare,
1134 4855 1189 4899 et
1220 4846 1451 4899 furerent
1483 4845 1651 4900 leonis
1678 4845 1916 4910 edomes,
1956 4857 2008 4903 et
2038 4848 2181 4902 fero-

611 4938 746 4989 ciam
787 4937 926 5005 equi,
974 4946 1028 4991 et
1056 4936 1249 4991 doceas
1279 4950 1404 4990 aves
1437 4935 1578 5005 loqui
1615 4952 1629 4988 :
1670 4950 1848 4990 annon
1891 4937 2180 4991 absurdum

616 5026 776 5082 fuerit
805 5028 973 5081 brutis
1001 5030 1201 5083 naturis
1221 5029 1547 5083 rationabilia
1580 5044 1739 5098 opera
1782 5031 1984 5097 indere,
2017 5035 2067 5086 in
2095 5049 2184 5087 ra-

620 5117 889 5174 tionabilia
918 5133 1046 5172 vero
1085 5119 1524 5173 irrationabilium
1553 5120 1677 5173 vitia
1722 5121 2007 5178 inducere?
2032 5123 2185 5179 Nulla

622 5209 795 5273 nobis,
826 5208 969 5261 nulla
996 5217 1141 5264 certe
1167 5209 1321 5262 venia
1364 5219 1465 5262 est.
1496 5206 1693 5263 Omnes
1728 5212 1815 5278 qui
1846 5213 1979 5267 bene
2004 5224 2185 5283 agunt,

620 5310 725 5353 tam
760 5299 942 5355 fideles
982 5315 1139 5370 quam
1189 5299 1450 5366 infideles,
1482 5315 1578 5355 nos
1603 5303 1944 5357 accusabunt.
1973 5303 2104 5359 Nam
2137 5316 2191 5363 et

2286 4864 2537 4935 consequi
2568 4862 2727 4929 bona,
2773 4865 2944 4935 gratia
2976 4872 3029 4918 et
3075 4862 3401 4932 benignitate
3444 4861 3652 4917 Domini
3698 4862 3878 4918 nostri

2286 4952 2412 5011 Jesu
2438 4954 2659 5020 Christi,
2692 4960 2907 5027 quicum
2951 4955 3094 5027 Patri
3134 4964 3191 5010 et
3218 4954 3438 5025 Spiritui
3467 4964 3657 5009 sancto
3672 4954 3878 5025 gloria,

2291 5047 2594 5117 imperium,
2637 5049 2829 5114 honor,
2860 5062 3003 5104 nunc
3040 5057 3095 5104 et
3120 5062 3353 5118 semper,
3374 5056 3433 5103 et
3462 5048 3514 5102 in
3540 5046 3737 5102 saeui:
3768 5060 3877 5101 se-

2292 5139 2551 5199 culorum.
2576 5141 2766 5195 Amen.

612 5434 3899 5469 Ν

1919 5512 2261 5582 ΗΟΜΠᾸΑ
2304 5522 2571 5590 XXXV.

618 5652 749 5708 Car.
784 5651 866 5705 16.
914 5669 964 5705 v.
1014 5653 1099 5707 l3.
1152 5651 1246 5705 Die
1270 5661 1434 5705 autem
1462 5651 1780 5705 sabbatorum
1816 5656 2000 5723 egressi
2019 5675 2193 5714 sumus

696 5745 819 5797 urbe
846 5760 1011 5798 versus
1046 5746 1273 5813 ﬂuvium,
1305 5746 1389 5797 ubi
1428 5744 1615 5799 solebat
1660 5748 1821 5800 oratio
1853 5766 1957 5803 esse
1985 5766 2004 5804 :
2037 5763 2084 5806 et
2113 5770 2194 5806 se-

697 5842 864 5892 dentes
904 5839 1223 5908 loquebamur
1248 5839 1555 5899 mulieribus,
1586 5856 1697 5908 qua:
1722 5856 2070 5899 convenerant.
2105 5847 2191 5903 14.

700 5932 763 5985 Et
789 5932 1016 6000 qna'dam
1046 5934 1223 5989 mulier
1258 5935 1457 5989 nomine
1487 5932 1667 6004 Lydia,
1711 5941 2035 6009 purpuraria,
2068 5941 2192 5995 civi-

2370 5680 2488 5731 tatis
2538 5676 2960 5749 Tltyatirenorum
2981 5725 2997 5749 ,
3030 5684 3198 5737 colens
3242 5681 3424 5749 Deum,
3473 5686 3663 5740 audivit
3693 5702 3711 5739 :
3740 5690 3893 5757 cuius

2370 5770 2621 5828 Dominus
2648 5788 2734 5826 cor
2762 5777 2979 5843 aperuit,
3009 5785 3063 5829 ut
3088 5776 3364 5832 attendere!
3384 5778 3447 5833 iis
3465 5794 3582 5849 quis
3594 5780 3895 5835 dicebantur

2373 5884 2404 5919 α
2428 5866 2611 5924 Paulo.

2377 5956 2427 6010 1.
2463 5955 2659 6011 Paulus
2680 5956 2935 6027 judaizat.
2972 5953 3150 6028 Lydia:
3175 5957 3499 6032 philosOphia
3522 5969 3570 6015 et
3592 5957 3896 6024 humilitas.
