4082 6496
399 443 505 501 ²55
1178 450 1237 508 S.
1274 450 1555 515 JOANNIS
1585 452 2076 513 CHRYSOSTOMI
2112 453 2430 513 ARCHIEP.
2478 448 3028 512 CONSTANTINOP.
3728 447 3845 504 254

395 566 507 619 Καί
530 582 619 631 τις
641 562 795 635 γυνὴ
817 566 1059 638 ὀνόματι
1078 567 1286 635 Λυδία,
1316 571 1797 641 πορφυρόπωλις,
1819 573 2051 639 πόλεως

396 652 749 722 Θυατείρων,
800 656 1097 726 σεϐομένη
1154 659 1259 713 τὸν
1318 659 1485 726 Θεὸν,
1540 659 1809 730 ἤκουσεν
1831 679 1845 693 ο
1891 658 1967 734 ἧς
2016 665 2051 718 ό

391 745 604 814 Κύριος
657 740 924 816 διήνοιεε
962 746 1076 814 τὴν
1116 746 1367 816 καρδίαν
1404 749 1725 819 προσέχειν
1761 749 1887 816 τοῖς
1941 754 2048 805 λαο

389 832 708 901 λουμένοις
752 833 871 889 ὑπὸ
910 833 1016 889 τοῦ
1055 835 1318 890 Παύλου.
1360 834 1505 908 Ὀρα
1547 837 1609 889 τὸ
1633 836 1836 907 ἄτυςρον
1866 835 2048 891 πάλιν.

390 918 530 987 Γυνὴ
559 920 653 974 καὶ
680 920 910 993 ταπεινὴ
944 920 1102 993 αὕτη,
1134 922 1230 975 καὶ
1246 920 1402 993 δῆλον
1430 922 1538 977 ἀπὸ
1571 924 1666 995 τῆς
1684 924 1907 995 τέχνης·
1934 923 2050 978 ἀλλ’

386 1007 489 1077 ὅρα
522 1007 585 1061 τὸ
616 1008 903 1081 φιλόσοφον
935 1010 1123 1081 αὐτῆς.
1159 1009 1383 1083 Πρῶτον
1434 1013 1533 1083 μὲν
1568 1012 1673 1084 γάρ
1705 1012 1842 1084 αὐτῇ
1874 1012 2048 1085 ἐμαρ-

386 1098 587 1169 τύρησε
616 1096 791 1161 τοῦτο,
822 1097 881 1151 τὸ
912 1097 1163 1151 σέϐεσθαι
1200 1100 1293 1154 τὸν
1316 1099 1471 1169 Θεὸν,
1500 1100 1690 1154 ἔπειτα
1732 1101 1795 1153 τὸ
1825 1100 2047 1154 καλέσαι

384 1187 508 1249 τοὺς
528 1185 855 1249 ἀποστόλους
886 1187 1073 1259 αὑτήν.
1108 1188 1207 1254 Ὧς
1241 1188 1309 1243 δέ
1339 1189 1666 1257 ἐϐαπτίσθη
1696 1188 1850 1257 αὑτὴ
1889 1190 1984 1243 καὶ
2014 1192 2046 1243 ό

383 1270 546 1339 οἶκος
578 1274 789 1343 αὐτῆς,
827 1274 1207 1345 παρεκάλεσε
1232 1277 1527 1347 λέγουσα·
1570 1277 1775 1345 Κύριοι
1816 1294 1956 1345 μου,
1993 1278 2046 1329 εί

382 1361 690 1429 κεκρίκατέ
721 1379 801 1432 με
829 1364 1059 1433 πιστὴν
1096 1365 1176 1432 τῷ
1214 1366 1407 1435 Κυρίῳ
1455 1362 1627 1437 εἶναι,
1666 1365 2045 1432 εἰσελθόντες

378 1451 465 1517 εὶς
486 1449 593 1504 τὸν
628 1447 799 1505 οἶκόν
824 1470 945 1521 μου
981 1453 1243 1523 μείνατε.
1277 1453 1386 1507 Καὶ
1418 1452 1814 1522 παρεϐιάσατο
1864 1452 2040 1531 ἡμᾶς.

390 1536 487 1604 Ὠς
523 1538 591 1592 δὲ
616 1538 968 1609 ἐϐαπτίσθη,
1015 1542 1200 1611 φησὶν,
1238 1540 1392 1610 αὐτὴ
1439 1541 1537 1595 καὶ
1567 1543 1605 1609 ἠ
1639 1541 1796 1595 οίκία
1830 1541 2039 1611 αὐτῆς.

380 1625 577 1681 Σκόπει
596 1628 712 1691 πῶς
744 1627 989 1693 ἅπαντας
1013 1627 1198 1682 ἔπεισε
1218 1647 1231 1660 ·
1290 1626 1408 1684 εἶτα
1440 1629 1605 1700 βλέπε
1654 1629 1890 1695 σύνεσιν,
1926 1630 2041 1694 πῶς

376 1714 617 1769 δυσωπεῖ
661 1719 787 1780 τοὺς
839 1716 1190 1782 ἀποστόλους,
1241 1719 1413 1790 πόσης
1466 1720 1849 1792 ταπεινότητος
1882 1720 2039 1791 γέμει

374 1804 445 1857 τὰ
478 1805 717 1874 ῥήματα,
772 1804 947 1877 πόσης
996 1807 1209 1875 σοφίας.
1262 1810 1329 1861 El
1381 1808 1689 1877 κεκρίκατέ
1724 1826 1823 1879 με,
1883 1809 2036 1878 φησὶ,

373 1891 603 1958 πιστὴν
637 1890 717 1958 τῷ
757 1892 968 1960 Κυρίῳ.
995 1890 1165 1948 Ὁύδέν
1190 1896 1681 1967 ἐντρεπτικὼτερον
1699 1909 1747 1950 ι.
1780 1897 1913 1951 Τίνα
1938 1897 2039 1950 οὐκ

372 1979 437 2033 ἂν
469 1980 704 2051 ἐμάλαξε
738 1982 907 2036 ταῦτα
954 1982 1021 2036 τὰ
1068 1983 1324 2053 ρήματα;
1362 1985 1474 2038 Ούκ
1517 1986 1766 2053 ἠξίωσεν,
1805 1986 1867 2038 οὐ
1898 2001 2029 2054 παρ·

372 2069 628 2124 εκάλεσεν
673 2068 878 2133 ἁπλῶς,
934 2071 1033 2124 οὐκ
1076 2070 1254 2142 ἀφῆκε
1305 2070 1527 2143 κυρίους
1571 2068 1730 2135 εἷναι,
1776 2073 1911 2126 ἀλλὰ
1941 2075 2037 2128 καὶ

372 2153 645 2222 ἠνάγκασε
698 2152 972 2229 σφοδρῶςο
1010 2152 1167 2207 τοῦτο
1211 2156 1319 2225 γάρ
1366 2158 1479 2209 ἐστι
1506 2156 1589 2218 τὸ,
1633 2157 2037 2225 Παρεϐιάσατο

371 2248 553 2318 ἡμᾶς·
592 2249 856 2314 τουτέστι,
879 2251 1089 2315 τούτοις
1108 2253 1219 2315 τοίς
1249 2253 1505 2329 ῥήμασιν.
1526 2253 1669 2323 Ὅρα
1691 2252 1808 2318 πῶς
1836 2255 2036 2320 εὐθέως

373 2343 729 2410 καρποφορεῖ,
769 2340 864 2394 καί
897 2340 1087 2412 κέρδος
1118 2343 1328 2411 ἡγεῖται
1361 2340 1502 2410 μέγα
1540 2342 1636 2412 τὴν
1677 2342 1886 2414 κλῆσιν.
1915 2343 2034 2397 Ὀτι

372 2420 427 2474 δὲ
458 2424 653 2494 πιστὴν
680 2424 947 2494 ἐκρίνατε,
976 2424 1136 2494 δῆλον
1164 2425 1228 2476 ἐκ
1248 2422 1339 2475 τοῦ
1364 2423 1665 2494 ἐγχειρίσαι
1688 2442 1779 2495 μοι
1808 2427 2033 2481 τοιαῦτα

370 2507 662 2577 μυστήρια,
699 2507 798 2560 οὐκ
824 2506 890 2560 ἂν
930 2507 1349 2577 ἐγχειρίσαντες,
1381 2508 1429 2559 εί
1462 2507 1537 2577 μὴ
1592 2507 1846 2580 τοιαύτην
1875 2511 2028 2583 ἐκρί-

366 2619 513 2657 νατε.
550 2603 659 2657 Καὶ
703 2604 803 2657 οὐκ
849 2603 1111 2674 ἐτόλμησε
1167 2602 1273 2672 πρὸ
1304 2602 1491 2656 τούτου
1517 2603 1763 2670 καλέσαι,
1811 2605 1924 2660 ἀλλ’
1942 2608 2031 2660 ὅτε

366 2684 669 2757 ἐϐαπτίσθη
690 2703 704 2717 θ
755 2686 911 2756 δῆλον
952 2687 1199 2739 ἐντεῦθεν
1234 2687 1482 2751 ποιοῦσα,
1513 2688 1594 2741 ὅτι
1629 2688 1728 2741 οῦκ
1764 2690 1829 2743 ἂν
1857 2691 2031 2755 ἄλλως

367 2769 572 2823 ἔπεισε.
606 2771 705 2822 Διά
752 2770 806 2823 τί
852 2771 909 2824 δέ
953 2771 1051 2824 οὐκ
1088 2771 1367 2825 ἐϐούλοντο
1394 2773 1443 2824 οἱ
1486 2772 1615 2842 περὶ
1659 2774 1890 2833 Παῦλον,
1916 2774 2030 2827 ἀλλ’

366 2858 617 2911 ἀνένευον
656 2856 796 2911 ὥστε
846 2858 937 2911 καὶ
989 2857 1272 2927 βιασθῆναι
1313 2858 1549 2922 αὐτούς;
1605 2860 1761 2910 Ἤτοι
1816 2860 2029 2931 ἐκείνην

362 2944 751 3015 ἐκκαλούμενοι
786 2946 864 3009 είς
904 2942 1127 3017 μείζονα
1168 2944 1514 3016 προθυμίανο
1554 2945 1587 3016 ῆ
1641 2948 1829 3019 ἐπειδὴ
1874 2944 2027 3002 εἶπεν

361 3034 388 3086 6
434 3032 685 3104 Χριστὸς,
730 3034 834 3098 Είς
868 3030 949 3100 ἢν
979 3032 1055 3087 ἂν
1089 3032 1271 3086 πόλιν
1313 3032 1643 3099 εἰσέλθητε,
1705 3035 1799 3101 τίς
1859 3036 2029 3089 ἐστιν

361 3119 528 3186 ἄξιος
550 3119 905 3187 ἐρωτήσατε,
936 3120 1035 3173 καὶ
1085 3120 1212 3173 ἐκεῖ
1233 3122 1494 3189 μείνατε.
1536 3123 1697 3175 Ὥστε
1737 3124 1913 3177 πάντα
1960 3125 2027 3177 δι’

360 3208 673 3278 οἰκονομίαν
739 3208 972 3262 ἐποίουν.
1019 3209 1279 3278 Ἐγένετο
1309 3209 1378 3263 δέ
1411 3211 1831 3281 πορευομένων
1862 3213 2031 3283 ἡμῶν

360 3296 448 3362 εἰς
489 3295 857 3365 προσευχὴν,
897 3296 1230 3364 παιδίσκην
1288 3297 1422 3353 τινὰ
1472 3300 1743 3368 ἔχουσαν
1793 3302 2028 3372 πνεῦμα

360 3390 631 3455 πὺθωνος
657 3387 999 3459 ἀπαντῆσαι
1038 3389 1201 3458 ἡμῖν,
1260 3388 1392 3456 ἥτις
1449 3390 1738 3461 ἐργασίαν
1787 3393 2027 3461 πολλὴν

361 3475 601 3545 παρεῖχε
623 3476 745 3540 τοῖς
762 3476 987 3545 κυρίοις
1014 3476 1205 3545 αὐτῆς
1228 3479 1662 3547 μαντευομένη.
1697 3480 1861 3551 Αὕτη
1891 3498 2026 3534 κατ-

358 3564 831 3630 ακολουθήσασα
856 3562 933 3629 τῷ
948 3567 1164 3633 Παύλῳ
1184 3564 1282 3618 καί
1307 3566 1468 3635 ἡμῖν,
1491 3566 1693 3634 ἕκραζε
1716 3567 1985 3637 λέγουσα
2009 3585 2023 3603 ο

362 3652 535 3711 Οὗτοι
556 3658 607 3710 οί
630 3655 925 3725 ἄνθρωποι
952 3656 1159 3711 δοῦλοι
1179 3656 1286 3710 τοῦ
1323 3656 1469 3711 Θεοῦ
1493 3658 1597 3711 τοῦ
1628 3658 1922 3726 Ὑψίστου
1943 3662 2025 3714 εί-

358 3743 484 3808 σίν,
512 3744 727 3811 οἵτινες
753 3735 1267 3814 καταγγέλλουσιν
1280 3744 1426 3814 ημῖν
1455 3745 1598 3799 όδὸν
1617 3748 1934 3815 σωτηρίας.
1960 3748 2023 3800 Τί

358 3832 559 3902 δήποτε
578 3834 672 3885 καὶ
690 3836 718 3886 6
732 3833 937 3905 δαίμων
952 3832 1127 3886 ταῦτα
1155 3832 1573 3912 ἐφθέγγετομαζ
1598 3836 1627 3887 6
1645 3835 1857 3900 Παῦλος
1883 3836 2023 3890 ἐκώ-

360 3921 519 3986 λυσε;
556 3922 820 3986 Κάκεῖνος
847 3922 1168 3992 κακούργως
1212 3922 1406 3986 ἐποίει,
1450 3924 1541 3978 καὶ
1560 3920 1715 3989 οὗτος
1750 3927 1985 3990 συνετῶς
2006 3942 2020 3955 ⁸

357 4010 604 4064 ἐϐούλετο
658 4012 767 4084 γὰρ
816 4010 890 4083 μὴ
948 4012 1259 4076 αξιόπιστον
1302 4013 1463 4066 αὑτὸν
1504 4018 1676 4069 ποιεῖν
1709 4016 1759 4069 b.
1806 4016 1867 4069 Εί
1914 4016 2023 4087 γὰρ

356 4100 670 4172 προσήκατο
694 4100 856 4154 αὑτοῦ
895 4101 994 4170 τὴν
1036 4101 1340 4172 μαρτυρίαν
1376 4104 1404 4155 6
1440 4101 1669 4169 Παῦλος,
1706 4104 1934 4168 πολλοὺς
1956 4105 2024 4159 ἂν

358 4191 450 4242 καὶ
492 4190 599 4243 τῶν
638 4189 844 4244 πιστῶν
887 4189 1190 4261 ἠπάτησεν,
1239 4188 1335 4242 ἅτε
1390 4188 1481 4241 ὑπ’
1524 4189 1735 4244 ἐκείνου
1780 4192 2018 4263 δεχθείςο

354 4277 443 4332 διὰ
470 4278 625 4332 τοῦτο
683 4278 931 4349 ἀνέχεται
981 4278 1049 4330 τὰ
1078 4278 1199 4331 καθ’
1234 4278 1456 4340 έαυτοὺς
1504 4280 1696 4343 εἰπεῖν,
1731 4279 1817 4332 ἵνα
1850 4281 2022 4353 στήσῃ

354 4366 423 4416 τὰ
451 4364 588 4433 ὑπὲρ
622 4363 807 4425 αὑτοῦ,
837 4365 931 4416 καὶ
962 4364 1122 4427 αὐτὸς
1156 4364 1561 4433 συγκαταϐασει
1584 4366 1851 4437 κέχρηται
1884 4368 2021 4439 πρὸς

352 4452 452 4521 τὴν
467 4451 761 4505 ἀπώλειαν.
788 4452 862 4503 Τὸ
885 4451 982 4522 μὲν
1006 4446 1103 4503 οῦν-
1127 4451 1340 4521 πρῶτον
1369 4453 1429 4505 οὺ
1454 4455 1767 4525 προσήκατο
1789 4456 2017 4523 Παῦλος,

352 4539 486 4593 ἀλλά
540 4539 846 4601 διέπτυσεν,
904 4540 966 4592 ού
1013 4539 1336 4610 βουλόμενος
1410 4542 1601 4594 ἐαυτὸν
1675 4546 2020 4615 ἐπιρῤίπτειν

352 4624 537 4688 ἁπλῶς
574 4627 686 4687 τοῖς
721 4623 999 4694 σημείοις⁸
1035 4624 1110 4686 ὡς
1138 4623 1193 4675 δὲ
1229 4624 1457 4693 ἐπέμενε
1505 4623 1662 4678 τοῦτο
1700 4626 1869 4680 ποιῶν
1928 4630 2021 4682 ἐπὶ

355 4711 548 4773 πολλὰς
579 4713 806 4784 ἡμέρας,
837 4712 1018 4764 καὶτὸ
1051 4712 1211 4781 ἔργον
1238 4711 1468 4775 ἐδείκνυ,
1501 4710 1675 4770 Οὗτοι
1704 4717 1758 4768 οί
1800 4716 2020 4785 ἄνθρω-

353 4817 475 4867 ποι,
492 4804 681 4872 λέγων,
701 4805 907 4858 δοῦλοι
930 4804 1032 4858 τοῦ
1059 4803 1207 4858 Θεοῦ
1235 4804 1647 4874 τοῦὝψ-ίστου
1673 4808 1852 4875 εἰσιν,
1887 4811 2021 4865 οἵτι-

353 4909 455 4955 νες
480 4892 995 4960 καταγγέλλουσιν
1020 4893 1164 4961 ἡμῖν
1191 4892 1336 4947 όδόν
1382 4898 1677 4963 σωτηρίας
1700 4913 1712 4925 ·
1752 4898 1871 4951 τότε
1899 4900 2021 4953 ἐκέ-

352 4976 541 5029 λευσεν
564 4974 711 5045 αὑτῷ
744 4975 998 5038 ἐξελθεῖν.
1035 4977 1415 5043 Διαπσνηθεὶς
1442 4978 1509 5031 δὲ
1547 4982 1577 5032 ό
1619 4981 1878 5048 Παῦλος,
1920 4985 2019 5037 καί

352 5063 741 5130 ἐπιστρέψας,
793 5062 873 5127 τῷ
916 5064 1205 5131 πνεύματι
1242 5060 1409 5117 εἷπε·
1471 5068 1868 5137 Παραγγέλλω
1918 5087 2017 5124 σοι

351 5154 419 5205 ἐν
485 5153 725 5220 ὀνόματι
766 5151 959 5217 Ἰησοῦ
1022 5152 1298 5218 Χριστοῦ,
1338 5152 1607 5216 ἐξελθεῖν
1655 5157 1755 5209 ἀπ’
1804 5160 2014 5226 αὐτῆς.

354 5240 461 5293 Καὶ
499 5239 758 5308 ἐξῆλθεν
813 5238 967 5307 αὐτῇ
1005 5238 1078 5307 τῇ
1115 5238 1253 5307 ὥρᾳ.
1301 5240 1556 5306 Ἰδόντες
1605 5241 1672 5295 δὲ
1720 5247 1773 5297 οι
1829 5248 2015 5313 κύριοι

354 5329 561 5395 αὐτῆς,
596 5329 685 5383 ὅτι
722 5328 980 5397 ἐξῆλθεν
1016 5331 1054 5397 νὴ
1102 5328 1277 5394 ἐλπίς
1315 5330 1595 5398 ἐργασίας
1639 5332 1855 5399 αὐτῶν,
1894 5336 2017 5389 ἐπι-

353 5418 663 5485 λαϐόμενοι
694 5418 801 5471 τὸν
839 5418 1084 5471 Παῦλον
1116 5417 1213 5469 καί
1251 5416 1353 5468 τὸν
1379 5420 1585 5482 Σίλαν,
1610 5422 1905 5475 εἵλκυσαν
1930 5427 2016 5491 εἰς

354 5509 465 5572 τὴν
501 5504 648 5577 [270}
674 5506 895 5575 ἀγορὰν
924 5507 1022 5560 ἐπί
1054 5505 1193 5569 τοὺς
1221 5503 1537 5574 ἄρχοντας.
1592 5509 1687 5563 καὶ
1714 5527 2018 5584 προσαγα-

353 5598 558 5661 γόντες
621 5597 839 5661 αὐτοὺς
889 5595 1015 5661 τοῖς
1071 5595 1443 5661 στρατηγοῖς,
1486 5593 1694 5650 εἶπονο
1750 5599 1922 5657 Οὗτοι
1963 5609 2016 5657 οι

353 5683 647 5749 ἅνθρωποι
678 5683 1161 5751 ἐκταράσσουσιν
1180 5684 1347 5752 ἡμῶν
1377 5686 1490 5751 τὴν
1510 5690 1709 5751 πόλιν,
1743 5690 2017 5745 Ἰουδαῖοι

352 5770 743 5838 ὑπάρχοντες,
808 5773 902 5824 καὶ
955 5772 1467 5840 καταγγέλλουσιν
1508 5776 1633 5843 ἔθη,
1680 5777 1718 5830 ἃ
1764 5782 1875 5832 οὐκ
1914 5781 2013 5844 ἕξ·-

352 5894 522 5933 εστιν
543 5878 685 5945 ἡμῖν
748 5878 1187 5949 παραδέχεσθαι
1249 5881 1388 5933 οὐδὲ
1460 5884 1652 5936 ποιεῖν
1711 5886 2014 5955 Ῥωμαίοις

354 5962 512 6021 οὖσι.
543 5968 817 6037 Πανταχοῦ
860 5968 926 6021 τὰ
966 5972 1220 6039 χρήματα
1248 5972 1395 6024 αἴτια
1443 5974 1549 6025 τῶν
1587 5976 1787 6029 κακῶν.
1818 5981 1880 6031 ’Ὠ
1918 5980 2013 6048 τῆς

417 6073 439 6099 ⁸
471 6072 659 6147 Μοτει..
702 6074 1007 6143 ἐντρεπτικον,
1057 6082 1198 6123 male.
1274 6076 1407 6127 δΛιὶι
1434 6079 1652 6127 ἐϐούλετο
1684 6082 1845 6130 λοιπὸν
1889 6085 2010 6138 alim}

354 6150 517 6182 ἰιστον
555 6151 716 6182 εαυτον
742 6152 904 6185 ποιειν.

2153 571 2431 642 ὠμότητος
2459 570 2557 643 τῆς
2585 567 2936 641 Ἐλληνικῆςι
2979 564 3258 620 ἐϐούλοντο
3300 564 3563 636 δαιμονᾷν
3587 563 3646 619 τὸ
3671 564 3847 635 κορά-

2155 677 2288 723 σιον,
2341 659 2483 712 ὥστε
2539 657 2994 730 χρηματίζεσθαι.
3037 654 3502 722 Ἐπιλαϐόμενοι,
3535 653 3692 725 φησὶ,
3726 653 3847 706 τὸν

2153 746 2395 802 Παῦλον
2432 748 2529 801 καὶ
2564 745 2670 801 τὸν
2702 747 2913 812 Σίλαν,
2947 744 3195 809 ἔλεγονο
3231 737 3407 797 οὗτοι
3453 744 3507 795 οὶ
3533 739 3842 810 ἄνθρωποι

2149 836 2638 904 ἐκταράσσουσιν
2663 832 2833 903 ἡμῶν
2855 833 2971 901 τὴν
2992 832 3192 886 πόλιν.
3236 829 3301 883 Τί
3338 831 3696 899 ποιήσαντες;
3741 828 3839 882 διὰ

2148 923 2198 975 τί
2247 920 2339 978 οὖν
2389 923 2463 995 μὴ
2516 924 2623 995 πρὸ
2678 921 2870 976 τούτου
2926 918 3252 985 είλκύσατε;
3281 917 3577 981 Ἰουδαῖοι,
3640 916 3835 987 φησὶν.

2148 1011 2521 1082 ὑπάρχοντες
2542 1031 2555 1044 ·
2610 1010 2753 1065 οὕτω
2784 1010 2846 1063 τὸ
2877 1010 3048 1079 ὄνομα
3088 1006 3419 1077 διεϐέϐλητο.
3469 1006 3581 1061 Καὶ
3614 1022 3839 1074 κατατε-

2147 1101 2477 1169 τέλλουσιν
2527 1102 2654 1169 ἐθη,
2692 1100 2733 1153 d
2782 1101 2893 1153 οὐκ
2924 1097 3168 1162 ἔξεστιν
3196 1095 3341 1166 ἡμῖν
3383 1092 3836 1163 παραδέχεσθαι

2146 1189 2289 1243 οὐδὲ
2316 1190 2507 1243 ποιεῖν
2539 1189 2835 1258 Ῥωμαίοις
2857 1184 3056 1242 οὖσιν.
3083 1186 3178 1248 Εἰς
3226 1184 3556 1239 καθοσίωσιν
3579 1184 3641 1237 τὸ
3676 1184 3834 1253 πρᾶ-

2144 1296 2262 1350 γμα
2296 1280 2519 1351 ήγαγον.
2570 1280 2681 1333 Καὶ
2735 1275 3086 1344 συνεπέστη
3121 1278 3155 1330 ὁ
3207 1273 3394 1345 ὄχλος
3439 1274 3565 1327 κατ’
3602 1270 3825 1327 αὐτῶν.

2150 1368 2214 1421 Ὢ
2256 1369 2355 1438 τῆς
2386 1368 2642 1437 ἀλογίαςι
2686 1367 2786 1420 οὐκ
2816 1366 3110 1435 ἐξήτασαν,
3165 1365 3227 1417 οὑ
3265 1363 3575 1435 μετέδωκαν
3633 1361 3827 1430 λόγου*

2143 1456 2321 1511 καίτοι
2348 1458 2590 1510 τοιούτου
2622 1454 2898 1524 θαύματος
2926 1452 3220 1522 γενομένου
3259 1452 3379 1506 δέον
3422 1451 3827 1523 προσκυνῆσαι,

2141 1547 2260 1601 δέον
2296 1547 2369 1611 ὠς
2417 1547 2670 1618 σωτῆρας
2696 1545 2792 1599 καὶ
2820 1544 3115 1614 εὐεργέτας
3140 1541 3307 1613 ἔχειν.
3338 1542 3402 1594 Et
3428 1542 3540 1612 γὰρ
3562 1542 3830 1611 χρήματα

2141 1635 2446 1701 ἐϐούλεσθε,
2478 1635 2565 1689 διὰ
2606 1634 2661 1688 τί
2709 1632 2952 1687 τοιοῦτον
2998 1632 3227 1685 πλοῦτον
3258 1629 3528 1701 εὑρόντες,
3568 1629 3644 1698 μὴ
3694 1631 3829 1681 ἐπε-

2139 1723 2411 1795 δράμετε;
2440 1725 2611 1778 Τοῦτο
2639 1720 3057 1794 λαμπροτέρους
3073 1721 3235 1784 ποιεῖ,
3258 1718 3318 1771 τὸ
3346 1716 3606 1771 δύνασθαι
3634 1715 3829 1784 δαίμο-

2140 1831 2237 1877 νας
2269 1814 2614 1877 ἀπελαύνειν,
2664 1813 2697 1884 ἢ
2754 1812 2816 1865 τὸ
2861 1812 3045 1876 αὐτοῖς
3074 1809 3377 1864 πείθεσθαι.
3414 1807 3543 1861 Ἰδοὺ
3580 1809 3679 1861 καὶ
3724 1823 3828 1875 ση-

2142 1903 2287 1972 μεῖα,
2312 1901 2404 1954 καὶ
2437 1900 2893 1971 ἡφιλοχρηματία
2922 1899 3082 1952 πλέον
3106 1898 3312 1968 ἴσχυσε.
3337 1897 3447 1951 Καὶ
3475 1898 3530 1949 οἱ
3562 1913 3826 1963 στρατη-

2137 1989 2251 2059 νοι,
2276 1987 2735 2057 περιρρήξαντες
2750 1989 2824 2042 τὰ
2846 1986 3044 2056 ἱμάτια
3067 1986 3285 2051 αὐτῶν,
3310 1985 3598 2039 ἐκέλευον
3616 1982 3827 2051 ῥαϐδί-

2138 2075 2285 2137 ζειν·
2336 2075 2569 2142 πολλάς
2615 2092 2681 2130 τε
2722 2075 3028 2140 ἐπιθέντες
3070 2074 3276 2141 αὐτοῖς
3302 2071 3561 2142 πληγὰς,
3595 2071 3825 2125 ἔϐαλον

2134 2163 2222 2226 είς
2294 2160 2580 2229 φυλακὴν
2604 2198 2619 2222 ,
2688 2159 3199 2229 παραγγείλαντες
3266 2156 3345 2222 τῷ
3399 2156 3822 2225 δεσμοφύλακι

2134 2246 2426 2318 ἀσφαλῶς
2457 2247 2659 2315 τηρεῖν
2695 2248 2937 2312 αὐτούς.
2990 2246 3049 2301 Ὀ
3097 2246 3195 2317 μὲν
3245 2244 3338 2299 οὖν
3367 2244 3576 2309 Παῦλος
3605 2243 3669 2296 τὸ
3709 2245 3821 2295 πᾶν

2134 2338 2443 2408 εἰργάσατο,
2475 2338 2567 2391 καὶ
2600 2336 2669 2391 τὰ
2702 2329 2955 2408 θαύματα
3006 2336 3100 2390 καὶ
3123 2335 3223 2405 τὴν
3263 2334 3610 2388 διδασκαλίαν
3632 2350 3646 2362 ο
3706 2332 3821 2385 τῶν

2130 2427 2185 2479 δὲ
2220 2425 2478 2479 κινδύνων
2499 2426 2593 2479 καὶ
2615 2428 2643 2478 6
2677 2426 2837 2489 Σίλας
2868 2427 3134 2479 κοινωνεῖ.
3163 2424 3228 2476 Τί
3257 2424 3394 2484 ἐστι,
3427 2421 3821 2490 Διαπονηθεὶς

2130 2509 2198 2561 δὲ
2235 2512 2268 2564 ό
2304 2509 2579 2574 Παῦλος;
2618 2509 2730 2581 Τὴν
2764 2508 3118 2578 κακουργίαν,
3152 2506 3338 2576 φησὶν,
3375 2504 3498 2557 ίδὼν
3545 2504 3641 2557 τοῦ
3696 2503 3818 2557 δαί-

2134 2613 2311 2667 μονος,
2342 2596 2523 2661 καθὼς
2557 2596 2720 2660 αὐτὸς
2758 2596 2989 2666 ἀλλαχοῦ
3030 2608 3056 2635 ιι
3087 2595 3235 2663 λέγει
3258 2611 3270 2623 ·
3333 2595 3416 2646 Οὐ
3460 2593 3572 2661 γὰρ
3625 2592 3820 2645 αὑτοῦ

2130 2684 2201 2738 τὰ
2238 2684 2509 2754 νοήματα
2552 2684 2910 2755 ἀγνοοῦμεν.
2954 2683 3055 2736 Διά
3106 2684 3161 2736 τί
3213 2682 3287 2754 μὴ
3346 2677 3522 2746 εἷπον,
3578 2681 3661 2733 ὅτι
3712 2680 3820 2733 Τὸν

2128 2772 2360 2843 δαίμονα
2385 2772 2658 2836 ἐξέϐαλον,
2691 2773 2773 2825 ὅτι
2797 2774 2876 2835 είς
2913 2770 3044 2824 Θεὸν
3076 2770 3375 2841 ἠσέϐησαν,
3412 2768 3525 2822 ἀλλ’
3550 2768 3645 2822 ἐπὶ
3682 2767 3818 2821 καθα

2127 2861 2345 2913 οσίωσιν
2360 2862 2674 2932 τρέπονται;
2700 2854 2879 2913 Ἦττα
2904 2860 3087 2922 αὐτοῖς
3107 2858 3265 2911 τοῦτο
3291 2853 3378 2927 ἦν.
3403 2856 3559 2911 Οὕτω
3595 2856 3692 2909 καὶ
3722 2857 3816 2908 ἐπὶ

2126 2948 2219 3000 τοῦ
2232 2948 2467 3019 Χριστοῦ
2482 2949 2685 3017 ἔλεγον·
2696 2949 2818 3001 Οὐκ
2833 2949 2863 3001 έ
2866 2964 3051 3016 χομεν
3057 2945 3347 3010 βασιλέα,
3360 2944 3505 3013 εἰμὴ
3518 2944 3812 3012 Καίσαρα.

2127 3037 2253 3102 Πᾶς
2289 3040 2322 3091 ό
2360 3037 2578 3091 ἑαυτὸν
2624 3036 2813 3089 ποιῶν
2843 3035 3135 3100 βασιλέα,
3187 3032 3486 3102 ἀντιλέγει
3534 3031 3615 3097 τῷ
3676 3033 3816 3085 Καί-

2126 3142 2285 3193 σαρι.
2308 3127 2417 3180 Καὶ
2446 3126 2666 3179 ἔϐαλον
2696 3124 2937 3191 αὐτοὺς,
2967 3124 3152 3193 φησὶν,
3182 3124 3268 3188 είς
3300 3120 3609 3191 φυλακήν.
3638 3119 3815 3181 Πολὺς

2125 3215 2154 3265 6
2186 3214 2375 3284 θυμός.
2408 3216 2513 3279 ’⁸ος
2542 3214 2950 3283 παραγγελίαν
2976 3212 3259 3278 τοιαύτην
3282 3208 3569 3278 είληςεὼς,
3597 3208 3816 3261 ἔϐαλεν

2125 3302 2347 3368 αὐτοὺς
2369 3304 2455 3367 εις
2496 3302 2609 3369 τὴν
2642 3303 2945 3371 ἐσωτέραν
2972 3300 3278 3370 φυλακὴν,
3311 3300 3408 3352 καί
3442 3298 3580 3363 τοὺς
3621 3297 3812 3363 πόδας

2125 3388 2325 3444 αὐτῶν
2357 3391 2742 3459 ἠσφαλίσατο
2769 3392 2855 3455 εὶς
2891 3390 2957 3442 τὸ
2995 3390 3208 3452 ξύλον.
3236 3388 3398 3458 Ὅρα,
3429 3388 3682 3449 κάκεῖνος
3706 3386 3814 3439 πά-

2125 3477 2208 3531 λιν
2238 3480 2315 3543 εἰς
2336 3478 2433 3548 τὴν
2456 3478 2727 3549 ἐσωτέραν
2758 3478 3005 3549 φυλακὴν
3038 3478 3237 3541 αὐτοὺς
3259 3475 3502 3537 ἐνέϐαλε,
3534 3474 3629 3528 καὶ
3654 3474 3814 3528 τοῦτο

2125 3564 2503 3635 οἰκονομικῶς.
2532 3566 2748 3637 Ἐπειδὴ
2775 3566 2885 3637 γὰρ
2914 3565 3101 3635 θαῦμα
3131 3565 3322 3635 ἔμελλε
3364 3564 3615 3633 γίνεσθαι
3642 3562 3811 3633 μέγα,

2125 3654 2426 3724 ἐπιτήδειος
2454 3656 2481 3707 6
2513 3654 2673 3717 τόπος
2702 3655 2839 3725 πρὸς
2859 3654 2957 3725 τὴν
2992 3654 3255 3726 ἀκρόασιν
3278 3656 3304 3707 6
3334 3654 3439 3718 ἔξω
3469 3654 3568 3723 τῆς
3603 3652 3816 3715 πόλεως

2124 3741 2388 3812 κρίνεται,
2420 3742 2744 3814 πειρασμῶν
2770 3742 3195 3811 ἀπηλλαγμένος
3230 3742 3322 3795 καὶ
3355 3741 3639 3794 κινδύνων.
3668 3743 3815 3813 Ὅρα

2125 3828 2239 3893 πῶς
2262 3830 2361 3882 οῦκ
2394 3830 2709 3900 αἰσχύνεται
2740 3828 2811 3882 τὰ
2860 3829 3267 3899 ἐπιτηδεύματα
3297 3829 3623 3893 καταλέγειν
3656 3830 3684 3881 6
3712 3829 3813 3899 τὴν

2126 3919 2368 3989 ἱστορίαν
2399 3920 2644 3989 γράφων.
2687 3920 2813 3971 "At:
2865 3918 2931 3988 δὴ
2984 3920 3079 3970 καὶ
3133 3918 3332 3987 ἀργίας
3380 3916 3566 3988 οὔσης,
3608 3916 3813 3987 μᾶλλον

2125 4007 2413 4075 προσεῖχον
2443 4009 2555 4067 τοῖς
2582 4005 2897 4073 λεγομένοις
2922 4020 2936 4035 ⁶
2989 4004 3082 4057 κα)⁸
3111 4004 3233 4057 οὐδὲ
3274 4006 3307 4075 ἡ
3338 4004 3491 4067 πόλις
3537 4002 3676 4073 αῦτη
3711 4021 3814 4074 με·

2123 4092 2263 4163 γάλη
2292 4095 2323 4164 ἡ
2349 4094 2458 4146 τῶν
2485 4093 2881 4163 Φιλιππησίων.
2920 4092 3104 4146 Ταῦτα
3122 4092 3187 4162 δὴ
3214 4092 3478 4160 μαθόντες
3500 4095 3592 4147 καὶ
3618 4094 3810 4163 ἡμεῖς,

2125 4182 2325 4253 μηδένα
2380 4180 2857 4253 ἐπαισχυνώμεθα.
2911 4172 3072 4252 Παρὰ
3137 4179 3329 4252 βυρσεῖ
3364 4182 3515 4251 μένει
3569 4182 3809 4252 Πέτρος,

2123 4269 2275 4339 παρά
2328 4269 2773 4341 πορφυροπώλιδι
2833 4268 3047 4333 Παῦλος
3071 4267 3121 4323 ἀ.
3183 4270 3293 4322 Ποῦ
3328 4272 3356 4323 ὁ
3411 4274 3612 4339 τῦφος;
3660 4274 3807 4342 Ἀρι

2119 4356 2213 4411 τοῦ
2247 4357 2382 4411 Θεοῦ
2410 4358 2662 4428 δεόμεθα,
2685 4357 2825 4411 ὥστε
2874 4357 3083 4422 ἁνοίξαι
3120 4358 3375 4428 καρδίαν·
3406 4360 3434 4411 6
3460 4358 3591 4422 Θεὸς
3622 4358 3678 4412 δέ
3706 4361 3809 4412 ἀν-

2118 4445 2256 4514 οίγει
2294 4445 2517 4518 καρδίας
2537 4444 2633 4509 τὰς
2666 4445 3024 4516 βουλομέναςο
3055 4445 3170 4500 ἐστι
3200 4446 3309 4518 γὰρ
3334 4448 3431 4500 καὶ
3460 4448 3809 4517 πεπηρωμέ-

2120 4552 2214 4597 νας
2260 4534 2405 4589 ἰδεῖν.
2444 4534 2582 4587 Ἀλλ’
2624 4534 2820 4605 ἴδωμεν
2875 4535 3083 4589 ἄνωθεν
3138 4536 3208 4588 τα
3253 4536 3537 4606 εἰρημένα.
3602 4536 3804 4603 Γυνὴ,

2120 4622 2274 4693 φησὶ,
2325 4622 2800 4691 πορφυρόπωλις,
2835 4618 2910 4693 ἧς
2941 4627 2973 4678 ό
3011 4623 3227 4691 Κύριος
3278 4622 3483 4690 ἤνοιξε
3512 4622 3626 4689 τὴν
3655 4640 3807 4691 καρ-

2120 4712 2277 4779 δίαν,
2292 4712 2611 4779 προσέχειν
2628 4710 2750 4776 τοῑς
2764 4714 3164 4781 λαλουμένοις
3181 4711 3298 4766 ὐπὸ
3316 4710 3422 4765 τοῦ
3439 4713 3706 4764 Παύλου.
3728 4713 3806 4766 Τὸ

2124 4801 2221 4869 μὲν
2245 4795 2337 4853 οὖν
2366 4800 2594 4863 ἀνοῖξαι,
2628 4799 2721 4852 τοῦ
2743 4798 2899 4852 Θεοῦ·
2926 4801 2986 4851 τὸ
3008 4799 3062 4852 δὲ
3096 4799 3405 4870 προσέχειν,
3430 4798 3598 4870 αὐτῆς
3616 4819 3627 4829 ·
3655 4798 3805 4855 ὥστε

2123 4888 2215 4940 καὶ
2243 4887 2383 4940 θεῖον
2418 4887 2509 4940 καὶ
2538 4887 2877 4958 ἀνθρώπινον
2912 4883 2999 4958 ἦν.
3036 4886 3187 4959 [2H]
3216 4888 3313 4955 Ὠς
3343 4887 3411 4941 δὲ
3444 4888 3817 4956 ἐϐαπτίσθη,

2121 4974 2273 5044 φησὶ,
2301 4976 2677 5041 παρεκάλεσε
2703 4976 3003 5045 λέγουσαο
3037 4977 3105 5028 Εί
3144 4975 3459 5044 κεκρίκατέ
3500 4993 3597 5044 με.
3634 4977 3805 5045 Ὅρα,

2120 5064 2215 5115 καὶ
2245 5062 2378 5131 βαπη
2416 5062 2585 5127 ζεται,
2620 5064 2715 5116 καὶ
2733 5063 2944 5133 δέχεται
2974 5064 3097 5127 τοὺς
3127 5064 3461 5126 ἀποστόλους
3494 5066 3632 5132 μετὰ
3671 5081 3802 5117 τοσ-

2119 5150 2287 5221 αύτης
2321 5153 2617 5223 ἱκετηρίας,
2654 5154 2792 5221 μετά
2822 5152 3061 5214 πλείονος
3100 5152 3133 5222 ἢ
3176 5152 3204 5205 6
3252 5150 3526 5221 Ἀϐραάμ.
3562 5153 3671 5204 Καὶ
3698 5154 3800 5206 οῦκ

2120 5236 2269 5293 εἶπεν
2300 5242 2447 5295 οὐδὲν
2475 5242 2602 5294 ἄλλο
2638 5242 2950 5311 τεκμήριον,
2975 5240 3089 5294 ἀλλ’
3109 5242 3309 5303 ἐκεῖνο,
3344 5240 3437 5310 ἀφ’
3469 5234 3529 5294 οὗ
3568 5240 3751 5313 ἐσώθη
3780 5262 3797 5277 ·

2119 5330 2216 5382 οῦκ
2244 5326 2417 5395 εἶπεν,
2459 5333 2507 5383 εἰ
2543 5330 2785 5401 μεγάλην
2833 5333 3090 5398 γυναῖκα,
3152 5330 3201 5382 εἰ
3246 5328 3451 5400 εὐλαϐῆ
3496 5330 3804 5401 κεκρίκατέ

2122 5434 2215 5489 με’
2259 5419 2392 5471 ἀλλὰ
2420 5418 2503 5482 τί;
2538 5419 2769 5486 Πιστίιν
2792 5419 2873 5483 τῷ
2899 5421 3123 5485 Κυρίῳο
3168 5420 3218 5471 εί
3254 5418 3329 5490 τῷ
3358 5420 3570 5492 Κυρίῳ,
3614 5421 3803 5493 πολλῷ

2121 5507 2317 5579 μᾶλλον
2357 5509 2505 5577 ὑμῖν,
2557 5510 2603 5560 εἰ
2640 5508 2714 5578 μὴ
2751 5507 3166 5577 ἀμφισϐητεῖτε.
3201 5509 3311 5561 Καὶ
3344 5511 3445 5563 οῦκ
3478 5507 3621 5574 εἷπε,
3657 5512 3803 5584 Παρ*

2118 5599 2258 5667 ἐμοὶ,
2291 5598 2401 5649 ἀλλ’
2440 5600 2541 5660 Εἰς
2580 5597 2683 5649 τὸν
2720 5592 2890 5648 οἶκόν
2920 5614 3038 5665 μου
3072 5597 3340 5665 μείνατε,
3397 5598 3540 5652 ὥστε
3600 5600 3799 5667 δεῖξαι,

2122 5687 2196 5738 ὅτι
2228 5686 2363 5754 μετά
2393 5685 2591 5754 πολλῆς
2613 5684 2773 5737 τοῦτο
2798 5684 2970 5736 ἐποίει
3008 5684 3339 5755 προθυμίας.
3367 5688 3576 5749 Ὄντως
3627 5690 3799 5760 πιστὴ

2115 5776 2145 5842 ἡ
2187 5776 2343 5843 γυνή,
2394 5774 2523 5825 Εἰπὲ
2552 5774 2611 5844 δή
2649 5792 2759 5843 μοι,
2806 5773 2885 5836 τίς
2914 5767 3067 5836 οὗτός
3117 5774 3265 5825 ἐστιν
3296 5777 3323 5827 ὁ
3355 5775 3603 5845 δαίμων;
3637 5778 3797 5842 Θεὸς,

2116 5868 2267 5935 φησὶ,
2315 5865 2524 5919 πύθων·
2578 5867 2683 5918 ἀπὸ
2715 5865 2809 5918 τοῦ
2844 5866 3008 5917 τόπου
3038 5864 3179 5918 οῦτω
3208 5865 3445 5933 λέγεται.
3504 5868 3685 5939 Ὁρᾷς,
3713 5870 3799 5924 ὅτι

2181 6096 2201 6122 ι
2243 6082 2477 6193 ’,ἴῖ)αχοῦ
2502 6085 2639 6134 νΙυεεὶ
2666 6085 2712 6135 in
2742 6097 2854 6137 uno.
2924 6084 2951 6123 δ
2992 6084 3122 6135 [dem
3164 6087 3547 6150 πορτυροπιέιλιδι
3580 6091 3661 6135 καὶ
3690 6093 3797 6147 ξένη

2181 6164 2244 6193 νει
2323 6158 2482 6193 αυλοζ.

2118 6164 2244 6211 μένει
2277 6158 2482 6203 Hau/0;.

4070 706 4077 747 1
