4082 6504
170 479 276 535 253

170 622 219 638 -ρ
269 589 410 648 Vide
438 605 629 647 rursus
655 588 875 645 Paulum
893 586 1280 660 judaisautem,
1307 592 1363 640 et
1397 597 1427 638 a
1454 592 1697 652 tempore
1726 587 1781 634 et

172 701 200 738 a
228 686 369 740 loco.
410 682 514 739 Ubi
540 683 835 755 putabatur,
865 680 1057 750 inquit,
1081 678 1245 733 oratio
1271 692 1397 731 esse.
1424 674 1609 745 Neque
1633 672 1778 727 enim

174 785 380 830 tantum
406 774 501 830 ubi
540 788 808 846 synagoga
845 782 983 838 erat,
1013 770 1108 826 sed
1133 770 1295 824 etiam
1328 767 1458 823 foris
1486 764 1781 837 precaban-

174 878 257 923 tur
286 887 302 923 :
334 868 493 938 quasi
518 867 693 921 locum
722 864 1031 936 quempiam
1070 865 1427 933 assignantes,
1459 858 1583 930 quia
1606 856 1780 914 Judaei

172 959 476 1015 crassiores
499 967 672 1013 erant.
701 956 796 1012 Die
824 968 991 1011 autem
1019 954 1363 1017 sabbatorum,
1392 950 1608 1022 quando
1634 954 1780 1005 vet-i-

172 1052 343 1107 simile
373 1059 498 1107 erat
527 1051 735 1106 turbam
756 1050 1064 1106 convenire.
1098 1048 1164 1103 Et
1192 1050 1419 1103 sedentes
1452 1044 1782 1115 loquebamur

173 1142 493 1207 mulieribus,
525 1153 1006 1213 quteconvenerant.
1034 1139 1098 1194 Et
1128 1140 1311 1193 mulier
1325 1136 1556 1210 quwdam
1579 1137 1781 1191 nomine

175 1235 370 1305 Lydia,
434 1236 786 1305 purpuraria,
827 1233 1042 1287 civitatis
1098 1231 1560 1303 Thyatirenorum,
1612 1232 1782 1284 colem

174 1326 359 1392 Deum,
391 1327 587 1380 audivit
612 1342 630 1380 :
654 1327 799 1393 cuius
828 1324 1077 1380 Dominus
1097 1342 1185 1379 cor
1208 1332 1501 1394 aperuerat,
1534 1331 1589 1377 ut
1612 1333 1780 1375 atten-

173 1420 307 1473 deret
362 1419 431 1473 iis
470 1434 585 1489 qua:
630 1417 928 1471 dicebantur
972 1434 1005 1471 a
1036 1416 1223 1471 Paula.
1256 1415 1390 1471 Vide
1436 1430 1549 1469 rem
1579 1429 1609 1469 a
1641 1412 1782 1468 fastu

172 1512 425 1565 alienam.
456 1510 647 1565 Mulier
672 1521 727 1565 et
753 1510 973 1565 humilis
998 1518 1134 1575 erat,
1162 1518 1219 1563 ut
1240 1510 1416 1581 palam
1436 1516 1520 1564 est
1539 1507 1607 1562 ab
1630 1516 1780 1562 arte:

173 1600 266 1656 sed
293 1602 421 1657 vide
462 1601 856 1673 philosophiam
904 1602 1042 1672 ejus.
1095 1601 1277 1656 Primo
1305 1600 1521 1671 quidem
1550 1600 1653 1654 hoc
1672 1599 1784 1670 ipsi

173 1694 326 1748 datur
359 1694 753 1760 teStimonium,
797 1694 939 1763 quod
970 1693 1177 1767 coleret
1201 1694 1392 1761 Deum,
1422 1691 1619 1749 deinde
1641 1692 1782 1763 quod

174 1786 751 1857 ittt‘ilaret'apostnlos.
779 1787 866 1843 15.
892 1785 1021 1843 Cum
1049 1802 1168 1859 ergo
1194 1787 1450 1857 baptizata
1470 1794 1598 1840 esset
1625 1794 1668 1837 et
1691 1784 1785 1837 do-

173 1896 284 1934 mus
312 1881 447 1950 ejus,
478 1880 750 1951 deprecata
768 1890 846 1935 est
874 1880 1044 1936 diceres
1074 1896 1093 1934 :
1117 1878 1329 1933 Domini
1356 1881 1476 1945 mei,
1504 1879 1549 1933 si
1568 1878 1782 1949 judica-

174 1972 260 2026 stis
290 1988 371 2026 me
396 1972 602 2041 ﬁdelem
629 1972 850 2028 Domino
880 1989 1011 2042 esse,
1040 1973 1243 2027 introite
1269 1972 1323 2025 in
1345 1971 1553 2025 domum
1584 1986 1781 2037 meam,

174 2072 217 2115 et
233 2075 454 2118 manete.
483 2063 551 2119 Et
572 2066 730 2137 coegit
752 2081 867 2122 nos.
895 2065 963 2121 Ut
988 2075 1156 2119 autem
1178 2064 1437 2135 baptizata
1461 2072 1555 2127 est,
1585 2062 1780 2133 inquit,

174 2160 262 2214 illa
286 2174 333 2216 et
360 2162 549 2216 domus
572 2163 701 2233 ejus.
725 2160 1020 2218 Considera
1047 2164 1319 2233 quomodo
1346 2160 1580 2216 suaserit
1604 2159 1783 2213 omni-

174 2252 315 2307 bus:
362 2254 565 2310 deinde
612 2254 736 2309 vide
794 2254 1166 2325 prudentiam,
1216 2254 1488 2325 quomodo
1536 2252 1785 2308 obsecret

173 2348 472 2416 apostolos,
502 2363 662 2419 quam
694 2348 915 2404 humilia
940 2348 1183 2419 proferat
1209 2347 1400 2415 verba,
1432 2362 1555 2402 cum
1583 2356 1784 2417 quanta

172 2439 458 2508 sapientia.
507 2440 569 2496 Si
615 2442 866 2512 judicatis
921 2457 1022 2509 me,
1074 2441 1263 2512 inquit,
1306 2441 1508 2510 ﬁdelem
1538 2438 1778 2493 Domino.

175 2530 309 2587 Nihil
346 2532 416 2587 ad
448 2534 881 2605 persuadendum
904 2535 1101 2606 aptius.
1133 2534 1303 2603 Quem
1345 2549 1451 2588 non
1482 2532 1781 2588 emollirent

176 2622 289 2679 haec
310 2626 478 2681 Verba
498 2625 652 2680 'lNon
677 2627 904 2697 rogavit,
936 2641 1042 2681 non
1067 2634 1282 2696 precata
1309 2634 1393 2681 est
1422 2634 1649 2692 tantum,
1675 2638 1783 2679 non

175 2729 362 2771 eorum
407 2717 635 2772 arbitrio
683 2734 798 2773 rem
845 2719 1085 2789 reliquit,
1134 2718 1230 2774 sed
1267 2718 1430 2774 etiam
1476 2719 1694 2788 coegit:
1731 2716 1782 2772 id

174 2807 311 2863 enim
354 2809 623 2881 signiﬁcat
679 2810 833 2877 illud,
891 2810 1064 2883 Coegit
1108 2828 1222 2877 nos,
1256 2811 1307 2865 id
1334 2820 1438 2878 est,
1467 2811 1550 2865 his
1581 2809 1779 2865 verbis.

179 2897 307 2955 Vide
331 2903 608 2972 quomodo
635 2903 818 2957 statim
867 2904 1098 2958 lructum
1151 2903 1306 2968 lerat,
1347 2916 1403 2959 et
1432 2905 1638 2959 lucrum
1670 2918 1783 2957 ma-

175 3007 333 3061 gnum
367 3002 519 3063 putet
564 2996 919 3051 vocationem.
953 2994 1109 3063 Quod
1138 3012 1225 3050 me
1256 2997 1472 3050 lidelem
1496 2996 1779 3072 judicare-

180 3087 310 3153 ritis,
338 3089 511 3159 liquet
539 3102 609 3143 ex
639 3104 729 3156 eo,
764 3090 906 3161 quod
945 3088 1074 3143 mihi
1098 3099 1241 3143 tanta
1265 3090 1518 3162 mysteria
1551 3088 1783 3143 tradide-

181 3179 313 3245 ritis,
347 3196 455 3234 non
512 3182 779 3247 tradituri,
826 3182 926 3237 nisi
957 3197 1045 3236 me
1077 3183 1236 3237 talem
1261 3182 1623 3251 judicassetis.
1675 3181 1784 3237 Nec

180 3286 303 3326 ausa
328 3281 413 3326 est
438 3283 595 3328 antea
624 3274 874 3341 invitare,
921 3274 1018 3329 sed
1067 3284 1349 3345 postquam
1382 3276 1645 3345 baptizata
1677 3284 1780 3342 est,

182 3361 302 3418 hinc
330 3364 627 3421 ostendens
653 3381 713 3422 se
740 3381 849 3422 non
880 3367 987 3422 alio
1010 3368 1171 3422 modo
1198 3381 1573 3438 persuasuram
1595 3367 1780 3424 fuisse.

181 3455 284 3509 Cur
307 3457 509 3513 Paulus
532 3468 588 3515 et
610 3460 743 3515 socii
764 3459 1041 3524 nolebant,
1061 3459 1155 3515 sed
1178 3461 1499 3529 renuebant,
1523 3462 1595 3515 ita
1619 3469 1676 3515 ut
1695 3477 1787 3516 co-

182 3552 472 3619 gerentur?
519 3552 589 3610 Ut
642 3552 790 3609 illam
820 3553 889 3609 ad
919 3554 1093 3625 majus
1141 3555 1380 3609 studium
1406 3556 1779 3621 concitarent;

185 3642 261 3695 vel
284 3647 406 3713 quia
434 3646 574 3701 dixit
597 3645 847 3702 Christus
872 3666 886 3702 :
914 3646 984 3702 In
1019 3664 1390 3720 quamcumque
1416 3649 1669 3704 civitatem
1698 3652 1785 3704 in-

184 3744 447 3807 traceritis,
479 3744 592 3815 quis
619 3745 684 3799 sit
726 3743 912 3818 dignus
953 3746 1283 3817 interrogate,
1334 3756 1381 3800 et
1435 3748 1541 3801 illic
1589 3758 1786 3802 manete

186 3833 341 3903 (Luc.
376 3837 463 3893 10.
491 3838 585 3911 8).
618 3838 801 3910 Itaque
844 3828 1022 3894 omnia
1072 3854 1169 3909 per
1220 3843 1579 3895 (economiam
1624 3840 1781 3896 facie-

185 3926 325 3983 bant.
350 3932 436 3985 16.
468 3929 689 3985 Factum
706 3942 781 3985 est
798 3941 969 3986 autem
983 3932 1219 3986 euntibus
1237 3932 1381 3986 nobis
1397 3933 1466 3985 ad
1481 3934 1783 4000 orationem,

188 4022 402 4087 puellam
426 4024 701 4094 quamdam
729 4023 994 4078 habentem
1020 4026 1255 4095 spiritum
1282 4025 1558 4095 pythonem
1587 4026 1789 4081 obviare

188 4114 343 4181 nobis,
398 4130 515 4185 qute
557 4125 814 4185 quaestum
853 4132 1098 4187 magnum
1138 4116 1410 4187 prwstabat
1443 4118 1663 4172 dominis
1682 4121 1788 4173 suis

190 4206 475 4263 divinando.
510 4210 597 4264 17.
631 4209 757 4265 Ηωε
785 4211 1093 4280 subsequuta
1121 4210 1348 4265 Paulunt
1374 4221 1422 4266 et
1459 4221 1552 4266 nos
1585 4213 1784 4267 clama-

190 4297 288 4367 bat,
313 4301 486 4355 dicens
513 4300 650 4357 :lsti
675 4304 903 4357 homines
931 4304 1062 4357 servi
1081 4302 1178 4356 Dei
1203 4304 1387 4358 excelsi
1426 4315 1563 4371 sunt,
1585 4307 1673 4377 qui
1695 4323 1791 4361 an-

192 4394 415 4448 nuntiant
441 4395 585 4449 nobis
603 4397 738 4449 viam
758 4396 957 4451 salutis.
1009 4395 1118 4451 Cur
1140 4406 1195 4452 et
1215 4398 1426 4453 dtemon
1457 4399 1579 4453 talia
1609 4400 1789 4470 loquuo

195 4492 275 4539 tus
296 4496 399 4556 est,
431 4498 487 4543 et
522 4488 722 4545 Paulus
754 4488 1080 4559 prohibuit?
1108 4490 1177 4544 Et
1205 4490 1297 4545 ille
1328 4491 1584 4562 maligne,
1622 4503 1678 4547 et
1702 4493 1790 4548 hic

196 4580 482 4645 prudenter
510 4582 701 4653 agebat
727 4600 742 4637 :
764 4584 976 4638 volebat
996 4585 1137 4638 enim
1162 4599 1269 4638 non
1292 4584 1396 4640 lide
1418 4585 1636 4656 dignum
1664 4588 1789 4641 red-

197 4670 317 4728 dere
346 4675 385 4730 ⁸.
415 4674 551 4732 Nam
580 4678 625 4731 si
658 4678 1024 4734 testimonium
1056 4678 1172 4749 ejus
1217 4679 1413 4735 Paulus
1459 4680 1787 4749 admisisset,

199 4767 386 4826 multos
415 4772 577 4827 etiam
595 4770 781 4828 ﬁdeles
800 4773 1122 4843 decepisset,
1140 4782 1200 4828 ut
1222 4775 1288 4830 ab
1310 4775 1402 4829 illo
1421 4777 1749 4846 approbatus
1777 4796 1789 4832 :

200 4860 312 4916 ideo
339 4864 461 4919 illos
488 4865 765 4936 prmdicat,
795 4877 852 4921 ut
895 4881 990 4922 sua
1036 4867 1291 4935 slabiliat,
1322 4878 1377 4922 et
1422 4870 1713 4924 demissius
1734 4887 1793 4925 se

200 4956 327 5021 gerit
345 4955 414 5011 ad
438 4958 751 5027 perniciem.
784 4958 966 5014 Primo
995 4960 1174 5029 itaque
1200 4976 1305 5014 non
1332 4961 1550 5016 admisit
1570 4962 1788 5029 Paulus,

203 5046 287 5098 sed
319 5048 542 5118 respuit,
574 5049 767 5105 nolens
798 5059 903 5105 tam
932 5050 1089 5107 facile
1116 5052 1270 5123 signa
1293 5052 1455 5108 edere
1480 5070 1492 5107 :
1521 5056 1645 5124 quia
1664 5070 1794 5110 vero

201 5143 573 5206 perseVerabat
593 5143 685 5206 illa
708 5144 891 5198 multis
918 5144 1129 5210 diebus,
1154 5155 1208 5199 et
1233 5160 1371 5217 Opus
1407 5147 1743 5203 monstrabat
1777 5166 1789 5201 :

207 5229 273 5285 Ili
296 5235 518 5290 homines
543 5237 673 5290 servi
698 5233 793 5290 Dei
818 5238 1053 5292 altissimi
1082 5249 1218 5306 sunt,
1255 5241 1341 5308 qui
1371 5242 1675 5295 annuntiant
1699 5259 1794 5296 no—

204 5327 273 5381 bis
309 5330 439 5383 viam
483 5331 703 5395 salutis;
751 5342 877 5387 tunc
928 5334 1185 5403 praecepit
1234 5333 1307 5387 illi
1364 5343 1422 5389 ut
1464 5335 1655 5391 exiret.
1704 5337 1791 5392 18.

209 5417 384 5476 Dolens
411 5434 579 5477 autem
610 5421 831 5491 Paulus,
861 5434 908 5478 et
930 5440 1218 5492 conversus,
1240 5428 1445 5502 spiritui
1464 5428 1593 5482 dixit
1612 5444 1630 5481 :
1651 5428 1796 5484 Prte-

208 5513 329 5583 cipio
356 5517 445 5570 tibi
476 5518 529 5570 in
553 5518 756 5571 nomine
780 5516 907 5572 Jesu
943 5518 1153 5587 Christi,
1186 5521 1325 5574 exire
1366 5523 1428 5575 ab
1463 5538 1541 5576 ea.
1573 5524 1638 5576 Et
1678 5527 1799 5577 exiit

210 5607 369 5662 eadem
392 5611 544 5663 hora.
578 5609 667 5666 19.
700 5609 936 5668 Videntes
961 5623 1127 5667 autem
1155 5614 1349 5668 domini
1378 5618 1505 5683 ejus,
1538 5620 1658 5684 quia
1686 5620 1798 5672 exi-

212 5701 269 5751 uit
297 5720 405 5772 spes
430 5714 653 5770 qua'stus
682 5721 877 5771 eorum,
910 5708 1346 5777 apprehendentes
1380 5709 1603 5763 Paulum
1634 5722 1679 5764 et
1708 5711 1770 5765 Si
1782 5743 1799 5751 -

214 5798 321 5862 lam,
350 5798 681 5853 adduxerunt
707 5801 758 5853 in
782 5804 951 5872 forum
969 5802 1036 5854 ad
1054 5803 1329 5872 principes,
1348 5803 1437 5859 20.
1463 5815 1508 5859 et
1535 5805 1803 5871 offerentes

215 5903 286 5941 eos
306 5893 699 5963 magistratibus,
733 5895 971 5949 dixerunt
1001 5912 1019 5949 :
1050 5895 1120 5949 lli
1149 5898 1375 5951 homines
1402 5902 1703 5953 conturbant
1727 5903 1802 5954 ci-

270 5986 284 6015 ‘
317 5988 408 6038 Alii
426 5988 631 6053 habent,
649 5988 826 6039 volebat
850 5990 975 6041 enim
999 6004 1048 6041 se
1063 5990 1165 6054 ﬁde
1190 5993 1388 6053 dianam
1402 5993 1583 6054 ﬁtcerc.

1115 469 1181 525 IN
1222 467 1406 524 ACTA
1448 457 1980 520 APOSTOLOllUM.
2025 458 2256 514 llOMIL.
2300 458 2518 514 XXXV.
2866 452 2867 455 “
3265 534 3281 543 ⁵
3388 464 3459 518 .25

1890 575 2095 630 nitatem
2142 586 2391 642 nostram,
2444 593 2559 630 cum
2606 577 2709 632 sint
2756 578 2955 647 Iudici,
2993 579 3085 635 21.
3119 591 3165 636 et
3188 582 3498 636 annuntiunt

1888 685 2073 734 mores,
2102 685 2227 739 quos
2242 684 2344 723 non
2361 668 2478 723 licet
2504 669 2647 725 nobis
2666 671 2927 742 suscipere
2945 688 3107 744 neque
3130 688 3353 741 seruare,
3374 692 3496 730 cum

1884 764 2045 818 simus
2073 762 2319 820 Romani.
2343 762 2555 835 Ubique
2575 763 2842 820 malorum
2871 780 3051 822 causai
3073 768 3319 838 pecunia:
3348 778 3496 824 sunt.

1884 855 1929 911 0
1952 871 2282 927 paganorum
2312 855 2802 913 inliumauitatem‘l
2833 857 3105 914 Volebant
3123 859 3357 930 puellam
3387 860 3503 917 da:-

1886 950 2188 1004 mnniacam
2203 964 2347 1016 esse,
2373 959 2431 1004 ut
2449 950 2705 1019 pecunias
2729 951 3066 1023 colligerent.
3088 950 3501 1023 Apprehenden-

1887 1048 1979 1105 tes,
2018 1041 2210 1112 inquit,
2258 1040 2486 1097 Paulum
2540 1053 2586 1097 et
2628 1042 2821 1110 Silam,
2864 1045 3099 1099 dicebant
3129 1045 3243 1101 :Hi
3270 1048 3503 1103 homines

1885 1136 2187 1189 conturbant
2218 1136 2466 1189 civitatem
2488 1148 2736 1194 nostram.
2774 1137 2914 1206 Quid
2942 1136 3205 1196 iacientes
3233 1141 3368 1198 ?cur
3394 1156 3504 1197 non

1886 1234 2011 1280 ante
2040 1227 2278 1281 traxistis
2308 1228 2449 1283 eos?
2476 1225 2651 1283 Judaei
2681 1245 2799 1283 cum
2826 1230 2947 1294 sint,
2977 1230 3230 1302 inquiunt
3259 1250 3274 1287 :
3305 1234 3377 1288 ita
3406 1249 3504 1289 no-

1887 1332 2010 1372 men
2042 1317 2170 1373 illud
2206 1319 2349 1373 male
2369 1318 2645 1376 audiebat.
2678 1318 2750 1374 Et
2797 1322 3107 1377 annantiant
3150 1340 3337 1393 mores,
3376 1342 3504 1396 quos

1886 1426 1990 1464 non
2015 1410 2128 1465 licet
2159 1410 2302 1465 nobis
2326 1411 2580 1482 suscipere
2626 1428 2787 1484 neque
2810 1430 3031 1481 servare,
3058 1432 3173 1470 cum
3202 1418 3363 1473 simus
3391 1418 3494 1473 Ro.

1887 1504 2047 1559 mani.
2072 1503 2206 1559 Rem
2240 1505 2293 1559 in
2324 1504 2467 1560 laesae
2495 1505 2792 1576 majestatis
2813 1507 3023 1563 crimen
3056 1520 3292 1566 vertunt.
3315 1511 3408 1567 2ft.
3437 1511 3507 1566 Et

1886 1597 2041 1651 simul
2063 1598 2339 1652 insui-rexit
2360 1598 2508 1653 turba
2533 1608 2713 1653 contra
2733 1600 2872 1656 illos.
2891 1598 2937 1656 Ο
2961 1601 3358 1674 insipientiam!
3386 1605 3503 1661 Nan

1888 1690 2306 1758 examinarunt,
2342 1707 2449 1747 non
2499 1691 2900 1761 deliberarunt;
2946 1696 3196 1766 quamvis
3246 1713 3313 1754 eo
3358 1699 3506 1755 edito

1886 1783 2148 1839 miraculo
2179 1784 2406 1841 adorare
2438 1796 2737 1857 oporteret,
2760 1797 2817 1843 et
2852 1788 2973 1843 illos
3001 1804 3101 1859 pro
3132 1792 3505 1847 servatoribus

1888 1887 1944 1933 et
1985 1878 2241 1933 beuelicis
2275 1877 2500 1935 habere.
2538 1879 2672 1935 Nam
2707 1881 2751 1935 si
2771 1882 3030 1951 pecunias
3068 1883 3358 1952 volebatis,
3406 1880 3504 1940 cur

1890 1970 2051 2024 tantis
2070 1970 2304 2026 inventis
2320 1972 2521 2027 divitiis
2542 1986 2649 2027 non
2669 1974 3022 2030 accurristis?
3043 1975 3211 2031 Posse
3230 1976 3506 2033 daemoms

1888 2062 2099 2134 fugare,
2128 2065 2526 2137 splendidiores
2548 2067 2745 2133 reddit,
2766 2082 2925 2138 quam
2947 2069 3080 2139 ipsis
3102 2069 3505 2142 obtemperare.

1889 2156 2029 2212 Ecce
2058 2158 2233 2228 signa,
2269 2158 2365 2214 sed
2397 2160 2748 2229 pecuniarum
2770 2160 3042 2229 cupiditas
3065 2162 3187 2236 plus
3221 2163 3405 2219 valuit.
3440 2163 3509 2219 Et

1888 2249 2243 2318 magistratus,
2289 2251 2461 2309 scissis
2505 2252 2690 2305 tunicis
2717 2268 2915 2319 eorum,
2938 2254 3211 2325 jusserunt
3236 2271 3322 2310 eos
3351 2257 3509 2328 virgis

1889 2342 2022 2396 credi
2050 2358 2070 2396 .'
2089 2341 2181 2397 25.
2215 2352 2259 2395 et
2283 2358 2398 2395 cum
2426 2343 2614 2397 multas
2641 2344 2714 2398 eis
2747 2345 2929 2417 plagas
2950 2346 3331 2415 imposuissent,
3360 2351 3511 2404 mise-

1888 2443 2009 2487 runt
2045 2450 2130 2488 eos
2167 2436 2221 2489 in
2245 2448 2517 2501 carcerem,
2549 2436 2901 2507 prtecipientes
2925 2440 3127 2493 custodi
3156 2452 3210 2493 ut
3241 2442 3511 2513 diligenter

1889 2528 2169 2582 custodiret
2198 2544 2303 2583 eos.
2338 2528 2528 2600 Itaque
2560 2530 2758 2584 Paulus
2786 2539 2957 2585 totum
2985 2532 3130 2598 fecit,
3165 2543 3220 2587 et
3250 2536 3511 2591 miracula

1888 2625 1945 2674 et
1972 2618 2312 2686 doctrinam;
2366 2620 2728 2691 periculorum
2774 2638 2906 2678 vero
2946 2639 3172 2680 consors
3202 2612 3321 2681 fuit‘
3346 2627 3508 2683 Silus.

1888 2709 2027 2779 Quid
2058 2723 2141 2766 est
2167 2709 2363 2767 Dolens
2383 2725 2553 2768 autem
2585 2713 2831 2770 Paulus?
2860 2715 3139 2782 Malitiam,
3169 2718 3364 2789 inquit,
3394 2720 3508 2775 da:-

1888 2805 2067 2861 munis
2091 2805 2299 2873 videns,
2326 2817 2381 2861 ut
2412 2807 2530 2877 ipse
2554 2807 2681 2863 alibi
2711 2808 2841 2863 dicit
2880 2828 2894 2866 :
2926 2809 3051 2865 Non
3082 2813 3219 2867 enim
3243 2816 3513 2885 cogitatio-

1889 2913 1977 2951 nes
2001 2898 2112 2969 ejus
2137 2898 2433 2969 ignoramus
2461 2899 2553 2971 (2.
2578 2898 2699 2957 Cor.
2728 2900 2785 2955 2.
2814 2903 2874 2958 11
2898 2902 2941 2974 ).
2966 2903 3075 2959 Cur
3102 2920 3211 2959 nou
3230 2906 3508 2974 dixerunt,

1890 2990 2200 3046 Dtemonern
2242 2992 2542 3062 ejecerunt,
2587 2994 2640 3049 in
2681 2995 2852 3051 Deum
2884 2996 3047 3067 impie
3095 3009 3365 3069 egerunt;
3412 3002 3508 3057 sed

1888 3085 2095 3142 crimen
2125 3086 2268 3141 laesae
2291 3088 2591 3157 majestatis
2619 3088 2929 3145 intentant?
2954 3091 3053 3147 llic
3074 3107 3135 3147 se
3160 3097 3329 3148 victos
3353 3094 3509 3152 vide-

1888 3177 2039 3233 bant.
2063 3178 2153 3235 Sic
2182 3179 2327 3235 etde
2348 3178 2566 3237 Christo
2583 3181 2838 3238 dicebant
2863 3201 2877 3240 :
2912 3183 3037 3239 Non
3054 3185 3296 3241 habemus
3318 3205 3510 3260 regem,

1889 3274 1989 3327 nisi
2014 3271 2267 3329 Caesarem
2301 3274 2499 3348 (Joan.
2527 3277 2617 3333 19.
2654 3278 2775 3349 15).
2809 3276 2989 3334 Omnis
3017 3280 3103 3351 qui
3126 3298 3180 3335 se
3221 3299 3389 3354 regem
3426 3289 3512 3357 [a-

1891 3368 1995 3433 cit,
2046 3370 2352 3423 contradicit
2396 3369 2590 3425 Cessat-1'
2638 3370 2817 3444 (Ibid.
2846 3388 2894 3427 υ.
2936 3373 3061 3446 12).
3090 3373 3161 3428 Et
3188 3378 3517 3449 conjecerunt

1889 3476 1999 3526 eos,
2027 3462 2223 3532 inquit,
2272 3463 2325 3516 in
2370 3479 2643 3518 carcerem.
2686 3464 2912 3535 Magnus
2942 3465 3113 3522 furor.
3137 3467 3231 3523 24.
3264 3468 3366 3535 Qui
3395 3487 3515 3525 cum

1892 3556 1994 3609 tale
2023 3566 2336 3628 praeceptum
2386 3559 2685 3629 accepisset,
2737 3560 2954 3633 conjecit
2992 3560 3111 3615 illos
3138 3562 3191 3616 in
3221 3562 3517 3620 interiorem

1889 3665 2173 3713 carcerem,
2203 3660 2251 3703 et
2282 3650 2435 3721 pedes
2462 3668 2638 3705 eorum
2671 3652 2877 3706 strinxit
2916 3653 3081 3725 ligno.
3115 3653 3272 3721 Vide,
3302 3657 3393 3713 ille
3420 3675 3518 3715 eos

1892 3738 1945 3792 in
1979 3739 2294 3795 interiorem
2319 3740 2555 3812 coujecit
2583 3757 2860 3799 carcerem
2887 3753 2977 3800 :et
3004 3744 3107 3801 hoc
3124 3760 3193 3801 ex
3226 3749 3518 3818 providen-

1894 3832 1967 3887 tia
2017 3834 2237 3889 factum.
2279 3835 2417 3902 Quia
2450 3838 2593 3891 enim
2628 3836 2949 3892 miraculum
2973 3854 3229 3911 magnum
3264 3842 3509 3900 futurum

1893 3934 2031 3991 erat,
2063 3926 2293 3981 idoneus
2317 3927 2470 3983 locus
2502 3928 2570 3983 ad
2599 3944 2713 3984 rem
2745 3930 3104 4001 evulgandam
3131 3944 3285 3989 extra
3318 3938 3510 3993 urbem

1893 4022 2165 4086 statuitur,
2201 4021 2590 4077 tcntationibus
2613 4032 2665 4077 et
2696 4024 2951 4094 periculis
2974 4040 3197 4081 vacuus.
3227 4028 3362 4084 Vide
3384 4047 3518 4102 quo-

1894 4113 2057 4167 modo
2087 4112 2174 4167 hic
2225 4116 2456 4185 scriptor
2481 4116 2657 4170 studia
2704 4132 2995 4174 recensere
3038 4134 3145 4175 non
3203 4123 3514 4179 erubescat.

1894 4204 2053 4261 Certe
2085 4221 2208 4261 cum
2236 4208 2393 4277 quies
2444 4217 2627 4272 esset,
2659 4209 2833 4281 magis
2867 4210 3222 4268 attendebant
3263 4215 3346 4280 iis,
3397 4234 3516 4287 qua:

1895 4298 2211 4353 dicebautur
2240 4315 2253 4352 :
2286 4315 2461 4372 neque
2507 4301 2635 4355 urbs
2690 4302 2778 4357 illa
2816 4302 3265 4375 Philippensium
3316 4323 3513 4379 magna

1895 4400 2033 4444 erat.
2085 4392 2213 4447 Hmc
2261 4402 2316 4448 et
2369 4408 2469 4447 nos
2495 4394 2755 4462 scientes,
2796 4396 3071 4451 neminem
3101 4399 3516 4459 erubescamus.

1896 4483 2053 4553 Apud
2087 4485 2379 4541 coriarium
2411 4494 2598 4541 manet
2627 4487 2842 4556 Petrus,
2891 4491 3033 4559 apud
3084 4496 3459 4563 purpurariam
3493 4500 3511 4529 ί

1899 4578 2115 4635 Paulus.
2149 4579 2252 4637 Ubi
2278 4589 2361 4635 est
2378 4580 2586 4637 fastus?
2610 4581 2774 4654 Igitur
2809 4584 2978 4640 Deum
3013 4603 3317 4657 precemur,
3342 4602 3399 4647 ut
3426 4608 3522 4649 cor

1898 4672 2107 4739 aperiat
2138 4689 2150 4725 :
2187 4672 2329 4727 Deus
2382 4684 2562 4727 autem
2591 4675 2754 4731 corda
2780 4693 2902 4747 qua:
2928 4679 3198 4737 voluerint
3235 4687 3437 4754 aperit;
3468 4695 3523 4743 at

1898 4774 2164 4819 excaacata
2192 4765 2357 4819 corda
2388 4766 2571 4823 videre
2592 4777 2696 4823 est.
2731 4768 2838 4825 Sed
2867 4774 3155 4843 superiora
3181 4786 3515 4847 repetamus.

1902 4856 2116 4924 Mulier,
2146 4858 2337 4929 inquit,
2363 4863 2699 4931 purpuraria,
2728 4868 2874 4934 cujus
2897 4866 3151 4924 Dominus
3178 4886 3266 4925 cor
3285 4878 3511 4945 aperuit,

1901 4961 1953 5003 ut
1984 4952 2261 5006 attenderet
2285 4953 2369 5017 iis,
2397 4970 2511 5023 qute
2531 4955 2830 5012 dicebantur
2864 4976 2896 5013 a
2935 4959 3130 5018 Paulo.
3159 4968 3389 5035 Aperire
3418 4970 3522 5025 ita-

1902 5060 2007 5112 que
2036 5045 2129 5099 Dei
2176 5055 2281 5115 est,
2309 5048 2591 5104 attendere
2625 5066 2754 5106 vero
2784 5051 2971 5109 illius:
3004 5068 3094 5112 res
3126 5057 3286 5129 igitur
3320 5073 3438 5118 erat
3464 5075 3521 5121 et

1902 5136 2080 5191 divina
2110 5147 2166 5193 et
2193 5138 2450 5196 humana.
2481 5141 2608 5197 Cum
2632 5153 2799 5197 autem
2824 5146 3083 5217 baptizata
3099 5131 3303 5221 luisset,
3324 5154 3519 5225 inquit,

1904 5232 2174 5301 deprecata
2200 5244 2273 5287 est
2302 5235 2494 5302 dicens,
2528 5234 2588 5291 Si
2601 5237 2878 5307 jndicastis
2910 5257 3008 5294 me.
3044 5242 3258 5315 Vide,et
3286 5248 3527 5319 baptiza-

1908 5332 2023 5390 tur,
2056 5334 2111 5379 et
2140 5326 2333 5396 recipit
2362 5328 2639 5396 apostolos
2667 5341 2787 5399 post
2812 5341 3015 5388 tantam
3038 5339 3516 5411 supplicationem,

1907 5420 2166 5486 majorem
2198 5434 2359 5489 quam
2388 5419 2533 5474 illam
2562 5421 2876 5478 Abrahami.
2905 5425 3016 5482 Nec
3047 5428 3175 5483 dicit
3202 5432 3348 5487 aliud
3381 5436 3524 5490 indi-

1908 5512 2073 5574 cium,
2114 5526 2274 5581 quam
2322 5512 2472 5579 illud,
2506 5528 2614 5583 quo
2655 5525 2867 5571 servata
2899 5516 3098 5574 fuerat.
3128 5520 3245 5576 Non
3274 5523 3431 5589 dixit,
3464 5529 3521 5584 Si

1912 5620 2182 5675 magnam,
2218 5606 2260 5659 si
2291 5608 2431 5675 piam
2453 5609 2735 5665 mulierem
2764 5612 3046 5681 judicastis
3074 5631 3193 5681 me;
3218 5618 3312 5673 sed
3354 5623 3527 5690 quid?

1914 5696 2146 5752 Fidelem
2168 5697 2413 5753 Domino.
2446 5701 2501 5757 Si
2535 5702 2786 5765 Domino,
2823 5705 2990 5760 multo
3016 5708 3186 5777 magis
3213 5710 3385 5777 vobis,
3421 5715 3524 5770 nisi

1911 5790 2190 5845 dubitetis.
2224 5790 2333 5846 Nec
2357 5793 2514 5860 dixit,
2547 5796 2702 5864 Apud
2743 5812 2851 5861 mc,
2876 5796 3065 5860 sed,In
3096 5802 3247 5854 domo
3276 5820 3389 5858 mea
3416 5824 3526 5860 mu-

1915 5893 2061 5945 netc;
2092 5892 2149 5933 nt
2178 5883 2489 5939 ostenderet
2531 5900 2591 5940 se
2624 5886 2725 5940 hoc
2752 5904 2873 5940 cum
2907 5904 3097 5958 magna
3129 5891 3405 5949 alacritate
3444 5898 3527 5953 {av

1984 6000 1997 6029 ¹
2038 5998 2231 6057 Quidam
2252 5998 2403 6059 addit,
2428 6009 2473 6050 et
2493 6001 2830 6065 alitatigenam.
