4082 6490
629 468 735 521 255

632 597 776 636 cere.
808 576 940 631 Vere
970 571 1142 627 ﬁdelis
1166 568 1373 625 mulier.
1418 565 1511 619 Dic
1524 575 1664 617 vero
1694 556 1843 624 mibi,
1871 556 1990 626 quis
2017 563 2095 608 est
2122 552 2209 607 hic

630 666 867 726 daimon?
897 666 1054 727 Deus,
1091 661 1315 730 inquies,
1353 659 1551 729 python
1599 671 1612 706 ε
1645 666 1675 705 a
1698 651 1817 705 loco
1855 649 1933 701 sic
1962 654 2204 700 vocatur.

630 760 812 818 Viden’
833 760 992 815 etiam
1017 756 1316 824 Apollinem
1341 765 1461 806 esse
1487 748 1781 802 daemonem
1801 743 1823 795 ?
1843 751 1896 798 et
1915 740 2036 811 quia
2059 738 2204 791 vole-

622 832 721 909 bat
760 855 878 909 illos
920 853 971 905 in
1001 847 1321 903 tentationes
1350 842 1586 913 injicere,
1627 848 1687 893 ut
1714 834 1881 906 magis
1927 833 2202 893 excitaret,

624 948 690 1001 ad
715 948 815 1001 hoc
843 940 1167 1013 loquendum
1198 936 1423 991 induxit.

692 1038 747 1091 2.
779 1036 822 1091 Ο
844 1034 1094 1094 sceleste.
1123 1020 1177 1085 ei
1206 1025 1617 1083 scelestissimel
1669 1021 1726 1077 Si
1772 1032 1897 1089 ergo
1926 1014 2061 1071 noui
2086 1013 2204 1067 illos

625 1131 766 1184 viam
792 1125 979 1181 salutis
1005 1121 1339 1186 annuntiare,
1374 1133 1469 1173 cur
1515 1131 1621 1170 non
1670 1110 1940 1183 egrederis
1980 1104 2204 1161 lubens?

625 1222 730 1278 Sed
763 1221 989 1289 idipsum
1015 1213 1156 1285 quod
1185 1214 1368 1268 Simon
1398 1210 1630 1273 volebat,
1674 1220 1793 1260 cum
1822 1203 2045 1265 diceret,
2076 1196 2204 1250 Date

623 1314 766 1377 mihi,
798 1321 851 1364 ut
876 1310 956 1362 cui
977 1309 1264 1375 imposuere
1312 1318 1513 1363 atauus,
1542 1298 1757 1368 accipiat
1784 1294 2033 1363 Spiritum
2079 1307 2201 1343 san-

619 1414 751 1457 clum
777 1401 925 1475 (Act.
954 1404 1006 1455 8.
1041 1398 1148 1469 I9)
1175 1416 1187 1451 :
1224 1396 1321 1450 hoc
1350 1402 1405 1449 et
1432 1393 1531 1447 iste
1558 1390 1817 1458 faciebat:
1841 1386 1964 1456 quia
1990 1382 2203 1437 videbat

620 1496 737 1549 illos
782 1492 1061 1558 celebrari,
1121 1490 1193 1544 ita
1225 1488 1464 1551 simulat,
1497 1485 1598 1539 hac
1639 1483 1843 1537 ratione
1890 1491 2113 1548 sperans
2142 1491 2199 1531 se

618 1586 1018 1660 relinquendum
1050 1598 1169 1639 esse
1204 1582 1256 1635 in
1283 1594 1531 1650 corpore,
1580 1578 1624 1631 si
1654 1576 1837 1631 eadem
1867 1572 2194 1645 pra-dicaret.

615 1685 671 1739 Si
713 1698 840 1737 vero
878 1679 1016 1751 apud
1068 1678 1336 1731 hominem
1394 1674 1512 1728 Non
1540 1684 1612 1727 est
1642 1672 1867 1743 speciosa
1903 1671 2012 1722 laus
2033 1670 2085 1720 in
2113 1682 2199 1719 ore

617 1775 891 1844 peccatoris
920 1764 1235 1842 (Eccli.'15.
1270 1768 1367 1841 9),
1399 1767 1567 1821 multo
1615 1764 1783 1834 magis
1828 1764 1965 1831 apud
1992 1762 2196 1815 diuino-

616 1883 736 1923 nem
773 1886 785 1920 :
816 1867 857 1921 si
886 1866 954 1920 ab
982 1864 1284 1918 hominibus
1308 1860 1668 1917 testimonium
1698 1873 1802 1913 non
1829 1853 2197 1925 accipitChri-

612 1972 747 2027 stus,
780 1975 877 2013 nec
907 1975 936 2013 a
966 1957 1201 2021 Joanne;
1234 1956 1399 2009 multo
1421 1956 1600 2008 minus
1623 1967 1653 2006 a
1698 1949 1961 2005 dmmone.
1994 1944 2193 2001 Praedi-

614 2072 737 2111 care
758 2056 897 2109 enim
922 2069 1026 2107 non
1055 2063 1136 2107 est
1162 2051 1459 2114 hominum,
1485 2048 1579 2103 sed
1602 2046 1829 2115 Spiritus
1850 2045 2037 2098 sancti.
2062 2041 2193 2108 Quia

616 2152 772 2220 igitur
795 2158 1105 2217 arroganter
1131 2146 1394 2200 faciebant
1416 2142 1731 2208 clamantes,
1750 2138 1985 2193 clamore
2005 2152 2063 2190 se
2084 2145 2197 2189 stu-

619 2258 800 2310 porem
862 2242 1119 2294 allaturos
1176 2236 1484 2307 sperabant,
1540 2234 1822 2289 dicentes:
1858 2229 1928 2283 Hi
1970 2230 2195 2282 [contines

611 2336 905 2390 conturbant
925 2335 1173 2388 civitatem
1195 2342 1437 2385 nostram.
1462 2328 1601 2398 Quid
1622 2328 1794 2383 dicis?
1814 2326 2060 2381 credisne
2081 2324 2190 2378 da:-

612 2430 800 2483 moni?
828 2444 924 2483 cur
953 2444 1055 2481 non
1082 2428 1167 2481 hic
1200 2426 1361 2481 etiam
1392 2424 1605 2480 credis?
1633 2423 1726 2478 Ille
1755 2421 1902 2485 dicit,
1934 2420 2077 2474 Servi
2096 2418 2193 2472 Dei

609 2522 842 2577 altissimi
857 2538 878 2584 ;
907 2530 961 2575 tu
991 2520 1147 2586 dicis,
1178 2519 1488 2573 Conturbant
1537 2518 1787 2569 civitatem
1816 2524 2038 2569 nostram
2061 2530 2080 2567 :
2106 2513 2192 2567 ille

610 2613 756 2677 dicit,
776 2612 1089 2665 Annuntiant
1110 2612 1252 2663 nobis
1282 2610 1413 2661 uiam
1437 2607 1615 2662 salutis
1629 2624 1647 2673 ;
1671 2616 1873 2675 tuj'ero
1885 2605 2035 2667 dicis,
2055 2602 2098 2657 T
2104 2620 2191 2655 ra-

612 2705 734 2757 dunt
762 2703 902 2757 nobis
944 2718 1125 2767 mores,
1177 2716 1301 2769 quos
1345 2715 1448 2752 non
1476 2699 1588 2751 licet
1616 2698 1883 2765 suscipere.
1914 2694 2047 2749 Vide
2076 2695 2193 2749 illos

608 2812 780 2865 neque
805 2795 1035 2849 dmmoni
1059 2806 1217 2847 aures
1240 2790 1559 2860 przebentes,
1587 2789 1681 2842 sed
1709 2802 1865 2842 unam
1889 2794 2191 2855 spectantes

606 2887 902 2940 avaritiam.
931 2884 1238 2947 Traxerunt,
1271 2881 1459 2950 inquit,
1493 2896 1577 2933 eos
1613 2880 1666 2932 in
1712 2883 1882 2950 forum
1906 2877 1971 2930 ad
1998 2877 2191 2947 princi-

608 2994 691 3045 pes
724 2992 742 3029 :
767 2988 813 3029 et
843 2976 1062 3029 cucurrit
1089 2974 1225 3044 plebs
1252 2972 1487 3025 adversus
1519 2987 1622 3024 eos.
1651 2969 1785 3024 Vide
1816 2968 1935 3023 illos
1962 2985 2066 3023 non
2099 2983 2186 3022 re-

606 3068 870 3140 spondere
897 3082 995 3122 nec
1024 3081 1143 3121 sese
1170 3079 1397 3135 purgare
1422 3080 1437 3129 ;
1490 3073 1546 3117 ut
1568 3064 1773 3131 majore
1792 3063 1899 3117 sint
1926 3062 2067 3130 digni
2094 3061 2188 3114 ad-

607 3161 905 3217 miratione.
935 3160 1066 3215 Nam
1108 3160 1203 3226 ait,
1255 3158 1380 3211 Cum
1414 3158 1665 3227 inﬁrmor,
1714 3166 1830 3209 tunc
1854 3164 2028 3226 potens
2052 3172 2185 3209 sum.

608 3256 802 3325 Suﬁicit
828 3254 914 3307 tibi
939 3255 1102 3325 gratia
1148 3268 1289 3316 mea;
1321 3268 1439 3305 nam
1496 3251 1653 3304 uirtus
1681 3266 1792 3303 mea
1821 3251 1873 3303 in
1900 3250 2189 3317 inﬁrmitate

607 3346 968 3417 perficitur(2.
993 3344 1111 3401 Cor.
1142 3346 1228 3399 i2.
1260 3344 1327 3400 10
1370 3354 1418 3398 et
1458 3344 1557 3414 9).
1581 3343 1763 3413 Itaque
1792 3358 1855 3396 ex
1883 3352 2187 3395 mansuetu-

604 3441 728 3493 dine
758 3438 1097 3492 admirabiles
1125 3446 1299 3491 erant.
1341 3435 1549 3504 Quanto
1592 3435 1900 3505 diligentior
1939 3433 2181 3488 cuswdia

602 3542 736 3598 erat,
766 3542 909 3586 tanto
934 3531 1245 3585 miraculum
1285 3528 1632 3599 splendidius.
1664 3527 1912 3582 Fortasse
1936 3526 2014 3582 sic
2034 3526 2179 3581 sedi-

602 3633 797 3685 tionem
846 3628 1034 3684 sedare
1087 3628 1357 3682 volebant.
1406 3624 1539 3691 Quia
1590 3623 1839 3678 videbant
1894 3624 2179 3676 instantem

604 3722 829 3787 turbam,
850 3722 1015 3793 plagis
1032 3720 1244 3791 quidem
1272 3721 1323 3773 in
1350 3717 1599 3789 przesenti
1625 3715 1857 3770 furorem
1880 3716 2069 3770 sistere
2088 3730 2181 3768 vo-

601 3816 806 3881 lebant;
837 3831 956 3869 cum
987 3826 1164 3870 autem
1206 3816 1257 3867 in
1287 3826 1557 3867 carcerem
1588 3809 1934 3880 conjeeerunt
1962 3818 2017 3861 et
2043 3823 2178 3877 pra:-

598 3916 852 3979 ceperunt
875 3916 1120 3961 accurate
1164 3906 1384 3968 servari,
1415 3917 1630 3957 causam
1689 3902 1875 3956 audire
1906 3902 2175 3955 volebant.

603 4002 665 4054 l-It
694 4001 895 4055 strinxit
922 4002 1077 4072 ligno,
1104 4000 1312 4068 inquit;
1340 4012 1402 4051 ac
1431 3997 1475 4051 si
1502 3995 1728 4060 diceret,
1761 3996 1811 4047 in
1838 3993 2179 4061 nervo.Quot

598 4093 843 4165 Iacrymis
858 4092 1014 4161 digna
1036 4101 1179 4156 sunt,
1206 4105 1325 4159 qua:
1347 4104 1486 4143 nunc
1516 4089 1783 4159 aguntur?
1810 4088 1885 4142 Illi
1915 4089 2049 4141 mala
2082 4102 2176 4155 pa-

596 4186 877 4250 tiebantur,
904 4198 999 4238 nos
1018 4184 1067 4237 in
1091 4181 1537 4251 deliciisagimus,
1560 4195 1657 4234 nos
1675 4180 1725 4234 in
1756 4181 1999 4235 theatris.
2023 4180 2175 4236 Unde

594 4276 852 4345 pernicies
898 4275 1087 4331 accidit
1106 4282 1161 4331 et
1181 4274 1594 4344 submergimnr,
1620 4273 1743 4328 dum
1762 4274 1991 4344 quietem
2016 4275 2173 4329 undi-

593 4387 694 4440 que
722 4371 1027 4439 quaerimus,
1061 4383 1160 4423 nec
1188 4384 1285 4438 pro
1311 4368 1526 4422 Christo
1556 4367 1801 4422 volumus
1822 4367 1904 4421 vel
1933 4368 2173 4422 convicia

590 4463 873 4525 sustinere,
902 4462 984 4516 vel
1010 4462 1168 4515 etiam
1198 4462 1379 4516 verba.
1403 4460 1527 4514 Hmc
1554 4459 1859 4530 frequenter
1888 4460 1940 4514 in
1972 4476 2173 4517 memo-

591 4559 722 4610 riam
773 4570 1104 4621 revocemus,
1148 4555 1406 4619 obsecro,
1455 4562 1651 4624 quanta
1703 4554 1776 4607 illi
1830 4556 1969 4624 passi
2023 4556 2166 4617 sint,

587 4658 779 4718 quanta
809 4647 1177 4714 sustinuerint,
1204 4648 1474 4719 quomodo
1503 4662 1601 4702 nec
1623 4648 1837 4711 turbati,
1865 4662 1961 4701 nec
1981 4646 2167 4701 oll’lznsi

587 4743 712 4792 sint.
744 4740 837 4793 Dei
862 4754 995 4808 epus
1022 4742 1469 4809 exsequebantur,
1495 4750 1549 4795 et
1575 4740 1690 4794 lucc
1716 4742 1854 4809 passi
1885 4750 2026 4795 sunt.
2050 4739 2166 4794 Non

586 4831 835 4885 dicebant
862 4847 874 4881 :
905 4830 1013 4884 Cur
1042 4831 1141 4885 hoc
1164 4832 1531 4901 praedicamus,
1558 4847 1656 4887 nec
1683 4832 1837 4886 nobis
1860 4832 2165 4901 praesidium

584 4924 737 4978 nllert
796 4923 975 4976 Deus?
1028 4921 1133 4976 Sed
1183 4932 1236 4976 et
1288 4924 1386 4977 hoc
1430 4923 1536 4978 illis
1576 4924 1846 4993 proderat,
1880 4933 1934 4977 et
1963 4924 2164 4994 absque

584 5034 683 5085 npe
722 5033 787 5071 ex
837 5017 949 5085 ipsa
989 5030 1049 5070 re
1104 5016 1491 5069 constantiores
1537 5016 1821 5082 reddebat,
1874 5018 2160 5082 fortiores,

589 5109 984 5175 imperterritus.
1033 5106 1306 5161 Tribulatio
1327 5149 1343 5177 ,
1375 5108 1581 5177 inquit,
1610 5110 1898 5179 patientiam
1924 5120 2162 5164 oneratur

585 5216 597 5268 ί
628 5204 771 5255 llom.
806 5203 859 5255 5.
892 5202 981 5268 4).

659 5207 771 5255 lom.
806 5203 859 5255 5.
892 5202 925 5255 4
968 5240 981 5253 .

659 5294 701 5346 Ν
711 5295 798 5346 ihit
823 5200 1048 5347 inuti)lius
1073 5292 1251 5345 otioso.
1267 5321 1337 5332 -—-
1352 5291 1447 5353 Ne,
1468 5306 1671 5361 quaeso,
1695 5276 1890 5347 ﬂuxam
1911 5303 1964 5347 et
1988 5294 2160 5348 disso-

584 5389 746 5439 lutam
775 5401 1069 5454 qumramus
1101 5383 1281 5437 vitam.
1311 5382 1379 5438 Ut
1420 5384 1563 5438 enim
1612 5385 1698 5439 hic
1736 5384 1925 5455 duplex
1956 5386 2154 5441 bonum

582 5492 683 5544 est,
714 5479 853 5549 quod
886 5480 1129 5533 fortiores
1172 5480 1333 5543 fiant,
1357 5486 1410 5533 et
1437 5478 1577 5547 quod
1608 5493 1795 5548 magna
1822 5480 1890 5533 sit
1917 5497 2153 5536 merces:

580 5576 653 5627 sic
676 5572 745 5625 ibi
768 5570 962 5638 duplex
983 5571 1202 5635 malum,
1222 5570 1362 5640 quod
1388 5571 1654 5626 molliores
1670 5573 1913 5640 evadant,
1934 5584 1987 5629 et
2013 5576 2154 5645 quod

580 5666 641 5717 :nl
674 5665 873 5719 nullam
898 5663 1195 5727 utilitatem,
1223 5662 1314 5716 sed
1338 5664 1388 5715 in
1416 5664 1633 5717 malum.
1659 5666 1796 5720 Nihil
1826 5669 1966 5721 enim
1990 5667 2153 5723 inuti-

582 5757 679 5813 tius
726 5756 957 5819 homine,
988 5755 1074 5824 qui
1122 5756 1173 5807 in
1210 5755 1321 5807 otio
1363 5766 1417 5810 et
1456 5755 1662 5809 deliciis
1702 5770 1867 5811 totum
1914 5763 2156 5830 transigit

584 5862 807 5915 tempus.
862 5846 971 5911 Vir,
1002 5846 1193 5916 inquit,
1226 5862 1329 5899 non
1362 5849 1636 5915 probatus,
1668 5850 1826 5903 etiam
1853 5852 2111 5921 reprobus
2138 5870 2149 5905 :

579 5954 615 5992 l".
640 5939 857 6010 probus,
880 5956 983 5997 non
1011 5940 1064 5995 in
1096 5941 1177 5997 his
1205 5949 1402 5995 tantum
1437 5942 1839 6012 certaminibus,
1872 5944 1962 6000 sed
1996 5948 2154 6000 etiam

1322 453 1359 509 S
1421 445 1697 508 .IOANNIS
1717 437 2193 502 CIIRYSOSTOMI
2246 436 2560 495 ARCHIEP.
2593 438 3124 497 CONSTANTINOP.

3797 439 3906 498 256

2316 554 2367 606 i-n
2396 554 2513 609 aliis
2541 554 2811 609 omnibus.
2870 555 2976 611 Res
3016 564 3098 610 est
3143 553 3340 609 inutilis
3387 552 3589 608 desidia
3621 572 3634 604 :
3667 555 3905 625 atquein

2266 661 2275 673 ·
2314 647 2443 716 ipsis
2485 646 2693 700 deliciis
2732 646 2861 699 nihil
2891 648 2961 701 ita
2990 647 3159 700 fructu
3200 662 3389 700 carens
3433 654 3491 699 ut
3531 645 3767 699 deliciari
3802 642 3899 699 :id

2314 740 2455 794 enim
2495 737 2762 792 fastidium
2788 739 2943 807 parit.
2983 738 3166 810 Neque
3199 747 3341 792 tanta
3373 748 3455 793 est
3480 738 3723 792 ciborum
3750 738 3899 793 desi-

2310 832 2517 902 diaeque
2556 832 2831 900 voluptas;
2863 832 2959 887 sed
2989 832 3167 887 omnia
3210 832 3450 887 deﬂuunt
3477 843 3531 887 et
3553 832 3788 886 avolant.
3820 831 3899 889 Nc

2312 923 2448 979 hanc
2488 937 2807 994 qumramus.
2856 922 2913 980 Si
2957 924 3101 979 enim
3147 925 3489 981 considerare
3536 924 3899 991 voluerimus,

2311 1028 2429 1072 uter
2455 1018 2670 1071 suavius
2697 1027 2835 1087 agat,
2869 1016 2959 1088 qui
2988 1017 3197 1072 laborat
3223 1025 3277 1071 et
3302 1017 3353 1070 in
3381 1017 3634 1071 aerumnis
3655 1017 3801 1082 vivit,
3828 1032 3899 1071 an

2308 1110 2397 1179 qui
2424 1110 2705 1165 deliciatur
2738 1127 2751 1163 :
2786 1109 2933 1164 illum
2962 1110 3178 1163 suavius
3204 1110 3381 1164 vivere
3406 1109 3895 1180 deprehendemus.

2307 1200 2437 1255 Nam
2482 1201 2655 1270 primo
2684 1202 2826 1256 illius
2855 1216 3047 1272 corpus
3074 1216 3269 1256 enerve
3298 1211 3349 1256 et
3377 1201 3613 1270 ineptum
3647 1212 3726 1256 cst
3752 1219 3764 1253 :
3794 1199 3896 1255 de-

2307 1293 2429 1348 inde
2456 1294 2699 1362 corporis
2724 1309 2915 1348 sensus
2938 1310 3041 1357 non
3068 1304 3193 1348 sunt
3217 1294 3407 1348 sinceri
3433 1310 3606 1363 neque
3628 1293 3766 1359 sani,
3799 1294 3899 1348 sed

2306 1388 2495 1442 molles
2521 1396 2575 1441 et
2600 1386 2831 1457 languidi
2858 1404 2873 1453 ;
2905 1388 2992 1442 ubi
3025 1403 3151 1442 vero
3177 1388 3253 1442 sic
3278 1403 3366 1443 res
3395 1389 3574 1453 habet,
3604 1405 3775 1460 neque
3803 1404 3898 1443 sa-

2303 1482 2486 1536 nitatis
2514 1482 2760 1551 voluptas
2787 1490 3030 1551 apparet.
3081 1480 3212 1546 Quis
3240 1496 3410 1551 equus
3442 1482 3605 1549 utilis,
3641 1483 3727 1552 qui
3754 1482 3897 1537 deli-

2302 1579 2472 1633 ciatur
2509 1594 2575 1631 an
2618 1579 2704 1648 qui
2732 1578 3053 1633 exercetur?
3082 1593 3200 1647 qua:
3242 1579 3412 1643 navis,
3442 1594 3560 1648 qua:
3586 1579 3801 1648 navigat
3827 1593 3892 1629 an

2302 1688 2420 1743 qua:
2456 1671 2688 1726 otiatur?
2726 1688 2846 1741 qua:
2872 1687 3037 1741 aqua,
3075 1688 3194 1741 qua:
3222 1670 3339 1726 ﬂuit
3367 1687 3431 1724 an
3463 1687 3580 1740 qure
3620 1670 3894 1741 quiescit?

2302 1767 2443 1837 quod
2476 1765 2695 1833 ferrum,
2728 1766 2869 1836 quod
2898 1774 3139 1820 movetur
3165 1780 3232 1830 ap
3264 1766 3405 1836 quod
3436 1764 3568 1819 nihil
3596 1775 3850 1833 Operatur
3870 1762 3898 1817 ἲ

2300 1876 2477 1915 annon
2507 1859 2636 1915 illud
2666 1861 2881 1930 quidem
2909 1859 3187 1929 splendet,
3242 1870 3292 1915 et
3320 1870 3541 1931 argento
3570 1860 3746 1914 simile
3775 1872 3891 1923 eSt;

2302 1958 2405 2014 hoc
2433 1966 2609 2011 autem
2641 1956 2883 2027 rubigine
2907 1957 3273 2021 consumitur,
3305 1964 3360 2010 et
3389 1956 3573 2009 inutile
3598 1966 3699 2021 est,
3729 1966 3893 2025 atque

2300 2066 2365 2105 ex
2393 2050 2613 2104 materia
2640 2064 2733 2103 sua
2763 2048 3032 2118 quidpiam
3065 2048 3298 2101 amittit?
3342 2047 3468 2102 Tale
3496 2046 3767 2117 quidpiatu
3795 2062 3890 2101 ac-

2299 2145 2429 2200 cidit
2455 2146 2643 2198 otiosae
2669 2144 2861 2198 animae
2892 2160 2904 2195 :
2940 2141 3130 2211 rubigo
3157 2140 3399 2210 qumdam
3435 2140 3578 2194 illam
3606 2140 3887 2210 pervadit,

2299 2248 2353 2295 et
2381 2238 2719 2309 splendorem
2760 2237 2995 2292 corrodit
3034 2244 3335 2306 czeteraqne
3376 2234 3575 2289 onmia.
3622 2236 3735 2303 Qua
3773 2247 3891 2290 arte

2298 2332 2417 2401 quis
2444 2333 2580 2386 hanc
2607 2331 2901 2401 rubiginem
2928 2330 3284 2386 absterserit?
3314 2328 3697 2384 Erumnarum
3724 2338 3847 2384 cote
3872 2347 3889 2385 :

2299 2424 2405 2477 illa:
2427 2424 2608 2478 utilem
2636 2423 2867 2479 reddunt
2888 2423 3117 2477 animam
3140 2430 3193 2476 et
3214 2426 3263 2474 in
3292 2421 3539 2476 onmibus
3558 2422 3886 2490 expeditam.

2296 2513 2575 2582 Quomodo
2605 2514 2770 2580 enim,
2799 2527 3000 2584 qumso,
3026 2513 3219 2583 poterit
3248 2513 3372 2565 vitia
3402 2511 3698 2577 succidere,
3725 2511 3891 2566 hebe-

2296 2617 2401 2663 tata
2430 2609 2563 2673 acie,
2589 2618 2642 2663 et
2668 2610 2817 2679 quasi
2842 2608 3112 2677 plumbum
3138 2606 3370 2661 reﬂexa?
3396 2605 3670 2676 quomodo
3692 2604 3886 2662 diabo-

2296 2703 2403 2757 lum
2426 2702 2735 2758 confodiet?
2762 2704 2844 2757 cui
2872 2716 2975 2756 non
2998 2710 3079 2755 est
3103 2702 3342 2770 ingratus
3367 2699 3529 2754 homo
3550 2699 3638 2769 qui
3667 2699 3889 2769 pingue-

2294 2794 2404 2849 diui
2431 2792 2628 2860 studet,
2656 2808 2719 2847 ac
2747 2793 2890 2847 velut
2921 2791 3091 2861 phoca
3123 2790 3386 2843 trahitur?

2365 2888 2417 2943 5.
2450 2885 2614 2939 Lauta
2641 2902 2811 2939 mensa
2838 2885 3166 2955 vituperatur.
3191 2913 3258 2922 —
3280 2881 3397 2937 Non
3427 2881 3528 2937 hoc
3554 2881 3676 2935 dico
3702 2880 3769 2935 de
3796 2882 3884 2946 iis,

2292 2980 2381 3048 qui
2401 2988 2585 3032 natura
2609 2977 2745 3031 tales
2766 2986 2909 3042 sunt,
2933 2974 3024 3030 sed
3049 2974 3114 3029 de
3135 2975 3215 3039 iis,
3230 2974 3317 3043 qui
3336 2990 3398 3027 ex
3416 2972 3656 3028 ciborum
3679 2973 3888 3029 deliciis

2294 3072 2416 3126 talia
2463 3071 2563 3125 sibi
2607 3083 2831 3139 corpora
2874 3077 3086 3139 parant,
3117 3083 3236 3121 cum
3286 3076 3475 3120 natura
3517 3082 3612 3120 sua
3657 3065 3888 3136 graciles

2289 3176 2490 3222 essent.
2518 3167 2675 3221 Ortus
2697 3176 2779 3221 est
2800 3165 2902 3232 sol,
2925 3164 3101 3219 radios
3126 3164 3320 3235 ubique
3341 3163 3654 3233 splendidos
3674 3163 3887 3232 effudit,

2291 3259 2528 3329 singulos
2570 3258 2637 3313 ad
2678 3273 2839 3328 opera
2879 3258 3171 3313 excitavit:
3202 3256 3435 3327 agricola
3461 3268 3676 3325 sumpto
3709 3257 3889 3327 ligone

2290 3352 2430 3415 exit,
2462 3350 2683 3403 aerarius
2714 3349 2960 3403 malleum
2992 3347 3349 3419 apprehendit
3371 3388 3386 3411 ,
3416 3348 3611 3417 singuli
3640 3350 3882 3407 artiﬁces

2287 3458 2406 3511 qua:
2429 3442 2527 3495 sibi
2551 3450 2878 3511 congruunt;
2900 3450 2955 3495 et
2974 3456 3239 3511 quemque
3263 3442 3506 3496 invenies
3528 3441 3884 3497 instrumenta

2286 3549 2380 3588 sua
2410 3542 2756 3599 tractantem;
2782 3533 2975 3587 mulier
3029 3534 3206 3588 colum
3238 3532 3322 3588 vel
3356 3543 3619 3588 texturam
3654 3535 3881 3604 arripit:

2287 3626 2377 3681 ille
2406 3636 2581 3680 autem
2622 3640 2833 3680 summo
2884 3641 3039 3681 mane
3063 3626 3212 3696 quasi
3246 3641 3439 3695 porcus
3461 3626 3528 3680 ad
3556 3628 3884 3696 pascendum

2284 3727 2525 3772 ventrem
2557 3718 2697 3783 exit,
2730 3733 2977 3786 quaerens
3006 3717 3278 3789 quomodo
3308 3718 3507 3772 lautam
3540 3730 3694 3789 paret
3724 3736 3881 3776 inen-

2285 3825 2418 3863 sam.
2472 3810 2631 3880 Atqui
2680 3810 2965 3865 brutorum
3006 3820 3088 3864 est
3128 3819 3334 3864 tantum
3379 3827 3411 3865 a
3460 3827 3671 3865 summo
3722 3829 3882 3870 mane

2283 3903 2457 3957 cibum
2486 3902 2655 3968 adire,
2679 3904 2800 3971 quia
2828 3902 2894 3955 ad
2926 3903 3061 3956 nihil
3093 3903 3239 3956 utilia
3271 3912 3418 3969 sunt,
3449 3903 3550 3957 nisi
3577 3904 3642 3958 ad
3676 3917 3885 3960 macta.

2286 3994 2503 4049 tionem.
2555 3993 2648 4047 Illa
2681 4008 2807 4047 vero
2832 4009 2951 4062 qua:
2999 3993 3161 4049 dorso
3205 4004 3450 4064 gestant,
3481 4004 3535 4050 et
3564 3997 3715 4066 operi
3753 4006 3885 4067 apta

2282 4098 2435 4152 sunt,
2486 4087 2597 4156 ipsa
2645 4102 2855 4157 quoque
2904 4096 3063 4142 noctu
3090 4087 3154 4140 ad
3186 4102 3323 4157 opus
3348 4088 3722 4159 egrediuntur.
3780 4090 3887 4145 llic

2279 4191 2457 4235 autem
2486 4196 2515 4234 a
2545 4181 2684 4235 lecto
2707 4196 2952 4251 surgens,
2984 4182 3097 4237 sole
3124 4180 3297 4236 forum
3328 4183 3591 4252 replente,
3614 4194 3669 4238 et
3699 4186 3850 4239 omni

2279 4274 2377 4327 bus
2409 4274 2587 4327 labore
2614 4273 2839 4340 satiatis,
2870 4274 3041 4343 surgit
3066 4290 3126 4329 se
3155 4274 3466 4330 distendens
3493 4277 3643 4345 quasi
3677 4292 3879 4346 porcus

2278 4366 2569 4433 saginatus,
2596 4373 2875 4433 postquam
2911 4366 3166 4434 optimam
3193 4365 3299 4421 diei
3325 4377 3529 4435 partem
3553 4368 3606 4421 in
3634 4369 3876 4426 tenebris

2277 4458 2628 4526 consumpsit.
2671 4456 2872 4512 Deinde
2920 4460 3087 4512 multo
3118 4468 3360 4529 tempore
3408 4460 3459 4514 in
3499 4460 3638 4515 lecto
3678 4461 3868 4526 sedet,

2278 4566 2375 4604 nec
2439 4550 2577 4604 ferre
2626 4559 2801 4621 potest
2851 4564 2996 4619 sa‘pe
3041 4554 3399 4622 vespertinam
3438 4554 3751 4624 crapulam,
3816 4560 3868 4612 in

2279 4642 2360 4696 his
2392 4652 2711 4712 consumpta
2738 4644 2967 4697 maxima
3020 4646 3279 4715 temporis
3333 4655 3503 4715 parte.
3561 4647 3695 4703 Ilinc
3744 4663 3869 4704 sese

2274 4746 2525 4799 exornat,
2558 4744 2611 4791 et
2642 4736 2881 4806 procedit
2912 4738 3256 4808 turpitudinis
3294 4741 3657 4809 spectaculum
3683 4784 3697 4807 ,
3730 4742 3869 4797 nihil

2273 4826 2477 4881 habens
2530 4828 2795 4893 hominis,
2847 4829 2940 4883 sed
2988 4829 3166 4883 omnia
3210 4830 3599 4886 hominiformis
3644 4832 3856 4889 bestia:-

2270 4926 2409 4981 oculi
2460 4926 2707 4995 lippiunt,
2741 4928 3017 4980 vinumms
3044 4926 3170 4992 olet,
3207 4926 3401 4981 misera
3428 4927 3602 4982 anima
3626 4930 3780 4999 quasi
3808 4932 3866 4984 in

2270 5018 2464 5072 lectum
2495 5018 2736 5085 conjecta
2762 5019 2831 5072 ob
2860 5010 3059 5071 illatam
3091 5018 3208 5071 sine
3234 5018 3394 5073 modo
3421 5019 3659 5074 ciborum
3693 5024 3866 5077 sarci-

2271 5125 2414 5175 nam,
2443 5111 2620 5163 carnis
2661 5110 2870 5179 pondus
2898 5109 3285 5165 circumferens
3315 5114 3452 5165 sicut
3480 5112 3720 5180 elephas.
3754 5112 3871 5168 Dee

2270 5204 2391 5257 inde
2418 5204 2634 5259 veniens
2661 5204 2712 5256 in
2742 5202 2876 5257 locis
2906 5203 3087 5268 sedet,
3118 5206 3347 5273 taliaque
3373 5204 3501 5260 dicit
3525 5214 3581 5260 et
3609 5204 3734 5259 facit
3755 5248 3771 5269 ,
3800 5189 3866 5262 ut

2266 5297 2455 5351 melius
2482 5304 2628 5351 esset
2654 5295 2889 5351 dormire
2921 5296 3063 5350 illum
3088 5338 3101 5359 ,
3126 5312 3282 5365 quam
3320 5296 3557 5366 vigilare.
3588 5297 3641 5351 Si
3673 5300 3859 5367 gravia
3954 5332 3963 5335 —

2267 5390 2594 5453 nuntientur,
2621 5388 2797 5458 puella
2814 5390 2999 5457 quavis
3026 5389 3238 5443 mollior
3264 5396 3382 5450 est;
3407 5388 3450 5442 si
3474 5390 3679 5452 suavia,
3703 5393 3859 5458 puel-

2266 5482 2297 5534 li
2342 5482 2574 5551 cujusvis
2631 5480 2907 5535 tenerior:
2941 5480 3373 5550 frequentissime
3412 5482 3621 5535 oscitat.
3666 5481 3858 5539 Omni-

2264 5576 2360 5630 lius
2384 5586 2585 5645 prostat
2607 5574 2741 5627 mala
2763 5574 2955 5628 inferre
2977 5574 3300 5639 volentibus,
3324 5576 3367 5629 si
3394 5591 3495 5630 non
3521 5575 3858 5645 hominibus,

2263 5679 2408 5722 certe
2448 5666 2725 5721 affecnbus
2762 5686 2775 5722 :
2806 5667 2961 5721 talem
3003 5664 3276 5722 hominem
3307 5666 3459 5723 facile
3486 5669 3722 5723 excitant
3749 5668 3856 5740 ira,

2260 5759 2689 5829 concupiscentia
2712 5800 2726 5822 ,
2759 5758 2954 5811 invidia
2979 5800 2991 5822 ,
3027 5758 3225 5811 omnia.
3278 5756 3479 5814 Omnes
3530 5759 3857 5829 adulantur,

2264 5869 2449 5909 omnes
2492 5852 2816 5916 ministrant,
2862 5853 3158 5906 molliorem
3204 5853 3365 5909 solito
3404 5852 3692 5909 reddentes
3729 5857 3857 5910 ani.

2270 5967 2406 6006 mam
2454 5970 2465 6004 :
2515 5960 2567 6005 et
2609 5947 2842 6019 quotidie
2896 5944 3075 6018 prodit
3127 5961 3246 6001 eum
3300 5963 3484 6018 magna
3540 5950 3848 6007 urmsshme
