4082 6502
191 467 299 519 253

194 589 288 641 καὶ
341 589 370 640 ό
399 586 677 639 Ἀπόλλων
717 586 929 655 δαίμων
961 585 1105 650 ἐστίς
1169 587 1277 640 Καὶ
1319 587 1444 640 ἐπεὶ
1493 586 1743 640 ἐϐούλετο
1792 590 1872 653 είς

187 675 533 750 πειρασμοὺς
568 675 765 736 αὐτοὺς
803 672 1079 742 ἐμϐαλεῖν,
1140 673 1280 727 ὥστε
1321 673 1520 743 μᾶλλον
1551 676 1869 745 παροξῦναι,

193 764 538 836 παρώρμησε
567 763 765 831 λέγειν.

261 934 333 1007 β’.
362 931 433 987 Ὦ
457 934 623 1006 μιαρὲ
655 935 745 986 καὶ
778 932 1069 1004 παμμίαρε
1090 948 1105 964 ο
1135 935 1184 986 εί
1217 933 1396 986 τοίνυν
1432 931 1600 997 οἶδας,
1640 934 1723 986 ὅτι
1754 931 1874 986 ὁδὸν

185 1021 468 1092 σωτηρίας
495 1020 948 1088 καταγγέλλουσι,
979 1020 1032 1073 τί
1062 1021 1136 1092 μὴ
1173 1019 1452 1084 ἐξίστασαι
1494 1019 1671 1084 ἐκὼνς
1731 1020 1870 1074 Ἀλλ’

183 1112 330 1181 ὅπερ
347 1108 530 1178 Σίμων
563 1107 816 1171 ἐϐούλετο
841 1108 1014 1176 λέγων
1031 1125 1043 1138 ·
1079 1109 1222 1162 Δότε
1242 1127 1367 1178 μοι,
1405 1110 1507 1163 ἵνα
1533 1102 1581 1176 ᾧ
1599 1110 1711 1163 ἐὰν
1742 1108 1874 1162 ἐπιδ

180 1197 272 1253 θῶ
307 1196 414 1259 τὰς
456 1195 680 1265 χεῖρας,
723 1195 1000 1266 λαμϐάνῃ
1055 1195 1297 1265 Πνεῦμα
1339 1196 1512 1265 ἄτιον
1535 1213 1549 1227 ο
1586 1196 1748 1250 τοῦτο
1781 1196 1875 1250 καὶ

178 1278 346 1347 οὗτος
371 1285 544 1336 ἐποίει
566 1298 591 1334 ⁸.
623 1283 807 1353 ἐπειδὴ
835 1279 973 1335 εἶδεν
992 1275 1436 1352 εὐδοκιμοῦντας,
1478 1284 1575 1338 καὶ
1601 1277 1702 1338 ὧδε
1737 1285 1865 1337 ὐπο-

181 1373 454 1442 κρίνεται,
482 1381 506 1407 ‘
537 1370 710 1443 ταύτῃ
750 1371 1152 1442 προσεδόκησεν
1183 1373 1376 1425 ἐαυτὸν
1412 1373 1669 1442 ἀφίεσθαι
1701 1374 1760 1426 ἐν
1797 1372 1874 1443 τῷ

179 1461 428 1530 σώματι,
466 1461 609 1514 είτά
655 1460 796 1512 αὐτά
847 1459 1155 1530 κηρύξειεν.
1208 1461 1271 1512 Ei
1311 1460 1366 1512 δὲ
1401 1462 1551 1531 παρὰ
1584 1461 1872 1533 ἀνθρώπου

181 1552 317 1618 Οὐχ
347 1549 560 1616 ὡραῖος
588 1552 618 1603 ὁ
649 1545 819 1613 αίιγος
846 1550 916 1602 ἐν
939 1546 1019 1614 ἐῷ
1041 1550 1293 1619 στόματι
1325 1549 1695 1619 ἀμαρτωλοῦ,
1741 1551 1874 1604 πολ-

176 1637 263 1708 λῷ
322 1638 522 1708 μᾶλλον
571 1637 720 1709 παρά
779 1637 1035 1708 δαίμονος
1070 1654 1084 1669 ·
1136 1639 1181 1690 εὶ
1242 1637 1397 1708 παρά
1447 1637 1750 1709 ἀνθρώπων
1805 1639 1873 1710 ὴν

178 1726 502 1796 μαρτυρίαν
541 1727 601 1780 οὐ
624 1726 888 1798 λαμϐάνει
927 1728 955 1780 0
993 1726 1246 1798 Χριστὸς,
1267 1726 1387 1779 οὐδέ
1422 1730 1574 1798 παρά
1603 1725 1873 1790 Ἰωάννου,

177 1814 372 1885 πολλῷ
389 1814 588 1883 μᾶλλον
609 1815 760 1885 παρά
777 1815 1050 1881 δαίμονος.
1083 1813 1155 1866 Τὸ
1176 1814 1285 1885 γὰρ
1321 1814 1610 1884 κηρύττειν
1645 1815 1747 1868 οὐκ
1777 1817 1874 1869 ἀν-

176 1902 449 1975 θρώπων,
481 1903 616 1957 ἀλλά
641 1902 954 1972 Πνεύματος
1005 1902 1184 1970 ἁγίου.
1243 1903 1393 1954 Ἐπεὶ
1420 1896 1513 1955 οῦν
1540 1899 1877 1966 ἀλαζονικῶς

173 1998 408 2050 ἐποίουν
440 1995 694 2064 βοῶντες,
727 1997 794 2065 τῇ
821 1995 1036 2064 κραυγῇ
1069 1992 1437 2062 καταπλήξειν
1466 1994 1746 2064 ἐνόμισαν,
1783 1993 1874 2047 λέ-

173 2101 378 2152 γοντες
397 2100 410 2114 ’
455 2080 630 2139 Οὗτοι
650 2088 702 2137 οὶ
728 2084 1026 2151 ἄνθρωποι
1049 2081 1545 2149 ἐκταράσσουσιν
1570 2081 1741 2152 ἡμῶν
1762 2081 1876 2151 τὴν

173 2174 392 2227 πόλιν.
425 2172 490 2224 Τί
535 2172 750 2240 λέγεις;
786 2171 946 2242 πείθῃ
988 2171 1066 2242 τῷ
1113 2170 1364 2241 δαίμονις
1414 2171 1502 2225 διά
1537 2172 1590 2225 τί
1629 2173 1752 2242 οὐχὶ
1783 2173 1877 2226 καὶ

173 2260 455 2324 ἐνταῦθα;
494 2260 731 2320 Ἐκεῖνος
753 2258 921 2327 λέγει,
955 2258 1038 2311 ὅτι
1066 2258 1278 2313 Δοῦλοι
1301 2259 1408 2312 τοῦ
1435 2259 1585 2314 Θεοῦ
1609 2258 1713 2314 τοῦ
1736 2261 1875 2329 ὑψί-

173 2366 370 2402 στουο
411 2351 476 2401 σὺ
511 2348 711 2415 λέγεις,
756 2348 838 2400 ὅτι
877 2346 1402 2415 Ἐκταριίσσουσιν
1424 2345 1597 2418 ἡμῶν
1622 2348 1738 2416 τὴν
1767 2350 1876 2401 πό-

173 2442 319 2491 .ιιν⁶
365 2437 572 2499 ἐκεῖνος
618 2436 786 2502 λέγει,
841 2436 922 2488 ὅτι
976 2434 1506 2505 Καταγγὲλλουσιν
1541 2435 1685 2504 ἡμῖν
1733 2436 1878 2490 ὁδὸν

176 2525 488 2590 σωτηρίας
507 2541 520 2552 ·
559 2523 623 2576 συ
665 2523 866 2592 λέγεις,
904 2523 1344 2590 Παραδιδόασιν
1373 2522 1517 2592 ἡμῖν
1545 2523 1671 2591 ἔθη,
1695 2523 1734 2577 d
1767 2527 1877 2578 οὐκ

175 2615 393 2678 ἔξεστι
437 2612 898 2682 παραδέχεσθαι.
937 2614 1077 2684 Ὅρα
1135 2613 1254 2666 οὐδὲ
1289 2613 1366 2683 τῷ
1417 2614 1634 2683 δαίμονι
1681 2616 1878 2680 αὐτους

181 2702 586 2772 προσέχοντας,
636 2702 772 2755 ἀλλά
800 2702 935 2772 πρὸς
960 2701 1017 2754 ἓν
1054 2702 1317 2772 ὁρῶντας,
1357 2704 1456 2773 τὴν
1488 2704 1876 2774 φιλαργυρίαν.

179 2789 511 2846 Εἵλκυστίν
533 2805 594 2844 τε
620 2791 864 2856 αὐτοὺς,
897 2791 1080 2860 φησὶν,
1107 2795 1194 2858 είς
1218 2792 1333 2860 τὴν
1359 2794 1586 2863 ἀγορὰν
1609 2795 1706 2846 ἐπὶ
1735 2794 1879 2860 τοὺς

177 2880 518 2949 ἄρχοντας’
561 2882 658 2934 καὶ
687 2881 1036 2948 συνεπέστη
1069 2885 1101 2936 ό
1131 2881 1315 2950 ὄχλος
1337 2885 1464 2935 κατ’
1492 2881 1709 2939 αὐτῶν.
1733 2883 1879 2954 ’Όρα

178 2970 391 3031 αὐτοὺς
441 2970 540 3022 οὐκ
585 2970 1048 3040 ἀποκρινομένους
1081 2969 1204 3022 οὐδὲ
1248 2970 1744 3041 ἀπολογουμένους,
1791 2972 1878 3023 ἵνα

185 3056 445 3126 μείζονος
466 3056 606 3122 ἄξιοι
635 3056 911 3126 θαύματος
957 3057 1244 3124 γένωνται.
1294 3057 1479 3111 Ὅταν
1527 3059 1654 3129 γὰρ,
1692 3059 1875 3129 φησὶν,

181 3142 450 3206 ἀσθενῶ,
480 3145 612 3197 τότε
641 3144 900 3209 δυνατός
924 3147 1056 3213 εἰμι.
1093 3144 1294 3211 Ἀρκεῖ
1320 3161 1419 3198 σοι
1458 3145 1493 3212 ἡ
1531 3145 1703 3213 χάρις
1735 3162 1876 3214 μου·

183 3236 227 3303 ἡ
271 3232 387 3303 γὰρ
415 3232 669 3302 δύναμίς
702 3252 822 3303 μου
880 3235 950 3286 ὲν
979 3233 1265 3299 ἀσθενείᾳ
1313 3235 1662 3287 τελειοῦται.
1718 3235 1881 3286 Ὥστε

186 3322 290 3375 καὶ
336 3321 445 3373 ἀπὸ
490 3317 593 3390 τῆς
638 3319 935 3383 ἐπιεικείας
986 3320 1376 3392 θαυμασθῆναι
1437 3321 1635 3386 αὐτοὺς
1691 3323 1882 3393 ἐχρῆν.

187 3410 349 3480 Ὅσῳ
372 3408 743 3479 ἀκριϐεστέρα
770 3409 804 3479 ὴ
833 3408 1049 3480 φυλακὴ
1087 3411 1320 3476 γίνεται,
1352 3409 1590 3480 τοσούτῳ
1613 3409 1674 3463 τὸ
1699 3409 1885 3480 θαῦμα

187 3498 612 3568 λαμπρότερον..
633 3497 794 3560 Ἴσως
827 3496 927 3568 τὴν
961 3497 1224 3551 σύστασιν
1259 3497 1495 3565 ἐκκόψαι·
1519 3498 1548 3538 δ
1575 3498 1887 3569 βουλόμενοι

187 3586 355 3639 τοῦτο
381 3587 598 3638 ἐποίουν
620 3587 839 3639 ἐκεῖνοι.
873 3585 1091 3655 Ἐπειδὴ
1112 3580 1251 3638 εἶδον
1272 3586 1364 3638 τὸν
1400 3582 1558 3647 ὄχλον
1581 3587 1884 3656 ἐφεστῶτα,

187 3678 314 3736 ταῖς
342 3674 439 3744 μὲν
465 3673 703 3742 πληγαῖς
733 3674 825 3726 τὸν
848 3672 1018 3744 θυμὸν
1043 3673 1182 3735 τέως
1218 3674 1413 3743 στῆσαι
1450 3674 1752 3740 ἐϐούλοντο,
1809 3677 1888 3747 τῷ

187 3764 248 3817 δὲ
280 3763 363 3824 εἱς
395 3761 773 3832 δεσμωτήριον
799 3761 1058 3832 ἐμϐαλεῖν
1105 3763 1200 3816 καὶ
1237 3764 1605 3833 παραγγεῖλαι
1626 3765 1888 3832 ἀσφαλῶς

187 3853 408 3922 τηρεῖν,
453 3849 687 3904 ἀκοῦσαι
730 3849 925 3921 ῆθελον
953 3848 1049 3907 τοῦ
1089 3850 1434 3921 πράγματος.
1485 3851 1596 3905 Καὶ
1624 3854 1887 3921 ἠσφαλί-

190 3956 370 4004 σατο,
399 3939 588 4010 φησὶν,
633 3941 722 4007 είς
751 3938 818 3994 τὸ
847 3939 1058 4005 ξύλον,
1090 3939 1163 4004 ὡς
1205 3939 1271 3992 ἀν
1311 3939 1454 3992 είποι
1505 3958 1609 4005 τις,
1657 3943 1750 4005 El;
1796 3943 1887 3995 τὸν

190 4026 412 4099 νέρϐον.
448 4028 635 4081 Πόσων
662 4027 914 4099 δακρύων
942 4029 1010 4081 τά
1033 4027 1128 4081 νῦν
1155 4027 1316 4093 ἀξια;
1349 4029 1577 4088 Ἐκεῖνοι
1625 4031 1724 4101 μὲν
1747 4033 1886 4086 ἔπα-

193 4113 290 4167 θον
337 4115 438 4167 ὅσα
459 4115 554 4166 καὶ
601 4113 824 4179 ἔπαθον,
883 4117 1046 4186 ἡμεῖς
1079 4114 1137 4168 δὲ
1186 4117 1242 4167 ἐν
1281 4119 1500 4188 τρυφῇ,
1544 4119 1706 4189 ἡμεῖς
1739 4120 1796 4172 δὲ
1830 4122 1886 4173 ἐν

193 4201 471 4272 θεάτροις.
507 4201 671 4255 Ὅθεν
712 4203 808 4256 καὶ
835 4202 1208 4273 ἀπολλύμεθα,
1234 4204 1883 4278 καὶκαταποντιζόμεθα,

192 4293 385 4346 ἄνεσιν
414 4289 704 4358 ζητοῦντες
747 4289 1046 4362 πανταχοῦ,
1079 4292 1174 4345 καὶ
1203 4292 1324 4346 οὐδὲ
1355 4293 1549 4364 μέχρις
1573 4295 1885 4366 ὀνειδισμοῦ

193 4380 289 4433 ειά
327 4379 419 4432 τὸν
442 4381 676 4450 Χριστὸν
697 4379 1011 4451 ἀνεχόμενοι
1041 4380 1372 4453 λυπηθῆναι,
1402 4384 1524 4438 οὐδὲ
1547 4385 1710 4455 μέχρι
1733 4385 1884 4458 [272]

194 4467 384 4535 λόγου.
420 4465 641 4529 Τούτοις
691 4467 931 4537 συνεχῶς
969 4469 1477 4540 ἀναμιμνήσκωμεν
1500 4473 1750 4537 ἑαυτοὺς*
1782 4491 1887 4527 m"

201 4554 445 4628 ρακαλῶ,
472 4555 574 4607 ὅσα
600 4554 820 4619 ἔπαθον,
857 4555 958 4609 ὅσα
1001 4555 1319 4627 ὑπέμειναν,
1373 4557 1491 4622 πῶς
1549 4559 1650 4612 οὐκ
1697 4559 1889 4632 ἐθορυ-

197 4642 414 4705 ϐοὖντο,
469 4641 585 4705 πῶς
633 4643 733 4695 οὐκ
773 4642 1234 4708 ἐσκανδαλίζοντο.
1280 4644 1352 4697 Τὸ
1407 4646 1502 4700 τοῦ
1549 4647 1685 4700 Θεοῦ
1723 4649 1887 4720 ἔργον

198 4733 443 4795 ἐποίουν,
473 4734 565 4785 καὶ
596 4731 769 4787 ταῦτα
811 4732 1068 4803 ἔπασχον.
1105 4735 1220 4787 Οὐκ
1252 4735 1456 4803 ἔλεγον,
1499 4737 1562 4788 Τί
1587 4734 1746 4792 τοῦτο
1787 4757 1886 4810 κη-

203 4821 503 4892 ρύττομεν,
547 4821 644 4874 καὶ
706 4822 766 4874 οὐ
823 4823 1146 4890 προΐσταται
1209 4823 1365 4894 ἡμῶν
1421 4825 1448 4875 ὁ
1502 4825 1672 4889 Θεός;
1723 4827 1885 4882 Ἀλλά

201 4914 300 4963 καὶ
361 4910 521 4963 τοῦτο
574 4911 773 4973 αὐτοὺς
817 4910 1053 4978 ὠφέλει,
1109 4913 1202 4965 καὶ
1253 4914 1420 4983 χωρὶς
1482 4913 1583 4982 τῆς
1633 4914 1887 4984 βοηθείας

205 4996 360 5068 αύτῷ
388 4997 467 5067 τῷ
496 4993 780 5068 πράγματι
811 5000 1205 5070 εὐτονωτέρους
1244 5001 1436 5062 ἐποίει,
1481 5003 1884 5073 ἰσχυροτέρους,

203 5085 661 5156 ἀκαταπλήκτους
690 5097 738 5138 ο.
778 5085 848 5139 'll
890 5086 1118 5154 θλῖψις,
1159 5088 1345 5157 φησὶν,
1383 5091 1703 5159 ὑπομονὴν
1740 5109 1883 5145 κατ-

202 5173 524 5242 εργάζεται.

276 5262 372 5332 Μὴ
411 5263 475 5334 δὴ
533 5263 622 5316 τὸν
678 5265 844 5335 ύγρον
886 5269 981 5318 καὶ
1022 5266 1410 5335 διακεχυμένον
1459 5269 1712 5338 ζητῶμεν
1752 5270 1886 5340 βίον.

205 5351 422 5421 Ὠσπερ
458 5351 567 5423 γάρ
596 5352 829 5405 ἐνταῦθα
856 5351 1075 5404 διπλοῦν
1121 5353 1180 5405 τὸ
1231 5354 1416 5421 καλὸν,
1463 5356 1544 5408 ὅτι
1570 5373 1628 5409 τε
1676 5359 1890 5428 ισχυροὶ

207 5439 453 5506 γίνονται
483 5441 578 5493 καὶ
606 5441 687 5494 ὅτι
719 5439 947 5511 μεγάλοι
980 5443 1028 5494 οί
1059 5441 1262 5511 μισθοὶ,
1310 5443 1483 5507 οῦτως
1516 5447 1635 5498 ἐκεῖ
1663 5445 1890 5499 διπλοῦν

209 5528 271 5580 τὸ
297 5527 484 5593 κακὸν,
510 5528 592 5580 ὅτι
621 5545 677 5580 τε
720 5527 1097 5600 μαλακώτεροι
1149 5530 1502 5584 καθίστανται
1535 5536 1627 5585 καὶ
1664 5535 1746 5587 ὅτι
1801 5535 1890 5588 ἐπ’

207 5616 384 5670 οὐδενὶ
406 5617 648 5686 χρηστῷ,
688 5616 824 5669 ἀλλά
845 5620 938 5671 καὶ
967 5620 1059 5670 ἐπὶ
1097 5617 1268 5688 κακῷ.
1300 5620 1465 5672 Οὐδὲν
1488 5620 1598 5692 γάρ
1621 5624 1893 5693 ἀχρηστό-

208 5722 369 5775 τερον
417 5704 703 5774 ἀνθρώπου
751 5705 946 5773 γένοιτ’
980 5705 1045 5759 ἂν
1084 5708 1142 5758 ἐν
1188 5707 1370 5760 ἀνέσει
1423 5710 1518 5762 καὶ
1561 5715 1740 5782 τρυφῇ
1799 5713 1892 5766 τὸν

211 5793 430 5845 ᾶπαντα
462 5793 833 5857 διατελοῦντος
887 5795 1098 5864 χρόνον.
1142 5797 1305 5866 Ἀνὴρ
1345 5797 1476 5868 γὰρ,
1519 5801 1701 5869 φησὶν,
1738 5802 1894 5854 ἀπείο

217 5897 433 5951 ραστίς,
471 5881 566 5934 καὶ
584 5881 871 5950 ἀδόκιμοςο
909 5883 1186 5952 ἀδόκιμος,
1213 5885 1313 5938 οὐκ
1339 5887 1396 5937 ἐν
1420 5889 1532 5950 τοῖς
1560 5889 1738 5956 ἀγῶσι
1767 5889 1855 5950 ’δι’

276 6057 293 6080 ⁸
319 6060 410 6106 Καὶ
434 6057 546 6106 οὐδέ
566 6057 890 6117 ὑποκρίνεται,
917 6060 985 6106 sic
1015 6073 1142 6106 unus
1163 6059 1334 6109 cndex.
1410 6061 1435 6100 δ
1466 6061 1597 6111 Idem
1617 6066 1700 6121 τήν
1725 6068 1894 6116 στάσιν

214 6120 435 6180 ὖκκοραι.
505 6122 527 6151 τ
557 6121 674 6179 Alii,
697 6122 839 6182 χωρὶς
875 6129 956 6179 τῆς
988 6122 1200 6180 ἀληθείας
1232 6123 1276 6170 ἐν
1315 6123 1441 6188 α’)τῴ
1479 6128 1548 6188 τῲ
1573 6120 1828 6190 πράγματι.

1227 465 1292 521 IN
1342 465 1520 522 ACTA
1555 465 2344 526 APOSTOLORUMJIOMIL.
2382 467 2575 524 XXXV

3554 463 3661 518 ⁸256

1969 606 2106 652 τοις,
2137 588 2270 644 ἀλλὰ
2293 589 2389 643 καὶ
2417 590 2474 642 ἐν
2497 591 2610 654 τοῖς
2643 588 2824 652 ἄλλοις
2854 589 3080 643 ἅπασιν.
3103 589 3414 660 Ἀχρηστον-
3429 586 3666 656 πρᾶγμα

1971 678 2005 746 ἡ
2036 676 2241 740 ἄνεσις,
2280 679 2374 732 καὶ
2406 679 2466 730 ἐν
2497 678 2636 748 αὐτῇ
2689 677 2748 730 δὲ
2799 679 2865 749 τῇ
2890 679 3069 748 τρυφῇ
3097 676 3250 729 οὐδὲν
3278 673 3451 737 οὕτως
3475 675 3664 727 ἀνεπι-

1971 764 2201 836 τήδειον,
2231 765 2307 829 ὡς
2353 765 2413 819 τὸ
2466 767 2719 836 τρυφᾷνδ
2782 764 3088 835 προσκορὲς
3136 763 3246 834 γάρ
3295 764 3464 816 ἐστιν.
3529 759 3668 814 Οὐτε

1976 852 2161 906 σιτίων
2192 852 2352 925 ἡδονὴ
2387 852 2646 923 τοσαύτη,
2683 851 2808 906 οὔτε
2859 853 3118 914 ἀνέσεως,
3170 850 3308 904 ἀλλά
3341 849 3522 902 πάντα
3556 847 3667 915 ἐξίσ-

1973 940 2112 1011 τηλα
2141 943 2348 1011 γίνεται
2385 943 2476 996 καὶ
2513 943 2747 1014 διαρρεῖ.
2808 941 2900 1012 Μὴ
2941 941 3005 1012 δὴ
3037 939 3243 1010 ταύτην
3293 936 3665 1008 ἐπιζητῶμεν.

1974 1028 2038 1081 EE
2068 1030 2176 1098 γάρ
2210 1033 2432 1083 σκοπεῖν
2464 1030 2766 1102 θελήσομεν
2799 1031 2882 1093 τίς
2913 1030 3062 1100 ἥδιον
3094 1028 3295 1095 διάγει,
3334 1028 3364 1079 0
3395 1025 3666 1096 πονούμεο

1973 1131 2063 1179 νος
2095 1117 2186 1169 καὶ
2221 1105 2741 1189 ταλαιπωρούμενος
2780 1119 2813 1188 ἢ
2861 1119 2890 1170 0
2930 1116 3152 1189 τρυφῶν
3176 1132 3190 1146 ·
3242 1113 3433 1167 τοῦτον
3465 1113 3670 1184 μᾶλλον

1973 1202 2296 1274 εὑρήσομεν.
2333 1205 2554 1277 Πρῶτον
2588 1205 2685 1276 μὲν
2705 1205 2813 1276 γάρ
2839 1204 2931 1258 τοῦ
2957 1203 3205 1257 τοιούτου
3234 1202 3296 1254 τὸ
3342 1201 3504 1272 σῶμα
3537 1201 3672 1256 αὐτὸ

1973 1289 2197 1344 ἔκλυτον
2226 1292 2321 1346 καὶ
2351 1291 2698 1363 πεπλαδηκός
2719 1310 2733 1325 ο
2771 1292 2983 1366 ἔπειτα.
3019 1293 3116 1346 καὶ
3167 1292 3225 1345 αί
3258 1291 3353 1344 τοῦ
3411 1289 3669 1360 σώματος

1973 1379 2255 1449 αἰσθήσεις
2289 1379 2390 1433 οὐκ
2427 1382 2568 1433 εἰσιν
2599 1381 2914 1450 εἰλικρινεῖς
2941 1377 3064 1432 οὐδὲ
3089 1381 3284 1448 ὑγιεῖς,
3314 1377 3450 1431 ἀλλά
3472 1378 3672 1447 χαῦναι

1974 1465 2070 1519 καὶ
2115 1466 2353 1537 μαλακαί
2377 1479 2401 1508 ⁸
2427 1484 2440 1498 ·
2476 1467 2684 1521 τούτων
2711 1467 2768 1520 δέ
2795 1468 2896 1520 οὐκ
2921 1466 3118 1530 οὐσῶν,
3171 1467 3293 1520 οὐδὲ
3321 1467 3421 1537 1?};
3457 1465 3671 1534 ὑγιείας

1971 1553 2135 1626 ἡδονὴ
2174 1557 2441 1624 φαίνεται.
2486 1556 2644 1620 Ποῖος
2696 1555 2861 1618 ἵππος
2903 1556 3199 1626 χρήσιμος,
3240 1557 3269 1608 ὁ
3318 1555 3542 1626 τρυφῶν
3575 1555 3608 1625 ἦ
3641 1557 3671 1609 0

1973 1642 2418 1714 γυμναζόμενος;
2447 1643 2576 1696 ποία
2590 1643 2744 1706 ναῦς,
2766 1645 2799 1712 ἡ
2825 1642 3064 1696 πλέουσα
3086 1643 3170 1714 ἢὴ
3197 1642 3478 1716 ἀργοῦσαι
3515 1645 3671 1696 ποῖον
3731 1677 3739 1684 ρ

1975 1729 2140 1801 ὕδωρ,
2172 1732 2230 1784 τὸ
2257 1731 2449 1802 τρέχον
2469 1732 2500 1802 ἢ
2524 1732 2585 1785 τὸ
2610 1731 2783 1795 ἑστώς
2804 1750 2817 1796 ;
2845 1735 2995 1795 ποῖος
3020 1732 3263 1804 σίδηρος,
3281 1733 3312 1784 0
3341 1732 3494 1785 κινού
3503 1749 3666 1801 μενος

1975 1819 2008 1890 ἢ
2039 1822 2066 1873 0
2101 1819 2174 1891 μὴ
2203 1821 2607 1891 ἐργαζόμενοςς
2637 1823 2734 1891 οὐχ
2777 1825 2803 1874 0
2828 1822 2926 1892 μὲν
2949 1821 3288 1893 ἀπολάμπει,
3319 1821 3414 1875 καὶ
3439 1821 3668 1897 ἀργύρῳ

1976 1907 2316 1978 προσέοικεν,
2362 1911 2390 1961 0
2439 1909 2494 1961 δὲ
2539 1910 2799 1962 κατίωται
2832 1909 3110 1980 πανταχοῦ
3137 1909 3411 1980 ἄχρηστος
3443 1910 3540 1974 ῶν,
3573 1909 3673 1963 καὶ

1975 1993 2077 2063 1?};
2112 1995 2244 2067 ὐλης
2271 1996 2512 2060 ἀπολλύς
2539 2015 2593 2049 τι
2641 1999 2741 2068 τῆς
2771 1998 3020 2063 οίκείας;
3073 1997 3330 2050 Τοιοῦτόν
3363 2015 3417 2051 τι
3457 1998 3672 2065 γίνεται

1977 2083 2069 2135 καὶ
2108 2083 2200 2135 ἐπὶ
2224 2085 2323 2154 τῆς
2354 2084 2632 2157 ἀργούσης
2659 2085 2868 2156 ψυχῆς·
2924 2086 3001 2148 ἰός
3023 2102 3105 2149 τις
3132 2087 3302 2155 αὐτῆς
3326 2089 3670 2156 καταχεῖται,

1975 2173 2069 2223 καὶ
2091 2171 2296 2242 τρώγει
2323 2173 2422 2244 τήν
2446 2190 2505 2226 τε
2532 2173 2893 2245 λαμπρότητα
2923 2173 3017 2228 καὶ
3047 2173 3117 2226 τά
3146 2173 3280 2227 ἄλλα
3306 2174 3503 2227 πάντα.
3549 2172 3670 2226 Τίνι

1974 2254 2068 2312 οῦν
2087 2259 2151 2312 ἄν
2180 2276 2264 2323 τις
2301 2259 2490 2314 τοῦτον
2524 2261 2861 2331 ἀποσμήξειε
2901 2261 2993 2314 τὸν
3025 2261 3139 2325 ίόν;
3176 2262 3254 2332 Τῇ
3298 2261 3402 2314 τῶν
3439 2260 3674 2329 θλίψεων

1976 2349 2180 2421 ἀκόνῃο
2221 2344 2381 2404 αὗται
2421 2351 2692 2421 χρήσιμον
2732 2349 3057 2423 ἐργάζονται
3114 2351 3213 2421 τὴν
3252 2351 3433 2420 ψυχὴν
3473 2351 3572 2403 καὶ
3615 2350 3675 2404 ἐν

1977 2438 2142 2489 πᾶσιν
2175 2436 2508 2506 ἐπιτηδείαν.
2572 2438 2696 2502 Πῶς
2745 2439 2874 2510 γὰρ,
2918 2438 3040 2492 εἰπέ
3108 2456 3219 2508 μοι,
3273 2438 3566 2508 δυνήσεται
3605 2439 3676 2491 τὰ

1978 2524 2126 2595 πάθη
2172 2524 2413 2595 τέμνειν,
2447 2526 2546 2596 τῆς
2579 2526 2763 2596 ἀκμῆς
2799 2525 3225 2597 ἀμϐλυνθείσης,
3265 2527 3361 2578 καὶ
3405 2524 3673 2596 μολύϐδου

1976 2612 2132 2681 δίκην
2162 2613 2777 2684 ἐπανακαμπτομένης;
2838 2613 2956 2676 πῶς
2996 2612 3088 2665 τὸν
3134 2612 3386 2666 διάϐολον
3422 2610 3625 2682 τρώσει
3655 2628 3673 2677 ;

1978 2698 2180 2752 Τίνιδέ
2222 2700 2323 2752 οὐκ
2348 2699 2496 2752 ἐστιν
2540 2699 2709 2770 ἀηδὴς
2753 2699 3041 2770 ἄνθρωπος
3065 2699 3439 2771 πολυσαρκίαν
3465 2698 3674 2762 ἀσκῶν,

1979 2785 2168 2857 φώκης
2204 2786 2362 2858 δίκην
2402 2787 2742 2859 συρόμενοςς

2049 2882 2119 2942 γ’.
2141 2876 2215 2928 υύ
2238 2875 2497 2946 περὶτῶν
2521 2875 2680 2944 φύσει
2703 2876 2872 2928 όντων
2896 2874 3055 2929 τοῦτο
3080 2876 3243 2943 λέγω,
3261 2874 3398 2928 ἀλλά
3422 2875 3676 2944 περὶτῶν

1980 2966 2043 3017 ἐκ
2072 2965 2171 3036 τῆς
2210 2966 2421 3038 τρυφῆς
2471 2965 2696 3019 τοιαῦτα
2751 2969 3281 3022 κατασκευασάντων
3322 2967 3390 3019 τὰ
3424 2965 3675 3037 σώματα,

1981 3053 2109 3123 περὶ
2141 3053 2248 3106 τῶν
2283 3053 2495 3106 λεπτῶν
2531 3053 2673 3106 κατὰ
2712 3053 2897 3122 φύσιν.
2932 3055 3231 3108 Ἀνέτειλεν
3275 3057 3303 3108 0
3335 3055 3508 3125 ἥλιος,
3533 3055 3676 3124 λαμ⁴

1983 3140 2128 3210 πράς
2160 3142 2339 3211 ἀφῆκε
2368 3140 2642 3211 πανταχοῦ
2671 3143 2770 3204 1‘1;
2800 3143 3045 3208 ἀκτῖνας,
3075 3144 3298 3214 ἤγειρεν
3321 3142 3551 3196 ἕκαστον
3580 3142 3679 3195 ἐπὶ

1983 3229 2050 3281 τά
2078 3229 2214 3299 ἔργα
2233 3245 2246 3258 ⁸
2295 3231 2322 3282 ὁ
2350 3229 2592 3298 γεωργὸς
2619 3229 2716 3299 τὴν
2743 3230 2994 3284 δίκελλαν
3027 3231 3210 3284 λαϐὼν
3237 3231 3457 3296 ἔξεισιν,
3488 3232 3518 3282 0
3549 3231 3678 3300 χαλ-

1985 3318 2219 3380 κοτύπος
2255 3319 2356 3388 τὴν
2397 3317 2629 3389 σφῦραν,
2657 3319 2753 3372 καὶ
2791 3319 2852 3371 τὸ
2891 3320 3229 3391 κατάλληλον
3275 3319 3506 3383 ἕκαστος
3569 3321 3679 3373 τῶν

1983 3405 2350 3476 δημιουργῶν,
2389 3407 2484 3458 καὶ
2550 3407 2803 3476 εὑρήσεις
2854 3406 3084 3461 ἕκαστον
3134 3408 3202 3461 τά
3253 3409 3431 3460 οἰκεῖα
3467 3406 3681 3478 ὄργανα

1990 3493 2530 3564 μετωχειριςόμενον·
2568 3496 2599 3564 ή
2634 3495 2771 3566 γυνὴ
2801 3495 3084 3566 ἠλακάτην
3127 3495 3159 3566 ἦ
3218 3497 3289 3548 τά
3342 3495 3677 3566 ὑφάσματα·

1986 3583 2149 3645 αὐτὸς
2176 3583 2233 3635 δὲ
2255 3582 2505 3652 καθάπερ
2522 3583 2549 3634 0
2566 3586 2747 3652 χοῖρος
2773 3584 2800 3623 ιι
2823 3584 3028 3648 εὐθέως
3050 3585 3161 3638 ἀπὸ
3188 3583 3333 3655 πρωῒ
3358 3585 3452 3638 ἐπὶ
3478 3585 3681 3657 βοσκὴν

1988 3671 2157 3736 ἔξεισι
2197 3670 2296 3738 τῆς
2346 3671 2605 3740 γαστρὸς,
2661 3671 2840 3738 ζητῶν
2867 3672 2986 3735 πῶς
3017 3670 3170 3744 [275]
3199 3671 3481 3744 τράπεζαν
3514 3673 3682 3725 πολυο

1987 3757 2114 3827 τελῆ
2148 3756 2569 3811 κατασκευάσει.
2611 3759 2806 3810 Καίτοι
2839 3758 2948 3812 τῶν
2982 3759 3194 3828 ἀλόγων
3225 3762 3344 3813 ἐστί
3375 3760 3535 3830 μόνον
3572 3760 3684 3814 ἀπὸ

1988 3845 2132 3916 πρωῒ
2160 3845 2475 3916 τρέφεσθαι,
2507 3846 2695 3917 ἐπειδὴ
2729 3845 2863 3918 πρὸς
2901 3847 3053 3902 οὐδέν
3095 3850 3212 3900 ἐστι
3239 3849 3509 3918 χρήσιμα,
3541 3849 3682 3903 ἀλλά

1988 3935 2124 4006 πρὸς
2143 3935 2203 3999 τὸ
2225 3933 2542 4004 σφάζεσθαι.
2570 3935 2650 3987 Τά
2674 3936 2731 3988 δέ
2765 3936 3051 4007 νωτοφόρα
3083 3936 3263 3989 αὐτῶν
3295 3936 3390 3989 καὶ
3413 3935 3681 4006 ἐργασίαν

1986 4025 2355 4094 ἀναδεχόμενα
2384 4025 2479 4078 καὶ
2510 4025 2650 4077 αὐτά
2671 4026 2778 4080 ἀπὸ
2811 4025 3021 4079 νυκτῶν
3054 4026 3146 4079 ἐπί
3176 4026 3236 4079 τὺ
3267 4025 3428 4097 ἔργον
3457 4025 3679 4091 ἔξεισιν.

1987 4109 2152 4178 Οὗτος
2183 4114 2239 4166 δὲ
2271 4115 2380 4168 ἀπὸ
2410 4115 2510 4185 τῆς
2540 4116 2700 4185 εὐνῆς
2734 4116 2996 4179 ἀναστὰς,
3029 4116 3124 4169 τοῦ
3155 4115 3306 4187 ἡλίου
3334 4116 3434 4186 τὴν
3472 4116 3682 4185 ἀγορὰν

1987 4202 2384 4273 ἐμπλήσαντος,
2434 4204 2529 4256 καὶ
2577 4204 2796 4257 πάντων
2826 4202 3193 4276 κορεσθέντων
3224 4203 3325 4274 1?};
3360 4203 3568 4265 οἰκείας
3592 4205 3682 4272 ἐρ-

1987 4293 2204 4358 γασίας,
2257 4289 2540 4343 ἀνίσταται
2595 4291 3012 4361 διατεινόμενος,
3073 4291 3325 4364 καθάπερ
3389 4291 3560 4354 δντως
3617 4285 3682 4356 ὗς

1988 4381 2354 4448 πιαινόμενος,
2388 4378 2450 4431 τὸ
2488 4378 2774 4432 κάλλιστον
2799 4381 2898 4450 τῆς
2931 4379 3145 4450 ἡμέρας
3189 4381 3248 4432 ἐν
3300 4379 3483 4432 σκότει
3509 4396 3683 4432 κατα-

1986 4467 2254 4531 ναλώσας.
2301 4462 2436 4520 Εἶτα
2472 4467 2704 4538 κάθηται
2742 4468 2908 4520 πολὺν
2960 4468 3054 4519 ἐπὶ
3103 4468 3201 4536 1?};
3254 4467 3415 4537 εὐνῆς
3466 4467 3682 4538 καιρὸν,

1989 4556 2248 4621 πολλάκις
2274 4555 2394 4609 οὐδὲ
2424 4556 2736 4626 ἀνενεγκεῖν
2763 4559 2778 4575 ⁸
2801 4555 3096 4626 δυνάμενος
3126 4557 3234 4609 ἀπὸ
3262 4556 3360 4627 τῆς
3387 4556 3685 4627 ἐσπερινῆς

1992 4645 2183 4717 μέθης,
2240 4642 2634 4708 καταναλώσας
2675 4643 2767 4698 τὸν
2816 4643 3047 4698 πλείονα
3092 4643 3284 4714 καιρὸν
3347 4644 3405 4695 ἐν
3447 4641 3680 4707 τούτοις.

1989 4729 2122 4787 Εἶτα
2156 4733 2489 4797 καλλωπίζει
2517 4733 2732 4796 ἐαυτὸν,
2763 4735 2858 4786 καὶ
2888 4734 3132 4801 πρόεισιν
3165 4732 3558 4802 ἀσχημοσύνης
3592 4730 3685 4786 θὲ-

1990 4838 2175 4891 ατρον,
2198 4822 2350 4874 οὐδὲν
2373 4821 2510 4891 ἔχων
2536 4820 2850 4889 ἀνθρώπου,
2875 4823 3011 4874 ἀλλά
3041 4823 3220 4875 πάντα
3251 4820 3442 4894 θηρίου
3475 4822 3686 4891 ἀνθρωο

1991 4909 2277 4980 πομόρφου
2303 4926 2317 4939 ·
2347 4911 2394 4962 οἱ
2417 4909 2685 4978 ὀφθαλμοὶ
2710 4910 2942 4980 δίυγροι,
2972 4911 3116 4963 οἴνου
3152 4910 3212 4962 τὸ
3253 4910 3430 4979 στόμα
3453 4910 3681 4973 ἀπόζον,

1990 4997 2392 5069 ὴταλαίπωρος
2415 4996 2562 5067 ψυχὴ
2593 4998 2842 5069 καθάπερ
2891 5000 2982 5051 ἐπὶ
3017 4999 3205 5070 κλίνης
3241 4997 3547 5069 βεϐλημένη
3580 4999 3686 5052 ὐπὸ

1990 5084 2091 5154 τῆς
2119 5085 2375 5156 ἀμέτρως
2412 5085 2745 5156 ἐγχεομένης
2777 5086 3168 5156 ἐωλοκρασίας,
3200 5088 3261 5138 τὸ
3297 5086 3526 5156 μέγεθος
3575 5085 3685 5138 τῶν

1994 5173 2215 5244 σαρκῶν
2243 5173 2618 5244 περιφέρουσα
2648 5174 2899 5246 καθάπερ
2925 5175 3141 5245 ἐλέφας.
3199 5171 3332 5227 Εἶτα
3382 5174 3553 5227 ἐλθὼν
3584 5175 3684 5228 κά-

1994 5262 2154 5332 θηται
2185 5264 2242 5316 ἐν
2269 5263 2475 5326 τόποις,
2509 5263 2604 5315 καὶ
2627 5262 2774 5329 λέγει
2800 5264 3025 5317 τοιαῦτα
3058 5265 3152 5316 καὶ
3182 5267 3343 5324 ποιεῖ,
3372 5262 3446 5325 ὡς
3472 5263 3686 5332 βέλτιον

1994 5342 2132 5401 εἶναι
2179 5349 2259 5400 ἐτι
2289 5347 2566 5400 καθεύδειν
2593 5348 2808 5418 αὐτὸνῆ
2860 5348 3242 5420 ἐγρηγορέναι.
3281 5349 3377 5399 "Av
3411 5346 3560 5398 δεινά
3590 5348 3688 5400 ἐπ·

1995 5436 2259 5507 αγγελθῇ,
2312 5434 2513 5497 παντὸς
2571 5435 2830 5505 κορασίου
2891 5435 3280 5507 μαλακώτερος
3315 5436 3566 5502 γίνεται·
3619 5436 3688 5489 ἂν

1996 5525 2231 5594 χρηστά,
2262 5524 2466 5587 παντὸς
2508 5523 2722 5576 παιδίου
2758 5524 3118 5594 χαυνότεροςο
3172 5525 3392 5594 χάσμης
3452 5524 3602 5594 αὐτῷ
3653 5526 3690 5598 η

1995 5614 2117 5682 ὕψις
2148 5614 2331 5684 γέμει.
2367 5615 2508 5667 Πᾶσι
2533 5613 2813 5685 πρόκειται
2838 5615 2948 5677 τοῖς
2978 5613 3320 5685 βουλομένοις
3354 5616 3537 5680 κακῶς
3561 5634 3687 5669 ποις

1997 5705 2094 5760 εῖν,
2129 5705 2175 5754 εί
2205 5703 2300 5755 καὶ
2337 5702 2410 5771 μὴ
2442 5704 2554 5764 τοῖς
2598 5701 2927 5773 ἀνθρώποις,
2969 5702 3104 5754 ἀλλά
3168 5705 3279 5765 τοῖς
3316 5703 3517 5756 πάθεσι
3541 5721 3554 5733 ο
3593 5703 3690 5758 καὶ

1999 5789 2169 5858 θυμὸς
2197 5788 2289 5840 τὸν
2331 5787 2573 5841 τοιοῦτον
2605 5788 2806 5861 ἐγείρει
2851 5790 3068 5861 ῥᾳδίως,
3103 5790 3198 5844 καὶ
3249 5791 3535 5861 ἐπιθυμία,
3596 5792 3690 5846 καὶ

2002 5877 2292 5947 βασκανία,
2335 5877 2430 5931 καὶ
2459 5878 2657 5933 πάντα.
2713 5880 2922 5942 Πάντες
2951 5879 3331 5941 κολακεύουσι,
3371 5881 3573 5945 πάντες
3608 5881 3690 5934 θε-

2005 5961 2323 6030 ραπεύουσι,
2375 5963 2774 6036 μαλακωτέραν
2843 5965 2877 6034 ἦ
2944 5965 3093 6016 ἐστιν
3152 5967 3511 6037 ἐργαζόμενοι
3591 5966 3689 6038 τὴν

2049 6069 2073 6096 ⁸
2101 6068 2293 6134 *ΑΙὶιιεε
2328 6072 2409 6134 καί
2449 6071 2821 6134 μεμαλαγμέναι.
2890 6068 2915 6108 b
2939 6071 3045 6120 Alii
3074 6075 3117 6119 οἱ
3159 6073 3327 6134 χοῖροι.
3398 6073 3415 6092 ⁸
3440 6072 3520 6122 Sic
3545 6076 3693 6126 codd.

2008 6132 2212 6194 Optime.
2252 6132 2420 6182 Montl’.
2455 6132 2672 6194 ἐνεγκεῖν.
2714 6133 2849 6186 Enn.
