4082 6486
131 432 251 490 257

135 570 356 626 morbi.
406 569 465 627 Si
493 570 548 626 in
576 568 909 640 negotiorum
936 565 1306 625 difﬁcultatem
1333 568 1554 635 incidat,
1581 568 1756 639 pulvis

132 671 193 717 et
220 661 370 716 cinis
394 661 670 727 redditur;
716 659 958 728 nihilque
982 660 1032 715 ei
1058 659 1247 715 serica:
1287 668 1463 717 vestes
1501 672 1750 733 prosunt.

136 748 278 806 ηερ
313 768 423 807 non
452 752 572 808 sine
597 764 758 807 causa
785 766 815 804 a
848 751 999 806 nobis
1023 750 1274 806 dicuntur
1297 792 1313 816 ,
1341 751 1436 807 sed
1465 760 1527 808 ut
1553 753 1753 809 docea-

133 860 291 911 mus,
318 862 387 902 ne
412 848 531 918 quis
557 847 730 901 otiose
753 854 808 901 et
830 844 1088 900 inutiliter
1108 845 1270 899 vivat.
1318 843 1499 901 Otium
1526 861 1758 918 namque

135 948 197 995 et
227 939 449 994 deliciae
478 936 544 993 ad
576 952 711 1008 opus
761 938 999 1003 inutiles,
1032 936 1096 991 ad
1126 937 1351 1009 gloriam
1400 937 1577 993 solum
1606 947 1660 994 et
1686 937 1755 993 ad

135 1029 486 1100 voluptatem
516 1038 660 1085 sunt.
720 1028 999 1097 Quomodo
1028 1044 1135 1084 non
1166 1045 1356 1085 omnes
1387 1031 1546 1086 talem
1578 1030 1755 1086 homi-

133 1137 271 1177 nem
305 1120 568 1175 damnent
591 1160 609 1185 ,
639 1120 944 1187 domestici,
974 1121 1173 1189 amici,
1206 1122 1418 1192 cognati
1440 1121 1465 1174 ἲ
1485 1124 1607 1193 quis
1646 1136 1752 1177 non

130 1210 261 1281 jure
288 1209 470 1277 dicat,
502 1210 716 1266 Pondus
747 1219 907 1267 terrae
932 1210 1021 1267 hic
1045 1222 1153 1279 est,
1180 1210 1376 1266 frustra
1409 1211 1463 1267 in
1495 1212 1751 1268 mtmdum

133 1304 385 1374 pmdiit;
416 1303 525 1359 imo
542 1319 648 1360 non
674 1303 893 1369 frustra,
922 1303 1019 1360 sed
1045 1305 1098 1359 itt
1121 1304 1321 1359 malum
1352 1305 1543 1375 capitis
1569 1306 1675 1371 sui,
1698 1305 1751 1361 in

131 1396 448 1467 perniciem
491 1412 680 1464 suam,
720 1396 775 1451 in
819 1395 1073 1452 damnum
1129 1397 1404 1452 aliorum?
1456 1397 1583 1468 quid
1630 1398 1751 1454 dul-

131 1490 260 1545 cius
309 1489 422 1545 otio
489 1488 775 1545 videmus?
852 1488 982 1545 illud
1028 1489 1171 1545 enim
1224 1496 1310 1545 est
1357 1490 1501 1560 quod
1556 1491 1752 1561 qumri-

132 1591 251 1649 tur,
307 1583 479 1638 otium
509 1590 565 1638 et
590 1581 823 1638 vacatio.
872 1581 939 1637 Et
968 1581 1095 1653 quid
1146 1580 1407 1652 ingratius
1444 1581 1603 1637 fuerit
1648 1582 1750 1637 ho-

129 1680 292 1730 mine
348 1672 482 1729 nihil
537 1671 774 1730 habente
824 1671 969 1745 quod
999 1673 1290 1745 operetur?
1339 1673 1467 1744 quid
1514 1672 1744 1740 foedius,

130 1763 269 1834 quid
326 1762 620 1820 miserius?
666 1777 845 1818 annon
878 1761 982 1818 hoc
1007 1762 1309 1819 innumeris
1334 1763 1490 1834 pejus
1518 1773 1602 1819 est
1626 1763 1748 1819 vin-

129 1856 302 1924 cutis,
354 1859 589 1913 oscitare
624 1871 841 1928 semper
867 1855 922 1912 in
952 1855 1070 1911 loro
1096 1855 1398 1922 sedentem,
1426 1871 1491 1913 ac
1521 1865 1740 1927 praster-

129 1958 337 2006 euntes
375 1947 659 2019 spectare?
708 1948 901 2004 Anima
942 1948 1143 2019 quippe
1169 1962 1239 2004 ex
1264 1956 1455 2003 natura
1505 1947 1741 2014 habens,

131 2050 195 2094 ut
213 2053 439 2111 semper
461 2047 759 2106 moveatur,
776 2040 1009 2111 quietem
1033 2054 1140 2095 non
1163 2041 1283 2097 fert.
1306 2040 1388 2096 Ad
1410 2039 1742 2111 operandam

131 2132 284 2189 Deus
314 2131 419 2191 hoc
443 2133 642 2189 animal
690 2132 817 2191 fecit
849 2154 863 2191 :
903 2132 1199 2190 secundum
1245 2142 1494 2189 naturam
1519 2133 1637 2205 ejus
1662 2142 1745 2189 est

129 2224 284 2295 quod
319 2234 606 2296 operetur,
634 2234 820 2282 contra
853 2235 1098 2281 naturam
1128 2225 1274 2297 quod
1300 2227 1371 2282 sit
1394 2227 1622 2282 otiosus.
1666 2225 1745 2282 Ne

129 2317 206 2369 ab
230 2316 394 2388 aegris
422 2332 535 2374 rem
566 2318 914 2390 exploremus
935 2361 949 2385 ,
975 2317 1072 2375 sed
1100 2319 1281 2389 operis
1310 2319 1737 2391 experimentum

1085 450 1153 508 1N
1191 452 1376 510 ACTA
1416 450 1947 514 APOSTOLOBUM.
1987 453 2220 511 HOMIL.
2266 452 2508 514 XXXVI.

1862 571 2157 641 capiamus.
2212 572 2357 631 Nihil
2404 575 2555 645 otio,
2586 576 2721 634 nihil
2772 576 2977 636 desidia
3025 576 3268 639 deterius
3295 597 3312 637 :
3339 579 3464 637 ideo

1865 665 2022 723 nobis
2044 665 2183 723 Deus
2202 667 2480 726 laborandi
2502 669 2878 727 necessitatem
2902 671 3179 743 imposuit.
3198 673 3467 732 Omnibus

1863 760 2064 830 quippe
2092 768 2252 817 nocet
2277 762 2469 830 otium,
2498 762 2738 834 ipsisque
2756 764 3002 834 corporis
3022 765 3300 821 membris.
3326 765 3463 822 Nam

1865 854 2053 910 oculus
2076 856 2119 909 si
2148 869 2255 910 non
2276 863 2547 925 operetur,
2571 855 2807 928 itemque
2831 872 2915 924 os,
2940 867 3129 915 venter
3151 868 3207 917 et
3231 859 3463 932 quodvis

1864 945 2167 1001 membrum
2187 987 2203 1013 ,
2234 946 2287 1001 in
2314 956 2619 1004 extremum
2664 948 2852 1006 incidit
2881 951 3127 1008 morbum
3160 970 3173 1008 :
3203 954 3298 1009 sed
3328 955 3465 1010 nihil

1864 1038 1936 1092 ita
1964 1037 2150 1095 labore
2195 1047 2321 1110 eget
2350 1052 2411 1095 ut
2438 1040 2639 1098 anima.
2671 1043 2822 1100 Sicut
2849 1052 3030 1101 autem
3057 1046 3228 1102 otium
3261 1048 3465 1104 malum

1862 1137 1967 1196 est,
1995 1128 2067 1183 ita
2096 1131 2312 1201 quoque
2337 1133 2583 1202 Operatio
2611 1149 2717 1190 non
2744 1151 3069 1208 congruens.
3097 1138 3466 1207 Quemadmo-

1862 1222 1990 1278 dum
2018 1225 2164 1280 ettim
2210 1224 2257 1281 si
2309 1227 2429 1297 quis
2474 1242 2581 1283 non
2608 1228 2753 1297 edat,
2786 1230 2839 1286 in
2868 1230 3119 1289 dentibus
3146 1234 3389 1300 laeditur;
3416 1236 3465 1292 si

1862 1333 1983 1387 qua:
2011 1333 2116 1373 non
2144 1331 2460 1390 competunt
2487 1322 2631 1389 edat,
2663 1330 2721 1379 ut
2745 1323 3136 1397 obstupescunt
3161 1327 3326 1385 efﬁcit
3349 1346 3366 1384 :
3390 1328 3464 1386 ita

1862 1421 1917 1466 et
1946 1410 2068 1478 hic,
2100 1411 2217 1468 sive
2273 1428 2379 1468 non
2428 1424 2699 1486 operetur,
2735 1418 2851 1474 sive
2897 1432 3156 1489 operetur
3199 1438 3319 1493 qum
3352 1438 3460 1481 non

1859 1516 2095 1577 Oportet,
2124 1507 2232 1563 vim
2269 1508 2466 1563 amittit
2510 1524 2686 1566 suam.
2744 1511 2889 1583 Ergo
2931 1522 3222 1586 utrumque
3279 1516 3464 1589 fugere

1859 1599 2175 1655 studeamus
2198 1641 2214 1668 ,
2245 1611 2302 1656 et
2332 1602 2500 1656 Otium
2530 1610 2587 1657 et
2610 1617 2747 1673 opus
2773 1604 2885 1659 otio
2910 1607 3148 1677 gravius.
3178 1608 3464 1677 Quodnam

1860 1691 1991 1747 illud
2019 1693 2141 1748 est?
2171 1693 2431 1758 Avaritia,
2464 1695 2565 1761 ira,
2599 1694 2816 1763 invidia,
2836 1699 3233 1770 contentiones,
3254 1704 3457 1774 caedes,

1857 1784 2258 1851 aemulationes,
2307 1794 2365 1841 et
2406 1786 2616 1858 reliqua
2646 1788 2795 1843 vitia.
2843 1789 2928 1845 Ab
2971 1789 3058 1846 his
3081 1808 3275 1851 vacare
3298 1795 3465 1853 debe-

1859 1892 2011 1945 mus,
2044 1886 2099 1933 et
2126 1878 2380 1934 virtutum
2409 1882 2779 1950 operationem
2824 1897 2949 1939 cum
2989 1886 3137 1942 omni
3182 1886 3464 1960 diligentia

1858 1972 2129 2043 persequi,
2176 1980 2235 2027 ut
2278 1973 2540 2043 promissa
2594 1989 2994 2047 consequamur
3047 1978 3231 2046 bona,
3284 1984 3456 2053 gratia

1855 2072 1912 2119 et
1951 2062 2281 2135 benignitate
2341 2063 2552 2120 Domini
2598 2065 2767 2122 nostri
2806 2066 2940 2124 Jesu
2984 2068 3211 2137 Christi,
3242 2074 3460 2143 quicum

1855 2159 1999 2216 Patri
2022 2169 2077 2216 et
2100 2158 2323 2231 Spiritui
2343 2168 2531 2215 sancto
2549 2160 2741 2232 gloria,
2763 2161 3073 2233 imperium,
3097 2163 3292 2234 honor,
3319 2183 3461 2225 nunc

1853 2262 1909 2310 et
1936 2267 2175 2324 semper,
2204 2259 2261 2309 et
2287 2251 2342 2309 itt
2367 2252 2562 2310 saecula
2591 2254 2934 2311 saeculorum.
2981 2257 3177 2313 Amen.

155 2428 3457 2457 —————————————————_——_——_———_______

1463 2487 1814 2550 HOMILIA
1858 2489 2164 2552 XXXVI.

130 2588 267 2645 Car.
299 2587 386 2643 lli.
419 2602 469 2641 v.
501 2587 591 2643 25.
647 2586 822 2643 Media
876 2597 1045 2643 autem
1093 2598 1241 2644 nocte
1276 2587 1479 2644 Paulus
1510 2603 1556 2644 et
1602 2590 1743 2646 Silas

207 2691 413 2735 orantes
454 2680 733 2735 laudabant
796 2681 993 2747 Deum;
1032 2693 1079 2737 et
1116 2682 1391 2738 audiebant
1438 2701 1523 2739 eos
1556 2685 1733 2740 uincti.

209 2774 303 2829 26.
339 2774 521 2829 Subito
549 2790 666 2830 vero
695 2785 843 2830 terra:
885 2786 1049 2831 motus
1091 2776 1260 2846 factus
1288 2787 1362 2831 est
1392 2794 1640 2849 magnus,
1671 2779 1746 2833 ita

212 2878 267 2921 ut
297 2881 609 2923 moverentur
648 2868 981 2938 fundamenta
1014 2871 1269 2925 carceris:
1294 2880 1340 2925 et
1363 2872 1531 2925 statim
1558 2882 1740 2944 aperta

206 2970 329 3014 sunt
383 2962 553 3016 omnia
596 2962 764 3029 ostia,
813 2971 860 3016 et
904 2962 1255 3019 universorum
1310 2964 1513 3017 uincula
1575 2963 1745 3019 soluta

209 3062 351 3107 sunt.

210 3164 262 3217 i.
293 3162 429 3231 Quid
454 3162 535 3218 his
559 3178 654 3234 par
678 3163 836 3219 fuerit
856 3164 1173 3220 animabus?
1203 3164 1380 3236 Virgis
1399 3166 1525 3222 cesi
1548 3167 1743 3225 multas

135 3270 325 3326 [H3835
364 3265 704 3327 acceperant,
736 3258 1095 3313 contumelias
1132 3267 1188 3313 et
1232 3268 1471 3315 extrema
1505 3262 1741 3332 pericula

133 3349 436 3417 subierunt,
471 3351 522 3405 in
551 3350 696 3421 ligno
724 3353 885 3407 vincti
918 3361 1089 3417 erant,
1126 3351 1177 3406 in
1206 3367 1425 3407 carcere
1457 3355 1738 3410 interiori:

132 3452 189 3497 et
230 3457 300 3497 ne
328 3443 406 3497 sic
432 3443 648 3513 quidem
676 3458 925 3499 somnum
956 3460 1149 3516 capere
1184 3445 1459 3512 volebant,
1490 3447 1587 3503 sed
1618 3463 1740 3515 pcr-

135 3534 379 3603 vigilium
403 3534 651 3603 agebant.
676 3532 881 3589 Videtis
903 3544 1160 3605 quantum
1183 3537 1252 3590 sit
1278 3534 1494 3601 afﬂictio
1517 3537 1741 3593 bonmu?

137 3622 247 3679 Nos
287 3635 466 3679 autem
514 3626 567 3679 in
611 3625 863 3681 mollibus
903 3627 1055 3682 lectis
1081 3626 1201 3683 sine
1252 3628 1361 3682 ullo
1399 3638 1605 3684 terrore
1645 3646 1740 3700 per

139 3724 308 3769 totum
363 3715 661 3771 dormimus
709 3729 942 3773 noetem.
1001 3719 1163 3775 Forte
1221 3720 1343 3777 ideo
1398 3722 1736 3792 pervigilium

134 3808 387 3875 agebant,
440 3808 565 3879 quia
608 3810 710 3865 hoc
752 3811 805 3865 in
844 3820 988 3865 statu
1019 3821 1193 3868 erant.
1246 3812 1365 3867 Non
1400 3814 1521 3868 illos
1559 3818 1737 3870 somni

142 3901 391 3971 tyrannis
434 3902 595 3971 cepit,
643 3916 748 3956 nou
788 3902 944 3957 dolor
984 3902 1211 3968 inﬂexit,
1244 3919 1350 3958 non
1403 3905 1565 3960 timor
1603 3921 1738 3961 con-

138 4000 412 4048 sternatos
440 3991 709 4059 reddidit;
752 3994 846 4049 sed
878 3994 993 4049 haec
1027 3995 1198 4049 multo
1239 3995 1408 4067 magis
1439 3996 1560 4052 illos
1592 3997 1739 4054 exci-

139 4082 347 4151 tabant,
392 4094 448 4138 et
492 4086 659 4139 multa
690 4084 973 4155 replebant
1015 4086 1309 4156 voluptate.
1358 4086 1538 4143 Media
1565 4100 1737 4144 autent

138 4185 305 4240 nocte,
370 4174 564 4247 inquit,
622 4186 828 4231 orantes
884 4177 1165 4232 laudabant
1212 4178 1415 4235 Deum:
1465 4181 1738 4236 audiebant

134 4276 302 4320 autem
339 4268 457 4321 illos
504 4268 677 4322 cincti.
728 4268 940 4324 Novum
972 4269 1118 4324 enim
1151 4278 1205 4326 et
1242 4272 1566 4342 stupendum
1597 4273 1737 4328 vide-

136 4356 291 4410 batur
313 4372 455 4413 esse.
481 4358 664 4414 Subito
687 4375 800 4413 sero
832 4370 980 4416 terrte
1009 4371 1175 4416 motus
1205 4365 1370 4435 factus
1397 4373 1469 4419 est
1494 4381 1731 4436 magnus,

135 4451 208 4504 ita
234 4461 288 4504 ut
316 4464 641 4508 moverentur
666 4454 999 4526 fundamenta
1018 4457 1238 4511 carceris
1258 4472 1278 4511 :
1307 4466 1354 4511 et
1377 4458 1549 4511 statim
1578 4474 1732 4527 aper-

134 4552 185 4593 ta
206 4552 324 4596 sunt
366 4545 499 4599 ostia
523 4546 716 4615 omnia,
737 4558 787 4602 et
808 4548 1158 4603 universorum
1177 4549 1380 4603 uincula
1400 4550 1569 4603 soluta
1588 4561 1730 4605 sunt.

134 4632 314 4690 Terra:
353 4646 529 4692 motus
568 4636 737 4694 factus
773 4648 877 4706 est,
918 4640 1077 4695 itaut
1106 4650 1293 4696 custos
1332 4642 1663 4697 excitaretur
1695 4660 1726 4701 a

134 4742 357 4795 somno;
381 4739 434 4786 et
454 4731 591 4786 ostia
612 4742 797 4803 aperta
825 4743 973 4802 sunt,
1000 4733 1070 4788 ita
1094 4743 1150 4789 ut
1170 4750 1258 4789 res
1279 4746 1421 4791 esset
1440 4736 1727 4793 mirabilis.

136 4821 260 4875 Haec
285 4820 448 4877 vincti
481 4839 587 4877 non
621 4823 910 4890 videbant;
940 4825 1180 4895 alioquin
1213 4826 1477 4897 fugissent
1509 4842 1727 4885 omnes.

132 4912 221 4967 27.
258 4912 659 4987 Expergefactus
685 4927 853 4972 autem
876 4927 1065 4985 custos,
1095 4928 1143 4972 et
1168 4919 1340 4975 videns
1357 4920 1551 4991 janttas
1579 4939 1731 4992 aper-

133 5016 210 5059 tas
250 5007 484 5075 carceris,
533 5010 798 5080 euaginata
846 5010 1022 5083 gladio
1067 5011 1263 5066 uolebat
1310 5030 1365 5069 se
1411 5014 1721 5085 interﬁcere,

134 5099 383 5152 wstimans
441 5102 633 5172 fugisse
686 5103 900 5157 vinctos.
949 5104 1041 5160 28.
1095 5104 1346 5161 Clamavit
1390 5118 1558 5163 autem
1608 5125 1726 5166 uoce

136 5208 315 5261 magna
344 5191 563 5257 Paulus,
593 5196 802 5251 dicens:
831 5195 983 5253 Nihil
1006 5198 1092 5253 tibi
1115 5201 1241 5254 mali
1261 5201 1478 5270 feceris:
1500 5203 1723 5260 universi

133 5286 263 5339 enim
292 5287 373 5340 hic
398 5304 593 5342 sumus.
646 5290 955 5347 Admiratus
994 5303 1077 5347 est
1124 5295 1293 5364 magis
1333 5295 1722 5369 benignitatem

134 5376 315 5434 Pauli:
344 5379 622 5451 obstupuit
654 5382 1043 5451 fortitudinem,
1077 5388 1218 5457 quod
1251 5404 1372 5444 cum
1397 5389 1580 5460 fugere
1609 5406 1724 5462 pos-

132 5480 233 5538 set,
264 5486 369 5526 non
418 5472 632 5544 fugerit,
665 5477 888 5547 etquod
932 5479 1103 5547 ipsum
1147 5496 1177 5535 a
1205 5482 1353 5537 caede
1396 5483 1718 5539 cohibuerit.

133 5563 220 5620 29.
251 5563 419 5619 Petita
435 5576 603 5620 autent
630 5567 819 5623 lumine
838 5571 1179 5642 introgressus
1200 5585 1293 5641 est,
1319 5585 1366 5628 et
1396 5579 1721 5647 tremefactus

135 5658 341 5728 procidit
371 5669 492 5713 ante
532 5658 758 5714 Paulum
798 5672 844 5716 et
895 5662 1083 5731 Silam,
1117 5666 1206 5721 50.
1253 5678 1298 5720 et
1325 5668 1608 5736 producens
1637 5687 1722 5724 eos

133 5748 283 5818 foras,
313 5752 473 5805 dixit:
516 5751 745 5815 Domini,
775 5756 899 5825 quid
934 5774 1013 5811 me
1052 5770 1248 5826 Oportet
1279 5764 1446 5831 facere
1472 5772 1527 5815 ut
1552 5763 1719 5816 salvus

132 5840 486 5901 ﬁanﬁViden‘
514 5856 711 5915 quanta
744 5848 893 5903 illum
924 5852 1129 5921 ceperit
1158 5852 1482 5909 admiratio?
1513 5856 1601 5910 3i.
1655 5857 1719 5909 At

132 5934 200 5990 illi
230 5937 497 5994 dixerunt:
539 5938 699 5996 Crede
742 5942 794 5997 in
834 5940 1114 5999 Dominum
1137 5944 1314 6001 Iesum
1357 5948 1636 6018 Christum,
1671 5960 1716 6005 et

1852 2593 2027 2647 salvus
2054 2594 2153 2647 eris
2183 2603 2238 2647 tu
2266 2603 2311 2648 et
2341 2593 2523 2649 domus
2550 2605 2658 2650 tua.
2692 2596 2782 2652 52.
2813 2598 2883 2652 Et
2910 2601 3105 2672 loquuti
3128 2616 3248 2659 sunt
3274 2608 3321 2661 ei
3348 2623 3462 2663 uer-

1854 2686 1970 2740 bum
2000 2683 2232 2752 Domini,
2266 2698 2312 2741 et
2341 2690 2578 2742 omnibus
2606 2691 2696 2759 qui
2723 2701 2869 2745 eram
2899 2694 2951 2749 in
2980 2696 3133 2750 domo
3157 2698 3289 2769 ejus.
3319 2700 3456 2766 Quia

1852 2778 2035 2833 statim
2077 2778 2280 2850 loquuti
2324 2789 2452 2835 sunt
2499 2781 2596 2848 illi,
2639 2782 2982 2842 declararunt
3029 2789 3456 2850 misericordiam

1852 2884 1977 2941 erga
2009 2872 2178 2926 illum.
2207 2872 2297 2927 55.
2318 2870 2389 2926 Et
2418 2876 2692 2946 assumptis
2717 2876 2822 2932 illis
2850 2879 2903 2932 in
2924 2882 3100 2935 eadem
3122 2882 3251 2937 hora
3272 2888 3457 2952 noctis,

1853 2963 1975 3019 lauit
2014 2966 2196 3037 plagas
2247 2982 2420 3020 eorum
2436 2985 2456 3023 :
2481 2978 2529 3022 et
2569 2970 2862 3044 baptizatus
2901 2983 2977 3027 est
3024 2975 3169 3043 ipse,
3198 2987 3248 3031 et
3288 2981 3461 3037 omnis

1852 3058 2035 3113 domus
2080 3060 2191 3128 ejus
2239 3062 2499 3115 continuo.
2533 3062 2623 3118 54.
2672 3062 2898 3135 Cumque
2930 3069 3249 3137 perduxisset
3274 3088 3360 3126 eos
3400 3077 3455 3128 in

1850 3151 2059 3206 domum
2085 3170 2251 3221 suam,
2279 3156 2521 3226 apposuit
2549 3174 2794 3224 mensam,
2824 3169 2871 3213 et
2897 3164 3164 3217 exsultavit
3193 3182 3311 3220 cum
3348 3178 3455 3222 tota

1852 3244 2003 3299 domo
2035 3248 2247 3302 credens
2288 3246 2416 3302 Deo.
2458 3248 2611 3305 Lavit
2638 3267 2751 3320 eos,
2789 3254 2942 3324 quasi
2988 3259 3218 3328 gratiam
3256 3276 3455 3333 repen-

1851 3332 2007 3406 dens,
2041 3348 2095 3396 et
2123 3341 2201 3397 sic
2234 3342 2688 3415 illos’ltonorans.
2736 3347 2827 3403 55.
2874 3348 2942 3402 Et
2979 3367 3097 3405 cum
3150 3354 3261 3409 dies
3288 3332 3455 3425 factus

1847 3441 1995 3498 esset,
2026 3433 2270 3488 miserunt
2295 3437 2629 3506 magistratus
2670 3438 2895 3507 lictores,
2937 3443 3199 3500 dicentes:
3240 3445 3459 3505 Dimitte

1848 3525 2076 3581 homines
2106 3527 2244 3582 illos.
2293 3527 2671 3600 Cognoverant
2697 3532 2833 3589 forte
2855 3536 3049 3591 factum
3082 3540 3453 3613 magistratus,

1848 3625 1902 3670 et
1933 3631 2037 3671 non
2068 3619 2337 3675 audebant
2366 3636 2461 3691 per
2488 3626 2697 3693 seipses
2726 3627 3017 3683 dimittere.
3048 3631 3138 3685 56.
3178 3631 3454 3691 Nuntiavit

1846 3723 2014 3765 autem
2040 3723 2207 3767 custos
2233 3718 2452 3771 carceris
2476 3718 2628 3772 verba
2657 3719 2766 3773 hate
2796 3718 2985 3786 Paulo,
3016 3724 3191 3779 dicens
3212 3741 3231 3778 :
3283 3725 3340 3780 Μ
3345 3728 3449 3782 ise-

1846 3811 1964 3855 runt
1990 3804 2336 3873 magistratus,
2362 3816 2416 3860 ut
2444 3808 2792 3864 dimittamini.
2825 3812 2978 3866 Nunc
3004 3815 3164 3885 igitur
3190 3830 3449 3886 exeuntes,

1844 3892 1913 3947 ite
1939 3894 1991 3948 in
2015 3912 2158 3965 pace.
2192 3896 2392 3954 Paulus
2416 3911 2586 3955 autem
2611 3904 2740 3957 dixit
2765 3904 2870 3959 eis:
2898 3907 2987 3962 57.
3031 3908 3202 3964 Cieros
3232 3928 3325 3965 nos
3356 3930 3451 3982 pu-

1847 3987 1992 4055 blice,
2025 3988 2363 4056 indemnatos,
2392 3992 2621 4049 homines
2653 3993 2933 4065 Romanos,
2967 4000 3216 4056 miserunt
3240 4004 3294 4058 in
3332 4020 3449 4058 car-

1843 4096 2045 4145 cerem;
2088 4091 2135 4134 et
2176 4099 2315 4137 nunc
2358 4086 2551 4144 occulte
2603 4105 2694 4143 nos
2738 4091 2989 4159 ejiciunt?
3044 4093 3167 4149 Non
3217 4099 3307 4163 ita,
3358 4101 3451 4155 sed

1842 4176 2065 4240 ueniant,
2109 4176 2203 4233 58.
2253 4188 2304 4233 et
2354 4179 2454 4250 ipsi
2498 4197 2591 4237 nos
2642 4184 2868 4250 ejiciant.
2923 4186 3243 4245 Nuntiarunt
3276 4203 3449 4249 autem

1845 4269 2221 4339 magistratibus
2244 4272 2447 4327 lictores
2473 4273 2581 4329 haec
2602 4277 2751 4331 verba
2770 4293 2789 4331 :
2815 4279 3191 4353 timueruntque
3227 4286 3447 4342 audien-

1843 4371 1935 4425 tes,
1965 4363 2102 4433 quod
2141 4362 2366 4419 Romani
2395 4377 2579 4423 essent.
2608 4367 2698 4423 59.
2729 4368 2796 4422 Et
2823 4374 3013 4441 egressi
3043 4374 3296 4442 deprecati
3322 4390 3445 4435 sunt

1841 4469 1948 4517 eos,
1977 4464 2024 4508 et
2053 4454 2260 4512 eductos
2283 4458 2553 4530 rogabant,
2583 4470 2636 4514 ut
2656 4460 3018 4532 egrederentur
3043 4482 3073 4521 e
3103 4454 3322 4527 civitate.
3350 4473 3442 4529 40.

1844 4542 2051 4615 Egressi
2085 4558 2256 4602 autem
2298 4550 2361 4603 de
2395 4566 2616 4619 carcere,
2660 4554 2875 4624 ingressi
2918 4569 3037 4612 sunt
3076 4562 3146 4614 ad
3185 4560 3449 4634 Lydiam:

1839 4647 1887 4689 et
1916 4638 2033 4693 visis
2086 4641 2334 4711 fratribus
2361 4642 2619 4699 exltortati
2665 4658 2785 4701 sunt
2819 4664 2925 4717 eos,
2968 4661 3017 4706 et
3056 4656 3271 4727 profecti
3302 4670 3444 4715 sunt.

1838 4727 2014 4785 Etiam
2040 4734 2444 4803 magistratibus
2465 4738 2912 4798 denuntiantibus
2942 4744 3141 4804 Paulus
3168 4766 3276 4806 non
3305 4755 3438 4820 exit,

1838 4819 1976 4876 forte
2002 4835 2224 4893 propter
2254 4826 2479 4898 Lydiam
2498 4872 2514 4895 ,
2541 4841 2597 4885 et
2625 4832 2762 4888 alios
2791 4834 3016 4893 fratres:
3044 4841 3127 4895 vel
3157 4854 3212 4897 ut
3243 4852 3445 4903 terreat

1837 4914 1983 4983 illos,
2004 4933 2071 4974 ne
2096 4930 2413 4988 putarentur
2434 4937 2625 4994 rogatu
2646 4942 2743 4981 suo
2761 4922 2969 4987 dimissi
2994 4933 3176 4999 fuisse,
3202 4946 3261 4992 ut
3277 4939 3440 4997 etiam

1836 5010 1957 5064 aliis
1986 5012 2235 5069 iiduciam
2268 5015 2537 5073 iudereut.
2568 5019 2811 5093 Triplex,
2835 5025 3264 5092 dilecti,crimen
3288 5045 3439 5090 erat:

1798 5150 1801 5155 .
1834 5106 1977 5175 quod
2004 5104 2294 5175 Romanos,
2328 5111 2469 5181 quod
2500 5129 2605 5168 nou
2628 5114 2934 5186 damnatos,
2965 5122 3108 5196 quod
3140 5125 3358 5194 publice
3386 5130 3440 5185 in

1834 5214 2107 5256 carcerem
2146 5204 2529 5272 coniecissent.
2578 5208 2737 5265 Vides
2767 5211 2891 5266 illos
2937 5214 3168 5283 plurima
3200 5218 3441 5279 humano

1835 5306 1984 5347 more
2006 5292 2221 5351 fecisse.
2250 5295 2608 5368 Exquiramus
2630 5312 2840 5359 noctem
2860 5305 3028 5374 illam,
3054 5325 3173 5365 cum
3194 5314 3444 5372 noctibus

1836 5385 2036 5442 nostris
2085 5392 2474 5462 comparando,
2530 5396 2619 5450 ubi
2674 5400 3122 5467 comessationes,
3179 5405 3438 5477 ebrietas,

1831 5477 2083 5545 lascivia;
2115 5480 2203 5536 ubi
2232 5498 2460 5538 somnus
2486 5501 2515 5540 a
2548 5499 2728 5543 morte
2756 5489 2888 5544 nihil
2918 5492 3199 5563 differens,
3234 5496 3324 5552 ubi
3353 5500 3435 5554 vi-

1830 5572 1972 5642 gilius
2002 5589 2197 5630 somno
2225 5576 2343 5646 ipso
2369 5578 2670 5649 graviores.
2728 5582 2835 5637 Alii
2864 5585 3007 5639 enim
3033 5586 3330 5651 dormiunt,
3362 5593 3434 5648 ita

1831 5676 1889 5720 ut
1936 5666 2067 5722 nihil
2112 5670 2384 5736 sentiant;
2430 5673 2519 5726 alii
2570 5675 2951 5734 miserabiliter
2986 5680 3225 5750 vigilant,
3275 5684 3434 5743 dolos

1829 5770 2123 5825 struentes,
2174 5764 2242 5817 de
2273 5766 2516 5833 pecuniis
2562 5778 2838 5835 curantes,
2872 5782 2927 5825 ut
2975 5774 3309 5832 ulciscantur
3339 5795 3434 5837 eos

1828 5854 1917 5923 qui
1959 5869 2019 5909 se
2060 5854 2319 5910 lzeserunt
2362 5857 2680 5922 studentes.
2729 5861 3043 5920 inimicitias
3078 5870 3433 5945 meditantes,

1830 5948 1995 6006 verba
2030 5947 2423 6040 contumeliosa
2453 5960 2721 6011 transacto
2748 5956 2835 6013 die
2866 5972 3050 6018 secum
3086 5974 3432 6034 reputantes;
