4082 6494
673 473 777 535 259

668 592 749 646 sic
763 589 860 644 ira
880 586 1055 659 ignem
1076 582 1429 650 succendunt,
1451 589 1507 637 et
1531 576 1885 635 intolerabilia
1905 580 2239 645 perpetrant.

673 678 951 751 Perpende
981 676 1253 750 quomodo
1274 675 1465 731 Petrus
1491 670 1810 727 dormiebat.
1844 668 1944 723 Per
1971 665 2247 735 dispensa-

670 772 870 826 tionem
899 769 1033 825 illud
1058 767 1256 825 factum
1300 774 1421 823 est:
1456 762 1677 835 angelus
1703 762 1847 817 enim
1880 757 2116 822 advenit,
2149 769 2245 810 ne-

669 863 975 931 minemque
1018 874 1135 916 rem
1183 866 1386 930 gestam
1438 856 1577 911 scire
1622 852 1929 924 oportebat;
1970 858 2025 905 et
2053 847 2249 904 merito

669 948 906 1020 quidem,
934 958 1087 1007 utne
1126 958 1307 1005 custos
1350 945 1585 1002 careeris
1620 943 1854 1015 seipsum
1898 941 2243 996 interﬁceret.

670 1041 739 1097 Et
765 1054 863 1097 cur
889 1055 997 1096 non
1026 1039 1169 1096 aliud
1199 1039 1411 1109 signum
1452 1037 1651 1093 factum
1676 1036 1788 1091 est?
1815 1033 1948 1103 Quia
1973 1031 2105 1087 illud
2134 1046 2248 1086 ma-

667 1132 811 1187 xime
834 1130 1006 1201 ipsum
1029 1130 1297 1191 attrahere
1318 1139 1376 1185 et
1396 1127 1716 1184 conﬁrmare
1732 1132 1960 1197 poterat,
1981 1122 2246 1194 siquidem

673 1221 766 1276 ille
806 1220 1199 1290 periclitaturus
1242 1230 1379 1286 erat,
1426 1220 1525 1275 nisi
1570 1220 1642 1274 ita
1683 1220 1875 1274 factum
1910 1224 2094 1271 esset:
2138 1229 2243 1269 non

667 1297 813 1367 cnim
840 1312 910 1367 ita
931 1312 1083 1383 signa
1110 1312 1345 1376 trahunt,
1368 1323 1425 1367 ut
1443 1327 1506 1368 ea
1523 1327 1642 1383 qua:
1665 1310 1735 1366 ad
1758 1312 1980 1365 salutem
2004 1316 2243 1363 nostram

662 1402 910 1457 attinent.
961 1401 1041 1458 Ne
1073 1402 1349 1459 videretur
1378 1413 1537 1458 terra:
1578 1412 1781 1461 motum
1822 1415 1917 1470 per
1963 1414 2023 1456 se
2048 1398 2245 1454 factum

662 1507 806 1561 esse,
836 1503 1118 1563 sequutum
1164 1502 1249 1550 est
1289 1493 1365 1561 id,
1413 1493 1556 1565 quod
1588 1493 1688 1563 ipsi
1730 1491 2036 1547 testimonio
2076 1498 2241 1544 esset.

665 1582 735 1639 Et
762 1593 921 1639 noctu
946 1584 1177 1640 accidit:
1209 1585 1341 1639 nihil
1368 1585 1510 1640 enim
1534 1582 1601 1637 ad
1629 1582 2042 1638 ostentationem
2072 1578 2243 1635 facie-

668 1675 817 1741 bant,
845 1678 939 1736 sed
960 1678 1027 1732 ad
1055 1677 1306 1732 salutem.
1331 1675 1446 1731 Non
1468 1677 1641 1731 malus
1660 1682 1776 1730 erat
1793 1674 2027 1730 carceris
2041 1681 2241 1727 custos:

668 1766 977 1838 eonjecerat
1004 1768 1123 1824 illos
1146 1769 1198 1823 in
1230 1768 1537 1825 interiorem
1562 1782 1855 1835 carcerem,
1876 1765 2019 1837 quod
2044 1765 2115 1821 ita
2141 1765 2243 1820 sibi

657 1857 867 1930 jussum
894 1869 1057 1925 esset,
1085 1875 1191 1915 non
1219 1869 1365 1915 motu
1394 1872 1513 1915 suo.
1543 1858 1612 1914 Et
1636 1874 1733 1914 cur
1756 1874 1863 1914 non
1890 1869 2016 1913 ante
2044 1856 2244 1913 clama-

662 1950 739 2005 vit
766 1949 993 2008 Paulus?
1020 1950 1426 2007 Perturbatione
1453 1951 1644 2021 plenus
1670 1960 1786 2006 erat
1814 1949 1994 2015 homo,
2023 1962 2123 2004 nec
2147 1947 2242 2002 ad-

660 2041 895 2098 misisset
917 2042 1098 2097 verba.
1134 2041 1257 2097 Ideo
1282 2056 1404 2097 cum
1430 2042 1653 2098 vidisset
1689 2042 1837 2097 illum
1872 2055 1993 2097 sese
2020 2040 2240 2096 interie-

659 2140 893 2196 cturum.
945 2142 1285 2204 praeoccupat
1306 2134 1361 2188 et
1409 2134 1625 2201 clamat,
1660 2132 1843 2188 dicens
1876 2149 1891 2185 :
1942 2131 2129 2187 Omnes
2160 2132 2243 2187 hic

660 2240 856 2278 sumus.
886 2224 1012 2281 ideo
1038 2225 1129 2293 ille
1158 2224 1328 2281 Petito
1349 2226 1755 2293 lumineinsiliit,
1778 2236 1825 2279 et
1850 2234 1967 2280 ante
1995 2222 2240 2289 Paulum,

658 2315 848 2385 inquit,
876 2325 919 2370 et
939 2316 1106 2371 Silam
1132 2317 1367 2388 procidit.
1398 2318 1476 2372 Ad
1505 2317 1680 2387 pedes.
1707 2318 1867 2372 vincti
1892 2316 2119 2387 procidit
2151 2331 2243 2371 cu-

662 2415 796 2464 stos.
828 2406 895 2461 Et
924 2396 1095 2463 edufrit
1128 2410 1247 2464 illos
1272 2412 1432 2479 foras,
1470 2409 1726 2479 dixitque:
1751 2407 1977 2475 Domini,
2005 2408 2127 2479 quid
2165 2423 2244 2462 me

659 2507 852 2568 oportet
873 2503 1059 2570 facers,
1081 2510 1136 2554 ut
1154 2489 1333 2555 'salvus
1358 2500 1493 2555 sim?
1513 2500 1775 2568 Quidnam
1798 2499 2086 2555 dixerunt?
2111 2498 2242 2555 Vide

660 2591 809 2647 illum
840 2607 944 2646 non
974 2592 1043 2647 ob
1086 2592 1188 2647 hoc
1212 2592 1433 2663 diligere
1478 2591 1621 2662 quod
1666 2600 1911 2648 servatus
1935 2601 2101 2661 esset,
2144 2592 2240 2648 sed

659 2681 802 2750 quod
829 2682 896 2738 de
923 2682 1120 2738 virtute
1148 2683 1571 2752 obstupesceret.

726 2773 783 2827 2.
823 2773 985 2829 Vides
1028 2775 1153 2845 quid
1189 2776 1319 2841 illic,
1350 2775 1479 2846 quid
1528 2772 1686 2829 isthic
1725 2774 1920 2831 factum
1964 2775 2079 2831 sit?
2123 2774 2241 2831 lllic

658 2864 831 2936 puella
878 2864 1100 2920 liberata
1128 2873 1211 2921 est
1245 2891 1277 2920 a
1307 2867 1539 2937 maligno
1564 2867 1753 2936 spiritu
1778 2908 1795 2934 ,
1818 2877 1870 2921 et
1896 2867 1948 2922 in
1968 2881 2240 2923 carcerem

656 2956 1002 3026 conjecerunt
1025 2970 1119 3011 eos
1139 2996 1156 3025 ,
1184 2957 1325 3027 quod
1363 2958 1505 3011 illam
1531 2972 1561 3011 a
1592 2958 1839 3013 daemone
1872 2957 2231 3023 liberassent;

662 3049 751 3103 hic
798 3049 973 3104 solum
1011 3049 1205 3119 januas
1250 3062 1463 3119 apertas
1502 3050 1886 3115 ostenderunt,
1936 3061 1989 3107 et
2032 3054 2241 3121 aperuit

650 3140 844 3210 januas
868 3140 1047 3197 cordis
1076 3141 1216 3197 illius
1244 3183 1260 3209 ,
1286 3142 1447 3197 solvit
1469 3142 1678 3197 vincula
1705 3142 1933 3212 duplicia
1954 3182 1971 3209 ,
1999 3142 2242 3199 accendit

658 3236 841 3290 lumen
879 3234 1009 3289 illud
1044 3252 1058 3289 :
1088 3250 1208 3289 nam
1241 3243 1295 3289 et
1322 3235 1375 3289 in
1411 3234 1574 3289 corde
1612 3234 1729 3304 ejus
1756 3235 1845 3289 lux
1892 3233 2146 3306 fulgebat.
2178 3236 2244 3291 Et.

664 3326 854 3381 insiliit
877 3334 931 3381 et
954 3327 1179 3395 procidit
1204 3344 1219 3381 :
1244 3342 1344 3381 nec
1372 3327 1665 3397 interrogat
1690 3327 1960 3397 quomodo
1988 3343 2076 3383 res
2102 3328 2238 3383 facta

656 3418 767 3482 sit,
794 3417 921 3488 quid
958 3416 1152 3472 factum
1182 3418 1284 3484 sit;
1314 3417 1409 3473 sed
1434 3419 1615 3479 statim
1645 3417 1757 3472 ait:
1786 3417 1920 3484 Quid
1944 3434 2022 3472 me
2046 3427 2241 3488 apertet

658 3515 826 3579 [acac
849 3517 903 3562 ut
923 3510 1092 3564 salvus
1115 3508 1247 3564 sim?
1285 3507 1424 3577 Quid
1448 3524 1577 3591 ergo
1606 3508 1839 3565 Paulus?
1870 3508 2029 3565 Crede
2048 3510 2102 3564 in
2132 3508 2240 3565 Do-

658 3602 850 3655 minum
878 3600 1056 3656 Iesum
1099 3601 1356 3657 Christum
1376 3642 1390 3667 ,
1429 3613 1477 3656 et
1502 3603 1670 3657 salvus
1711 3602 1839 3669 eris,
1872 3603 2074 3673 inquit,
2105 3614 2159 3658 tu
2195 3614 2241 3660 et

655 3692 834 3746 domus
858 3700 964 3746 tua.
988 3690 1099 3747 Hoc
1125 3692 1359 3748 maxime
1380 3691 1626 3749 homines
1654 3692 1823 3748 allicit
1843 3734 1859 3759 ,
1890 3694 2033 3764 quod
2062 3705 2117 3750 et
2142 3697 2238 3751 do-

662 3800 783 3839 mus
828 3784 975 3839 salva
1010 3784 1098 3839 sit.
1131 3782 1200 3838 Et
1224 3784 1419 3855 loquuti
1448 3794 1567 3837 sunt
1604 3784 1652 3838 ei
1675 3782 1907 3853 verbum,
1938 3796 1986 3840 et
2009 3787 2241 3841 omnibus

655 3875 742 3947 qui
767 3884 909 3931 eram
937 3876 991 3929 in
1014 3875 1163 3930 domo
1190 3878 1322 3947 ejus.
1347 3875 1503 3931 Lavit
1528 3890 1624 3933 eos
1647 3916 1664 3943 ,
1690 3884 1746 3932 et
1770 3877 1913 3935 lotus
1939 3886 2025 3934 est
2063 3896 2077 3932 :
2120 3878 2239 3934 illos

659 3967 874 4038 quidem
916 3982 947 4021 a
993 3967 1159 4039 plagis
1180 3968 1382 4035 abluit,
1408 3969 1522 4038 ipse
1546 3984 1577 4024 a
1615 3970 1845 4039 peccatis
1869 3970 2084 4026 ablutus
2108 3982 2191 4027 est
2222 3989 2237 4026 :

660 4061 917 4128 nutrivit,
948 4071 1002 4115 et
1030 4062 1264 4124 nutritus
1287 4070 1389 4116 est.
1421 4060 1485 4115 Et
1516 4061 1821 4129 exsultavit,
1854 4063 2046 4134 inquit.
2075 4065 2235 4135 Atqui

660 4151 790 4205 nihil
811 4160 925 4206 erat
951 4150 1051 4205 nisi
1079 4150 1239 4206 verba
1266 4140 1468 4206 tantum
1496 4160 1687 4223 etspes
1708 4152 1869 4208 bona.
1892 4154 2006 4210 Hoc
2030 4155 2239 4227 signum

660 4242 1109 4314 erat,credidisse
1125 4243 1295 4310 illum,
1320 4244 1421 4299 sibi
1440 4245 1618 4300 omnia
1637 4245 1861 4303 remissa
1887 4245 2075 4303 fuisse.
2101 4250 2239 4317 Quid

657 4336 880 4392 custode
894 4337 1128 4393 carceris
1153 4336 1338 4408 pejus?
1360 4337 1487 4408 quid
1509 4338 1798 4406 crudelius,
1824 4340 1948 4412 quid
1975 4342 2241 4399 ferocius?

661 4431 909 4481 Attamen
938 4442 1059 4483 cum
1087 4428 1253 4483 multo
1284 4429 1405 4485 illos
1439 4432 1676 4501 suscepit
1705 4432 1932 4489 honore.
1960 4434 2076 4490 Non
2100 4436 2241 4505 quod

660 4510 913 4574 servatus
930 4527 1075 4575 esset
1103 4561 1120 4587 ,
1148 4521 1361 4590 gavisus
1389 4532 1509 4588 est,
1541 4524 1635 4578 sed
1667 4523 1821 4598 Quod
1857 4524 1969 4581 Deo
1997 4529 2239 4584 crederet.

661 4610 820 4665 Crede
840 4650 858 4675 ,
895 4610 1103 4681 inquit,
1128 4612 1184 4665 in
1212 4609 1510 4668 Dominum.
1552 4612 1677 4670 Ideo
1703 4614 1865 4683 dixit,
1896 4617 2003 4685 "Qui
2033 4619 2245 4672 credidit

662 4701 793 4769 Deo,
817 4710 874 4757 ut
893 4718 960 4758 ne
974 4701 1249 4765 videretur
1268 4705 1417 4775 quasi
1436 4705 1721 4762 damnatus
1734 4717 1788 4763 et
1815 4719 2063 4778 peccator
2084 4711 2241 4765 solvi.

662 4794 863 4851 Idcirco
886 4795 1069 4851 dicunt
1103 4813 1117 4850 :
1148 4793 1315 4851 Cessas
1340 4814 1430 4852 nos
1458 4798 1655 4867 publice
1679 4800 1993 4856 indemnatos
2022 4803 2244 4857 homines

664 4888 982 4952 coniecerunt
1029 4888 1084 4941 in
1127 4904 1416 4955 carcerem;
1450 4900 1507 4945 ut
1544 4905 1649 4946 non
1694 4892 1857 4947 modo
1892 4896 2098 4964 gratiae.
2149 4896 2243 4951 sed

665 4980 826 5033 etiam
876 4979 1109 5049 ipsorum
1153 4990 1299 5037 esset
1332 4997 1487 5052 opus.
1524 4981 1657 5055 Vide
1688 4993 1744 5039 ut
1770 4985 1916 5040 varia
1964 4985 2243 5058 dispenset

666 5072 857 5141 gratia,
889 5073 1157 5143 quomodo
1186 5073 1276 5128 ille
1300 5090 1547 5145 egressus
1577 5086 1679 5139 est,
1710 5078 1982 5147 quomodo
2011 5079 2117 5148 hic,
2142 5082 2246 5138 etsi

665 5173 891 5235 uterque
915 5164 1189 5235 apostolus
1224 5175 1388 5221 esset.
1422 5165 1716 5221 Timuerunt
1737 5209 1752 5233 ,
1796 5168 1987 5241 inquit.
2028 5172 2246 5228 Timent

668 5256 793 5326 quia
823 5255 1227 5333 Romani'sunt,
1258 5271 1363 5312 non
1394 5258 1521 5328 quia
1551 5258 1745 5329 injuste
1772 5262 2141 5331 conjecerunt.
2173 5265 2241 5321 Et

668 5355 966 5420 rogaverunt
1003 5345 1144 5412 illas,
1173 5355 1228 5400 ut
1256 5348 1449 5402 exirent
1489 5364 1553 5402 ea:
1594 5350 1812 5404 civitate.
1842 5351 1995 5409 Hane
2042 5356 2247 5424 petiere

668 5438 909 5507 gratiam.
943 5437 1022 5493 llli
1066 5453 1196 5493 vero
1229 5448 1288 5494 ut
1311 5448 1575 5496 venerunt
1602 5442 1668 5497 ad
1702 5441 1926 5515 Lydiam
1956 5455 2012 5501 et
2052 5449 2249 5505 conﬁr-

672 5539 885 5584 marunt
907 5532 1024 5587 e‘am
1050 5572 1066 5599 ,
1098 5530 1177 5586 sic
1213 5531 1435 5601 profecti
1464 5541 1607 5589 sunt.
1640 5533 1755 5590 Non
1781 5538 2064 5607 Oportebat
2103 5540 2247 5596 enim

672 5619 983 5691 hospitalem
1012 5624 1157 5678 illam
1189 5622 1239 5679 in
1268 5639 1436 5694 agone
1462 5635 1516 5679 et
1539 5626 1897 5686 sollicitudine
1920 5631 2248 5703 relinquere.

670 5713 892 5786 Egressi
919 5724 1092 5772 autem
1120 5725 1246 5773 sunt
1269 5758 1284 5784 ,
1312 5732 1417 5772 non
1445 5718 1548 5772 illis
1571 5717 2025 5792 obtemperantes,
2058 5724 2155 5780 sed
2181 5724 2248 5780 ad

669 5807 1105 5880 prmdicatiouetn
1132 5810 1443 5867 festinantes
1470 5853 1484 5877 ,
1516 5828 1637 5867 cum
1667 5814 1858 5869 civitas
1890 5832 1983 5884 per
2010 5818 2247 5874 miracu-

672 5900 783 5955 lum
812 5899 943 5956 illud
983 5899 1113 5955 satis
1147 5901 1329 5974 adjuta
1371 5902 1574 5960 fuisset.
1619 5905 1731 5961 Non
1779 5908 2059 5977 oportebat
2101 5912 2241 5969 ultra

1358 534 1369 543 κ
1436 469 1494 526 S.
1532 463 1808 525 JOANNIS
1844 453 2320 519 CHRYSOSTOMI
2357 453 2670 511 ARCiIlEP.
2710 448 3244 510 CONSTANTINOP.

3830 445 3945 501 ἔδει

2355 583 2590 625 manere.
2637 567 2769 624 Nam
2811 568 3129 639 miraculum
3169 567 3342 635 majus
3382 569 3606 634 apparet
3658 560 3941 631 magisque

2352 660 2546 715 clamat
2572 670 2693 730 post
2723 659 3113 730 profectionem
3149 672 3337 713 eorum
3364 655 3454 725 qui
3480 653 3655 723 ipsum
3686 660 3943 722 patrave-

2350 762 2493 808 rant.
2527 752 2736 807 Etenim
2765 752 3005 809 custodis
3032 750 3264 807 careeris
3305 748 3439 804 ﬁdes
3485 761 3583 818 pro
3629 759 3762 800 voce
3792 754 3940 799 erat.

2350 842 2485 912 Quid
2514 842 2639 899 huic
2678 843 2756 899 rei
2788 843 2921 913 part
2948 842 3163 913 Ligatur
3202 850 3259 896 et
3285 839 3448 897 solvit
3491 838 3719 909 ligatus;
3769 835 3947 890 solvit

2349 932 2549 1003 duplex
2590 932 2891 998 vinculum;
2921 932 3173 1003 ligantem
3215 946 3275 986 se
3316 931 3476 985 solvit
3520 945 3618 1000 per
3660 928 3761 983 hoc
3787 942 3943 997 quoa

2350 1022 2465 1093 ipse
2494 1023 2687 1095 ligatus
2724 1026 2813 1079 sit.
2848 1023 2971 1079 εὶωο
2998 1038 3125 1078 vere
3151 1029 3279 1077 sunt
3324 1021 3509 1091 gratia:
3544 1035 3728 1091 opera.
3771 1018 3946 1074 Nune

2349 1132 2490 1187 ergo,
2519 1116 2709 1187 inquit,
2736 1116 2943 1189 egressi,
2974 1114 3045 1169 ite
3064 1114 3120 1169 in
3147 1129 3272 1185 pace
3298 1129 3317 1168 :
3348 1112 3400 1169 id
3424 1122 3528 1179 est,
3555 1127 3680 1167 cum
3720 1114 3944 1197 securi-

2349 1215 2480 1276 tate,
2505 1207 2639 1263 nihil
2665 1209 2933 1264 timentes.
2963 1206 3134 1264 Simul
3161 1207 3304 1261 hunc
3324 1204 3508 1260 volunt
3533 1213 3685 1260 extra
3712 1204 3939 1275 perieu-

2348 1296 2458 1352 lum
2505 1298 2644 1367 ﬁeri,
2697 1316 2765 1355 ne
2809 1308 2931 1370 post
2972 1298 3088 1354 haec
3124 1306 3430 1354 accusetur.
3462 1296 3530 1352 Et
3557 1310 3668 1351 non
3702 1295 3899 1350 dicunt
3927 1339 3941 1358 ,

2344 1391 2529 1447 Ccsos
2571 1407 2672 1448 nos
2714 1393 3063 1462 conjecerunt
3090 1394 3144 1447 in
3171 1406 3443 1447 carcerem
3466 1431 3482 1457 ,
3512 1391 3636 1461 quia
3674 1388 3943 1444 miracula

2344 1483 2548 1552 aperati
2595 1497 2809 1538 eramus
2846 1499 2863 1539 :
2896 1498 3067 1555 neque
3096 1484 3240 1540 enim
3277 1483 3362 1539 his
3405 1480 3798 1545 attendebant;
3836 1481 3942 1537 sed

2344 1572 2489 1643 quod
2520 1573 2733 1629 illorum
2759 1574 2969 1631 animos
2996 1583 3285 1631 concutere
3315 1581 3561 1644 poterat,
3593 1570 3941 1626 ludemuatos

2348 1664 2539 1736 inquit,
2565 1675 2611 1720 et
2644 1666 2918 1721 Romanos.
2952 1666 3118 1736 Hujus
3140 1666 3301 1721 vincti
3332 1679 3544 1735 semper
3562 1677 3833 1719 memores
3857 1665 3941 1718 si-

2344 1773 2485 1825 mus,
2511 1768 2565 1814 et
2584 1774 2688 1814 non
2712 1760 2970 1814 miraculi.
3002 1759 3140 1828 Quid
3166 1759 3351 1814 dicent
3369 1758 3620 1829 gentiles,
3648 1758 3939 1828 quomodo

2345 1852 2550 1908 vinetus
2592 1866 2712 1907 eum
2755 1861 2921 1916 esset,
2966 1852 3135 1907 suasit
3175 1850 3467 1906 vincienti?
3496 1850 3561 1904 Et
3609 1864 3795 1921 quem,
3852 1849 3941 1904 ia-

2342 1941 2566 2013 quiunt,
2596 1942 2905 2013 persuaderi
2935 1939 3251 2011 oportebat,
3283 1941 3389 1995 nisi
3433 1940 3723 1996 scelestum
3753 1938 3938 1994 homi-

2342 2049 2488 2100 nem,
2517 2034 2773 2090 miserum
2804 2076 2820 2101 ,
2850 2034 2941 2104 qui
2973 2042 3206 2088 mentem
3238 2048 3345 2088 non
3371 2032 3613 2098 haberet,
3647 2032 3797 2088 mille
3822 2047 3933 2087 ma-

2345 2125 2411 2180 lls
2434 2134 2684 2181 onustum
2702 2134 2754 2182 et
2769 2133 2924 2195 captu
2944 2124 3153 2181 facilem
3170 2125 3195 2177 ‘l
3221 2123 3348 2179 llazc
3367 2124 3584 2195 insuper
3609 2122 3894 2193 proferunt
3920 2139 3934 2177 :

2344 2217 2475 2286 Quis
2503 2218 2747 2285 credidit,
2784 2219 2886 2274 nisi
2933 2219 3215 2284 coriarius,
3245 2219 3561 2288 purpuraria
3583 2257 3599 2281 ,
3628 2216 3935 2280 eunuchus,

2345 2322 2530 2368 custos
2557 2304 2812 2379 carceris,
2840 2310 2982 2366 servi
3011 2320 3065 2366 et
3105 2310 3401 2366 mulieres?
3426 2310 3563 2380 Quid
3591 2325 3724 2381 ergo
3752 2309 3940 2365 dicere

2346 2410 2639 2472 poterunt,
2678 2401 2892 2473 quando
2941 2416 3075 2470 eos,
3123 2403 3213 2473 qui
3257 2402 3310 2457 in
3363 2402 3711 2473 dignitatibus
3758 2411 3936 2468 erant,

2344 2493 2703 2563 producemus
2732 2512 2747 2549 :
2775 2495 3146 2549 centurionem
3175 2535 3191 2558 ,
3239 2496 3611 2564 proconsulem
3639 2536 3656 2563 ,
3705 2496 3843 2550 alios
3872 2512 3936 2550 ex

2345 2584 2440 2640 illo
2469 2585 2537 2640 ad
2570 2585 2671 2641 hoc
2693 2600 2861 2655 usque
2883 2593 3093 2656 tempus
3115 2625 3132 2652 ,
3161 2586 3534 2655 imperatores,
3568 2600 3723 2657 reges
3741 2588 3766 2639 'I
3821 2586 3940 2657 Ego

2346 2691 2475 2732 vero
2500 2676 2642 2731 aliud
2668 2677 2839 2747 majus
2862 2675 2985 2732 dico
3014 2694 3028 2730 :
3058 2677 3204 2747 ipsos
3232 2677 3449 2732 viliores
3482 2678 3602 2732 illos
3625 2676 3934 2732 videamus.

2343 2771 2550 2845 Ecquid
2573 2771 2646 2827 ibi
2672 2773 2886 2835 mirum.
2910 2770 3271 2842 inquiesilioc
3297 2781 3443 2827 certe
3466 2772 3698 2827 mirum:
3726 2771 3939 2828 etenim

2342 2868 2390 2923 si
2444 2867 2513 2923 de
2559 2865 2718 2923 rebus
2771 2866 3082 2938 vulgaribus
3136 2866 3401 2932 crederet,
3450 2882 3555 2921 non
3597 2868 3799 2922 mirum
3850 2883 3943 2924 ea-

2340 2966 2459 3022 set;
2490 2972 2611 3011 cum
2643 2972 2774 3012 vero
2802 2957 2871 3011 de
2898 2958 3299 3013 resurrectione
3326 2998 3340 3022 ,
3367 2959 3436 3013 de
3460 2973 3625 3029 regno
3650 2960 3937 3022 calorum.

2342 3049 2412 3105 de
2450 3052 2556 3104 vita
2605 3048 2973 3120 philosophica
3023 3050 3143 3119 quis
3190 3050 3534 3119 pepularibus
3590 3051 3834 3121 loquitur
3885 3069 3944 3108 et

2346 3141 2679 3213 persuadet,
2709 3141 2811 3196 hoc
2836 3141 3134 3197 mirabilius
3174 3143 3299 3207 erit,
3340 3158 3499 3213 quam
3526 3144 3569 3199 si
3597 3145 3943 3215 sapientibus

2345 3227 2724 3303 persuasisset.
2750 3232 2884 3309 (lum
2915 3233 3059 3288 enim
3087 3248 3193 3289 non
3238 3246 3321 3288 est
3360 3236 3676 3304 periculum,
3719 3248 3778 3292 et
3819 3240 3945 3309 quis

2344 3324 2555 3393 suadet,
2578 3341 2609 3381 e
2635 3342 2695 3382 re
2720 3308 3003 3381 stultitiam
3033 3326 3085 3381 in
3115 3326 3348 3382 medium
3380 3328 3660 3398 proferunt
3682 3346 3698 3397 ;
3721 3331 3946 3400 quando

2344 3425 2521 3473 autem
2550 3417 2671 3487 quis
2697 3415 2899 3472 dixerit
2924 3431 3084 3471 servo
3110 3417 3407 3472 secundum
3444 3427 3495 3472 te
3527 3438 3540 3473 :
3572 3418 3630 3476 Si
3658 3420 3790 3474 mihi
3824 3438 3948 3477 cre-

2344 3508 2461 3573 das,
2492 3509 2811 3579 periclitaris
2832 3550 2847 3571 ,
2879 3524 3067 3565 omnes
3096 3510 3316 3565 habebis
3343 3511 3435 3565 tibi
3458 3512 3726 3571 inimicos.
3766 3530 3944 3584 opor-

2347 3612 2423 3658 tet
2444 3611 2493 3657 te
2522 3604 2680 3670 mori,
2713 3603 2857 3657 mille
2888 3602 3070 3658 subire
3096 3603 3270 3669 mala;
3300 3605 3484 3675 sicque
3521 3605 3663 3661 illius
3688 3609 3937 3664 animant

2344 3696 2520 3766 capiat
2546 3712 2560 3748 :
2592 3709 2701 3750 non
2712 3694 2822 3766 jam
2846 3694 2948 3750 hoc
2969 3696 3289 3765 insipientia:
3312 3706 3413 3752 est.
3447 3695 3580 3752 Nam
3608 3699 3943 3770 sidogmata

2346 3786 2667 3858 voluptatem
2708 3786 2972 3843 baberent
2992 3829 3008 3855 ,
3033 3787 3154 3857 jure
3182 3790 3302 3859 quis
3330 3788 3437 3844 hoc
3462 3789 3663 3844 diceret
3687 3808 3704 3856 ;
3730 3793 3776 3845 si
3807 3807 3946 3847 vero

2346 3879 2421 3947 id,
2467 3879 2609 3949 quod
2639 3879 2848 3935 nollent
2888 3878 3192 3949 philosophi
3232 3880 3467 3948 discere,
3505 3895 3694 3935 servus
3731 3881 3937 3947 discat,

2344 3970 2518 4040 majus
2561 3979 2644 4026 est
2673 3970 3012 4025 miraculum.
3042 3971 3107 4025 Et
3136 3970 3181 4026 si
3211 3971 3369 4025 vultis
3390 4012 3405 4040 ,
3438 3972 3725 4028 curiarium
3755 3976 3943 4044 ipsum

2347 4066 2398 4118 in
2431 4064 2663 4119 medium
2693 4063 3039 4129 adducamus,
3068 4072 3123 4118 et
3152 4063 3428 4121 videamus
3456 4066 3712 4137 quidesi
3741 4066 3945 4123 Petrus

2346 4154 2629 4224 loquatur;
2681 4155 2764 4210 vel
2807 4155 2852 4210 si
2900 4155 3094 4225 placet,
3138 4150 3634 4225 ipsum‘eustodem
3679 4173 3941 4214 careeris.

2344 4246 2481 4313 Quid
2509 4262 2636 4317 ergo
2666 4248 2764 4318 ipsi
2793 4247 2923 4302 dicit
2946 4248 3143 4302 Paulus
3162 4250 3186 4299 ‘t
3211 4248 3455 4303 Christus
3484 4250 3778 4304 resurrexit
3804 4293 3821 4319 ,
3854 4263 3949 4307 est

2346 4339 2671 4393 resurrectio
2716 4350 3053 4393 mortuorum
3084 4349 3139 4394 et
3169 4355 3433 4411 regnum;
3477 4350 3530 4395 et
3573 4342 3754 4396 statim
3808 4359 3944 4413 per—

2348 4432 2517 4487 suasit
2538 4431 2691 4487 facile
2730 4431 2991 4487 credenti.
3024 4431 3164 4500 Quid
3191 4436 3361 4504 ergo‘!
3384 4433 3452 4489 de
3478 4434 3585 4489 vita
3615 4435 3743 4490 nihil
3773 4435 3939 4501 dixit,

2349 4524 2490 4593 quod
2518 4538 2705 4592 sapere
2734 4534 3000 4593 oporteat,
3032 4524 3174 4595 quod
3200 4528 3439 4595 pecuniis
3470 4527 3757 4597 imperare,
3785 4530 3937 4599 quod

2351 4632 2455 4670 non
2485 4631 2605 4672 esse
2651 4613 3000 4672 inhumanum
3042 4628 3321 4688 oporteat,
3353 4620 3493 4691 quod
3523 4622 3660 4677 bona
3689 4637 3787 4678 sua
3813 4638 3945 4681 ero-

2349 4707 2518 4777 ganda
2545 4708 2649 4763 sint
2670 4706 3026 4780 aliisiNeque
3054 4712 3198 4765 enim
3223 4711 3339 4767 haec
3363 4713 3657 4770 credidisse
3678 4714 3943 4785 insipieno

2350 4802 2418 4854 tis
2443 4811 2579 4867 erat,
2606 4801 2700 4857 sed
2731 4802 2905 4872 magni
2932 4802 3118 4857 animi.
3151 4803 3283 4858 Esto
3309 4806 3453 4859 enim
3476 4806 3576 4877 ipsi
3601 4806 3848 4877 dogmata
3866 4823 3940 4865 ex

2350 4892 2655 4962 insipientia
2672 4893 3006 4963 acceperint;
3026 4896 3186 4948 vitam
3210 4895 3354 4949 illam
3371 4895 3789 4968 philosophieam
3806 4914 3941 4954 sus-

2349 4989 2547 5057 cipere,
2595 5002 2662 5043 an
2712 4987 3015 5059 insipientis
3056 4990 3243 5045 esset?
3289 4989 3471 5061 Itaque
3503 5002 3705 5061 quanto
3758 4997 3942 5065 magis

2352 5077 2609 5148 insipiens
2634 5088 2778 5134 esset
2805 5079 2895 5149 qui
2922 5078 3358 5149 obtemperaret,
3390 5090 3447 5137 et
3473 5091 3649 5138 tamen
3675 5096 3738 5138 ea
3762 5084 3941 5140 susei-

2354 5179 2522 5241 peret,
2573 5187 2693 5241 quae
2733 5169 3067 5241 philosophis
3096 5172 3423 5242 persuadere
3467 5173 3770 5245 philosophi
3824 5191 3939 5231 non

2352 5273 2595 5336 possent,
2627 5266 2801 5334 majus
2830 5275 2973 5320 esset
3006 5265 3323 5320 miraculum
3352 5284 3366 5320 :
3396 5267 3626 5322 maxime
3654 5281 3783 5323 vero
3809 5285 3936 5326 cum

2354 5358 2607 5413 mulieres
2656 5366 2709 5412 et
2760 5357 2901 5412 servi
2946 5357 3355 5433 persuadentur,
3386 5368 3441 5414 et
3480 5373 3579 5429 per
3614 5373 3778 5429 opera
3819 5359 3940 5417 hac

2355 5448 2648 5515 exhibent,
2680 5465 2798 5521 quae
2824 5464 2923 5505 nec
2950 5450 3205 5506 Platones
3233 5465 3333 5505 nec
3361 5451 3448 5506 alii
3478 5467 3666 5508 omnes
3696 5454 3791 5508 ulli
3818 5469 3941 5525 per-

2355 5540 2581 5596 suadere
2609 5550 2917 5611 potuerunt.
2958 5541 3029 5597 Et
3052 5557 3151 5597 cur
3181 5540 3316 5596 nulli
3353 5542 3512 5599 dico?
3554 5543 3633 5600 Ne
3661 5544 3765 5602 sibi
3808 5545 3942 5617 ipsis

2354 5631 2593 5701 quidem.
2626 5631 2757 5685 Nam
2796 5632 2949 5689 Plato
2988 5634 3206 5703 quidem
3248 5640 3511 5705 persuasit
3551 5638 3808 5708 pecunias
3833 5653 3937 5695 non

2356 5736 2477 5777 esse
2504 5722 2942 5791 contemnendas,
2968 5725 3057 5795 qui
3086 5708 3262 5781 iantas
3283 5726 3565 5783 facultates
3594 5737 3651 5783 et
3675 5744 3809 5799 opes
3834 5745 3929 5785 an-

2356 5812 2622 5883 nulosque
2650 5829 2843 5871 aureos
2886 5826 2941 5871 et
2987 5815 3191 5885 plualas
3216 5818 3454 5889 possedit
3481 5820 3583 5890 (a).
3625 5820 3781 5890 Quod
3809 5838 3936 5879 vero

2412 5925 2495 5989 (a)
2527 5907 2829 5980 Prtedivitem
2870 5927 3019 5979 fuisse
3057 5928 3299 5982 Platonem
3331 5935 3690 5987 asseverabant
3705 5930 3900 5999 quidam
3931 5954 3943 5964 ο
