4082 6508
141 487 244 546 93-9

129 604 226 666 τὰς
259 604 488 668 νύκτας,
519 603 646 656 ἔνθα
681 602 855 671 κῶμοι
896 601 991 654 καῖ⁸
1031 599 1192 670 μέθαι
1237 600 1330 652 καὶ
1356 597 1657 668 ἁσέλγειαι,
1687 597 1814 652 ἔνθα

133 691 298 754 ὕπνος
338 691 573 744 θανάτου
603 690 754 744 οὐδὲν
786 687 1113 758 διεστηκώς,
1154 687 1280 741 ἔνθα
1316 688 1614 757 ἀγρυπνίαι
1645 687 1814 739 ὕπνου

131 780 538 852 χαλεπώτεραι.
569 780 633 832 Οἱ
666 780 764 849 μὲν
789 778 894 848 γάρ
918 776 1268 830 καθεύδουσιν
1299 776 1732 847 ἀνεπαισθήτως,
1766 776 1816 828 οἱ

131 875 186 927 δέ
221 873 600 944 ἐγρηγόρασιν
635 869 882 933 ἐλεεινῶς
905 870 998 923 καὶ
1029 870 1248 933 ἀθλίως,
1282 868 1466 932 δόλους
1500 869 1818 940 ῥάπτοντες,

134 962 270 1032 ὑπὲρ
323 961 632 1031 χρημάτων
687 958 1083 1030 φροντίζοντες,
1123 959 1274 1021 ὃπως
1328 957 1645 1027 ἀμύνωνται
1695 955 1821 1019 τοὺς

133 1051 462 1113 ἀδικοῦντας
496 1049 888 1112 σπουδάζοντες
912 1086 927 1107 ,
967 1046 1168 1117 ἔχθραν
1212 1045 1563 1117 μελετῶντες,
1601 1046 1820 1116 ῥήματα

136 1137 433 1209 ὑϐριστικὰ
459 1137 578 1207 μεθ’
604 1135 817 1205 ἡμέραν
842 1135 1226 1205 ἀναλεγόμενοι
1251 1151 1264 1164 ·
1298 1133 1441 1186 οὕτω
1466 1133 1527 1187 16
1548 1133 1661 1202 πῦρ
1684 1150 1820 1186 σκα-

134 1227 352 1279 λεύουσι
404 1229 506 1297 τῆς
549 1224 740 1296 ὀργῆς,
787 1223 856 1278 τά
909 1224 1160 1294 ἀφόρητα
1198 1221 1578 1294 ἐργαζόμενοι.
1617 1222 1820 1275 Σκόπει

134 1313 247 1376 πῶς
280 1313 496 1383 Πέτρος
538 1311 844 1365 ἐκάθευδεν.
889 1309 1266 1378 Οίκονομικῶς
1299 1312 1476 1362 ἐκεῖνο
1502 1309 1725 1378 γέγονεν
1745 1324 1758 1336 ·
1791 1310 1820 1362 6

134 1400 368 1469 ἄγγελος
397 1400 507 1471 γὰρ
538 1399 892 1470 παρεγένετο,
914 1397 1009 1450 καὶ
1030 1397 1217 1450 οὐδένα
1239 1397 1405 1467 ἐχρῆν
1435 1397 1560 1450 ἰδεῖν
1585 1396 1644 1450 16
1669 1396 1823 1465 γενό-

136 1475 296 1558 μενον
317 1505 333 1519 ⁸
373 1487 472 1541 καὶ
509 1486 666 1540 τοῦτο
697 1486 860 1541 πάλιν
887 1484 1086 1549 καλῶς,
1123 1485 1207 1536 ἵνα
1239 1483 1452 1554 κωλυθῇ
1493 1486 1520 1536 6
1547 1483 1822 1554 δεσμοφύ-

134 1575 229 1642 λαξ
255 1575 474 1629 ἀνελεῖν
499 1575 708 1629 ἐαυτόν.
733 1574 846 1627 Kal
869 1573 957 1626 διὰ
985 1573 1035 1625 τί
1059 1573 1133 1644 μὴ
1165 1572 1292 1626 ἄλλο
1313 1575 1536 1642 σημεῖον
1565 1573 1820 1641 γέγονεν;

135 1665 255 1719 ’Ὁτι
301 1666 469 1719 τοῦτο
503 1663 656 1737 [2³16]
695 1663 928 1734 μάλιστα
967 1663 1131 1717 αὐτὸν
1166 1662 1460 1732 ἐφελκύσαι
1499 1663 1594 1716 καὶ
1636 1664 1821 1714 πεῖσαι

137 1753 322 1807 ἱκανὸν
352 1751 428 1826 ἦν
455 1767 504 1817 α,
530 1754 663 1806 61100
701 1769 765 1821 γε
799 1751 893 1804 καὶ
921 1751 1083 1814 αὐτὸς
1116 1750 1490 1804 ἐκινδύνευσεν
1518 1750 1616 1815 ἂν,
1654 1753 1701 1803 εἰ
1743 1751 1819 1823 μὴ

137 1842 362 1910 γέγονεν
379 1858 394 1873 ο
430 1842 489 1894 οὐ
512 1841 620 1910 γὰρ
647 1837 790 1892 οὕτω
813 1838 880 1891 τά
909 1837 1162 1905 θαύματα
1191 1838 1339 1908 ἡμᾶς
1361 1839 1523 1908 αἱρεῖ,
1552 1838 1626 1902 ὡς
1651 1837 1718 1892 τὰ
1743 1842 1823 1904 είς

140 1930 426 2002 σωτηρίαν
460 1929 735 2001 ἡμετέραν
772 1929 993 1999 ἥκοντα.
1039 1929 1156 1982 Ἵνα
1196 1926 1270 1999 μὴ
1313 1927 1438 1999 δόξῃ
1488 1929 1596 1982 ἀπὸ
1624 1930 1820 1982 ταύτο-

139 2015 309 2085 μάτου
353 2012 688 2084 γεγενῆσθαι
736 2012 766 2064 6
807 2012 1064 2084 σεισμὸς,
1099 2012 1506 2084 ἐπηκολούθησε
1544 2013 1821 2067 καὶτοῦτο

138 2105 331 2175 ἐκείνῳ
391 2103 727 2175 μαρτυροῦν.
764 2102 874 2156 Καὶ
918 2105 973 2157 ἐν
1005 2103 1163 2157 νυκτὶ
1211 2103 1486 2171 φαίνεται·
1523 2104 1675 2157 οὐδὲν
1712 2104 1821 2176 γάρ

139 2191 273 2263 πρὸς
311 2193 598 2260 ἐπίδειξιν,
653 2191 788 2245 ἀλλὰ
823 2192 1279 2263 πρὸςσωτηρίαν
1325 2191 1573 2246 ἐποίουν.
1610 2192 1722 2246 Οὐκ
1754 2189 1823 2265 ἦν

139 2280 426 2352 πονηρὺςὸ
454 2280 795 2350 δεσμοφύλαξ
815 2293 828 2306 ’
872 2279 1062 2333 ἔϐαλεν
1091 2281 1288 2343 αὐτοὺς
1315 2283 1396 2344 εἰς
1418 2281 1516 2351 τὴν
1547 2283 1822 2353 ἐσωτέραν

142 2365 417 2436 φυλακὴν,
446 2366 820 2437 παραγγελίαν
840 2366 1095 2437 τοιαύτην
1124 2365 1327 2430 λαϐὼν,
1357 2367 1456 2420 οὐκ
1482 2369 1573 2436 ἀφ’
1602 2367 1818 2424 ἐαυτοῦ.

142 2454 251 2506 Καὶ
281 2455 375 2508 διὰ
410 2455 464 2507 τί
505 2455 577 2525 μὴ
611 2455 715 2525 πρὸ
755 2453 946 2508 τούτου
975 2454 1199 2525 ἐϐόησεν
1227 2457 1255 2509 6
1297 2453 1540 2520 Παῦλος;
1579 2456 1822 2528 Θορύϐου

142 2541 344 2607 μεστὸς
367 2541 397 2592 6
429 2540 715 2611 ἄνθρωπος
744 2536 813 2612 ῆν
858 2541 956 2594 καὶ
984 2541 1261 2612 ταραχῆς,
1297 2541 1394 2594 καὶ
1443 2543 1542 2595 οὐκ
1577 2541 1644 2595 ἂν
1687 2561 1825 2612 παρ-

142 2629 386 2696 εδέξατο.
415 2630 512 2682 Διά
540 2630 714 2694 τοῦτο,
743 2631 831 2683 ὅτε
856 2629 994 2683 εἶδεν
1029 2631 1220 2684 ἐαυτὸν
1255 2631 1513 2701 μέλλοντα
1543 2633 1787 2702 ἀναιρεῖν
1807 2672 1822 2697 ,

143 2716 666 2786 προκαταλαμϐάνει
687 2718 781 2770 καὶ
806 2718 926 2789 βοᾷ,
957 2719 1132 2787 λέγων
1152 2732 1166 2746 ⁸
1199 2719 1407 2783 Πάντες
1429 2719 1593 2790 ἐσμὲν
1615 2719 1822 2773 ἐνθάδε.

142 2804 240 2855 Διά
269 2805 436 2857 τοῦτο
482 2806 575 2858 καὶ
619 2805 856 2876 Αίτήσας
907 2806 1061 2874 φῶτα
1106 2805 1468 2877 εἰσεπήδησε,
1513 2807 1609 2860 καὶ
1653 2825 1826 2878 προσ-

147 2890 305 2944 ἔπεσε
331 2891 412 2962 τῷ
451 2893 665 2962 Παύλῳ,
722 2895 889 2963 φησὶ,
927 2894 1021 2948 καὶ
1059 2894 1136 2965 τῷ
1180 2895 1338 2965 Σίλᾳ.
1375 2896 1467 2958 Είς
1502 2896 1630 2958 τοὺς
1660 2895 1827 2959 πόδας

148 2981 486 3049 προσπίπτει
519 2981 612 3034 τοῦ
641 2981 919 3051 δεσμώτου
945 2985 974 3035 6
1008 2981 1204 3052 φύλαξ.
1239 2983 1351 3036 Καὶ
1380 2985 1609 3054 προάγει
1632 2985 1829 3047 αὐτοὺς

147 3065 250 3132 ἔξω
287 3068 385 3120 καὶ
422 3067 569 3136 λέγει
597 3084 610 3097 ·
649 3068 864 3138 Κύριοι,
906 3069 958 3121 τί
993 3087 1062 3140 με
1089 3070 1168 3123 δεῖ
1189 3073 1382 3131 ποιεῖν,
1418 3071 1505 3125 ἵνα
1537 3071 1726 3137 σωθῶ,
1763 3071 1828 3123 Τί

147 3156 252 3226 γάρ
283 3150 476 3222 εἷπον;
516 3156 656 3227 Ὅρα
686 3156 846 3210 αὐτὸν
874 3158 974 3210 οὐκ
1019 3157 1206 3226 ἐπειδὴ
1251 3158 1481 3230 διεσώθη
1525 3160 1830 3235 ἐπὶ-τούτῳ

150 3244 470 3314 στέργοντα,
506 3241 642 3298 ἀλλά
666 3246 765 3314 τὴν
788 3245 1018 3317 δύναμιν
1050 3246 1409 3314 ἐκπλαγέντα.

220 3326 284 3397 β’.
306 3324 464 3391 Εἶδες
483 3327 535 3380 τί
562 3329 678 3381 ἐκεῖ
702 3329 914 3397 γέγονε,
933 3332 1027 3383 καὶ
1044 3330 1096 3383 τί
1123 3331 1383 3397 ἐνταῦθα;
1403 3331 1548 3384 Ἐκεῖ
1571 3332 1830 3402 παιδίσκη

151 3415 440 3488 ἀπηλλάγη
493 3415 821 3487 πνεύματος,
873 3418 971 3472 καὶ
1026 3421 1106 3484 εἰς
1159 3419 1533 3491 δεσμωτήριον
1578 3420 1831 3476 ἐνέϐαλον

153 3504 366 3570 αὐτοὺς,
402 3507 484 3560 611
526 3505 905 3576 ἠλευθέρωσαν
942 3506 1113 3578 αὐτὴν
1146 3507 1239 3560 τοῦ
1273 3507 1559 3577 δαίμονος.-
1597 3507 1831 3562 ἐνταῦθα

160 3592 316 3663 μόνον
347 3591 559 3659 ἔδειξαν
593 3594 760 3665 θύρας
793 3595 1116 3665 ἀνεῳγυίας,
1159 3595 1251 3648 καὶ
1293 3595 1501 3666 ἤνοιξεν
1541 3595 1703 3649 αὐτοῦ
1732 3597 1832 3666 τῆς

158 3684 377 3756 καρδίας
411 3687 509 3748 τὰς
543 3685 734 3757 θύρας,
768 3685 923 3737 ἔλυσε
952 3683 1127 3755 δεσμά
1153 3684 1333 3748 διπλᾶ,
1382 3679 1521 3755 ἦψεν
1560 3686 1734 3737 ἐκεῖνο
1770 3685 1832 3738 16

159 3776 304 3846 φῶς·
356 3775 419 3827 16
455 3773 561 3846 γὰρ
612 3774 670 3826 ἐν
714 3775 779 3844 τῇ
836 3771 1034 3843 καρδίᾳ
1069 3771 1234 3825 αὐτοῦ
1279 3771 1393 3841 φῶς
1439 3773 1668 3842 ἔλαμπε.
1722 3773 1832 3828 Καὶ

160 3865 483 3935 εἰσεπήδησε
522 3860 617 3914 καὶ
666 3859 993 3931 προσέπεσε,
1025 3859 1120 3912 καὶ
1148 3859 1246 3912 οὐκ
1272 3859 1473 3934 ἐρωτᾷ,
1512 3859 1636 3922 Πῶς
1674 3859 1834 3912 τοῦτο

160 3953 348 4021 γέγονε
369 3970 386 4019 ;
410 3952 474 4004 Τί
493 3950 746 4019 γέγοντν;
770 3947 886 4002 ἀλλ’
913 3946 1114 4011 εὐθέως
1140 3945 1301 4018 φησι·
1324 3946 1387 4006 Τί
1407 3963 1484 4016 με
1505 3945 1599 4000 δεῖ
1617 3948 1830 4011 ποιεῖν,

161 4042 258 4094 Ira
293 4037 507 4104 σωθῶ;
542 4039 606 4092 Τί
652 4033 744 4091 οὖν
801 4037 830 4089 6
870 4035 1122 4102 Παῦλος;
1173 4035 1516 4089 Πίστευσον
1566 4035 1665 4088 ἐπὶ
1725 4035 1836 4088 τὸν

162 4130 382 4197 Κύριον
424 4125 665 4194 Ἰησοῦν
694 4123 970 4192 Χριστὸν,
1011 4122 1110 4175 καὶ
1144 4122 1416 4188 σωθήσῃ,
1447 4123 1598 4192 φησὶ,
1632 4122 1713 4176 σὺ
1735 4122 1834 4176 καὶ

163 4219 195 4269 0'
222 4212 389 4282 οἶκός
411 4231 548 4269 σου.
586 4211 835 4266 Μάλιστα
864 4209 1022 4263 τοῦτο
1050 4211 1174 4273 τοὺς
1199 4209 1518 4279 ἀνθρώπους
1547 4210 1834 4286 ἐφέλκεται

163 4305 219 4358 16
243 4305 338 4358 καί
366 4303 456 4356 τὸν
484 4298 628 4355 οἷκον
676 4299 840 4354 αὐτοῦ
873 4297 1133 4368 σωθῆναι.
1180 4297 1287 4352 Καὶ
1332 4296 1649 4365 ἐλάλησαν
1672 4295 1836 4362 αὐτῷ

165 4392 498 4461 τὸνλόγον,
526 4389 624 4442 καί
655 4387 807 4443 πᾶσι
849 4386 975 4450 τοῖς
1004 4386 1073 4439 ἐν
1103 4382 1178 4453 τῇ
1213 4385 1372 4451 οἰκίᾳ
1402 4384 1609 4438 αὐτοῦ.
1645 4385 1836 4438 Ἐλου-

169 4498 256 4534 ινεν
290 4481 512 4543 αὐτοὺς,
543 4478 637 4532 καὶ
666 4476 890 4547 ἐλούθη’
922 4473 1161 4536 ἐκείνους
1195 4473 1294 4544 μὲν
1330 4472 1437 4526 ἀπὸ
1476 4472 1584 4526 τῶν
1611 4472 1836 4544 πληγῶν

168 4567 404 4631 ἔλουσεν,
447 4565 608 4628 αὐτὸς
639 4565 696 4618 δέ
735 4564 842 4618 ἀπὸ
890 4562 996 4615 τῶν
1040 4561 1326 4632 ἁμαρτιῶν
1376 4559 1604 4631 ἐλούθη·
1641 4560 1836 4632 ἔθρεψε

169 4658 259 4710 καί
305 4657 537 4730 ἐτράφη.
591 4654 702 4709 Καὶ
753 4649 1114 4723 ήγαλλιᾶτο,
1165 4650 1333 4721 φησί·
1363 4649 1540 4703 καίτοι
1569 4650 1720 4702 οὐδὲν
1743 4645 1834 4720 ἦν,

170 4746 298 4800 ἀλλὰ
321 4748 540 4818 ῥήματα
577 4743 736 4814 μόνον
766 4742 859 4794 καὶ
897 4738 1112 4802 ἐλπίδες
1140 4738 1391 4809 χρησταί.
1416 4737 1586 4790 Τοῦτο
1612 4740 1839 4807 σημεῖον

169 4827 234 4904 ἦν
249 4833 345 4887 τοῦ
379 4832 800 4886 πεπιστευκέναι
835 4828 1016 4891 αὐτὸν,
1041 4827 1123 4879 ὅτι
1157 4827 1375 4879 πάντων
1401 4825 1599 4897 ἀφέθη.
1629 4824 1692 4879 Τί
1720 4826 1840 4879 δεσ-

173 4923 481 4992 μοφύλακος
495 4921 696 4991 χεῖρον;
714 4918 766 4971 τί
792 4916 848 4969 δέ
865 4914 1220 4987 ώμότερον;τί
1242 4914 1297 4967 δέ
1316 4911 1555 4984 ἀγριώτε
1564 4931 1676 4986 ρον;
1694 4914 1837 4969 Ἀλλ’

171 5010 313 5080 ὅμως
354 5008 490 5078 μετά
521 5007 725 5076 πολλῆς
768 5005 967 5068 αὐτοὺς
1012 5002 1307 5068 ὑπεδέξατο
1340 5005 1438 5073 τῆς
1491 5002 1678 5074 τιμῆς.
1724 5003 1840 5056 Οὐκ

173 5094 354 5164 ἐπειδὴ
381 5091 582 5162 ἐσώθη,
615 5089 918 5160 εὐφράνθη,
957 5087 1090 5141 ἀλλὰ
1124 5084 1548 5152 Πεπιστευκὼς
1574 5084 1652 5151 τῷ
1673 5084 1795 5151 Θεῷ
1821 5127 1836 5143 .

175 5181 534 5246 Πίστευσον,
565 5180 751 5251 φησιν,
795 5177 895 5232 ἐπὶ
941 5177 1050 5230 τὸν
1075 5176 1315 5244 Κύριον.
1370 5173 1470 5227 Διά
1500 5173 1660 5226 τοῦτο
1681 5172 1800 5228 εἷπε
1822 5216 1838 5242 ,

175 5265 590 5330 Πεπιστευκὼς
612 5263 693 5330 τῷ
733 5260 873 5327 Θεῷ,
906 5261 993 5313 ἵνα
1026 5258 1100 5330 μὴ
1129 5257 1254 5329 δόξῃ
1276 5257 1351 5321 ώς
1386 5257 1672 5320 κατάδικος
1703 5258 1841 5312 ἀπο-

174 5349 410 5417 λύεσθαι,
427 5350 520 5403 καὶ
543 5350 618 5412 ὡς
643 5345 998 5420 ὴμαρτηκώς.
1029 5345 1128 5397 Διά
1148 5343 1307 5396 τοῦτο
1326 5341 1575 5409 λέγουσι·
1600 5343 1842 5409 Δείραν-

177 5456 265 5507 τες
292 5437 451 5509 ημᾶς
476 5435 739 5507 δημοσίᾳ
760 5433 1193 5503 ἀκατακρίτους
1221 5429 1591 5500 ἀνθρώπους,
1620 5429 1844 5484 ἔϐαλον

174 5531 254 5595 εἰς
277 5523 587 5597 φυλακὴν,
618 5525 705 5577 ἵνα
743 5521 816 5594 μὴ
851 5521 1010 5592 μόνον
1043 5521 1141 5591 τῆς
1174 5519 1420 5590 χάριτος,
1456 5519 1592 5573 ἀλλά
1620 5519 1717 5572 καὶ
1744 5519 1838 5572 αὐ-

173 5615 274 5667 τῶν
307 5610 428 5688 ᾖτὸ
457 5610 711 5681 πρᾶγμα.
757 5608 896 5678 Ὀρα
937 5605 1174 5688 διάφορα⁸
1196 5604 1484 5686 τὴνξχάριν
1527 5603 1844 5673 οἰκονομοῦ-

180 5683 441 5769 cam-101?);
479 5700 682 5760 ἐκεῖνος
725 5694 940 5766 ἐξῆλθε,
973 5694 1090 5757 πῶς
1118 5683 1500 5756 οὗτος,’καίτοι
1541 5691 1844 5762 ἀμφότεροι

177 5789 472 5844 ἀπόστολοι.
510 5784 967 5855 Ἐφοϐήθησαν,
1009 5782 1162 5852 φησί.
1200 5779 1526 5843 Φοϐοῦνται,
1565 5780 1647 5833 611
1706 5780 1843 5832 Ῥω-

184 5878 318 5947 μαῖοί
342 5879 498 5938 εἰσιν,
540 5875 640 5944 οὐχ
677 5874 759 5926 611
804 5871 1004 5934 ἀδίκως
1029 5868 1298 5924 ἐνέϐαλον.
1334 5857 1445 5923 Καὶ
1475 5868 1715 5936 ἠρώτων
1739 5869 1836 5922 af)-

181 5967 310 6032 τοὺς
334 5963 607 6031 ἐξελθεῖν
635 5961 754 6017 ἀπὸ
771 5959 882 6030 τῆς
902 5961 1155 6025 πόλεως.
1179 5959 1354 6028 Χάριν
1379 5957 1589 6029 ᾔτησαν
1613 5955 1840 6026 ταύτην.

183 6058 234 6108 n1
293 6053 349 6109 δέ
376 6052 626 6116 ἐλθόντες
680 6050 816 6121 πρὸς
860 6049 961 6120 τὴν
1011 6047 1246 6110 Λυδίαν,
1303 6047 1398 6099 καὶ
1442 6043 1846 6114 βεϐαιώσαντες

239 6155 253 6177 ⁸
269 6157 367 6209 Alii
382 6156 528 6206 αὐτὸν
553 6155 886 6220 ἐφειλκύσατο,
913 6154 1073 6204 ἱκανὸν
1097 6153 1147 6200 ὃν
1170 6151 1348 6201 πεῖσαι.

1168 484 1234 543 IN
1273 484 1455 541 ACTA
1493 480 2290 541 APOSTOLORUMJIOMIL.
2328 481 2570 540 XXXVI.

2799 503 2812 554 ι’
3502 493 3611 550 εοο

1922 597 2113 669 αὐτὴν,
2155 598 2327 663 οὕτως
2358 599 2606 668 ἐξῆλθον.
2645 599 2718 652 Οὐ
2740 598 2848 669 γάρ
2883 598 2991 653 ἔδει
3022 600 3120 672 τὴν
3147 602 3422 675 ξενοδόχον
3454 604 3611 672 ἀφεῖ-

1921 703 2009 740 ναι
2025 689 2082 740 ἐν
2100 687 2270 756 ἀγῶνι
2288 689 2383 742 καὶ
2403 689 2666 760 μερίμνῃ.
2687 687 2942 760 Ἐξῆλθον
2955 689 3034 749 δὲ,
3052 690 3151 743 οὐκ
3170 693 3400 754 ἐκείνοις
3423 690 3612 744 πειθό-

1925 791 2109 844 μενοι,
2143 775 2280 830 ἀλλά
2303 776 2396 828 ἐπὶ
2428 776 2488 829 τὸ
2518 778 2785 847 κήρυγμα
2824 776 3164 842 σπεύδοντες,
3202 777 3354 851 [277]
3379 779 3479 847 τῆς
3508 777 3611 831 πό-

1919 860 2058 926 λεως
2092 862 2181 915 διά
2209 863 2303 915 τοῦ
2349 862 2629 934 θαύματος
2663 863 2866 926 ἱκανῶς
2899 863 3308 935 ώφεληθείσης·
3343 864 3451 918 ἔδει
3500 863 3613 936 γὰρ

1924 950 1999 1021 μὴ
2036 951 2376 1020 παραμένειν
2408 951 2615 1006 λοιπόν.
2645 952 2718 1005 Τὸ
2753 951 2863 1024 γάρ
2895 951 3079 1023 θαῦμα
3117 952 3303 1023 μεῖζον
3337 952 3610 1022 φαίνεται,

1919 1038 2027 1091 τῶν
2064 1039 2460 1110 ἐργασαμένων
2510 1041 2982 1111 ἀποδημησάντων
3022 1041 3155 1094 αὐτὸ
3194 1041 3397 1111 μᾶλλον
3448 1040 3606 1111 βοῶν·

1919 1128 1953 1196 ἠ
1987 1127 2095 1199 γὰρ
2120 1127 2212 1180 τοῦ
2247 1128 2662 1199 δεσμοφύλακος
2692 1130 2877 1192 πίστις
2909 1130 3031 1182 ἀντὶ
3065 1131 3249 1200 φωνῆς
3275 1126 3364 1202 ἦν.
3393 1131 3458 1184 Τί
3481 1129 3577 1184 τού
3604 1154 3615 1165 ο

1919 1232 2012 1268 του
2046 1216 2196 1282 ίσον;
2248 1217 2537 1286 Δεσμεῖται
2582 1217 2675 1270 καὶ
2721 1217 2840 1270 λύει
2868 1217 3188 1288 δεδεμένος,
3225 1218 3343 1273 λύει
3384 1219 3611 1275 διπλοῦν

1919 1301 2154 1373 δεσμόν·
2197 1303 2288 1358 τὸν
2334 1303 2575 1374 δήσαντα
2625 1305 2784 1358 ἔλυσε
2837 1306 2926 1359 διά
2973 1306 3066 1359 τοῦ
3108 1306 3350 1376 δεθῆναι.
3399 1309 3608 1373 Ὄντως

1918 1389 2094 1444 ταῦτα
2121 1391 2341 1461 χάριτος
2370 1390 2529 1461 ἔργα.
2552 1391 2685 1445 Νῦν
2712 1387 2850 1456 οὖν,
2885 1393 3071 1462 φησὶν,
3101 1392 3476 1460 ἐξελθόντες,
3505 1411 3608 1448 :10-

1912 1482 2169 1549 ρεύεσθε
2208 1483 2278 1536 ἐν
2314 1480 2525 1550 εἰρήνῃ
2547 1499 2560 1513 ·
2598 1483 2864 1546 τουτέστι,
2913 1484 3050 1554 μετά
3090 1484 3408 1553 ἀσφαλείας,
3442 1485 3612 1557 μηδὲν

1918 1569 2242 1633 δεδοικότες.
2283 1569 2496 1631 Ἄλλως
2542 1569 2601 1623 δέ
2641 1571 2735 1623 καὶ
2779 1570 2967 1624 τοῦτον
2997 1583 3021 1612 ι
3058 1571 3164 1636 ἔξω
3200 1571 3449 1625 κινδύνου
3486 1571 3612 1643 βού⁶

1919 1658 2101 1711 λονται
2147 1657 2439 1726 γενέσθαι,
2474 1658 2565 1712 ἴνα
2610 1659 2686 1730 μὴ
2735 1659 2873 1729 μετά
2915 1657 3090 1714 ταῦτα
3140 1660 3464 1729 ἐγκαλῆται.
3503 1661 3612 1714 Καὶ

1919 1747 1980 1800 οὐ
2001 1747 2239 1814 λέγουσι,
2269 1747 2558 1817 Δείραντες
2582 1749 2729 1818 ἡμᾶς
2749 1747 2941 1801 ἔϐαλον
2959 1751 3037 1812 είς
3061 1748 3329 1819 φυλακὴν,
3358 1749 3612 1819 θαύματα

1919 1834 2356 1906 ἐργασαμένους·
2390 1835 2511 1888 ούδέ
2553 1838 2662 1906 γὰρ
2701 1836 2912 1899 τούτοις
2946 1839 3264 1908 προσεῖχονο
3311 1838 3428 1892 ἀλλ’
3457 1839 3485 1891 6
3517 1839 3615 1909 μά-

1919 1923 2075 1976 λιστα
2105 1923 2283 1976 αὐτῶν
2325 1925 2502 1976 σεῖσαι
2558 1922 2658 1994 τὴν
2695 1923 2934 1977 διάνοιαν
2971 1924 3227 1991 ἐδύνατο,
3280 1926 3613 1994 Ἀκατακρί-

1920 2027 2103 2078 τους,
2160 2013 2329 2082 φησὶ,
2388 2010 2488 2066 καί
2537 2012 2866 2080 Ῥωμαίους
2933 2011 3342 2080 ὑπάρχοντας.
3405 2013 3610 2068 Τούτου

1926 2099 2362 2170 μνημονεύωμεν
2403 2099 2499 2152 τοῦ
2530 2098 2813 2170 δεσμώτου
2840 2099 2868 2139 δ
2901 2099 3213 2163 διαπαντὸς,
3251 2102 3326 2173 μὴ
3354 2101 3448 2154 τοῦ
3479 2101 3613 2155 θαύ-

1926 2204 2115 2256 ματος.
2171 2188 2237 2240 Τί
2293 2188 2512 2259 ἐροῦσιν
2560 2188 2858 2258 Ἕλληνες,
2901 2188 3021 2251 πῶς
3072 2187 3358 2260 δεσμώτης
3415 2187 3492 2243 ὢν
3520 2189 3613 2243 τὸν

1921 2275 2311 2344 δεσμοφύλακα
2352 2275 2568 2341 ἐπεισε;
2598 2276 2708 2328 Καὶ
2729 2274 2873 2337 τίνα,
2909 2276 3065 2344 φησὶ,
3101 2276 3392 2348 πεισθῆναι
3421 2278 3612 2349 ἐχρῆν,

1921 2361 1956 2432 ἢ
1999 2363 2198 2434 μιαρὸν
2243 2361 2531 2436 ἄνθρωπον
2585 2364 2680 2416 καὶ
2728 2364 3074 2432 ταλαίπωρον
3121 2365 3216 2418 καὶ
3269 2364 3370 2418 οὐκ
3420 2365 3615 2436 ἔχοντα

1921 2450 2067 2511 νοῦν,
2096 2449 2306 2520 μυρίων
2328 2461 2349 2489 ο
2368 2450 2610 2520 γέμοντα
2621 2451 2809 2505 κακῶν
2825 2452 2916 2504 καὶ
2933 2451 3355 2522 εὐπαράγωγον;
3373 2452 3495 2506 Ἔτι
3519 2453 3615 2507 καὶ

1921 2538 2094 2591 ταῦτα
2123 2540 2488 2610 προφέρουσι·
2523 2538 2818 2610 Τίςγάρ,ἢ
2852 2538 3110 2609 βυρσεὺς,
3145 2539 3610 2611 πορφυρόπωλις.

1923 2626 2198 2697 εὐνοῦχος,
2225 2625 2589 2695 δεσμοφύλαξ,
2619 2626 2794 2679 δοῦλοι
2827 2626 2920 2679 καὶ
2961 2628 3218 2694 γυναῖκες
3249 2626 3612 2691 ἐπίστευσανς

1924 2714 1989 2767 Τί
2004 2710 2097 2768 οὖν
2119 2716 2294 2768 εἰπεῖν
2309 2714 2662 2786 δυνήσονται,
2684 2717 2814 2768 ὅταν
2827 2714 2921 2767 καὶ
2936 2715 3062 2776 τοὺς
3087 2716 3145 2766 ἐν
3175 2714 3450 2784 ἀξιώμασι
3473 2731 3617 2784 παρ-

1924 2804 2224 2875 ἀγάγωμεν
2245 2844 2259 2868 ,
2307 2803 2399 2864 τὸν
2429 2805 2828 2873 ἑκατόνταρχον
2850 2844 2863 2871 ,
2898 2802 2988 2855 τὸν
3029 2802 3374 2870 ἀνθύπατον,
3405 2805 3530 2866 τοὺς
3554 2801 3616 2869 ἐξ

1925 2893 2134 2945 ἐκείνου
2168 2892 2333 2963 μέχρι
2361 2892 2455 2945 τοῦ
2492 2891 2586 2944 νῦν
2609 2933 2623 2959 ,
2652 2893 2852 2955 αὐτοὺς
2891 2891 3018 2956 τοὺς
3067 2892 3442 2963 κρατοῦντας,
3489 2893 3617 2955 τοὺς

1929 2980 2201 3051 βασιλείς;
2264 2979 2406 3050 Ἐγὼ
2439 2981 2494 3034 δὲ
2525 2981 2712 3052 ἕτερον
2752 2980 2895 3050 λέγω
2918 2979 3110 3033 τούτου
3159 2980 3343 3051 μεῖζον
3373 2997 3385 3010 ·
3417 2981 3617 3044 αὐτοὺς

1925 3072 2052 3132 τοὺς
2095 3069 2332 3133 εὐτελεῖς
2383 3071 2601 3140 ἷδωμεν.
2653 3069 2764 3122 Καὶ
2808 3068 2911 3122 ποῦ
2950 3070 3009 3121 16
3047 3068 3394 3139 θαυμαστὸν,
3437 3069 3615 3140 φησί;

1928 3159 2100 3212 Τοῦτο
2137 3159 2237 3228 μέν
2264 3153 2358 3210 οὖν
2393 3157 2735 3226 θαυμαστόν·
2767 3156 2834 3210 ἂν
2876 3157 2976 3228 μὲν
3012 3157 3122 3228 γὰρ
3153 3158 3350 3228 πεισθῇ
3377 3174 3460 3220 τις
3489 3159 3620 3228 περὶ

1927 3248 2035 3303 τῶν
2062 3247 2356 3315 τυχόντων,
2392 3246 2545 3298 οὐδὲν
2591 3244 2930 3313 θαυμαστόν·
2969 3244 3099 3298 ὅταν
3128 3243 3184 3296 δέ
3218 3244 3348 3315 περὶ
3381 3244 3620 3298 ἀναστά-

1930 3353 2087 3399 σεως,
2147 3335 2275 3405 περὶ
2332 3333 2612 3404 βασιλείας
2667 3333 2944 3406 οὐρανῶν,
2983 3333 3113 3405 περὶ
3163 3333 3278 3403 βίου
3325 3332 3619 3403 φιλοσόφου

1927 3424 2184 3495 ἀνδράσιν
2210 3423 2454 3476 εὐτελέσι
2499 3423 2816 3493 διαλέγηται
2859 3423 2955 3474 καὶ
3002 3422 3202 3492 πείθῃ,
3239 3421 3622 3492 θαυμαστότε-

1934 3529 2025 3582 ρον
2054 3511 2230 3574 έσται,
2254 3511 2288 3581 ἢ
2316 3513 2364 3564 εἰ
2390 3511 2590 3579 σοφοὺς
2625 3509 2866 3562 ἔπειθεν.
2906 3503 3076 3562 Ὅταν
3109 3511 3218 3580 γὰρ
3260 3509 3336 3581 μὴ
3437 3509 3623 3562 κίνδυ-

1930 3617 2040 3666 νος,
2074 3601 2168 3654 καὶ
2196 3600 2358 3672 πείθῃ
2373 3617 2475 3663 τις,
2498 3599 2680 3662 καλῶς
2707 3598 2805 3668 τὴν
2822 3599 3008 3652 ἄνοιαν
3036 3598 3116 3662 είς
3138 3596 3302 3668 μέσον
3336 3597 3621 3670 φέρουσιν·

1929 3689 2058 3742 ὅταν
2079 3689 2134 3741 δέ
2159 3688 2290 3759 λέγῃ
2322 3687 2400 3757 τῷ
2424 3686 2595 3755 δούλῳ
2624 3685 2764 3740 κατὰ
2796 3685 2876 3748 σὲ,
2910 3686 3029 3749 δτι,
3077 3687 3177 3738 “Av
3209 3685 3438 3757 πεισθῇς
3470 3686 3620 3757 ἐμοὶ,

1930 3777 2284 3839 κινδυνεύεις,
2319 3776 2530 3838 πάντας
2555 3775 2700 3840 ἕξεις
2741 3773 3067 3844 πολεμίους,
3106 3773 3187 3826 δεῖ
3218 3791 3275 3826 σε
3302 3774 3622 3838 ἀποθανεῖν,

1934 3867 2103 3937 μυρία
2120 3865 2313 3918 παθεῖν
2329 3865 2494 3929 κακὰ,
2514 3859 2634 3917 εἶτα
2649 3864 2819 3925 οὕτως
2836 3861 2932 3933 ’ἐλῃ
2947 3863 3047 3934 τὴν
3067 3861 3248 3932 ψυχὴν
3271 3863 3503 3928 ἐκείνου,
3523 3865 3626 3918 οὐκ

1930 3953 2012 4005 ἔτι
2035 3952 2193 4005 τοῦτο
2222 3952 2429 4014 ἀνοίας.
2469 3951 2531 4002 Εἰ
2570 3951 2666 4020 μὲν
2702 3951 2811 4021 γὰρ
2842 3950 2910 4002 τὰ
2946 3950 3198 4020 δόγματα
3229 3949 3425 4021 ἡδονὴν
3455 3947 3623 4022 εἶχεν,

1932 4043 2155 4104 εἰκότως
2188 4040 2253 4094 ἀν
2275 4057 2358 4104 τις
2387 4039 2548 4091 τοῦτο
2575 4034 2769 4090 εἶπεν·
2806 4040 2853 4090 εί
2889 4039 2944 4090 δέ
2965 4079 2979 4104 ,
3019 4038 3157 4109 ὅπερ
3185 4038 3285 4090 οὐκ
3320 4038 3386 4092 ἂν
3420 4039 3629 4092 εἵλοντο

1933 4130 2212 4199 φιλόσοφοι
2227 4128 2440 4199 μαθεῖν,
2453 4126 2612 4180 τοῦτο
2626 4130 2653 4180 6
2668 4125 2849 4190 δοῦλος
2867 4126 3128 4196 μανθάνει
3144 4127 3326 4198 μεῖζον
3343 4127 3402 4180 16
3414 4127 3622 4198 θαῦμα.

1933 4219 2043 4270 Καὶ
2076 4218 2124 4269 εί
2149 4216 2426 4286 βούλεσθε,
2455 4218 2545 4268 τὸν
2589 4214 2927 4285 βυρσοδέψην
2947 4214 3124 4268 αὐτὸν
3153 4217 3235 4278 είς
3279 4215 3443 4286 μέσον
3467 4217 3623 4286 ἐνέγ-

1934 4321 2147 4375 κωμεν,
2181 4303 2279 4357 καὶ
2310 4303 2511 4372 ἴδωμεν
2563 4301 2615 4354 τί
2672 4302 2824 4370 αὐτῷ
2862 4301 3134 4369 διελέγετο
3168 4305 3196 4355 6
3226 4303 3435 4374 Πέτρος
3457 4319 3471 4334 ο
3508 4303 3542 4375 ἦ
3576 4306 3624 4358 εί

1936 4395 2110 4457 θέλεις
2123 4393 2285 4447 αὐτὸν
2310 4392 2499 4446 τοῦτον
2514 4392 2604 4445 τὸν
2628 4391 3038 4463 δεσμοφύλακα.
3053 4393 3119 4445 Τί
3137 4388 3229 4446 οὖν
3245 4391 3392 4464 αὐτῷ
3421 4386 3575 4446 εἶπεν
3596 4394 3626 4446 6

1934 4483 2184 4546 Παῦλοςς
2224 4482 2346 4535 Ὅτι
2379 4483 2408 4534 6
2441 4479 2679 4551 Χριστὸς
2713 4481 2945 4552 ἀνέστη,
2994 4481 3183 4551 φησὶν,
3217 4482 3297 4534 611
3325 4481 3628 4547 ἀνάστασίς

1934 4575 2050 4626 ἐστι
2075 4570 2306 4642 νεκρῶν,
2339 4571 2421 4623 611
2457 4567 2735 4639 βασιλεία·
2769 4569 2865 4623 καὶ
2900 4569 3125 4623 ἔπεισεν
3160 4569 3401 4633 εὐκόλως
3423 4571 3630 4640 εὐπαρ-

1935 4661 2153 4730 άγωγον
2198 4659 2348 4710 ὄντα.
2400 4656 2465 4710 Τί
2486 4651 2614 4722 οῦν;
2667 4657 2797 4728 περὶ
2842 4656 2959 4727 βίου
2991 4655 3144 4709 οὐδὲν
3174 4651 3348 4719 εἶπεν,
3401 4657 3483 4710 611
3516 4673 3628 4710 σω-

1935 4753 2153 4822 φρονεῖν
2185 4750 2283 4812 δεῖ,
2311 4749 2394 4800 611
2423 4746 2726 4817 χρημάτων
2761 4747 3009 4816 κρατεῖν,
3060 4745 3143 4798 611
3185 4744 3259 4816 μὴ
3290 4741 3430 4798 εἶναι
3452 4745 3625 4817 ὠμὸν,

1937 4841 2115 4895 ὅτιτά
2142 4837 2310 4893 αὐτοῦ
2359 4836 2561 4891 διδόναι
2602 4835 2839 4906 ἐτέροις;
2882 4835 2957 4888 Οὐ
2997 4833 3105 4905 γὰρ
3132 4835 3196 4905 δὴ
3230 4835 3324 4888 καὶ
3360 4835 3422 4887 τὸ
3454 4836 3630 4892 ταῦτα

1937 4931 2226 5004 πεισθῆναι
2260 4929 2449 4992 ἀνοίας
2470 4924 2538 4999 ἦν
2559 4967 2573 4993 ,
2610 4925 2748 4981 ἀλλά
2779 4927 2874 4980 καὶ
2918 4926 3166 4996 μεγάλης
3203 4927 3402 4998 ψυχῆς.
3446 4928 3628 4984 Ἔστω

1937 5019 2045 5092 γάρ
2066 5021 2134 5074 τά
2163 5020 2414 5089 δόγματα
2457 5017 2562 5069 ὑπὸ
2601 5015 2790 5079 ἀνοίας
2837 5014 3038 5085 μᾶλλον
3076 5017 3277 5079 αὐτοὺς
3326 5018 3631 5088 παραδέχεο

1939 5109 2092 5164 σθαι·
2147 5109 2209 5161 16
2262 5108 2376 5178 βίον
2429 5105 2572 5159 οὕτω
2643 5103 2935 5173 φιλόσοφον
2989 5103 3418 5174 καταδέχεσθαι,
3469 5106 3630 5170 ποίας

1941 5201 2130 5264 ἀνοίας
2154 5195 2256 5270 ἦνί
2284 5197 2447 5250 Ὥστε
2475 5196 2585 5265 ὅσῳ
2608 5194 2673 5247 ἂν
2694 5188 2978 5265 ἀνόητοςῇ
3009 5194 3037 5246 6
3076 5180 3400 5263 πειθόμενος
3425 5237 3438 5260 ,
3477 5193 3629 5267 [278]

1941 5288 2201 5357 πείθηται
2254 5285 2312 5339 δὲ
2358 5283 2554 5347 ταῦτα,
2598 5281 2633 5335 61
2690 5281 2826 5352 μηδέ
2884 5281 3166 5350 φιλόσοφοι
3194 5283 3380 5334 πεῖσαι
3403 5281 3631 5353 ἴσχυσαν

1937 5379 2065 5441 τοὺς
2091 5374 2418 5446 φιλοσόφους
2441 5413 2457 5438 ,
2496 5371 2680 5443 μεῖξον
2716 5370 2778 5422 τὸ
2817 5368 3003 5440 θαῦμα
3028 5368 3271 5437 γίνεται,
3310 5369 3547 5442 μάλιστα
3574 5371 3630 5424 δὲ

1940 5465 2068 5519 ὅταν
2098 5464 2192 5517 καὶ
2236 5465 2495 5531 γυναῖκες
2547 5461 2641 5512 καὶ
2686 5457 2866 5512 δοῦλοι
2912 5458 3229 5521 πείθωνται,
3275 5457 3373 5511 καὶ
3412 5457 3501 5511 διὰ
3519 5458 3630 5512 τῶν

1940 5554 2120 5625 ἔργων
2144 5551 2320 5605 ταῦτα
2352 5548 2776 5612 ἐπιδείκνυνται,
2806 5547 2946 5620 ἅπερ
2980 5546 3267 5610 Πλάτωνες
3293 5546 3389 5600 καὶ
3425 5546 3630 5613 πάντες

1943 5646 2140 5698 ἐκεῖνοι
2160 5640 2355 5695 οὐδένα
2400 5641 2586 5691 πεῖσαι
2625 5638 2873 5708 ῐσχυσαν.
2896 5635 3008 5689 Καὶ
3030 5636 3083 5688 τί
3105 5634 3268 5704 λέγω,
3292 5635 3375 5687 611
3401 5634 3629 5702 οὐδένας

1943 5731 2077 5785 Οὐδὲ
2108 5727 2352 5790 ἑαυτούς.
2387 5726 2510 5779 Ὀτι
2533 5724 2642 5796 γάρ
2685 5723 2986 5795 χρημάτων
3021 5723 3081 5775 οὐ
3125 5721 3205 5774 δεῖ
3243 5723 3629 5794 καταφρονεῖν,

1942 5818 2171 5876 Πλάτων
2246 5814 2466 5880 ἔπεισε,
2539 5812 2811 5882 τοσαύτην
2871 5811 3194 5882 περιουσίαν
3272 5809 3368 5861 καὶ
3426 5808 3633 5879 πλῆθος

1945 5905 2245 5979 χρημάτων
2287 5902 2384 5956 καὶ
2431 5898 2753 5964 δακτυλίους
2811 5897 3049 5969 χρυσοῦς
3095 5898 3188 5951 καὶ
3246 5897 3445 5966 φιάλας
3473 5914 3634 5972 περι-

2008 6025 2034 6054 ι
2069 6023 2153 6073 Sic
2199 6019 2547 6079 rescriptumg
2573 6014 2731 6079 tribus
2753 6028 2869 6064 mss.
2902 6020 2957 6079 ει
2987 6015 3171 6071 Savil.;
3208 6013 3421 6079 Moulf.L
3446 6011 3611 6065 τοῦτο.

1946 6085 2084 6159 E011.
2151 6083 2178 6123 ιι
2202 6083 2286 6133 Sic
2315 6075 2468 6131 Sévil.
2499 6077 2674 6129 Morel.
2704 6075 3089 6138 δεσμοφύλακος.
3155 6080 3179 6110 ⁸
3206 6077 3319 6128 Mss.
3344 6075 3472 6139 νοῦν,
3504 6077 3630 6128 ἀλλὰ

1951 6163 2146 6210 μυριων.
