4082 6522
244 532 351 589 ΞΗ

239 649 473 717 gloriam
507 646 821 718 popularem
858 641 1140 713 despicere
1176 652 1285 692 non
1314 640 1614 705 oporteret,
1643 627 1842 684 Socra-

239 750 331 798 tes
381 742 519 811 ipse,
562 740 656 812 qui
691 746 973 809 tantopere
1033 727 1534 804 philosophabatur,
1582 718 1841 785 ostendit,

239 837 342 907 qui
370 836 552 892 omnia
590 834 659 890 ad
699 832 926 905 gloriam
972 825 1222 883 faciebat.
1269 823 1334 878 Et
1365 820 1409 876 si
1439 815 1657 907 quidem
1699 814 1846 907 illius

241 904 643 985 sententiarum
693 904 850 996 periti
903 920 1117 983 essetis,
1166 914 1393 971 multum
1441 908 1527 965 bis
1569 906 1642 962 de
1682 904 1845 996 rebus

244 1033 564 1075 sermonem
602 992 877 1072 moverem
903 1052 919 1076 ,
951 1006 1408 1074 ostenderemque
1452 999 1675 1057 multam
1705 992 1845 1067 apud

243 1110 374 1166 iilns
420 1123 541 1164 esse
589 1106 839 1170 ironiam,
882 1102 928 1157 si
980 1099 1197 1171 quidem
1242 1092 1493 1163 discipuli
1540 1090 1660 1161 ejus
1688 1087 1848 1142 dictis

242 1199 475 1256 credere
506 1198 584 1253 fas
611 1196 721 1261 sit;
750 1203 805 1251 et
826 1190 1097 1263 quomodo
1123 1204 1155 1244 a
1181 1200 1315 1243 vana
1330 1182 1502 1256 gloria
1521 1194 1711 1237 omnes
1731 1176 1848 1249 ejus

246 1290 426 1345 litera:
445 1294 820 1358 argumentum
847 1282 1099 1338 habeant.

323 1382 378 1437 5.
406 1380 513 1435 Sed
542 1376 721 1433 missis
745 1374 873 1439 illis,
904 1372 1059 1428 nobis
1084 1368 1213 1441 ipsis
1242 1368 1547 1439 loquamur.
1580 1361 1713 1418 Nam
1744 1374 1843 1415 su-

245 1486 346 1543 pra
396 1470 559 1527 dictis
608 1469 711 1525 hoc
753 1480 966 1537 quoque
1012 1461 1339 1525 addendum,
1384 1456 1529 1531 quod
1572 1470 1696 1511 cum
1750 1466 1851 1508 suo

246 1564 495 1635 periculo
527 1563 610 1619 his
638 1562 1097 1631 obtemperarent.
1128 1555 1207 1612 Ne
1236 1554 1397 1625 igitur
1432 1548 1721 1621 impudens
1748 1546 1846 1612 sis,

246 1656 349 1711 sed
368 1655 667 1726 cogitemus
692 1653 838 1708 illam
859 1659 1096 1714 noctem,
1125 1648 1351 1718 lignum,
1374 1645 1635 1716 hymnos;
1665 1648 1721 1694 et
1751 1640 1867 1695 hoc.

249 1762 355 1802 nos
385 1746 565 1802 facere
594 1745 906 1801 studeamus
933 1785 948 1810 ,
977 1752 1031 1798 et
1061 1740 1370 1811 aperiemus
1406 1735 1561 1791 nobis
1598 1748 1703 1788 non
1736 1747 1854 1787 car-

248 1854 462 1906 cerem,
490 1838 585 1893 sed
622 1837 837 1892 caelum.
872 1834 927 1891 Si
959 1846 1264 1904 precemur,
1293 1828 1485 1885 caelum
1518 1828 1694 1897 ipsum
1721 1839 1853 1894 ape-

251 1934 367 1988 rire
424 1930 744 2001 poterimus.
794 1929 941 1984 Elias
986 1935 1040 1982 et
1083 1924 1278 1981 clausit
1299 1931 1354 1978 et
1393 1920 1606 1996 aperuit
1662 1918 1853 1974 caelum

250 2024 532 2096 precibus.
579 2022 673 2077 Est
720 2034 935 2092 quoque
976 2018 1029 2073 in
1060 2017 1194 2073 caelo
1244 2028 1451 2071 carcer.
1484 2011 1849 2080 Quacumque,

250 2119 454 2189 inquit,
494 2116 771 2187 ligaveritis
791 2130 946 2182 super
974 2123 1183 2177 terram,
1216 2119 1363 2164 erunt
1387 2108 1548 2179 ligata
1576 2116 1624 2160 et
1650 2104 1704 2159 in
1731 2102 1855 2158 ra'lo

253 2212 475 2285 (Matth.
508 2212 593 2266 to.
619 2210 734 2282 19).
757 2208 1049 2264 Precemnr
1067 2214 1249 2271 noctu,
1280 2211 1337 2260 et
1357 2202 1474 2258 haec
1499 2200 1710 2256 vincula
1740 2200 1854 2289 sol-

253 2319 471 2359 ventus.
500 2301 653 2371 Quod
690 2301 833 2356 enim
864 2313 1051 2370 preces
1075 2305 1290 2369 peccata
1316 2295 1569 2361 solvant,
1598 2292 1753 2347 nobis
1778 2292 1855 2345 vi-

253 2395 364 2448 dua
396 2393 743 2463 persuadeat,
776 2392 973 2463 illeque
1003 2389 1208 2445 amicus
1229 2388 1319 2458 qui
1350 2388 1670 2455 intempesta
1701 2391 1859 2439 nocte

257 2496 575 2559 perseverat
627 2496 683 2542 et
736 2486 913 2556 pulsat
964 2502 977 2537 :
1023 2482 1339 2554 persuadeat
1398 2489 1454 2536 et
1496 2479 1780 2535 Cornelius
1840 2497 1853 2532 :

260 2581 537 2635 Orationes
561 2588 661 2633 tua:
681 2620 695 2645 ,
729 2578 929 2648 inquit,
960 2585 1008 2630 et
1032 2576 1362 2645 eleemosynw
1389 2582 1489 2626 tua:
1518 2570 1858 2626 ascenderunt

255 2675 313 2726 in
345 2682 616 2742 conspectu
656 2669 751 2723 Dei
782 2669 917 2740 (Act.
951 2668 1039 2723 10.
1068 2666 1125 2737 4)
1154 2682 1169 2732 ;
1202 2664 1521 2736 persuadeat
1545 2662 1697 2717 nobis
1724 2660 1863 2716 Pati.

258 2768 348 2823 lus
374 2766 561 2821 dicens
591 2782 604 2817 :
632 2763 760 2829 Qui:
787 2771 952 2815 autem
982 2776 1093 2816 vere
1122 2758 1273 2813 vidua
1293 2766 1365 2811 est
1388 2765 1434 2810 et
1459 2753 1711 2820 solitaria,
1742 2769 1859 2823 spe-

260 2858 395 2912 ravit
429 2860 482 2909 in
512 2855 699 2921 Deum,
744 2862 791 2907 et
820 2859 1102 2920 perseverat
1142 2853 1197 2903 in
1238 2848 1471 2919 precibus
1516 2854 1662 2900 nocte
1688 2854 1735 2898 et
1782 2843 1864 2897 die

260 2951 282 3021 (
314 2951 366 3005 Ι.
400 2948 532 3002 Tim.
563 2949 617 3004 5.
652 2948 747 3013 5).
794 2943 852 3001 Si
891 2945 959 2999 de
984 2942 1142 2998 vidua
1168 2984 1183 3008 ,
1213 2940 1422 2997 inﬁrma
1453 2939 1713 3003 muliere,
1748 2938 1864 2992 haec

262 3043 359 3097 ille
382 3041 532 3104 dicit,
561 3038 729 3093 multo
760 3036 932 3108 magis
960 3034 1028 3091 de
1058 3034 1210 3089 viris.

342 3132 607 3187 Orandum
638 3127 1087 3185 noctu.-—-—Etiam
1118 3125 1226 3180 dixi
1279 3122 1452 3189 vobis,
1494 3130 1551 3178 et
1608 3136 1749 3177 nunc
1778 3119 1861 3176 di-

260 3243 386 3283 cam
418 3243 431 3279 :
464 3224 772 3279 Excitemur
797 3230 984 3284 nocte;
1026 3218 1233 3276 etiamsi
1277 3231 1387 3272 non
1431 3216 1629 3270 multas
1658 3214 1864 3269 oratio-

262 3334 367 3373 nes
391 3316 625 3381 emittas,
657 3329 815 3369 unam
846 3313 1032 3369 emitte
1060 3326 1183 3366 cum
1223 3308 1518 3381 vigilantia,
1545 3316 1601 3364 et
1627 3306 1860 3363 sufﬁcit:

264 3408 405 3464 nihil
428 3407 653 3478 amplius
680 3412 826 3476 peto.
855 3404 912 3460 Si
944 3418 1050 3458 non
1086 3400 1259 3457 media
1290 3411 1471 3467 nocte,
1500 3399 1691 3455 saltem
1726 3398 1864 3453 dilu-

264 3501 413 3556 culo.
446 3498 681 3555 Ostende
721 3506 935 3553 noctem
970 3508 1077 3549 non
1107 3493 1269 3548 modo
1298 3492 1541 3562 corporis
1581 3505 1721 3553 esse,
1767 3489 1865 3545 sed

265 3594 432 3648 etiam
462 3592 654 3647 animm
685 3607 700 3644 :
729 3604 797 3645 ne
825 3588 971 3643 sinas
1000 3587 1146 3641 illam
1191 3584 1455 3641 inutiliter
1480 3584 1735 3649 transire,
1771 3582 1867 3638 sed

269 3679 501 3739 Domino
525 3684 661 3739 hanc
683 3683 852 3739 vicem
877 3680 1146 3752 repende;
1179 3678 1288 3735 imo
1317 3678 1429 3749 ipsa
1472 3678 1524 3734 in
1561 3686 1613 3733 te
1638 3678 1867 3734 reverti-

268 3786 379 3831 tur.
417 3774 508 3830 Dic
539 3773 689 3838 mihi,
730 3774 775 3827 si
803 3774 856 3827 in
878 3786 1041 3843 grave
1069 3770 1338 3841 negotium
1381 3768 1684 3834 incidimus,
1708 3784 1865 3839 quem

269 3883 380 3922 non
407 3863 727 3938 precamur?
752 3864 869 3920 etsi
894 3864 1202 3932 petitionem
1232 3862 1337 3917 cito
1366 3861 1734 3931 impetramus,
1763 3860 1867 3916 uti-

266 3976 377 4032 que
406 3959 754 4027 respiramus.
783 3956 914 4024 Quis
945 3956 1037 4011 tibi
1065 3956 1176 4019 det,
1206 3962 1265 4010 ut
1304 3954 1349 4010 is
1373 3955 1463 4025 qui
1495 3963 1731 4025 rogatur.
1771 3970 1865 4025 pan

297 4061 419 4104 .ttns
440 4050 510 4105 sit
535 4048 599 4103 ad
632 4047 937 4103 habendum
960 4047 1053 4102 tibi
1082 4045 1327 4117 gratiam,
1354 4043 1497 4116 quod
1524 4045 1721 4115 rogas?
1745 4046 1867 4116 quis

269 4142 366 4198 tibi
396 4143 506 4207 det,
542 4151 601 4196 ut
639 4156 744 4195 non
784 4140 1101 4203 circumeas,
1145 4152 1395 4208 quaerens
1423 4152 1453 4190 a
1484 4151 1590 4207 quo
1630 4146 1863 4208 peteres,

268 4234 368 4290 sed
397 4242 637 4304 paratum
664 4232 924 4297 invenias,
960 4245 1061 4286 nec
1085 4229 1205 4284 aliis
1221 4244 1355 4299 opus
1376 4227 1596 4296 habeas,
1618 4240 1869 4299 per'qnos

270 4325 467 4399 petas?
494 4323 633 4391 Quid
662 4323 766 4379 hoc
786 4323 958 4393 majus
985 4322 1102 4379 est?
1128 4321 1226 4377 Hic
1253 4320 1451 4392 quippe
1482 4330 1607 4377 tunc
1636 4321 1869 4377 maxime

270 4420 421 4483 facit,
452 4434 574 4475 cum
616 4434 721 4473 non
761 4416 896 4471 alios
934 4430 1220 4486 rogamus;
1273 4422 1333 4469 ut
1376 4413 1619 4470 sincerus
1665 4414 1870 4470 amicus

271 4525 403 4569 tunc
440 4512 673 4567 maxime
712 4524 811 4565 nos
838 4508 1105 4579 objurgat,
1142 4507 1284 4578 quod
1315 4522 1421 4562 non
1463 4508 1582 4578 ejus
1618 4508 1875 4567 amicitia:

273 4605 524 4667 ﬁdamus,
552 4616 674 4657 cum
713 4600 851 4656 alios
888 4599 1204 4655 adhibemus
1234 4600 1322 4670 qui
1351 4600 1523 4670 ipsum
1558 4612 1865 4669 precentur.

269 4698 363 4753 Sic
393 4702 446 4751 et
474 4709 574 4749 nos
602 4694 826 4748 facimus
853 4694 917 4748 iis
965 4693 1055 4763 qui
1090 4707 1187 4747 nos
1215 4701 1405 4762 rogant
1435 4710 1449 4746 :
1483 4700 1608 4746 tunc
1638 4693 1869 4749 maxime

272 4789 339 4842 iis
377 4788 605 4857 gratiam
650 4787 925 4857 largimur,
972 4784 1186 4855 quando
1217 4799 1312 4855 per
1354 4784 1579 4853 seipsos,
1624 4800 1730 4839 non
1773 4800 1870 4854 per

270 4878 427 4942 alios,
457 4878 524 4932 ad
554 4891 652 4932 nos
680 4876 963 4933 accedunt.
1005 4876 1143 4944 Quid
1170 4891 1317 4947 ergo,
1360 4876 1589 4947 inquies,
1621 4876 1665 4931 si
1694 4875 1868 4931 oﬁ‘en-

270 4971 489 5025 derim?
518 4969 803 5025 Oﬂ'endere
830 4968 1017 5024 desine
1046 4978 1102 5023 et
1130 4968 1396 5039 lacrymas
1426 4966 1625 5031 funde;
1656 4967 1736 5023 sic
1772 4984 1866 5023 ac-

272 5061 409 5117 cede
448 5071 505 5116 et
528 5061 636 5116 cito
680 5062 732 5116 in
761 5060 951 5131 primis
991 5060 1139 5115 illum
1168 5060 1434 5131 placatum
1469 5060 1732 5115 invenies.
1773 5061 1867 5116 Dic

273 5247 325 5289 at
365 5250 513 5289 secus
549 5237 763 5288 suadere
778 5227 981 5288 {videtur
1002 5237 1251 5288 Diodorus
1285 5237 1470 5288 Siculus
1498 5236 1535 5286 l.
1564 5239 1647 5295 t6,
1664 5252 1774 5288 cum
1798 5240 1869 5290 ait

274 5315 394 5351 eum
425 5313 455 5349 ι
478 5300 718 5365 Dionysio
741 5306 950 5365 tyranno,
977 5301 1305 5365 venundatum
1330 5314 1356 5349 a
1379 5299 1629 5364 discipulis
1666 5304 1768 5351 suis
1793 5304 1863 5352 vi-

272 5364 400 5424 ginti
424 5361 662 5414 nminat-um
682 5361 843 5428 pretio
864 5363 1176 5425 redemptum
1197 5361 1367 5413 fuisse.

1189 519 1257 585 tN
1294 496 2024 573 acrA‘Arosromttun.
2063 507 2299 566 HOMlL.
2338 504 2604 565 xxxvn.
3142 548 3169 560 -

3449 515 3555 571 26?.

1955 634 2163 679 tantum
2197 642 2211 679 :
2240 623 2450 680 Offendi
2482 642 2495 680 :
2523 623 2615 681 die
2636 639 2703 680 ex
2729 625 2913 681 animo
2949 634 3006 680 et
3030 624 3240 681 sincera
3271 633 3475 691 mente,
3505 636 3560 681 et

1949 718 2123 774 soluta
2162 726 2288 774 sunt
2311 719 2515 774 omnia.
2546 717 2664 773 Non
2697 717 2838 774 adeo
2876 718 3031 789 cupis
3060 719 3258 774 remitti
3301 718 3396 775 tibi
3431 734 3561 790 pec-

1949 824 2090 878 cata,
2123 823 2181 868 ut
2210 811 2304 868 ille
2330 812 2477 883 cupit
2506 813 2803 868 remittere.
2828 811 2982 882 Quod
3016 822 3198 869 autem
3228 822 3286 869 tu
3326 827 3433 869 non
3460 829 3560 869 cu-

1949 904 2088 975 pias,
2130 904 2341 975 cogita;
2394 919 2569 975 neque
2613 904 2756 959 enim
2804 904 3011 976 vigilias
3057 905 3322 977 suscipis,
3376 921 3559 977 neque

1952 995 2210 1064 pecunias
2236 995 2469 1051 eﬁ'nndis
2502 1013 2514 1049 :
2548 996 2636 1051 ille
2671 1011 2801 1051 vero
2827 1004 2887 1051 ut
2913 1006 3133 1068 peccata
3164 1007 3347 1053 nostra
3373 998 3562 1054 dimit-

1953 1095 2090 1142 teret
2112 1086 2398 1155 Unigenito
2420 1103 2535 1142 non
2563 1088 2824 1158 pepercit,
2855 1091 3089 1160 genuino
3116 1090 3256 1145 Filio
3281 1090 3560 1161 ejusdem-

1951 1193 2057 1246 que
2087 1178 2265 1233 throni
2288 1190 2559 1234 consorte.
2590 1177 2778 1234 Viden’
2802 1195 2925 1235 eum
2957 1182 3128 1252 magis
3152 1196 3353 1253 cupere
3390 1192 3450 1238 ut
3474 1200 3563 1240 re-

1953 1268 2265 1324 missionem
2307 1278 2649 1339 peccatorum
2678 1271 3068 1341 consequaris?
3104 1271 3184 1328 Ne
3207 1288 3337 1345 ergo
3365 1287 3563 1345 segnes

1953 1360 2142 1425 simus,
2175 1376 2275 1416 nec
2320 1364 2794 1431 procrastinemus.
2826 1364 3080 1422 Clemens
3118 1375 3203 1422 est
3240 1375 3299 1424 et
3339 1368 3557 1425 bonus:

1954 1452 2131 1510 solum
2161 1467 2345 1508 ansam
2375 1452 2451 1509 illi
2484 1454 2847 1525 praebeamus;
2872 1466 2928 1512 et
2953 1455 3077 1524 hoe,
3108 1466 3167 1513 ut
3188 1474 3285 1513 nos
3307 1473 3414 1515 non
3439 1460 3563 1515 inu-

1958 1544 2077 1599 tiles
2102 1545 2291 1609 simus,
2315 1546 2524 1601 etiamsi
2551 1546 2708 1602 nobis
2740 1548 2827 1603 ille
2855 1549 2972 1603 sine
3001 1550 3101 1605 hac
3130 1550 3443 1609 conditione
3474 1567 3561 1608 re-

1958 1635 2213 1692 mitteret.
2246 1637 2354 1693 Sed
2386 1649 2445 1693 ut
2486 1654 2587 1695 nos
2615 1640 2667 1694 in
2697 1641 2957 1695 ministris
2989 1642 3191 1698 nostris
3229 1644 3394 1699 millia
3424 1658 3563 1700 con-

1959 1726 2213 1798 tingimus
2267 1739 2323 1786 et
2375 1730 2787 1801 componimus,
2840 1733 2920 1788 sic
2962 1742 3017 1788 et
3071 1734 3163 1790 ille
3212 1736 3278 1791 ad
3332 1736 3563 1792 salutem

1958 1830 2198 1875 nostram
2243 1819 2389 1877 facit.
2433 1822 2858 1896 Prwoccupemus
2903 1827 3085 1897 facient
3115 1828 3227 1898 ejus
3254 1829 3308 1883 in
3355 1834 3563 1901 confes-

1958 1912 2100 1967 sione
2125 1911 2297 1986 (Psal.
2328 1914 2416 1971 94.
2445 1914 2523 1989 2),
2557 1918 2680 1987 quia
2705 1919 2878 1997 bonus
2897 1931 2950 1974 et
2978 1920 3217 1977 clemens
3242 1931 3341 1977 est.
3406 1933 3409 1936 ‘

2032 2003 2281 2062 Iuvacare
2307 2008 2361 2061 in
2387 2011 2594 2064 veritate
2615 2010 2755 2080 quid.
2774 2041 2847 2050 —
2861 2011 2918 2067 Si
2941 2028 3070 2067 vero
3094 2030 3201 2068 non
3224 2014 3564 2073 invocaveris

1961 2099 2015 2154 in
2042 2100 2288 2166 veritate,
2334 2117 2436 2158 nec
2464 2119 2530 2157 ex
2566 2104 2730 2159 corde
2773 2105 2958 2161 dicere
2995 2106 3148 2172 velis,
3192 2108 3434 2175 Dimitte,
3467 2109 3564 2165 sed

1961 2206 2028 2247 ex
2067 2207 2163 2248 ore
2196 2200 2424 2261 tantum,
2467 2195 2592 2267 quid
2627 2198 2740 2267 ipse
2782 2196 2976 2255 faciet?
3005 2198 3143 2266 Quid
3176 2210 3278 2268 est,
3315 2202 3567 2262 invocare

1963 2285 2016 2339 in
2043 2284 2308 2340 veritate?
2328 2285 2462 2341 Cum
2492 2286 2791 2357 alacritate,
2815 2306 2882 2346 ex
2913 2291 3094 2346 animo
3123 2293 3339 2349 sincero
3363 2312 3377 2358 ;
3412 2303 3470 2348 ut
3497 2295 3565 2353 de

1963 2376 2248 2445 unguentis
2286 2378 2502 2443 dicitur,
2553 2378 2835 2436 Sincerum
2876 2391 2979 2451 est,
3027 2382 3160 2438 nihil
3200 2383 3563 2443 adulterinum

1965 2467 2126 2523 habet
2158 2486 2171 2522 :
2200 2468 2279 2524 sic
2306 2478 2362 2524 et
2389 2469 2517 2525 illic.
2549 2472 2648 2540 Qui
2685 2487 2811 2529 vere
2841 2473 3015 2544 ipsum
3048 2475 3265 2531 invocat
3294 2486 3348 2533 et
3380 2491 3567 2549 preca-

1966 2568 2073 2627 tur,
2107 2570 2417 2630 perseverat
2441 2577 2677 2635 semper,
2710 2580 2809 2621 nec
2834 2566 3057 2633 desinit,
3084 2566 3259 2625 donec
3287 2571 3517 2641 accipiat
3551 2588 3566 2627 :

1963 2653 2055 2722 qui
2084 2668 2213 2709 vero
2242 2648 2607 2725 perfunctorie
2652 2660 2783 2728 agit,
2832 2660 3065 2717 licetsic
3104 2661 3277 2733 legem
3324 2663 3567 2736 impleat,

1972 2760 2078 2800 non
2107 2746 2320 2802 invocat
2362 2748 2415 2803 in
2444 2750 2690 2806 veritate.
2727 2753 2980 2823 Quisquis
3022 2755 3117 2821 sis,
3162 2771 3231 2811 ne
3273 2755 3423 2812 dicas
3454 2768 3569 2813 tan-

1966 2845 2102 2905 tum,
2137 2838 2393 2895 Peccator
2417 2855 2560 2904 sum,
2600 2841 2697 2897 sed
2734 2860 2885 2909 cura,
2935 2855 2993 2900 ut
3031 2846 3101 2901 ab
3148 2846 3249 2902 hac
3291 2848 3570 2905 existima-

1967 2931 2113 2986 tione
2145 2940 2195 2987 te
2235 2931 2433 2989 liberes
2464 2954 2477 2989 ς
2505 2949 2573 2989 ne
2616 2934 2765 2990 dicas
2796 2945 3023 3005 tantum,
3063 2938 3158 2994 sed
3186 2950 3241 2995 et
3269 2940 3477 2998 doleas.
3511 2941 3570 2998 Si

1966 3021 2140 3088 doles,
2168 3039 2386 3095 operam
2417 3025 2683 3095 adhibes;
2714 3028 2759 3083 si
2791 3045 2897 3084 non
2930 3045 3151 3100 operam
3183 3031 3429 3099 adhibes,
3458 3050 3567 3089 non

1967 3116 2156 3183 doles;
2204 3117 2249 3172 si
2295 3132 2402 3173 non
2432 3118 2607 3187 doles,
2640 3120 2854 3176 irrides.
2897 3122 3030 3189 Quis
3068 3123 3274 3188 dicens,
3319 3124 3571 3197 IEgroto,

1968 3224 2075 3264 non
2102 3212 2281 3266 omnia
2307 3213 2437 3284 agit,
2466 3222 2527 3268 ut
2570 3215 2831 3270 sanetur?
2856 3216 3106 3287 Magnum
3138 3220 3303 3275 telum
3330 3232 3416 3277 est
3442 3237 3570 3279 ora-

1970 3300 2065 3358 tio.
2097 3302 2159 3359 Si
2184 3320 2291 3373 vos,
2324 3304 2519 3376 inquit,
2552 3310 2711 3364 nostis
2741 3310 2873 3364 bona
2906 3312 3028 3365 data
3055 3312 3179 3368 dare
3206 3315 3331 3384 ﬁliis
3370 3317 3572 3384 vestris,

1966 3405 2158 3466 quanto
2189 3414 2349 3469 magis
2390 3397 2547 3454 Pater
2570 3411 2728 3457 uester
2750 3402 2904 3475 (Luc.
2930 3406 3018 3459 Η.
3058 3408 3147 3478 13)
3170 3408 3193 3462 Ῡ
3221 3406 3330 3465 Cur
3355 3425 3461 3466 non
3492 3412 3573 3467 vis

1967 3488 2273 3544 accedere?
2318 3490 2397 3547 Te
2443 3503 2608 3559 amat,
2658 3494 2775 3564 plus
2824 3506 3004 3565 potest
3045 3515 3205 3570 quam
3251 3517 3443 3561 onmes
3477 3521 3490 3557 :
3520 3514 3577 3560 et

1969 3583 2086 3637 vult
2128 3592 2182 3638 et
2228 3592 2443 3665 potest;
2477 3587 2604 3657 quid
2636 3588 2903 3660 impedit?
2929 3590 3091 3646 Nihil.
3140 3592 3283 3665 Ergo
3311 3610 3434 3652 eum
3468 3596 3575 3654 ﬁde

1970 3674 2290 3732 accedamus
2321 3694 2334 3731 :
2364 3679 2685 3736 accedamus
2731 3682 2873 3737 dona
2931 3684 3220 3743 oﬁ‘erentes
3268 3703 3389 3759 qua:
3416 3693 3575 3760 vult,

1971 3765 2287 3835 injuriarum
2341 3768 2690 3837 oblivionem,
2733 3772 3143 3845 benignitatem,
3194 3783 3575 3855 mansuetudi-

1972 3871 2119 3913 nem.
2147 3859 2259 3913 Etsi
2290 3871 2541 3932 peccator
2568 3865 2664 3929 sis,
2691 3879 2814 3920 cum
2841 3864 3035 3923 ﬁducia
3062 3868 3129 3924 ab
3156 3869 3276 3941 ipso
3297 3875 3577 3929 remissio-

1972 3967 2095 4007 nem
2123 3962 2465 4022 peccatorum
2495 3966 2667 4027 petes,
2691 3959 2735 4014 si
2768 3960 2941 4028 possis
2966 3963 3255 4020 ostendere
3273 3965 3375 4022 hoc
3398 3968 3572 4038 ipsum

1972 4060 2001 4099 a
2034 4055 2087 4100 te
2115 4044 2313 4102 factum
2338 4062 2460 4104 esse
2494 4068 2505 4103 :
2536 4052 2579 4106 si
2611 4067 2740 4108 vero
2761 4054 2938 4123 justus
2982 4057 3079 4124 sis,
3126 4074 3225 4114 nec
3253 4060 3570 4131 injuriarum

1973 4139 2303 4197 oblivionem
2332 4141 2552 4209 habeas,
2581 4146 2713 4201 nihil
2737 4147 2831 4202 tibi
2858 4149 3098 4219 prodest.
3126 4151 3242 4208 Non
3279 4165 3457 4224 potest
3481 4158 3574 4228 qui

1975 4233 2221 4301 proximo
2247 4233 2471 4301 dimisit,
2502 4253 2609 4291 non
2642 4238 2852 4308 plenam
2879 4243 3090 4299 veniam
3122 4248 3382 4318 consequi
3410 4265 3426 4303 :
3456 4247 3577 4306 sine

1974 4326 2082 4381 ulla
2110 4328 2254 4383 enim
2293 4331 2698 4400 comparatione
2738 4333 3058 4391 clementior
3087 4339 3245 4393 nobis
3273 4350 3357 4395 est
3388 4341 3530 4399 Deus
3561 4362 3575 4399 :

1976 4420 2078 4477 hoc
2105 4423 2273 4478 cuivis
2308 4423 2485 4494 palam
2518 4436 2619 4481 est.
2648 4426 2787 4493 Quid
2832 4429 3004 4485 dicis?
3032 4431 3087 4487 Si
3118 4432 3340 4501 dixeris,
3390 4434 3579 4495 Lzesus

1974 4516 2068 4584 fui,
2100 4519 2235 4573 iram
2266 4517 2471 4586 domui,
2518 4516 2716 4575 furoris
2758 4522 2863 4576 vim
2898 4525 3094 4592 pertuli
3125 4536 3344 4597 propter
3374 4544 3581 4600 praee-

1976 4621 2127 4679 ptum
2155 4618 2325 4676 tuum,
2359 4625 2536 4666 annon
2587 4620 2641 4665 et
2690 4613 2803 4682 ipse
2846 4613 3120 4670 dimittet?
3150 4616 3383 4674 Omnino
3429 4633 3580 4678 certe

1974 4701 2228 4756 dimittet.
2259 4701 2439 4773 Itaque
2459 4704 2691 4757 animam
2713 4720 2999 4775 purgemus
3021 4708 3089 4761 ab
3117 4709 3431 4779 injuriarum
3456 4730 3571 4771 me-

1973 4796 2165 4850 moria.
2196 4794 2403 4851 Sufﬁcit
2435 4795 2539 4851 hoc
2567 4797 2743 4861 nobis,
2775 4807 2833 4852 ut
2859 4800 3227 4871 exandiamur,
3256 4820 3319 4860 ac
3346 4806 3579 4877 vigilan-

1974 4898 2058 4945 ter
2089 4900 2144 4945 et
2172 4906 2292 4945 eum
2322 4892 2721 4961 perseverantia
2749 4908 3053 4964 precemur,
3103 4908 3157 4953 ut
3199 4901 3418 4971 copiose
3450 4904 3573 4974 ejus

1975 4984 2262 5039 clementia
2293 4983 2551 5051 fruentes,
2586 4986 2847 5054 promissa
2875 5003 3229 5058 assequamur
3256 4993 3393 5049 bona
3423 5038 3436 5061 ,
3463 5013 3585 5059 ara-

1975 5078 2043 5131 tia
2076 5087 2131 5133 et
2174 5077 2505 5148 benignitate
2549 5078 2757 5133 Domini
2810 5081 2979 5136 nostri
3021 5081 3145 5138 Jesu
3188 5085 3406 5170 Christi,
3460 5061 3585 5160 qui~

1974 5185 2096 5225 cum
2131 5170 2273 5224 Patri
2305 5180 2360 5225 et
2400 5170 2622 5240 Spiritui
2669 5182 2877 5241 sancto,
2926 5174 3118 5244 gloria,
3166 5178 3584 5249 imperium,ho-

1972 5276 2115 5327 nor,
2150 5275 2291 5316 nunc
2344 5271 2400 5317 et
2454 5276 2690 5333 semper,
2756 5275 2811 5319 et
2869 5264 2922 5318 in
2981 5267 3177 5323 sarcula
3234 5273 3581 5329 saeculorum.

1974 5356 2169 5409 Amen.

287 5455 3578 5481 MM

1528 5496 1875 5559 HOMILIA
1916 5494 2260 5557 XXXVII.

271 5626 405 5681 Car.
436 5624 525 5679 17.
557 5638 610 5675 v.
641 5623 694 5677 ι.
718 5618 841 5677 Cum
868 5630 1035 5675 autem
1062 5620 1493 5690 perantbulassent
1520 5621 1869 5691 Amphipolim

346 5726 395 5770 et
418 5714 768 5785 Apolloniam,
797 5722 1036 5767 venerunt
1065 5711 1500 5777 Thessalonicam,
1532 5714 1618 5765 ubi
1648 5724 1756 5767 erat
1784 5731 1869 5784 sy-

347 5822 545 5877 nagoga
569 5803 891 5858 Judaorum.
918 5804 973 5858 2.
1004 5804 1299 5859 Secundum
1327 5804 1740 5857 consuetudinem
1773 5820 1869 5857 au-

344 5908 444 5955 tem
480 5898 677 5954 Paulus
705 5898 929 5953 introivit
953 5900 1021 5952 ad
1051 5915 1135 5952 eos
1164 5914 1181 5951 :
1208 5908 1254 5952 et
1284 5915 1372 5967 per
1398 5899 1602 5952 sabbata
1634 5900 1730 5952 tria
1755 5900 1867 5954 dis-

347 6009 403 6047 se
430 5992 542 6049 cbat
569 5993 639 6049 eis
664 5991 730 6049 de
757 5990 1061 6065 Scripturis,
1096 5992 1150 6049 '5.
1177 5990 1479 6065 adaperiens
1510 6001 1556 6048 et
1578 5992 1862 6062 insinuans,

2048 5621 2167 5691 quia
2197 5618 2453 5675 Christum
2483 5623 2705 5691 aportuit
2745 5622 2851 5693 pati
2886 5633 2933 5676 et
2976 5640 3240 5695 resurgere
3266 5644 3297 5681 a
3328 5632 3537 5684 mortuis
3562 5650 3580 5697 ;

2052 5724 2097 5770 et
2127 5716 2246 5785 quia
2288 5716 2368 5769 Iu'c
2411 5724 2482 5770 est
2513 5714 2742 5771 Christus
2785 5714 2957 5783 Jesus,
3006 5735 3152 5789 quem
3196 5737 3286 5791 ego
3329 5726 3581 5779 annuntio

2046 5809 2205 5864 vobis.

2052 5901 2105 5955 t.
2138 5898 2346 5953 Rursus
2394 5912 2587 5969 parvas
2634 5909 3057 5969 prmtercurrnnt
3100 5902 3367 5971 civitates,
3412 5916 3469 5961 et
3508 5908 3578 5963 ad

1975 5992 2212 6064 majores
2259 5991 2536 6062 festinant,
2564 5992 2707 6064 quod
2737 5992 2863 6051 inde
2889 5994 3041 6066 quasi
3072 6010 3142 6053 ex
3176 5995 3321 6053 fonte
3351 5996 3577 6054 verbum
