4082 6494
610 466 712 521 263

608 583 825 638 deberet
872 579 923 632 in
972 579 1174 633 vicinas
1220 576 1378 630 urbes
1406 589 1643 629 manare.
1685 574 1787 629 Pro
1824 588 1971 627 ntere
2006 582 2182 626 autem

606 686 703 725 suo
730 669 944 724 intravit
974 669 1163 723 Paulus
1193 668 1243 721 in
1278 680 1601 738 synagogam
1627 664 1957 720 Judmorum.
1982 663 2182 731 Quam-

609 746 685 819 vis
709 764 938 829 dixerat,
984 762 1326 816 Convertintur
1358 761 1425 811 ad
1454 768 1623 828 gentes
1649 758 1783 828 (Act.
1816 757 1903 811 15.
1932 755 2045 829 46).
2077 772 2181 811 non

606 856 940 926 relinquebat
972 856 1087 909 illos
1113 896 1126 917 ,
1160 852 1251 907 sed
1283 866 1475 919 magno
1514 852 1635 906 illos
1678 850 1853 903 studio
1890 864 2182 919 proseque-

606 949 781 1005 batur.
816 948 945 1002 Audi
977 947 1117 1001 enim
1151 946 1296 998 illum
1341 944 1646 999 dicentem:
1676 942 1905 1008 Fratres,
1945 942 2182 1012 benepla-

607 1042 760 1093 citum
798 1039 961 1094 sordis
1000 1039 1115 1103 mei,
1148 1048 1195 1092 et
1236 1039 1456 1106 precatio
1499 1038 1567 1093 ad
1597 1035 1759 1090 Deum
1788 1050 1879 1105 pro
1923 1034 2087 1090 Israel
2109 1045 2181 1090 est

606 1135 674 1186 ad
698 1133 907 1186 salutem
942 1131 1117 1201 (Rom.
1143 1131 1229 1185 10.
1252 1130 1304 1201 1)
1326 1146 1340 1194 ;
1366 1142 1437 1193 et,
1463 1130 1729 1201 Cupiebam
1768 1130 2034 1183 anathema
2075 1146 2182 1185 esse

604 1242 635 1276 a
663 1222 861 1279 Christo
893 1239 983 1293 pro
1012 1223 1250 1292 fratribus
1286 1222 1407 1276 meis
1437 1222 1599 1288 (Ibid.
1642 1221 1694 1275 9.
1727 1219 1805 1291 3).
1846 1220 1959 1275 Hoc
1999 1230 2176 1276 autem

606 1316 829 1372 faciebat
855 1327 1069 1384 propter
1098 1314 1502 1383 promissionem
1547 1313 1637 1367 Dei
1664 1322 1717 1367 et
1758 1310 2001 1382 gloriam,
2031 1320 2086 1365 et
2111 1326 2178 1366 ne

604 1410 705 1463 hoc
733 1408 1105 1462 ol'fendiculum
1136 1418 1278 1462 esset
1305 1407 1570 1477 gentibus.
1612 1405 1676 1459 Et
1706 1423 1795 1475 per
1835 1404 2043 1459 sabbata
2080 1404 2179 1465 tria

602 1500 873 1553 disserebat
916 1499 986 1553 eis
1026 1499 1087 1552 de
1128 1497 1424 1568 Scripturis,
1472 1498 1767 1565 adaperiens
1811 1504 1855 1551 et
1892 1497 2172 1562 insinuans,

599 1594 717 1662 quia
745 1592 997 1645 Christum
1027 1592 1247 1657 oportuit
1278 1590 1382 1660 pati
1417 1600 1463 1642 et
1502 1605 1760 1657 resurgere
1796 1605 1827 1641 a
1856 1590 2101 1651 mortuis;
2130 1600 2176 1641 et

600 1686 716 1754 quin
744 1684 823 1737 hic
846 1680 997 1737 Iesus
1027 1683 1273 1747 Christus,
1302 1698 1448 1751 quem
1489 1697 1579 1750 ego
1608 1682 1854 1735 annuntio
1883 1681 2040 1734 vobis.
2086 1679 2175 1733 Vi-

598 1775 691 1829 des
720 1776 863 1829 iiium
894 1784 1017 1827 ante
1056 1760 1235 1827 omnia
1265 1773 1565 1841 passionem
1612 1771 1943 1842 praedicare?
1983 1771 2071 1827 Sic
2100 1771 2173 1826 illi

600 1882 703 1921 non
730 1865 1138 1931 erubescebant,
1168 1864 1260 1919 sed
1289 1863 1529 1919 sciebant
1558 1863 1661 1917 hoc
1689 1862 1921 1917 salutare
1946 1877 2082 1917 esse.
2116 1863 2169 1916 4.

598 1957 663 2012 Et
694 1959 898 2025 quidam
924 1975 985 2011 ea:
1011 1958 1080 2011 eis
1107 1957 1447 2021 crediderunt,
1471 1967 1514 2010 et
1540 1955 1764 2025 adjuncti
1792 1965 1909 2009 sunt
1938 1955 2099 2009 Paulo
2127 1964 2173 2009 et

595 2052 742 2117 Sile,
776 2059 822 2105 et
862 2051 924 2105 de
965 2051 1238 2104 colentibus
1280 2049 1547 2119 gentilibus
1588 2048 1855 2101 multitudo
1892 2065 2094 2119 magna,
2126 2058 2171 2102 et

591 2144 823 2197 mulieres
852 2141 1037 2195 nobiles
1058 2156 1155 2194 non
1180 2155 1371 2209 paucw.
1402 2140 1673 2194 Summam
1695 2138 1827 2193 dixit
1855 2140 2128 2194 concionis
2154 2159 2167 2195 :

590 2234 660 2289 ita
703 2233 908 2288 alienus
931 2240 1016 2287 est
1039 2246 1069 2286 a
1106 2229 1487 2299 superﬂuitate.
1534 2246 1631 2284 nec
1667 2230 1858 2300 ubique
1888 2231 2171 2285 concienes

592 2334 728 2379 totas
755 2322 961 2378 recitat.
1005 2324 1058 2377 5.
1104 2320 1335 2376 Zelantes
1374 2333 1542 2375 autent
1583 2319 1755 2374 Judaei
1794 2320 2059 2387 increduli,
2090 2339 2172 2375 as-

590 2424 931 2485 sumentesque
952 2414 1013 2467 de
1034 2414 1180 2482 vulgo
1211 2415 1344 2468 viros
1365 2413 1611 2484 quosdam
1636 2412 1815 2477 malos,
1846 2422 1891 2467 et
1919 2414 2064 2467 turba
2083 2418 2168 2483 fa-

587 2518 667 2561 cta
695 2507 1062 2559 concitaverunt
1090 2505 1372 2567 civitatem;
1401 2513 1446 2557 et
1477 2504 1762 2557 invadentes
1788 2503 1991 2555 domum
2012 2501 2169 2557 Jaso~

585 2598 682 2660 nis,
712 2597 998 2667 qua'rebant
1026 2611 1110 2650 eos
1152 2594 1428 2665 producere
1463 2595 1515 2647 in
1566 2594 1841 2665 populant;
1872 2595 1924 2650 6.
1963 2606 2013 2649 et
2052 2612 2166 2650 cum

585 2706 685 2742 non
715 2688 1013 2741 invenissent
1040 2703 1144 2751 eos,
1170 2694 1429 2739 traxerunt
1453 2684 1694 2739 Jasonem
1719 2696 1765 2739 et
1793 2688 2037 2756 quosdam
2060 2691 2167 2759 fra-

585 2792 684 2835 tres
710 2781 776 2833 ad
806 2780 1055 2850 principes
1073 2780 1310 2845 civitatis,
1331 2779 1603 2833 clamantes
1626 2795 1644 2832 :
1666 2778 1738 2833 Hi
1756 2789 1871 2833 sunt
1892 2782 1977 2849 qui
1997 2784 2165 2837 urbem

584 2874 852 2937 concitant,
881 2881 926 2925 et
951 2873 1047 2924 huc
1068 2880 1321 2934 venerunt,
1353 2872 1402 2926 7.
1432 2889 1554 2940 quos
1578 2875 1795 2941 suscepit
1819 2872 1978 2929 lason
2000 2894 2020 2942 ;
2042 2886 2085 2931 et
2112 2877 2164 2930 hi

584 2980 751 3017 omnes
797 2973 970 3017 contra
1017 2964 1215 3016 decreta
1260 2961 1473 3017 Caesaris
1520 2964 1733 3032 faciunt,
1784 2982 1951 3036 regent
2001 2968 2161 3022 alium

583 3057 800 3109 dicentes
828 3070 931 3107 esse
954 3052 1149 3107 Jesum.
1178 3052 1222 3107 0
1256 3054 1645 3109 accusationem
1670 3056 1682 3108 l
1716 3056 1919 3110 Rursus
1951 3058 2161 3114 violata:

585 3144 871 3214 tuajestatis
892 3152 1145 3197 accusant
1168 3158 1281 3207 eos,
1302 3142 1556 3209 Dicentes,
1587 3145 1852 3214 inquiunt,
1880 3162 1985 3201 esse
2004 3148 2162 3203 aliunt

584 3251 745 3305 regem
772 3232 971 3286 Jesunt.
1007 3231 1059 3286 8.
1101 3230 1483 3286 Concitaverunt
1517 3244 1684 3287 autem
1714 3235 1908 3305 plebem
1945 3245 1993 3291 et
2021 3240 2160 3306 prin-

584 3330 717 3396 cipes
740 3326 951 3379 civitatis
970 3324 1229 3378 audientes
1258 3325 1381 3379 hac.
1413 3324 1466 3379 9.
1496 3325 1573 3378 Et‘
1589 3336 1794 3397 accepta
1820 3310 2162 3397 satis/actione

585 3434 612 3470 a
636 3416 826 3471 Jasone
852 3426 898 3469 et
923 3433 955 3468 a
980 3416 1192 3482 steteris,
1221 3415 1517 3469 dimiserunt
1548 3432 1648 3471 eos.
1680 3418 2041 3476 Admirandus
2069 3422 2157 3477 ille

585 3510 661 3563 vir
688 3519 822 3572 erat,
870 3509 959 3579 qui
1005 3508 1236 3578 pericula
1283 3507 1480 3572 adibat,
1524 3518 1577 3563 et
1620 3511 1871 3566 emiserat
1906 3528 2020 3569 eos.
2068 3516 2155 3570 10.

582 3600 793 3655 Fratres
816 3614 931 3653 vero
971 3600 1233 3668 confestim
1260 3614 1349 3669 per
1389 3609 1581 3653 noctem
1607 3601 1903 3656 dimiserunt
1936 3602 2159 3661 Paulum

579 3703 624 3746 et
653 3692 816 3747 Silam
842 3690 894 3744 in
918 3688 1166 3744 Beroeam.
1200 3689 1299 3757 Qui
1328 3705 1440 3743 cum
1474 3691 1739 3757 venissent,
1768 3694 1821 3748 in
1846 3712 2157 3769 synagogant

576 3784 872 3837 Judteorunt
914 3782 1229 3835 introierant.
1262 3781 1348 3836 11.
1398 3779 1467 3835 Hi
1497 3793 1663 3837 autem
1701 3796 1843 3839 erant
1886 3787 2156 3845 nobiliores

578 3890 769 3937 eorum,
800 3873 885 3942 qui
910 3882 1023 3926 sunt
1048 3869 1434 3938 Thessalonicw,
1478 3875 1565 3944 qui
1606 3890 1928 3945 susceperunt
1954 3880 2156 3936 verbum

579 3982 691 4018 cum
723 3966 857 4018 omni
885 3964 1141 4029 aviditate,
1188 3963 1411 4035 quotidie
1451 3974 1731 4021 scrutantes
1764 3968 2081 4040 Scripturas,
2113 3975 2157 4027 si

578 4057 685 4108 Itan:
711 4056 781 4107 ita
821 4070 875 4108 se
908 4053 1164 4107 haberent.
1206 4053 1511 4119 Nobiliores,
1546 4055 1736 4124 inquit,
1777 4059 1826 4112 id
1870 4072 1971 4127 est,
2005 4079 2157 4118 man-

574 4146 854 4201 sneliorcs.
900 4146 965 4200 Et
1011 4146 1151 4211 vide,
1196 4160 1300 4200 non
1347 4147 1727 4216 perfunctorie,
1771 4150 1867 4206 sed
1910 4165 2153 4211 accurate

574 4241 943 4294 scrutabantur
992 4238 1291 4309 Scripturas
1340 4241 1426 4309 (id
1474 4243 1616 4297 enim
1669 4244 1931 4315 significat
1980 4250 2147 4318 illud,

575 4326 839 4401 Ᾱνιιιρινσιι)
865 4349 878 4397 ;
908 4332 1152 4387 volebant
1176 4333 1371 4402 quippe
1395 4348 1459 4389 ex
1489 4334 1617 4404 ipsis
1653 4338 1912 4394 certiores
1939 4341 2050 4396 fieri
2085 4344 2151 4399 de

582 4424 823 4492 paSsione
849 4440 863 4486 ;
890 4422 997 4491 jam
1022 4424 1162 4477 enim
1194 4424 1549 4482 crediderant.
1577 4428 1663 4482 12.
1692 4428 1760 4483 Et
1788 4433 1936 4485 ntulti
1952 4436 2152 4502 quidem

576 4514 892 4569 crediderunt
919 4529 982 4567 ea:
1022 4514 1112 4579 eis,
1142 4523 1186 4568 et
1225 4516 1455 4571 mulieres
1484 4520 1692 4589 gentiles
1732 4522 1955 4579 honesta:
1977 4537 2022 4580 et
2060 4532 2152 4583 viri

576 4626 673 4663 non
706 4609 870 4678 pauci.
904 4606 972 4663 l3
1017 4605 1144 4663 Cum
1163 4618 1325 4662 autem
1352 4616 1694 4681 cognovissent
1715 4616 1767 4669 in
1793 4615 2152 4677 Thessalonica

574 4700 765 4763 Juda’i,
794 4699 912 4768 quia
942 4706 988 4753 et
1016 4696 1206 4753 Bertete
1234 4701 1564 4771 pra’dicatunt
1589 4715 1661 4757 est
1686 4722 1717 4758 a
1746 4705 1914 4763 Paulo
1950 4714 2149 4767 verbum

577 4793 693 4858 Dei,
726 4801 962 4846 venerunt
988 4801 1034 4845 et
1070 4791 1192 4846 illuc
1218 4807 1580 4850 commoventes
1621 4799 2015 4859 multitudinem.
2060 4807 2145 4861 14.

580 4887 862 4955 Statimque
890 4896 1006 4936 tunc
1035 4883 1253 4938 Paulum
1294 4886 1593 4943 dimiserunt
1632 4895 1835 4961 fratres,
1878 4905 1931 4948 ut
1967 4900 2150 4953 veniret

571 4994 732 5048 usque
758 4978 823 5029 ad
850 4991 986 5028 mare
1013 4991 1030 5028 :
1060 4975 1197 5029 Silas
1220 4988 1382 5032 autem
1414 4989 1459 5033 et
1491 4978 1775 5039 Timotheus
1801 5004 2150 5049 remanserunt

574 5070 661 5124 ibi.
697 5069 827 5121 Vide
869 5067 1016 5121 illum
1056 5075 1109 5121 et
1150 5068 1424 5124 cedentem
1455 5082 1508 5125 et
1547 5076 1850 5143 instantem,
1881 5084 2149 5155 multaque

575 5161 813 5215 ltmnano
840 5172 986 5211 more
1032 5154 1333 5212 facientem.
1378 5160 1463 5215 15.
1496 5162 1591 5227 Qui
1635 5178 1799 5221 autem
1840 5154 2150 5229 deducebant

577 5252 819 5315 Paulum,
860 5249 1199 5318 perduxerunt
1224 5266 1336 5303 eunt
1378 5269 1532 5317 usque
1571 5255 1830 5324 Athenas;
1870 5272 1916 5315 et
1945 5280 2149 5337 accepto

575 5346 817 5401 mandato
846 5344 905 5396 ab
937 5360 991 5396 eo
1019 5342 1085 5396 ad
1120 5343 1285 5398 Silam
1315 5353 1360 5399 et
1394 5343 1732 5417 Timotheum,
1768 5363 1819 5407 ut
1846 5372 1997 5425 quam
2022 5360 2151 5413 cele-

572 5446 693 5497 riter
719 5441 959 5505 venirent,
986 5438 1196 5508 profecti
1224 5448 1356 5493 sunt.
1390 5441 1496 5497 Sed
1523 5446 1797 5512 superiora
1824 5460 2146 5520 repetamus.

579 5533 679 5587 Per
719 5531 922 5585 sabbata
968 5530 1085 5595 tria,
1126 5530 1311 5599 inquit,
1359 5531 1649 5601 loquebatur
1686 5538 1776 5602 eis,
1822 5544 2053 5610 aperiens
2089 5562 2152 5600 ea:

573 5623 870 5692 Scripturis.
897 5622 1075 5686 ltecte,
1102 5623 1312 5691 quando
1337 5626 1609 5683 vacabant.
1635 5630 1722 5684 Sic
1738 5630 1983 5689 Christus
2010 5651 2150 5692 scm-

577 5734 670 5788 pcr
696 5716 941 5778 faciebat,
973 5730 1001 5769 a
1027 5716 1315 5785 Scripturis
1342 5719 1533 5790 ubique
1559 5722 1849 5788 disserens.
1884 5746 1981 5785 nec
2010 5747 2152 5786 sem-

575 5828 663 5881 per
688 5812 843 5880 signa
874 5807 1089 5861 faciens.
1120 5809 1252 5875 Quia
1278 5812 1421 5865 enim
1459 5813 1510 5866 in
1552 5816 1652 5870 hoc
1682 5822 1932 5876 contrarii
1974 5835 2146 5891 erant,

570 5912 623 5959 et
652 5900 801 5969 quasi
821 5898 1158 5969 deceptorcnt
1186 5911 1237 5958 et
1265 5903 1704 5975 prarstigiatorem
1733 5908 1901 5980 ipsum
1939 5914 2145 5972 calum-

1282 460 1339 517 S.
1378 457 1653 516 JOANNIS
1688 455 2165 513 CIIRYSOSTOMI
2205 453 2520 512 ARCHIEP.
2563 447 3093 516 CONSTANTINOP.

3775 458 3881 513 26b

2291 570 2593 639 niabantur,
2638 574 2756 629 ideo
2796 575 2910 644 ipse
2946 592 2978 630 a
3014 575 3302 645 Scripturis
3341 575 3576 630 disserit.
3619 573 3753 629 Nam
3790 576 3880 644 qui

2290 677 2384 731 per
2411 664 2522 716 sola
2571 664 2722 734 signa
2774 668 3096 736 persuadere
3140 676 3383 729 conatur,
3422 666 3546 736 jure
3592 677 3879 735 suspectus

2287 762 2369 807 est
2397 770 2410 808 :
2444 755 2530 823 qui
2563 770 2783 811 veroex
2821 756 3113 828 Scripturis
3143 758 3443 827 persuadet,
3487 773 3594 812 non
3639 759 3788 814 venit
3825 757 3877 810 in

2287 846 2430 901 illam
2462 847 2843 917 susipicionem.
2872 851 2941 905 Et
2978 865 3121 921 scepe
3148 851 3447 906 invenimus
3472 865 3596 906 eum
3627 851 3875 907 doctrina

2289 938 2643 1006 persuadere;
2669 955 2899 1011 cumque
2937 952 3114 997 autem
3143 942 3438 998 Antiochia:
3470 942 3714 1009 doceret,
3745 956 3879 997 con-

2284 1039 2496 1103 gregata
2537 1041 2619 1087 est
2646 1032 2713 1087 ad
2754 1034 2900 1088 illum
2940 1031 3129 1089 civitas
3162 1054 3174 1089 :
3203 1036 3275 1091 ita
3312 1052 3561 1108 magnum
3602 1035 3872 1105 quoddam

2286 1124 2388 1179 hoc
2414 1134 2516 1190 est,
2542 1139 2643 1181 nec
2676 1128 2883 1197 signum
2928 1128 3123 1192 minus,
3153 1129 3247 1183 sed
3292 1143 3424 1184 sane
3458 1130 3765 1183 maximum.
3806 1126 3875 1181 Et

2285 1232 2351 1272 ne
2376 1228 2623 1287 putarent
2659 1234 2717 1274 se
2756 1230 2922 1276 totum
2962 1237 3140 1293 posse,
3180 1223 3439 1291 permittit
3475 1224 3614 1279 Deus
3657 1234 3713 1278 ut
3750 1223 3870 1294 pel-

2284 1307 2479 1361 lantur.
2517 1308 2630 1362 Duo
2655 1311 2797 1365 enim
2832 1312 2953 1366 hinc
2988 1312 3370 1382 proveniebant
3398 1329 3412 1365 :
3446 1328 3551 1367 non
3579 1314 3744 1368 altum
3777 1328 3874 1369 sa-

2285 1399 2499 1468 piebant
2519 1401 2669 1471 quasi
2700 1402 2798 1471 ipsi
2830 1414 3190 1474 superassent,
3234 1419 3407 1476 neque
3443 1405 3784 1461 terrebantur
3815 1415 3876 1461 ut

2282 1493 2395 1558 rei;
2437 1493 2505 1547 ita
2540 1508 2605 1547 ex
2635 1496 2933 1549 (economia
2975 1504 3109 1561 erat,
3138 1497 3278 1567 quod
3310 1507 3647 1552 vocarentur.
3687 1495 3875 1551 Colen-

2280 1585 2405 1638 tium
2435 1585 2715 1655 gentilium,
2750 1586 2938 1656 inquit,
2968 1589 3257 1654 multitudo,
3286 1599 3331 1641 et
3368 1605 3431 1643 ea:
3462 1590 3731 1659 gentilibus
3775 1590 3875 1642 ho-

2280 1676 2431 1730 nestis
2455 1675 2744 1730 mulieribus
2770 1688 2816 1731 et
2844 1694 2907 1732 ea:
2938 1680 3056 1733 viris
3086 1697 3187 1734 non
3219 1681 3370 1749 pauci
3407 1682 3746 1735 crediderunt.
3784 1680 3868 1736 Illi

2279 1784 2406 1823 vero
2436 1778 2642 1824 contra.
2685 1768 2965 1837 Quomodo
3013 1782 3191 1827 autem
3236 1773 3323 1843 qui
3375 1772 3525 1837 dicit,
3572 1772 3639 1825 fit
3677 1790 3769 1827 nos
3798 1774 3868 1826 ad

2278 1874 2466 1933 gentes,
2508 1864 2587 1916 illi
2614 1873 2780 1916 autem
2803 1864 2873 1916 ad
2902 1865 3331 1920 circumcisionent
3368 1865 3512 1931 (Gal.
3554 1866 3606 1919 ἓ.
3638 1866 3717 1936 9),
3740 1882 3865 1922 cum

2277 1954 2475 2009 JlldiElS
2518 1955 2858 2010 disserebat?
2889 1956 3001 2011 Hoc
3037 1973 3104 2013 ex
3132 1958 3422 2012 abundanti
3459 1958 3706 2013 faciebat.
3757 1958 3867 2014 Sed

2275 2048 2319 2100 si
2349 2045 2547 2101 Judaeis
2583 2048 2849 2103 disserere
2884 2050 3183 2119 oportebat,
3214 2050 3481 2121 quomodo
3520 2066 3733 2105 rursum
3781 2050 3867 2105 dio

2274 2136 2429 2193 cebat
2460 2157 2473 2191 :
2508 2138 2609 2206 Qui
2640 2139 2773 2193 enint
2811 2152 3046 2210 operatus
3082 2152 3155 2195 est
3196 2144 3275 2195 illi
3307 2144 3359 2195 in
3399 2144 3861 2211 circumcisionent,

2276 2241 2509 2301 aperatus
2532 2242 2602 2286 est
2624 2232 2748 2285 mihi
2774 2233 2903 2287 inter
2921 2242 3090 2305 gentes
3118 2234 3279 2303 (Ibid.
3311 2250 3360 2289 v.
3394 2236 3451 2304 8)
3474 2237 3496 2289 ’ἶ
3522 2238 3677 2291 Sicut
3696 2238 3862 2291 etiarn

2277 2323 2351 2377 illi
2396 2324 2644 2393 gentibus
2693 2326 3068 2396 loquebantur,
3117 2327 3240 2383 licet
3279 2327 3346 2382 ad
3392 2329 3862 2385 circumcisionem

2274 2416 2536 2485 segregati
2573 2435 2587 2470 :
2620 2416 2691 2469 ita
2729 2428 2783 2472 et
2815 2418 2902 2474 hic
2946 2422 3140 2490 szepius
3186 2436 3305 2477 cum
3351 2422 3598 2491 gentibus
3645 2422 3858 2493 agebat,

2273 2523 2373 2562 nec
2400 2518 2575 2563 tamen
2605 2509 2821 2566 Judteos
2860 2512 3179 2583 negligebat,
3227 2524 3285 2569 ut
3315 2530 3382 2570 ne
3426 2515 3743 2571 viderentur
3780 2516 3862 2571 di-

2271 2614 2367 2654 VlSl
2397 2615 2537 2656 esse.

2340 2694 2393 2748 2.
2436 2692 2541 2749 Cur
2595 2694 2790 2750 Paulus
2826 2698 2879 2751 in
2921 2714 3206 2771 synagogas
3254 2699 3577 2755 intraret.—
3602 2700 3671 2756 Et
3719 2717 3861 2773 quo-

2272 2786 2453 2853 modo,
2479 2788 2711 2857 inquies,
2738 2790 2887 2860 prius
2908 2792 2961 2846 in
2983 2806 3280 2864 synagogas
3302 2794 3532 2850 intrabat
3554 2797 3576 2849 ?
3598 2796 3702 2851 Sed
3725 2813 3859 2867 gen-

2271 2877 2450 2932 tilibus
2480 2881 2832 2948 persuadebat
2858 2898 2951 2952 per
2975 2883 3209 2952 Judazos,
3242 2895 3295 2941 et
3318 2902 3384 2941 ex
3415 2888 3478 2942 iis
3505 2904 3625 2957 qua:
3654 2889 3858 2947 Jttdtris

2267 2969 2499 3025 dicebat.
2532 2971 2745 3026 Sciebat
2768 2973 2909 3028 enim
2940 2974 3042 3029 hoc
3070 2977 3359 3045 gentilibus
3395 2978 3463 3034 ad
3496 2981 3655 3036 fidem
3685 2983 3858 3038 addu-

2266 3062 2452 3116 cendis
2483 3062 2734 3118 idoneum
2764 3079 2905 3120 esse.
2939 3065 3062 3120 Ideo
3100 3068 3308 3125 dicebat
3336 3069 3442 3126 :In
3477 3083 3725 3140 quantum
3764 3091 3856 3143 ego

2266 3171 2377 3206 sunt
2404 3155 2623 3225 gentium
2666 3160 2928 3226 apostolus
2968 3158 3141 3230 (Rom.
3191 3161 3278 3215 11.
3328 3163 3438 3233 1⁸5).
3490 3164 3857 3235 Epistolteque

2266 3248 2384 3315 ejus
2410 3263 2598 3304 omnes
2625 3259 2811 3305 contra
2837 3250 3049 3306 Judseos
3075 3264 3344 3309 certamen
3379 3257 3691 3325 praeferunt.
3718 3260 3856 3327 Quia

2266 3340 2543 3407 Christum,
2591 3342 2781 3412 inquit,
2825 3345 3084 3414 Oportebat
3122 3349 3247 3416 pati.
3297 3348 3353 3404 Si
3406 3350 3508 3419 pati
3544 3353 3851 3421 oportebat,

2264 3449 2392 3504 ergo
2418 3444 2473 3490 et
2510 3450 2819 3505 resurgere;
2867 3437 2969 3493 hoc
3014 3442 3155 3495 enim
3199 3442 3356 3513 longe
3402 3445 3703 3503 mirabilius
3741 3458 3849 3517 est,

2262 3539 2420 3594 quam
2461 3525 2611 3581 illud.
2660 3526 2714 3583 Si
2756 3530 2897 3582 enim
2925 3546 3068 3594 eum,
3098 3534 3185 3603 qui
3237 3535 3368 3591 nihil
3414 3537 3610 3606 injuste
3636 3553 3845 3611 egerat,

2263 3617 2420 3669 morti
2452 3618 2685 3685 tradidit,
2732 3622 2899 3675 multo
2946 3625 3115 3694 magis
3144 3628 3433 3706 suscitavit.
3461 3630 3629 3686 illum.
3674 3632 3851 3688 Judaei

2260 3717 2426 3760 autem
2466 3709 2731 3777 increduli,
2769 3716 3040 3785 assumptis
3071 3720 3354 3788 forensibus
3392 3724 3708 3792 quibusdam,
3740 3738 3852 3781 tur-

2260 3800 2441 3853 barunt
2467 3802 2738 3868 civitatem,
2774 3805 2960 3875 inquit.
2994 3809 3176 3879 Itaque
3204 3811 3382 3879 plures
3408 3824 3559 3871 erant
3596 3821 3845 3887 gentiles.

2261 3890 2330 3944 Et
2371 3903 2774 3961 assumpserunt
2816 3898 3109 3966 quosdam;
3164 3902 3285 3971 quia
3332 3920 3437 3959 non
3481 3921 3541 3962 se
3590 3913 3849 3979 putabant

2261 3983 2390 4035 satis
2416 3998 2536 4039 esse
2565 3983 2731 4039 Judrei
2758 3987 2823 4041 ad
2852 3987 3195 4058 seditionem,
3224 4003 3279 4048 et
3306 3998 3427 4066 quia
3469 4002 3845 4062 rationabilem

2258 4089 2472 4129 causam
2497 4091 2602 4131 non
2630 4076 2913 4134 habebant.
2942 4082 3016 4136 Ex
3039 4086 3267 4141 tumultu
3287 4103 3501 4159 semper
3526 4093 3641 4149 haec
3664 4100 3847 4155 omnia

2258 4168 2559 4238 perficiunt,
2584 4180 2638 4225 et
2665 4175 2952 4243 assumptis
2982 4176 3239 4246 improbis
3267 4180 3591 4242 hominibus.
3618 4189 3743 4245 Non
3766 4194 3849 4247 in-

2257 4263 2412 4315 ventis
2440 4272 2605 4316 autem
2633 4262 2756 4330 illis,
2790 4265 2980 4335 inquit,
3012 4272 3271 4325 traxerunt
3295 4272 3557 4331 Iasonem.
3587 4278 3631 4335 O
3662 4290 3849 4353 tyran-

2258 4351 2471 4407 nidem!
2504 4354 2586 4407 Ab
2612 4354 2816 4409 tedibus
2842 4358 2959 4413 sine
2982 4373 3138 4415 causa
3167 4362 3289 4417 illos
3310 4367 3610 4424 trahebant.
3643 4351 3715 4427 Ili
3736 4392 3847 4431 ont-

2257 4460 2343 4497 nes
2359 4454 2533 4497 contra
2554 4446 2749 4501 decreta
2775 4448 2988 4505 Ctesaris
3012 4454 3226 4523 faciunt,
3256 4474 3423 4528 regem
3444 4462 3602 4517 alium
3623 4466 3852 4525 dicentes

2256 4551 2363 4589 esse
2390 4535 2585 4591 Iesum.
2618 4537 2750 4606 Quia
2781 4540 2855 4594 illi
2897 4542 3027 4599 nihil
3062 4544 3294 4603 decretis
3336 4556 3661 4611 contrarium
3694 4559 3848 4617 dice-

2256 4628 2404 4694 bant,
2433 4644 2530 4685 nec
2556 4631 2823 4688 civitatem
2847 4636 3207 4705 concitabant,
3239 4642 3290 4697 in
3317 4643 3459 4700 aliud
3487 4647 3607 4704 illos
3633 4651 3844 4711 crimen

2256 4719 2475 4787 ducunt,
2521 4734 2575 4778 et
2613 4722 2754 4778 larsre
2799 4727 3092 4797 majestatis
3137 4731 3274 4788 falso
3300 4750 3572 4795 accusant.
3620 4742 3686 4796 Et
3711 4748 3843 4814 quid

2259 4812 2472 4876 timetis,
2507 4814 2768 4885 siquidem
2813 4827 3055 4874 mortuus
3084 4826 3209 4877 est?
3238 4824 3391 4895 Vide,
3419 4832 3691 4898 quomodo
3719 4812 3846 4905 per-

2256 4906 2599 4976 sequutiones
2646 4908 2841 4977 ubique
2887 4912 3315 4981 praedicationem
3360 4934 3731 4989 promoveant.
3767 4929 3847 4985 Ili

2256 5006 2420 5050 autem
2446 5006 2589 5053 erant
2616 5000 2883 5055 nobiliores
2919 5006 3111 5072 eor‘um,
3142 5009 3230 5075 qui
3264 5019 3380 5064 sunt
3424 5011 3836 5090 Thessalonicae;

2257 5088 2306 5142 id
2337 5098 2434 5155 est,
2469 5091 2597 5144 nihil
2630 5091 2753 5145 mali
2786 5092 3069 5151 faciebant.
3100 5096 3205 5154 Sed
3227 5100 3316 5155 alii
3345 5103 3557 5173 quidem
3586 5088 3837 5167 credide;

2256 5190 2417 5247 runt;
2465 5181 2521 5236 bi
2567 5198 2697 5237 vero
2742 5187 3066 5241 contrarium
3115 5189 3315 5246 faciunt
3364 5196 3640 5254 turbantes
3691 5202 3843 5260 illos.

2258 5273 2413 5327 Multi
2442 5286 2609 5329 autem
2646 5293 2707 5331 ea;
2734 5278 2836 5332 illis
2863 5290 2910 5333 et
2945 5297 3008 5335 ex
3034 5285 3301 5352 gentilibus
3341 5290 3639 5348 mulieribus
3667 5300 3844 5352 credi-

2256 5365 2459 5419 derunt.
2494 5367 2590 5421 llic
2628 5384 2811 5425 rursus
2854 5374 3081 5441 gentiles
3131 5378 3376 5433 credunt.
3429 5381 3507 5438 Tu
3546 5401 3677 5442 vero
3705 5392 3842 5448 mihi

2256 5458 2565 5515 consideres
2593 5460 2772 5528 velim,
2807 5463 2953 5532 ipsos
2981 5480 3077 5535 per
3101 5472 3456 5529 oeconomiam
3482 5475 3702 5547 fugisse,
3731 5497 3842 5539 non

2258 5568 2369 5622 pra:
2394 5561 2538 5608 metu
2562 5572 2574 5607 :
2599 5555 2829 5625 alioquin
2857 5559 2997 5613 enim
3025 5560 3186 5616 linem
3206 5562 3457 5622 fecissent
3488 5572 3839 5644 praedicandi,

2260 5658 2359 5699 nec
2380 5646 2545 5714 magis
2567 5648 2995 5706 exacerbassent.
3020 5651 3124 5708 Sed
3146 5654 3270 5712 hinc
3285 5658 3392 5713 duo
3408 5663 3727 5720 eveniebant
3749 5685 3763 5721 :
3785 5678 3844 5725 ct

2259 5736 2470 5791 illorum
2505 5736 2654 5793 furor
2689 5742 3144 5813 esstinguebatur,
3179 5760 3232 5804 et
3268 5753 3585 5820 praedicatio
3608 5772 3845 5830 angens-

2259 5835 2363 5882 tur.
2397 5827 2668 5899 Condigne
2710 5842 2887 5889 autem
2933 5836 2998 5892 de
3039 5838 3250 5896 illorum
3284 5844 3510 5900 tumultu
3563 5827 3716 5913 dicit,
3748 5867 3843 5907 ve-

2264 5922 2408 5979 nisse
2439 5939 2532 5981 eos
2575 5926 2701 5985 illuc
2726 5930 2908 5989 turbas
2937 5936 3301 6009 concitantes;
3332 5938 3595 5999 infrenem
3626 5944 3844 6007 illarum
