4082 6548
159 552 251 609 itii}

157 667 368 716 furorem
397 653 767 712 subiudieaus.
803 648 991 703 Statim
1034 659 1148 698 vero
1191 639 1418 693 Paulum
1464 633 1733 688 emiserunt

157 755 340 820 fratres,
369 758 421 802 ut
450 756 567 810 trct,
598 743 786 812 inquit,
817 737 964 808 quasi
992 735 1059 788 ad
1091 749 1247 785 mare.
1280 730 1341 783 ιιι
1371 728 1479 797 jam
1511 721 1738 777 Paulum

157 811 573 898 solum'mittunt
608 811 963 888 :metuebant
1006 826 1148 880 enim
1192 838 1259 876 ne
1304 817 1429 888 quid
1481 815 1577 884 ipsi
1611 811 1736 865 mali

160 919 425 992 accideret,
461 926 604 998 quod
635 925 738 978 illis
769 934 976 976 summa
1018 931 1145 971 cura
1188 923 1300 968 erat
1333 929 1347 964 :
1378 911 1455 963 sic
1481 921 1586 960 non
1616 902 1736 957 ubi-

160 1039 247 1094 que
274 1023 438 1093 gratia
461 1017 798 1089 operabatur,
821 1012 914 1068 sed
937 1009 1144 1064 sinebat
1164 1008 1281 1062 illos
1305 1004 1533 1057 humana
1556 1011 1735 1068 agere,

162 1088 529 1170 illos‘exeitans
569 1118 622 1163 et
659 1103 1109 1176 expergebcicns,
1153 1108 1313 1166 atque
1345 1096 1396 1148 in
1423 1109 1454 1148 s
1480 1088 1742 1145 illicitudi-

159 1221 267 1260 nem
313 1203 570 1271 injiciens.
615 1198 746 1253 Vide
793 1211 938 1265 ergo,
985 1205 1154 1260 u5que
1199 1187 1472 1256 Philippos
1510 1179 1743 1236 servavit

158 1314 260 1362 eos,
291 1294 412 1350 inde
440 1307 569 1347 vero
597 1308 700 1345 non
731 1289 879 1343 item.
917 1285 981 1339 Et
1013 1291 1216 1353 accepto
1247 1277 1505 1340 mandato,
1548 1273 1740 1342 inquit,

155 1390 216 1441 ad
242 1388 403 1444 Silam
426 1397 472 1440 et
505 1384 840 1446 Timet/zeum,
874 1388 926 1432 ut
958 1393 1109 1448 quam
1140 1373 1401 1428 celerrime
1427 1369 1649 1422 venirent
1676 1365 1743 1417 ad

156 1496 282 1544 eum,
315 1477 531 1549 profecti
555 1484 689 1528 sunt.
723 1472 882 1541 quue
916 1468 1105 1523 merito
1139 1462 1386 1520 :etiamsi
1429 1462 1571 1515 enim
1603 1458 1744 1511 Pau-

157 1570 231 1623 lzis
257 1578 417 1631 esset,
455 1582 590 1637 Opus
634 1564 865 1618 habebat
909 1561 1035 1615 illis.
1083 1557 1246 1627 Igitur
1286 1555 1338 1608 in
1381 1549 1744 1607 Macedoniam

158 1663 282 1717 bene
311 1677 338 1715 a
371 1662 480 1715 Deo
529 1657 976 1728 impellebantur;
1020 1651 1162 1705 clara
1205 1660 1438 1716 namque
1481 1643 1592 1713 jam
1631 1649 1745 1702 erat

157 1754 346 1808 Graecia
380 1772 393 1806 :
425 1752 661 1818 alioquin
705 1759 758 1802 et
787 1748 886 1800 alia
933 1755 1127 1814 printer
1172 1740 1547 1795 necessitatem
1582 1733 1746 1789 facie-

161 1846 258 1898 bat.
292 1843 540 1898 Christus
567 1841 803 1910 jusscrat
823 1837 889 1891 de
921 1834 1200 1903 evangelio
1227 1832 1406 1885 vivere
1435 1828 1509 1899 (l.
1543 1825 1661 1878 Cur.
1691 1824 1745 1875 9.

161 1936 273 2007 tl);
305 1938 585 1991 hicautem
615 1950 720 1988 non
751 1931 1009 1986 faciebat:
1033 1927 1275 1982 Christus
1304 1939 1408 1977 non
1434 1921 1576 1973 misit
1601 1918 1747 1970 illum

159 2028 418 2097 baptizare
451 2027 523 2096 (I.
561 2024 678 2077 (for.
723 2025 775 2078 l.
820 2021 948 2090 I7);
986 2019 1069 2072 hic
1099 2032 1228 2070 vero
1258 2013 1579 2083 baptizabat.
1621 2009 1750 2063 Vide

159 2121 414 2189 quomodo
445 2116 807 2172 conferendas
850 2112 1100 2166 omnibus
1140 2117 1274 2162 erat.
1319 2107 1508 2161 l‘elrus
1549 2101 1615 2155 ad
1648 2101 1753 2153 cir-

158 2213 551 2272 tumeisionem,
585 2209 670 2261 hic
692 2206 756 2259 ad
783 2214 994 2275 gentes,
1023 2203 1088 2256 ad
1130 2201 1384 2269 majorem
1423 2205 1651 2265 partem.
1683 2191 1751 2246 Et

160 2310 373 2369 accepta,
407 2300 598 2368 inquit,
629 2296 977 2364 satisfactione
1011 2309 1042 2344 a
1075 2291 1288 2354 Jasone,
1315 2288 1618 2341 dimiserunt
1646 2300 1749 2338 eos.

161 2394 283 2449 Vide
320 2400 594 2463 quomodo
622 2389 986 2443 satisfactione
1017 2385 1138 2439 data
1169 2383 1330 2438 .Iason
1372 2380 1593 2435 Paulum
1618 2376 1753 2432 emi-

159 2488 256 2552 sit;
286 2499 340 2541 et
371 2488 441 2539 ita
469 2486 703 2539 animam
741 2497 890 2535 suam
937 2494 1034 2548 pro
1075 2477 1168 2530 illo
1205 2474 1398 2545 posuit.
1434 2471 1527 2536 Hi,
1560 2469 1750 2539 inquit,

160 2579 619 2634 i-raiitnabilissimi
652 2571 1182 2630 Thessalonicensium
1202 2584 1220 2632 ;
1253 2568 1303 2622 id
1335 2574 1439 2632 est,
1478 2564 1671 2617 virtute
1701 2571 1754 2614 et

162 2672 256 2726 fide
293 2687 420 2741 erga
468 2671 655 2724 Deum.
703 2667 801 2733 Qui
840 2671 1168 2732 susceperunt
1217 2659 1421 2712 verbum
1461 2671 1578 2709 cum
1618 2652 1756 2708 omni

162 2764 432 2824 alacritate,
469 2760 661 2828 inquit,
689 2757 914 2826 quotidie
935 2762 1215 2807 scrutantes
1236 2751 1556 2820 Scripturas,
1578 2747 1623 2799 si
1648 2747 1756 2799 hwc

164 2855 224 2905 ita
253 2870 303 2906 se
331 2852 591 2907 haberent.
627 2850 742 2903 Non
770 2858 972 2902 temere
1002 2861 1066 2899 ex
1095 2845 1298 2915 impetu
1329 2851 1383 2896 et
1410 2839 1548 2895 zelo.

231 2943 291 2996 In
314 2944 596 3013 majoribus
618 2940 898 2993 civitatibus
918 2938 1112 3008 pejores
1135 2931 1618 2999 homines—Atqui
1645 2945 1750 2984 ma-

161 3036 238 3105 jor
265 3038 389 3091 urbs
416 3045 533 3090 erat
556 3077 569 3098 ,
604 3041 658 3088 et
688 3033 929 3087 forenses
961 3031 1203 3085 homines
1231 3037 1385 3081 erant
1416 3027 1485 3078 ibi
1519 3043 1530 3077 :
1564 3027 1757 3078 mirum

165 3139 332 3182 autem
366 3136 619 3190 nonest,
662 3129 704 3179 si
751 3127 802 3178 in
845 3125 1047 3191 majore
1093 3121 1309 3175 civitate
1356 3119 1569 3189 pejores
1613 3126 1757 3170 sunt.

166 3221 312 3273 Certe
343 3221 392 3271 in
422 3218 630 3287 majore
660 3216 869 3285 pejores
891 3229 1011 3267 esse
1029 3210 1320 3266 verisimile
1342 3222 1445 3272 est,
1472 3209 1558 3262 ubi
1579 3210 1758 3262 multa:

166 3319 281 3363 sunt
308 3312 588 3364 turbarum
624 3307 956 3361 occasiones.
990 3303 1060 3359 Ut
1090 3303 1234 3356 enim
1267 3303 1320 3354 in
1353 3315 1609 3368 corpore,
1636 3314 1758 3353 eum

168 3403 375 3454 morbus
408 3411 494 3454 est
522 3399 758 3468 gravior,
794 3397 912 3465 plus
942 3395 1101 3448 habet
1129 3391 1372 3446 materia:
1400 3403 1454 3445 et
1481 3391 1719 3443 alimenti
1743 3407 1755 3442 :

168 3492 232 3542 ita
277 3492 461 3544 ethoc
511 3491 631 3543 loco
654 3531 668 3554 ,
704 3487 844 3558 quod
871 3497 925 3540 et
956 3484 1115 3540 Iconii
1149 3484 1346 3538 factum
1382 3493 1465 3536 est
1487 3523 1500 3547 ,
1536 3491 1589 3536 et
1621 3496 1760 3534 nunc

165 3601 389 3653 quoque.
426 3584 496 3638 Et
527 3583 800 3653 egreditur
831 3579 1048 3641 Paulus,
1079 3587 1136 3632 'ut
1167 3587 1218 3631 et
1244 3577 1470 3630 aliorum
1507 3576 1758 3654 perniciei

168 3689 345 3743 plenas
372 3675 522 3729 dent.
554 3675 678 3728 Ideo
705 3673 918 3727 dicebat
951 3671 1146 3726 Paulus
1180 3688 1192 3723 :
1228 3667 1626 3722 ΡνοΙιὶὺειιιὶὁιιε
1669 3683 1761 3721 nos

167 3766 295 3834 loqui
322 3766 554 3836 gentibus
588 3766 672 3834 (I.
707 3764 883 3817 Thess.
907 3764 961 3816 ‘2.
994 3763 1118 3830 I6).
1152 3763 1216 3815 Et
1240 3776 1336 3815 cur
1367 3760 1542 3824 isthic,
1569 3760 1756 3830 inquit,

167 3870 264 3909 non
311 3855 669 3910 manserunt?
717 3869 816 3909 cur
864 3870 969 3908 non
1021 3854 1169 3922 signa
1215 3851 1493 3907 fecerunt?
1537 3851 1668 3904 Nam
1716 3850 1760 3905 si

167 3947 302 4012 illic,
360 3948 453 4002 ubi
511 3946 780 4016 lapidatus
837 3954 959 4011 est,
1011 3945 1208 3998 mansit
1263 3945 1428 3998 multo
1483 3953 1758 4012 tempore;

166 4041 324 4095 multo
351 4041 524 4111 magis
554 4040 639 4093 hic
669 4038 994 4093 manendum
1026 4046 1163 4090 erat.
1201 4036 1416 4104 Quare?
1455 4035 1574 4090 Non
1615 4052 1761 4090 sem-

165 4147 253 4201 per
281 4135 494 4186 volebat
522 4134 664 4185 Deus
692 4132 811 4186 illos
840 4131 954 4184 haec
982 4130 1130 4200 signa
1165 4130 1338 4184 facere
1366 4145 1378 4178 :
1412 4146 1586 4200 neque
1617 4132 1761 4184 enim

165 4224 332 4275 minus
359 4223 574 4292 signum
603 4229 684 4275 est
727 4221 843 4274 sine
890 4221 1057 4289 signis
1098 4219 1350 4285 vincere,
1402 4235 1561 4288 quam
1611 4221 1761 4290 signa

165 4313 352 4369 facere.
392 4315 578 4383 Itaque
598 4354 611 4378 ,
646 4314 784 4366 sicut
814 4326 954 4366 nunc
981 4352 993 4376 ,
1023 4311 1224 4380 absque
1254 4311 1420 4381 signis
1465 4312 1719 4379 pra-valet
1746 4329 1758 4364 :

165 4405 236 4459 sic
260 4414 312 4461 et
343 4417 469 4460 tunc
502 4419 646 4473 εωρο
673 4403 883 4458 volebat
908 4405 1144 4457 vincere.
1176 4402 1358 4471 Itaque
1388 4418 1488 4457 nec
1533 4403 1761 4471 apostoli

163 4497 224 4551 ad
253 4499 402 4568 signa
435 4498 768 4561 currebant,
803 4506 860 4550 ut
887 4506 941 4549 et
973 4496 1086 4563 ipse
1116 4495 1189 4548 ait
1225 4513 1237 4547 :
1274 4493 1385 4547 Nos
1409 4503 1575 4549 autent
1626 4512 1761 4564 pra:-

167 4590 390 4642 dicamus
420 4588 685 4643 Christum
709 4588 1010 4655 cruciﬁxum
1042 4588 1059 4655 (
1091 4587 1138 4639 1.
1169 4585 1288 4641 Cor.
1324 4588 1374 4641 1.
1423 4586 1551 4658 25).
1600 4588 1760 4657 Signa

164 4681 526 4750 quan'cntibus
556 4687 611 4734 et
651 4680 1006 4749 sapientiam,
1057 4679 1174 4733 haec
1224 4678 1451 4743 damus,
1500 4697 1618 4745 (iure
1663 4695 1762 4735 nec

165 4786 278 4824 cum
328 4772 498 4840 signis
547 4769 860 4840 persuaderi
913 4779 1176 4840 possunt,
1244 4779 1298 4824 et
1349 4772 1756 4840 persuademus.

169 4861 338 4932 Itaque
364 4877 623 4932 magnum
655 4862 781 4915 illud
813 4862 1022 4931 signum
1056 4871 1190 4915 erat.
1227 4861 1358 4917 Vide
1384 4863 1636 4933 ergojam
1669 4880 1763 4919 ex-

167 4963 308 5009 tensa
362 4955 792 5025 praedicatione,
848 4970 1006 5024 quam
1054 4954 1162 5008 cito
1212 4964 1428 5008 currant
1466 4955 1532 5009 ad
1586 4957 1756 5027 signa.

166 5043 452 5114 Oportebat
475 5046 622 5099 enim
641 5043 750 5113 jam
783 5053 1001 5113 prOpter
1023 5043 1309 5098 credentes
1338 5046 1488 5113 plura
1518 5061 1638 5101 esse
1687 5047 1758 5100 si-

167 5155 281 5208 gna,
311 5156 471 5210 quam
506 5139 634 5193 alibi
669 5156 682 5190 :
717 5139 897 5207 itaque
930 5138 1090 5203 fiunt;
1120 5138 1214 5192 sed
1251 5137 1552 5193 recedendo
1582 5150 1635 5194 et
1672 5156 1761 5193 ac-

166 5231 398 5286 cedendo
421 5231 514 5285 illa
545 5229 832 5286 faeiebaut.
860 5229 1150 5283 Emiserunt
1172 5231 1340 5298 illum,
1368 5231 1576 5299 inquit,
1616 5234 1760 5300 quasi

165 5325 228 5376 ad
257 5341 412 5378 mare.
438 5323 668 5392 Quare?
700 5321 769 5378 Ut
798 5339 901 5376 non
947 5332 1167 5392 possent
1198 5323 1344 5376 illum
1375 5323 1530 5378 facile
1558 5339 1754 5394 appre-

168 5415 415 5471 hendere.
451 5414 607 5470 Adeo
647 5430 741 5484 per
770 5430 828 5469 se
857 5415 955 5483 ipsi
1002 5430 1251 5484 magnum
1303 5415 1427 5484 quid
1476 5417 1756 5485 pra-stitis-

165 5517 296 5572 scut,
325 5518 375 5561 et
406 5522 532 5561 cum
557 5506 649 5560 illo
667 5505 830 5559 multa
852 5504 987 5560 bene
1008 5515 1289 5574 gesserunt
1311 5522 1372 5560 ac
1396 5507 1751 5576 perfecerunt.

168 5596 374 5654 Interim
407 5601 562 5656 illum
594 5614 784 5654 eruere
813 5599 1082 5653 volebant.

229 5692 279 5745 5.
315 5692 445 5747 \‘ide
474 5699 678 5761 quanta
710 5689 955 5760 discipuli
985 5707 1108 5761 erga
1143 5692 1442 5760 praecipuos
1473 5691 1757 5747 utebantur

163 5792 404 5836 curazat
461 5798 568 5836 non
621 5782 758 5835 sicut
807 5797 947 5836 nunc
991 5782 1144 5836 divisi
1195 5799 1418 5847 sumus;
1467 5783 1757 5838 dividimur

165 5885 381 5943 namque
411 5873 565 5944 parvi
593 5881 647 5926 et
674 5873 850 5943 magni
883 5890 895 5925 :
929 5875 1071 5928 inter
1110 5889 1205 5928 nos
1259 5875 1347 5928 alii
1396 5876 1750 5942 extolluntur,

165 5959 247 6017 alii
275 5964 551 6031 invident;
601 5962 828 6032 ideoque
857 5963 1123 6027 invident,
1160 5965 1280 6033 quia
1331 5981 1428 6021 nos
1480 5966 1750 6034 inﬂamur,

1091 523 1158 580 IN
1193 523 1374 582 ACTA
1421 507 1944 573 AI’OSTOLORUM.
1991 503 2220 558 IIOMIL
2265 496 2529 556 XXXVII.

3338 486 3409 540 ﬁt:
3430 493 3442 538 ς

1849 636 1947 676 nec
2001 611 2232 690 patitum'
2284 614 2567 686 aequaliter
2610 624 2771 682 agere
2819 623 2942 664 cum
2993 607 3116 662 illis.
3165 605 3367 660 Idcirco
3397 606 3448 659 iu

1844 727 2074 781 corpore
2121 717 2418 764 concentus
2457 715 2570 768 est,
2608 703 2731 773 quia
2782 717 2888 757 non
2932 709 3016 755 est
3055 698 3258 772 inflatio
3291 716 3304 752 :
3341 713 3448 751 non

1845 817 1930 864 est
1955 819 2130 861 autem
2162 805 2372 860 inﬂatio
2393 845 2409 870 ,
2443 801 2565 870 quia
2595 799 2673 855 sic
2703 797 2944 852 membra
2973 795 3234 866 disposita
3275 803 3402 847 sunt
3432 833 3448 856 ,

1848 907 1904 951 ut
1932 898 2071 952 aliud
2102 897 2208 950 alio
2238 908 2372 963 Opus
2406 893 2600 946 habeat
2627 908 2640 944 :
2674 898 2831 959 caput
2854 887 3078 960 pedibus
3108 900 3243 956 opus
3266 884 3448 950 habet,

1847 998 1900 1043 et
1929 987 2093 1058 pedes
2118 987 2315 1056 capite.
2345 985 2410 1039 Et
2436 984 2541 1038 hoc
2570 982 2724 1038 nobis
2762 981 2885 1036 fecit
2934 981 3106 1048 Deus,
3153 994 3328 1050 neque
3374 978 3453 1033 sic

1849 1083 2174 1137 sustinemus
2209 1097 2221 1131 :
2256 1086 2533 1149 Oporteret
2560 1077 2700 1131 enim
2729 1116 2744 1141 ,
2775 1075 2983 1130 etiamsi
3020 1075 3122 1128 hoc
3149 1090 3257 1128 non
3284 1082 3450 1138 esset,

1849 1177 2126 1230 caritatem
2157 1189 2298 1230 esse.
2330 1175 2523 1228 Annon
2557 1171 2753 1225 auditis
2777 1180 3031 1224 externos
3055 1210 3068 1234 ,
3101 1167 3190 1236 qui
3223 1181 3323 1220 nos
3358 1181 3452 1220 ca-

1852 1268 2206 1331 lmnniantur,
2241 1265 2458 1334 quando
2484 1263 2673 1318 dicunt
2705 1277 2719 1314 :
2766 1260 2938 1316 Utiles
2978 1258 3268 1314 amicitiae?
3306 1257 3451 1311 Laici

1854 1361 2010 1415 nobis
2042 1373 2178 1428 Opus
2208 1359 2441 1422 habent;
2493 1367 2591 1409 nos
2644 1369 2774 1409 vero
2815 1368 3028 1407 rursum
3073 1361 3293 1421 propter
3334 1351 3456 1405 illos

1853 1466 2057 1506 sumus.
2085 1450 2175 1506 Sic
2200 1466 2299 1504 nec
2346 1448 2538 1504 doctor
2583 1461 2683 1500 nec
2730 1446 2980 1515 princeps
3029 1453 3212 1506 esset.
3257 1443 3301 1497 si
3347 1456 3453 1497 non

1853 1544 2104 1600 adessent
2131 1541 2378 1612 discipuli
2405 1549 2459 1595 et
2486 1538 2710 1604 subditi,
2745 1551 2920 1606 neque
2950 1536 3192 1590 lacerent
3217 1551 3337 1606 qua:
3361 1549 3456 1590 sua

1855 1645 2023 1690 sunt:
2057 1649 2163 1689 non
2210 1633 2354 1688 enim
2407 1638 2648 1701 possent.
2697 1627 3160 1696 Quemadmodum
3212 1637 3266 1682 et
3295 1615 3456 1682 terra

1855 1727 2090 1799 agricola
2117 1768 2130 1792 ,
2164 1736 2218 1780 et
2247 1725 2481 1795 agricola
2529 1732 2670 1777 terra
2719 1736 2855 1792 opus
2897 1722 3098 1776 habet:
3128 1721 3197 1776 ita
3251 1733 3302 1776 et
3347 1721 3455 1775 hic.

1855 1821 2027 1888 Quam
2060 1819 2204 1873 enim
2238 1816 2544 1872 mercedem
2569 1815 2732 1870 habet
2758 1814 2949 1869 doctor
2972 1856 2984 1879 ,
3015 1815 3236 1884 quinon
3286 1826 3463 1884 potest

1863 1913 2150 1967 ostendere
2175 1911 2243 1966 ab
2270 1925 2328 1966 se
2355 1910 2582 1966 edoctos
2607 1909 2629 1961 ?
2659 1924 2817 1978 quam
2848 1908 2879 1961 ii
2914 1909 3002 1977 qni
3035 1907 3300 1963 docentur
3327 1951 3337 1970 ,
3373 1894 3461 1979 qui

1859 2021 1963 2059 non
1993 2005 2197 2074 Optima
2246 2005 2496 2058 fruuntur
2544 2001 2832 2055 doctrina?
2882 2001 3068 2072 Itaque
3103 2003 3240 2058 alter
3291 2005 3464 2059 altero

1859 2112 1993 2167 opus
2021 2096 2305 2160 habemus,
2338 2105 2392 2150 et
2422 2081 2692 2164 principes
2740 2092 3004 2160 subditis,
3056 2103 3110 2150 et
3154 2095 3258 2150 dux
3305 2099 3465 2153 obse-

1859 2189 2150 2260 quentibus
2184 2205 2198 2242 :
2232 2189 2506 2258 principes
2536 2203 2770 2256 namque
2801 2187 3095 2241 multorum
3122 2189 3291 2258 gratia
3316 2203 3462 2245 sunt.

1859 2282 2029 2335 Nemo
2060 2280 2203 2335 enim
2231 2278 2432 2336 sufficit
2458 2294 2553 2347 per
2579 2277 2814 2346 seipsum
2843 2277 3041 2346 aliquid
3068 2281 3280 2346 operari
3307 2324 3320 2346 ,
3354 2282 3468 2337 sive

1859 2379 2112 2434 ordinare
2138 2387 2422 2447 oporteat,
2457 2377 2570 2431 sive
2600 2376 2825 2430 consilia
2857 2387 2912 2430 et
2936 2376 3237 2430 sententias
3273 2375 3466 2445 explo-

1861 2487 1980 2525 rare
2007 2512 2021 2533 ,
2065 2470 2158 2524 sed
2207 2469 2585 2525 honoratiores
2633 2470 2704 2522 illi
2747 2479 2871 2523 sunt
2900 2485 2929 2524 a
2960 2481 3102 2524 coetu
3140 2480 3194 2524 et
3225 2469 3471 2524 multitu-

1861 2564 2008 2618 dine.
2036 2562 2280 2630 Exempli
2307 2562 2500 2632 gratia,
2531 2576 2798 2632 pauperes
2827 2560 3077 2614 dantibus
3107 2571 3263 2630 egent
3287 2547 3466 2626 ,dan—

1863 2666 1942 2710 tes
1989 2655 2394 2724 accipientibus.
2455 2653 2552 2708 Vos
2590 2664 2761 2706 mutuo
2808 2654 3218 2719 considerantes,
3271 2655 3464 2724 inquit,

1860 2747 1928 2799 ad
1959 2747 2307 2800 incitationem
2328 2747 2557 2800 caritatis
2588 2756 2634 2800 et
2662 2747 2910 2799 bonorum
2931 2762 3139 2815 operum
3167 2745 3350 2814 (Hebr.
3386 2746 3468 2802 lt).

1860 2838 1991 2908 2t).
2031 2837 2155 2893 Ideo
2188 2840 2336 2907 plura
2369 2846 2549 2908 potest
2578 2837 2837 2892 Ecclesia:
2864 2849 3075 2903 caelus;
3107 2847 3161 2893 et
3187 2839 3327 2908 quod
3360 2841 3472 2894 sin-

1861 2933 1966 3000 guli
1999 2948 2092 3002 per
2127 2949 2320 2986 senon
2360 2940 2622 3000 possunt,
2676 2946 2796 2984 cum
2845 2931 2971 2986 aliis
3012 2932 3182 3001 juncti
3223 2942 3470 3004 possunt.

1865 3026 1988 3078 Ideo
2017 3024 2106 3078 hic
2127 3024 2359 3078 maxime
2384 3025 2706 3078 necessaria:
2737 3033 2863 3077 sunt
2909 3039 3098 3093 preces
3150 3039 3248 3094 pro
3294 3027 3428 3082 orbe
3454 3069 3469 3092 ,

1866 3132 1961 3185 pro
1991 3116 2228 3170 Ecclesia
2259 3131 2379 3184 qua:
2407 3115 2460 3169 in
2490 3116 2686 3170 ﬁnibus
2717 3125 2803 3170 est
2828 3159 2842 3182 ,
2895 3133 2990 3186 pro
3043 3133 3172 3187 pace
3199 3161 3214 3185 ,
3267 3135 3365 3188 pro
3409 3121 3474 3174 iis

1864 3208 1952 3274 qui
1995 3207 2198 3260 suntin
2225 3206 2552 3260 calamitate.
2587 3207 2650 3260 Et
2701 3206 2804 3260 hoc
2855 3209 3049 3262 Paulus
3100 3210 3337 3277 indicat,
3386 3212 3472 3266 di-

1865 3315 1993 3352 cens
2027 3317 2039 3352 :
2080 3298 2145 3352 lit
2179 3300 2326 3370 ejus,
2358 3316 2471 3370 qua:
2500 3299 2552 3352 in
2582 3301 2724 3352 nobis
2756 3311 2861 3366 est,
2916 3303 3207 3357 donationis
3259 3306 3309 3358 in
3357 3323 3475 3375 per-

1864 3394 2000 3443 sonis
2029 3390 2200 3442 multis
2233 3407 2322 3458 per
2352 3391 2540 3443 multos
2569 3393 2750 3461 gratia:
2778 3401 2999 3461 agantur
3047 3411 3139 3464 pro
3191 3396 3335 3451 nobis
3380 3399 3397 3468 (
3415 3399 3471 3453 2.

1864 3482 1984 3537 Cor.
2022 3484 2072 3537 I.
2108 3484 2167 3536 il
2198 3485 2239 3552 ).
2275 3483 2387 3536 Iloe
2417 3491 2516 3547 est,
2553 3493 2607 3536 ut
2640 3484 2823 3536 multis
2852 3486 3020 3554 gratia
3049 3489 3378 3544 conferatur.
3400 3494 3476 3547 Ac

1866 3591 2009 3646 smpe
2041 3576 2252 3630 illorum
2288 3591 2473 3645 preces
2506 3577 2750 3646 requirit.
2787 3577 2918 3632 Vide
2960 3579 3086 3648 quid
3133 3581 3277 3636 dicat
3331 3584 3474 3639 Deus

1866 3679 1920 3724 et
1953 3669 2198 3722 Ninivitis
2231 3687 2242 3721 :
2287 3668 2396 3736 Ego
2420 3685 2537 3721 erro
2567 3685 2666 3721 non
2697 3686 2904 3738 parcam
2935 3671 3063 3737 urbi,
3100 3675 3186 3726 ubi
3214 3686 3332 3730 sunt
3360 3680 3476 3748 plus

1867 3777 2017 3830 quam
2044 3770 2246 3814 centum
2272 3760 2449 3830 viginti
2478 3760 2640 3813 millia
2674 3760 2833 3831 (Jan.
2870 3763 2922 3815 4.
2959 3764 3018 3817 ll
3049 3766 3108 3836 )?
3144 3765 3244 3820 Ubi
3274 3769 3374 3822 duo
3399 3773 3484 3826 vel

1867 3863 1995 3916 tres,
2029 3853 2235 3922 inquit,
2267 3854 2560 3922 congregati
2591 3853 2778 3919 fuerint
2801 3854 2853 3906 in
2882 3857 3084 3909 nomine
3111 3875 3239 3922 meo,
3274 3859 3343 3912 ibi
3365 3879 3476 3915 sum

1868 3948 1919 3998 in
1954 3945 2118 4000 medio
2146 3961 2318 3997 eorum
2349 3944 2366 4015 (
2394 3944 2585 3996 Matth.
2616 3946 2704 4018 18.
2737 3945 2809 3999 20
2829 3945 2867 4017 ).
2904 3947 2960 4001 Si
2989 3957 3165 4002 autem
3199 3949 3305 4005 duo
3336 3955 3476 4007 mul-

1871 4048 1979 4092 tum
2011 4048 2277 4107 possunt,
2307 4047 2509 4107 quanto
2547 4019 2716 4107 magis
2763 4041 2978 4108 plures?
3023 4039 3076 4095 Si
3133 4059 3263 4098 vero
3313 4047 3474 4100 etiam

1870 4145 2006 4182 unus
2040 4129 2242 4198 possit;
2289 4138 2343 4181 at
2389 4143 2493 4182 non
2543 4130 2845 4198 aequaliter.
2889 4129 2996 4184 Cur
3047 4148 3184 4186 unus
3225 4135 3329 4188 es?
3382 4151 3477 4191 cor

1869 4221 2068 4274 multos
2098 4237 2204 4278 non
2233 4219 2410 4274 facis?
2439 4237 2534 4274 cur
2563 4236 2666 4275 non
2721 4237 2779 4277 es
2822 4239 3010 4279 auetor
3050 4227 3293 4282 caritatis
3317 4229 3344 4281 ?
3383 4246 3478 4285 cur

1871 4332 1974 4370 non
2009 4315 2300 4369 amicitiam
2334 4315 2536 4384 paras?
2565 4315 2847 4370 Maximam
2875 4318 3089 4372 virtutis
3116 4320 3327 4376 Iaudem
3369 4339 3475 4378 non

1871 4407 2060 4462 habes.
2097 4406 2247 4461 Sicut
2278 4406 2422 4460 enim
2453 4420 2574 4459 cum
2601 4421 2664 4460 ex
2697 4417 2852 4476 pacto
2881 4409 3007 4463 mali
3051 4421 3178 4466 sunt
3216 4413 3431 4482 quidam
3459 4458 3473 4482 ,

1872 4497 2044 4566 magis
2075 4497 2292 4550 irritant
2340 4495 2548 4548 Deum:
2585 4495 2664 4550 sic
2707 4497 2758 4549 in
2801 4499 3092 4554 concordia
3136 4501 3307 4559 bonos
3353 4521 3477 4561 esse

1869 4591 2040 4658 magis
2072 4589 2330 4651 oblectat.
2366 4587 2488 4642 Non
2517 4589 2634 4654 eris,
2669 4589 2870 4660 inquit,
2906 4609 3019 4646 cum
3057 4596 3228 4650 multis
3267 4598 3318 4651 in
3367 4616 3474 4654 ina-

1872 4683 1976 4735 lum
2012 4681 2224 4752 (Exod.
2259 4681 2351 4736 95.
2381 4681 2474 4753 Ξ).
2515 4685 2700 4737 Omnes
2726 4684 3139 4756 declinaverunt,
3172 4690 3324 4746 simul
3355 4694 3474 4749 inu-

1870 4775 1980 4827 tiles
2008 4776 2132 4844 facti
2153 4784 2267 4828 sunt
2298 4773 2482 4842 (Psal.
2523 4775 2604 4828 15.
2641 4775 2709 4846 '5)
2738 4818 2750 4837 ,
2784 4787 2836 4831 et
2866 4778 2990 4833 facti
3022 4791 3148 4837 sunt
3173 4788 3321 4854 quasi
3345 4803 3473 4843 can-

1872 4875 2045 4920 tantes
2078 4867 2128 4919 in
2160 4865 2396 4933 nequitia
2431 4881 2548 4919 sua.
2581 4866 2718 4920 Para
2748 4868 2840 4922 tibi
2892 4872 3094 4926 amicos
3137 4889 3244 4944 pra:
3285 4877 3472 4935 dome-

1869 4958 2041 5019 sticis,
2074 4971 2183 5026 prce
2211 4957 2331 5009 aliis
2360 4957 2631 5012 omnibus.
2665 4956 2718 5012 Si
2756 4959 3028 5029 pacificus,
3063 4973 3145 5018 est
3168 4965 3307 5029 ﬁlius
3335 4971 3426 5026 Dei
3457 4992 3468 5027 :

1868 5059 2069 5116 quanto
2099 5047 2266 5118 magis
2298 5049 2340 5101 is
2365 5049 2451 5117 qui
2482 5050 2748 5103 amicitias
2771 5056 2966 5119 parat?
2995 5055 3037 5107 si
3069 5056 3111 5109 is
3140 5058 3229 5125 qui
3276 5076 3471 5119 rccon.

1869 5140 2043 5204 (mm,
2081 5140 2219 5192 unus
2266 5139 2357 5192 υρὶ
2406 5149 2629 5194 vocatur
2662 5157 2674 5192 :
2709 5143 2797 5210 qui
2844 5140 3220 5202 reconciliatos
3265 5155 3471 5210 amicos

1873 5231 2023 5297 facit,
2059 5246 2164 5300 quo
2199 5247 2305 5284 non
2333 5232 2434 5284 erit
2465 5231 2658 5300 dignus
2705 5233 2974 5287 munere?
3020 5236 3166 5292 IIanc
3210 5239 3469 5302 faciamus

1872 5325 2284 5394 negotiationem
2318 5341 2330 5374 :
2364 5324 2612 5380 inimicos
2661 5337 2844 5380 mutuo
2892 5330 3093 5386 amicos
3140 5335 3468 5408 reddamus;

1869 5427 1921 5471 et
1943 5431 2036 5470 eos
2058 5415 2150 5484 qui
2176 5429 2274 5470 nec
2306 5415 2505 5470 inimici
2535 5433 2634 5471 nec
2662 5419 2820 5473 amici
2862 5432 2986 5476 Sunt
3030 5439 3424 5500 congregemus
3452 5475 3465 5498 ,

1868 5518 1921 5562 et
1967 5517 2089 5560 ante
2117 5522 2306 5561 omnes
2335 5552 2347 5572 ,
2382 5509 2761 5577 nosmetipsos.
2809 5511 3276 5579 Quemadmodum
3325 5525 3468 5578 enim

1866 5601 1953 5670 qui
1982 5599 2126 5653 domi
2155 5601 2484 5655 inimicitiam
2520 5602 2715 5670 habet,
2750 5615 2949 5660 etcum
3009 5626 3176 5666 uxore
3217 5629 3313 5668 sua
3355 5617 3472 5673 dis-

1867 5692 2034 5754 sidet,
2068 5707 2171 5743 non
2200 5699 2280 5744 cst
2309 5690 2410 5751 title
2457 5691 2650 5761 dignus
2691 5705 2746 5748 ut
2795 5697 2928 5752 alios
2978 5703 3326 5770 reconciliet,
3372 5708 3465 5762 sed

1866 5783 2046 5836 audiet
2076 5801 2087 5837 :
2126 5780 2358 5848 Medica,
2398 5800 2520 5836 cura
2549 5786 2763 5852 teipsum
2819 5789 2985 5856 (Luc.
3018 5793 3069 5845 4.
3097 5792 3201 5863 9.5)
3236 5811 3248 5847 :
3284 5797 3362 5850 sie
3411 5811 3466 5851 et

1867 5877 1966 5930 iste.
1997 5874 2199 5928 audiet.
2228 5874 2355 5940 Qua:
2387 5876 2547 5944 igitur
2574 5878 2730 5932 nobis
2769 5891 2851 5935 est
2896 5883 3211 5939 inimicitia?
3251 5889 3462 5944 Anima:

1865 5982 1984 6021 c'ittt
2023 5981 2268 6032 corpore,
2300 5968 2514 6022 malilim
2538 5985 2655 6023 cum
2691 5973 2906 6028 virtute.
2951 5975 3096 6030 Ilanc
3138 5978 3415 6033 solvamus
3446 6023 3459 6048 ,
