4076 6522
666 514 757 570 ἰεῦ

668 632 769 683 hoc
799 626 1044 681 tollamus
1068 619 1294 684 bellum;
1324 626 1379 673 et
1405 625 1529 671 tunc
1561 627 1679 669 cum
1727 624 1857 681 pace
1908 609 2043 663 alios
2087 605 2223 661 allo-

659 732 880 789 quemur
909 725 961 770 et
1002 727 1123 768 cum
1171 710 1334 765 multa
1381 706 1600 769 ﬁducia,
1652 717 1758 757 non
1806 707 2089 756 accusante
2127 711 2228 753 nos

668 788 989 867 conscientia
1018 812 1217 857 nostra.
1250 800 1453 869 Pugnat
1492 798 1568 850 ira
1611 808 1731 849 cum
1779 788 2185 848 mansuetudine
2206 828 2223 855 ,

661 908 851 969 pugnat
871 896 1211 968 pecuniarum
1229 905 1378 944 amor
1400 901 1518 943 cum
1540 885 1771 954 ipsarum
1787 889 2107 949 contemptu,
2128 893 2225 948 pu—

656 1003 781 1063 gnat
811 988 1003 1043 invidia
1031 1001 1151 1041 cum
1182 982 1520 1052 benignitate.
1558 976 1668 1031 lloc
1694 975 1959 1030 solvamus
1984 969 2181 1063 bellum
2193 1010 2207 1033 ,

658 1059 755 1137 hos
778 1080 1087 1149 dejiciamus
1111 1074 1352 1129 inimicos
1376 1112 1392 1138 ,
1424 1069 1539 1124 haec
1567 1068 1836 1137 erigamus
1883 1071 2080 1131 tropaa
2106 1102 2121 1127 ,
2168 1059 2220 1114 in

665 1170 883 1226 civitate
936 1177 1113 1223 nostra
1156 1162 1337 1234 pacem
1385 1159 1747 1216 conciliemus.
1791 1154 1989 1210 Civitas
2028 1151 2223 1223 quippe

660 1264 813 1319 nobis
841 1270 996 1317 esth
1030 1253 1440 1319 administratio,
1474 1261 1529 1307 et
1549 1249 1692 1305 cives
1707 1254 1761 1302 et
1784 1242 2219 1302 extrancimulti:

667 1355 759 1411 sed
791 1351 1185 1424 peregrinorum
1218 1345 1531 1416 cjectioncm
1573 1339 1865 1403 faciamus,
1916 1344 1973 1391 ut
2018 1349 2085 1389 nc
2128 1334 2222 1388 do—

659 1444 859 1499 tttcslit'i
888 1448 1310 1509 corrumpantur.
1338 1434 1447 1490 Nec
1472 1432 1703 1487 alienum
1734 1444 1831 1484 nec
1858 1429 2078 1483 nothum
2124 1425 2221 1479 do-

654 1552 773 1607 gma
800 1532 1156 1601 ingrediatur,
1186 1527 1432 1595 nullaque
1460 1521 1687 1579 carnalis
1717 1519 1996 1575 sententia.
2026 1518 2217 1571 Annon

654 1628 892 1684 videmus
913 1622 1206 1696 quomodo,
1240 1620 1283 1676 si
1306 1621 1422 1691 quis
1443 1616 1689 1672 inimicus
1718 1614 1769 1668 in
1794 1612 2009 1667 urbibus
2038 1611 2217 1679 capia-

655 1732 773 1786 tur,
826 1718 977 1790 quasi
1023 1716 1324 1785 explorator
1381 1707 1683 1781 judicatur?
1731 1707 1869 1777 Ergo
1912 1703 2217 1776 peregrinos

652 1813 951 1881 cjiciamus;
986 1810 1090 1863 imo
1120 1819 1223 1861 non
1252 1802 1559 1874 peregrinos
1590 1799 1747 1855 modo
1770 1838 1784 1861 ,
1814 1796 1906 1853 sed
1932 1796 2089 1851 etiam
2114 1792 2217 1847 ini-

652 1904 838 1957 micas.
866 1901 919 1957 Si
947 1913 1100 1969 quem
1130 1896 1403 1951 videamus
1429 1933 1443 1957 ,
1478 1892 1747 1946 tradamus
1778 1886 1998 1958 principi
2027 1883 2212 1950 menti,

651 1993 1046 2062 cogitationem,
1076 1986 1356 2042 barbaram
1386 1984 1621 2053 quidem,
1653 1980 1743 2035 sed
1773 1978 1911 2034 civili
1938 1986 2085 2031 veste
2129 1975 2215 2028 in-

651 2083 852 2137 dutam.
882 2079 1060 2136 Multa:
1085 2089 1313 2145 namque
1334 2073 1491 2127 nobis
1521 2071 1703 2126 insunt
1730 2067 2076 2137 cogitationes
2120 2063 2215 2116 hu-

644 2171 876 2243 jusmodi
903 2212 917 2235 ,
948 2179 1131 2223 natura
1159 2164 1368 2232 quidem
1394 2160 1620 2216 inimicm
1646 2201 1660 2224 ,
1708 2157 1801 2213 sed
1849 2156 1969 2209 ovili
2015 2154 2213 2209 vellere

652 2262 865 2317 indultu.
914 2254 1369 2326 Quemadmodum
1412 2260 1466 2306 ct
1515 2250 1726 2313 Persae,
1777 2248 1983 2303 sublata
2040 2246 2211 2309 tiara,
2250 2296 2260 2303 ,

650 2352 853 2407 braccis
890 2348 1187 2416 calceisque
1226 2342 1517 2399 barbaricis
1542 2381 1557 2405 ,
1613 2346 1761 2394 veste
1808 2338 1963 2393 nobis
2019 2336 2211 2390 usitata

650 2442 841 2507 induti,
868 2453 1090 2507 corpore
1120 2436 1223 2491 rasi
1251 2476 1266 2500 ,
1312 2443 1367 2489 et
1415 2432 1569 2487 nobis
1613 2438 1863 2487 consueta
1909 2428 2084 2497 lingua
2134 2425 2214 2480 lo-

646 2541 865 2603 quentes
886 2569 901 2592 .
933 2527 1113 2582 habitu
1142 2525 1334 2580 bellum
1366 2522 1671 2585 occultant;
1704 2518 1797 2574 scd
1849 2520 1892 2572 si
1942 2525 2208 2571 tormenta

644 2621 820 2676 statim
847 2617 1150 2673 adhibueris
1174 2658 1188 2682 ,
1218 2630 1338 2670 eum
1368 2614 1456 2684 qui
1488 2612 1616 2667 latet
1646 2610 1955 2665 manifestas
1989 2625 2003 2661 :
2036 2606 2209 2663 itahic

644 2710 823 2772 facito.
852 2710 985 2763 hanc
1012 2705 1384 2777 cogitationem
1409 2702 1599 2758 millies
1632 2702 1847 2771 explora
1876 2740 1890 2763 ,
1923 2709 1973 2753 et
1996 2701 2101 2754 cito
2129 2699 2209 2753 vi-

644 2804 792 2858 debis
819 2800 1155 2856 barbaricum
1184 2811 1421 2853 sensum.
1452 2795 1522 2851 Ut
1549 2804 1724 2849 autem
1767 2792 1919 2847 vobis
1962 2792 2207 2863 exemplo

643 2900 931 2949 munstrem
980 2887 1281 2957 huiusmodi
1319 2886 1717 2955 exploratores,
1762 2899 1897 2954 quos
1944 2885 2207 2939 submittit

640 2981 914 3049 diabolus,
949 2989 1005 3035 ut
1041 2989 1219 3035 nostra
1246 2976 1562 3047 dispiciant;
1596 2989 1896 3047 age,unum
1941 2988 2201 3031 exuamus

1389 504 1446 561 Β.
1480 498 1751 559 JOANNIS
1785 488 2250 554 CIIRYSOSTOMI
2288 489 2602 547 AnClllEP.
2642 489 3175 549 CONSTAR'TINOP.

3802 488 3905 541 268

2331 614 2386 660 et
2409 605 2474 660 ad
2501 602 2729 660 tribunal
2774 602 3056 674 diligenter
3082 603 3465 658 esamiuemus
3497 619 3511 655 :
3541 611 3598 657 et
3637 602 3683 657 si
3732 602 3905 673 plamt

2328 696 2583 768 quosdam
2608 710 2672 751 ex
2704 695 2769 750 iis
2792 736 2805 759 ,
2838 710 2973 766 quos
2998 695 3192 751 Paulus
3218 691 3648 765 deprehenderat
3672 735 3687 759 ,
3739 694 3906 750 addu-

2331 802 2511 843 camus
2541 804 2555 839 :
2589 786 2715 853 Qua:
2738 797 2889 851 sunt,
2922 788 3119 857 inquit,
3144 786 3388 841 rationem
3430 786 3629 852 quidem
3673 785 3904 839 habentia

2327 877 2584 946 sapientia:
2607 878 2659 929 in
2687 877 3040 946 superstitione
3064 886 3110 931 et
3139 876 3419 929 humilitate
3445 884 3491 929 et
3532 892 3633 929 non
3675 875 3746 930 ad
3788 892 3907 943 par:-

2327 967 2537 1021 cendum
2562 966 2761 1037 corpori
2780 1007 2793 1028 .
2827 983 2926 1019 non
2953 967 3004 1019 in
3035 966 3226 1020 honore
3268 966 3440 1035 aliqua
3480 966 3548 1019 ad
3588 967 3905 1021 saturitatem

2326 1057 2493 1109 carnis
2523 1054 2670 1126 (Col.
2701 1055 2757 1109 2.
2787 1055 2921 1125 23).
2954 1054 3196 1124 Exempli
3226 1069 3385 1109 causa
3415 1073 3428 1109 :
3454 1055 3782 1124 judaismum
3808 1072 3907 1112 vo-

2328 1147 2468 1203 lebat
2491 1147 2733 1203 diabolus
2762 1148 3051 1213 inducere;
3086 1149 3262 1217 itaque
3290 1147 3336 1202 si
3368 1148 3537 1217 ipsum
3570 1163 3666 1217 per
3712 1164 3775 1203 se
3828 1149 3911 1203 in-

2325 1238 2563 1305 duceret,
2598 1253 2703 1293 non
2737 1238 3098 1307 persuaderet.
3128 1236 3262 1293 Vide
3289 1236 3448 1308 igitur
3467 1237 3735 1307 quomodo
3759 1238 3910 1293 illum

2324 1328 2621 1398 apparavit.
2670 1327 2929 1397 Oportet,
2982 1327 3188 1397 inquit,
3237 1326 3509 1382 abstinere
3536 1341 3752 1397 corpus.
3796 1327 3913 1385 lloc

2327 1420 2658 1491 philosophia
2687 1429 2769 1475 est
2792 1459 2806 1483 ,
2836 1434 2944 1473 non
2972 1418 3254 1474 admittere
3278 1419 3457 1474 cibum
3484 1460 3499 1486 ,
3530 1418 3624 1473 sed
3671 1433 3867 1475 cavere
3892 1436 3908 1485 ;

2327 1510 2432 1565 hoc
2460 1510 2728 1564 humilitas
2757 1517 2858 1565 est.
2890 1509 2956 1563 Et
2983 1524 3125 1564 nunc
3151 1508 3276 1564 item
3305 1524 3426 1563 cum
3460 1509 3728 1563 hazreticis
3754 1511 3910 1564 vole-

2323 1603 2413 1658 bat
2438 1617 2536 1659 nos
2558 1602 2624 1657 ad
2646 1611 2945 1656 creaturam
2974 1600 3262 1655 deducere.
3283 1599 3417 1653 Vide
3447 1599 3608 1669 igitur
3631 1600 3908 1669 quomodo

2322 1694 2502 1750 dolum
2529 1694 2756 1764 paravit.
2789 1691 2845 1748 Si
2870 1694 3112 1759 dixisset,
3143 1692 3453 1747 Creaturam
3478 1690 3639 1746 adora
3666 1732 3680 1756 ,
3710 1702 3910 1764 captus

2322 1784 2544 1852 fuisset;
2579 1786 2671 1841 sed
2702 1784 2831 1855 quid
2858 1785 2976 1843 ait't
3008 1785 3146 1840 Deus
3174 1791 3388 1838 creatus
3415 1794 3516 1838 est.
3561 1782 3667 1837 Sed
3705 1784 3907 1840 nudam

2323 1877 2911 1949 exponamusjudicum
2945 1875 3154 1930 calculo
3198 1873 3596 1943 Scripturarum
3640 1875 3908 1943 apostoli-

2322 1986 2502 2026 carum
2551 1969 2908 2033 sententiam;
2961 1967 3053 2021 illo
3101 1966 3358 2021 ducamus
3397 1980 3519 2019 eum
3551 1982 3566 2020 :
3596 1966 3698 2036 ipsi
3739 1981 3909 2037 agno-

2320 2079 2467 2126 scent
2520 2078 2572 2125 et
2624 2068 3058 2139 praedicationem
3131 2075 3183 2120 ct
3224 2064 3513 2133 loquelam.
3568 2060 3713 2115 Multi
3756 2060 3907 2115 lucra

2320 2160 2611 2224 luerantur,
2639 2166 2697 2213 ut
2724 2157 2958 2212 habeant
2995 2153 3135 2224 quod
3178 2154 3305 2207 dent
3340 2150 3662 2221 pauperibus
3684 2190 3703 2217 ,
3754 2148 3905 2204 lucra

2321 2252 2512 2319 injnsta
2545 2268 2557 2303 :
2584 2259 2638 2305 et
2668 2248 2784 2304 haec
2809 2247 3057 2318 cogitatio
3080 2259 3239 2315 prava
3265 2252 3368 2297 est.
3402 2241 3508 2296 Sed
3538 2254 3906 2295 exoneretnus

2320 2342 2486 2407 illam,
2515 2340 2873 2406 confutemus,
2908 2347 2966 2392 ut
2997 2353 3061 2392 nc
3092 2336 3367 2406 capiamur
3393 2351 3407 2401 ;
3442 2334 3538 2388 sed
3565 2348 3759 2389 omnes
3782 2332 3905 2387 dia-

2321 2436 2425 2491 boli
2456 2435 2729 2488 machinas
2764 2432 3115 2502 eﬂ‘ugicnlcs,
3158 2428 3428 2499 possimus
3463 2440 3593 2480 sana
3642 2425 3898 2495 dogmata

2319 2535 2533 2579 strenue
2560 2525 2871 2588 retinentes,
2902 2535 3088 2575 secure
3117 2526 3440 2588 praesentem
3487 2516 3784 2583 transigere
3824 2516 3905 2568 vi-

2318 2626 2456 2680 tam,
2488 2625 2541 2671 ct
2572 2616 2833 2684 promissa
2867 2613 3121 2681 consequi
3147 2612 3285 2665 bona
3310 2652 3324 2677 ,
3355 2609 3522 2679 gratia
3566 2615 3622 2662 ct
3655 2606 3904 2675 benigni-

2316 2717 2425 2764 tate
2455 2707 2659 2762 Domini
2688 2706 2855 2759 nostri
2882 2704 3009 2759 Jcsu
3036 2702 3259 2769 Christi,
3290 2702 3504 2771 quicum
3530 2698 3673 2753 Patri
3703 2708 3757 2752 ct
3780 2697 3903 2767 Spi-

2316 2800 2440 2856 ritui
2477 2807 2662 2853 sancto
2700 2796 2891 2867 gloria,
2926 2795 3208 2863 imperium
3239 2834 3253 2857 ,
3285 2792 3492 2856 honor,
3515 2803 3658 2845 nunc
3682 2798 3738 2846 ct
3762 2805 3905 2844 sem-

2354 2908 2431 2960 er,
2464 2890 2595 2947 etin
2622 2889 2822 2945 saecula
2851 2887 3191 2944 saeculorum.
3233 2886 3424 2941 Amen.

639 3116 3875 3141 Μ

1976 3202 2148 3264 ΗΟΜ
2160 3203 2319 3264 ILIA
2365 3202 2725 3264 XXXVIII.

636 3350 761 3404 Car.
815 3350 902 3404 17.
967 3364 1018 3401 v.
1080 3346 1167 3402 16.
1227 3344 1423 3399 Paulus
1485 3355 1648 3398 autem
1693 3358 1805 3396 cum
1868 3342 2074 3395 Athenis
2122 3359 2205 3397 eos

705 3449 1004 3511 exspectaret
1028 3478 1044 3504 ,
1091 3438 1389 3491 incitabatur
1417 3437 1622 3504 spiritus
1652 3436 1759 3503 ejus
1803 3435 1855 3487 in
1898 3449 1957 3487 eo
1982 3475 1997 3499 ,
2032 3434 2203 3489 videns

706 3529 1005 3583 idololatria:
1034 3528 1253 3581 deditam
1278 3527 1546 3581 civitatem.
1580 3525 1667 3579 l7.
1714 3524 2013 3594 Disputabat
2051 3526 2205 3594 igitur

707 3624 758 3674 in
790 3636 1043 3690 synagoga
1069 3635 1181 3671 cum
1205 3616 1401 3671 Iudicis
1426 3627 1472 3669 et
1498 3616 1795 3682 colentibus,
1827 3625 1873 3669 et
1901 3616 1954 3669 in
1979 3617 2092 3687 {ora
2117 3632 2206 3685 per

706 3711 1004 3763 ontnes'dies
1032 3725 1146 3762 cum
1172 3708 1234 3761 iis
1262 3706 1348 3776 qui
1371 3706 1601 3759 aderant.

708 3802 758 3855 ι.
803 3799 995 3853 Paulus
1022 3807 1233 3868 quantas
1259 3813 1290 3849 a
1313 3794 1510 3849 Judazis
1541 3796 1833 3850 tentationcs
1862 3795 2088 3850 habuerit
2115 3837 2128 3860 ,
2158 3803 2204 3850 et

632 3900 870 3963 quantum
892 3891 1041 3961 fuerit
1058 3906 1088 3942 a
1108 3890 1240 3958 fastu
1260 3887 1702 3942 alienus.-——Vide
1730 3888 1947 3942 Paulum
1974 3889 2203 3958 majores

636 4001 665 4038 a
694 3984 891 4040 ludatis
915 4024 929 4047 ,
973 3995 1128 4051 quam
1169 3995 1198 4034 a
1227 3979 1514 4049 gentilibus
1551 3980 1870 4034 tcntatioues
1896 3980 2201 4035 habentem.

636 4074 855 4127 Athenis
881 4072 1021 4126 enim
1056 4070 1181 4124 nihil
1215 4069 1321 4123 tale
1350 4069 1568 4139 patitur,
1595 4068 1688 4124 sed
1718 4084 1805 4124 res
1832 4077 1937 4123 tota
1962 4071 2011 4123 in
2038 4072 2201 4125 risum

636 4165 824 4229 cessit,
858 4162 1061 4217 etiamsi
1084 4162 1289 4230 aliquos
1317 4161 1672 4230 persuaserit;
1702 4161 1839 4230 apud
1864 4160 2075 4216 Iudaeos
2104 4178 2201 4216 au-

637 4264 741 4309 tem
765 4254 923 4306 ntttlta
943 4254 1122 4321 gravia
1147 4270 1159 4305 :
1188 4250 1319 4305 adeo
1336 4259 1487 4305 erant
1508 4251 1713 4305 irritati.
1733 4249 1856 4306 Ideo
1878 4252 1980 4305 ait:
2008 4250 2202 4307 Paulus

637 4354 799 4397 autem
830 4360 938 4396 cum
968 4342 1173 4395 Athenis
1203 4357 1285 4394 eos
1313 4350 1638 4410 exspectaret,
1672 4342 1971 4395 incitabatur
1996 4343 2202 4411 spiritus

639 4438 745 4505 ejus
769 4437 821 4487 in
848 4450 905 4487 eo
926 4474 939 4499 ,
980 4432 1149 4485 videns
1174 4432 1476 4485 idololatria:
1502 4431 1721 4484 deditam
1761 4432 2027 4485 civitatem.
2074 4433 2201 4488 Jure

639 4523 889 4578 incitatur
916 4541 928 4577 :
974 4536 1230 4592 nusquam
1259 4521 1400 4575 enim
1430 4529 1507 4575 tot
1535 4520 1673 4575 idola
1703 4522 1883 4578 videre
1910 4532 2044 4578 erat.
2080 4522 2201 4577 Dis-

642 4616 848 4687 putabat
874 4615 1031 4685 igitur
1059 4616 1111 4667 in
1137 4629 1391 4684 synagoga
1417 4630 1529 4666 cum
1552 4611 1747 4668 Iudwis
1774 4623 1819 4667 et
1843 4615 2133 4679 colentibus,
2158 4626 2203 4669 et

641 4708 692 4760 in
713 4710 821 4777 foro
843 4721 928 4774 per
949 4721 1118 4757 omnes
1144 4705 1248 4757 dies
1273 4702 1340 4755 ad
1356 4719 1437 4756 eos
1458 4704 1539 4772 qui
1561 4704 1790 4757 aderant.
1841 4702 1989 4768 Vide,
2015 4704 2201 4757 iterum

642 4815 758 4854 cum
804 4796 1001 4851 Jndmis
1052 4796 1298 4859 disserit,
1328 4794 1560 4863 undique
1595 4808 1686 4847 ora
1716 4794 2069 4863 comprimens
2106 4808 2203 4849 eo-

642 4904 758 4944 rum
783 4928 799 4954 ,
830 4888 918 4957 qui
948 4887 1185 4941 dicerent
1223 4887 1392 4955 ipsum
1433 4885 1631 4939 relictis
1663 4884 1857 4939 inda-is
1885 4885 1950 4939 ad
1980 4885 2205 4955 gentiles

641 4996 698 5037 se
715 4980 1058 5035 canvertisse.
1081 4978 1265 5031 Mirum
1281 4977 1420 5045 quod
1442 4976 1736 5046 philosotihi
1754 4979 1830 5031 sic
1849 4977 1939 5032 illo
1956 4978 2203 5047 loquente

642 5088 747 5127 non
787 5072 962 5125 statim
988 5067 1272 5123 deriserint
1296 5083 1414 5121 eum
1441 5083 1558 5121 cum
1586 5069 1933 5133 contumelia,
1971 5084 2139 5139 neque
2170 5083 2200 5123 a

640 5159 1013 5235 praedicatione
1027 5159 1332 5223 resilieriut,
1348 5157 1605 5212 dicentes:
1625 5158 1811 5212 Procul
1830 5159 1927 5212 hoc
1946 5168 2026 5213 cst
2042 5176 2066 5211 a
2088 5159 2203 5228 phi-

638 5250 897 5319 losophia.
933 5247 1063 5314 Quia
1093 5248 1223 5301 nihil
1252 5246 1417 5301 fastus
1457 5247 1721 5302 habebat:
1754 5248 1985 5316 alioquin
2024 5260 2200 5304 autem

637 5343 774 5396 dicta
804 5355 900 5394 nec
929 5338 1227 5407 capiebant,
1249 5352 1343 5391 nec
1363 5337 1742 5407 intelligebant.
1764 5338 2039 5404 Quomodo
2060 5340 2198 5393 enim

638 5430 1021 5486 intellexissent
1046 5468 1060 5491 ,
1110 5442 1227 5481 cum
1256 5428 1343 5480 alii
1377 5427 1538 5481 Deum
1570 5442 1687 5482 esse
1712 5443 1905 5497 corpus
1930 5470 1945 5493 ,
1986 5430 2072 5482 alii
2106 5444 2200 5484 vo-

635 5524 886 5589 luptatem
914 5535 1032 5573 esse
1058 5518 1362 5573 felicitatem
1386 5518 1658 5572 dicerent?
1679 5520 1761 5574 l8.
1796 5520 2012 5586 Quidam
2033 5530 2201 5573 autem

640 5612 871 5685 Epicurei
896 5621 941 5663 et
970 5610 1128 5665 Stoici
1158 5611 1463 5664 disserebant
1491 5626 1605 5663 cum
1632 5627 1689 5664 eo
1709 5652 1722 5676 ,
1756 5622 1802 5665 et
1828 5613 2030 5681 quidam
2058 5612 2197 5666 dice-

639 5704 753 5756 bant
778 5718 798 5757 :
843 5701 978 5766 Quid
1006 5701 1106 5754 vult
1136 5701 1503 5756 seminiverbius
1536 5701 1627 5755 iste
1668 5702 1869 5757 dicere?
1908 5703 2010 5757 Alii
2047 5719 2160 5757 vero
2184 5744 2199 5767 ,

643 5790 897 5845 Novarum
938 5792 1297 5844 damoniorum
1325 5793 1519 5847 videtur
1550 5794 1874 5847 annuntiator
1907 5812 2045 5856 esse;
2085 5795 2202 5863 quia

630 5880 799 5935 ..10311111
837 5892 880 5936 τι
922 5882 1329 5937 resurrectionem
1373 5886 1701 5939 annuntiabat
1725 5887 1815 5939 eis.
1855 5885 1983 5941 Nam
2023 5902 2202 5942 resur-

2316 3346 2604 3400 rectionem
2635 3345 2793 3401 deum
2820 3346 3103 3417 quemdam
3134 3361 3253 3401 esse
3280 3346 3531 3415 putabant
3556 3388 3569 3413 ,
3600 3355 3783 3416 utpote
3802 3359 3895 3399 so-

2309 3432 2387 3488 liti
2414 3433 2637 3488 l‘cminas
2668 3435 2867 3489 colere.
2896 3436 2984 3490 19.
3013 3436 3080 3489 Et
3107 3437 3474 3506 apprehensum
3504 3452 3617 3490 eum
3644 3436 3714 3489 ad
3742 3438 3896 3490 Areo-

2311 3542 2494 3605 pagum
2520 3526 2774 3580 duxerunt
2792 3568 2806 3591 ,
2840 3527 3060 3582 dicentes
3078 3544 3096 3581 :
3116 3528 3391 3582 Possumus
3411 3530 3539 3582 scire
3559 3543 3673 3596 qua:
3698 3539 3771 3581 est
3798 3530 3896 3581 ista

2310 3632 2456 3680 nova,
2487 3633 2600 3685 quat
2624 3633 2655 3669 a
2684 3627 2730 3670 te
2756 3617 2961 3683 dicitur,
2997 3619 3228 3673 doctrina
3247 3621 3273 3675 ἓ
3294 3619 3387 3674 20.
3428 3634 3558 3673 nova
3592 3620 3725 3674 enim
3757 3636 3899 3689 qua:—

2310 3706 2427 3758 dam
2453 3708 2609 3775 infers
2632 3707 2838 3761 auribus
2866 3708 3047 3763 nostris
3068 3724 3088 3774 ;
3109 3708 3338 3763 volumus
3363 3726 3482 3780 ergo
3498 3710 3626 3763 scire
3646 3710 3898 3778 quidnam

2310 3796 2460 3849 velint
2486 3797 2591 3850 hate
2631 3813 2756 3853 esse.
2794 3798 3070 3854 Duxernnt
3097 3800 3246 3854 illum
3279 3798 3343 3854 ad
3376 3802 3743 3869 Areopagum,
3786 3816 3896 3855 non

2310 3898 2366 3942 ut
2390 3887 2690 3955 discerent,
2721 3890 2814 3945 sed
2844 3900 2901 3943 ut
2929 3891 3207 3961 punircnt,
3241 3890 3328 3946 ubi
3355 3902 3507 3947 erant
3530 3891 3729 3961 judicia
3772 3908 3901 3948 san-

2308 3980 2505 4048 guinis.
2537 3980 2669 4034 Vidc
2697 3996 2847 4050 ergo,
2875 3981 3144 4050 quomodo
3171 3981 3270 4035 sub
3298 3996 3393 4051 spe
3420 3981 3660 4037 discendi
3693 3993 3749 4037 et
3780 3986 3898 4039 ubi—

2309 4084 2413 4139 quc
2458 4085 2644 4125 novatn
2685 4070 2984 4125 doctrinam
3026 4072 3287 4127 ineusant.
3336 4072 3659 4141 Loquacium
3707 4075 3899 4131 civitas

2311 4160 2399 4213 illa
2430 4171 2563 4215 erat.
2598 4160 2687 4215 21.
2728 4162 3054 4217 Athenienses
3083 4173 3250 4217 autem
3296 4179 3463 4217 omnes
3490 4173 3533 4217 et
3559 4165 3767 4221 advena:
3799 4168 3897 4221 ho-

2308 4252 2479 4321 spites,
2507 4253 2573 4304 ad
2590 4252 2719 4306 nihil
2741 4254 2886 4307 aliud
2906 4255 3167 4321 vacabant,
3195 4256 3294 4308 nisi
3313 4266 3397 4308 aut
3418 4257 3583 4310 dicere
3607 4267 3693 4309 aut
3717 4260 3901 4315 audire

2308 4342 2499 4409 aliquid
2539 4344 2669 4396 nari.
2718 4344 2807 4396 22.
2857 4344 3013 4398 Stans
3039 4354 3204 4399 autem
3234 4343 3431 4399 Paulus
3460 4347 3510 4399 in
3541 4347 3706 4401 medio
3734 4348 3900 4404 Areo—

2311 4433 2447 4502 pagi,
2479 4433 2588 4486 ait:
2636 4431 2743 4485 Viri
2774 4433 3133 4499 Athenienses,
3167 4450 3252 4503 per
3282 4436 3452 4488 omnia
3477 4436 3623 4506 quasi
3649 4442 3902 4505 supersti-

2310 4524 2535 4576 tiosiores
2564 4539 2647 4577 vos
2670 4524 2836 4576 video.
2861 4523 2951 4578 25.
2985 4523 3285 4579 Praeterieris
3314 4525 3447 4579 enim
3470 4536 3516 4578 et
3544 4526 3716 4579 videns
3736 4528 3901 4581 simu-

2310 4612 2449 4665 lacra
2473 4622 2653 4677 vestra,
2682 4612 2846 4667 inveni
2879 4630 3041 4679 aram,
3072 4613 3123 4666 in
3150 4629 3248 4682 qua
3268 4615 3511 4683 scriptum
3536 4625 3679 4669 erat:
3705 4615 3900 4687 Ignoto

2310 4702 2442 4757 Deo.
2481 4704 2637 4768 Quem
2668 4720 2786 4774 ergo
2811 4705 3099 4774 ignorantes
3126 4704 3292 4758 colitis
3311 4743 3326 4769 ,
3359 4705 3492 4757 hunc
3526 4720 3615 4773 ego
3641 4711 3900 4763 annuntio

2310 4795 2466 4848 vobis.
2513 4796 2589 4849 Ac
2634 4795 2678 4849 si
2710 4795 2828 4849 illos
2872 4794 3141 4857 laudaret,
3185 4794 3392 4849 videtur
3432 4794 3562 4848 nihil
3600 4796 3896 4853 molestum

2309 4885 2508 4941 dicere.
2542 4886 2699 4952 Quasi
2728 4887 3172 4957 superstitiosiores
3196 4928 3211 4950 ,
3245 4887 3450 4956 inquit,
3482 4904 3567 4941 vos
3608 4890 3797 4955 uideo;
3842 4894 3896 4949 id

2308 4986 2422 5043 est,
2471 4980 2617 5047 quasi
2662 4980 2800 5048 pios.
2851 4978 2916 5033 In
2958 4996 3058 5048 qua
3099 4981 3344 5049 scriptum
3369 4990 3475 5035 erat
3500 4996 3518 5035 :
3548 4980 3735 5051 Ignoto
3763 4984 3896 5041 Deo.

2308 5069 2444 5135 Quid
2475 5078 2555 5123 est
2583 5069 2721 5125 hoc?
2752 5070 3105 5125 Athenienses
3126 5110 3141 5136 ,
3174 5072 3293 5139 quia
3326 5086 3423 5142 per
3450 5071 3614 5125 multa
3644 5084 3896 5145 tempora

2307 5174 2482 5229 accept
2508 5170 2621 5215 rant
2664 5161 2793 5217 deos
2843 5163 3001 5215 etiam
3045 5171 3357 5227 extraneos;
3409 5176 3600 5231 nempe
3631 5165 3896 5235 templum

2307 5250 2573 5318 Mincrve,
2604 5252 2767 5317 Pana,
2795 5253 3036 5321 aliosque
3062 5252 3313 5318 aliunde;
3342 5252 3624 5319 timentes,
3656 5270 3724 5309 ne
3756 5257 3899 5313 forte

2308 5344 2425 5413 quis
2455 5343 2589 5396 alius
2616 5343 2851 5397 nomium
2882 5354 3038 5397 notus
3068 5343 3170 5397 sibi
3200 5352 3377 5409 esset,
3406 5344 3493 5413 qui
3532 5352 3713 5399 tamen
3743 5349 3895 5403 cole-

2310 5444 2456 5488 retur
2499 5435 2665 5500 alibi,
2711 5436 2774 5488 ad
2823 5436 3079 5505 majorem
3124 5437 3465 5491 securitatem
3511 5437 3636 5493 huic
3678 5454 3900 5511 quoque

2306 5541 2451 5582 aram
2478 5537 2780 5583 erexerunt.
2801 5527 2929 5595 Qtlia
2960 5543 3090 5583 vero
3117 5543 3222 5583 non
3248 5538 3363 5583 erat
3392 5529 3705 5586 manifestus
3728 5534 3892 5599 Deus,

2307 5618 2614 5687 inscriptum
2648 5626 2791 5681 erat,
2826 5616 3007 5688 Ignoto
3030 5618 3158 5672 Deo.
3194 5618 3343 5675 Hunc
3369 5634 3495 5689 ergo
3522 5618 3706 5676 Iesum
3737 5624 3888 5679 (Σὴτὶ-

2305 5716 2443 5762 stum
2487 5722 2636 5769 esse,
2687 5707 2880 5762 Paulus
2927 5708 3096 5775 dicit,
3153 5708 3259 5763 imo
3295 5710 3471 5780 potius
3515 5712 3892 5769 universorum

2306 5796 2495 5852 Deum.
2554 5798 2715 5865 Quun
2770 5814 2884 5868 ergo
2932 5799 3252 5869 ignorantes.
3286 5800 3488 5870 inquit,
3521 5802 3688 5857 colitis
3712 5844 3727 5867 ,
3756 5808 3895 5859 haue

2306 5901 2398 5958 ego
2424 5891 2668 5943 annuntio
2696 5888 2991 5946 robisNide
3016 5888 3281 5959 quomodo
3308 5892 3574 5958 ostendat,
3609 5892 3764 5963 ipsos
3782 5894 3891 5965 jam
