4076 6480
628 450 727 504 ‘27!
1330 443 1387 501 S.
1425 442 1697 499 .IOANNIS
1732 440 2202 497 CllRYSOSTOMl
2244 439 2555 496 ARCIIIEP.
2594 439 3125 499 CONSTANTINUP.
3801 439 3905 495 Ξῗὲ

628 564 773 638 quod
800 564 944 619 nullo
966 563 1199 633 indigeat
1214 605 1228 628 ,
1243 571 1296 619 ει
1314 560 1455 632 quod
1477 558 1722 615 omnibus
1743 556 1921 611 omnia
1947 555 2201 626 praebeat.

632 658 745 713 lluc
765 656 951 713 confer
972 658 1149 713 omnia
1168 671 1285 726 qua:
1306 656 1371 710 de
1390 654 1498 709 Deo
1512 652 1658 707 l'lato
1680 649 2081 720 philosophatus
2098 657 2200 714 est,

628 763 746 819 quae
772 747 1030 817 Epicurus
1056 788 1071 811 ,
1103 756 1157 801 et
1201 746 1315 801 hate
1356 743 1533 799 omnia
1576 742 1678 795 illis
1722 749 2023 810 comparata
2052 754 2204 809 nuga:

627 845 773 892 sunt.
821 836 968 891 Duns
992 878 1006 901 ,
1054 837 1252 908 inquit,
1285 836 1437 888 vitam
1462 843 1507 887 et
1534 832 1788 903 spiritum.
1840 831 1972 885 Ecce
2011 830 2203 883 anima:

624 942 838 999 quoque
864 928 1036 999 ipsum
1065 937 1361 983 creatorem
1391 925 1557 989 facit,
1589 938 1693 977 non
1722 922 2037 993 genitorem.
2072 919 2205 977 Vide

627 1033 837 1075 rursum
883 1018 1153 1089 quomodo
1196 1017 1436 1072 destruat
1478 1028 1784 1069 sermonem
1829 1012 1897 1067 de
1936 1010 2199 1065 materia:

631 1106 865 1179 Fecitque
885 1149 899 1174 ,
932 1109 1099 1178 inquit
1124 1149 1138 1174 ,
1181 1124 1244 1161 ea:
1273 1123 1373 1160 uno
1412 1106 1660 1176 sanguine
1688 1121 1835 1157 omne
1858 1119 2015 1173 genus
2043 1103 2205 1156 Itami-

630 1216 769 1263 num,
802 1200 1025 1254 habitare
1048 1214 1197 1263 super
1223 1214 1417 1251 omnem
1439 1199 1619 1268 facient
1648 1206 1809 1250 terra.
1836 1194 1959 1251 llaec
1986 1196 2202 1249 meliora

629 1292 729 1345 illis
749 1332 764 1356 ,
794 1300 848 1345 et
876 1289 1392 1345 confutant'atomos
1416 1288 1820 1357 materiamque.
1855 1286 1947 1341 llic
1975 1284 2205 1341 ostendit

629 1399 732 1435 non
760 1396 877 1437 esse
904 1382 1151 1449 partitam
1178 1396 1348 1451 neque
1375 1378 1604 1434 hominis
1625 1378 1877 1432 animam.
1900 1377 2052 1447 Quod
2078 1388 2203 1430 vero

626 1474 697 1528 illi
726 1472 911 1527 dicunt
933 1513 945 1535 ,
986 1470 1089 1526 hoc
1116 1487 1220 1524 non
1252 1478 1333 1525 est
1370 1484 1492 1525 esse
1521 1468 1871 1524 conditorem.
1917 1466 2047 1521 Cum
2075 1466 2204 1520 dicit

625 1574 801 1620 autem
834 1579 941 1618 non
974 1562 1219 1618 manibus
1247 1562 1496 1617 humanis
1523 1562 1626 1618 coli
1652 1561 1815 1615 Deum
1841 1602 1857 1628 ,
1902 1559 2203 1615 subindieat

625 1658 771 1715 illum
803 1660 981 1713 animo
1007 1668 1053 1711 ct
1086 1667 1266 1713 mente
1290 1657 1413 1711 coli.
1448 1654 1547 1708 llic
1570 1696 1584 1720 ,
1614 1655 1815 1724 inquit,
1843 1654 1955 1708 ca-li
1984 1664 2030 1707 et
2061 1663 2204 1707 terra:

624 1767 738 1804 eum
772 1750 835 1803 sit
878 1748 1142 1803 Dominus.
1188 1747 1301 1801 Non
1331 1759 1458 1816 ergo
1487 1744 1760 1799 dcemones
1795 1744 2005 1814 quidem
2040 1758 2198 1813 pecu-

624 1845 801 1899 liares.
841 1843 979 1898 Deus
1018 1846 1101 1912 qui
1131 1844 1245 1914 fecit
1288 1843 1566 1906 mundum,
1609 1851 1657 1895 et
1688 1840 1857 1895 omnia
1885 1855 1996 1909 qum
2033 1839 2084 1891 in
2113 1838 2202 1891 illo

621 1945 756 1992 sunt.
806 1934 937 1989 Cum
989 1936 1135 2003 prius
1182 1933 1505 1990 ostendisset
1549 1931 1818 2003 quomodo
1865 1929 2091 1985 mundus
2135 1929 2204 1983 sit

625 2028 787 2080 lactus
812 2068 824 2091 ,
859 2036 984 2080 tunc
1011 2026 1335 2090 declaravit,
1369 2025 1509 2095 quod
1540 2040 1647 2080 non
1680 2025 1734 2078 in
1765 2021 2079 2078 manufactis
2106 2020 2199 2074 ha-

625 2118 754 2171 bitet
780 2135 791 2181 ;
836 2133 898 2172 ac
924 2120 967 2172 si
996 2118 1236 2173 diceret:
1268 2118 1321 2173 Si
1354 2118 1518 2183 Deus,
1548 2117 1726 2171 omnia
1758 2118 1937 2185 utique
1966 2114 2089 2171 fecit
2113 2128 2128 2177 ;
2156 2114 2199 2168 si

625 2224 730 2264 non
763 2208 885 2263 fecit
906 2252 920 2273 ,
952 2226 1055 2264 non
1088 2210 1246 2265 Deus.
1273 2208 1380 2274 Dii,
1407 2210 1599 2279 inquit,
1629 2210 1714 2279 qui
1739 2208 1917 2263 ca'lum
1942 2216 1987 2261 et
2019 2216 2201 2259 terram

626 2317 727 2355 non
756 2306 979 2371 fecerunt
1006 2344 1022 2369 ,
1053 2310 1275 2370 pereant.
1323 2300 1485 2354 \lulto
1512 2300 1710 2369 majora
1738 2342 1751 2365 ,
1780 2316 1938 2369 quam
1967 2298 2040 2354 illi
2067 2340 2080 2361 ,
2108 2298 2203 2348 do-

623 2402 796 2463 gmata
828 2394 1025 2449 inducit
1054 2392 1287 2464 (tametsi
1311 2393 1539 2447 nondum
1565 2408 1751 2462 magna
1780 2393 1938 2457 dixit;
1969 2390 2199 2446 nondum

628 2486 769 2539 enim
818 2494 1024 2554 tempus
1070 2496 1219 2550 erat;
1267 2485 1361 2539 sed
1408 2486 1560 2555 quasi
1604 2486 1780 2554 pueris
1830 2483 2199 2553 loquebatur),

625 2578 981 2641 creationem,
1012 2576 1428 2631 dominationem
1454 2618 1467 2643 ,
1502 2575 2001 2645 non-indigentiam.

691 2668 745 2723 5.
768 2667 900 2721 Cum
922 2666 1144 2726 dixisset
1163 2675 1337 2722 autem
1364 2667 1510 2722 illum
1538 2682 1603 2721 ex
1628 2682 1733 2721 uno
1756 2668 2013 2735 sanguine
2044 2679 2201 2719 omne

623 2774 791 2829 genus
817 2760 1093 2814 hominum
1139 2758 1364 2823 fecisse,
1418 2761 1655 2814 omnium
1687 2773 1901 2814 oausam
1941 2758 2200 2813 honorum

630 2849 1007 2904 manifestavit.
1039 2848 1171 2917 Quid
1202 2848 1322 2903 huic
1351 2848 1664 2906 sublimitati
1713 2849 1845 2918 par?
1870 2847 2000 2902 Nam
2044 2846 2202 2901 mira-

628 2942 733 2999 bile
760 2940 971 3011 quidem
1004 2948 1085 2994 est
1114 2956 1178 2994 ex
1208 2955 1313 2994 uno
1340 2949 1415 2995 tot
1442 2938 1671 3005 fecisse;
1700 2938 1843 3010 quod
1872 2946 2050 2993 autem
2082 2954 2170 2992 om

626 3046 723 3086 nes
769 3030 857 3085 ille
906 3030 1064 3085 simul
1111 3030 1407 3093 contineat,
1463 3028 1638 3083 adhuc
1688 3029 1846 3099 longe
1886 3027 2199 3084 mirabilius.

627 3120 771 3174 Dans
796 3162 810 3186 ,
850 3120 1049 3190 inquit,
1074 3120 1301 3173 omnibus
1336 3119 1570 3189 spiritum
1598 3128 1645 3173 et
1688 3120 1863 3173 vitam.
1895 3118 2033 3184 Quid
2079 3128 2161 3173 cst
2186 3160 2199 3183 ,

630 3212 890 3281 Deﬁuiens
917 3213 1195 3281 praestituta
1226 3222 1454 3281 tempora
1499 3221 1547 3265 et
1591 3213 1830 3267 terminos
1884 3211 2205 3265 habitationis

628 3321 820 3370 eorum,
852 3319 1074 3373 quwrere
1102 3303 1285 3369 Deum,
1311 3304 1353 3356 si
1377 3308 1506 3374 forte
1526 3312 1784 3356 attrectent
1813 3320 1925 3357 eum
1954 3312 2040 3355 aut
2062 3304 2202 3356 iuve-

626 3402 765 3450 m'ant
784 3396 806 3447 .9
826 3394 940 3449 Non
960 3395 1248 3465 cogebatur
1266 3396 1403 3465 quis,
1428 3395 1618 3465 inquit,
1642 3394 1865 3449 circuire
1887 3404 1939 3448 et
1964 3408 2204 3465 qumrere

634 3490 798 3543 Deum
834 3506 847 3541 :
880 3489 962 3543 vel
993 3489 1036 3542 si
1069 3502 1174 3542 non
1205 3487 1324 3551 hoc,
1359 3489 1481 3557 quia
1523 3487 1759 3544 decrevit
1783 3498 1841 3543 ut
1890 3489 2029 3543 Deus
2056 3504 2202 3557 quae—

630 3589 793 3638 t’atur.
826 3582 893 3633 At
938 3593 1042 3633 non
1075 3594 1289 3647 semper
1326 3579 1426 3633 hoc
1470 3578 1771 3634 faciendum
1800 3580 2038 3635 definivit
2062 3621 2077 3646 ,
2109 3580 2203 3635 sed

628 3671 935 3741 przcstitutis
982 3671 1329 3739 temporibus.
1380 3671 1491 3725 lloc
1528 3686 1653 3726 vero
1704 3672 1834 3726 dicit
1877 3671 2201 3735 ostendens,

628 3780 800 3836 neque
824 3780 965 3819 nunc
994 3773 1294 3835 quaerentes
1333 3766 1600 3819 invenisse
1621 3805 1636 3830 ,
1679 3764 1889 3819 etiamsi
1934 3766 2003 3819 ita
2035 3765 2204 3818 maui-

629 3856 794 3911 festus
824 3864 983 3919 esset,
1017 3865 1074 3910 ut
1104 3857 1451 3923 inveniretur,
1490 3871 1552 3910 ac
1582 3857 1623 3910 si
1662 3856 1787 3926 quid
1829 3858 1878 3910 in
1908 3857 2083 3913 medio
2113 3870 2205 3926 po-

627 3951 787 4003 situm
834 3950 1131 4019 palpcmus.
1160 3948 1341 4018 Neque
1373 3950 1515 4004 enim
1548 3950 1639 4003 hic
1661 3958 1776 4003 erat
1816 3951 2003 4004 etelum
2026 3991 2041 4016 ,
2077 3950 2205 4005 alibi

630 4057 733 4097 non
763 4058 776 4105 ;
806 4057 976 4112 neque
1000 4043 1049 4096 in
1082 4041 1183 4096 hoc
1206 4050 1442 4111 tempore
1472 4050 1586 4096 erat
1613 4084 1626 4107 ,
1658 4043 1708 4096 in
1738 4043 1841 4097 alio
1870 4060 1995 4098 non.
2026 4043 2205 4113 Itaque

628 4143 683 4189 ct
710 4133 853 4187 omni
883 4144 1122 4204 tempore
1188 4141 1241 4189 et
1271 4134 1320 4186 in
1355 4134 1603 4189 omnibus
1634 4135 1873 4189 terminis
1918 4144 2093 4204 potest
2124 4136 2205 4189 iu-

630 4226 815 4280 veniri.
838 4226 926 4281 Sic
951 4225 1277 4294 dispensavit
1301 4236 1358 4279 ut
1378 4234 1728 4295 qurereretur,
1753 4237 1810 4281 ut
1837 4242 1936 4282 nec
1960 4228 2077 4282 loco
2105 4242 2204 4285 nec

629 4327 867 4387 tempore
892 4316 1287 4386 prohibeamur.
1321 4316 1483 4373 Certe
1514 4317 1616 4372 hoc
1644 4320 1816 4387 ipsum
1846 4319 1950 4373 illis
1972 4320 2203 4375 maxime

629 4407 945 4476 profuisset,
977 4408 1021 4461 si
1050 4408 1260 4476 quidem
1291 4408 1587 4463 voluissent
1615 4410 1663 4473 ¹;
1713 4410 1854 4477 quod
1898 4411 2094 4480 ubique
2136 4412 2206 4466 sit

628 4500 817 4554 caelum
844 4508 897 4553 et
936 4508 1039 4553 stet
1066 4501 1207 4554 omni
1240 4510 1498 4569 tempore.
1530 4501 1653 4556 Ideo
1680 4503 1757 4557 sic
1791 4502 1919 4557 dicit
1949 4523 1961 4557 :
2010 4503 2200 4569 Quam.

628 4592 700 4645 vis
742 4607 840 4645 non
887 4590 1033 4662 longe
1076 4593 1139 4645 sit
1168 4592 1227 4645 ab
1257 4609 1552 4664 unoquoque
1590 4604 1856 4659 nostrum;
1899 4597 1991 4651 sed
2041 4612 2205 4666 prope

627 4683 695 4735 sit
722 4682 1003 4746 omnibus;
1035 4683 1135 4737 hoc
1174 4691 1256 4737 est
1285 4700 1299 4739 :
1350 4683 1465 4737 Non
1496 4686 1657 4739 modo
1685 4686 1845 4740 vitam
1875 4698 1926 4741 et
1955 4688 2200 4756 spiritum

627 4773 770 4828 dedit
792 4784 844 4828 et
865 4776 1065 4839 omnia,
1085 4790 1271 4830 verum
1289 4776 1468 4840 etiam,
1493 4778 1631 4847 quod
1654 4788 1811 4848 caput
1836 4789 1918 4835 est
1940 4780 2197 4847 omnium,

628 4865 691 4917 ad
724 4866 801 4919 sui
832 4868 1185 4934 cognitionem
1216 4870 1404 4933 traxit,
1439 4868 1554 4925 hmc
1578 4869 1777 4937 dando,
1806 4888 1903 4941 per
1940 4888 2057 4941 quas
2085 4888 2203 4943 pos-

630 4958 797 5011 simus
827 4956 974 5010 illum
1005 4959 1243 5013 invenire
1272 4970 1323 5013 et
1345 4961 1771 5029 apprehendere.
1802 4962 1905 5019 Sed
1938 4964 2204 5020 noluimus

631 5061 876 5117 quzerere
896 5084 911 5111 ,
940 5047 1039 5100 etsi
1070 5047 1135 5101 ad
1163 5048 1325 5116 pedes
1356 5060 1517 5104 esset.
1548 5051 1667 5105 Non
1698 5053 1862 5124 longe,
1896 5054 2095 5124 inquit,
2141 5056 2203 5109 ab

625 5152 925 5208 sumptoque
951 5147 1195 5190 nostrum.
1229 5138 1414 5208 Ρη)ιεὶ
1439 5141 1683 5195 omnibus
1709 5158 1871 5212 prope
1902 5160 2022 5200 esse
2052 5147 2200 5213 dicit,

624 5228 713 5296 qui
763 5237 886 5280 sunt
913 5226 967 5279 in
1012 5227 1141 5281 orbe
1189 5236 1469 5283 terrarum.
1500 5229 1635 5297 Quid
1677 5231 1778 5288 hoc
1830 5234 2040 5303 majus?
2073 5236 2204 5293 V'idc

627 5317 894 5387 quomodo
942 5320 1155 5387 partitos
1207 5314 1459 5375 confutet.
1516 5322 1651 5389 Quid
1693 5324 1812 5379 dico
1858 5327 2083 5394 procul?
2132 5329 2202 5383 Ita

629 5426 792 5484 prope
827 5420 937 5476 est,
969 5420 1027 5465 ut
1065 5412 1180 5466 sine
1226 5412 1342 5481 ipso
1390 5430 1495 5469 non
1524 5416 1746 5470 vivatur.
1795 5417 1860 5471 In
1909 5421 2018 5490 ipso
2072 5424 2203 5475 enim

626 5505 832 5557 vivimus
857 5514 901 5555 rt
924 5520 1178 5557 movemur
1204 5514 1249 5557 ct
1276 5522 1467 5560 sumus.
1486 5508 1645 5573 Quasi
1668 5524 1925 5577 corporeo
1958 5514 2203 5582 exemplo

629 5594 929 5663 linjusmodi
978 5594 1247 5664 quidpiam
1308 5596 1436 5650 dicit
1481 5616 1493 5651 :
1540 5598 1689 5654 Sicut
1738 5600 2067 5669 impossibile
2124 5615 2205 5659 cst

628 5686 873 5756 ignorare
895 5700 1072 5740 aerem
1102 5687 1297 5755 ubique
1324 5686 1573 5742 diliusum
1598 5731 1610 5751 ,
1643 5708 1743 5745 non
1771 5692 1953 5761 procul
1980 5695 2047 5749 ab
2070 5709 2201 5749 uno-

690 5866 704 5899 ι
726 5862 860 5914 nec,
883 5862 923 5914 si
943 5863 1133 5929 qualem
1150 5860 1413 5925 voluissent,
1439 5866 1616 5918 desunt
1640 5869 1685 5916 in
1710 5870 2013 5932 quihusdam.

2318 570 2529 626 quoque
2568 565 2808 620 nostmm
2854 573 3008 625 esse,
3060 558 3168 612 imo
3209 564 3264 613 et
3311 556 3363 611 in
3410 558 3563 612 nobis
3608 572 3776 612 esse:
3830 558 3900 609 ita

2312 649 2472 704 etiam
2533 650 2771 703 omnium
2826 650 3158 705 Creatorem.
3216 649 3348 705 Vide
3394 650 3665 717 quomodo
3718 649 3901 703 omnia

2312 740 2476 810 ipsius
2512 754 2632 795 esse
2675 740 2817 795 dicat
2865 759 2879 796 :
2927 741 3318 813 providentiam
3368 741 3507 795 illius
3555 755 3676 795 esse
3720 739 3904 794 dicit:

2310 832 2789 897 conservationem,
2810 833 2951 902 quod
2974 833 3040 887 ab
3062 833 3151 887 illo
3171 833 3490 895 sintomnia,
3517 831 3768 900 nperandi
3789 832 3899 885 vim

2311 922 2561 990 habeant,
2606 931 2661 979 et
2690 939 2795 978 non
2826 931 3071 995 pereant.
3108 922 3218 977 Nec
3256 922 3411 987 dixit,
3438 923 3539 978 Per
3585 922 3767 987 illum;
3799 923 3896 977 sed

2310 1014 2451 1086 quod
2482 1015 2699 1085 propius
2744 1024 2823 1069 est
2849 1055 2863 1080 ,
2898 1011 2960 1069 In
2990 1015 3099 1068 illo.
3132 1014 3271 1068 Nihil
3306 1014 3410 1069 tale
3435 1014 3569 1069 dixit
3603 1023 3754 1083 poeta
3783 1013 3897 1079 ille,

2312 1108 2486 1177 Ipsius
2512 1108 2672 1172 enini,
2702 1107 2971 1177 inquiens,
3001 1122 3157 1177 genus
3178 1122 3389 1170 sumus;
3418 1106 3511 1160 sed
3552 1107 3642 1161 ille
3670 1105 3738 1161 de
3763 1106 3902 1162 Jove

2309 1200 2463 1268 dixit,
2496 1200 2581 1256 hic
2610 1215 2735 1255 vero
2756 1199 2823 1256 de
2854 1199 3109 1256 Creatore
3132 1199 3233 1255 hoc
3258 1199 3449 1269 accipit
3481 1216 3493 1251 :
3526 1214 3623 1253 ncc
3650 1200 3898 1253 eumdem

2311 1292 2483 1360 ipsum
2515 1290 2713 1345 indicat
2744 1290 2853 1360 ille,
2876 1290 3053 1355 absit;
3085 1289 3179 1345 sed
3206 1304 3323 1360 qum
3345 1288 3412 1344 de
3437 1288 3529 1342 illo
3551 1286 3692 1342 dicta
3719 1299 3897 1353 erant,

2311 1385 2420 1440 Deo
2449 1385 2532 1440 cui
2558 1384 2936 1453 competebant
2981 1383 3297 1439 adscrihcns
3340 1401 3353 1436 :
3391 1398 3511 1437 nam
3541 1398 3689 1436 aram
3740 1381 3903 1450 hujus

2309 1491 2430 1531 esse
2453 1475 2616 1541 dicit,
2646 1491 2751 1530 non
2786 1475 2927 1530 illius
2947 1516 2962 1541 ,
2994 1491 3155 1546 quem
3185 1475 3283 1545 ipsi
3323 1474 3593 1531 colebant.
3639 1472 3902 1541 Quazdam

2310 1567 2450 1623 enim
2479 1566 2619 1622 dicta
2650 1576 2704 1622 et
2725 1566 2861 1621 facta
2890 1576 3015 1621 sunt
3040 1565 3104 1620 ad
3135 1581 3318 1621 verum
3349 1565 3511 1619 Deum
3538 1564 3902 1634 pertinentia;

2309 1674 2492 1714 verum
2520 1658 2825 1714 nesciebant
2852 1658 3023 1714 ϐε·ωεὶ
3054 1658 3120 1712 ad
3165 1673 3286 1712 eum
3333 1660 3637 1728 pertinere,
3692 1655 3789 1710 sed
3833 1655 3904 1710 de

2308 1749 2775 1805 alio-intellexere.

2382 1841 2543 1906 Illud,
2569 1841 2753 1913 Ignoto
2787 1841 2912 1906 Deo,
2942 1843 3191 1912 quomodo
3222 1843 3285 1896 sit
3307 1840 3789 1910 iutelligendum.—
3808 1838 3905 1893 Dic

2307 1936 2449 1990 enim
2481 1936 2629 2001 tnihi,
2658 1935 2726 1990 de
2745 1951 2852 2004 quo
2905 1936 3119 2004 prOprie
3146 1934 3377 2001 dicatur,
3413 1932 3596 2005 Ignoto
3641 1932 3795 1998 Deo;
3832 1932 3904 1988 dc

2307 2024 2580 2091 Creatore,
2610 2042 2678 2080 an
2709 2025 2993 2081 diemone?
3028 2026 3222 2095 Utique
3251 2024 3319 2081 de
3346 2024 3605 2079 Creatore
3640 2042 3652 2077 :
3684 2024 3900 2078 etiamsi

2310 2117 2456 2171 illum
2479 2116 2690 2187 quidem
2734 2116 3048 2187 ignorarint,
3076 2115 3217 2170 hunc
3240 2130 3367 2170 vero
3395 2115 3664 2170 noverint.
3690 2115 3901 2169 Simili-

2311 2218 2389 2262 ter
2418 2210 2615 2274 etiam,
2656 2206 2795 2277 quod
2827 2208 3003 2261 omnia
3036 2205 3241 2269 fecerit,
3272 2204 3340 2259 de
3381 2205 3493 2258 Deo
3523 2206 3742 2273 proprie
3767 2205 3904 2258 dici-

2309 2312 2413 2366 tur,
2453 2317 2559 2357 non
2586 2301 2653 2356 de
2677 2302 2809 2357 Jove
2830 2342 2843 2365 ,
2876 2301 3107 2356 scelesto
3133 2310 3187 2355 et
3211 2300 3544 2356 exserrando
3584 2300 3799 2354 homine
3836 2316 3901 2352 ac

2309 2394 2714 2463 prmstigiatore.
2764 2392 2962 2446 Paulus
3014 2405 3162 2447 certe
3223 2406 3329 2445 non
3383 2392 3543 2446 simili
3591 2402 3755 2460 atque
3808 2391 3900 2443 ille

2309 2486 2468 2539 modo
2497 2486 2647 2552 dixit,
2679 2486 2851 2553 Ipsius
2881 2486 3013 2537 enim
3043 2494 3091 2537 et
3131 2501 3291 2555 genus
3332 2501 3538 2550 sumus;
3580 2485 3755 2547 absit,
3804 2484 3898 2537 sed

2307 2578 2407 2631 alia
2437 2586 2648 2642 mente;
2680 2592 2845 2648 genus
2874 2577 3017 2632 enim
3046 2576 3164 2647 ejus
3190 2592 3293 2631 non
3334 2592 3454 2631 esse
3476 2577 3633 2641 dixit,
3667 2577 3769 2631 hoc
3793 2587 3896 2641 est,

2309 2670 2652 2736 domesticos,
2689 2670 2987 2740 proximos,
3018 2678 3071 2723 et
3091 2669 3241 2738 quasi
3270 2668 3390 2738 quis
3419 2668 3635 2733 dixerit,
3670 2669 3897 2737 prepin-

2308 2777 2441 2830 quos
2464 2773 2517 2817 et
2544 2764 2763 2817 vicinos.
2786 2762 2880 2816 .Ne
2908 2764 3051 2818 enim
3089 2777 3275 2819 rursus
3312 2763 3555 2817 dicerent
3579 2806 3592 2828 ,
3644 2762 3794 2816 Nora
3819 2764 3900 2815 in-

2308 2852 2439 2924 grris
2465 2854 2670 2908 auribus
2695 2854 2879 2907 nostris
2918 2852 3075 2923 (nilIil
3105 2853 3246 2907 enim
3298 2854 3375 2908 sic
3419 2853 3726 2909 hominibus
3766 2868 3898 2907 cou-

2311 2944 2590 3015 trarium),
2623 2952 2832 3014 poetant
2864 2944 2915 2997 in
2949 2943 3180 2997 medium
3224 2943 3457 2997 adducit.
3496 2942 3682 3012 Neque
3719 2943 3852 2998 dixit
3880 2986 3897 3010 ,

2310 3033 2423 3088 Non
2452 3034 2659 3089 debetis
2690 3042 2878 3103 putare
2908 3048 3041 3088 auro
3072 3043 3164 3087 aut
3193 3046 3417 3103 argento
3452 3034 3617 3088 Deum
3654 3050 3775 3089 esse
3819 3036 3898 3088 si-

2311 3129 2488 3181 utilem
2515 3169 2529 3192 ,
2581 3142 2613 3181 o
2642 3127 2857 3182 scelesti
2897 3135 2951 3180 et
2980 3126 3330 3181 exsecrandi!
3375 3126 3469 3181 sed
3522 3128 3736 3192 mitius,
3787 3127 3901 3181 Iloc

2312 3237 2411 3274 non
2436 3220 2667 3274 debemus
2693 3220 2975 3284 mstimare,
3014 3219 3206 3289 inquit,
3238 3220 3330 3274 sed
3369 3235 3531 3289 super
3573 3221 3697 3277 hoc.
3728 3220 3899 3287 Quid-

2311 3330 2433 3367 nam
2476 3322 2560 3366 est
2584 3328 2741 3380 super
2764 3309 2901 3365 hoc?
2942 3310 3116 3376 Deus;
3146 3311 3238 3366 sed
3268 3326 3442 3379 neque
3478 3311 3579 3365 hoc
3609 3314 3728 3381 (est
3755 3312 3900 3367 enim

2310 3405 2564 3461 efﬂeacim
2595 3401 2835 3473 nomen),
2868 3402 2961 3458 scd
2990 3403 3201 3457 interim
3232 3402 3332 3457 hoc
3363 3421 3375 3454 :
3412 3411 3613 3457 tantum
3641 3419 3901 3473 negamus

2313 3497 2478 3551 Deum
2516 3495 2636 3548 huic
2675 3509 2794 3549 esse
2824 3494 3051 3549 similem
3084 3513 3097 3547 :
3133 3495 3253 3563 quis
3304 3494 3445 3547 enim
3495 3494 3737 3549 dixerit?
3773 3494 3903 3548 Vide

2312 3586 2581 3657 quomodo
2608 3587 2983 3656 incorporeum
3013 3568 3317 3640 introducit.
3346 3586 3493 3641 Mens
3514 3587 3655 3642 enim
3685 3588 3903 3656 quando

2311 3680 2613 3750 suSpicatur
2631 3692 2857 3748 corpus,
2893 3678 3053 3732 etiam
3085 3676 3391 3732 distantiam
3421 3678 3758 3749 imaginatur.
3796 3678 3897 3732 Cc»

2312 3788 2404 3824 nus
2433 3786 2550 3841 ergo
2594 3786 2707 3822 cum
2743 3770 2901 3823 simus
2931 3768 3046 3835 Dei,
3078 3785 3177 3823 non
3204 3769 3465 3831 debemus,
3493 3770 3697 3839 inquit,
3724 3773 3877 3823 existi
3893 3804 3899 3809 -

2310 3878 2449 3916 mare
2472 3878 2596 3914 auro
2632 3871 2719 3914 aut
2752 3870 2961 3930 argento
3006 3870 3091 3912 aut
3139 3860 3334 3928 lapidi,
3366 3861 3637 3929 sculptura:
3679 3862 3805 3913 artis
3856 3874 3903 3913 et

2310 3953 2623 4023 cogitationis
2665 3952 2879 4003 hominis
2905 3991 2919 4013 ,
2969 3949 3129 4003 Deum
3171 3966 3277 4004 esse
3312 3950 3549 4025 similem.
3592 3950 3661 4004 At
3703 3951 3903 4005 dixerit

2310 4042 2571 4113 quiSplam
2597 4082 2611 4106 ,
2654 4040 2769 4095 Non
2802 4040 2903 4094 hoc
2932 4050 3220 4110 putamus:
3269 4055 3365 4096 cur
3405 4056 3532 4111 ergo
3580 4042 3683 4097 hoc
3726 4043 3904 4097 dicit?

2311 4133 2415 4191 Sed
2444 4133 2509 4187 ad
2542 4131 2939 4187 multitudinem
2992 4132 3311 4202 loquebatur
3357 4132 3469 4202 ipse
3490 4175 3505 4198 ,
3540 4148 3603 4187 ac
3654 4134 3734 4189 sic
3765 4134 3903 4189 bene

2311 4226 2462 4280 dixit.
2492 4224 2623 4279 Nam
2649 4225 2691 4279 si
2721 4239 2818 4278 nos
2846 4223 3135 4279 secundum
3164 4224 3395 4279 animam
3437 4240 3541 4278 non
3571 4240 3758 4281 sumus
3801 4226 3907 4281 illis

2310 4317 2511 4371 similes
2532 4358 2545 4378 ,
2578 4316 2744 4370 multo
2774 4315 2950 4369 minus
2984 4315 3142 4369 Deus.
3196 4314 3414 4369 luterim
3462 4314 3679 4370 abducit
3709 4317 3830 4371 illos
3873 4338 3901 4368 ει

2315 4407 2639 4476 suspicione.
2672 4406 2787 4459 Non
2817 4405 2977 4460 modo
3008 4407 3293 4475 sculptura:
3312 4407 3444 4461 artis
3474 4417 3683 4462 nonest
3710 4408 3906 4461 similis

2314 4500 2474 4562 Deus,
2514 4498 2607 4552 sed
2634 4512 2807 4567 neque
2836 4498 2925 4551 ulli
2955 4498 3043 4552 alii
3072 4497 3319 4554 humana:
3344 4500 3653 4569 cogitationi
3680 4501 3901 4571 subjici-

2314 4582 2399 4643 tur
2433 4608 2446 4642 ε
2480 4605 2602 4643 nam
2644 4590 2727 4645 vel
2757 4604 2847 4645 ars
2872 4591 2959 4644 vel
2988 4606 3139 4646 mens
3185 4592 3406 4646 invenit.
3440 4590 3564 4647 ldeo
3606 4592 3685 4647 sic
3720 4593 3854 4648 dicit
3889 4615 3901 4647 :

2312 4681 2369 4735 Si
2400 4681 2470 4745 id,
2496 4680 2634 4749 quod
2659 4696 2746 4735 ars
2773 4681 2855 4735 vel
2884 4697 3033 4736 meus
3062 4683 3291 4737 hominis
3338 4684 3573 4751 invenit,
3602 4684 3743 4741 Deus
3782 4697 3866 4742 est
3887 4731 3901 4751 ,

2311 4780 2364 4824 et
2391 4772 2433 4824 si
2481 4772 2530 4825 in
2581 4770 2757 4840 lapide
2786 4772 3084 4826 substantia
3117 4774 3209 4828 Dei
3246 4796 3259 4829 :
3289 4775 3560 4843 quomodo
3601 4791 3730 4847 ergo
3760 4780 3807 4833 si
3850 4779 3903 4834 in

2312 4862 2427 4931 ipso
2454 4862 2701 4925 vivimus,
2730 4861 2902 4931 ipsum
2934 4879 3038 4917 non
3066 4864 3403 4920 invenimus?
3432 4865 3638 4936 Duplex
3668 4883 3799 4939 ergo
3820 4883 3908 4926 cst

2311 4954 2612 5019 accusatio,
2645 4962 2699 5008 et
2726 4954 2865 5023 quod
2913 4955 3063 5009 illum
3110 4970 3217 5009 non
3270 4958 3611 5027 invenerint,
3655 4969 3713 5016 et
3756 4963 3903 5032 quod

2312 5046 2444 5100 tales
2481 5044 2801 5100 invenerint.
2849 5045 2994 5099 Mens
3041 5062 3133 5116 per
3196 5050 3427 5120 seipsam
3481 5068 3743 5123 nusquam
3797 5055 3905 5112 ﬁde

2311 5135 2469 5203 digna
2496 5144 2600 5190 est.
2632 5134 2737 5191 Sed
2768 5145 3047 5206 postquam
3079 5139 3289 5194 illorum
3322 5145 3531 5197 animos
3557 5146 3635 5199 sic
3659 5148 3904 5217 exagita-

2311 5229 2418 5295 vit,
2466 5228 2805 5298 ostenditque
2851 5229 3241 5286 incxcusabiles
3277 5233 3397 5288 illos
3423 5250 3544 5290 esse
3569 5277 3583 5299 ,
3615 5238 3738 5292 vide
3774 5243 3904 5309 quid

2311 5319 2501 5373 subdat
2531 5338 2541 5373 :
2574 5320 2824 5391 Tempora
2867 5321 3067 5389 quidem
3096 5325 3399 5394 ignorantia:
3424 5328 3705 5396 despiciens
3724 5371 3740 5398 ,
3771 5350 3903 5387 nunc

2310 5415 2575 5464 annuntiat
2609 5412 2836 5466 omnibus
2886 5411 3200 5482 hominibus,
3234 5418 3414 5487 ubique
3458 5428 3509 5471 ut
3554 5422 3905 5488 paenitentiam

2310 5513 2482 5571 agant.
2502 5502 2635 5569 Quid
2664 5504 2827 5573 ergo?
2858 5519 3085 5561 nemone
3118 5508 3329 5562 illorum
3362 5524 3545 5579 pennas
3568 5512 3657 5566 dat
3678 5514 3703 5567 Υ
3728 5514 3905 5571 Nemo

2311 5604 2456 5649 certe
2487 5610 2703 5659 eorum,
2738 5598 2826 5666 qui
2873 5600 3239 5665 pmnitentiam
3279 5618 3437 5672 agere
3461 5605 3651 5658 velint.
3699 5608 3775 5663 De
3825 5610 3908 5663 his

2313 5687 2575 5756 loquitur;
2611 5705 2713 5741 non
2743 5688 2809 5743 de
2839 5690 2901 5743 iis
2924 5693 3012 5759 qui
3040 5692 3277 5749 defunCti
3306 5704 3449 5762 sunt,
3478 5698 3569 5752 sed
3593 5698 3663 5755 dc
3692 5702 3758 5755 iis
3783 5719 3905 5771 qut-

2313 5776 2407 5831 bus
2434 5781 2733 5832 annuntiat.
2766 5780 2876 5833 Non
2900 5782 3097 5852 exigit,
3135 5786 3336 5854 inquit,
3362 5802 3392 5843 a
3424 5788 3573 5843 vobis
3609 5792 3902 5848 rationein.

2318 5868 2600 5939 .‘inndixit,
2635 5872 2726 5926 Ille
2750 5873 3021 5941 despexit;
3055 5893 3158 5932 non
3183 5877 3335 5948 dixit,
3364 5880 3455 5937 llle
3477 5884 3721 5953 permisit
3745 5902 3761 5954 ;
3784 5888 3901 5957 sed,
