4076 6504
273 465 388 519 ‘27}
1204 464 1268 520 IN
1310 463 1489 520 ACTA
1534 464 2064 526 APOSTOLURU“.
2101 467 2333 523 HOMIL.
2379 469 2670 526 XXXVIII.

280 578 389 634 Vos
419 576 726 648 ignorastis.
759 576 1048 647 Despexit;
1101 576 1150 630 id
1198 585 1314 643 est,
1347 592 1452 631 non
1497 578 1668 664 exigit,
1698 593 1883 647 pcenas

275 670 432 742 quasi
455 684 486 723 a
515 670 780 739 supplicio
806 670 1000 739 dignis.
1027 668 1340 739 lgnorastis.
1368 670 1475 724 Nec
1502 670 1654 735 dicit,
1679 670 1883 742 Sponte

277 761 424 816 male
453 761 670 830 egistis;
703 760 796 814 sed
832 760 932 814 hoc
962 775 1058 828 per
1087 761 1369 829 superiora
1410 762 1762 829 monstravit,
1816 762 1882 816 Ut

273 859 461 928 ubique
487 860 830 929 penitentiam
861 867 1046 928 agant,
1094 855 1300 911 dicens.
1346 854 1444 909 llic
1481 863 1649 909 totum
1692 854 1878 909 urbem

218 990 230 997 .
273 952 588 1007 insinuavit.

353 1045 402 1099 i.
449 1043 580 1098 Vide
605 1041 876 1113 quomodo
914 1042 1035 1097 illos
1063 1041 1292 1096 abducat
1333 1055 1362 1094 a
1406 1040 1713 1110 pluralitate
1749 1039 1880 1094 dco-

268 1150 417 1188 ruiu.
455 1135 586 1200 Quia
615 1136 788 1188 statuit
820 1135 951 1188 diem
973 1176 985 1197 ,
1014 1133 1206 1204 inquit.
1239 1136 1418 1202 inqua
1441 1133 1774 1203 judicaturus
1801 1142 1873 1186 est

268 1226 446 1280 orbein
491 1226 543 1279 in
582 1228 834 1296 wquitate.
875 1227 1007 1281 Vide
1038 1242 1227 1280 rursus
1256 1225 1441 1279 orbem
1472 1224 1636 1290 dicit,
1669 1225 1746 1279 sic
1774 1224 1872 1277 ho-

267 1321 448 1374 mines
473 1335 689 1374 vocans.
719 1318 784 1373 In
816 1321 923 1374 tiro
961 1320 1012 1373 in
1043 1335 1140 1387 quo
1168 1319 1376 1382 statuit,
1409 1318 1662 1371 suscitans
1701 1335 1814 1371 eum
1845 1335 1874 1370 (ι

267 1415 502 1469 mortuis.
526 1411 660 1468 Vide
690 1412 960 1479 quomodo
989 1415 1181 1467 iterum
1213 1412 1518 1482 passionem
1558 1410 1872 1466 manifesta-

264 1506 375 1568 vit,
406 1505 858 1559 resurrectionem
910 1518 1234 1558 memorans.
1268 1503 1420 1570 Quod
1461 1514 1638 1557 autem
1683 1518 1869 1558 verum

262 1599 329 1653 sit
364 1598 645 1668 judicium,
679 1600 851 1669 palam
885 1608 968 1653 est
1007 1615 1070 1654 ex
1106 1598 1544 1663 resurrectione;
1577 1596 1701 1651 inde
1724 1598 1867 1651 enim

261 1689 318 1744 id
342 1692 588 1760 arguitur
611 1709 622 1745 :
645 1691 860 1762 etquod
885 1691 1063 1745 omnia
1083 1706 1204 1744 vera
1232 1689 1559 1760 sint,inquit,
1589 1689 1764 1758 palam
1788 1698 1871 1743 est

259 1797 327 1836 ex
378 1798 444 1836 eo
492 1783 634 1853 quod
674 1783 1031 1838 resurrcxcrit
1080 1800 1093 1836 :
1139 1781 1389 1852 quodque
1434 1782 1688 1837 omnibus
1727 1781 1867 1836 hanc

259 1875 590 1943 praebuerint
623 1876 778 1930 fidem
809 1917 822 1939 ,
849 1875 990 1945 quod
1019 1875 1376 1930 resurrexerit
1421 1891 1488 1929 ex
1534 1875 1783 1941 mortuis,
1813 1887 1866 1930 et

259 1971 363 2021 hoc
391 1967 624 2038 denique
670 1968 1012 2024 manifestum
1055 1978 1156 2024 est.
1194 1970 1317 2024 lla'c
1358 1969 1499 2023 dicta
1547 1972 1866 2025 suntAthe-

257 2059 575 2124 niensibus;
627 2068 681 2115 et
711 2070 1015 2130 Opportune
1048 2061 1201 2116 nobis
1232 2061 1394 2115 etiam
1428 2061 1695 2126 dicantur,
1742 2077 1863 2115 om-

254 2149 416 2203 nibus
445 2149 641 2218 ubiquc
664 2151 925 2220 agendam
959 2151 1332 2220 paenitentiam
1373 2165 1528 2218 esse,
1561 2152 1684 2220 quia
1725 2152 1860 2206 defi-

256 2243 391 2295 nivit
418 2243 562 2298 diem
596 2245 646 2297 in
679 2260 784 2314 quo
810 2244 1150 2314 judicaturus
1181 2255 1262 2300 est
1289 2247 1497 2300 orbem.
1533 2245 1665 2301 Vide
1696 2247 1858 2302 etiam

251 2335 531 2402 quomodo
555 2335 701 2389 illmn
727 2336 966 2405 judicent
1001 2337 1237 2401 inducat,
1268 2347 1320 2392 et
1351 2338 1536 2393 mundi
1567 2339 1858 2408 providen-

252 2434 382 2478 tam
414 2427 722 2490 habentem,
755 2427 1064 2498 benignum,
1098 2429 1525 2492 misericordem,
1558 2438 1856 2499 potentem,

248 2516 580 2583 sapientem,
637 2518 924 2588 omniaque
973 2535 1195 2587 prorsus
1242 2534 1362 2589 qua:
1407 2527 1533 2574 sunt
1581 2520 1859 2578 Creatoris

249 2606 564 2664 habentem.
595 2606 1066 2668 Coufirmationem
1110 2611 1453 2682 praebuerunt
1478 2613 1640 2678 dicta,
1673 2632 1794 2669 eum
1827 2631 1854 2668 a

249 2703 484 2757 mortuis
537 2703 931 2759 resurrexisse.
967 2705 1343 2761 Pmnitentiam
1400 2721 1531 2779 ergo
1574 2725 1797 2776 agamus
1842 2729 1854 2764 :

246 2796 474 2849 omnino
497 2797 640 2850 enim
661 2796 891 2866 judicari
913 2807 1147 2868 oportet.
1167 2799 1223 2853 Si
1251 2814 1355 2854 non
1379 2803 1676 2856 resurrexit
1702 2801 1856 2856 Chri-

247 2895 387 2953 stus,
418 2902 527 2941 nun
552 2887 896 2955 judicamur;
948 2891 992 2943 si
1025 2891 1347 2956 resurrexit,
1392 2894 1612 2946 omnino
1647 2893 1848 2961 judica-

248 2994 394 3033 tnur.
424 2979 491 3033 In
520 2981 615 3034 hoc
645 2981 777 3035 enim
803 2992 847 3036 et
878 2991 1106 3037 mortuus
1134 2994 1236 3050 est,
1268 2995 1321 3037 ut
1343 2995 1389 3038 et
1411 2986 1533 3039 vivis
1561 2997 1606 3039 et
1646 2989 1856 3043 mortuis

246 3072 462 3141 imperet
485 3072 663 3140 (Rom.
694 3074 780 3129 H.
809 3073 889 3145 9),
922 3075 1121 3144 inquit;
1153 3086 1206 3130 et
1229 3091 1441 3131 rursum
1469 3096 1480 3130 :
1511 3077 1696 3132 Omnes
1722 3085 1855 3133 enim

246 3163 563 3218 uasti-ibimus
592 3173 711 3218 ante
732 3165 956 3219 tribunal
978 3165 1188 3231 Clu-isti,
1214 3178 1268 3221 ut
1295 3170 1640 3240 unusquisque
1668 3172 1856 3241 referat

246 3253 530 3306 secundum
556 3271 614 3308 ea
642 3271 754 3325 qua:
778 3258 894 3326 fecit
931 3255 1090 3326 (Ibid.
1115 3273 1162 3310 υ.
1197 3258 1284 3313 10.
1325 3272 1378 3312 et
1403 3260 1458 3313 2.
1482 3258 1597 3314 Cor.
1651 3262 1704 3316 5.
1738 3263 1851 3332 ill).

247 3342 324 3397 Ν)
353 3345 549 3413 putetis
580 3345 697 3400 hare
738 3346 900 3401 verba
950 3347 1122 3402 solum
1155 3362 1275 3404 esse
1309 3365 1474 3405 :ecce
1517 3360 1570 3406 et
1617 3367 1856 3408 resurre-

245 3435 486 3490 ctiouem
515 3437 754 3492 omnium
786 3439 1141 3504 memoravit;
1175 3455 1347 3509 neque
1374 3443 1514 3496 enim
1534 3443 1853 3513 aliterjudi-

247 3537 403 3582 catur
439 3528 607 3582 orbis.
643 3528 817 3583 Etiam
851 3529 1009 3596 illud,
1069 3530 1337 3586 Suscitans
1381 3523 1492 3586 eum
1533 3551 1564 3587 a
1607 3539 1852 3604 mortuis,

247 3619 316 3673 de
345 3634 577 3690 corpore
610 3621 810 3677 dictum
839 3632 920 3678 est
953 3641 966 3678 :
1002 3624 1176 3693 ipsum
1209 3626 1354 3680 enim
1388 3637 1656 3682 mortuum
1700 3642 1816 3685 erat
1837 3674 1850 3697 ,

250 3711 354 3766 hoc
396 3713 688 3768 ceciderat.
726 3715 882 3784 Apud
912 3717 1139 3786 gentiles
1163 3760 1178 3784 ,
1223 3719 1362 3774 sicut
1400 3721 1639 3787 crcatio,
1687 3723 1757 3776 ita
1801 3734 1856 3779 et

247 3802 507 3871 judicium
555 3809 937 3863 contemnitur.
985 3809 1110 3864 llaec
1151 3819 1328 3865 autem
1372 3828 1663 3882 puerorum
1700 3832 1853 3871 com-

250 3904 429 3950 inenta
459 3907 620 3962 sunt,
652 3907 704 3953 et
738 3898 1009 3955 ebriorum
1033 3899 1334 3956 hominum.
1363 3904 1465 3960 Sed
1491 3921 1588 3961 nos
1616 3908 1705 3975 qui
1740 3907 1855 3964 lucc

249 3996 498 4043 accurate
539 3988 857 4058 didicimus,
904 3992 1107 4063 aliquid
1139 3995 1268 4050 utile
1295 3995 1549 4053 faciamus
1575 4039 1589 4064 ,
1632 4001 1852 4055 studea-

251 4093 480 4150 niusque
526 4079 817 4136 familiares
871 4099 992 4140 esse
1040 4085 1255 4142 Christo
1306 4089 1347 4143 ¹.
1400 4088 1687 4161 Usquequo
1737 4094 1852 4164 ejus

251 4170 453 4226 inimici
484 4173 732 4229 erimus?
758 4191 1033 4248 usquequo
1066 4180 1243 4235 minus
1270 4183 1506 4238 suaviter
1535 4199 1662 4254 erga
1702 4185 1850 4241 illum

251 4261 424 4315 affecti
457 4263 695 4318 erimus?
720 4266 906 4334 Absit,
952 4269 1160 4338 inquies
1186 4289 1201 4329 ;
1232 4287 1329 4327 cur
1358 4273 1474 4328 lucc
1505 4275 1638 4331 dicis
1660 4256 1853 4331 i'tvot-

250 4352 352 4405 lem
369 4354 485 4408 haec
509 4353 710 4420 dicere,
731 4357 833 4412 nisi
853 4374 947 4413 vos
971 4358 1216 4416 faceretis
1239 4379 1254 4428 ;
1289 4379 1432 4421 nunc
1459 4382 1587 4421 vero
1607 4384 1726 4438 quae
1745 4371 1849 4424 uti-

251 4442 370 4498 litas
413 4460 482 4498 ex
527 4446 775 4515 silentio,
835 4464 955 4505 cum
1005 4467 1092 4507 res
1138 4454 1210 4508 ita
1257 4457 1534 4527 perspicue
1582 4461 1850 4517 clament?

250 4535 531 4604 Quomodo
568 4539 732 4610 igitur
763 4542 913 4598 illum
962 4545 1285 4616 diligemus?
1330 4550 1654 4609 Sexceutics
1701 4556 1843 4623 dixi,

253 4629 342 4684 sed
393 4645 536 4685 nunc
563 4648 775 4703 quoque
801 4635 997 4691 dicam.
1041 4638 1255 4695 Modum
1300 4641 1571 4700 invenisse
1608 4647 1737 4701 mihi
1768 4649 1847 4702 vi-

252 4719 382 4775 deor
414 4736 662 4793 magnum
693 4733 746 4780 et
778 4726 1101 4786 mirabilem.
1133 4733 1325 4790 Postea
1354 4752 1512 4806 quam
1560 4739 1650 4795 Dei
1682 4740 1848 4802 bene~

253 4811 368 4868 licia
393 4818 755 4873 communiter
781 4821 934 4876 nobis
960 4833 1013 4877 et
1033 4824 1151 4880 aliis
1172 4826 1292 4880 data
1316 4833 1703 4899 reputavimus,
1725 4851 1848 4906 quas

253 4912 328 4960 tot
355 4914 610 4978 tantaque
637 4920 760 4965 sunt
790 4921 846 4967 ut
885 4921 1191 4972 enumerari
1235 4937 1340 4976 non
1380 4925 1624 4992 possint,
1667 4936 1720 4982 et
1751 4943 1848 4998 pro

253 5001 314 5056 iis
334 5001 584 5057 omnibus
609 5006 809 5074 gratias
831 5007 928 5077 ipsi
951 5009 1155 5080 egimus
1185 5027 1338 5080 :qua:
1362 5016 1585 5086 singulis
1603 5030 1845 5076 nostrum

253 5093 475 5147 contulit
499 5095 794 5166 COgitemus
817 5114 1024 5166 omnes,
1055 5113 1110 5157 et
1143 5106 1380 5173 quotidie
1417 5110 1468 5163 in
1503 5121 1735 5168 mentem
1766 5130 1850 5171 re-

253 5199 520 5242 viicemns.
550 5189 809 5254 Quoniam
844 5193 1002 5264 igitur
1047 5196 1163 5253 lucc
1192 5215 1438 5269 magnam
1474 5206 1578 5259 vim
1612 5207 1842 5276 habent,

252 5279 616 5350 unusquisque
644 5293 885 5337 nostrum
909 5299 1093 5341 secum
1125 5300 1357 5359 reputet,
1391 5303 1444 5348 et
1469 5307 1718 5354 accurate
1747 5316 1844 5355 ex-

252 5369 443 5440 ploret,
478 5388 606 5426 num
636 5373 925 5445 aliquando
957 5378 1007 5432 in
1041 5381 1335 5449 perieulum
1366 5386 1567 5455 lapsus,
1599 5388 1845 5447 inimico-

252 5478 360 5519 rum
391 5481 585 5520 manus
611 5465 896 5538 effugerit,
929 5479 982 5524 et
1011 5473 1160 5541 quasi
1191 5474 1244 5528 in
1274 5475 1411 5531 libro
1446 5478 1540 5534 Dei
1584 5480 1842 5538 beneficia

251 5553 510 5628 descripta
537 5557 734 5613 habeat
759 5578 770 5612 :
800 5561 1034 5632 exempli
1055 5578 1235 5627 causa,
1263 5583 1387 5620 num
1411 5569 1698 5641 aliquando
1720 5585 1845 5631 ante

251 5646 413 5703 lucem
463 5649 608 5703 viam
675 5665 998 5720 capessens,
1047 5657 1339 5723 periculum
1383 5660 1667 5732 effugerit;
1717 5683 1842 5720 num

253 5754 358 5795 cum
387 5743 590 5813 iniquis
611 5755 934 5811 congressus
953 5745 1279 5819 hominibus,
1299 5754 1546 5824 superior
1571 5758 1800 5812 evaserit
1826 5777 1839 5822 ;

303 5921 316 5952 ⁸
350 5929 478 5975 tuus
503 5922 677 5982 habet,
708 5930 822 5984 Deo,
853 5935 960 5986 pro,
986 5923 1191 5979 chriam.

3503 484 3614 539 ρτι

2002 597 2127 634 num
2163 580 2212 634 in
2245 581 2493 636 morbum
2519 583 2721 653 lapsus,
2746 586 3159 656 desperantibus
3180 592 3452 662 omnibus,
3475 610 3611 651 eon-

1995 671 2266 738 valuerit;
2311 674 2538 727 multum
2566 677 2728 729 .cnim
2779 676 2880 733 hoc
2923 679 3064 736 valet
3112 681 3178 736 ad
3233 683 3399 738 Deum
3452 688 3608 742 nobis

2005 763 2297 834 propitium
2327 765 2688 822 reddendum.
2718 767 2850 822 Nam
2883 770 2926 824 si
2956 770 3326 828 Mardochzcus
3358 775 3446 830 ille
3471 818 3484 839 ,
3517 777 3607 832 ul-i

1993 871 2084 910 rev
2117 857 2168 910 in
2203 864 2440 912 mentem
2482 861 2755 914 revocavit
2797 863 3054 918 beneficia
3107 865 3194 920 illa
3226 869 3295 921 ab
3335 869 3450 937 ipso
3498 871 3605 925 sibi

1991 947 2261 1015 praestita,
2297 947 2367 1002 ita
2412 952 2669 1019 acceptus
2709 953 2784 1006 illi
2827 952 2962 1020 fuit,
3011 965 3068 1009 ut
3095 957 3160 1010 ad
3213 958 3359 1013 illum
3415 961 3602 1030 gloria:

1988 1036 2332 1104 splendorem
2367 1042 2613 1109 veniret;
2663 1045 3030 1115 multomagis
3083 1064 3181 1103 nos
3203 1091 3216 1114 ,
3255 1051 3299 1104 si
3328 1068 3604 1107 memores

1988 1126 2250 1184 fuerimus
2277 1171 2289 1196 ,
2339 1141 2394 1185 et
2421 1132 2599 1188 si‘duo
2630 1134 2719 1190 illa
2750 1135 3037 1206 diligenter
3064 1141 3430 1208 esploremus,
3471 1143 3598 1212 quid

1987 1235 2084 1274 nos
2106 1224 2510 1290 peccaveriinus
2540 1226 2592 1280 iu
2625 1228 2815 1296 Deum,
2844 1241 2895 1286 et
2917 1248 3036 1302 qum
3069 1235 3225 1288 nobis
3271 1235 3359 1290 ille
3390 1236 3597 1291 benefi-

1983 1313 2064 1366 cia
2094 1314 2380 1369 contulerit
2410 1334 2422 1370 :
2453 1318 2532 1373 sic
2555 1329 2605 1374 et
2638 1337 2736 1375 nos
2777 1324 2912 1391 grati
2943 1327 3168 1390 erimus,
3203 1337 3256 1380 et
3298 1330 3478 1382 omnia
3511 1329 3571 1383 cf

1983 1405 2288 1460 fundemus.
2335 1407 2438 1461 Sed
2487 1425 2647 1464 nemo
2697 1416 2811 1468 haec
2859 1431 3042 1470 secum
3101 1429 3350 1486 reputat;
3409 1436 3594 1475 verum

1982 1497 2116 1551 sicut
2162 1498 2229 1554 de
2274 1504 2508 1569 peccatis
2546 1504 2835 1575 loquimur,
2881 1509 3124 1566 dicentes
3162 1528 3259 1566 nos
3310 1529 3594 1584 pecc;is.~c,

1982 1588 2122 1640 nulla
2153 1587 2287 1642 facta
2323 1592 2602 1660 speciatim
2644 1609 2986 1662 peccatorum
3021 1602 3342 1658 recensione
3371 1622 3383 1657 :
3426 1605 3506 1659 sic
3541 1617 3596 1659 ct

1978 1678 2044 1732 de
2076 1680 2352 1736 beneficiis
2385 1678 2476 1739 Dei
2513 1687 2813 1757 loquentes,
2841 1691 3074 1746 dicimus
3102 1694 3270 1748 Deum
3298 1709 3396 1751 nos
3425 1696 3591 1752 bene-

1950 1771 2104 1825 .ﬁcio
2131 1773 2377 1830 affecisse
2403 1817 2419 1843 ,
2464 1794 2564 1834 nec
2595 1783 2876 1850 speciatim
2912 1784 3170 1839 beneficia
3194 1788 3540 1854 esploramus
3576 1809 3589 1844 :

1976 1882 2082 1919 non
2115 1867 2344 1924 dicimus
2365 1913 2379 1936 ,
2411 1871 2522 1936 ubi,
2558 1887 2784 1944 quanta,
2820 1893 2927 1946 quo
2957 1887 3219 1949 tempore.
3250 1882 3357 1936 Sed
3395 1882 3594 1938 abhitc

1974 1959 2194 2012 multam
2225 1961 2578 2020 adhibeamus
2609 1966 2964 2037 diligentiam.
2997 1969 3129 2024 Nam
3167 1971 3211 2024 si
3253 1971 3372 2042 quis
3424 1974 3586 2027 etiam

1975 2060 2154 2105 vetera
2186 2065 2434 2125 repetere
2474 2068 2681 2127 potest,
2723 2062 2903 2115 omnia
2952 2073 3204 2119 accurate
3247 2067 3299 2118 iu
3348 2076 3585 2120 mentem

1971 2154 2224 2211 revocet,
2260 2147 2411 2217 quasi
2456 2165 2707 2219 maguum
2735 2162 3049 2221 reperturus
3084 2155 3419 2212 thesaurum.
3475 2158 3588 2212 lloe

1968 2235 2130 2288 etiam
2165 2238 2316 2292 nobis
2349 2240 2477 2296 utile
2505 2250 2619 2307 est,
2655 2253 2846 2298 utnon
2886 2245 3262 2316 desperemus.
3297 2248 3430 2302 Nam
3461 2265 3584 2304 cum

1967 2325 2262 2385 viderimus
2292 2332 2463 2398 ipsum
2493 2336 2820 2403 same-nobis
2847 2340 3244 2406 patrocinatum
3280 2358 3433 2406 esse,
3476 2359 3583 2397 una

1968 2417 2376 2487 desperabimus
2404 2440 2504 2481 nec
2527 2427 2835 2496 putabimus
2866 2444 2966 2483 nos
2990 2431 3229 2500 abiectos
3257 2433 3420 2488 fuisse
3443 2451 3456 2499 ;
3486 2438 3581 2489 sed

1967 2524 2217 2581 maguum
2269 2516 2601 2585 accipiemus
2631 2520 2822 2589 pignus
2852 2522 2970 2589 ejus
2994 2537 3120 2592 erga
3158 2538 3254 2577 nos
3284 2525 3578 2592 providen-

1969 2604 2054 2658 tia:
2075 2646 2089 2665 ,
2139 2620 2259 2659 cum
2293 2609 2707 2677 cogitaverimus
2735 2627 2834 2665 nos
2866 2622 3156 2683 peccantes
3202 2630 3310 2669 non
3358 2616 3534 2685 puniri
3562 2657 3576 2682 ,

1965 2692 2059 2749 sed
2087 2695 2204 2764 ejus
2235 2699 2537 2766 patrocinio
2565 2700 2687 2754 frui.

2037 2787 2090 2840 5.
2149 2786 2380 2842 Historia
2428 2793 2574 2859 pueri
2619 2793 2888 2863 cujusdam
2937 2799 3083 2866 a’gri.
3129 2828 3199 2837 ——
3248 2798 3428 2853 Dicam
3480 2815 3581 2871 ego

1964 2879 2163 2947 aliquid
2188 2921 2202 2944 ,
2239 2881 2384 2950 quod
2417 2900 2445 2936 a
2474 2885 2728 2954 (inopiam
2759 2887 2959 2942 audivi.
2994 2889 3127 2943 Erat
3157 2891 3373 2960 quidam
3409 2909 3577 2960 puer,

1964 2986 2124 3040 quem
2151 2974 2374 3043 contigit
2400 2991 2522 3030 cum
2554 2985 2725 3032 matre
2762 2995 2813 3032 ιιι
2847 2994 2978 3049 agro
3005 2995 3124 3037 esse
3144 3024 3158 3048 ,
3188 2998 3310 3037 cum
3342 2984 3580 3039 nondum

1965 3061 2270 3129 quindecim
2303 3079 2566 3119 annorum
2596 3076 2742 3122 esset
2768 3086 2779 3122 :
2808 3079 2933 3124 tunc
2957 3072 3103 3140 gravi
3135 3083 3189 3127 et
3220 3084 3476 3144 Corrupto
3500 3076 3582 3129 in-

1962 3163 2187 3221 grnente
2224 3170 2351 3210 aere
2376 3199 2390 3224 ,
2438 3169 2726 3229 utrumque
2771 3161 2935 3217 febris
2978 3164 3173 3219 invasit
3203 3185 3214 3218 :
3244 3178 3362 3221 crat
3397 3178 3580 3224 autem

1963 3245 2206 3300 autumni
2241 3256 2552 3317 tempestas.
2590 3251 2739 3307 Tunc
2771 3264 2945 3308 mater
2981 3257 3168 3311 urbem
3203 3259 3408 3327 ingredi
3443 3276 3582 3330 pra:-

1963 3339 2247 3406 orcupavit
2276 3357 2288 3391 :
2321 3355 2457 3409 puer
2485 3357 2616 3398 vero
2645 3358 2675 3396 a
2707 3346 2934 3400 medicis
2959 3347 3144 3416 jussus
3177 3350 3304 3404 illuc
3337 3366 3578 3418 manere,

1961 3440 2081 3478 eum
2119 3427 2282 3482 febris
2313 3428 2561 3500 flagraret
2589 3474 2602 3497 ,
2632 3435 2796 3503 coepit
2825 3437 3164 3507 gargarizare
3185 3481 3199 3505 ,
3230 3441 3368 3510 apud
3399 3457 3457 3496 se
3489 3458 3578 3498 ra-

1965 3518 2227 3575 tiocinans
2249 3563 2264 3589 ,
2295 3531 2596 3593 puteusque
2627 3527 2706 3580 sic
2752 3525 2941 3581 febrim
2983 3531 3253 3600 exstingui
3305 3549 3463 3603 posse
3488 3578 3502 3602 ,
3534 3537 3578 3590 si

1964 3609 2093 3663 nihil
2145 3611 2369 3667 omnino
2413 3615 2654 3670 alimenti
2701 3620 2992 3688 acciperet.
3049 3620 3248 3691 Utpote
3296 3640 3468 3694 puer,
3512 3643 3576 3682 ex

1962 3701 2336 3772 intempestiva
2381 3708 2730 3762 contentione
2764 3710 2895 3762 nihil
2925 3713 3152 3782 accepit.
3206 3713 3275 3769 Ut
3305 3726 3482 3770 autem
3511 3718 3578 3771 ad

1963 3792 2148 3849 urbem
2175 3797 2336 3854 venit.
2371 3797 2546 3868 lingua
2581 3800 2814 3872 paralysi
2846 3811 2984 3856 tacta
3014 3814 3133 3871 est,
3164 3805 3236 3860 ita
3267 3816 3324 3861 ut
3350 3809 3440 3862 diu
3469 3827 3574 3862 non

1961 3885 2226 3956 laqueus,
2262 3889 2393 3944 nihil
2437 3893 2765 3949 articulatim
2817 3898 3166 3965 pronuntiare
3215 3911 3431 3970 posset;
3481 3904 3575 3958 sed

1960 3965 2172 4049 legebat
2197 3981 2412 4052 quidem
2439 4025 2453 4050 ,
2483 3994 2536 4039 et
2569 3989 2853 4056 magistros
2882 3991 3053 4044 multo
3084 4000 3326 4061 tempore
3353 3993 3528 4048 adibat
3560 4012 3575 4060 ;

1959 4071 2054 4126 sed
2088 4073 2284 4128 frustra
2312 4085 2364 4130 et
2395 4075 2600 4149 absque
2629 4080 2782 4150 signo
2817 4082 2946 4136 ullo.
2981 4081 3169 4138 Omnis
3197 4101 3326 4157 ergo
3356 4103 3481 4157 spes
3509 4088 3579 4141 ab

1959 4162 2052 4218 illo
2078 4166 2350 4221 exciderat
2375 4210 2390 4235 ,
2429 4180 2704 4242 materque
2733 4178 2849 4243 ejus
2887 4176 3110 4230 multum
3142 4176 3375 4233 dolebat.
3411 4182 3574 4239 Multa

1957 4256 2156 4311 medici
2177 4301 2191 4323 ,
2216 4260 2381 4315 multa
2402 4261 2494 4316 alii
2517 4265 2921 4335 excogitarunt,
2946 4269 3038 4323 sed
3068 4270 3336 4326 incassum
3364 4291 3374 4325 :
3401 4277 3577 4328 donec

1957 4347 2225 4420 benignus
2255 4352 2393 4407 Deus
2420 4354 2613 4425 lingua:
2637 4357 2908 4414 vinculum
2933 4365 3158 4428 curavit,
3183 4373 3415 4434 tuaeque
3442 4381 3572 4418 con.

1957 4440 2146 4506 valuit,
2171 4449 2224 4496 et
2250 4444 2530 4512 pristinam
2562 4448 2812 4518 loquendi
2843 4451 3154 4509 facultatem
3181 4457 3406 4524 acc-epit.
3439 4456 3572 4510 Nar-

1957 4535 2095 4589 ravit
2120 4546 2298 4592 autem
2333 4539 2500 4607 ipsius
2529 4553 2723 4610 mater,
2750 4559 2871 4599 cum
2902 4549 3159 4616 puerulus
3191 4561 3363 4615 chct,
3397 4552 3570 4622 ipsum

1957 4629 2010 4683 in
2058 4644 2188 4686 nare
2225 4633 2474 4691 morbum
2521 4634 2774 4694 habuisse
2799 4682 2814 4706 ,
2843 4656 3003 4711 quem
3034 4653 3222 4698 vocant
3272 4644 3566 4715 polypum;

1957 4737 2280 4792 rursumque
2308 4727 2546 4783 medicos
2569 4729 2963 4801 desperavisse,
2988 4747 3310 4806 Optasseqne
3339 4746 3566 4792 matrem

1956 4825 2014 4869 ut
2057 4829 2400 4884 moreretur,
2447 4831 2761 4893 patremque
2817 4826 2914 4896 ipsi
2964 4827 3308 4884 maledixisse
3353 4830 3570 4900 (adhuc

1955 4911 2096 4964 enim
2121 4912 2385 4983 vivebat):
2407 4917 2694 4988 omniaque
2715 4917 2893 4974 denuo
2916 4922 3185 4976 anxietate
3212 4923 3366 4993 plena
3391 4936 3566 4981 erant.

1954 5001 2049 5058 llle
2080 5019 2208 5059 vero
2239 5007 2516 5062 tussiendo
2541 5049 2554 5073 ,
2587 5025 2653 5065 ex
2685 5027 2903 5066 mucore
2954 5016 3118 5068 feram
3161 5016 3306 5069 illam
3344 5019 3565 5086 spiritus

1954 5092 2156 5164 impetu
2178 5110 2242 5150 ex
2269 5098 2484 5152 naribus
2506 5099 2686 5168 ejccit,
2706 5104 2993 5172 omniaque
3015 5107 3192 5174 gravia
3218 5108 3390 5161 soluta
3416 5120 3563 5163 sunt.

1954 5184 2068 5241 Hoc
2106 5187 2293 5244 sedato
2325 5190 2464 5245 malo
2503 5190 2679 5248 ﬂuxus
2722 5210 2818 5265 per
2856 5196 3040 5252 oculos
3086 5214 3212 5254 acer
3237 5210 3290 5254 et
3322 5200 3564 5257 viscosus

1953 5277 2146 5341 ﬂuens,
2183 5282 2317 5337 tales
2349 5293 2563 5353 tamque
2593 5301 2804 5342 crassas
2835 5287 3007 5344 lcmas
3033 5288 3299 5346 efficiebat
3320 5333 3333 5357 ,
3367 5301 3422 5344 ιιι
3454 5294 3564 5361 pel-

1953 5370 2112 5427 lieula
2167 5376 2381 5444 pupilla:
2435 5377 2835 5446 abduceretur,
2885 5383 3136 5454 quodque
3187 5400 3350 5455 grave
3398 5398 3515 5440 erat
3545 5430 3559 5451 ,

1951 5468 2248 5523 caecitatem
2279 5471 2582 5527 minabatur
2602 5517 2616 5539 ,
2647 5489 2944 5545 omnesque
2976 5475 3209 5532 futuram
3244 5479 3386 5532 illam
3417 5479 3563 5533 diee-

1952 5558 2099 5614 baut.
2149 5562 2254 5616 Sed
2299 5563 2402 5618 hoc
2449 5565 2609 5620 etiam
2657 5569 2848 5625 morbo
2895 5585 2991 5639 per
3034 5571 3129 5625 Dei
3175 5573 3401 5643 gratiam
3451 5572 3560 5629 citu

1952 5649 2208 5707 liberatus
2231 5663 2331 5708 est.

2027 5743 2255 5800 Historia
2296 5748 2400 5802 alia
2438 5750 2506 5803 ad
2552 5754 2718 5819 ipsum
2745 5755 3164 5826 Clu-ysostomum
3196 5758 3556 5827 pertinens.“

1952 5837 2016 5890 Et
2058 5839 2172 5892 hate
2203 5840 2416 5908 quidem
2445 5842 2656 5907 audivi;
2688 5862 2806 5914 qtae
2834 5864 2962 5902 vero
2995 5850 3107 5918 ipsc
3135 5849 3249 5904 scio
3275 5892 3287 5914 ,
3321 5849 3555 5904 narrabo

1953 5930 2122 5986 vobis.
2145 5930 2285 5987 aluta
2306 5944 2387 5990 est
2413 5943 2760 6006 tyrannorum
2783 5942 3018 6012 suqiicio
3037 5943 3088 5997 in
3111 5953 3326 6000 Civitate
3350 5952 3552 6002 nostra.
