4076 6486
558 428 663 483 εῖς

559 548 684 603 dum
711 546 883 602 adhuc
912 545 1223 603 adolescens
1247 561 1419 600 essem
1453 560 1468 597 :
1499 541 1861 611 militibusque
1889 540 2135 595 onmibus

559 643 757 699 circum
779 641 1045 696 civitatem
1072 641 1199 695 foris
1222 639 1423 709 positis,
1443 637 1579 691 forte
1600 634 1809 689 libellos
1827 632 2136 703 quaerebant

556 736 939 805 praestigiarum
971 744 1024 789 ct
1057 734 1307 803 mag‘cos.
1335 731 1400 784 Et
1439 729 1530 799 qui
1574 729 1857 797 scripserat
1897 726 2090 780 librum
2115 767 2130 790 ,

558 827 950 895 incompactum
983 826 1207 895 proiecit
1248 825 1299 878 in
1332 822 1527 877 ilutnen
1554 862 1568 885 ,
1599 829 1889 889 captusque
1936 827 2052 878 est;
2083 825 2137 872 ct

554 930 676 972 cum
729 917 797 971 ab
828 917 916 971 illo
946 917 1319 985 requireretur,
1363 912 1490 967 dare
1524 928 1628 967 non
1683 910 1869 981 potuit,
1918 908 2009 962 sed
2043 924 2137 976 per

557 1008 744 1063 urbem
773 1008 979 1061 vinctus
1007 1007 1313 1061 ducebatur.
1348 1004 1479 1059 Cum
1511 1015 1685 1059 autem
1716 1002 1887 1056 auctis
1927 1000 2134 1054 indiciis

558 1108 612 1154 et
651 1098 1045 1169 probationibus
1069 1140 1084 1164 ,
1114 1112 1300 1168 pcenas
1324 1096 1561 1152 dedisset
1588 1112 1605 1149 :
1635 1104 1758 1149 tunc
1801 1110 1899 1163 ego
1929 1108 2050 1147 cum
2084 1092 2135 1147 in

558 1188 863 1259 martyrium
908 1188 921 1219 ⁸
964 1187 1040 1243 ire
1071 1187 1263 1241 vellem
1292 1227 1306 1252 ,
1338 1186 1624 1241 transibam
1656 1199 1751 1254 per
1780 1185 1961 1236 hortos
1992 1181 2136 1251 iusta

558 1279 754 1335 ﬂumen
782 1294 902 1335 etim
930 1279 1034 1333 alio
1059 1278 1287 1348 quodam
1314 1295 1329 1335 :
1353 1278 1440 1348 qui
1472 1286 1527 1331 ut
1553 1276 1682 1329 vidit
1705 1282 2134 1343 supernatantem

556 1369 770 1436 librum,
806 1371 976 1440 primo
1007 1384 1064 1425 se
1094 1370 1314 1424 linteum
1346 1369 1526 1422 videre
1562 1368 1793 1436 putavit,
1822 1380 1885 1420 ac
1908 1364 2133 1419 desceno

553 1460 689 1516 dens
717 1462 949 1531 recepit;
981 1470 1040 1515 ut
1068 1461 1292 1515 accessit
1320 1474 1448 1513 vero
1473 1500 1489 1527 ,
1521 1458 1709 1512 librum
1740 1472 1859 1511 esse
1884 1455 2049 1519 vidit,
2083 1462 2138 1509 et

556 1551 886 1609 descendens
926 1553 1089 1623 cepit.
1117 1552 1229 1623 Ego
1261 1566 1386 1606 vero
1422 1549 1807 1605 contendi-bam
1833 1590 1846 1613 ,
1878 1548 2031 1619 quasi
2069 1546 2135 1602 de

558 1657 619 1698 re
661 1643 929 1697 communi
979 1652 1186 1711 reperta
1212 1682 1224 1706 ,
1256 1641 1617 1710 ridebamque.
1664 1639 1769 1695 Sed
1822 1638 2135 1701 videamus,

555 1735 727 1805 inquit
754 1735 858 1803 ille,
881 1735 1002 1805 quid
1030 1736 1131 1789 sit:
1159 1734 1499 1803 revolutaque
1526 1734 1730 1803 pagina:
1749 1738 1899 1802 parte
1937 1731 2135 1800 magica

554 1825 817 1896 descripta
844 1827 1062 1881 invenit.
1090 1825 1296 1881 Accidit
1318 1835 1494 1879 autem
1525 1824 1711 1879 eodem
1738 1834 1977 1895 tempore
2003 1823 2141 1878 mili-

558 1930 663 1975 tem
696 1921 940 1975 transire.
974 1918 1108 1974 llinc
1137 1934 1265 1975 vero
1290 1918 1469 1995 socius
1497 1918 1587 1973 illo
1616 1918 1881 1973 occultato
1909 1916 2057 1983 abiit,
2087 1924 2135 1970 et

557 2013 746 2067 timore
772 2011 1091 2067 tabescebat.
1119 2011 1247 2080 Quis
1273 2011 1414 2067 enim
1444 2010 1761 2067 credidisset
1788 2025 1885 2065 nos
1909 2025 1939 2064 e
1965 2009 2137 2063 ﬂumi-

555 2116 625 2157 ne
657 2102 799 2156 illum
838 2102 1115 2156 sustulisse
1140 2144 1154 2168 ,
1196 2117 1314 2157 cum
1356 2116 1545 2157 omnes
1576 2102 1735 2157 etiam
1764 2116 1869 2155 non
1905 2102 2135 2170 suspecti

553 2194 953 2248 detinereutur?
994 2194 1239 2263 Abjiccre
1270 2209 1382 2248 non
1418 2193 1778 2259 audebamus,
1821 2208 1887 2247 ne
1925 2192 2133 2248 videre-

555 2299 699 2349 mur,
726 2293 779 2337 et
828 2284 939 2352 pari
992 2284 1180 2339 timore
1226 2283 1603 2339 cohibebamur
1643 2300 1709 2338 ne
1754 2283 2132 2339 dividerentus.

558 2372 668 2427 Deo
699 2382 872 2427 tamen
898 2373 1118 2442 juvaute
1146 2374 1483 2444 projccimus,
1507 2382 1562 2429 et
1602 2374 1670 2429 ab
1718 2372 1970 2429 extremis
1997 2373 2135 2442 peri-

552 2462 686 2516 culis
706 2464 869 2532 erepti
890 2478 1090 2517 sumus.
1114 2463 1391 2519 lnnumcra
1410 2464 1588 2519 dicere
1610 2478 1819 2533 possem
1842 2464 1885 2517 si
1906 2464 2095 2518 vellem
2119 2481 2131 2516 :

553 2551 667 2607 her
694 2563 869 2607 autem
898 2553 948 2606 in
974 2555 1133 2607 vestri
1162 2554 1383 2623 gratiam
1406 2554 1542 2617 dixi;
1573 2563 1629 2607 ut
1654 2554 1696 2607 si
1721 2553 1860 2623 quis,
1885 2552 1928 2607 si
1952 2568 2057 2607 non
2082 2552 2132 2605 in

556 2644 723 2712 paria,
752 2644 805 2698 in
834 2644 935 2697 alia
965 2652 1138 2698 tamen
1171 2645 1404 2711 incidat,
1437 2659 1620 2700 eorum
1653 2644 1961 2699 memoriam
1992 2658 2135 2698 sem-

556 2747 651 2802 per
678 2744 873 2789 servet.
908 2733 1063 2789 Verbi
1088 2736 1275 2803 gratia,
1309 2736 1351 2789 si
1382 2735 1536 2804 lapis,
1568 2736 1619 2788 iu
1650 2744 1702 2790 te
1731 2734 2032 2804 conjectus,
2060 2742 2139 2789 te-

619 2908 633 2937 ι
671 2905 983 2973 Martyrium,
1012 2907 1218 2973 ecclesi_a_
1260 2917 1546 2973 martyrum,
1578 2909 1658 2959 vel
1699 2913 1746 2959 in
1787 2923 1882 2973 qua
1908 2911 2136 2972 reliquize

552 2973 811 3074 nliartyrtulm
836 2968 1151 3018 habebantur.
1179 2970 1285 3019 Vox
1320 2968 1555 3034 frequens
1586 2972 1712 3034 apud
1760 2968 2133 3035 Sc't'iptores'ec-

551 3045 580 3073 υ
601 3041 726 3077 cstas
768 3041 869 3077 cos.

1350 428 1403 481 S.
1442 424 1715 481 JUANNIS
1752 421 2226 478 CllllYSOSTOMI
2266 418 2581 476 AllCllll‘lP.
2612 418 3144 480 CONSTANTINOP.

3724 424 3823 480 ’376

2237 554 2340 610 que
2360 546 2503 594 recta
2526 540 2809 609 impetens,
2830 557 2937 597 non
2960 544 3010 597 in
3033 553 3083 598 te
3102 543 3317 613 incidat,
3339 543 3498 613 hujus
3521 560 3735 616 semper
3751 547 3823 600 sis

2239 647 2483 687 memor:
2514 631 2616 688 hoc
2648 633 2801 688 nobis
2828 650 3073 706 magnam
3111 638 3200 694 Dei
3228 638 3518 693 amicitiam
3548 639 3820 695 conciliat.

2239 723 2293 779 Si
2324 722 2465 778 enim
2505 739 2628 778 cum
2664 726 3012 784 recordamur
3040 729 3345 797 hominum,
3379 731 3469 802 qui
3511 747 3611 786 nos
3639 747 3827 788 serva-

2239 825 2362 869 runt
2380 855 2396 881 ,
2427 830 2752 885 magnopere
2775 818 3019 874 dolemus
3040 862 3053 885 ,
3084 823 3126 875 si
3156 838 3262 877 non
3291 825 3556 893 possimus
3588 823 3720 895 ipsis
3746 825 3829 879 vis

2238 920 2353 961 cem
2401 908 2699 977 rependere
2748 929 2761 964 :
2808 912 2975 967 multo
3019 914 3187 985 magis
3234 916 3344 972 Deo
3388 919 3586 989 gratias
3628 919 3835 975 habere

2239 1007 2471 1067 oportet.
2502 998 2556 1054 Id
2597 1009 2651 1056 et
2680 1000 2814 1057 alias
2854 1004 2982 1059 utile
3011 1014 3112 1059 est.
3144 1004 3197 1061 Si
3231 1010 3408 1079 itaque
3444 1010 3688 1065 volumus
3720 1027 3832 1067 nan

2241 1091 2461 1146 nimium
2494 1091 2679 1149 dolere
2700 1136 2713 1155 .
2744 1094 2983 1149 dicamus
3013 1115 3025 1150 :
3055 1096 3116 1151 Si
3154 1096 3287 1152 bona
3322 1104 3632 1172 suscepimus
3657 1119 3689 1155 η
3720 1102 3832 1157 Do-

2240 1182 2409 1248 mino,
2441 1199 2614 1238 annon
2650 1183 2787 1238 mala
2833 1186 3049 1255 feremus
3087 1186 3225 1257 (Iob
3251 1188 3305 1244 9..
3363 1191 3508 1261 l0)?
3540 1193 3605 1248 Et
3634 1194 3835 1249 Paulus

2241 1273 2361 1328 ideo
2389 1274 2602 1329 dicebat
2622 1317 2635 1340 ,
2669 1276 2809 1334 unde
2838 1278 3093 1333 liberatus
3117 1290 3293 1347 esset,
3325 1289 3379 1335 ut
3406 1284 3537 1338 alios
3567 1284 3834 1340 admone-

2239 1375 2342 1420 ret.
2376 1366 2508 1422 Vide
2537 1377 2591 1423 et
2619 1367 2899 1435 Jacohum,
2932 1372 3202 1440 quomodo
3234 1374 3322 1428 illa
3351 1378 3530 1431 omnia
3560 1377 3613 1431 in
3652 1389 3835 1434 mente

2241 1458 2457 1524 habuit;
2489 1459 2608 1515 ideo
2635 1460 2843 1516 diccbat
2873 1480 2887 1516 :
2915 1464 3136 1534 Angelus
3158 1464 3244 1533 qui
3273 1465 3457 1535 eripuit
3487 1484 3566 1523 me
3587 1486 3619 1521 a
3640 1470 3830 1538 juven-

2240 1560 2344 1604 tute
2362 1568 2472 1606 mea
2492 1551 2647 1622 (Gen.
2669 1554 2757 1609 48.
2786 1554 2895 1625 16).
2921 1554 3025 1611 Sed
3048 1557 3341 1627 cogitemus
3364 1574 3466 1614 non
3492 1561 3663 1615 solum
3688 1562 3835 1631 quod

2240 1645 2474 1711 eruerit,
2503 1643 2600 1700 sed
2626 1646 2784 1701 etiam
2816 1649 3088 1719 quomodo
3112 1660 3163 1705 et
3191 1665 3294 1721 qua
3324 1652 3374 1706 in
3406 1668 3483 1708 re.
3512 1653 3647 1709 Vide
3673 1655 3837 1725 igitur

2242 1738 2389 1793 illum
2431 1740 2707 1809 Speciatim
2734 1740 2989 1797 beneﬁcia
3022 1757 3555 1802 commemorantem.
3590 1746 3655 1801 In
3692 1750 3837 1819 virga

2242 1847 2372 1897 mea,
2402 1832 2604 1902 inquit,
2634 1834 2842 1887 transivi
2869 1832 3152 1889 Iordanem
3185 1836 3203 1906 (
3230 1835 3357 1892 Gen.
3382 1839 3471 1893 52.
3502 1838 3633 1909 10).
3661 1839 3835 1895 Iudaei

2244 1937 2370 1978 vero
2399 1923 2559 1979 etiam
2599 1940 2785 1980 eorum
2812 1966 2827 1991 ,
2856 1942 2977 1996 qua:
3015 1928 3305 1997 majoribus
3347 1932 3460 1985 suis
3498 1943 3793 1986 evenerant
3819 1975 3833 1995 ,

2241 2029 2455 2085 semper
2482 2031 2749 2074 memores
2778 2029 2952 2084 erant,
2986 2030 3292 2091 repetentes
3320 2038 3403 2089 ea,
3433 2040 3552 2094 quae
3584 2026 3635 2079 in
3668 2025 3837 2097 Egy-

2241 2117 2333 2179 pto
2360 2108 2684 2164 acciderant.
2717 2110 2777 2165 Et
2810 2125 2907 2167 nos
2936 2127 3065 2183 ergo
3091 2114 3261 2170 multo
3289 2118 3455 2185 magis
3481 2133 3689 2179 eorum,
3716 2136 3837 2188 qua:

2242 2198 2396 2254 nobis
2434 2200 2780 2266 acciderunt,
2812 2219 3078 2260 memores
3110 2206 3279 2261 simus
3300 2247 3318 2274 ,
3348 2210 3555 2276 quoties
3585 2210 3635 2264 in
3666 2225 3840 2282 angu-

2242 2292 2371 2345 stias
2408 2301 2462 2345 et
2494 2292 2823 2349 calamitates
2861 2296 3178 2363 incidimus;
3212 2308 3266 2354 et
3304 2300 3401 2353 nisi
3440 2300 3579 2355 Deus
3614 2318 3835 2358 manum

2244 2385 2798 2456 porrexissetJamdiu
2818 2387 3177 2457 periissemus.
3198 2390 3322 2447 llaec
3333 2394 3628 2462 cogitantes
3643 2411 3835 2451 omnes

2241 2485 2294 2528 ct
2324 2475 2561 2545 quotidie
2599 2487 2929 2545 repetentes,
2957 2482 3157 2551 gratias
3182 2495 3397 2553 semper
3428 2485 3540 2540 Deo
3566 2500 3790 2556 agamus
3816 2528 3831 2552 ,

2239 2574 2289 2621 et
2324 2567 2373 2619 in
2405 2569 2675 2622 communi
2702 2584 2889 2626 omnes
2918 2572 3144 2642 gloriam
3176 2575 3274 2644 ipsi
3307 2575 3626 2645 referamus,
3662 2596 3837 2651 neque

2241 2659 2390 2713 illum
2420 2658 2693 2715 celebrare
2720 2676 3012 2730 cessemus,
3040 2673 3099 2719 ut
3123 2667 3261 2736 grati
3288 2669 3451 2723 animi
3483 2686 3735 2741 magnam
3761 2689 3836 2727 re-

2240 2752 2500 2820 cipiamus
2529 2750 2829 2807 mercedem
2861 2771 2875 2807 :
2903 2756 3073 2824 gratia
3103 2765 3158 2811 et
3187 2758 3621 2816 miserationibus
3651 2764 3836 2834 unige-

2241 2843 2338 2896 niti
2365 2842 2484 2911 ejus
2514 2843 2631 2897 Filii
2660 2882 2673 2907 ,
2705 2844 2920 2913 quicum
2948 2854 3003 2901 et
3032 2863 3134 2902 una
3166 2847 3384 2918 Spiritui
3411 2861 3597 2907 sancto
3622 2855 3791 2924 gloria
3821 2898 3834 2921 ,

2240 2933 2554 3003 imperium,
2587 2933 2787 3000 honor,
2818 2950 2959 2990 nunc
2985 2946 3040 2993 et
3071 2952 3306 3009 semper,
3338 2950 3392 2997 et
3421 2943 3473 2997 in
3500 2946 3703 3000 saecula
3733 2961 3838 3002 sa:-

2237 3024 2500 3077 culorum.
2534 3024 2726 3079 Amen.

1848 3206 2191 3267 HOMILIA
2234 3207 2543 3267 XXXIX.

554 3348 679 3403 Car.
718 3349 801 3401 l7.
832 3362 883 3402 v.
931 3348 1019 3404 59..
1065 3349 1188 3404 Cum
1230 3350 1486 3406 audissent
1523 3361 1689 3405 autem
1730 3352 2141 3406 resurrectionem

625 3450 970 3505 mortuorum,
1003 3441 1090 3494 alii
1119 3443 1318 3512 quidem
1360 3443 1633 3496 irridebant
1662 3485 1675 3506 ,
1706 3444 1796 3497 alii
1836 3460 1950 3497 vero
1991 3444 2137 3497 dixe-

626 3541 744 3585 runt
774 3546 792 3585 :
818 3532 1084 3587 Audientns
1115 3544 1159 3587 te
1183 3535 1244 3588 de
1274 3535 1367 3588 hoc
1395 3536 1590 3588 iterant.
1622 3535 1710 3590 55.
1747 3534 1809 3588 Et
1838 3534 1909 3587 sic
1941 3533 2139 3588 Paulus

626 3624 747 3677 exiit
777 3624 840 3678 de
869 3626 1033 3679 medio
1064 3642 1255 3679 eorum.

626 3717 677 3770 1.
720 3714 825 3768 (Zur
852 3715 1065 3777 Paulus,
1099 3733 1217 3770 cum
1250 3718 1326 3773 sic
1356 3720 1728 3789 persuasisset,
1761 3729 1817 3775 ut
1844 3722 2136 3776 Athenien-

555 3822 642 3860 ses
668 3806 925 3871 dicerent,
955 3808 1227 3863 Audiamus
1256 3820 1301 3863 tc
1326 3810 1387 3864 dc
1417 3810 1509 3865 hoc
1533 3811 1731 3879 iterum,
1763 3828 1990 3883 cumque
2016 3814 2135 3867 nul-

557 3896 605 3949 la
644 3905 823 3950 essent
857 3899 1085 3966 pericula
1112 3941 1124 3963 ,
1158 3900 1368 3955 festinat
1410 3902 1765 3958 Athenienses
1796 3906 2137 3974 relinquere?

558 3986 714 4043 Forte
740 3988 937 4043 sciebat
964 4004 1022 4044 se
1047 4005 1149 4045 non
1178 3994 1398 4046 multmn
1427 3995 1553 4048 lucri
1583 3994 1842 4050 facturum
1868 4015 1880 4050 :
1903 3997 2137 4066 alioquin

555 4080 711 4134 etiam
753 4096 781 4133 a
825 4080 1021 4150 Spiritu
1069 4082 1379 4137 Corinthum
1418 4086 1731 4141 ducebatur.
1782 4089 1867 4143 55.
1918 4089 2136 4155 Quidam

554 4185 666 4223 vero
692 4172 784 4224 viri
812 4172 1122 4226 att/umentes
1148 4176 1192 4227 ci
1216 4218 1229 4241 ,
1258 4177 1575 4230 crediderunt
1600 4196 1617 4231 .'
1640 4180 1690 4232 in
1720 4180 1897 4248 quibus
1928 4190 1973 4233 et
2006 4179 2132 4233 Dio-

553 4264 724 4331 nysius
761 4264 1061 4334 Arcapugita
1087 4306 1101 4326 ,
1130 4276 1174 4318 et
1204 4269 1384 4321 mulier
1420 4271 1619 4323 nomine
1653 4271 1887 4325 Damaris
1912 4313 1925 4337 ,
1959 4282 2006 4325 ct
2043 4274 2134 4327 alii

552 4344 669 4404 cum.
689 4354 777 4407 eis.
804 4354 822 4423 (
849 4353 974 4424 Cap.
1014 4357 1120 4424 18.)
1153 4357 1194 4409 l.
1225 4356 1344 4411 Post
1373 4360 1478 4413 Ιιωε
1503 4372 1665 4415 autem
1689 4380 1915 4432 egressus
1940 4363 2134 4418 Paulus

554 4446 779 4511 Athenis,
804 4448 931 4499 venit
960 4447 1249 4503 Corinthum
1274 4468 1289 4503 :
1311 4452 1364 4505 ‘2.
1391 4464 1435 4505 et
1462 4455 1717 4508 inveniens
1744 4456 2008 4525 quemdam
2033 4459 2134 4511 Iu-

552 4536 717 4589 dicum
760 4524 957 4591 nomine
991 4541 1257 4608 Aquilam,
1294 4541 1559 4597 Ponticum
1598 4563 1807 4615 genere,
1847 4548 1933 4615 qui
1975 4564 2134 4617 nuper

552 4636 751 4678 venerat
778 4644 839 4681 ex
873 4628 1026 4681 Italia
1048 4673 1061 4693 ,
1096 4642 1139 4684 et
1175 4632 1463 4687 Priscillam
1493 4651 1699 4691 uxorem
1724 4639 1832 4707 ejus
1862 4638 1880 4707 (
1905 4656 1961 4693 eo
2000 4642 2133 4710 quod

551 4718 861 4787 praecepisset
887 4719 1128 4774 Claudius
1155 4724 1407 4777 discedere
1439 4742 1611 4780 omnes
1648 4728 1858 4783 Juda'os
1887 4730 2089 4803 Roma)
2114 4775 2127 4797 ,

551 4810 752 4860 accessit
781 4810 847 4861 ad
874 4827 955 4864 eos
983 4828 998 4863 :
1022 4812 1073 4866 5.
1103 4823 1146 4865 et
1174 4817 1289 4881 quia
1328 4817 1551 4885 ejusdem
1580 4828 1686 4872 erat
1713 4822 1837 4875 artis
1855 4863 1869 4884 ,
1902 4825 2132 4878 manebat

552 4896 688 4964 apud
710 4912 811 4962 eos,
836 4908 880 4949 ct
911 4902 1211 4967 aparubatur
1233 4920 1250 4956 :
1276 4916 1415 4958 erant
1442 4918 1608 4960 autent
1639 4912 2017 4980 scenofactoritv
2042 4932 2129 4967 ar-

552 4988 637 5038 tis.
679 4987 806 5042 Iure
844 4990 1152 5045 Corinthum
1180 5034 1191 5055 ,
1238 5004 1293 5048 ut
1318 4996 1423 5050 dixi
1450 5040 1462 5063 ,
1494 5015 1522 5051 a
1564 4999 1760 5069 Spiritu
1793 5004 2005 5059 ducitur
2028 5048 2040 5069 ,
2075 5007 2127 5061 in

550 5093 651 5147 qua
682 5095 897 5135 manere
925 5085 1221 5151 Oportebat.
1254 5088 1607 5144 Athenienses
1636 5094 1773 5147 enim
1801 5136 1815 5159 ,
1847 5099 1944 5150 etsi
1976 5113 2128 5153 nova:

548 5170 821 5224 concionis
857 5182 1120 5229 amatores
1146 5186 1324 5232 essent
1346 5220 1359 5243 ,
1402 5194 1503 5234 non
1532 5182 1874 5239 attendebant
1906 5196 2077 5242 tamen
2111 5205 2123 5240 :

551 5278 720 5331 neque
757 5265 895 5319 enim
934 5268 984 5320 id
1016 5270 1300 5335 curabant,
1338 5272 1430 5326 sed
1464 5282 1520 5327 ut
1547 5289 1759 5345 semper
1789 5278 1913 5347 quid
1944 5280 2125 5335 dicen-

552 5354 675 5408 dum
704 5355 959 5411 haberent
986 5376 997 5411 :
1025 5360 1073 5413 id
1103 5361 1241 5429 quod
1268 5364 1425 5417 etiam
1456 5363 1577 5420 fecit
1607 5375 1661 5421 ut
1702 5369 2039 5427 secederent.
2070 5373 2124 5429 Si

552 5446 652 5501 hoc
695 5460 869 5505 autem
914 5452 1015 5507 illis
1049 5464 1102 5506 tu
1144 5470 1288 5510 more
1328 5468 1439 5511 erat
1464 5500 1478 5523 ,
1520 5473 1617 5515 cur
1649 5474 1903 5518 accusant
1936 5466 2080 5520 illmn
2108 5510 2123 5533 ,

553 5536 812 5592 Novarum
859 5542 1220 5598 dwmontorum
1268 5551 1594 5604 annuntiator
1628 5568 1731 5605 esse
1760 5555 1991 5609 videtur?
2022 5558 2123 5614 Sed

550 5628 663 5684 inec
693 5632 843 5689 valde
872 5634 1091 5689 obscura
1134 5638 1236 5691 illis
1266 5654 1382 5694 esse
1413 5642 1675 5697 videntur.
1723 5645 1967 5702 Atuuueu
2005 5666 2122 5719 per-

549 5722 714 5776 suasit
746 5723 991 5793 Diouysio
1022 5728 1349 5798 Areoiiagitm
1383 5741 1435 5785 et
1479 5734 1596 5788 aliis
1626 5736 1960 5804 quibusdam.
1994 5740 2121 5793 Nam

549 5816 634 5883 qui
664 5815 727 5872 de
755 5822 854 5872 vita
884 5829 1027 5875 recte
1055 5823 1253 5892 agenda
1282 5824 1556 5891 vtu'abant,
1583 5826 1687 5883 cito
1721 5829 1938 5885 verbum
1972 5850 2119 5889 accc—

2241 3362 2469 3421 perunt;
2515 3357 2694 3411 cmteri
2736 3372 2864 3414 vero
2903 3375 3008 3415 non
3051 3362 3198 3419 item.
3240 3364 3459 3421 Videtur
3485 3381 3614 3439 ergo
3642 3369 3838 3425 Paulus

2240 3443 2373 3498 satis
2396 3443 2666 3511 habuisse,
2686 3450 2827 3517 quod
2853 3450 2974 3505 ﬁdei
2997 3454 3199 3509 semina
3218 3456 3438 3526 jecisset
3463 3475 3476 3511 :
3504 3460 3677 3529 major
3694 3463 3837 3518 enim

2242 3549 2364 3603 pars
2393 3535 2514 3589 vitm
2546 3537 2686 3591 illius
2722 3539 2831 3608 jam
2864 3550 3126 3599 transacta
3155 3557 3289 3601 erat.
3334 3548 3464 3603 Nam
3496 3551 3596 3606 sub
3622 3551 3837 3610 Nerone

2241 3637 2641 3683 consummatus
2670 3640 2783 3695 est;
2815 3647 2845 3687 a
2870 3633 3092 3689 Claudio
3118 3646 3295 3693 autem
3325 3649 3448 3695 tunc
3477 3641 3680 3699 bellum
3706 3661 3837 3701 eon-

2242 3726 2320 3771 tra
2351 3718 2564 3774 Iud:cos
2594 3724 2795 3778 moveri
2827 3725 3150 3796 incipiebat,
3180 3733 3365 3798 procul
3392 3734 3608 3804 quidem
3631 3779 3646 3802 ,
3676 3750 3837 3811 atque

2240 3818 2297 3861 ut
2333 3810 2621 3867 verisimile
2661 3822 2742 3868 est
2768 3856 2782 3879 ,
2816 3824 2873 3871 ut
2915 3831 3035 3874 sese
3075 3824 3455 3893 emendarent;
3487 3843 3550 3883 ac
3576 3830 3750 3888 Roma
3780 3844 3836 3887 ut

2242 3902 2475 3968 pestifcri
2516 3904 2870 3973 pellebantur.

2318 3988 2509 4047 Paulus
2536 4011 2627 4048 cur
2652 3999 2848 4053 vinctus
2872 3999 3087 4056 Romam
3115 4005 3336 4062 ducitur.
3368 4040 3434 4049 —
3460 4011 3583 4068 Ideo
3608 4030 3673 4070 ex
3718 4014 3832 4072 dis-

2239 4084 2551 4150 pensatione
2576 4087 2750 4143 divina
2777 4090 2853 4159 lit,
2879 4103 2933 4147 ut
2963 4094 3160 4152 Paulus
3190 4100 3397 4155 vinctus
3428 4104 3552 4160 illuc
3581 4104 3828 4175 ducatur,

2238 4181 2293 4225 ut
2326 4188 2391 4228 ue
2423 4178 2572 4245 quasi
2604 4177 2821 4235 Judzeus
2852 4184 3100 4254 pellatur,
3130 4190 3223 4245 sed
3253 4193 3402 4262 quasi
3440 4196 3540 4250 sub
3571 4197 3833 4254 militibus

2236 4277 2397 4329 agens
2422 4307 2436 4331 ,
2470 4268 2520 4321 in
2551 4272 2791 4325 custodia
2824 4275 2911 4328 sit.
2945 4273 3010 4327 Et
3038 4282 3254 4347 mansit,
3292 4283 3489 4354 inquit,
3519 4290 3663 4356 apud
3692 4289 3829 4345 il!os.

2236 4352 2432 4424 Papae!
2464 4372 2624 4427 quam
2660 4361 2919 4430 justitiam
2954 4366 3174 4437 invenit,
3219 4383 3275 4427 ut
3301 4352 3422 4428 cum
3452 4352 3563 4433 illis
3589 4378 3826 4437 habitet!

2235 4446 2370 4514 Quia
2398 4451 2539 4505 enim
2574 4452 2659 4509 hic
2687 4458 3020 4525 potissimum
3049 4466 3328 4532 oportebat
3369 4468 3516 4525 illum
3548 4488 3657 4529 non
3685 4476 3828 4530 acci-

2236 4555 2364 4608 pere
2386 4582 2398 4605 ,
2431 4551 2486 4597 ut
2516 4543 2629 4612 ipse
2670 4548 2744 4601 ait
2783 4564 2796 4601 :
2844 4549 2911 4604 Ut
2956 4553 3007 4605 in
3033 4570 3130 4624 quo
3158 4557 3443 4627 gloriantur
3465 4604 3479 4626 ,
3510 4564 3831 4620 inveniantur

2233 4633 2361 4686 sicut
2381 4644 2424 4686 et
2446 4652 2535 4690 nos
2561 4637 2635 4707 (2.
2658 4640 2774 4694 Cor.
2802 4644 2885 4698 Η.
2914 4645 3023 4715 12);
3050 4650 3356 4716 providetur
3378 4662 3435 4707 ut
3458 4655 3563 4710 illic
3588 4671 3823 4716 maneat.

2233 4725 2286 4778 4.
2317 4724 2385 4778 Et
2411 4728 2695 4797 disputabat
2722 4734 2772 4786 in
2804 4736 3061 4808 synagoga
3104 4758 3192 4810 per
3219 4760 3362 4798 omne
3386 4748 3669 4819 sabbatum,
3705 4771 3825 4808 sua-

2232 4819 2473 4889 debatque
2501 4821 2716 4891 Iudaeis,
2742 4837 2786 4880 et
2816 4829 3024 4885 Grtvcis.
3051 4833 3102 4887 5.
3131 4833 3256 4888 Cum
3292 4838 3536 4893 venissent
3563 4854 3734 4898 autem
3766 4848 3830 4901 de

2234 4910 2537 4970 Macedonia
2598 4919 2738 4974 Silus
2777 4932 2823 4976 et
2871 4923 3162 4981 Timotheus
3187 4970 3201 4993 ,
3249 4934 3601 4989 coarctabatur
3640 4940 3825 5007 spiritu

2235 5007 2430 5062 Paulus
2455 5052 2466 5073 ,
2514 5014 2787 5081 ιρειὶβςαης
2828 5015 3024 5070 Iudtvis
3072 5020 3326 5076 Christum
3366 5024 3563 5081 Iesum.
3612 5028 3668 5083 Id
3701 5039 3820 5099 est,

2231 5100 2437 5156 molesti
2470 5115 2620 5158 erant
2662 5105 2771 5172 illi,
2807 5108 3150 5180 insurgebaut
3186 5114 3236 5168 iu
3282 5132 3403 5170 eum
3438 5136 3450 5171 :
3484 5120 3560 5173 sic
3591 5120 3667 5175 illi
3696 5138 3824 5194 age-

2233 5194 2376 5249 bant.
2411 5196 2550 5264 Quid
2593 5215 2719 5253 vero
2747 5200 2981 5257 Paulus?
3018 5204 3293 5276 Relinquit
3319 5224 3413 5265 eos
3438 5252 3452 5275 ,
3485 5214 3822 5287 multumque

2234 5294 2415 5341 terret.
2441 5288 2553 5342 Non
2580 5291 2713 5344 ultra
2737 5296 3095 5349 necessarium
3121 5308 3256 5366 erat,
3285 5301 3477 5371 inquit,
3501 5305 3651 5359 vobis
3674 5306 3818 5378 loqui

2230 5379 2484 5447 verbum;
2534 5382 2629 5436 sed
2656 5384 2932 5443 obscurius
2979 5390 3231 5460 loquitur.
3262 5394 3316 5449 6.
3352 5394 3821 5459 Contradicentibus

2228 5482 2393 5526 autem
2424 5477 2493 5530 eis
2520 5485 2565 5527 et
2592 5475 3071 5547 blaSp/temantibus,
3102 5486 3358 5540 excutiens
3384 5490 3675 5545 vestimenta
3700 5511 3819 5564 sua,

2228 5563 2353 5617 dixit
2381 5567 2451 5620 eis
2478 5583 2497 5621 :
2524 5568 2749 5639 Sanguis
2776 5580 2931 5625 vester
2956 5590 3110 5644 super
3138 5587 3287 5647 tapttl
3313 5590 3527 5634 vestrum
3557 5602 3575 5638 :
3598 5588 3820 5645 mundus

2227 5670 2335 5725 ego,
2368 5673 2429 5711 ea:
2456 5658 2548 5711 hoc
2574 5660 2641 5710 ad
2661 5670 2827 5730 gentes
2857 5665 3057 5718 vadum.
3083 5667 3133 5723 7.
3160 5667 3229 5721 Et
3252 5672 3473 5741 migrans
3496 5674 3630 5740 inde,
3654 5678 3817 5733 intra-

2229 5746 2291 5797 rit
2322 5747 2372 5799 in
2404 5748 2609 5803 domum
2640 5754 2929 5824 cujusdam,
2961 5760 3163 5814 nomine
3190 5760 3349 5829 Iusti,
3383 5766 3591 5819 colentis
3628 5766 3813 5838 Deum,

2228 5840 2372 5908 cujus
2398 5841 2575 5898 domus
2603 5855 2708 5899 crat
2734 5851 2999 5919 conjuncta
3024 5869 3313 5925 synagogtv.
3340 5855 3391 5912 8.
3416 5856 3623 5928 Crispus
3643 5871 3817 5915 autem
