  <div class='ocr_page' id='page_1' title='image "/cluster/home/n/w/nwhite01/storage/ocr_20150623/60/uva.x004246612/284.png"; bbox 0 0 4076 6510; ppageno 0'>
   <div class='ocr_carea' id='block_1_1' title="bbox 215 438 318 472">
    <p class='ocr_par' dir='ltr' id='par_1_1' title="bbox 215 438 318 472">
     <span class='ocr_line' id='line_1_1' title="bbox 215 438 318 472; baseline 0 0"><span class='ocrx_word' id='word_1_1' title='bbox 215 438 318 472; x_wconf 68' lang='grc' dir='ltr'><strong>δ)τἾ</strong></span> 
     </span>
    </p>
   </div>
   <div class='ocr_carea' id='block_1_2' title="bbox 220 423 2561 492">
    <p class='ocr_par' dir='ltr' id='par_1_2' title="bbox 220 423 2561 492">
     <span class='ocr_line' id='line_1_2' title="bbox 220 423 2561 492; baseline 0.002 -14"><span class='ocrx_word' id='word_1_2' title='bbox 220 438 318 492; x_wconf 69' lang='lat'><strong>277</strong></span> <span class='ocrx_word' id='word_1_3' title='bbox 1167 427 1234 483; x_wconf 82' lang='lat' dir='ltr'><strong>IN</strong></span> <span class='ocrx_word' id='word_1_4' title='bbox 1271 426 1450 482; x_wconf 74' lang='lat' dir='ltr'><strong>ACTA</strong></span> <span class='ocrx_word' id='word_1_5' title='bbox 1487 423 2006 480; x_wconf 74' lang='lat' dir='ltr'><strong>APOSTOLORUM.</strong></span> <span class='ocrx_word' id='word_1_6' title='bbox 2050 425 2277 481; x_wconf 78' lang='lat' dir='ltr'><strong>llOMlL.</strong></span> <span class='ocrx_word' id='word_1_7' title='bbox 2321 427 2561 483; x_wconf 74' lang='lat' dir='ltr'><strong>XXXIX.</strong></span> 
     </span>
    </p>
   </div>
   <div class='ocr_carea' id='block_1_3' title="bbox 214 539 1818 625">
    <p class='ocr_par' dir='ltr' id='par_1_3' title="bbox 214 539 1818 625">
     <span class='ocr_line' id='line_1_3' title="bbox 214 539 1818 625; baseline -0.01 -19"><span class='ocrx_word' id='word_1_8' title='bbox 214 555 656 625; x_wconf 77' lang='lat' dir='ltr'><strong>archisgnagogus</strong></span> <span class='ocrx_word' id='word_1_9' title='bbox 670 547 879 605; x_wconf 87' lang='lat' dir='ltr'><strong>credidit</strong></span> <span class='ocrx_word' id='word_1_10' title='bbox 910 544 1124 599; x_wconf 89' lang='lat' dir='ltr'><strong>Domino</strong></span> <span class='ocrx_word' id='word_1_11' title='bbox 1154 559 1268 595; x_wconf 89' lang='lat' dir='ltr'><strong>cum</strong></span> <span class='ocrx_word' id='word_1_12' title='bbox 1297 551 1399 595; x_wconf 84' lang='lat' dir='ltr'><strong>tota</strong></span> <span class='ocrx_word' id='word_1_13' title='bbox 1429 539 1579 593; x_wconf 91' lang='lat' dir='ltr'><strong>domo</strong></span> <span class='ocrx_word' id='word_1_14' title='bbox 1608 554 1698 590; x_wconf 87' lang='lat' dir='ltr'><strong>sua</strong></span> <span class='ocrx_word' id='word_1_15' title='bbox 1716 554 1735 603; x_wconf 83' lang='lat'><strong><em>;</em></strong></span> <span class='ocrx_word' id='word_1_16' title='bbox 1770 546 1818 591; x_wconf 87' lang='lat' dir='ltr'><strong>et</strong></span> 
     </span>
    </p>
   </div>
   <div class='ocr_carea' id='block_1_4' title="bbox 215 629 1816 702">
    <p class='ocr_par' dir='ltr' id='par_1_4' title="bbox 215 629 1816 702">
     <span class='ocr_line' id='line_1_4' title="bbox 215 629 1816 702; baseline -0.01 -4"><span class='ocrx_word' id='word_1_17' title='bbox 215 646 359 700; x_wconf 84' lang='lat' dir='ltr'><strong>multi</strong></span> <span class='ocrx_word' id='word_1_18' title='bbox 401 643 659 698; x_wconf 80' lang='lat' dir='ltr'><strong>Corinthii</strong></span> <span class='ocrx_word' id='word_1_19' title='bbox 694 640 953 694; x_wconf 77' lang='lat' dir='ltr'><strong>audientes</strong></span> <span class='ocrx_word' id='word_1_20' title='bbox 977 677 991 702; x_wconf 92' lang='lat'><strong>,</strong></span> <span class='ocrx_word' id='word_1_21' title='bbox 1022 633 1290 688; x_wconf 70' lang='lat' dir='ltr'><strong>credebant</strong></span> <span class='ocrx_word' id='word_1_22' title='bbox 1321 641 1366 685; x_wconf 89' lang='lat' dir='ltr'><strong>et</strong></span> <span class='ocrx_word' id='word_1_23' title='bbox 1407 629 1816 698; x_wconf 73' lang='lat' dir='ltr'><strong>baptizabantur.</strong></span> 
     </span>
    </p>
   </div>
   <div class='ocr_carea' id='block_1_5' title="bbox 221 723 1815 805">
    <p class='ocr_par' dir='ltr' id='par_1_5' title="bbox 221 723 1815 805">
     <span class='ocr_line' id='line_1_5' title="bbox 221 723 1815 805; baseline -0.013 -13"><span class='ocrx_word' id='word_1_24' title='bbox 221 736 348 792; x_wconf 69' lang='lat' dir='ltr'><strong>Vide</strong></span> <span class='ocrx_word' id='word_1_25' title='bbox 379 735 656 805; x_wconf 85' lang='lat' dir='ltr'><strong>quomodo</strong></span> <span class='ocrx_word' id='word_1_26' title='bbox 688 736 900 793; x_wconf 86' lang='lat' dir='ltr'><strong>iterum,</strong></span> <span class='ocrx_word' id='word_1_27' title='bbox 926 744 1048 783; x_wconf 90' lang='lat' dir='ltr'><strong>cum</strong></span> <span class='ocrx_word' id='word_1_28' title='bbox 1075 727 1319 790; x_wconf 79' lang='lat' dir='ltr'><strong>dixisset,</strong></span> <span class='ocrx_word' id='word_1_29' title='bbox 1346 725 1418 778; x_wconf 81' lang='lat' dir='ltr'><strong>Ab</strong></span> <span class='ocrx_word' id='word_1_30' title='bbox 1446 723 1540 776; x_wconf 77' lang='lat' dir='ltr'><strong>hoc</strong></span> <span class='ocrx_word' id='word_1_31' title='bbox 1571 732 1815 792; x_wconf 85' lang='lat' dir='ltr'><strong>tempore,</strong></span> 
     </span>
    </p>
   </div>
   <div class='ocr_carea' id='block_1_6' title="bbox 219 812 1819 892">
    <p class='ocr_par' dir='ltr' id='par_1_6' title="bbox 219 812 1819 892">
     <span class='ocr_line' id='line_1_6' title="bbox 219 812 1819 892; baseline -0.01 -10"><span class='ocrx_word' id='word_1_32' title='bbox 219 846 320 883; x_wconf 90' lang='lat' dir='ltr'><strong>non</strong></span> <span class='ocrx_word' id='word_1_33' title='bbox 351 828 472 882; x_wconf 80' lang='lat' dir='ltr'><strong>illos</strong></span> <span class='ocrx_word' id='word_1_34' title='bbox 507 838 682 881; x_wconf 89' lang='lat' dir='ltr'><strong>tamen</strong></span> <span class='ocrx_word' id='word_1_35' title='bbox 712 822 926 892; x_wconf 78' lang='lat' dir='ltr'><strong>negligit</strong></span> <span class='ocrx_word' id='word_1_36' title='bbox 958 837 968 873; x_wconf 92' lang='lat'><strong>:</strong></span> <span class='ocrx_word' id='word_1_37' title='bbox 1005 821 1182 889; x_wconf 88' lang='lat' dir='ltr'><strong>itaque</strong></span> <span class='ocrx_word' id='word_1_38' title='bbox 1213 818 1311 870; x_wconf 87' lang='lat' dir='ltr'><strong>hoc</strong></span> <span class='ocrx_word' id='word_1_39' title='bbox 1339 815 1577 877; x_wconf 78' lang='lat' dir='ltr'><strong>dixerat,</strong></span> <span class='ocrx_word' id='word_1_40' title='bbox 1609 823 1667 866; x_wconf 90' lang='lat' dir='ltr'><strong>ut</strong></span> <span class='ocrx_word' id='word_1_41' title='bbox 1699 812 1819 866; x_wconf 88' lang='lat' dir='ltr'><strong>illos</strong></span> 
     </span>
    </p>
   </div>
   <div class='ocr_carea' id='block_1_7' title="bbox 217 904 1818 986">
    <p class='ocr_par' dir='ltr' id='par_1_7' title="bbox 217 904 1818 986">
     <span class='ocr_line' id='line_1_7' title="bbox 217 904 1818 986; baseline -0.011 -12"><span class='ocrx_word' id='word_1_42' title='bbox 217 921 495 974; x_wconf 70' lang='lat' dir='ltr'><strong>excitaret.</strong></span> <span class='ocrx_word' id='word_1_43' title='bbox 529 919 590 972; x_wconf 79' lang='lat' dir='ltr'><strong>Et</strong></span> <span class='ocrx_word' id='word_1_44' title='bbox 637 925 815 986; x_wconf 83' lang='lat' dir='ltr'><strong>postea</strong></span> <span class='ocrx_word' id='word_1_45' title='bbox 848 914 998 969; x_wconf 75' lang='lat' dir='ltr'><strong>venit</strong></span> <span class='ocrx_word' id='word_1_46' title='bbox 1042 911 1110 966; x_wconf 85' lang='lat' dir='ltr'><strong>ad</strong></span> <span class='ocrx_word' id='word_1_47' title='bbox 1151 909 1360 964; x_wconf 86' lang='lat' dir='ltr'><strong>Justum</strong></span> <span class='ocrx_word' id='word_1_48' title='bbox 1388 948 1402 971; x_wconf 91' lang='lat'><strong>,</strong></span> <span class='ocrx_word' id='word_1_49' title='bbox 1446 905 1600 974; x_wconf 84' lang='lat' dir='ltr'><strong>cujus</strong></span> <span class='ocrx_word' id='word_1_50' title='bbox 1628 904 1818 958; x_wconf 83' lang='lat' dir='ltr'><strong>donius</strong></span> 
     </span>
    </p>
   </div>
   <div class='ocr_carea' id='block_1_8' title="bbox 217 995 1817 1079">
    <p class='ocr_par' dir='ltr' id='par_1_8' title="bbox 217 995 1817 1079">
     <span class='ocr_line' id='line_1_8' title="bbox 217 995 1817 1079; baseline -0.009 -16"><span class='ocrx_word' id='word_1_51' title='bbox 217 1021 329 1065; x_wconf 80' lang='lat' dir='ltr'><strong>erat</strong></span> <span class='ocrx_word' id='word_1_52' title='bbox 359 1010 579 1079; x_wconf 82' lang='lat' dir='ltr'><strong>conjum</strong></span> <span class='ocrx_word' id='word_1_53' title='bbox 600 1018 647 1062; x_wconf 75' lang='lat' dir='ltr'><strong>ta</strong></span> <span class='ocrx_word' id='word_1_54' title='bbox 679 1020 985 1077; x_wconf 76' lang='lat' dir='ltr'><strong>synagogce.</strong></span> <span class='ocrx_word' id='word_1_55' title='bbox 1025 1002 1243 1057; x_wconf 74' lang='lat' dir='ltr'><strong>Vicinus</strong></span> <span class='ocrx_word' id='word_1_56' title='bbox 1270 1009 1404 1070; x_wconf 81' lang='lat' dir='ltr'><strong>erat,</strong></span> <span class='ocrx_word' id='word_1_57' title='bbox 1440 1007 1495 1052; x_wconf 93' lang='lat' dir='ltr'><strong>ut</strong></span> <span class='ocrx_word' id='word_1_58' title='bbox 1526 1011 1594 1051; x_wconf 75' lang='lat' dir='ltr'><strong>cx</strong></span> <span class='ocrx_word' id='word_1_59' title='bbox 1623 995 1817 1050; x_wconf 74' lang='lat' dir='ltr'><strong>vicinia</strong></span> 
     </span>
    </p>
   </div>
   <div class='ocr_carea' id='block_1_9' title="bbox 217 1090 1813 1168">
    <p class='ocr_par' dir='ltr' id='par_1_9' title="bbox 217 1090 1813 1168">
     <span class='ocr_line' id='line_1_9' title="bbox 217 1090 1813 1168; baseline -0.011 -8"><span class='ocrx_word' id='word_1_60' title='bbox 217 1107 388 1160; x_wconf 83' lang='lat' dir='ltr'><strong>zelum</strong></span> <span class='ocrx_word' id='word_1_61' title='bbox 437 1104 702 1159; x_wconf 88' lang='lat' dir='ltr'><strong>haberent</strong></span> <span class='ocrx_word' id='word_1_62' title='bbox 727 1143 740 1168; x_wconf 89' lang='lat'><strong>,</strong></span> <span class='ocrx_word' id='word_1_63' title='bbox 770 1106 817 1155; x_wconf 91' lang='lat' dir='ltr'><strong>si</strong></span> <span class='ocrx_word' id='word_1_64' title='bbox 847 1101 1067 1154; x_wconf 80' lang='lat' dir='ltr'><strong>vellent.</strong></span> <span class='ocrx_word' id='word_1_65' title='bbox 1107 1095 1321 1165; x_wconf 78' lang='lat' dir='ltr'><strong>Crispus</strong></span> <span class='ocrx_word' id='word_1_66' title='bbox 1365 1101 1533 1168; x_wconf 86' lang='lat' dir='ltr'><strong>autem</strong></span> <span class='ocrx_word' id='word_1_67' title='bbox 1559 1132 1572 1155; x_wconf 90' lang='lat'><strong>,</strong></span> <span class='ocrx_word' id='word_1_68' title='bbox 1605 1090 1813 1161; x_wconf 88' lang='lat' dir='ltr'><strong>inquit,</strong></span> 
     </span>
    </p>
   </div>
   <div class='ocr_carea' id='block_1_10' title="bbox 216 1181 1817 1269">
    <p class='ocr_par' dir='ltr' id='par_1_10' title="bbox 216 1181 1817 1269">
     <span class='ocr_line' id='line_1_10' title="bbox 216 1181 1817 1269; baseline -0.011 -17"><span class='ocrx_word' id='word_1_69' title='bbox 216 1199 650 1269; x_wconf 83' lang='lat' dir='ltr'><strong>arcliisynagogus</strong></span> <span class='ocrx_word' id='word_1_70' title='bbox 680 1194 898 1249; x_wconf 84' lang='lat' dir='ltr'><strong>credidit</strong></span> <span class='ocrx_word' id='word_1_71' title='bbox 924 1187 1144 1245; x_wconf 89' lang='lat' dir='ltr'><strong>Domino</strong></span> <span class='ocrx_word' id='word_1_72' title='bbox 1171 1205 1281 1241; x_wconf 90' lang='lat' dir='ltr'><strong>cum</strong></span> <span class='ocrx_word' id='word_1_73' title='bbox 1309 1195 1412 1240; x_wconf 92' lang='lat' dir='ltr'><strong>tola</strong></span> <span class='ocrx_word' id='word_1_74' title='bbox 1439 1187 1587 1238; x_wconf 89' lang='lat' dir='ltr'><strong>domo</strong></span> <span class='ocrx_word' id='word_1_75' title='bbox 1612 1199 1722 1237; x_wconf 87' lang='lat' dir='ltr'><strong>sua.</strong></span> <span class='ocrx_word' id='word_1_76' title='bbox 1753 1181 1817 1234; x_wconf 80' lang='lat' dir='ltr'><strong>Et</strong></span> 
     </span>
    </p>
   </div>
   <div class='ocr_carea' id='block_1_11' title="bbox 219 1274 1817 1359">
    <p class='ocr_par' dir='ltr' id='par_1_11' title="bbox 219 1274 1817 1359">
     <span class='ocr_line' id='line_1_11' title="bbox 219 1274 1817 1359; baseline -0.011 -15"><span class='ocrx_word' id='word_1_77' title='bbox 219 1292 318 1345; x_wconf 91' lang='lat' dir='ltr'><strong>hoc</strong></span> <span class='ocrx_word' id='word_1_78' title='bbox 364 1290 552 1359; x_wconf 90' lang='lat' dir='ltr'><strong>utique</strong></span> <span class='ocrx_word' id='word_1_79' title='bbox 595 1288 725 1342; x_wconf 85' lang='lat' dir='ltr'><strong>satis</strong></span> <span class='ocrx_word' id='word_1_80' title='bbox 766 1296 884 1341; x_wconf 75' lang='lat' dir='ltr'><strong>erat</strong></span> <span class='ocrx_word' id='word_1_81' title='bbox 928 1283 993 1337; x_wconf 87' lang='lat' dir='ltr'><strong>ad</strong></span> <span class='ocrx_word' id='word_1_82' title='bbox 1040 1282 1159 1336; x_wconf 89' lang='lat' dir='ltr'><strong>illos</strong></span> <span class='ocrx_word' id='word_1_83' title='bbox 1196 1276 1560 1334; x_wconf 79' lang='lat' dir='ltr'><strong>adducendas.</strong></span> <span class='ocrx_word' id='word_1_84' title='bbox 1591 1275 1642 1330; x_wconf 87' lang='lat'><strong>9.</strong></span> <span class='ocrx_word' id='word_1_85' title='bbox 1677 1274 1817 1355; x_wconf 70' lang='lat' dir='ltr'><strong>Dixit</strong></span> 
     </span>
    </p>
   </div>
   <div class='ocr_carea' id='block_1_12' title="bbox 216 1363 1816 1448">
    <p class='ocr_par' dir='ltr' id='par_1_12' title="bbox 216 1363 1816 1448">
     <span class='ocr_line' id='line_1_12' title="bbox 216 1363 1816 1448; baseline -0.012 -13"><span class='ocrx_word' id='word_1_86' title='bbox 216 1401 261 1435; x_wconf 81' lang='lat' dir='ltr'><strong>ai</strong></span> <span class='ocrx_word' id='word_1_87' title='bbox 285 1393 381 1436; x_wconf 57' lang='lat' dir='ltr'><strong>tein</strong></span> <span class='ocrx_word' id='word_1_88' title='bbox 419 1381 670 1434; x_wconf 89' lang='lat' dir='ltr'><strong>Dominus</strong></span> <span class='ocrx_word' id='word_1_89' title='bbox 708 1396 794 1448; x_wconf 88' lang='lat' dir='ltr'><strong>per</strong></span> <span class='ocrx_word' id='word_1_90' title='bbox 826 1377 1063 1430; x_wconf 74' lang='lat' dir='ltr'><strong>visionem</strong></span> <span class='ocrx_word' id='word_1_91' title='bbox 1099 1373 1150 1427; x_wconf 89' lang='lat' dir='ltr'><strong>in</strong></span> <span class='ocrx_word' id='word_1_92' title='bbox 1181 1381 1324 1426; x_wconf 84' lang='lat' dir='ltr'><strong>nocte</strong></span> <span class='ocrx_word' id='word_1_93' title='bbox 1351 1365 1521 1424; x_wconf 85' lang='lat' dir='ltr'><strong>Paulo</strong></span> <span class='ocrx_word' id='word_1_94' title='bbox 1547 1383 1564 1421; x_wconf 91' lang='lat'><strong>:</strong></span> <span class='ocrx_word' id='word_1_95' title='bbox 1594 1363 1718 1420; x_wconf 85' lang='lat' dir='ltr'><strong>Noli</strong></span> <span class='ocrx_word' id='word_1_96' title='bbox 1747 1365 1816 1417; x_wconf 89' lang='lat' dir='ltr'><strong>ti-</strong></span> 
     </span>
    </p>
   </div>
   <div class='ocr_carea' id='block_1_13' title="bbox 215 1465 1814 1543">
    <p class='ocr_par' dir='ltr' id='par_1_13' title="bbox 215 1465 1814 1543">
     <span class='ocr_line' id='line_1_13' title="bbox 215 1465 1814 1543; baseline -0.013 -14"><span class='ocrx_word' id='word_1_97' title='bbox 215 1492 367 1539; x_wconf 83' lang='lat' dir='ltr'><strong>mere,</strong></span> <span class='ocrx_word' id='word_1_98' title='bbox 392 1476 484 1528; x_wconf 67' lang='lat' dir='ltr'><strong>sed</strong></span> <span class='ocrx_word' id='word_1_99' title='bbox 511 1475 713 1543; x_wconf 82' lang='lat' dir='ltr'><strong>loquere</strong></span> <span class='ocrx_word' id='word_1_100' title='bbox 740 1482 784 1526; x_wconf 86' lang='lat' dir='ltr'><strong>et</strong></span> <span class='ocrx_word' id='word_1_101' title='bbox 815 1487 876 1524; x_wconf 89' lang='lat' dir='ltr'><strong>ne</strong></span> <span class='ocrx_word' id='word_1_102' title='bbox 900 1479 1085 1532; x_wconf 86' lang='lat' dir='ltr'><strong>taceas,</strong></span> <span class='ocrx_word' id='word_1_103' title='bbox 1120 1466 1202 1521; x_wconf 87' lang='grc'><strong>10.</strong></span> <span class='ocrx_word' id='word_1_104' title='bbox 1235 1465 1354 1534; x_wconf 89' lang='lat' dir='ltr'><strong>quia</strong></span> <span class='ocrx_word' id='word_1_105' title='bbox 1377 1479 1466 1534; x_wconf 89' lang='lat' dir='ltr'><strong>ego</strong></span> <span class='ocrx_word' id='word_1_106' title='bbox 1491 1471 1653 1516; x_wconf 81' lang='lat' dir='ltr'><strong>tecum</strong></span> <span class='ocrx_word' id='word_1_107' title='bbox 1681 1475 1814 1524; x_wconf 88' lang='lat' dir='ltr'><strong>sum,</strong></span> 
     </span>
    </p>
   </div>
   <div class='ocr_carea' id='block_1_14' title="bbox 214 1554 1818 1634">
    <p class='ocr_par' dir='ltr' id='par_1_14' title="bbox 214 1554 1818 1634">
     <span class='ocr_line' id='line_1_14' title="bbox 214 1554 1818 1634; baseline -0.011 -14"><span class='ocrx_word' id='word_1_108' title='bbox 214 1577 260 1621; x_wconf 87' lang='lat' dir='ltr'><strong>et</strong></span> <span class='ocrx_word' id='word_1_109' title='bbox 287 1581 434 1620; x_wconf 87' lang='lat' dir='ltr'><strong>nemo</strong></span> <span class='ocrx_word' id='word_1_110' title='bbox 462 1567 686 1634; x_wconf 81' lang='lat' dir='ltr'><strong>insurget</strong></span> <span class='ocrx_word' id='word_1_111' title='bbox 726 1564 776 1616; x_wconf 92' lang='lat' dir='ltr'><strong>in</strong></span> <span class='ocrx_word' id='word_1_112' title='bbox 819 1573 866 1616; x_wconf 89' lang='lat' dir='ltr'><strong>te</strong></span> <span class='ocrx_word' id='word_1_113' title='bbox 895 1570 946 1614; x_wconf 91' lang='lat' dir='ltr'><strong>ut</strong></span> <span class='ocrx_word' id='word_1_114' title='bbox 975 1568 1152 1613; x_wconf 88' lang='lat' dir='ltr'><strong>noceat</strong></span> <span class='ocrx_word' id='word_1_115' title='bbox 1192 1558 1284 1610; x_wconf 87' lang='lat' dir='ltr'><strong>tibi</strong></span> <span class='ocrx_word' id='word_1_116' title='bbox 1307 1597 1320 1618; x_wconf 85' lang='lat'><strong>,</strong></span> <span class='ocrx_word' id='word_1_117' title='bbox 1350 1556 1468 1623; x_wconf 87' lang='lat' dir='ltr'><strong>quia</strong></span> <span class='ocrx_word' id='word_1_118' title='bbox 1500 1554 1720 1623; x_wconf 87' lang='lat' dir='ltr'><strong>populus</strong></span> <span class='ocrx_word' id='word_1_119' title='bbox 1745 1560 1818 1615; x_wconf 75' lang='lat' dir='ltr'><strong>est</strong></span> 
     </span>
    </p>
   </div>
   <div class='ocr_carea' id='block_1_15' title="bbox 218 1643 1817 1718">
    <p class='ocr_par' dir='ltr' id='par_1_15' title="bbox 218 1643 1817 1718">
     <span class='ocr_line' id='line_1_15' title="bbox 218 1643 1817 1718; baseline -0.011 -6"><span class='ocrx_word' id='word_1_120' title='bbox 218 1661 338 1712; x_wconf 78' lang='lat' dir='ltr'><strong>mihi</strong></span> <span class='ocrx_word' id='word_1_121' title='bbox 381 1659 572 1712; x_wconf 89' lang='lat' dir='ltr'><strong>multus</strong></span> <span class='ocrx_word' id='word_1_122' title='bbox 603 1658 655 1710; x_wconf 85' lang='lat' dir='ltr'><strong>in</strong></span> <span class='ocrx_word' id='word_1_123' title='bbox 699 1657 793 1708; x_wconf 81' lang='lat' dir='ltr'><strong>hac</strong></span> <span class='ocrx_word' id='word_1_124' title='bbox 833 1655 1052 1708; x_wconf 87' lang='lat' dir='ltr'><strong>civitate.</strong></span> <span class='ocrx_word' id='word_1_125' title='bbox 1083 1651 1219 1705; x_wconf 80' lang='lat' dir='ltr'><strong>Vide</strong></span> <span class='ocrx_word' id='word_1_126' title='bbox 1253 1656 1384 1718; x_wconf 89' lang='lat' dir='ltr'><strong>quot</strong></span> <span class='ocrx_word' id='word_1_127' title='bbox 1414 1644 1712 1701; x_wconf 82' lang='lat' dir='ltr'><strong>rationibus</strong></span> <span class='ocrx_word' id='word_1_128' title='bbox 1743 1643 1817 1696; x_wconf 84' lang='lat' dir='ltr'><strong>illi</strong></span> 
     </span>
    </p>
   </div>
   <div class='ocr_carea' id='block_1_16' title="bbox 215 1737 1815 1820">
    <p class='ocr_par' dir='ltr' id='par_1_16' title="bbox 215 1737 1815 1820">
     <span class='ocr_line' id='line_1_16' title="bbox 215 1737 1815 1820; baseline -0.013 -13"><span class='ocrx_word' id='word_1_129' title='bbox 215 1751 442 1818; x_wconf 89' lang='lat' dir='ltr'><strong>suadet,</strong></span> <span class='ocrx_word' id='word_1_130' title='bbox 472 1760 529 1805; x_wconf 88' lang='lat' dir='ltr'><strong>et</strong></span> <span class='ocrx_word' id='word_1_131' title='bbox 557 1748 825 1820; x_wconf 88' lang='lat' dir='ltr'><strong>quomodo</strong></span> <span class='ocrx_word' id='word_1_132' title='bbox 852 1789 867 1812; x_wconf 92' lang='lat'><strong>,</strong></span> <span class='ocrx_word' id='word_1_133' title='bbox 900 1745 1043 1816; x_wconf 91' lang='lat' dir='ltr'><strong>quod</strong></span> <span class='ocrx_word' id='word_1_134' title='bbox 1086 1745 1234 1799; x_wconf 91' lang='lat' dir='ltr'><strong>illum</strong></span> <span class='ocrx_word' id='word_1_135' title='bbox 1278 1740 1508 1796; x_wconf 81' lang='lat' dir='ltr'><strong>maxime</strong></span> <span class='ocrx_word' id='word_1_136' title='bbox 1537 1737 1815 1807; x_wconf 77' lang='lat' dir='ltr'><strong>erigebat,</strong></span> 
     </span>
    </p>
   </div>
   <div class='ocr_carea' id='block_1_17' title="bbox 217 1828 1819 1908">
    <p class='ocr_par' dir='ltr' id='par_1_17' title="bbox 217 1828 1819 1908">
     <span class='ocr_line' id='line_1_17' title="bbox 217 1828 1819 1908; baseline -0.011 -12"><span class='ocrx_word' id='word_1_137' title='bbox 217 1845 316 1900; x_wconf 87' lang='lat' dir='ltr'><strong>lioc</strong></span> <span class='ocrx_word' id='word_1_138' title='bbox 340 1845 530 1898; x_wconf 83' lang='lat' dir='ltr'><strong>ultimo</strong></span> <span class='ocrx_word' id='word_1_139' title='bbox 557 1842 685 1896; x_wconf 86' lang='lat' dir='ltr'><strong>dicit</strong></span> <span class='ocrx_word' id='word_1_140' title='bbox 715 1860 727 1894; x_wconf 93' lang='lat'><strong>:</strong></span> <span class='ocrx_word' id='word_1_141' title='bbox 761 1840 895 1906; x_wconf 85' lang='lat' dir='ltr'><strong>Quia</strong></span> <span class='ocrx_word' id='word_1_142' title='bbox 927 1837 1146 1908; x_wconf 88' lang='lat' dir='ltr'><strong>populus</strong></span> <span class='ocrx_word' id='word_1_143' title='bbox 1173 1845 1245 1890; x_wconf 88' lang='lat' dir='ltr'><strong>est</strong></span> <span class='ocrx_word' id='word_1_144' title='bbox 1273 1833 1396 1886; x_wconf 86' lang='lat' dir='ltr'><strong>mihi</strong></span> <span class='ocrx_word' id='word_1_145' title='bbox 1425 1829 1614 1883; x_wconf 83' lang='lat' dir='ltr'><strong>multus</strong></span> <span class='ocrx_word' id='word_1_146' title='bbox 1644 1830 1695 1881; x_wconf 86' lang='lat' dir='ltr'><strong>in</strong></span> <span class='ocrx_word' id='word_1_147' title='bbox 1725 1828 1819 1880; x_wconf 85' lang='lat' dir='ltr'><strong>liae</strong></span> 
     </span>
    </p>
   </div>
   <div class='ocr_carea' id='block_1_18' title="bbox 215 1920 1819 2002">
    <p class='ocr_par' dir='ltr' id='par_1_18' title="bbox 215 1920 1819 2002">
     <span class='ocr_line' id='line_1_18' title="bbox 215 1920 1819 2002; baseline -0.011 -12"><span class='ocrx_word' id='word_1_148' title='bbox 215 1937 432 1990; x_wconf 82' lang='lat' dir='ltr'><strong>civitate.</strong></span> <span class='ocrx_word' id='word_1_149' title='bbox 465 1932 749 2002; x_wconf 79' lang='lat' dir='ltr'><strong>Quomodo</strong></span> <span class='ocrx_word' id='word_1_150' title='bbox 769 1947 897 2002; x_wconf 87' lang='lat' dir='ltr'><strong>ergo</strong></span> <span class='ocrx_word' id='word_1_151' title='bbox 929 1932 1339 1984; x_wconf 80' lang='lat' dir='ltr'><strong>insurrexerunt</strong></span> <span class='ocrx_word' id='word_1_152' title='bbox 1369 1927 1420 1978; x_wconf 92' lang='lat' dir='ltr'><strong>in</strong></span> <span class='ocrx_word' id='word_1_153' title='bbox 1446 1938 1588 1989; x_wconf 87' lang='lat' dir='ltr'><strong>eum,</strong></span> <span class='ocrx_word' id='word_1_154' title='bbox 1622 1920 1819 1976; x_wconf 84' lang='lat' dir='ltr'><strong>dixerit</strong></span> 
     </span>
    </p>
   </div>
   <div class='ocr_carea' id='block_1_19' title="bbox 213 2014 1816 2099">
    <p class='ocr_par' dir='ltr' id='par_1_19' title="bbox 213 2014 1816 2099">
     <span class='ocr_line' id='line_1_19' title="bbox 213 2014 1816 2099; baseline -0.01 -17"><span class='ocrx_word' id='word_1_155' title='bbox 213 2029 519 2099; x_wconf 81' lang='lat' dir='ltr'><strong>quispiam?</strong></span> <span class='ocrx_word' id='word_1_156' title='bbox 548 2029 615 2081; x_wconf 83' lang='lat' dir='ltr'><strong>At</strong></span> <span class='ocrx_word' id='word_1_157' title='bbox 643 2042 748 2080; x_wconf 91' lang='lat' dir='ltr'><strong>non</strong></span> <span class='ocrx_word' id='word_1_158' title='bbox 778 2023 1192 2094; x_wconf 73' lang='lat' dir='ltr'><strong>przevaluerunt,</strong></span> <span class='ocrx_word' id='word_1_159' title='bbox 1223 2018 1317 2074; x_wconf 91' lang='lat' dir='ltr'><strong>scd</strong></span> <span class='ocrx_word' id='word_1_160' title='bbox 1345 2017 1410 2071; x_wconf 89' lang='lat' dir='ltr'><strong>ad</strong></span> <span class='ocrx_word' id='word_1_161' title='bbox 1436 2014 1816 2088; x_wconf 81' lang='lat' dir='ltr'><strong>proconsulem</strong></span> 
     </span>
    </p>
   </div>
   <div class='ocr_carea' id='block_1_20' title="bbox 218 2113 1818 2176">
    <p class='ocr_par' dir='ltr' id='par_1_20' title="bbox 218 2113 1818 2176">
     <span class='ocr_line' id='line_1_20' title="bbox 218 2113 1818 2176; baseline -0.01 -1"><span class='ocrx_word' id='word_1_162' title='bbox 218 2130 419 2176; x_wconf 86' lang='lat' dir='ltr'><strong>tantum</strong></span> <span class='ocrx_word' id='word_1_163' title='bbox 450 2120 740 2175; x_wconf 81' lang='lat' dir='ltr'><strong>duxerunt.</strong></span> <span class='ocrx_word' id='word_1_164' title='bbox 772 2119 856 2173; x_wconf 87' lang='grc'><strong>11.</strong></span> <span class='ocrx_word' id='word_1_165' title='bbox 891 2116 1039 2173; x_wconf 86' lang='lat' dir='ltr'><strong>Sedit</strong></span> <span class='ocrx_word' id='word_1_166' title='bbox 1069 2125 1235 2169; x_wconf 88' lang='lat' dir='ltr'><strong>autem</strong></span> <span class='ocrx_word' id='word_1_167' title='bbox 1274 2113 1342 2166; x_wconf 86' lang='lat' dir='ltr'><strong>ibi</strong></span> <span class='ocrx_word' id='word_1_168' title='bbox 1369 2127 1560 2164; x_wconf 89' lang='lat' dir='ltr'><strong>annum</strong></span> <span class='ocrx_word' id='word_1_169' title='bbox 1586 2125 1744 2162; x_wconf 91' lang='lat' dir='ltr'><strong>unum</strong></span> <span class='ocrx_word' id='word_1_170' title='bbox 1773 2117 1818 2160; x_wconf 82' lang='lat' dir='ltr'><strong>et</strong></span> 
     </span>
    </p>
   </div>
   <div class='ocr_carea' id='block_1_21' title="bbox 214 2201 1820 2281">
    <p class='ocr_par' dir='ltr' id='par_1_21' title="bbox 214 2201 1820 2281">
     <span class='ocr_line' id='line_1_21' title="bbox 214 2201 1820 2281; baseline -0.008 -15"><span class='ocrx_word' id='word_1_171' title='bbox 214 2231 299 2268; x_wconf 81' lang='lat' dir='ltr'><strong>sea:</strong></span> <span class='ocrx_word' id='word_1_172' title='bbox 323 2230 520 2268; x_wconf 87' lang='lat' dir='ltr'><strong>menses</strong></span> <span class='ocrx_word' id='word_1_173' title='bbox 541 2256 555 2280; x_wconf 92' lang='lat'><strong>,</strong></span> <span class='ocrx_word' id='word_1_174' title='bbox 584 2215 767 2267; x_wconf 88' lang='lat' dir='ltr'><strong>docens</strong></span> <span class='ocrx_word' id='word_1_175' title='bbox 797 2211 936 2281; x_wconf 88' lang='lat' dir='ltr'><strong>apud</strong></span> <span class='ocrx_word' id='word_1_176' title='bbox 965 2225 1048 2263; x_wconf 87' lang='lat' dir='ltr'><strong>eos</strong></span> <span class='ocrx_word' id='word_1_177' title='bbox 1078 2206 1301 2280; x_wconf 61' lang='lat' dir='ltr'><strong>verbunr</strong></span> <span class='ocrx_word' id='word_1_178' title='bbox 1317 2204 1432 2258; x_wconf 90' lang='lat' dir='ltr'><strong>Dei.</strong></span> <span class='ocrx_word' id='word_1_179' title='bbox 1464 2202 1550 2256; x_wconf 79' lang='lat' dir='ltr'><strong>l2.</strong></span> <span class='ocrx_word' id='word_1_180' title='bbox 1585 2201 1820 2255; x_wconf 83' lang='lat' dir='ltr'><strong>Gallione</strong></span> 
     </span>
    </p>
   </div>
   <div class='ocr_carea' id='block_1_22' title="bbox 215 2293 1820 2375">
    <p class='ocr_par' dir='ltr' id='par_1_22' title="bbox 215 2293 1820 2375">
     <span class='ocr_line' id='line_1_22' title="bbox 215 2293 1820 2375; baseline -0.006 -18"><span class='ocrx_word' id='word_1_181' title='bbox 215 2315 381 2360; x_wconf 88' lang='lat' dir='ltr'><strong>autem</strong></span> <span class='ocrx_word' id='word_1_182' title='bbox 427 2303 731 2375; x_wconf 81' lang='lat' dir='ltr'><strong>proconsule</strong></span> <span class='ocrx_word' id='word_1_183' title='bbox 774 2302 1020 2365; x_wconf 65' lang='lat' dir='ltr'><strong>Achaiae,</strong></span> <span class='ocrx_word' id='word_1_184' title='bbox 1071 2301 1457 2353; x_wconf 71' lang='lat' dir='ltr'><strong>insurrexerunt</strong></span> <span class='ocrx_word' id='word_1_185' title='bbox 1502 2310 1604 2348; x_wconf 88' lang='lat' dir='ltr'><strong>uno</strong></span> <span class='ocrx_word' id='word_1_186' title='bbox 1649 2293 1820 2347; x_wconf 87' lang='lat' dir='ltr'><strong>animo</strong></span> 
     </span>
    </p>
   </div>
   <div class='ocr_carea' id='block_1_23' title="bbox 216 2386 1815 2458">
    <p class='ocr_par' dir='ltr' id='par_1_23' title="bbox 216 2386 1815 2458">
     <span class='ocr_line' id='line_1_23' title="bbox 216 2386 1815 2458; baseline -0.006 -10"><span class='ocrx_word' id='word_1_187' title='bbox 216 2395 386 2451; x_wconf 73' lang='lat' dir='ltr'><strong>Judazi</strong></span> <span class='ocrx_word' id='word_1_188' title='bbox 418 2397 473 2449; x_wconf 87' lang='lat' dir='ltr'><strong>in</strong></span> <span class='ocrx_word' id='word_1_189' title='bbox 510 2395 751 2458; x_wconf 83' lang='lat' dir='ltr'><strong>Paulum,</strong></span> <span class='ocrx_word' id='word_1_190' title='bbox 783 2404 828 2447; x_wconf 84' lang='lat' dir='ltr'><strong>et</strong></span> <span class='ocrx_word' id='word_1_191' title='bbox 855 2393 1177 2447; x_wconf 67' lang='lat' dir='ltr'><strong>adduxerunt</strong></span> <span class='ocrx_word' id='word_1_192' title='bbox 1204 2406 1318 2445; x_wconf 90' lang='lat' dir='ltr'><strong>eum</strong></span> <span class='ocrx_word' id='word_1_193' title='bbox 1346 2389 1413 2442; x_wconf 88' lang='lat' dir='ltr'><strong>ad</strong></span> <span class='ocrx_word' id='word_1_194' title='bbox 1443 2386 1699 2452; x_wconf 87' lang='lat' dir='ltr'><strong>tribunal,</strong></span> <span class='ocrx_word' id='word_1_195' title='bbox 1730 2387 1815 2440; x_wconf 85' lang='grc'><strong>15.</strong></span> 
     </span>
    </p>
   </div>
   <div class='ocr_carea' id='block_1_24' title="bbox 216 2477 1820 2556">
    <p class='ocr_par' dir='ltr' id='par_1_24' title="bbox 216 2477 1820 2556">
     <span class='ocr_line' id='line_1_24' title="bbox 216 2477 1820 2556; baseline -0.007 -15"><span class='ocrx_word' id='word_1_196' title='bbox 216 2490 434 2544; x_wconf 87' lang='lat' dir='ltr'><strong>dicentes</strong></span> <span class='ocrx_word' id='word_1_197' title='bbox 467 2505 484 2542; x_wconf 88' lang='lat'><strong>:</strong></span> <span class='ocrx_word' id='word_1_198' title='bbox 513 2489 643 2555; x_wconf 84' lang='lat' dir='ltr'><strong>Quia</strong></span> <span class='ocrx_word' id='word_1_199' title='bbox 689 2498 865 2541; x_wconf 88' lang='lat' dir='ltr'><strong>contra</strong></span> <span class='ocrx_word' id='word_1_200' title='bbox 910 2487 1068 2556; x_wconf 85' lang='lat' dir='ltr'><strong>legem</strong></span> <span class='ocrx_word' id='word_1_201' title='bbox 1107 2484 1188 2536; x_wconf 83' lang='lat' dir='ltr'><strong>liic</strong></span> <span class='ocrx_word' id='word_1_202' title='bbox 1227 2481 1497 2552; x_wconf 80' lang='lat' dir='ltr'><strong>persuadet</strong></span> <span class='ocrx_word' id='word_1_203' title='bbox 1533 2477 1820 2534; x_wconf 77' lang='lat' dir='ltr'><strong>hominibus</strong></span> 
     </span>
    </p>
   </div>
   <div class='ocr_carea' id='block_1_25' title="bbox 216 2570 1820 2648">
    <p class='ocr_par' dir='ltr' id='par_1_25' title="bbox 216 2570 1820 2648">
     <span class='ocr_line' id='line_1_25' title="bbox 216 2570 1820 2648; baseline -0.006 -14"><span class='ocrx_word' id='word_1_204' title='bbox 216 2582 376 2634; x_wconf 85' lang='lat' dir='ltr'><strong>colere</strong></span> <span class='ocrx_word' id='word_1_205' title='bbox 405 2581 593 2635; x_wconf 87' lang='lat' dir='ltr'><strong>Deum.</strong></span> <span class='ocrx_word' id='word_1_206' title='bbox 623 2579 806 2633; x_wconf 77' lang='lat' dir='ltr'><strong>V‘idcn’</strong></span> <span class='ocrx_word' id='word_1_207' title='bbox 828 2592 930 2648; x_wconf 89' lang='lat' dir='ltr'><strong>qua</strong></span> <span class='ocrx_word' id='word_1_208' title='bbox 958 2577 1026 2632; x_wconf 90' lang='lat' dir='ltr'><strong>de</strong></span> <span class='ocrx_word' id='word_1_209' title='bbox 1057 2589 1218 2630; x_wconf 85' lang='lat' dir='ltr'><strong>causa</strong></span> <span class='ocrx_word' id='word_1_210' title='bbox 1243 2574 1317 2628; x_wconf 90' lang='lat' dir='ltr'><strong>illi</strong></span> <span class='ocrx_word' id='word_1_211' title='bbox 1345 2587 1560 2640; x_wconf 84' lang='lat' dir='ltr'><strong>semper</strong></span> <span class='ocrx_word' id='word_1_212' title='bbox 1583 2570 1820 2640; x_wconf 82' lang='lat' dir='ltr'><strong>publicas</strong></span> 
     </span>
    </p>
   </div>
   <div class='ocr_carea' id='block_1_26' title="bbox 217 2663 1819 2738">
    <p class='ocr_par' dir='ltr' id='par_1_26' title="bbox 217 2663 1819 2738">
     <span class='ocr_line' id='line_1_26' title="bbox 217 2663 1819 2738; baseline -0.009 -10"><span class='ocrx_word' id='word_1_213' title='bbox 217 2675 583 2729; x_wconf 80' lang='lat' dir='ltr'><strong>accusationes</strong></span> <span class='ocrx_word' id='word_1_214' title='bbox 619 2672 909 2727; x_wconf 75' lang='lat' dir='ltr'><strong>texebant?</strong></span> <span class='ocrx_word' id='word_1_215' title='bbox 945 2669 1077 2724; x_wconf 73' lang='lat' dir='ltr'><strong>Vide</strong></span> <span class='ocrx_word' id='word_1_216' title='bbox 1108 2669 1219 2738; x_wconf 85' lang='lat' dir='ltr'><strong>jam</strong></span> <span class='ocrx_word' id='word_1_217' title='bbox 1243 2708 1256 2732; x_wconf 93' lang='lat'><strong>,</strong></span> <span class='ocrx_word' id='word_1_218' title='bbox 1295 2664 1567 2738; x_wconf 87' lang='lat' dir='ltr'><strong>quomodo</strong></span> <span class='ocrx_word' id='word_1_219' title='bbox 1595 2663 1819 2718; x_wconf 90' lang='lat' dir='ltr'><strong>dicenti-</strong></span> 
     </span>
    </p>
   </div>
   <div class='ocr_carea' id='block_1_27' title="bbox 216 2755 1820 2835">
    <p class='ocr_par' dir='ltr' id='par_1_27' title="bbox 216 2755 1820 2835">
     <span class='ocr_line' id='line_1_27' title="bbox 216 2755 1820 2835; baseline -0.007 -15"><span class='ocrx_word' id='word_1_220' title='bbox 216 2766 312 2820; x_wconf 92' lang='lat' dir='ltr'><strong>bus</strong></span> <span class='ocrx_word' id='word_1_221' title='bbox 342 2767 449 2820; x_wconf 88' lang='lat' dir='ltr'><strong>illis</strong></span> <span class='ocrx_word' id='word_1_222' title='bbox 475 2807 490 2832; x_wconf 90' lang='lat'><strong>,</strong></span> <span class='ocrx_word' id='word_1_223' title='bbox 526 2765 699 2835; x_wconf 87' lang='lat' dir='ltr'><strong>ipsum</strong></span> <span class='ocrx_word' id='word_1_224' title='bbox 727 2771 913 2818; x_wconf 85' lang='lat' dir='ltr'><strong>contra</strong></span> <span class='ocrx_word' id='word_1_225' title='bbox 944 2761 1117 2832; x_wconf 90' lang='lat' dir='ltr'><strong>lcgcm</strong></span> <span class='ocrx_word' id='word_1_226' title='bbox 1150 2757 1476 2830; x_wconf 84' lang='lat' dir='ltr'><strong>persuadere</strong></span> <span class='ocrx_word' id='word_1_227' title='bbox 1508 2755 1820 2810; x_wconf 87' lang='lat' dir='ltr'><strong>hominibus</strong></span> 
     </span>
    </p>
   </div>
   <div class='ocr_carea' id='block_1_28' title="bbox 216 2849 1819 2922">
    <p class='ocr_par' dir='ltr' id='par_1_28' title="bbox 216 2849 1819 2922">
     <span class='ocr_line' id='line_1_28' title="bbox 216 2849 1819 2922; baseline -0.007 -10"><span class='ocrx_word' id='word_1_228' title='bbox 216 2861 391 2915; x_wconf 79' lang='lat' dir='ltr'><strong>colere</strong></span> <span class='ocrx_word' id='word_1_229' title='bbox 422 2861 587 2913; x_wconf 87' lang='lat' dir='ltr'><strong>Deum</strong></span> <span class='ocrx_word' id='word_1_230' title='bbox 612 2901 625 2922; x_wconf 92' lang='lat'><strong>,</strong></span> <span class='ocrx_word' id='word_1_231' title='bbox 655 2857 788 2911; x_wconf 84' lang='lat' dir='ltr'><strong>nihil</strong></span> <span class='ocrx_word' id='word_1_232' title='bbox 820 2856 1010 2910; x_wconf 91' lang='lat' dir='ltr'><strong>horum</strong></span> <span class='ocrx_word' id='word_1_233' title='bbox 1041 2868 1232 2908; x_wconf 90' lang='lat' dir='ltr'><strong>curare</strong></span> <span class='ocrx_word' id='word_1_234' title='bbox 1262 2850 1638 2922; x_wconf 88' lang='lat' dir='ltr'><strong>proconsulem</strong></span> <span class='ocrx_word' id='word_1_235' title='bbox 1667 2891 1681 2914; x_wconf 91' lang='lat'><strong>,</strong></span> <span class='ocrx_word' id='word_1_236' title='bbox 1711 2849 1819 2903; x_wconf 87' lang='lat' dir='ltr'><strong>imo</strong></span> 
     </span>
    </p>
   </div>
   <div class='ocr_carea' id='block_1_29' title="bbox 219 2944 1820 3022">
    <p class='ocr_par' dir='ltr' id='par_1_29' title="bbox 219 2944 1820 3022">
     <span class='ocr_line' id='line_1_29' title="bbox 219 2944 1820 3022; baseline -0.006 -17"><span class='ocrx_word' id='word_1_237' title='bbox 219 2954 390 3022; x_wconf 86' lang='lat' dir='ltr'><strong>potius</strong></span> <span class='ocrx_word' id='word_1_238' title='bbox 417 2952 642 3008; x_wconf 86' lang='lat' dir='ltr'><strong>Paulum</strong></span> <span class='ocrx_word' id='word_1_239' title='bbox 673 2951 984 3006; x_wconf 85' lang='lat' dir='ltr'><strong>defendere.</strong></span> <span class='ocrx_word' id='word_1_240' title='bbox 1025 2949 1090 3002; x_wconf 88' lang='lat' dir='ltr'><strong>Et</strong></span> <span class='ocrx_word' id='word_1_241' title='bbox 1119 2947 1266 3013; x_wconf 88' lang='lat' dir='ltr'><strong>audi,</strong></span> <span class='ocrx_word' id='word_1_242' title='bbox 1293 2944 1564 3016; x_wconf 89' lang='lat' dir='ltr'><strong>quomodo</strong></span> <span class='ocrx_word' id='word_1_243' title='bbox 1598 2958 1820 3013; x_wconf 83' lang='lat' dir='ltr'><strong>respon-</strong></span> 
     </span>
    </p>
   </div>
   <div class='ocr_carea' id='block_1_30' title="bbox 219 3036 1820 3112">
    <p class='ocr_par' dir='ltr' id='par_1_30' title="bbox 219 3036 1820 3112">
     <span class='ocr_line' id='line_1_30' title="bbox 219 3036 1820 3112; baseline -0.007 -15"><span class='ocrx_word' id='word_1_244' title='bbox 219 3044 378 3097; x_wconf 85' lang='lat' dir='ltr'><strong>deat:</strong></span> <span class='ocrx_word' id='word_1_245' title='bbox 418 3044 712 3112; x_wconf 85' lang='lat' dir='ltr'><strong>Siquidem</strong></span> <span class='ocrx_word' id='word_1_246' title='bbox 755 3051 881 3096; x_wconf 81' lang='lat' dir='ltr'><strong>esset</strong></span> <span class='ocrx_word' id='word_1_247' title='bbox 919 3040 987 3093; x_wconf 90' lang='lat' dir='ltr'><strong>ad</strong></span> <span class='ocrx_word' id='word_1_248' title='bbox 1027 3040 1275 3092; x_wconf 85' lang='lat' dir='ltr'><strong>civitatem</strong></span> <span class='ocrx_word' id='word_1_249' title='bbox 1317 3047 1553 3106; x_wconf 85' lang='lat' dir='ltr'><strong>spectans</strong></span> <span class='ocrx_word' id='word_1_250' title='bbox 1593 3036 1820 3102; x_wconf 60' lang='lat' dir='ltr'><strong>iniiuum</strong></span> 
     </span>
    </p>
   </div>
   <div class='ocr_carea' id='block_1_31' title="bbox 219 3128 1821 3205">
    <p class='ocr_par' dir='ltr' id='par_1_31' title="bbox 219 3128 1821 3205">
     <span class='ocr_line' id='line_1_31' title="bbox 219 3128 1821 3205; baseline -0.004 -20"><span class='ocrx_word' id='word_1_251' title='bbox 219 3134 409 3203; x_wconf 82' lang='lat' dir='ltr'><strong>aliquid</strong></span> <span class='ocrx_word' id='word_1_252' title='bbox 434 3144 524 3187; x_wconf 90' lang='lat' dir='ltr'><strong>aut</strong></span> <span class='ocrx_word' id='word_1_253' title='bbox 555 3135 753 3205; x_wconf 74' lang='lat' dir='ltr'><strong>facinus</strong></span> <span class='ocrx_word' id='word_1_254' title='bbox 785 3132 1074 3202; x_wconf 86' lang='lat' dir='ltr'><strong>pessimum,</strong></span> <span class='ocrx_word' id='word_1_255' title='bbox 1107 3147 1136 3183; x_wconf 83' lang='grc' dir='ltr'>ο</span> <span class='ocrx_word' id='word_1_256' title='bbox 1161 3129 1360 3194; x_wconf 78' lang='lat' dir='ltr'><strong>Judazi,</strong></span> <span class='ocrx_word' id='word_1_257' title='bbox 1395 3139 1528 3181; x_wconf 88' lang='lat' dir='ltr'><strong>recte</strong></span> <span class='ocrx_word' id='word_1_258' title='bbox 1556 3143 1641 3180; x_wconf 85' lang='lat' dir='ltr'><strong>vos</strong></span> <span class='ocrx_word' id='word_1_259' title='bbox 1668 3128 1821 3180; x_wconf 84' lang='lat' dir='ltr'><strong>susti-</strong></span> 
     </span>
    </p>
   </div>
   <div class='ocr_carea' id='block_1_32' title="bbox 222 3219 1821 3296">
    <p class='ocr_par' dir='ltr' id='par_1_32' title="bbox 222 3219 1821 3296">
     <span class='ocr_line' id='line_1_32' title="bbox 222 3219 1821 3296; baseline -0.002 -20"><span class='ocrx_word' id='word_1_260' title='bbox 222 3242 406 3280; x_wconf 89' lang='lat' dir='ltr'><strong>nerem.</strong></span> <span class='ocrx_word' id='word_1_261' title='bbox 452 3225 744 3296; x_wconf 70' lang='lat' dir='ltr'><strong>.lEquitatis</strong></span> <span class='ocrx_word' id='word_1_262' title='bbox 774 3239 961 3278; x_wconf 86' lang='lat' dir='ltr'><strong>amans</strong></span> <span class='ocrx_word' id='word_1_263' title='bbox 1003 3222 1130 3278; x_wconf 87' lang='lat' dir='ltr'><strong>mihi</strong></span> <span class='ocrx_word' id='word_1_264' title='bbox 1164 3223 1244 3275; x_wconf 79' lang='lat' dir='ltr'><strong>vir</strong></span> <span class='ocrx_word' id='word_1_265' title='bbox 1271 3223 1356 3275; x_wconf 89' lang='lat' dir='ltr'><strong>ille</strong></span> <span class='ocrx_word' id='word_1_266' title='bbox 1387 3221 1626 3285; x_wconf 83' lang='lat' dir='ltr'><strong>videtur,</strong></span> <span class='ocrx_word' id='word_1_267' title='bbox 1660 3219 1821 3290; x_wconf 84' lang='lat' dir='ltr'><strong>idque</strong></span> 
     </span>
    </p>
   </div>
   <div class='ocr_carea' id='block_1_33' title="bbox 223 3311 1818 3385">
    <p class='ocr_par' dir='ltr' id='par_1_33' title="bbox 223 3311 1818 3385">
     <span class='ocr_line' id='line_1_33' title="bbox 223 3311 1818 3385; baseline -0.004 -15"><span class='ocrx_word' id='word_1_268' title='bbox 223 3318 562 3372; x_wconf 73' lang='lat' dir='ltr'><strong>manifestum</strong></span> <span class='ocrx_word' id='word_1_269' title='bbox 595 3327 677 3371; x_wconf 90' lang='lat' dir='ltr'><strong>est</strong></span> <span class='ocrx_word' id='word_1_270' title='bbox 709 3332 773 3371; x_wconf 81' lang='lat' dir='ltr'><strong>ex</strong></span> <span class='ocrx_word' id='word_1_271' title='bbox 806 3316 892 3382; x_wconf 71' lang='lat' dir='ltr'><strong>iis,</strong></span> <span class='ocrx_word' id='word_1_272' title='bbox 921 3331 1041 3385; x_wconf 73' lang='lat' dir='ltr'><strong>qua:</strong></span> <span class='ocrx_word' id='word_1_273' title='bbox 1073 3313 1363 3384; x_wconf 83' lang='lat' dir='ltr'><strong>prudenter</strong></span> <span class='ocrx_word' id='word_1_274' title='bbox 1390 3311 1700 3381; x_wconf 84' lang='lat' dir='ltr'><strong>respondet.</strong></span> <span class='ocrx_word' id='word_1_275' title='bbox 1729 3311 1818 3364; x_wconf 75' lang='grc'><strong>1-1.</strong></span> 
     </span>
    </p>
   </div>
   <div class='ocr_carea' id='block_1_34' title="bbox 224 3404 1822 3479">
    <p class='ocr_par' dir='ltr' id='par_1_34' title="bbox 224 3404 1822 3479">
     <span class='ocr_line' id='line_1_34' title="bbox 224 3404 1822 3479; baseline -0.003 -17"><span class='ocrx_word' id='word_1_276' title='bbox 224 3410 344 3464; x_wconf 87' lang='lat' dir='ltr'><strong>Cum</strong></span> <span class='ocrx_word' id='word_1_277' title='bbox 391 3410 592 3464; x_wconf 86' lang='lat' dir='ltr'><strong>Paulus</strong></span> <span class='ocrx_word' id='word_1_278' title='bbox 618 3453 630 3473; x_wconf 89' lang='lat'><strong>,</strong></span> <span class='ocrx_word' id='word_1_279' title='bbox 665 3410 873 3479; x_wconf 88' lang='lat' dir='ltr'><strong>inquit,</strong></span> <span class='ocrx_word' id='word_1_280' title='bbox 905 3426 959 3462; x_wconf 89' lang='lat' dir='ltr'><strong>os</strong></span> <span class='ocrx_word' id='word_1_281' title='bbox 999 3423 1147 3463; x_wconf 88' lang='lat' dir='ltr'><strong>suum</strong></span> <span class='ocrx_word' id='word_1_282' title='bbox 1190 3408 1460 3477; x_wconf 81' lang='lat' dir='ltr'><strong>operturus</strong></span> <span class='ocrx_word' id='word_1_283' title='bbox 1496 3414 1663 3470; x_wconf 86' lang='lat' dir='ltr'><strong>esset,</strong></span> <span class='ocrx_word' id='word_1_284' title='bbox 1693 3404 1822 3458; x_wconf 75' lang='lat' dir='ltr'><strong>dixit</strong></span> 
     </span>
    </p>
   </div>
   <div class='ocr_carea' id='block_1_35' title="bbox 227 3497 1823 3571">
    <p class='ocr_par' dir='ltr' id='par_1_35' title="bbox 227 3497 1823 3571">
     <span class='ocr_line' id='line_1_35' title="bbox 227 3497 1823 3571; baseline -0.003 -17"><span class='ocrx_word' id='word_1_285' title='bbox 227 3501 389 3556; x_wconf 87' lang='lat' dir='ltr'><strong>Callia</strong></span> <span class='ocrx_word' id='word_1_286' title='bbox 431 3503 632 3556; x_wconf 78' lang='lat' dir='ltr'><strong>Juda&#39;is</strong></span> <span class='ocrx_word' id='word_1_287' title='bbox 659 3502 761 3558; x_wconf 86' lang='lat' dir='ltr'><strong>:Si</strong></span> <span class='ocrx_word' id='word_1_288' title='bbox 802 3502 1001 3571; x_wconf 85' lang='lat' dir='ltr'><strong>quidem</strong></span> <span class='ocrx_word' id='word_1_289' title='bbox 1045 3511 1170 3555; x_wconf 85' lang='lat' dir='ltr'><strong>esset</strong></span> <span class='ocrx_word' id='word_1_290' title='bbox 1209 3500 1452 3568; x_wconf 82' lang='lat' dir='ltr'><strong>injustam</strong></span> <span class='ocrx_word' id='word_1_291' title='bbox 1497 3497 1691 3567; x_wconf 88' lang='lat' dir='ltr'><strong>aliquid</strong></span> <span class='ocrx_word' id='word_1_292' title='bbox 1734 3507 1823 3550; x_wconf 88' lang='lat' dir='ltr'><strong>aut</strong></span> 
     </span>
    </p>
   </div>
   <div class='ocr_carea' id='block_1_36' title="bbox 227 3590 1820 3664">
    <p class='ocr_par' dir='ltr' id='par_1_36' title="bbox 227 3590 1820 3664">
     <span class='ocr_line' id='line_1_36' title="bbox 227 3590 1820 3664; baseline -0.002 -20"><span class='ocrx_word' id='word_1_293' title='bbox 227 3595 417 3662; x_wconf 81' lang='lat' dir='ltr'><strong>[acinus</strong></span> <span class='ocrx_word' id='word_1_294' title='bbox 445 3595 720 3664; x_wconf 84' lang='lat' dir='ltr'><strong>pessimum</strong></span> <span class='ocrx_word' id='word_1_295' title='bbox 747 3635 760 3656; x_wconf 85' lang='lat'><strong>,</strong></span> <span class='ocrx_word' id='word_1_296' title='bbox 791 3609 819 3646; x_wconf 91' lang='grc' dir='ltr'>ο</span> <span class='ocrx_word' id='word_1_297' title='bbox 845 3591 1018 3644; x_wconf 68' lang='lat' dir='ltr'><strong>Iudici</strong></span> <span class='ocrx_word' id='word_1_298' title='bbox 1040 3633 1056 3659; x_wconf 87' lang='lat'><strong>,</strong></span> <span class='ocrx_word' id='word_1_299' title='bbox 1083 3599 1214 3644; x_wconf 88' lang='lat' dir='ltr'><strong>recte</strong></span> <span class='ocrx_word' id='word_1_300' title='bbox 1245 3605 1328 3643; x_wconf 85' lang='lat' dir='ltr'><strong>vos</strong></span> <span class='ocrx_word' id='word_1_301' title='bbox 1360 3590 1656 3643; x_wconf 86' lang='lat' dir='ltr'><strong>sustinerem</strong></span> <span class='ocrx_word' id='word_1_302' title='bbox 1687 3605 1703 3642; x_wconf 92' lang='lat'><strong>:</strong></span> <span class='ocrx_word' id='word_1_303' title='bbox 1735 3590 1820 3644; x_wconf 83' lang='lat' dir='ltr'><strong>l5.</strong></span> 
     </span>
    </p>
   </div>
   <div class='ocr_carea' id='block_1_37' title="bbox 227 3683 1822 3755">
    <p class='ocr_par' dir='ltr' id='par_1_37' title="bbox 227 3683 1822 3755">
     <span class='ocr_line' id='line_1_37' title="bbox 227 3683 1822 3755; baseline -0.001 -18"><span class='ocrx_word' id='word_1_304' title='bbox 227 3687 268 3738; x_wconf 90' lang='lat' dir='ltr'><strong>si</strong></span> <span class='ocrx_word' id='word_1_305' title='bbox 297 3703 407 3740; x_wconf 87' lang='lat' dir='ltr'><strong>vero</strong></span> <span class='ocrx_word' id='word_1_306' title='bbox 437 3688 649 3755; x_wconf 73' lang='lat' dir='ltr'><strong>quiestio</strong></span> <span class='ocrx_word' id='word_1_307' title='bbox 679 3695 751 3738; x_wconf 80' lang='lat' dir='ltr'><strong>est</strong></span> <span class='ocrx_word' id='word_1_308' title='bbox 783 3685 844 3738; x_wconf 88' lang='lat' dir='ltr'><strong>de</strong></span> <span class='ocrx_word' id='word_1_309' title='bbox 872 3685 1018 3738; x_wconf 83' lang='lat' dir='ltr'><strong>verbo</strong></span> <span class='ocrx_word' id='word_1_310' title='bbox 1049 3694 1094 3737; x_wconf 87' lang='lat' dir='ltr'><strong>et</strong></span> <span class='ocrx_word' id='word_1_311' title='bbox 1124 3684 1410 3736; x_wconf 85' lang='lat' dir='ltr'><strong>nominibus</strong></span> <span class='ocrx_word' id='word_1_312' title='bbox 1439 3693 1484 3736; x_wconf 92' lang='lat' dir='ltr'><strong>et</strong></span> <span class='ocrx_word' id='word_1_313' title='bbox 1515 3683 1578 3736; x_wconf 87' lang='lat' dir='ltr'><strong>de</strong></span> <span class='ocrx_word' id='word_1_314' title='bbox 1604 3684 1710 3753; x_wconf 82' lang='lat' dir='ltr'><strong>lege</strong></span> <span class='ocrx_word' id='word_1_315' title='bbox 1739 3700 1822 3736; x_wconf 89' lang='lat' dir='ltr'><strong>ve-</strong></span> 
     </span>
    </p>
   </div>
   <div class='ocr_carea' id='block_1_38' title="bbox 228 3773 1820 3846">
    <p class='ocr_par' dir='ltr' id='par_1_38' title="bbox 228 3773 1820 3846">
     <span class='ocr_line' id='line_1_38' title="bbox 228 3773 1820 3846; baseline -0.001 -18"><span class='ocrx_word' id='word_1_316' title='bbox 228 3785 348 3840; x_wconf 86' lang='lat' dir='ltr'><strong>stra,</strong></span> <span class='ocrx_word' id='word_1_317' title='bbox 377 3793 461 3831; x_wconf 86' lang='lat' dir='ltr'><strong>vos</strong></span> <span class='ocrx_word' id='word_1_318' title='bbox 489 3779 590 3846; x_wconf 78' lang='lat' dir='ltr'><strong>ipsi</strong></span> <span class='ocrx_word' id='word_1_319' title='bbox 621 3776 842 3829; x_wconf 82' lang='lat' dir='ltr'><strong>videritis</strong></span> <span class='ocrx_word' id='word_1_320' title='bbox 869 3791 885 3828; x_wconf 95' lang='lat'><strong>:</strong></span> <span class='ocrx_word' id='word_1_321' title='bbox 903 3775 1071 3843; x_wconf 79' lang='lat' dir='ltr'><strong>judea:</strong></span> <span class='ocrx_word' id='word_1_322' title='bbox 1100 3789 1190 3844; x_wconf 87' lang='lat' dir='ltr'><strong>ego</strong></span> <span class='ocrx_word' id='word_1_323' title='bbox 1217 3775 1399 3826; x_wconf 82' lang='lat' dir='ltr'><strong>harant</strong></span> <span class='ocrx_word' id='word_1_324' title='bbox 1428 3773 1547 3827; x_wconf 88' lang='lat' dir='ltr'><strong>uolo</strong></span> <span class='ocrx_word' id='word_1_325' title='bbox 1576 3791 1700 3829; x_wconf 88' lang='lat' dir='ltr'><strong>esse.</strong></span> <span class='ocrx_word' id='word_1_326' title='bbox 1732 3774 1820 3829; x_wconf 86' lang='grc'><strong>16.</strong></span> 
     </span>
    </p>
   </div>
   <div class='ocr_carea' id='block_1_39' title="bbox 230 3863 1826 3941">
    <p class='ocr_par' dir='ltr' id='par_1_39' title="bbox 230 3863 1826 3941">
     <span class='ocr_line' id='line_1_39' title="bbox 230 3863 1826 3941; baseline 0.001 -24"><span class='ocrx_word' id='word_1_327' title='bbox 230 3863 296 3920; x_wconf 82' lang='lat' dir='ltr'><strong>Et</strong></span> <span class='ocrx_word' id='word_1_328' title='bbox 330 3868 494 3941; x_wconf 78' lang='lat' dir='ltr'><strong>abegit</strong></span> <span class='ocrx_word' id='word_1_329' title='bbox 538 3885 623 3922; x_wconf 87' lang='lat' dir='ltr'><strong>eos</strong></span> <span class='ocrx_word' id='word_1_330' title='bbox 666 3885 696 3922; x_wconf 91' lang='lat' dir='ltr'><strong><em>a</em></strong></span> <span class='ocrx_word' id='word_1_331' title='bbox 742 3867 1001 3921; x_wconf 84' lang='lat' dir='ltr'><strong>tribunali.</strong></span> <span class='ocrx_word' id='word_1_332' title='bbox 1048 3867 1134 3921; x_wconf 89' lang='grc'><strong>17.</strong></span> <span class='ocrx_word' id='word_1_333' title='bbox 1173 3866 1619 3936; x_wconf 82' lang='lat' dir='ltr'><strong>Appre/iendentes</strong></span> <span class='ocrx_word' id='word_1_334' title='bbox 1659 3876 1826 3920; x_wconf 89' lang='lat' dir='ltr'><strong>autem</strong></span> 
     </span>
    </p>
   </div>
   <div class='ocr_carea' id='block_1_40' title="bbox 231 3960 1826 4031">
    <p class='ocr_par' dir='ltr' id='par_1_40' title="bbox 231 3960 1826 4031">
     <span class='ocr_line' id='line_1_40' title="bbox 231 3960 1826 4031; baseline 0.002 -19"><span class='ocrx_word' id='word_1_335' title='bbox 231 3978 394 4017; x_wconf 83' lang='lat' dir='ltr'><strong>omnes</strong></span> <span class='ocrx_word' id='word_1_336' title='bbox 423 3963 590 4018; x_wconf 61' lang='grc' dir='ltr'><strong>(ἐνωεί</strong></span> <span class='ocrx_word' id='word_1_337' title='bbox 622 3962 922 4018; x_wconf 85' lang='lat' dir='ltr'><strong>Sostltenem</strong></span> <span class='ocrx_word' id='word_1_338' title='bbox 945 3960 1225 4031; x_wconf 84' lang='lat' dir='ltr'><strong>principem</strong></span> <span class='ocrx_word' id='word_1_339' title='bbox 1255 3975 1547 4030; x_wconf 61' lang='lat' dir='ltr'><strong>synagoga,</strong></span> <span class='ocrx_word' id='word_1_340' title='bbox 1579 3961 1826 4029; x_wconf 77' lang='lat' dir='ltr'><strong>percutie-</strong></span> 
     </span>
    </p>
   </div>
   <div class='ocr_carea' id='block_1_41' title="bbox 233 4051 1829 4110">
    <p class='ocr_par' dir='ltr' id='par_1_41' title="bbox 233 4051 1829 4110">
     <span class='ocr_line' id='line_1_41' title="bbox 233 4051 1829 4110; baseline 0.001 -4"><span class='ocrx_word' id='word_1_341' title='bbox 233 4054 346 4109; x_wconf 88' lang='lat' dir='ltr'><strong>bant</strong></span> <span class='ocrx_word' id='word_1_342' title='bbox 378 4073 493 4110; x_wconf 89' lang='lat' dir='ltr'><strong>cum</strong></span> <span class='ocrx_word' id='word_1_343' title='bbox 524 4065 639 4108; x_wconf 81' lang='lat' dir='ltr'><strong>ante</strong></span> <span class='ocrx_word' id='word_1_344' title='bbox 669 4055 889 4107; x_wconf 88' lang='lat' dir='ltr'><strong>tribunal</strong></span> <span class='ocrx_word' id='word_1_345' title='bbox 917 4070 934 4106; x_wconf 92' lang='lat'><strong>:</strong></span> <span class='ocrx_word' id='word_1_346' title='bbox 959 4063 1004 4106; x_wconf 86' lang='lat' dir='ltr'><strong>et</strong></span> <span class='ocrx_word' id='word_1_347' title='bbox 1043 4053 1172 4106; x_wconf 81' lang='lat' dir='ltr'><strong>nihil</strong></span> <span class='ocrx_word' id='word_1_348' title='bbox 1209 4069 1382 4110; x_wconf 81' lang='lat' dir='ltr'><strong>eorum</strong></span> <span class='ocrx_word' id='word_1_349' title='bbox 1429 4051 1654 4107; x_wconf 83' lang='lat' dir='ltr'><strong>Gallioni</strong></span> <span class='ocrx_word' id='word_1_350' title='bbox 1694 4071 1829 4108; x_wconf 78' lang='lat' dir='ltr'><strong>cura:</strong></span> 
     </span>
    </p>
   </div>
   <div class='ocr_carea' id='block_1_42' title="bbox 233 4146 1826 4218">
    <p class='ocr_par' dir='ltr' id='par_1_42' title="bbox 233 4146 1826 4218">
     <span class='ocr_line' id='line_1_42' title="bbox 233 4146 1826 4218; baseline 0.001 -18"><span class='ocrx_word' id='word_1_351' title='bbox 233 4157 355 4203; x_wconf 82' lang='lat' dir='ltr'><strong>erat.</strong></span> <span class='ocrx_word' id='word_1_352' title='bbox 381 4149 517 4204; x_wconf 89' lang='lat' dir='ltr'><strong>llinc</strong></span> <span class='ocrx_word' id='word_1_353' title='bbox 544 4165 758 4204; x_wconf 89' lang='lat' dir='ltr'><strong>rursum</strong></span> <span class='ocrx_word' id='word_1_354' title='bbox 783 4148 880 4202; x_wconf 73' lang='lat' dir='ltr'><strong>viri</strong></span> <span class='ocrx_word' id='word_1_355' title='bbox 903 4146 1128 4218; x_wconf 64' lang='lat' dir='ltr'><strong>aequitas</strong></span> <span class='ocrx_word' id='word_1_356' title='bbox 1153 4155 1501 4202; x_wconf 78' lang='lat' dir='ltr'><strong>monstratur.</strong></span> <span class='ocrx_word' id='word_1_357' title='bbox 1529 4147 1659 4202; x_wconf 81' lang='lat' dir='ltr'><strong>Cuu‘i</strong></span> <span class='ocrx_word' id='word_1_358' title='bbox 1683 4150 1826 4204; x_wconf 87' lang='lat' dir='ltr'><strong>enim</strong></span> 
     </span>
    </p>
   </div>
   <div class='ocr_carea' id='block_1_43' title="bbox 237 4239 1824 4310">
    <p class='ocr_par' dir='ltr' id='par_1_43' title="bbox 237 4239 1824 4310">
     <span class='ocr_line' id='line_1_43' title="bbox 237 4239 1824 4310; baseline 0.001 -16"><span class='ocrx_word' id='word_1_359' title='bbox 237 4240 320 4295; x_wconf 85' lang='lat' dir='ltr'><strong>ille</strong></span> <span class='ocrx_word' id='word_1_360' title='bbox 336 4243 730 4307; x_wconf 79' lang='lat' dir='ltr'><strong>rerberarctur,</strong></span> <span class='ocrx_word' id='word_1_361' title='bbox 754 4255 858 4294; x_wconf 91' lang='lat' dir='ltr'><strong>non</strong></span> <span class='ocrx_word' id='word_1_362' title='bbox 886 4239 1094 4309; x_wconf 85' lang='lat' dir='ltr'><strong>putavit</strong></span> <span class='ocrx_word' id='word_1_363' title='bbox 1118 4239 1168 4294; x_wconf 92' lang='lat' dir='ltr'><strong>id</strong></span> <span class='ocrx_word' id='word_1_364' title='bbox 1195 4240 1294 4310; x_wconf 87' lang='lat' dir='ltr'><strong>ipsi</strong></span> <span class='ocrx_word' id='word_1_365' title='bbox 1317 4240 1660 4295; x_wconf 69' lang='lat' dir='ltr'><strong>contumelia:</strong></span> <span class='ocrx_word' id='word_1_366' title='bbox 1676 4256 1824 4297; x_wconf 90' lang='lat' dir='ltr'><strong>esse:</strong></span> 
     </span>
    </p>
   </div>
   <div class='ocr_carea' id='block_1_44' title="bbox 236 4332 1107 4406">
    <p class='ocr_par' dir='ltr' id='par_1_44' title="bbox 236 4332 1107 4406">
     <span class='ocr_line' id='line_1_44' title="bbox 236 4332 1107 4406; baseline 0.002 -20"><span class='ocrx_word' id='word_1_367' title='bbox 236 4334 365 4396; x_wconf 85' lang='lat' dir='ltr'><strong>adeo</strong></span> <span class='ocrx_word' id='word_1_368' title='bbox 393 4335 695 4406; x_wconf 85' lang='lat' dir='ltr'><strong>petulantes</strong></span> <span class='ocrx_word' id='word_1_369' title='bbox 727 4332 897 4389; x_wconf 62' lang='lat' dir='ltr'><strong>Judasi</strong></span> <span class='ocrx_word' id='word_1_370' title='bbox 931 4341 1107 4388; x_wconf 88' lang='lat' dir='ltr'><strong>erant.</strong></span> 
     </span>
    </p>
   </div>
   <div class='ocr_carea' id='block_1_45' title="bbox 301 4425 1828 4496">
    <p class='ocr_par' dir='ltr' id='par_1_45' title="bbox 301 4425 1828 4496">
     <span class='ocr_line' id='line_1_45' title="bbox 301 4425 1828 4496; baseline 0.003 -18"><span class='ocrx_word' id='word_1_371' title='bbox 301 4425 354 4479; x_wconf 75' lang='lat'><strong>2.</strong></span> <span class='ocrx_word' id='word_1_372' title='bbox 393 4427 500 4481; x_wconf 87' lang='lat' dir='ltr'><strong>Sed</strong></span> <span class='ocrx_word' id='word_1_373' title='bbox 538 4426 813 4496; x_wconf 84' lang='lat' dir='ltr'><strong>superiora</strong></span> <span class='ocrx_word' id='word_1_374' title='bbox 858 4435 1184 4495; x_wconf 89' lang='lat' dir='ltr'><strong>repetamus.</strong></span> <span class='ocrx_word' id='word_1_375' title='bbox 1227 4425 1502 4481; x_wconf 83' lang='lat' dir='ltr'><strong>Audientes</strong></span> <span class='ocrx_word' id='word_1_376' title='bbox 1525 4436 1693 4481; x_wconf 87' lang='lat' dir='ltr'><strong>autem</strong></span> <span class='ocrx_word' id='word_1_377' title='bbox 1743 4445 1828 4482; x_wconf 83' lang='lat' dir='ltr'><strong>re-</strong></span> 
     </span>
    </p>
   </div>
   <div class='ocr_carea' id='block_1_46' title="bbox 237 4517 1831 4588">
    <p class='ocr_par' dir='ltr' id='par_1_46' title="bbox 237 4517 1831 4588">
     <span class='ocr_line' id='line_1_46' title="bbox 237 4517 1831 4588; baseline 0.002 -18"><span class='ocrx_word' id='word_1_378' title='bbox 237 4518 590 4571; x_wconf 86' lang='lat' dir='ltr'><strong>surrectionem</strong></span> <span class='ocrx_word' id='word_1_379' title='bbox 638 4527 990 4581; x_wconf 90' lang='lat' dir='ltr'><strong>mortuorum,</strong></span> <span class='ocrx_word' id='word_1_380' title='bbox 1042 4517 1133 4571; x_wconf 89' lang='lat' dir='ltr'><strong>alii</strong></span> <span class='ocrx_word' id='word_1_381' title='bbox 1156 4517 1361 4588; x_wconf 87' lang='lat' dir='ltr'><strong>quidem</strong></span> <span class='ocrx_word' id='word_1_382' title='bbox 1387 4518 1667 4572; x_wconf 84' lang='lat' dir='ltr'><strong>irridebant</strong></span> <span class='ocrx_word' id='word_1_383' title='bbox 1691 4561 1705 4587; x_wconf 92' lang='lat'><strong>,</strong></span> <span class='ocrx_word' id='word_1_384' title='bbox 1739 4521 1831 4574; x_wconf 88' lang='lat' dir='ltr'><strong>alii</strong></span> 
     </span>
    </p>
   </div>
   <div class='ocr_carea' id='block_1_47' title="bbox 239 4610 1828 4690">
    <p class='ocr_par' dir='ltr' id='par_1_47' title="bbox 239 4610 1828 4690">
     <span class='ocr_line' id='line_1_47' title="bbox 239 4610 1828 4690; baseline 0.003 -27"><span class='ocrx_word' id='word_1_385' title='bbox 239 4625 347 4663; x_wconf 80' lang='lat' dir='ltr'><strong>vero</strong></span> <span class='ocrx_word' id='word_1_386' title='bbox 374 4611 613 4664; x_wconf 70' lang='lat' dir='ltr'><strong>disserunt</strong></span> <span class='ocrx_word' id='word_1_387' title='bbox 655 4625 673 4663; x_wconf 91' lang='lat'><strong>:</strong></span> <span class='ocrx_word' id='word_1_388' title='bbox 715 4610 991 4662; x_wconf 83' lang='lat' dir='ltr'><strong>Audiemus</strong></span> <span class='ocrx_word' id='word_1_389' title='bbox 1038 4618 1096 4690; x_wconf 44' lang='lat' dir='ltr'><strong>te.</strong></span> <span class='ocrx_word' id='word_1_390' title='bbox 1125 4611 1322 4663; x_wconf 87' lang='lat' dir='ltr'><strong>iterum.</strong></span> <span class='ocrx_word' id='word_1_391' title='bbox 1356 4611 1564 4678; x_wconf 85' lang='lat' dir='ltr'><strong>Quanta</strong></span> <span class='ocrx_word' id='word_1_392' title='bbox 1595 4620 1648 4666; x_wconf 82' lang='lat' dir='ltr'><strong>et</strong></span> <span class='ocrx_word' id='word_1_393' title='bbox 1669 4627 1828 4680; x_wconf 86' lang='lat' dir='ltr'><strong>quam</strong></span> 
     </span>
    </p>
   </div>
   <div class='ocr_carea' id='block_1_48' title="bbox 240 4704 1830 4776">
    <p class='ocr_par' dir='ltr' id='par_1_48' title="bbox 240 4704 1830 4776">
     <span class='ocr_line' id='line_1_48' title="bbox 240 4704 1830 4776; baseline 0.003 -20"><span class='ocrx_word' id='word_1_394' title='bbox 240 4705 480 4760; x_wconf 84' lang='lat' dir='ltr'><strong>sublimia</strong></span> <span class='ocrx_word' id='word_1_395' title='bbox 508 4704 812 4770; x_wconf 86' lang='lat' dir='ltr'><strong>audientes,</strong></span> <span class='ocrx_word' id='word_1_396' title='bbox 846 4720 913 4760; x_wconf 91' lang='lat' dir='ltr'><strong>ne</strong></span> <span class='ocrx_word' id='word_1_397' title='bbox 942 4705 1289 4760; x_wconf 84' lang='lat' dir='ltr'><strong>attendebant</strong></span> <span class='ocrx_word' id='word_1_398' title='bbox 1314 4705 1550 4776; x_wconf 86' lang='lat' dir='ltr'><strong>quidem,</strong></span> <span class='ocrx_word' id='word_1_399' title='bbox 1571 4707 1666 4761; x_wconf 89' lang='lat' dir='ltr'><strong>sed</strong></span> <span class='ocrx_word' id='word_1_400' title='bbox 1693 4707 1830 4761; x_wconf 84' lang='lat' dir='ltr'><strong>ride-</strong></span> 
     </span>
    </p>
   </div>
   <div class='ocr_carea' id='block_1_49' title="bbox 241 4794 1831 4854">
    <p class='ocr_par' dir='ltr' id='par_1_49' title="bbox 241 4794 1831 4854">
     <span class='ocr_line' id='line_1_49' title="bbox 241 4794 1831 4854; baseline 0.003 -6"><span class='ocrx_word' id='word_1_401' title='bbox 241 4794 382 4851; x_wconf 89' lang='lat' dir='ltr'><strong>bant.</strong></span> <span class='ocrx_word' id='word_1_402' title='bbox 403 4795 878 4852; x_wconf 73' lang='lat' dir='ltr'><strong>Resurrccﬁonem</strong></span> <span class='ocrx_word' id='word_1_403' title='bbox 909 4796 1208 4851; x_wconf 88' lang='lat' dir='ltr'><strong>irridebaut</strong></span> <span class='ocrx_word' id='word_1_404' title='bbox 1235 4815 1248 4851; x_wconf 89' lang='lat'><strong>:</strong></span> <span class='ocrx_word' id='word_1_405' title='bbox 1270 4813 1390 4850; x_wconf 90' lang='lat' dir='ltr'><strong>nam</strong></span> <span class='ocrx_word' id='word_1_406' title='bbox 1415 4798 1664 4852; x_wconf 84' lang='lat' dir='ltr'><strong>Animalis</strong></span> <span class='ocrx_word' id='word_1_407' title='bbox 1680 4801 1831 4854; x_wconf 82' lang='lat' dir='ltr'><strong>homo</strong></span> 
     </span>
    </p>
   </div>
   <div class='ocr_carea' id='block_1_50' title="bbox 242 4888 1830 4963">
    <p class='ocr_par' dir='ltr' id='par_1_50' title="bbox 242 4888 1830 4963">
     <span class='ocr_line' id='line_1_50' title="bbox 242 4888 1830 4963; baseline 0.005 -25"><span class='ocrx_word' id='word_1_408' title='bbox 242 4903 333 4940; x_wconf 87' lang='lat' dir='ltr'><strong>non</strong></span> <span class='ocrx_word' id='word_1_409' title='bbox 363 4888 576 4958; x_wconf 78' lang='lat' dir='ltr'><strong>percipit</strong></span> <span class='ocrx_word' id='word_1_410' title='bbox 606 4903 684 4952; x_wconf 85' lang='lat' dir='ltr'><strong>ea,</strong></span> <span class='ocrx_word' id='word_1_411' title='bbox 717 4903 831 4956; x_wconf 70' lang='lat' dir='ltr'><strong>quae</strong></span> <span class='ocrx_word' id='word_1_412' title='bbox 858 4898 974 4941; x_wconf 90' lang='lat' dir='ltr'><strong>sunt</strong></span> <span class='ocrx_word' id='word_1_413' title='bbox 996 4888 1223 4958; x_wconf 88' lang='lat' dir='ltr'><strong>Spiritus</strong></span> <span class='ocrx_word' id='word_1_414' title='bbox 1255 4888 1272 4958; x_wconf 93' lang='lat'>(</span> <span class='ocrx_word' id='word_1_415' title='bbox 1302 4892 1354 4944; x_wconf 89' lang='grc'><strong>1.</strong></span> <span class='ocrx_word' id='word_1_416' title='bbox 1383 4890 1501 4944; x_wconf 90' lang='lat' dir='ltr'><strong>Cor.</strong></span> <span class='ocrx_word' id='word_1_417' title='bbox 1533 4889 1591 4943; x_wconf 75' lang='grc'><strong>2.</strong></span> <span class='ocrx_word' id='word_1_418' title='bbox 1618 4892 1730 4963; x_wconf 69' lang='grc'><strong>14).</strong></span> <span class='ocrx_word' id='word_1_419' title='bbox 1766 4891 1830 4946; x_wconf 82' lang='lat' dir='ltr'><strong>Et</strong></span> 
     </span>
    </p>
   </div>
   <div class='ocr_carea' id='block_1_51' title="bbox 241 4977 1834 5053">
    <p class='ocr_par' dir='ltr' id='par_1_51' title="bbox 241 4977 1834 5053">
     <span class='ocr_line' id='line_1_51' title="bbox 241 4977 1834 5053; baseline 0.006 -23"><span class='ocrx_word' id='word_1_420' title='bbox 241 4978 324 5040; x_wconf 87' lang='lat' dir='ltr'><strong>sic,</strong></span> <span class='ocrx_word' id='word_1_421' title='bbox 357 4979 550 5048; x_wconf 86' lang='lat' dir='ltr'><strong>inquit,</strong></span> <span class='ocrx_word' id='word_1_422' title='bbox 573 4978 693 5032; x_wconf 68' lang='lat' dir='ltr'><strong>exiit</strong></span> <span class='ocrx_word' id='word_1_423' title='bbox 721 4977 920 5032; x_wconf 86' lang='lat' dir='ltr'><strong>Paulus</strong></span> <span class='ocrx_word' id='word_1_424' title='bbox 942 4979 1004 5032; x_wconf 78' lang='lat' dir='ltr'><strong>de</strong></span> <span class='ocrx_word' id='word_1_425' title='bbox 1027 4980 1190 5034; x_wconf 88' lang='lat' dir='ltr'><strong>medio</strong></span> <span class='ocrx_word' id='word_1_426' title='bbox 1212 4997 1403 5034; x_wconf 87' lang='lat' dir='ltr'><strong>eorum.</strong></span> <span class='ocrx_word' id='word_1_427' title='bbox 1441 4981 1528 5036; x_wconf 89' lang='lat' dir='ltr'><strong>Sic</strong></span> <span class='ocrx_word' id='word_1_428' title='bbox 1562 4998 1579 5036; x_wconf 89' lang='lat'><strong>:</strong></span> <span class='ocrx_word' id='word_1_429' title='bbox 1609 4999 1834 5053; x_wconf 88' lang='lat' dir='ltr'><strong>quomo-</strong></span> 
     </span>
    </p>
   </div>
   <div class='ocr_carea' id='block_1_52' title="bbox 242 5067 1832 5138">
    <p class='ocr_par' dir='ltr' id='par_1_52' title="bbox 242 5067 1832 5138">
     <span class='ocr_line' id='line_1_52' title="bbox 242 5067 1832 5138; baseline 0.008 -19"><span class='ocrx_word' id='word_1_430' title='bbox 242 5067 350 5122; x_wconf 71' lang='lat' dir='ltr'><strong>do?</strong></span> <span class='ocrx_word' id='word_1_431' title='bbox 375 5069 512 5124; x_wconf 87' lang='lat' dir='ltr'><strong>Cum</strong></span> <span class='ocrx_word' id='word_1_432' title='bbox 538 5069 655 5123; x_wconf 88' lang='lat' dir='ltr'><strong>aliis</strong></span> <span class='ocrx_word' id='word_1_433' title='bbox 686 5072 1060 5138; x_wconf 87' lang='lat' dir='ltr'><strong>persuasisset,</strong></span> <span class='ocrx_word' id='word_1_434' title='bbox 1094 5072 1160 5125; x_wconf 90' lang='lat' dir='ltr'><strong>ab</strong></span> <span class='ocrx_word' id='word_1_435' title='bbox 1187 5072 1305 5127; x_wconf 89' lang='lat' dir='ltr'><strong>aliis</strong></span> <span class='ocrx_word' id='word_1_436' title='bbox 1328 5089 1458 5127; x_wconf 78' lang='lat' dir='ltr'><strong>vero</strong></span> <span class='ocrx_word' id='word_1_437' title='bbox 1483 5074 1670 5131; x_wconf 85' lang='lat' dir='ltr'><strong>irrisus</strong></span> <span class='ocrx_word' id='word_1_438' title='bbox 1701 5076 1832 5132; x_wconf 82' lang='lat' dir='ltr'><strong>fuis-</strong></span> 
     </span>
    </p>
   </div>
   <div class='ocr_carea' id='block_1_53' title="bbox 242 5147 1830 5237">
    <p class='ocr_par' dir='ltr' id='par_1_53' title="bbox 242 5147 1830 5237">
     <span class='ocr_line' id='line_1_53' title="bbox 242 5147 1830 5237; baseline 0.007 -22"><span class='ocrx_word' id='word_1_439' title='bbox 242 5147 336 5218; x_wconf 82' lang='lat' dir='ltr'><strong>set.</strong></span> <span class='ocrx_word' id='word_1_440' title='bbox 371 5164 627 5219; x_wconf 81' lang='lat' dir='ltr'><strong>Secedens</strong></span> <span class='ocrx_word' id='word_1_441' title='bbox 657 5173 825 5218; x_wconf 88' lang='lat' dir='ltr'><strong>autem</strong></span> <span class='ocrx_word' id='word_1_442' title='bbox 853 5166 1062 5220; x_wconf 81' lang='lat' dir='ltr'><strong>Athenis</strong></span> <span class='ocrx_word' id='word_1_443' title='bbox 1083 5209 1097 5234; x_wconf 93' lang='lat'><strong>,</strong></span> <span class='ocrx_word' id='word_1_444' title='bbox 1130 5167 1324 5237; x_wconf 89' lang='lat' dir='ltr'><strong>inquit,</strong></span> <span class='ocrx_word' id='word_1_445' title='bbox 1354 5169 1485 5222; x_wconf 85' lang='lat' dir='ltr'><strong>venit</strong></span> <span class='ocrx_word' id='word_1_446' title='bbox 1509 5169 1830 5226; x_wconf 78' lang='lat' dir='ltr'><strong>Corinthum.</strong></span> 
     </span>
    </p>
   </div>
   <div class='ocr_carea' id='block_1_54' title="bbox 246 5253 1836 5332">
    <p class='ocr_par' dir='ltr' id='par_1_54' title="bbox 246 5253 1836 5332">
     <span class='ocr_line' id='line_1_54' title="bbox 246 5253 1836 5332; baseline 0.008 -25"><span class='ocrx_word' id='word_1_447' title='bbox 246 5253 306 5308; x_wconf 78' lang='lat' dir='ltr'><strong>Et</strong></span> <span class='ocrx_word' id='word_1_448' title='bbox 326 5257 521 5311; x_wconf 87' lang='lat' dir='ltr'><strong>invento</strong></span> <span class='ocrx_word' id='word_1_449' title='bbox 548 5258 770 5328; x_wconf 82' lang='lat' dir='ltr'><strong>quodam</strong></span> <span class='ocrx_word' id='word_1_450' title='bbox 798 5256 1004 5325; x_wconf 76' lang='lat' dir='ltr'><strong>Juda&#39;o,</strong></span> <span class='ocrx_word' id='word_1_451' title='bbox 1034 5261 1117 5313; x_wconf 88' lang='lat' dir='ltr'><strong>cui</strong></span> <span class='ocrx_word' id='word_1_452' title='bbox 1137 5277 1317 5314; x_wconf 86' lang='lat' dir='ltr'><strong>nomen</strong></span> <span class='ocrx_word' id='word_1_453' title='bbox 1343 5261 1545 5330; x_wconf 79' lang='lat' dir='ltr'><strong>Aquila,</strong></span> <span class='ocrx_word' id='word_1_454' title='bbox 1578 5266 1662 5332; x_wconf 85' lang='lat' dir='ltr'><strong>qui</strong></span> <span class='ocrx_word' id='word_1_455' title='bbox 1692 5265 1836 5320; x_wconf 87' lang='lat' dir='ltr'><strong>Pon-</strong></span> 
     </span>
    </p>
   </div>
   <div class='ocr_carea' id='block_1_55' title="bbox 246 5346 1832 5428">
    <p class='ocr_par' dir='ltr' id='par_1_55' title="bbox 246 5346 1832 5428">
     <span class='ocr_line' id='line_1_55' title="bbox 246 5346 1832 5428; baseline 0.011 -32"><span class='ocrx_word' id='word_1_456' title='bbox 246 5346 364 5402; x_wconf 82' lang='lat' dir='ltr'><strong>ticus</strong></span> <span class='ocrx_word' id='word_1_457' title='bbox 391 5359 500 5402; x_wconf 86' lang='lat' dir='ltr'><strong>erat</strong></span> <span class='ocrx_word' id='word_1_458' title='bbox 522 5365 701 5419; x_wconf 84' lang='lat' dir='ltr'><strong>genere</strong></span> <span class='ocrx_word' id='word_1_459' title='bbox 721 5359 768 5404; x_wconf 92' lang='lat' dir='ltr'><strong>et</strong></span> <span class='ocrx_word' id='word_1_460' title='bbox 791 5367 953 5419; x_wconf 78' lang='lat' dir='ltr'><strong>nuper</strong></span> <span class='ocrx_word' id='word_1_461' title='bbox 979 5361 1176 5406; x_wconf 79' lang='lat' dir='ltr'><strong>venerat</strong></span> <span class='ocrx_word' id='word_1_462' title='bbox 1198 5370 1260 5407; x_wconf 80' lang='lat' dir='ltr'><strong>ea:</strong></span> <span class='ocrx_word' id='word_1_463' title='bbox 1280 5351 1456 5420; x_wconf 90' lang='lat' dir='ltr'><strong>Italia,</strong></span> <span class='ocrx_word' id='word_1_464' title='bbox 1481 5358 1666 5410; x_wconf 88' lang='lat' dir='ltr'><strong>mansit</strong></span> <span class='ocrx_word' id='word_1_465' title='bbox 1693 5361 1832 5428; x_wconf 86' lang='lat' dir='ltr'><strong>apud</strong></span> 
     </span>
    </p>
   </div>
   <div class='ocr_carea' id='block_1_56' title="bbox 247 5435 1838 5515">
    <p class='ocr_par' dir='ltr' id='par_1_56' title="bbox 247 5435 1838 5515">
     <span class='ocr_line' id='line_1_56' title="bbox 247 5435 1838 5515; baseline 0.012 -30"><span class='ocrx_word' id='word_1_466' title='bbox 247 5435 351 5490; x_wconf 87' lang='lat' dir='ltr'><strong>illos</strong></span> <span class='ocrx_word' id='word_1_467' title='bbox 376 5449 424 5493; x_wconf 89' lang='lat' dir='ltr'><strong>et</strong></span> <span class='ocrx_word' id='word_1_468' title='bbox 453 5443 778 5513; x_wconf 82' lang='lat' dir='ltr'><strong>operabatur.</strong></span> <span class='ocrx_word' id='word_1_469' title='bbox 814 5440 964 5507; x_wconf 78' lang='lat' dir='ltr'><strong>Vide,</strong></span> <span class='ocrx_word' id='word_1_470' title='bbox 999 5443 1270 5512; x_wconf 85' lang='lat' dir='ltr'><strong>quomodo</strong></span> <span class='ocrx_word' id='word_1_471' title='bbox 1293 5445 1376 5499; x_wconf 81' lang='lat' dir='ltr'><strong>lex</strong></span> <span class='ocrx_word' id='word_1_472' title='bbox 1399 5445 1509 5515; x_wconf 84' lang='lat' dir='ltr'><strong>jam</strong></span> <span class='ocrx_word' id='word_1_473' title='bbox 1536 5447 1672 5502; x_wconf 89' lang='lat' dir='ltr'><strong>solvi</strong></span> <span class='ocrx_word' id='word_1_474' title='bbox 1703 5449 1838 5504; x_wconf 88' lang='lat' dir='ltr'><strong>inci-</strong></span> 
     </span>
    </p>
   </div>
   <div class='ocr_carea' id='block_1_57' title="bbox 249 5531 1838 5608">
    <p class='ocr_par' dir='ltr' id='par_1_57' title="bbox 249 5531 1838 5608">
     <span class='ocr_line' id='line_1_57' title="bbox 249 5531 1838 5608; baseline 0.01 -27"><span class='ocrx_word' id='word_1_475' title='bbox 249 5531 366 5597; x_wconf 72' lang='lat' dir='ltr'><strong>piat.</strong></span> <span class='ocrx_word' id='word_1_476' title='bbox 401 5532 501 5588; x_wconf 82' lang='lat' dir='ltr'><strong>llic</strong></span> <span class='ocrx_word' id='word_1_477' title='bbox 529 5535 671 5589; x_wconf 89' lang='lat' dir='ltr'><strong>enim</strong></span> <span class='ocrx_word' id='word_1_478' title='bbox 701 5549 760 5588; x_wconf 91' lang='lat' dir='ltr'><strong>se</strong></span> <span class='ocrx_word' id='word_1_479' title='bbox 789 5545 1001 5605; x_wconf 85' lang='lat' dir='ltr'><strong>postea,</strong></span> <span class='ocrx_word' id='word_1_480' title='bbox 1026 5535 1245 5592; x_wconf 68' lang='lat' dir='ltr'><strong>Judmus</strong></span> <span class='ocrx_word' id='word_1_481' title='bbox 1267 5553 1389 5594; x_wconf 92' lang='lat' dir='ltr'><strong>cum</strong></span> <span class='ocrx_word' id='word_1_482' title='bbox 1412 5549 1578 5608; x_wconf 87' lang='lat' dir='ltr'><strong>esset,</strong></span> <span class='ocrx_word' id='word_1_483' title='bbox 1605 5542 1838 5598; x_wconf 88' lang='lat' dir='ltr'><strong>totondit</strong></span> 
     </span>
    </p>
   </div>
   <div class='ocr_carea' id='block_1_58' title="bbox 252 5623 1832 5700">
    <p class='ocr_par' dir='ltr' id='par_1_58' title="bbox 252 5623 1832 5700">
     <span class='ocr_line' id='line_1_58' title="bbox 252 5623 1832 5700; baseline 0.008 -24"><span class='ocrx_word' id='word_1_484' title='bbox 252 5623 298 5678; x_wconf 91' lang='lat' dir='ltr'><strong>in</strong></span> <span class='ocrx_word' id='word_1_485' title='bbox 323 5625 615 5685; x_wconf 86' lang='lat' dir='ltr'><strong>Cenchreis</strong></span> <span class='ocrx_word' id='word_1_486' title='bbox 637 5672 650 5695; x_wconf 92' lang='lat'><strong>,</strong></span> <span class='ocrx_word' id='word_1_487' title='bbox 679 5638 732 5683; x_wconf 90' lang='lat' dir='ltr'><strong>et</strong></span> <span class='ocrx_word' id='word_1_488' title='bbox 763 5629 814 5682; x_wconf 92' lang='lat' dir='ltr'><strong>in</strong></span> <span class='ocrx_word' id='word_1_489' title='bbox 841 5627 1050 5700; x_wconf 83' lang='lat' dir='ltr'><strong>Syriam</strong></span> <span class='ocrx_word' id='word_1_490' title='bbox 1081 5630 1438 5700; x_wconf 78' lang='lat' dir='ltr'><strong>proficiscitur</strong></span> <span class='ocrx_word' id='word_1_491' title='bbox 1477 5649 1596 5688; x_wconf 90' lang='lat' dir='ltr'><strong>cum</strong></span> <span class='ocrx_word' id='word_1_492' title='bbox 1645 5634 1832 5690; x_wconf 84' lang='lat' dir='ltr'><strong>Paulo.</strong></span> 
     </span>
    </p>
   </div>
   <div class='ocr_carea' id='block_1_59' title="bbox 254 5715 1836 5797">
    <p class='ocr_par' dir='ltr' id='par_1_59' title="bbox 254 5715 1836 5797">
     <span class='ocr_line' id='line_1_59' title="bbox 254 5715 1836 5797; baseline 0.007 -26"><span class='ocrx_word' id='word_1_493' title='bbox 254 5715 496 5776; x_wconf 81' lang='lat' dir='ltr'><strong>Ponticus</strong></span> <span class='ocrx_word' id='word_1_494' title='bbox 522 5735 645 5776; x_wconf 91' lang='lat' dir='ltr'><strong>cum</strong></span> <span class='ocrx_word' id='word_1_495' title='bbox 677 5732 844 5791; x_wconf 83' lang='lat' dir='ltr'><strong>esset,</strong></span> <span class='ocrx_word' id='word_1_496' title='bbox 879 5737 978 5778; x_wconf 89' lang='lat' dir='ltr'><strong>nec</strong></span> <span class='ocrx_word' id='word_1_497' title='bbox 999 5723 1394 5797; x_wconf 82' lang='lat' dir='ltr'><strong>Jcrosolymam</strong></span> <span class='ocrx_word' id='word_1_498' title='bbox 1423 5742 1596 5796; x_wconf 84' lang='lat' dir='ltr'><strong>neque</strong></span> <span class='ocrx_word' id='word_1_499' title='bbox 1623 5728 1674 5781; x_wconf 91' lang='lat' dir='ltr'><strong>in</strong></span> <span class='ocrx_word' id='word_1_500' title='bbox 1701 5729 1836 5782; x_wconf 71' lang='lat' dir='ltr'><strong>Vici-</strong></span> 
     </span>
    </p>
   </div>
   <div class='ocr_carea' id='block_1_60' title="bbox 255 5809 1833 5890">
    <p class='ocr_par' dir='ltr' id='par_1_60' title="bbox 255 5809 1833 5890">
     <span class='ocr_line' id='line_1_60' title="bbox 255 5809 1833 5890; baseline 0.01 -30"><span class='ocrx_word' id='word_1_501' title='bbox 255 5822 313 5861; x_wconf 86' lang='lat' dir='ltr'><strong>na</strong></span> <span class='ocrx_word' id='word_1_502' title='bbox 350 5809 462 5866; x_wconf 87' lang='lat' dir='ltr'><strong>loca</strong></span> <span class='ocrx_word' id='word_1_503' title='bbox 501 5813 688 5869; x_wconf 81' lang='lat' dir='ltr'><strong>venire</strong></span> <span class='ocrx_word' id='word_1_504' title='bbox 738 5813 1070 5881; x_wconf 86' lang='lat' dir='ltr'><strong>festinabat,</strong></span> <span class='ocrx_word' id='word_1_505' title='bbox 1113 5815 1207 5871; x_wconf 89' lang='lat' dir='ltr'><strong>sed</strong></span> <span class='ocrx_word' id='word_1_506' title='bbox 1251 5817 1436 5886; x_wconf 85' lang='lat' dir='ltr'><strong>procul</strong></span> <span class='ocrx_word' id='word_1_507' title='bbox 1482 5826 1616 5875; x_wconf 86' lang='lat' dir='ltr'><strong>erat.</strong></span> <span class='ocrx_word' id='word_1_508' title='bbox 1677 5821 1833 5890; x_wconf 79' lang='lat' dir='ltr'><strong>Apud</strong></span> 
     </span>
    </p>
   </div>
   <div class='ocr_carea' id='block_1_61' title="bbox 255 5895 1827 5977">
    <p class='ocr_par' dir='ltr' id='par_1_61' title="bbox 255 5895 1827 5977">
     <span class='ocr_line' id='line_1_61' title="bbox 255 5895 1827 5977; baseline 0.01 -24"><span class='ocrx_word' id='word_1_509' title='bbox 255 5895 390 5958; x_wconf 81' lang='lat' dir='ltr'><strong>illum</strong></span> <span class='ocrx_word' id='word_1_510' title='bbox 425 5919 554 5976; x_wconf 73' lang='lat' dir='ltr'><strong>ergo</strong></span> <span class='ocrx_word' id='word_1_511' title='bbox 606 5913 814 5966; x_wconf 74' lang='lat' dir='ltr'><strong>manet.</strong></span> <span class='ocrx_word' id='word_1_512' title='bbox 853 5922 952 5962; x_wconf 90' lang='lat' dir='ltr'><strong>nec</strong></span> <span class='ocrx_word' id='word_1_513' title='bbox 984 5923 1201 5964; x_wconf 80' lang='lat' dir='ltr'><strong>manere</strong></span> <span class='ocrx_word' id='word_1_514' title='bbox 1228 5910 1536 5977; x_wconf 79' lang='lat' dir='ltr'><strong>erubescit;</strong></span> <span class='ocrx_word' id='word_1_515' title='bbox 1571 5911 1677 5966; x_wconf 92' lang='lat' dir='ltr'><strong>imo</strong></span> <span class='ocrx_word' id='word_1_516' title='bbox 1709 5911 1827 5968; x_wconf 83' lang='lat' dir='ltr'><strong>ideo</strong></span> 
     </span>
    </p>
   </div>
   <div class='ocr_carea' id='block_1_62' title="bbox 3430 438 3536 493">
    <p class='ocr_par' dir='ltr' id='par_1_62' title="bbox 3430 438 3536 493">
     <span class='ocr_line' id='line_1_62' title="bbox 3430 438 3536 493; baseline 0.019 -2"><span class='ocrx_word' id='word_1_517' title='bbox 3430 438 3536 493; x_wconf 71' lang='lat'><strong>278</strong></span> 
     </span>
    </p>
   </div>
   <div class='ocr_carea' id='block_1_63' title="bbox 1928 539 3537 618">
    <p class='ocr_par' dir='ltr' id='par_1_63' title="bbox 1928 539 3537 618">
     <span class='ocr_line' id='line_1_63' title="bbox 1928 539 3537 618; baseline 0.009 -28"><span class='ocrx_word' id='word_1_518' title='bbox 1928 546 2130 603; x_wconf 88' lang='lat' dir='ltr'><strong>manet,</strong></span> <span class='ocrx_word' id='word_1_519' title='bbox 2166 539 2315 610; x_wconf 89' lang='lat' dir='ltr'><strong>quasi</strong></span> <span class='ocrx_word' id='word_1_520' title='bbox 2353 540 2605 597; x_wconf 88' lang='lat' dir='ltr'><strong>idoneum</strong></span> <span class='ocrx_word' id='word_1_521' title='bbox 2640 551 2828 599; x_wconf 88' lang='lat' dir='ltr'><strong>nactus</strong></span> <span class='ocrx_word' id='word_1_522' title='bbox 2856 543 3239 616; x_wconf 81' lang='lat' dir='ltr'><strong>diversorium,</strong></span> <span class='ocrx_word' id='word_1_523' title='bbox 3271 557 3327 605; x_wconf 91' lang='lat' dir='ltr'><strong>et</strong></span> <span class='ocrx_word' id='word_1_524' title='bbox 3346 565 3537 618; x_wconf 68' lang='lat' dir='ltr'><strong>quax-is</strong></span> 
     </span>
    </p>
   </div>
   <div class='ocr_carea' id='block_1_64' title="bbox 1927 629 3534 709">
    <p class='ocr_par' dir='ltr' id='par_1_64' title="bbox 1927 629 3534 709">
     <span class='ocr_line' id='line_1_64' title="bbox 1927 629 3534 709; baseline 0.009 -27"><span class='ocrx_word' id='word_1_525' title='bbox 1927 629 2073 699; x_wconf 85' lang='lat' dir='ltr'><strong>regia</strong></span> <span class='ocrx_word' id='word_1_526' title='bbox 2088 630 2188 683; x_wconf 88' lang='lat' dir='ltr'><strong>sibi</strong></span> <span class='ocrx_word' id='word_1_527' title='bbox 2211 633 2571 688; x_wconf 81' lang='lat' dir='ltr'><strong>commodius.</strong></span> <span class='ocrx_word' id='word_1_528' title='bbox 2593 634 2706 691; x_wconf 88' lang='lat' dir='ltr'><strong>Nec</strong></span> <span class='ocrx_word' id='word_1_529' title='bbox 2725 636 2907 692; x_wconf 87' lang='lat' dir='ltr'><strong>rideas</strong></span> <span class='ocrx_word' id='word_1_530' title='bbox 2927 637 3042 694; x_wconf 83' lang='lat' dir='ltr'><strong>haec</strong></span> <span class='ocrx_word' id='word_1_531' title='bbox 3053 637 3298 709; x_wconf 89' lang='lat' dir='ltr'><strong>audiens,</strong></span> <span class='ocrx_word' id='word_1_532' title='bbox 3315 639 3534 697; x_wconf 80' lang='lat' dir='ltr'><strong>dilecte.</strong></span> 
     </span>
    </p>
   </div>
   <div class='ocr_carea' id='block_1_65' title="bbox 1929 720 3530 804">
    <p class='ocr_par' dir='ltr' id='par_1_65' title="bbox 1929 720 3530 804">
     <span class='ocr_line' id='line_1_65' title="bbox 1929 720 3530 804; baseline 0.009 -29"><span class='ocrx_word' id='word_1_533' title='bbox 1929 720 1996 776; x_wconf 89' lang='lat' dir='ltr'><strong>Ut</strong></span> <span class='ocrx_word' id='word_1_534' title='bbox 2043 724 2186 776; x_wconf 90' lang='lat' dir='ltr'><strong>enim</strong></span> <span class='ocrx_word' id='word_1_535' title='bbox 2239 724 2486 794; x_wconf 64' lang='lat' dir='ltr'><strong>pilitCSll&#39;a</strong></span> <span class='ocrx_word' id='word_1_536' title='bbox 2531 727 2748 783; x_wconf 76' lang='lat' dir='ltr'><strong>athleta:</strong></span> <span class='ocrx_word' id='word_1_537' title='bbox 2804 730 2977 800; x_wconf 81' lang='lat' dir='ltr'><strong>magis</strong></span> <span class='ocrx_word' id='word_1_538' title='bbox 3027 733 3307 802; x_wconf 87' lang='lat' dir='ltr'><strong>competit,</strong></span> <span class='ocrx_word' id='word_1_539' title='bbox 3367 749 3530 804; x_wconf 83' lang='lat' dir='ltr'><strong>quam</strong></span> 
     </span>
    </p>
   </div>
   <div class='ocr_carea' id='block_1_66' title="bbox 1926 817 3535 895">
    <p class='ocr_par' dir='ltr' id='par_1_66' title="bbox 1926 817 3535 895">
     <span class='ocr_line' id='line_1_66' title="bbox 1926 817 3535 895; baseline 0.007 -27"><span class='ocrx_word' id='word_1_540' title='bbox 1926 822 2092 869; x_wconf 86' lang='lat' dir='ltr'><strong>strata</strong></span> <span class='ocrx_word' id='word_1_541' title='bbox 2139 817 2362 876; x_wconf 87' lang='lat' dir='ltr'><strong>mollia:</strong></span> <span class='ocrx_word' id='word_1_542' title='bbox 2405 818 2484 872; x_wconf 83' lang='lat' dir='ltr'><strong>sic</strong></span> <span class='ocrx_word' id='word_1_543' title='bbox 2534 819 2784 875; x_wconf 90' lang='lat' dir='ltr'><strong>bellatori</strong></span> <span class='ocrx_word' id='word_1_544' title='bbox 2832 823 3041 892; x_wconf 83' lang='lat' dir='ltr'><strong>gladius</strong></span> <span class='ocrx_word' id='word_1_545' title='bbox 3072 824 3313 890; x_wconf 89' lang='lat' dir='ltr'><strong>ferreus,</strong></span> <span class='ocrx_word' id='word_1_546' title='bbox 3360 826 3535 895; x_wconf 84' lang='lat' dir='ltr'><strong>magis</strong></span> 
     </span>
    </p>
   </div>
   <div class='ocr_carea' id='block_1_67' title="bbox 1927 910 3535 983">
    <p class='ocr_par' dir='ltr' id='par_1_67' title="bbox 1927 910 3535 983">
     <span class='ocr_line' id='line_1_67' title="bbox 1927 910 3535 983; baseline 0.008 -24"><span class='ocrx_word' id='word_1_547' title='bbox 1927 921 2088 976; x_wconf 89' lang='lat' dir='ltr'><strong>quam</strong></span> <span class='ocrx_word' id='word_1_548' title='bbox 2119 924 2337 964; x_wconf 87' lang='lat' dir='ltr'><strong>aureus.</strong></span> <span class='ocrx_word' id='word_1_549' title='bbox 2369 910 2435 963; x_wconf 77' lang='lat' dir='ltr'><strong>Et</strong></span> <span class='ocrx_word' id='word_1_550' title='bbox 2455 915 2762 980; x_wconf 78' lang='lat' dir='ltr'><strong>operabatur</strong></span> <span class='ocrx_word' id='word_1_551' title='bbox 2783 915 3105 983; x_wconf 62' lang='lat' dir='ltr'><strong>pra‘dicans.</strong></span> <span class='ocrx_word' id='word_1_552' title='bbox 3132 915 3535 972; x_wconf 85' lang='lat' dir='ltr'><strong>Erubescamus</strong></span> 
     </span>
    </p>
   </div>
   <div class='ocr_carea' id='block_1_68' title="bbox 1928 1002 3531 1076">
    <p class='ocr_par' dir='ltr' id='par_1_68' title="bbox 1928 1002 3531 1076">
     <span class='ocr_line' id='line_1_68' title="bbox 1928 1002 3531 1076; baseline 0.009 -24"><span class='ocrx_word' id='word_1_553' title='bbox 1928 1014 2066 1066; x_wconf 90' lang='lat' dir='ltr'><strong>nos,</strong></span> <span class='ocrx_word' id='word_1_554' title='bbox 2121 1002 2212 1071; x_wconf 92' lang='lat' dir='ltr'><strong>qui</strong></span> <span class='ocrx_word' id='word_1_555' title='bbox 2273 1003 2432 1057; x_wconf 89' lang='lat' dir='ltr'><strong>etiam</strong></span> <span class='ocrx_word' id='word_1_556' title='bbox 2480 1006 2598 1059; x_wconf 82' lang='lat' dir='ltr'><strong>sine</strong></span> <span class='ocrx_word' id='word_1_557' title='bbox 2648 1006 3287 1076; x_wconf 68' lang='lat' dir='ltr'><strong>prmdicationorivimus</strong></span> <span class='ocrx_word' id='word_1_558' title='bbox 3333 1011 3531 1067; x_wconf 78' lang='lat' dir='ltr'><strong>otio-c.</strong></span> 
     </span>
    </p>
   </div>
   <div class='ocr_carea' id='block_1_69' title="bbox 1928 1091 3534 1173">
    <p class='ocr_par' dir='ltr' id='par_1_69' title="bbox 1928 1091 3534 1173">
     <span class='ocr_line' id='line_1_69' title="bbox 1928 1091 3534 1173; baseline 0.007 -28"><span class='ocrx_word' id='word_1_559' title='bbox 1928 1091 2236 1164; x_wconf 87' lang='lat' dir='ltr'><strong>Disputabat</strong></span> <span class='ocrx_word' id='word_1_560' title='bbox 2262 1106 2454 1162; x_wconf 87' lang='lat' dir='ltr'><strong>autem,</strong></span> <span class='ocrx_word' id='word_1_561' title='bbox 2492 1098 2683 1168; x_wconf 87' lang='lat' dir='ltr'><strong>inquit,</strong></span> <span class='ocrx_word' id='word_1_562' title='bbox 2710 1101 2761 1153; x_wconf 89' lang='lat' dir='ltr'><strong>in</strong></span> <span class='ocrx_word' id='word_1_563' title='bbox 2785 1118 3048 1173; x_wconf 83' lang='lat' dir='ltr'><strong>synagoga</strong></span> <span class='ocrx_word' id='word_1_564' title='bbox 3067 1120 3158 1173; x_wconf 87' lang='lat' dir='ltr'><strong>per</strong></span> <span class='ocrx_word' id='word_1_565' title='bbox 3179 1119 3327 1158; x_wconf 87' lang='lat' dir='ltr'><strong>omne</strong></span> <span class='ocrx_word' id='word_1_566' title='bbox 3346 1103 3534 1158; x_wconf 80' lang='lat' dir='ltr'><strong>sabba-</strong></span> 
     </span>
    </p>
   </div>
   <div class='ocr_carea' id='block_1_70' title="bbox 1928 1187 3540 1259">
    <p class='ocr_par' dir='ltr' id='par_1_70' title="bbox 1928 1187 3540 1259">
     <span class='ocr_line' id='line_1_70' title="bbox 1928 1187 3540 1259; baseline 0.007 -22"><span class='ocrx_word' id='word_1_567' title='bbox 1928 1194 2064 1250; x_wconf 85' lang='lat' dir='ltr'><strong>tum,</strong></span> <span class='ocrx_word' id='word_1_568' title='bbox 2108 1187 2451 1259; x_wconf 78' lang='lat' dir='ltr'><strong>suadebatque</strong></span> <span class='ocrx_word' id='word_1_569' title='bbox 2493 1189 2695 1246; x_wconf 79' lang='lat' dir='ltr'><strong>Juda&#39;is</strong></span> <span class='ocrx_word' id='word_1_570' title='bbox 2731 1202 2778 1246; x_wconf 88' lang='lat' dir='ltr'><strong>et</strong></span> <span class='ocrx_word' id='word_1_571' title='bbox 2806 1193 3024 1249; x_wconf 69' lang='lat' dir='ltr'><strong>Graecis.</strong></span> <span class='ocrx_word' id='word_1_572' title='bbox 3054 1195 3540 1251; x_wconf 84' lang='lat' dir='ltr'><strong>Contradicentibus</strong></span> 
     </span>
    </p>
   </div>
   <div class='ocr_carea' id='block_1_71' title="bbox 1926 1278 3536 1351">
    <p class='ocr_par' dir='ltr' id='par_1_71' title="bbox 1926 1278 3536 1351">
     <span class='ocr_line' id='line_1_71' title="bbox 1926 1278 3536 1351; baseline 0.009 -24"><span class='ocrx_word' id='word_1_573' title='bbox 1926 1287 2093 1328; x_wconf 89' lang='lat' dir='ltr'><strong>autem</strong></span> <span class='ocrx_word' id='word_1_574' title='bbox 2138 1278 2210 1330; x_wconf 87' lang='lat' dir='ltr'><strong>eis</strong></span> <span class='ocrx_word' id='word_1_575' title='bbox 2250 1293 2296 1332; x_wconf 88' lang='lat' dir='ltr'><strong>et</strong></span> <span class='ocrx_word' id='word_1_576' title='bbox 2341 1279 2842 1351; x_wconf 87' lang='lat' dir='ltr'><strong>blasphemantibus,</strong></span> <span class='ocrx_word' id='word_1_577' title='bbox 2889 1285 3160 1341; x_wconf 84' lang='lat' dir='ltr'><strong>discessit.</strong></span> <span class='ocrx_word' id='word_1_578' title='bbox 3210 1286 3324 1342; x_wconf 84' lang='lat' dir='ltr'><strong>Hoc</strong></span> <span class='ocrx_word' id='word_1_579' title='bbox 3372 1289 3536 1342; x_wconf 80' lang='lat' dir='ltr'><strong>modo</strong></span> 
     </span>
    </p>
   </div>
   <div class='ocr_carea' id='block_1_72' title="bbox 1932 1370 3527 1443">
    <p class='ocr_par' dir='ltr' id='par_1_72' title="bbox 1932 1370 3527 1443">
     <span class='ocr_line' id='line_1_72' title="bbox 1932 1370 3527 1443; baseline 0.009 -23"><span class='ocrx_word' id='word_1_580' title='bbox 1932 1382 2158 1437; x_wconf 86' lang='lat' dir='ltr'><strong>sperans</strong></span> <span class='ocrx_word' id='word_1_581' title='bbox 2182 1370 2301 1426; x_wconf 90' lang='lat' dir='ltr'><strong>illos</strong></span> <span class='ocrx_word' id='word_1_582' title='bbox 2323 1373 2564 1442; x_wconf 86' lang='lat' dir='ltr'><strong>allicere,</strong></span> <span class='ocrx_word' id='word_1_583' title='bbox 2589 1374 2859 1432; x_wconf 79' lang='lat' dir='ltr'><strong>discessit.</strong></span> <span class='ocrx_word' id='word_1_584' title='bbox 2884 1376 2991 1432; x_wconf 90' lang='lat' dir='ltr'><strong>Cur</strong></span> <span class='ocrx_word' id='word_1_585' title='bbox 3015 1380 3101 1433; x_wconf 86' lang='lat' dir='ltr'><strong>illa</strong></span> <span class='ocrx_word' id='word_1_586' title='bbox 3131 1380 3316 1434; x_wconf 89' lang='lat' dir='ltr'><strong>relicta</strong></span> <span class='ocrx_word' id='word_1_587' title='bbox 3343 1380 3527 1443; x_wconf 89' lang='lat' dir='ltr'><strong>domo.</strong></span> 
     </span>
    </p>
   </div>
   <div class='ocr_carea' id='block_1_73' title="bbox 1926 1466 3537 1534">
    <p class='ocr_par' dir='ltr' id='par_1_73' title="bbox 1926 1466 3537 1534">
     <span class='ocr_line' id='line_1_73' title="bbox 1926 1466 3537 1534; baseline 0.011 -23"><span class='ocrx_word' id='word_1_588' title='bbox 1926 1473 2098 1529; x_wconf 72' lang='lat' dir='ltr'><strong>prolie</strong></span> <span class='ocrx_word' id='word_1_589' title='bbox 2134 1477 2461 1534; x_wconf 85' lang='lat' dir='ltr'><strong>synagogam</strong></span> <span class='ocrx_word' id='word_1_590' title='bbox 2511 1466 2848 1523; x_wconf 83' lang='lat' dir='ltr'><strong>habitaturus</strong></span> <span class='ocrx_word' id='word_1_591' title='bbox 2893 1470 3080 1524; x_wconf 70' lang='lat' dir='ltr'><strong>venit?</strong></span> <span class='ocrx_word' id='word_1_592' title='bbox 3121 1486 3301 1525; x_wconf 71' lang='lat' dir='ltr'><strong>annon</strong></span> <span class='ocrx_word' id='word_1_593' title='bbox 3336 1471 3426 1526; x_wconf 90' lang='lat' dir='ltr'><strong>illa</strong></span> <span class='ocrx_word' id='word_1_594' title='bbox 3466 1472 3537 1528; x_wconf 88' lang='lat' dir='ltr'><strong>de</strong></span> 
     </span>
    </p>
   </div>
   <div class='ocr_carea' id='block_1_74' title="bbox 1927 1549 3536 1634">
    <p class='ocr_par' dir='ltr' id='par_1_74' title="bbox 1927 1549 3536 1634">
     <span class='ocr_line' id='line_1_74' title="bbox 1927 1549 3536 1634; baseline 0.01 -30"><span class='ocrx_word' id='word_1_595' title='bbox 1927 1567 2086 1606; x_wconf 90' lang='lat' dir='ltr'><strong>causa</strong></span> <span class='ocrx_word' id='word_1_596' title='bbox 2106 1549 2330 1624; x_wconf 41' lang='lat' dir='ltr'><strong>‘t‘ucquc</strong></span> <span class='ocrx_word' id='word_1_597' title='bbox 2359 1557 2502 1612; x_wconf 90' lang='lat' dir='ltr'><strong>enim</strong></span> <span class='ocrx_word' id='word_1_598' title='bbox 2536 1560 2607 1614; x_wconf 86' lang='lat' dir='ltr'><strong>ibi</strong></span> <span class='ocrx_word' id='word_1_599' title='bbox 2637 1562 2937 1629; x_wconf 72' lang='lat' dir='ltr'><strong>periculum</strong></span> <span class='ocrx_word' id='word_1_600' title='bbox 2962 1563 3197 1617; x_wconf 72' lang='lat' dir='ltr'><strong>videbat.</strong></span> <span class='ocrx_word' id='word_1_601' title='bbox 3230 1562 3536 1634; x_wconf 81' lang='lat' dir='ltr'><strong>Testiﬁcans</strong></span> 
     </span>
    </p>
   </div>
   <div class='ocr_carea' id='block_1_75' title="bbox 1927 1642 3535 1716">
    <p class='ocr_par' dir='ltr' id='par_1_75' title="bbox 1927 1642 3535 1716">
     <span class='ocr_line' id='line_1_75' title="bbox 1927 1642 3535 1716; baseline 0.01 -22"><span class='ocrx_word' id='word_1_602' title='bbox 1927 1642 2050 1698; x_wconf 87' lang='lat' dir='ltr'><strong>illis.</strong></span> <span class='ocrx_word' id='word_1_603' title='bbox 2085 1644 2200 1698; x_wconf 80' lang='lat' dir='ltr'><strong>Non</strong></span> <span class='ocrx_word' id='word_1_604' title='bbox 2222 1645 2331 1716; x_wconf 90' lang='lat' dir='ltr'><strong>jam</strong></span> <span class='ocrx_word' id='word_1_605' title='bbox 2356 1647 2534 1716; x_wconf 81' lang='lat' dir='ltr'><strong>docet,</strong></span> <span class='ocrx_word' id='word_1_606' title='bbox 2569 1651 2662 1705; x_wconf 88' lang='lat' dir='ltr'><strong>sed</strong></span> <span class='ocrx_word' id='word_1_607' title='bbox 2694 1654 3031 1708; x_wconf 85' lang='lat' dir='ltr'><strong>testiﬁcatur.</strong></span> <span class='ocrx_word' id='word_1_608' title='bbox 3053 1653 3535 1710; x_wconf 86' lang='lat' dir='ltr'><strong>Contradicentibus</strong></span> 
     </span>
    </p>
   </div>
   <div class='ocr_carea' id='block_1_76' title="bbox 1928 1738 3536 1814">
    <p class='ocr_par' dir='ltr' id='par_1_76' title="bbox 1928 1738 3536 1814">
     <span class='ocr_line' id='line_1_76' title="bbox 1928 1738 3536 1814; baseline 0.008 -27"><span class='ocrx_word' id='word_1_609' title='bbox 1928 1748 2096 1791; x_wconf 77' lang='lat' dir='ltr'><strong>autem</strong></span> <span class='ocrx_word' id='word_1_610' title='bbox 2119 1738 2223 1790; x_wconf 88' lang='lat' dir='ltr'><strong>illis</strong></span> <span class='ocrx_word' id='word_1_611' title='bbox 2244 1781 2258 1804; x_wconf 91' lang='lat'><strong>,</strong></span> <span class='ocrx_word' id='word_1_612' title='bbox 2285 1738 2493 1809; x_wconf 90' lang='lat' dir='ltr'><strong>inquit,</strong></span> <span class='ocrx_word' id='word_1_613' title='bbox 2528 1751 2572 1795; x_wconf 87' lang='lat' dir='ltr'><strong>et</strong></span> <span class='ocrx_word' id='word_1_614' title='bbox 2601 1742 3087 1814; x_wconf 83' lang='lat' dir='ltr'><strong>blaspltemantibus,</strong></span> <span class='ocrx_word' id='word_1_615' title='bbox 3122 1748 3349 1801; x_wconf 72' lang='lat' dir='ltr'><strong>excussis</strong></span> <span class='ocrx_word' id='word_1_616' title='bbox 3379 1749 3536 1802; x_wconf 83' lang='lat' dir='ltr'><strong>vcsti-</strong></span> 
     </span>
    </p>
   </div>
   <div class='ocr_carea' id='block_1_77' title="bbox 1927 1826 3537 1908">
    <p class='ocr_par' dir='ltr' id='par_1_77' title="bbox 1927 1826 3537 1908">
     <span class='ocr_line' id='line_1_77' title="bbox 1927 1826 3537 1908; baseline 0.009 -28"><span class='ocrx_word' id='word_1_617' title='bbox 1927 1826 2017 1880; x_wconf 89' lang='lat' dir='ltr'><strong>bus</strong></span> <span class='ocrx_word' id='word_1_618' title='bbox 2070 1829 2243 1883; x_wconf 77' lang='lat' dir='ltr'><strong>dixit:</strong></span> <span class='ocrx_word' id='word_1_619' title='bbox 2293 1830 2520 1903; x_wconf 86' lang='lat' dir='ltr'><strong>Sanguis</strong></span> <span class='ocrx_word' id='word_1_620' title='bbox 2560 1845 2719 1888; x_wconf 82' lang='lat' dir='ltr'><strong>vester</strong></span> <span class='ocrx_word' id='word_1_621' title='bbox 2759 1840 3110 1908; x_wconf 75' lang='lat' dir='ltr'><strong>supcrlcapui</strong></span> <span class='ocrx_word' id='word_1_622' title='bbox 3141 1848 3380 1894; x_wconf 80' lang='lat' dir='ltr'><strong>vestrum.</strong></span> <span class='ocrx_word' id='word_1_623' title='bbox 3423 1839 3537 1895; x_wconf 84' lang='lat' dir='ltr'><strong>lloc</strong></span> 
     </span>
    </p>
   </div>
   <div class='ocr_carea' id='block_1_78' title="bbox 1929 1921 3533 2001">
    <p class='ocr_par' dir='ltr' id='par_1_78' title="bbox 1929 1921 3533 2001">
     <span class='ocr_line' id='line_1_78' title="bbox 1929 1921 3533 2001; baseline 0.009 -29"><span class='ocrx_word' id='word_1_624' title='bbox 1929 1921 2072 1988; x_wconf 80' lang='lat' dir='ltr'><strong>facit,</strong></span> <span class='ocrx_word' id='word_1_625' title='bbox 2109 1933 2164 1976; x_wconf 91' lang='lat' dir='ltr'><strong>ut</strong></span> <span class='ocrx_word' id='word_1_626' title='bbox 2196 1938 2301 1977; x_wconf 90' lang='lat' dir='ltr'><strong>non</strong></span> <span class='ocrx_word' id='word_1_627' title='bbox 2335 1928 2501 1980; x_wconf 77' lang='lat' dir='ltr'><strong>verbo</strong></span> <span class='ocrx_word' id='word_1_628' title='bbox 2531 1935 2760 1994; x_wconf 84' lang='lat' dir='ltr'><strong>tantum,</strong></span> <span class='ocrx_word' id='word_1_629' title='bbox 2792 1929 2887 1984; x_wconf 88' lang='lat' dir='ltr'><strong>sed</strong></span> <span class='ocrx_word' id='word_1_630' title='bbox 2911 1931 3080 1986; x_wconf 85' lang='lat' dir='ltr'><strong>etiam</strong></span> <span class='ocrx_word' id='word_1_631' title='bbox 3111 1947 3278 2001; x_wconf 89' lang='lat' dir='ltr'><strong>opere</strong></span> <span class='ocrx_word' id='word_1_632' title='bbox 3314 1943 3533 1988; x_wconf 87' lang='lat' dir='ltr'><strong>terreat:</strong></span> 
     </span>
    </p>
   </div>
   <div class='ocr_carea' id='block_1_79' title="bbox 1928 2012 3541 2094">
    <p class='ocr_par' dir='ltr' id='par_1_79' title="bbox 1928 2012 3541 2094">
     <span class='ocr_line' id='line_1_79' title="bbox 1928 2012 3541 2094; baseline 0.007 -28"><span class='ocrx_word' id='word_1_633' title='bbox 1928 2022 1983 2066; x_wconf 86' lang='lat' dir='ltr'><strong>et</strong></span> <span class='ocrx_word' id='word_1_634' title='bbox 2023 2012 2399 2080; x_wconf 68' lang='lat' dir='ltr'><strong>vehementius</strong></span> <span class='ocrx_word' id='word_1_635' title='bbox 2438 2017 2711 2088; x_wconf 84' lang='lat' dir='ltr'><strong>disputat,</strong></span> <span class='ocrx_word' id='word_1_636' title='bbox 2758 2029 2944 2091; x_wconf 79' lang='lat' dir='ltr'><strong>utpote</strong></span> <span class='ocrx_word' id='word_1_637' title='bbox 2983 2023 3074 2092; x_wconf 88' lang='lat' dir='ltr'><strong>qui</strong></span> <span class='ocrx_word' id='word_1_638' title='bbox 3106 2024 3288 2078; x_wconf 89' lang='lat' dir='ltr'><strong>multis</strong></span> <span class='ocrx_word' id='word_1_639' title='bbox 3315 2039 3541 2094; x_wconf 83' lang='lat' dir='ltr'><strong>persua-</strong></span> 
     </span>
    </p>
   </div>
   <div class='ocr_carea' id='block_1_80' title="bbox 1928 2105 3541 2187">
    <p class='ocr_par' dir='ltr' id='par_1_80' title="bbox 1928 2105 3541 2187">
     <span class='ocr_line' id='line_1_80' title="bbox 1928 2105 3541 2187; baseline 0.009 -29"><span class='ocrx_word' id='word_1_640' title='bbox 1928 2105 2108 2160; x_wconf 88' lang='lat' dir='ltr'><strong>sisset.</strong></span> <span class='ocrx_word' id='word_1_641' title='bbox 2155 2107 2382 2163; x_wconf 82' lang='lat' dir='ltr'><strong>Mundus</strong></span> <span class='ocrx_word' id='word_1_642' title='bbox 2407 2150 2423 2174; x_wconf 87' lang='lat'><strong>,</strong></span> <span class='ocrx_word' id='word_1_643' title='bbox 2472 2111 2646 2180; x_wconf 87' lang='lat' dir='ltr'><strong>inquit</strong></span> <span class='ocrx_word' id='word_1_644' title='bbox 2668 2155 2683 2179; x_wconf 91' lang='lat'><strong>,</strong></span> <span class='ocrx_word' id='word_1_645' title='bbox 2727 2129 2843 2166; x_wconf 88' lang='lat' dir='ltr'><strong>sum</strong></span> <span class='ocrx_word' id='word_1_646' title='bbox 2888 2131 2980 2185; x_wconf 75' lang='lat' dir='ltr'><strong>ego</strong></span> <span class='ocrx_word' id='word_1_647' title='bbox 3010 2130 3027 2168; x_wconf 91' lang='lat'><strong>:</strong></span> <span class='ocrx_word' id='word_1_648' title='bbox 3058 2118 3122 2169; x_wconf 88' lang='lat' dir='ltr'><strong>ab</strong></span> <span class='ocrx_word' id='word_1_649' title='bbox 3150 2117 3244 2168; x_wconf 85' lang='lat' dir='ltr'><strong>Iioc</strong></span> <span class='ocrx_word' id='word_1_650' title='bbox 3274 2116 3343 2168; x_wconf 90' lang='lat' dir='ltr'><strong>ad</strong></span> <span class='ocrx_word' id='word_1_651' title='bbox 3368 2126 3541 2187; x_wconf 68' lang='lat' dir='ltr'><strong>gentes</strong></span> 
     </span>
    </p>
   </div>
   <div class='ocr_carea' id='block_1_81' title="bbox 1927 2200 3536 2280">
    <p class='ocr_par' dir='ltr' id='par_1_81' title="bbox 1927 2200 3536 2280">
     <span class='ocr_line' id='line_1_81' title="bbox 1927 2200 3536 2280; baseline 0.006 -29"><span class='ocrx_word' id='word_1_652' title='bbox 1927 2200 2129 2253; x_wconf 79' lang='lat' dir='ltr'><strong>vadum.</strong></span> <span class='ocrx_word' id='word_1_653' title='bbox 2190 2202 2253 2255; x_wconf 81' lang='lat' dir='ltr'><strong>Et</strong></span> <span class='ocrx_word' id='word_1_654' title='bbox 2301 2218 2398 2260; x_wconf 85' lang='lat' dir='ltr'><strong>nos</strong></span> <span class='ocrx_word' id='word_1_655' title='bbox 2451 2204 2612 2273; x_wconf 82' lang='lat' dir='ltr'><strong>igitur</strong></span> <span class='ocrx_word' id='word_1_656' title='bbox 2663 2208 2739 2261; x_wconf 77' lang='lat' dir='ltr'><strong>lci</strong></span> <span class='ocrx_word' id='word_1_657' title='bbox 2768 2222 2955 2262; x_wconf 90' lang='lat' dir='ltr'><strong>sumus</strong></span> <span class='ocrx_word' id='word_1_658' title='bbox 2999 2210 3275 2280; x_wconf 85' lang='lat' dir='ltr'><strong>sanguinis</strong></span> <span class='ocrx_word' id='word_1_659' title='bbox 3324 2225 3536 2273; x_wconf 87' lang='lat' dir='ltr'><strong>eorum,</strong></span> 
     </span>
    </p>
   </div>
   <div class='ocr_carea' id='block_1_82' title="bbox 1928 2292 3536 2372">
    <p class='ocr_par' dir='ltr' id='par_1_82' title="bbox 1928 2292 3536 2372">
     <span class='ocr_line' id='line_1_82' title="bbox 1928 2292 3536 2372; baseline 0.008 -30"><span class='ocrx_word' id='word_1_660' title='bbox 1928 2292 2014 2361; x_wconf 87' lang='lat' dir='ltr'><strong>qui</strong></span> <span class='ocrx_word' id='word_1_661' title='bbox 2046 2292 2201 2349; x_wconf 89' lang='lat' dir='ltr'><strong>nobis</strong></span> <span class='ocrx_word' id='word_1_662' title='bbox 2225 2296 2520 2351; x_wconf 88' lang='lat' dir='ltr'><strong>concrcditi</strong></span> <span class='ocrx_word' id='word_1_663' title='bbox 2567 2308 2692 2352; x_wconf 90' lang='lat' dir='ltr'><strong>sunt</strong></span> <span class='ocrx_word' id='word_1_664' title='bbox 2723 2341 2736 2364; x_wconf 89' lang='lat'><strong>,</strong></span> <span class='ocrx_word' id='word_1_665' title='bbox 2770 2315 2891 2354; x_wconf 91' lang='lat' dir='ltr'><strong>cum</strong></span> <span class='ocrx_word' id='word_1_666' title='bbox 2926 2301 3246 2372; x_wconf 81' lang='lat' dir='ltr'><strong>negligimus</strong></span> <span class='ocrx_word' id='word_1_667' title='bbox 3279 2316 3392 2356; x_wconf 87' lang='lat' dir='ltr'><strong>eos.</strong></span> <span class='ocrx_word' id='word_1_668' title='bbox 3427 2301 3536 2355; x_wconf 83' lang='lat' dir='ltr'><strong>Ita-</strong></span> 
     </span>
    </p>
   </div>
   <div class='ocr_carea' id='block_1_83' title="bbox 1927 2387 3541 2454">
    <p class='ocr_par' dir='ltr' id='par_1_83' title="bbox 1927 2387 3541 2454">
     <span class='ocr_line' id='line_1_83' title="bbox 1927 2387 3541 2454; baseline 0.006 -18"><span class='ocrx_word' id='word_1_669' title='bbox 1927 2399 2030 2454; x_wconf 88' lang='lat' dir='ltr'><strong>que</strong></span> <span class='ocrx_word' id='word_1_670' title='bbox 2085 2400 2206 2440; x_wconf 90' lang='lat' dir='ltr'><strong>cum</strong></span> <span class='ocrx_word' id='word_1_671' title='bbox 2250 2387 2418 2454; x_wconf 86' lang='lat' dir='ltr'><strong>dicit,</strong></span> <span class='ocrx_word' id='word_1_672' title='bbox 2470 2389 2545 2443; x_wconf 89' lang='lat' dir='ltr'><strong>De</strong></span> <span class='ocrx_word' id='word_1_673' title='bbox 2587 2401 2770 2446; x_wconf 65' lang='lat' dir='ltr'><strong>ca’tero</strong></span> <span class='ocrx_word' id='word_1_674' title='bbox 2811 2409 2958 2446; x_wconf 89' lang='lat' dir='ltr'><strong>nemo</strong></span> <span class='ocrx_word' id='word_1_675' title='bbox 3008 2393 3134 2447; x_wconf 88' lang='lat' dir='ltr'><strong>mihi</strong></span> <span class='ocrx_word' id='word_1_676' title='bbox 3184 2394 3424 2447; x_wconf 84' lang='lat' dir='ltr'><strong>molestus</strong></span> <span class='ocrx_word' id='word_1_677' title='bbox 3477 2395 3541 2448; x_wconf 75' lang='lat' dir='ltr'><strong>sit</strong></span> 
     </span>
    </p>
   </div>
   <div class='ocr_carea' id='block_1_84' title="bbox 1929 2476 3533 2556">
    <p class='ocr_par' dir='ltr' id='par_1_84' title="bbox 1929 2476 3533 2556">
     <span class='ocr_line' id='line_1_84' title="bbox 1929 2476 3533 2556; baseline 0.004 -24"><span class='ocrx_word' id='word_1_678' title='bbox 1929 2476 1947 2548; x_wconf 92' lang='lat'>(</span> <span class='ocrx_word' id='word_1_679' title='bbox 1978 2477 2096 2532; x_wconf 84' lang='lat' dir='ltr'><strong>Cal.</strong></span> <span class='ocrx_word' id='word_1_680' title='bbox 2127 2480 2182 2534; x_wconf 87' lang='lat'><strong>6.</strong></span> <span class='ocrx_word' id='word_1_681' title='bbox 2217 2482 2322 2553; x_wconf 88' lang='grc'><strong>17)</strong></span> <span class='ocrx_word' id='word_1_682' title='bbox 2351 2525 2364 2547; x_wconf 90' lang='grc'><strong>,</strong></span> <span class='ocrx_word' id='word_1_683' title='bbox 2410 2491 2469 2537; x_wconf 94' lang='lat' dir='ltr'><strong>ut</strong></span> <span class='ocrx_word' id='word_1_684' title='bbox 2517 2493 2787 2539; x_wconf 79' lang='lat' dir='ltr'><strong>exterreat</strong></span> <span class='ocrx_word' id='word_1_685' title='bbox 2820 2485 3098 2556; x_wconf 88' lang='lat' dir='ltr'><strong>loquitur:</strong></span> <span class='ocrx_word' id='word_1_686' title='bbox 3134 2500 3241 2540; x_wconf 88' lang='lat' dir='ltr'><strong>non</strong></span> <span class='ocrx_word' id='word_1_687' title='bbox 3272 2487 3414 2539; x_wconf 85' lang='lat' dir='ltr'><strong>enim</strong></span> <span class='ocrx_word' id='word_1_688' title='bbox 3449 2500 3533 2554; x_wconf 86' lang='lat' dir='ltr'><strong>pc-</strong></span> 
     </span>
    </p>
   </div>
   <div class='ocr_carea' id='block_1_85' title="bbox 1927 2571 3538 2645">
    <p class='ocr_par' dir='ltr' id='par_1_85' title="bbox 1927 2571 3538 2645">
     <span class='ocr_line' id='line_1_85' title="bbox 1927 2571 3538 2645; baseline 0.002 -20"><span class='ocrx_word' id='word_1_689' title='bbox 1927 2571 2337 2627; x_wconf 88' lang='lat' dir='ltr'><strong>rindeterrebat</strong></span> <span class='ocrx_word' id='word_1_690' title='bbox 2362 2574 2482 2629; x_wconf 89' lang='lat' dir='ltr'><strong>illos</strong></span> <span class='ocrx_word' id='word_1_691' title='bbox 2505 2577 2853 2645; x_wconf 88' lang='lat' dir='ltr'><strong>supplicium,</strong></span> <span class='ocrx_word' id='word_1_692' title='bbox 2886 2587 2942 2631; x_wconf 90' lang='lat' dir='ltr'><strong>ut</strong></span> <span class='ocrx_word' id='word_1_693' title='bbox 2978 2577 3107 2631; x_wconf 89' lang='lat' dir='ltr'><strong>illud</strong></span> <span class='ocrx_word' id='word_1_694' title='bbox 3138 2576 3442 2632; x_wconf 78' lang='lat' dir='ltr'><strong>mordebat.</strong></span> <span class='ocrx_word' id='word_1_695' title='bbox 3470 2575 3538 2629; x_wconf 86' lang='lat' dir='ltr'><strong>Et</strong></span> 
     </span>
    </p>
   </div>
   <div class='ocr_carea' id='block_1_86' title="bbox 1927 2664 3542 2733">
    <p class='ocr_par' dir='ltr' id='par_1_86' title="bbox 1927 2664 3542 2733">
     <span class='ocr_line' id='line_1_86' title="bbox 1927 2664 3542 2733; baseline 0.003 -19"><span class='ocrx_word' id='word_1_696' title='bbox 1927 2664 2155 2733; x_wconf 86' lang='lat' dir='ltr'><strong>migrans</strong></span> <span class='ocrx_word' id='word_1_697' title='bbox 2191 2665 2311 2717; x_wconf 89' lang='lat' dir='ltr'><strong>inde</strong></span> <span class='ocrx_word' id='word_1_698' title='bbox 2335 2706 2350 2730; x_wconf 94' lang='lat'><strong>,</strong></span> <span class='ocrx_word' id='word_1_699' title='bbox 2383 2667 2515 2720; x_wconf 82' lang='lat' dir='ltr'><strong>venit</strong></span> <span class='ocrx_word' id='word_1_700' title='bbox 2555 2667 2607 2720; x_wconf 90' lang='lat' dir='ltr'><strong>in</strong></span> <span class='ocrx_word' id='word_1_701' title='bbox 2640 2668 2848 2721; x_wconf 85' lang='lat' dir='ltr'><strong>domum</strong></span> <span class='ocrx_word' id='word_1_702' title='bbox 2877 2667 2907 2722; x_wconf 84' lang='lat' dir='ltr'><strong><em>J</em></strong></span> <span class='ocrx_word' id='word_1_703' title='bbox 2917 2670 3036 2722; x_wconf 86' lang='lat' dir='ltr'><strong>usti.</strong></span> <span class='ocrx_word' id='word_1_704' title='bbox 3063 2668 3318 2733; x_wconf 76' lang='lat' dir='ltr'><strong>Transit,</strong></span> <span class='ocrx_word' id='word_1_705' title='bbox 3357 2667 3542 2722; x_wconf 68' lang='lat' dir='ltr'><strong>sulcus</strong></span> 
     </span>
    </p>
   </div>
   <div class='ocr_carea' id='block_1_87' title="bbox 1929 2756 3542 2830">
    <p class='ocr_par' dir='ltr' id='par_1_87' title="bbox 1929 2756 3542 2830">
     <span class='ocr_line' id='line_1_87' title="bbox 1929 2756 3542 2830; baseline 0.002 -20"><span class='ocrx_word' id='word_1_706' title='bbox 1929 2756 2034 2810; x_wconf 90' lang='lat' dir='ltr'><strong>illis</strong></span> <span class='ocrx_word' id='word_1_707' title='bbox 2067 2756 2414 2826; x_wconf 81' lang='lat' dir='ltr'><strong>persuadere,</strong></span> <span class='ocrx_word' id='word_1_708' title='bbox 2446 2759 2588 2828; x_wconf 91' lang='lat' dir='ltr'><strong>quod</strong></span> <span class='ocrx_word' id='word_1_709' title='bbox 2622 2759 2686 2813; x_wconf 87' lang='lat' dir='ltr'><strong>ad</strong></span> <span class='ocrx_word' id='word_1_710' title='bbox 2718 2770 2907 2830; x_wconf 88' lang='lat' dir='ltr'><strong>gentes</strong></span> <span class='ocrx_word' id='word_1_711' title='bbox 2936 2760 3174 2814; x_wconf 88' lang='lat' dir='ltr'><strong>festinet.</strong></span> <span class='ocrx_word' id='word_1_712' title='bbox 3205 2758 3417 2829; x_wconf 84' lang='lat' dir='ltr'><strong>Crispus</strong></span> <span class='ocrx_word' id='word_1_713' title='bbox 3445 2776 3542 2813; x_wconf 29' lang='lat' dir='ltr'><strong>aus</strong></span> 
     </span>
    </p>
   </div>
   <div class='ocr_carea' id='block_1_88' title="bbox 1931 2849 3543 2919">
    <p class='ocr_par' dir='ltr' id='par_1_88' title="bbox 1931 2849 3543 2919">
     <span class='ocr_line' id='line_1_88' title="bbox 1931 2849 3543 2919; baseline 0.003 -19"><span class='ocrx_word' id='word_1_714' title='bbox 1931 2857 2029 2901; x_wconf 91' lang='lat' dir='ltr'><strong>tem</strong></span> <span class='ocrx_word' id='word_1_715' title='bbox 2057 2849 2517 2919; x_wconf 81' lang='lat' dir='ltr'><strong>are/tisynagogtts,</strong></span> <span class='ocrx_word' id='word_1_716' title='bbox 2549 2851 2756 2919; x_wconf 80' lang='lat' dir='ltr'><strong>inquit,</strong></span> <span class='ocrx_word' id='word_1_717' title='bbox 2788 2852 3005 2905; x_wconf 88' lang='lat' dir='ltr'><strong>credidit</strong></span> <span class='ocrx_word' id='word_1_718' title='bbox 3035 2851 3256 2906; x_wconf 77' lang='lat' dir='ltr'><strong>Domino</strong></span> <span class='ocrx_word' id='word_1_719' title='bbox 3285 2869 3399 2905; x_wconf 85' lang='lat' dir='ltr'><strong>cum</strong></span> <span class='ocrx_word' id='word_1_720' title='bbox 3437 2861 3543 2905; x_wconf 86' lang='lat' dir='ltr'><strong>tota</strong></span> 
     </span>
    </p>
   </div>
   <div class='ocr_carea' id='block_1_89' title="bbox 1929 2939 3542 2998">
    <p class='ocr_par' dir='ltr' id='par_1_89' title="bbox 1929 2939 3542 2998">
     <span class='ocr_line' id='line_1_89' title="bbox 1929 2939 3542 2998; baseline 0.003 -7"><span class='ocrx_word' id='word_1_721' title='bbox 1929 2939 2080 2992; x_wconf 87' lang='lat' dir='ltr'><strong>domo</strong></span> <span class='ocrx_word' id='word_1_722' title='bbox 2127 2957 2242 2993; x_wconf 88' lang='lat' dir='ltr'><strong>sua.</strong></span> <span class='ocrx_word' id='word_1_723' title='bbox 2293 2940 2428 2995; x_wconf 73' lang='lat' dir='ltr'><strong>Vide</strong></span> <span class='ocrx_word' id='word_1_724' title='bbox 2475 2951 2600 2997; x_wconf 90' lang='lat' dir='ltr'><strong>tunc</strong></span> <span class='ocrx_word' id='word_1_725' title='bbox 2632 2942 2820 2998; x_wconf 87' lang='lat' dir='ltr'><strong>ﬁdeles</strong></span> <span class='ocrx_word' id='word_1_726' title='bbox 2849 2959 2968 2998; x_wconf 90' lang='lat' dir='ltr'><strong>cum</strong></span> <span class='ocrx_word' id='word_1_727' title='bbox 3001 2951 3106 2997; x_wconf 89' lang='lat' dir='ltr'><strong>tota</strong></span> <span class='ocrx_word' id='word_1_728' title='bbox 3137 2943 3296 2998; x_wconf 91' lang='lat' dir='ltr'><strong>domo</strong></span> <span class='ocrx_word' id='word_1_729' title='bbox 3327 2943 3430 2998; x_wconf 90' lang='lat' dir='ltr'><strong>hoc</strong></span> <span class='ocrx_word' id='word_1_730' title='bbox 3462 2943 3542 2996; x_wconf 83' lang='lat' dir='ltr'><strong>fe-</strong></span> 
     </span>
    </p>
   </div>
   <div class='ocr_carea' id='block_1_90' title="bbox 1928 3033 3544 3107">
    <p class='ocr_par' dir='ltr' id='par_1_90' title="bbox 1928 3033 3544 3107">
     <span class='ocr_line' id='line_1_90' title="bbox 1928 3033 3544 3107; baseline 0.003 -22"><span class='ocrx_word' id='word_1_731' title='bbox 1928 3033 2090 3086; x_wconf 90' lang='lat' dir='ltr'><strong>cisse.</strong></span> <span class='ocrx_word' id='word_1_732' title='bbox 2132 3034 2262 3089; x_wconf 84' lang='lat' dir='ltr'><strong>Post</strong></span> <span class='ocrx_word' id='word_1_733' title='bbox 2306 3034 2420 3090; x_wconf 74' lang='lat' dir='ltr'><strong>hrcc</strong></span> <span class='ocrx_word' id='word_1_734' title='bbox 2458 3047 2639 3090; x_wconf 89' lang='lat' dir='ltr'><strong>autem</strong></span> <span class='ocrx_word' id='word_1_735' title='bbox 2682 3037 2774 3090; x_wconf 90' lang='lat' dir='ltr'><strong>alii</strong></span> <span class='ocrx_word' id='word_1_736' title='bbox 2815 3051 3032 3107; x_wconf 89' lang='lat' dir='ltr'><strong>quoque</strong></span> <span class='ocrx_word' id='word_1_737' title='bbox 3074 3037 3544 3091; x_wconf 76' lang='lat' dir='ltr'><strong>multicredeutcs</strong></span> 
     </span>
    </p>
   </div>
   <div class='ocr_carea' id='block_1_91' title="bbox 1929 3124 3538 3200">
    <p class='ocr_par' dir='ltr' id='par_1_91' title="bbox 1929 3124 3538 3200">
     <span class='ocr_line' id='line_1_91' title="bbox 1929 3124 3538 3200; baseline 0.001 -22"><span class='ocrx_word' id='word_1_738' title='bbox 1929 3124 2181 3194; x_wconf 84' lang='lat' dir='ltr'><strong>baptizati</strong></span> <span class='ocrx_word' id='word_1_739' title='bbox 2212 3135 2360 3181; x_wconf 90' lang='lat' dir='ltr'><strong>sunt.</strong></span> <span class='ocrx_word' id='word_1_740' title='bbox 2395 3128 2547 3182; x_wconf 89' lang='lat' dir='ltr'><strong>llunc</strong></span> <span class='ocrx_word' id='word_1_741' title='bbox 2579 3128 2829 3198; x_wconf 89' lang='lat' dir='ltr'><strong>Crispum</strong></span> <span class='ocrx_word' id='word_1_742' title='bbox 2856 3129 2988 3182; x_wconf 77' lang='lat' dir='ltr'><strong>dicit</strong></span> <span class='ocrx_word' id='word_1_743' title='bbox 3013 3127 3500 3200; x_wconf 84' lang='lat' dir='ltr'><strong>archisynagogum</strong></span> <span class='ocrx_word' id='word_1_744' title='bbox 3525 3170 3538 3193; x_wconf 90' lang='lat'><strong>,</strong></span> 
     </span>
    </p>
   </div>
   <div class='ocr_carea' id='block_1_92' title="bbox 1929 3215 3545 3290">
    <p class='ocr_par' dir='ltr' id='par_1_92' title="bbox 1929 3215 3545 3290">
     <span class='ocr_line' id='line_1_92' title="bbox 1929 3215 3545 3290; baseline 0.002 -22"><span class='ocrx_word' id='word_1_745' title='bbox 1929 3215 1997 3270; x_wconf 89' lang='lat' dir='ltr'><strong>de</strong></span> <span class='ocrx_word' id='word_1_746' title='bbox 2028 3232 2135 3285; x_wconf 87' lang='lat' dir='ltr'><strong>quo</strong></span> <span class='ocrx_word' id='word_1_747' title='bbox 2163 3218 2238 3271; x_wconf 89' lang='lat' dir='ltr'><strong>ait</strong></span> <span class='ocrx_word' id='word_1_748' title='bbox 2266 3235 2278 3271; x_wconf 93' lang='lat'><strong>:</strong></span> <span class='ocrx_word' id='word_1_749' title='bbox 2314 3217 2532 3271; x_wconf 82' lang='lat' dir='ltr'><strong>Nullum</strong></span> <span class='ocrx_word' id='word_1_750' title='bbox 2560 3218 2719 3272; x_wconf 86' lang='lat' dir='ltr'><strong>alium</strong></span> <span class='ocrx_word' id='word_1_751' title='bbox 2749 3220 3001 3290; x_wconf 80' lang='lat' dir='ltr'><strong>baptizavi</strong></span> <span class='ocrx_word' id='word_1_752' title='bbox 3028 3261 3043 3288; x_wconf 90' lang='lat'><strong>,</strong></span> <span class='ocrx_word' id='word_1_753' title='bbox 3082 3221 3179 3273; x_wconf 83' lang='lat' dir='ltr'><strong>nisi</strong></span> <span class='ocrx_word' id='word_1_754' title='bbox 3222 3220 3458 3290; x_wconf 85' lang='lat' dir='ltr'><strong>Crispum</strong></span> <span class='ocrx_word' id='word_1_755' title='bbox 3498 3231 3545 3274; x_wconf 88' lang='lat' dir='ltr'><strong>ct</strong></span> 
     </span>
    </p>
   </div>
   <div class='ocr_carea' id='block_1_93' title="bbox 1932 3304 3543 3380">
    <p class='ocr_par' dir='ltr' id='par_1_93' title="bbox 1932 3304 3543 3380">
     <span class='ocr_line' id='line_1_93' title="bbox 1932 3304 3543 3380; baseline 0.004 -22"><span class='ocrx_word' id='word_1_756' title='bbox 1932 3304 2118 3358; x_wconf 81' lang='lat' dir='ltr'><strong>Caium</strong></span> <span class='ocrx_word' id='word_1_757' title='bbox 2151 3308 2167 3376; x_wconf 89' lang='lat'><strong>(</strong></span> <span class='ocrx_word' id='word_1_758' title='bbox 2195 3307 2246 3360; x_wconf 89' lang='lat' dir='ltr'><strong>l.</strong></span> <span class='ocrx_word' id='word_1_759' title='bbox 2279 3306 2400 3361; x_wconf 80' lang='lat' dir='ltr'><strong>Cor.</strong></span> <span class='ocrx_word' id='word_1_760' title='bbox 2428 3311 2482 3362; x_wconf 90' lang='grc'><strong>1.</strong></span> <span class='ocrx_word' id='word_1_761' title='bbox 2519 3311 2585 3363; x_wconf 69' lang='grc'><strong>14</strong></span> <span class='ocrx_word' id='word_1_762' title='bbox 2613 3309 2660 3380; x_wconf 92' lang='grc'><strong>).</strong></span> <span class='ocrx_word' id='word_1_763' title='bbox 2687 3310 2826 3365; x_wconf 81' lang='lat' dir='ltr'><strong>Puto</strong></span> <span class='ocrx_word' id='word_1_764' title='bbox 2853 3321 3033 3364; x_wconf 83' lang='lat' dir='ltr'><strong>autem</strong></span> <span class='ocrx_word' id='word_1_765' title='bbox 3063 3311 3208 3365; x_wconf 90' lang='lat' dir='ltr'><strong>hunc</strong></span> <span class='ocrx_word' id='word_1_766' title='bbox 3237 3319 3292 3365; x_wconf 89' lang='lat' dir='ltr'><strong>et</strong></span> <span class='ocrx_word' id='word_1_767' title='bbox 3315 3309 3543 3366; x_wconf 86' lang='lat' dir='ltr'><strong>Sosthc-</strong></span> 
     </span>
    </p>
   </div>
   <div class='ocr_carea' id='block_1_94' title="bbox 1932 3398 3548 3472">
    <p class='ocr_par' dir='ltr' id='par_1_94' title="bbox 1932 3398 3548 3472">
     <span class='ocr_line' id='line_1_94' title="bbox 1932 3398 3548 3472; baseline 0.004 -22"><span class='ocrx_word' id='word_1_768' title='bbox 1932 3413 2053 3451; x_wconf 90' lang='lat' dir='ltr'><strong>nem</strong></span> <span class='ocrx_word' id='word_1_769' title='bbox 2081 3398 2186 3451; x_wconf 85' lang='lat' dir='ltr'><strong>dici</strong></span> <span class='ocrx_word' id='word_1_770' title='bbox 2213 3439 2228 3465; x_wconf 90' lang='lat'><strong>,</strong></span> <span class='ocrx_word' id='word_1_771' title='bbox 2263 3399 2350 3468; x_wconf 86' lang='lat' dir='ltr'><strong>qui</strong></span> <span class='ocrx_word' id='word_1_772' title='bbox 2379 3400 2460 3452; x_wconf 84' lang='lat' dir='ltr'><strong>vir</strong></span> <span class='ocrx_word' id='word_1_773' title='bbox 2491 3401 2628 3455; x_wconf 89' lang='lat' dir='ltr'><strong>adeo</strong></span> <span class='ocrx_word' id='word_1_774' title='bbox 2651 3401 2826 3455; x_wconf 87' lang='lat' dir='ltr'><strong>lidclis</strong></span> <span class='ocrx_word' id='word_1_775' title='bbox 2850 3401 2968 3469; x_wconf 78' lang='lat' dir='ltr'><strong>fuit,</strong></span> <span class='ocrx_word' id='word_1_776' title='bbox 2995 3411 3053 3455; x_wconf 89' lang='lat' dir='ltr'><strong>ut</strong></span> <span class='ocrx_word' id='word_1_777' title='bbox 3073 3417 3364 3472; x_wconf 89' lang='lat' dir='ltr'><strong>percussus</strong></span> <span class='ocrx_word' id='word_1_778' title='bbox 3386 3402 3548 3457; x_wconf 79' lang='lat' dir='ltr'><strong>fuerit</strong></span> 
     </span>
    </p>
   </div>
   <div class='ocr_carea' id='block_1_95' title="bbox 1933 3491 3549 3566">
    <p class='ocr_par' dir='ltr' id='par_1_95' title="bbox 1933 3491 3549 3566">
     <span class='ocr_line' id='line_1_95' title="bbox 1933 3491 3549 3566; baseline 0.004 -22"><span class='ocrx_word' id='word_1_779' title='bbox 1933 3501 1983 3544; x_wconf 87' lang='lat' dir='ltr'><strong>et</strong></span> <span class='ocrx_word' id='word_1_780' title='bbox 2016 3505 2230 3561; x_wconf 89' lang='lat' dir='ltr'><strong>semper</strong></span> <span class='ocrx_word' id='word_1_781' title='bbox 2260 3491 2425 3545; x_wconf 82' lang='lat' dir='ltr'><strong>Paulo</strong></span> <span class='ocrx_word' id='word_1_782' title='bbox 2455 3491 2713 3550; x_wconf 85' lang='lat' dir='ltr'><strong>adfuerit.</strong></span> <span class='ocrx_word' id='word_1_783' title='bbox 2742 3493 2886 3548; x_wconf 77' lang='lat' dir='ltr'><strong>Dixit</strong></span> <span class='ocrx_word' id='word_1_784' title='bbox 2917 3505 3107 3560; x_wconf 86' lang='lat' dir='ltr'><strong>autem,</strong></span> <span class='ocrx_word' id='word_1_785' title='bbox 3142 3496 3333 3566; x_wconf 90' lang='lat' dir='ltr'><strong>inquit,</strong></span> <span class='ocrx_word' id='word_1_786' title='bbox 3363 3495 3549 3551; x_wconf 85' lang='lat' dir='ltr'><strong>Domi—</strong></span> 
     </span>
    </p>
   </div>
   <div class='ocr_carea' id='block_1_96' title="bbox 1932 3584 3550 3652">
    <p class='ocr_par' dir='ltr' id='par_1_96' title="bbox 1932 3584 3550 3652">
     <span class='ocr_line' id='line_1_96' title="bbox 1932 3584 3550 3652; baseline 0.004 -17"><span class='ocrx_word' id='word_1_787' title='bbox 1932 3599 2027 3636; x_wconf 86' lang='lat' dir='ltr'><strong>nus</strong></span> <span class='ocrx_word' id='word_1_788' title='bbox 2058 3600 2147 3652; x_wconf 83' lang='lat' dir='ltr'><strong>pvr</strong></span> <span class='ocrx_word' id='word_1_789' title='bbox 2174 3584 2415 3638; x_wconf 78' lang='lat' dir='ltr'><strong>visionem</strong></span> <span class='ocrx_word' id='word_1_790' title='bbox 2447 3585 2497 3638; x_wconf 88' lang='lat' dir='ltr'><strong>in</strong></span> <span class='ocrx_word' id='word_1_791' title='bbox 2525 3596 2670 3640; x_wconf 89' lang='lat' dir='ltr'><strong>nocte</strong></span> <span class='ocrx_word' id='word_1_792' title='bbox 2703 3585 2913 3640; x_wconf 84' lang='lat' dir='ltr'><strong>Paulo:</strong></span> <span class='ocrx_word' id='word_1_793' title='bbox 2942 3586 3068 3641; x_wconf 84' lang='lat' dir='ltr'><strong>Noli</strong></span> <span class='ocrx_word' id='word_1_794' title='bbox 3096 3588 3272 3642; x_wconf 88' lang='lat' dir='ltr'><strong>timere</strong></span> <span class='ocrx_word' id='word_1_795' title='bbox 3294 3629 3309 3651; x_wconf 84' lang='lat'><strong><em>.</em></strong></span> <span class='ocrx_word' id='word_1_796' title='bbox 3341 3589 3432 3644; x_wconf 88' lang='lat' dir='ltr'><strong>sed</strong></span> <span class='ocrx_word' id='word_1_797' title='bbox 3468 3589 3550 3642; x_wconf 89' lang='lat' dir='ltr'><strong>lo-</strong></span> 
     </span>
    </p>
   </div>
   <div class='ocr_carea' id='block_1_97' title="bbox 1933 3676 3547 3748">
    <p class='ocr_par' dir='ltr' id='par_1_97' title="bbox 1933 3676 3547 3748">
     <span class='ocr_line' id='line_1_97' title="bbox 1933 3676 3547 3748; baseline 0.005 -19"><span class='ocrx_word' id='word_1_798' title='bbox 1933 3693 2102 3747; x_wconf 85' lang='lat' dir='ltr'><strong>quere.</strong></span> <span class='ocrx_word' id='word_1_799' title='bbox 2151 3676 2277 3732; x_wconf 87' lang='lat' dir='ltr'><strong>Ideo</strong></span> <span class='ocrx_word' id='word_1_800' title='bbox 2319 3678 2491 3732; x_wconf 91' lang='lat' dir='ltr'><strong>multo</strong></span> <span class='ocrx_word' id='word_1_801' title='bbox 2530 3678 2602 3733; x_wconf 88' lang='lat' dir='ltr'><strong>ibi</strong></span> <span class='ocrx_word' id='word_1_802' title='bbox 2650 3689 2893 3748; x_wconf 89' lang='lat' dir='ltr'><strong>tempore</strong></span> <span class='ocrx_word' id='word_1_803' title='bbox 2937 3689 3156 3735; x_wconf 86' lang='lat' dir='ltr'><strong>manet:</strong></span> <span class='ocrx_word' id='word_1_804' title='bbox 3205 3681 3254 3735; x_wconf 91' lang='lat' dir='ltr'><strong>id</strong></span> <span class='ocrx_word' id='word_1_805' title='bbox 3286 3682 3429 3736; x_wconf 89' lang='lat' dir='ltr'><strong>enim</strong></span> <span class='ocrx_word' id='word_1_806' title='bbox 3467 3681 3547 3737; x_wconf 88' lang='lat' dir='ltr'><strong>illi</strong></span> 
     </span>
    </p>
   </div>
   <div class='ocr_carea' id='block_1_98' title="bbox 1935 3771 3548 3846">
    <p class='ocr_par' dir='ltr' id='par_1_98' title="bbox 1935 3771 3548 3846">
     <span class='ocr_line' id='line_1_98' title="bbox 1935 3771 3548 3846; baseline 0.003 -22"><span class='ocrx_word' id='word_1_807' title='bbox 1935 3773 2102 3825; x_wconf 81' lang='lat' dir='ltr'><strong>suasit</strong></span> <span class='ocrx_word' id='word_1_808' title='bbox 2135 3771 2445 3839; x_wconf 87' lang='lat' dir='ltr'><strong>multitudo,</strong></span> <span class='ocrx_word' id='word_1_809' title='bbox 2476 3771 2572 3828; x_wconf 92' lang='lat' dir='ltr'><strong>sed</strong></span> <span class='ocrx_word' id='word_1_810' title='bbox 2616 3772 2956 3827; x_wconf 80' lang='lat' dir='ltr'><strong>familiaritas</strong></span> <span class='ocrx_word' id='word_1_811' title='bbox 2980 3773 3181 3828; x_wconf 86' lang='lat' dir='ltr'><strong>Christi</strong></span> <span class='ocrx_word' id='word_1_812' title='bbox 3210 3775 3399 3846; x_wconf 82' lang='lat' dir='ltr'><strong>magis.</strong></span> <span class='ocrx_word' id='word_1_813' title='bbox 3435 3774 3548 3829; x_wconf 85' lang='lat' dir='ltr'><strong>Ma-</strong></span> 
     </span>
    </p>
   </div>
   <div class='ocr_carea' id='block_1_99' title="bbox 1930 3865 3548 3934">
    <p class='ocr_par' dir='ltr' id='par_1_99' title="bbox 1930 3865 3548 3934">
     <span class='ocr_line' id='line_1_99' title="bbox 1930 3865 3548 3934; baseline 0.007 -20"><span class='ocrx_word' id='word_1_814' title='bbox 1930 3866 2019 3934; x_wconf 82' lang='lat' dir='ltr'><strong>jas</strong></span> <span class='ocrx_word' id='word_1_815' title='bbox 2053 3866 2198 3919; x_wconf 90' lang='lat' dir='ltr'><strong>enim</strong></span> <span class='ocrx_word' id='word_1_816' title='bbox 2226 3873 2354 3919; x_wconf 90' lang='lat' dir='ltr'><strong>tunc</strong></span> <span class='ocrx_word' id='word_1_817' title='bbox 2377 3872 2494 3918; x_wconf 90' lang='lat' dir='ltr'><strong>erat</strong></span> <span class='ocrx_word' id='word_1_818' title='bbox 2523 3865 2818 3934; x_wconf 89' lang='lat' dir='ltr'><strong>periculum</strong></span> <span class='ocrx_word' id='word_1_819' title='bbox 2843 3907 2857 3930; x_wconf 93' lang='lat'><strong>,</strong></span> <span class='ocrx_word' id='word_1_820' title='bbox 2898 3866 3084 3920; x_wconf 90' lang='lat' dir='ltr'><strong>multis</strong></span> <span class='ocrx_word' id='word_1_821' title='bbox 3113 3866 3463 3922; x_wconf 87' lang='lat' dir='ltr'><strong>credentibus</strong></span> <span class='ocrx_word' id='word_1_822' title='bbox 3491 3881 3548 3925; x_wconf 90' lang='lat' dir='ltr'><strong>et</strong></span> 
     </span>
    </p>
   </div>
   <div class='ocr_carea' id='block_1_100' title="bbox 1938 3958 3548 4030">
    <p class='ocr_par' dir='ltr' id='par_1_100' title="bbox 1938 3958 3548 4030">
     <span class='ocr_line' id='line_1_100' title="bbox 1938 3958 3548 4030; baseline 0.003 -18"><span class='ocrx_word' id='word_1_823' title='bbox 1938 3962 2053 4028; x_wconf 78' lang='lat' dir='ltr'><strong>ipso</strong></span> <span class='ocrx_word' id='word_1_824' title='bbox 2077 3959 2523 4030; x_wconf 83' lang='lat' dir='ltr'><strong>archisynagogo.</strong></span> <span class='ocrx_word' id='word_1_825' title='bbox 2553 3958 2681 4013; x_wconf 87' lang='lat' dir='ltr'><strong>Noli</strong></span> <span class='ocrx_word' id='word_1_826' title='bbox 2704 3960 2900 4026; x_wconf 82' lang='lat' dir='ltr'><strong>limere,</strong></span> <span class='ocrx_word' id='word_1_827' title='bbox 2929 3961 3116 4030; x_wconf 91' lang='lat' dir='ltr'><strong>inquit.</strong></span> <span class='ocrx_word' id='word_1_828' title='bbox 3143 3960 3255 4016; x_wconf 87' lang='lat' dir='ltr'><strong>Hoc</strong></span> <span class='ocrx_word' id='word_1_829' title='bbox 3277 3963 3407 4016; x_wconf 90' lang='lat' dir='ltr'><strong>satis</strong></span> <span class='ocrx_word' id='word_1_830' title='bbox 3429 3973 3548 4017; x_wconf 88' lang='lat' dir='ltr'><strong>erat</strong></span> 
     </span>
    </p>
   </div>
   <div class='ocr_carea' id='block_1_101' title="bbox 1935 4051 3542 4123">
    <p class='ocr_par' dir='ltr' id='par_1_101' title="bbox 1935 4051 3542 4123">
     <span class='ocr_line' id='line_1_101' title="bbox 1935 4051 3542 4123; baseline 0.002 -17"><span class='ocrx_word' id='word_1_831' title='bbox 1935 4053 2000 4106; x_wconf 90' lang='lat' dir='ltr'><strong>ad</strong></span> <span class='ocrx_word' id='word_1_832' title='bbox 2039 4053 2185 4106; x_wconf 90' lang='lat' dir='ltr'><strong>illum</strong></span> <span class='ocrx_word' id='word_1_833' title='bbox 2217 4051 2560 4107; x_wconf 80' lang='lat' dir='ltr'><strong>excitandum</strong></span> <span class='ocrx_word' id='word_1_834' title='bbox 2595 4092 2609 4115; x_wconf 92' lang='lat'><strong>,</strong></span> <span class='ocrx_word' id='word_1_835' title='bbox 2634 4053 2759 4122; x_wconf 87' lang='lat' dir='ltr'><strong>quia</strong></span> <span class='ocrx_word' id='word_1_836' title='bbox 2791 4054 2982 4107; x_wconf 89' lang='lat' dir='ltr'><strong>timere</strong></span> <span class='ocrx_word' id='word_1_837' title='bbox 3010 4052 3384 4123; x_wconf 88' lang='lat' dir='ltr'><strong>deprehensus</strong></span> <span class='ocrx_word' id='word_1_838' title='bbox 3409 4054 3542 4120; x_wconf 75' lang='lat' dir='ltr'><strong>init;</strong></span> 
     </span>
    </p>
   </div>
   <div class='ocr_carea' id='block_1_102' title="bbox 1937 4144 3547 4214">
    <p class='ocr_par' dir='ltr' id='par_1_102' title="bbox 1937 4144 3547 4214">
     <span class='ocr_line' id='line_1_102' title="bbox 1937 4144 3547 4214; baseline 0.001 -14"><span class='ocrx_word' id='word_1_839' title='bbox 1937 4146 2038 4200; x_wconf 88' lang='lat' dir='ltr'><strong>nisi</strong></span> <span class='ocrx_word' id='word_1_840' title='bbox 2090 4145 2229 4200; x_wconf 88' lang='lat' dir='ltr'><strong>forte</strong></span> <span class='ocrx_word' id='word_1_841' title='bbox 2272 4162 2378 4199; x_wconf 86' lang='lat' dir='ltr'><strong>non</strong></span> <span class='ocrx_word' id='word_1_842' title='bbox 2431 4147 2627 4200; x_wconf 89' lang='lat' dir='ltr'><strong>timere</strong></span> <span class='ocrx_word' id='word_1_843' title='bbox 2676 4145 2745 4199; x_wconf 87' lang='lat' dir='ltr'><strong>sit</strong></span> <span class='ocrx_word' id='word_1_844' title='bbox 2768 4144 3181 4214; x_wconf 87' lang='lat' dir='ltr'><strong>deprehensus,</strong></span> <span class='ocrx_word' id='word_1_845' title='bbox 3209 4145 3304 4201; x_wconf 85' lang='lat' dir='ltr'><strong>sed</strong></span> <span class='ocrx_word' id='word_1_846' title='bbox 3329 4147 3547 4202; x_wconf 70' lang='lat' dir='ltr'><strong>confor-</strong></span> 
     </span>
    </p>
   </div>
   <div class='ocr_carea' id='block_1_103' title="bbox 1938 4238 3547 4311">
    <p class='ocr_par' dir='ltr' id='par_1_103' title="bbox 1938 4238 3547 4311">
     <span class='ocr_line' id='line_1_103' title="bbox 1938 4238 3547 4311; baseline 0.002 -17"><span class='ocrx_word' id='word_1_847' title='bbox 1938 4250 2079 4294; x_wconf 86' lang='lat' dir='ltr'><strong>tetur</strong></span> <span class='ocrx_word' id='word_1_848' title='bbox 2124 4247 2181 4292; x_wconf 89' lang='lat' dir='ltr'><strong>ut</strong></span> <span class='ocrx_word' id='word_1_849' title='bbox 2218 4238 2349 4292; x_wconf 91' lang='lat' dir='ltr'><strong>nihil</strong></span> <span class='ocrx_word' id='word_1_850' title='bbox 2403 4238 2510 4293; x_wconf 88' lang='lat' dir='ltr'><strong>tale</strong></span> <span class='ocrx_word' id='word_1_851' title='bbox 2543 4239 2796 4308; x_wconf 86' lang='lat' dir='ltr'><strong>patiatur.</strong></span> <span class='ocrx_word' id='word_1_852' title='bbox 2834 4238 2954 4293; x_wconf 86' lang='lat' dir='ltr'><strong>Non</strong></span> <span class='ocrx_word' id='word_1_853' title='bbox 2994 4240 3140 4293; x_wconf 91' lang='lat' dir='ltr'><strong>enim</strong></span> <span class='ocrx_word' id='word_1_854' title='bbox 3173 4254 3391 4311; x_wconf 88' lang='lat' dir='ltr'><strong>semper</strong></span> <span class='ocrx_word' id='word_1_855' title='bbox 3423 4242 3547 4297; x_wconf 85' lang='lat' dir='ltr'><strong>illos</strong></span> 
     </span>
    </p>
   </div>
   <div class='ocr_carea' id='block_1_104' title="bbox 1937 4331 3544 4403">
    <p class='ocr_par' dir='ltr' id='par_1_104' title="bbox 1937 4331 3544 4403">
     <span class='ocr_line' id='line_1_104' title="bbox 1937 4331 3544 4403; baseline 0 -15"><span class='ocrx_word' id='word_1_856' title='bbox 1937 4333 2076 4388; x_wconf 89' lang='lat' dir='ltr'><strong>male</strong></span> <span class='ocrx_word' id='word_1_857' title='bbox 2121 4333 2229 4403; x_wconf 87' lang='lat' dir='ltr'><strong>pati</strong></span> <span class='ocrx_word' id='word_1_858' title='bbox 2275 4333 2524 4397; x_wconf 87' lang='lat' dir='ltr'><strong>sinebat,</strong></span> <span class='ocrx_word' id='word_1_859' title='bbox 2569 4346 2638 4386; x_wconf 91' lang='lat' dir='ltr'><strong>ne</strong></span> <span class='ocrx_word' id='word_1_860' title='bbox 2689 4333 3015 4387; x_wconf 88' lang='lat' dir='ltr'><strong>inﬁrmiores</strong></span> <span class='ocrx_word' id='word_1_861' title='bbox 3057 4331 3374 4388; x_wconf 73' lang='lat' dir='ltr'><strong>evaderent.</strong></span> <span class='ocrx_word' id='word_1_862' title='bbox 3401 4333 3544 4388; x_wconf 81' lang='lat' dir='ltr'><strong>Nihil</strong></span> 
     </span>
    </p>
   </div>
   <div class='ocr_carea' id='block_1_105' title="bbox 1936 4425 3550 4492">
    <p class='ocr_par' dir='ltr' id='par_1_105' title="bbox 1936 4425 3550 4492">
     <span class='ocr_line' id='line_1_105' title="bbox 1936 4425 3550 4492; baseline 0.001 -10"><span class='ocrx_word' id='word_1_863' title='bbox 1936 4431 2078 4483; x_wconf 90' lang='lat' dir='ltr'><strong>enim</strong></span> <span class='ocrx_word' id='word_1_864' title='bbox 2118 4429 2187 4482; x_wconf 88' lang='lat' dir='ltr'><strong>ita</strong></span> <span class='ocrx_word' id='word_1_865' title='bbox 2237 4427 2459 4481; x_wconf 85' lang='lat' dir='ltr'><strong>Paulum</strong></span> <span class='ocrx_word' id='word_1_866' title='bbox 2494 4441 2727 4481; x_wconf 72' lang='lat' dir='ltr'><strong>n&#39;imrore</strong></span> <span class='ocrx_word' id='word_1_867' title='bbox 2767 4425 3072 4492; x_wconf 86' lang='lat' dir='ltr'><strong>afﬁciebat,</strong></span> <span class='ocrx_word' id='word_1_868' title='bbox 3120 4426 3459 4482; x_wconf 90' lang='lat' dir='ltr'><strong>utincreduli</strong></span> <span class='ocrx_word' id='word_1_869' title='bbox 3493 4440 3550 4483; x_wconf 91' lang='lat' dir='ltr'><strong>et</strong></span> 
     </span>
    </p>
   </div>
   <div class='ocr_carea' id='block_1_106' title="bbox 1937 4518 3546 4588">
    <p class='ocr_par' dir='ltr' id='par_1_106' title="bbox 1937 4518 3546 4588">
     <span class='ocr_line' id='line_1_106' title="bbox 1937 4518 3546 4588; baseline -0.002 -11"><span class='ocrx_word' id='word_1_870' title='bbox 1937 4520 2414 4577; x_wconf 88' lang='lat' dir='ltr'><strong>contradicentes:</strong></span> <span class='ocrx_word' id='word_1_871' title='bbox 2464 4518 2567 4573; x_wconf 91' lang='lat' dir='ltr'><strong>hoc</strong></span> <span class='ocrx_word' id='word_1_872' title='bbox 2611 4519 2742 4588; x_wconf 90' lang='lat' dir='ltr'><strong>ipsis</strong></span> <span class='ocrx_word' id='word_1_873' title='bbox 2787 4518 3043 4588; x_wconf 81' lang='lat' dir='ltr'><strong>periculis</strong></span> <span class='ocrx_word' id='word_1_874' title='bbox 3075 4518 3358 4572; x_wconf 90' lang='lat' dir='ltr'><strong>molestius</strong></span> <span class='ocrx_word' id='word_1_875' title='bbox 3404 4531 3546 4574; x_wconf 87' lang='lat' dir='ltr'><strong>erat.</strong></span> 
     </span>
    </p>
   </div>
   <div class='ocr_carea' id='block_1_107' title="bbox 1939 4611 3548 4682">
    <p class='ocr_par' dir='ltr' id='par_1_107' title="bbox 1939 4611 3548 4682">
     <span class='ocr_line' id='line_1_107' title="bbox 1939 4611 3548 4682; baseline 0 -15"><span class='ocrx_word' id='word_1_876' title='bbox 1939 4614 2006 4667; x_wconf 84' lang='lat' dir='ltr'><strong>Et</strong></span> <span class='ocrx_word' id='word_1_877' title='bbox 2044 4631 2106 4668; x_wconf 89' lang='lat' dir='ltr'><strong>ne</strong></span> <span class='ocrx_word' id='word_1_878' title='bbox 2146 4623 2342 4678; x_wconf 82' lang='lat' dir='ltr'><strong>taceas,</strong></span> <span class='ocrx_word' id='word_1_879' title='bbox 2379 4611 2589 4681; x_wconf 89' lang='lat' dir='ltr'><strong>inquit,</strong></span> <span class='ocrx_word' id='word_1_880' title='bbox 2635 4611 2754 4682; x_wconf 84' lang='lat' dir='ltr'><strong>quia</strong></span> <span class='ocrx_word' id='word_1_881' title='bbox 2785 4611 2976 4665; x_wconf 88' lang='lat' dir='ltr'><strong>multus</strong></span> <span class='ocrx_word' id='word_1_882' title='bbox 3000 4612 3123 4665; x_wconf 85' lang='lat' dir='ltr'><strong>milii</strong></span> <span class='ocrx_word' id='word_1_883' title='bbox 3154 4613 3374 4682; x_wconf 83' lang='lat' dir='ltr'><strong>papulas</strong></span> <span class='ocrx_word' id='word_1_884' title='bbox 3397 4623 3468 4668; x_wconf 90' lang='lat' dir='ltr'><strong>est</strong></span> <span class='ocrx_word' id='word_1_885' title='bbox 3496 4615 3548 4667; x_wconf 89' lang='lat' dir='ltr'><strong>in</strong></span> 
     </span>
    </p>
   </div>
   <div class='ocr_carea' id='block_1_108' title="bbox 1940 4701 3550 4773">
    <p class='ocr_par' dir='ltr' id='par_1_108' title="bbox 1940 4701 3550 4773">
     <span class='ocr_line' id='line_1_108' title="bbox 1940 4701 3550 4773; baseline 0.002 -17"><span class='ocrx_word' id='word_1_886' title='bbox 1940 4706 2034 4757; x_wconf 81' lang='lat' dir='ltr'><strong>liac</strong></span> <span class='ocrx_word' id='word_1_887' title='bbox 2061 4704 2279 4758; x_wconf 85' lang='lat' dir='ltr'><strong>civitate.</strong></span> <span class='ocrx_word' id='word_1_888' title='bbox 2316 4703 2439 4756; x_wconf 79' lang='lat' dir='ltr'><strong>Ideo</strong></span> <span class='ocrx_word' id='word_1_889' title='bbox 2484 4702 2712 4757; x_wconf 87' lang='lat' dir='ltr'><strong>fortasse</strong></span> <span class='ocrx_word' id='word_1_890' title='bbox 2760 4702 2833 4756; x_wconf 91' lang='lat' dir='ltr'><strong>illi</strong></span> <span class='ocrx_word' id='word_1_891' title='bbox 2863 4701 3111 4757; x_wconf 89' lang='lat' dir='ltr'><strong>Christus</strong></span> <span class='ocrx_word' id='word_1_892' title='bbox 3139 4714 3381 4773; x_wconf 84' lang='lat' dir='ltr'><strong>apparet.</strong></span> <span class='ocrx_word' id='word_1_893' title='bbox 3418 4704 3550 4760; x_wconf 82' lang='lat' dir='ltr'><strong>Cal-</strong></span> 
     </span>
    </p>
   </div>
   <div class='ocr_carea' id='block_1_109' title="bbox 1941 4796 3550 4866">
    <p class='ocr_par' dir='ltr' id='par_1_109' title="bbox 1941 4796 3550 4866">
     <span class='ocr_line' id='line_1_109' title="bbox 1941 4796 3550 4866; baseline 0 -12"><span class='ocrx_word' id='word_1_894' title='bbox 1941 4801 2074 4854; x_wconf 87' lang='lat' dir='ltr'><strong>lione</strong></span> <span class='ocrx_word' id='word_1_895' title='bbox 2094 4809 2261 4852; x_wconf 89' lang='lat' dir='ltr'><strong>autem</strong></span> <span class='ocrx_word' id='word_1_896' title='bbox 2284 4840 2298 4863; x_wconf 92' lang='lat'><strong>,</strong></span> <span class='ocrx_word' id='word_1_897' title='bbox 2331 4797 2503 4866; x_wconf 89' lang='lat' dir='ltr'><strong>inquit</strong></span> <span class='ocrx_word' id='word_1_898' title='bbox 2527 4838 2538 4860; x_wconf 90' lang='lat'><strong>,</strong></span> <span class='ocrx_word' id='word_1_899' title='bbox 2572 4796 2875 4865; x_wconf 84' lang='lat' dir='ltr'><strong>proconsule</strong></span> <span class='ocrx_word' id='word_1_900' title='bbox 2902 4797 3132 4865; x_wconf 73' lang='lat' dir='ltr'><strong>Achaiw,</strong></span> <span class='ocrx_word' id='word_1_901' title='bbox 3160 4799 3550 4854; x_wconf 77' lang='lat' dir='ltr'><strong>insurrexerunt</strong></span> 
     </span>
    </p>
   </div>
   <div class='ocr_carea' id='block_1_110' title="bbox 1940 4890 3548 4962">
    <p class='ocr_par' dir='ltr' id='par_1_110' title="bbox 1940 4890 3548 4962">
     <span class='ocr_line' id='line_1_110' title="bbox 1940 4890 3548 4962; baseline 0.001 -14"><span class='ocrx_word' id='word_1_902' title='bbox 1940 4911 2043 4948; x_wconf 90' lang='lat' dir='ltr'><strong>uno</strong></span> <span class='ocrx_word' id='word_1_903' title='bbox 2071 4895 2243 4947; x_wconf 89' lang='lat' dir='ltr'><strong>animo</strong></span> <span class='ocrx_word' id='word_1_904' title='bbox 2266 4891 2443 4946; x_wconf 81' lang='lat' dir='ltr'><strong>Judwi</strong></span> <span class='ocrx_word' id='word_1_905' title='bbox 2466 4893 2517 4945; x_wconf 89' lang='lat' dir='ltr'><strong>in</strong></span> <span class='ocrx_word' id='word_1_906' title='bbox 2549 4890 2796 4946; x_wconf 84' lang='lat' dir='ltr'><strong>Paulum.</strong></span> <span class='ocrx_word' id='word_1_907' title='bbox 2825 4892 2980 4958; x_wconf 72' lang='lat' dir='ltr'><strong>Vide,</strong></span> <span class='ocrx_word' id='word_1_908' title='bbox 3007 4903 3129 4962; x_wconf 87' lang='lat' dir='ltr'><strong>post</strong></span> <span class='ocrx_word' id='word_1_909' title='bbox 3151 4909 3351 4949; x_wconf 87' lang='lat' dir='ltr'><strong>annum</strong></span> <span class='ocrx_word' id='word_1_910' title='bbox 3374 4905 3427 4951; x_wconf 89' lang='lat' dir='ltr'><strong>et</strong></span> <span class='ocrx_word' id='word_1_911' title='bbox 3455 4909 3548 4950; x_wconf 79' lang='lat' dir='ltr'><strong>Sex</strong></span> 
     </span>
    </p>
   </div>
   <div class='ocr_carea' id='block_1_111' title="bbox 1941 4986 3551 5058">
    <p class='ocr_par' dir='ltr' id='par_1_111' title="bbox 1941 4986 3551 5058">
     <span class='ocr_line' id='line_1_111' title="bbox 1941 4986 3551 5058; baseline -0.001 -14"><span class='ocrx_word' id='word_1_912' title='bbox 1941 5002 2158 5044; x_wconf 88' lang='lat' dir='ltr'><strong>menses</strong></span> <span class='ocrx_word' id='word_1_913' title='bbox 2197 4987 2482 5056; x_wconf 89' lang='lat' dir='ltr'><strong>insurgunt</strong></span> <span class='ocrx_word' id='word_1_914' title='bbox 2512 4986 2562 5039; x_wconf 92' lang='lat' dir='ltr'><strong>in</strong></span> <span class='ocrx_word' id='word_1_915' title='bbox 2600 5002 2746 5052; x_wconf 89' lang='lat' dir='ltr'><strong>eum,</strong></span> <span class='ocrx_word' id='word_1_916' title='bbox 2779 4987 2993 5056; x_wconf 90' lang='lat' dir='ltr'><strong>quando</strong></span> <span class='ocrx_word' id='word_1_917' title='bbox 3021 4991 3130 5055; x_wconf 83' lang='lat' dir='ltr'><strong>jam</strong></span> <span class='ocrx_word' id='word_1_918' title='bbox 3164 5003 3270 5041; x_wconf 91' lang='lat' dir='ltr'><strong>non</strong></span> <span class='ocrx_word' id='word_1_919' title='bbox 3304 4997 3551 5058; x_wconf 79' lang='lat' dir='ltr'><strong>poterant</strong></span> 
     </span>
    </p>
   </div>
   <div class='ocr_carea' id='block_1_112' title="bbox 1941 5075 3546 5148">
    <p class='ocr_par' dir='ltr' id='par_1_112' title="bbox 1941 5075 3546 5148">
     <span class='ocr_line' id='line_1_112' title="bbox 1941 5075 3546 5148; baseline -0.001 -13"><span class='ocrx_word' id='word_1_920' title='bbox 1941 5082 2053 5136; x_wconf 91' lang='lat' dir='ltr'><strong>suis</strong></span> <span class='ocrx_word' id='word_1_921' title='bbox 2080 5079 2154 5133; x_wconf 89' lang='lat' dir='ltr'><strong>uti</strong></span> <span class='ocrx_word' id='word_1_922' title='bbox 2187 5078 2412 5148; x_wconf 86' lang='lat' dir='ltr'><strong>legibus.</strong></span> <span class='ocrx_word' id='word_1_923' title='bbox 2459 5076 2572 5131; x_wconf 87' lang='lat' dir='ltr'><strong>Iloc</strong></span> <span class='ocrx_word' id='word_1_924' title='bbox 2600 5078 2831 5132; x_wconf 83' lang='lat' dir='ltr'><strong>maxime</strong></span> <span class='ocrx_word' id='word_1_925' title='bbox 2862 5075 3512 5135; x_wconf 78' lang='lat' dir='ltr'><strong>Corinthios&#39;extoliehat</strong></span> <span class='ocrx_word' id='word_1_926' title='bbox 3532 5123 3546 5145; x_wconf 92' lang='lat'><strong>,</strong></span> 
     </span>
    </p>
   </div>
   <div class='ocr_carea' id='block_1_113' title="bbox 1942 5172 3548 5244">
    <p class='ocr_par' dir='ltr' id='par_1_113' title="bbox 1942 5172 3548 5244">
     <span class='ocr_line' id='line_1_113' title="bbox 1942 5172 3548 5244; baseline 0 -18"><span class='ocrx_word' id='word_1_927' title='bbox 1942 5174 2085 5243; x_wconf 86' lang='lat' dir='ltr'><strong>quod</strong></span> <span class='ocrx_word' id='word_1_928' title='bbox 2112 5172 2355 5244; x_wconf 85' lang='lat' dir='ltr'><strong>persuasi</strong></span> <span class='ocrx_word' id='word_1_929' title='bbox 2384 5179 2568 5227; x_wconf 87' lang='lat' dir='ltr'><strong>essent</strong></span> <span class='ocrx_word' id='word_1_930' title='bbox 2590 5173 2886 5242; x_wconf 84' lang='lat' dir='ltr'><strong>principem</strong></span> <span class='ocrx_word' id='word_1_931' title='bbox 2913 5188 3017 5226; x_wconf 91' lang='lat' dir='ltr'><strong>non</strong></span> <span class='ocrx_word' id='word_1_932' title='bbox 3043 5187 3164 5226; x_wconf 87' lang='lat' dir='ltr'><strong>sese</strong></span> <span class='ocrx_word' id='word_1_933' title='bbox 3187 5172 3548 5228; x_wconf 67' lang='lat' dir='ltr'><strong>demissorum</strong></span> 
     </span>
    </p>
   </div>
   <div class='ocr_carea' id='block_1_114' title="bbox 1943 5266 3554 5331">
    <p class='ocr_par' dir='ltr' id='par_1_114' title="bbox 1943 5266 3554 5331">
     <span class='ocr_line' id='line_1_114' title="bbox 1943 5266 3554 5331; baseline 0.001 -10"><span class='ocrx_word' id='word_1_934' title='bbox 1943 5283 2083 5323; x_wconf 82' lang='lat' dir='ltr'><strong>esse.</strong></span> <span class='ocrx_word' id='word_1_935' title='bbox 2115 5267 2229 5321; x_wconf 84' lang='lat' dir='ltr'><strong>Non</strong></span> <span class='ocrx_word' id='word_1_936' title='bbox 2260 5268 2402 5320; x_wconf 86' lang='lat' dir='ltr'><strong>enim</strong></span> <span class='ocrx_word' id='word_1_937' title='bbox 2430 5266 2570 5320; x_wconf 84' lang='lat' dir='ltr'><strong>idem</strong></span> <span class='ocrx_word' id='word_1_938' title='bbox 2603 5276 2720 5321; x_wconf 83' lang='lat' dir='ltr'><strong>erat</strong></span> <span class='ocrx_word' id='word_1_939' title='bbox 2751 5282 2818 5320; x_wconf 82' lang='lat' dir='ltr'><strong>ex</strong></span> <span class='ocrx_word' id='word_1_940' title='bbox 2849 5267 3201 5321; x_wconf 88' lang='lat' dir='ltr'><strong>contentione</strong></span> <span class='ocrx_word' id='word_1_941' title='bbox 3228 5267 3467 5331; x_wconf 83' lang='lat' dir='ltr'><strong>vincere.</strong></span> <span class='ocrx_word' id='word_1_942' title='bbox 3498 5281 3554 5323; x_wconf 87' lang='lat' dir='ltr'><strong>ct</strong></span> 
     </span>
    </p>
   </div>
   <div class='ocr_carea' id='block_1_115' title="bbox 1943 5359 3553 5433">
    <p class='ocr_par' dir='ltr' id='par_1_115' title="bbox 1943 5359 3553 5433">
     <span class='ocr_line' id='line_1_115' title="bbox 1943 5359 3553 5433; baseline 0.003 -18"><span class='ocrx_word' id='word_1_943' title='bbox 1943 5361 2154 5416; x_wconf 84' lang='lat' dir='ltr'><strong>discere</strong></span> <span class='ocrx_word' id='word_1_944' title='bbox 2178 5361 2349 5429; x_wconf 90' lang='lat' dir='ltr'><strong>ipsum</strong></span> <span class='ocrx_word' id='word_1_945' title='bbox 2384 5359 2499 5413; x_wconf 79' lang='lat' dir='ltr'><strong>haec</strong></span> <span class='ocrx_word' id='word_1_946' title='bbox 2529 5362 2736 5430; x_wconf 84' lang='lat' dir='ltr'><strong>negotia</strong></span> <span class='ocrx_word' id='word_1_947' title='bbox 2768 5361 2900 5414; x_wconf 90' lang='lat' dir='ltr'><strong>nihil</strong></span> <span class='ocrx_word' id='word_1_948' title='bbox 2931 5377 3144 5416; x_wconf 87' lang='lat' dir='ltr'><strong>curare.</strong></span> <span class='ocrx_word' id='word_1_949' title='bbox 3189 5362 3254 5418; x_wconf 87' lang='lat' dir='ltr'><strong>Et</strong></span> <span class='ocrx_word' id='word_1_950' title='bbox 3280 5365 3553 5433; x_wconf 78' lang='lat' dir='ltr'><strong>perpende</strong></span> 
     </span>
    </p>
   </div>
   <div class='ocr_carea' id='block_1_116' title="bbox 1945 5454 3551 5528">
    <p class='ocr_par' dir='ltr' id='par_1_116' title="bbox 1945 5454 3551 5528">
     <span class='ocr_line' id='line_1_116' title="bbox 1945 5454 3551 5528; baseline 0.005 -22"><span class='ocrx_word' id='word_1_951' title='bbox 1945 5470 2102 5525; x_wconf 88' lang='lat' dir='ltr'><strong>quam</strong></span> <span class='ocrx_word' id='word_1_952' title='bbox 2134 5455 2370 5525; x_wconf 86' lang='lat' dir='ltr'><strong>prudens</strong></span> <span class='ocrx_word' id='word_1_953' title='bbox 2400 5454 2488 5509; x_wconf 91' lang='lat' dir='ltr'><strong>ille</strong></span> <span class='ocrx_word' id='word_1_954' title='bbox 2521 5465 2688 5510; x_wconf 88' lang='lat' dir='ltr'><strong>esset.</strong></span> <span class='ocrx_word' id='word_1_955' title='bbox 2717 5455 2835 5510; x_wconf 85' lang='lat' dir='ltr'><strong>Non</strong></span> <span class='ocrx_word' id='word_1_956' title='bbox 2864 5456 3008 5510; x_wconf 87' lang='lat' dir='ltr'><strong>enim</strong></span> <span class='ocrx_word' id='word_1_957' title='bbox 3038 5457 3220 5521; x_wconf 83' lang='lat' dir='ltr'><strong>statim</strong></span> <span class='ocrx_word' id='word_1_958' title='bbox 3248 5459 3551 5528; x_wconf 82' lang='lat' dir='ltr'><strong>respondit,</strong></span> 
     </span>
    </p>
   </div>
   <div class='ocr_carea' id='block_1_117' title="bbox 1945 5546 3553 5622">
    <p class='ocr_par' dir='ltr' id='par_1_117' title="bbox 1945 5546 3553 5622">
     <span class='ocr_line' id='line_1_117' title="bbox 1945 5546 3553 5622; baseline 0.003 -21"><span class='ocrx_word' id='word_1_959' title='bbox 1945 5547 2084 5601; x_wconf 66' lang='lat' dir='ltr'><strong>Nihil</strong></span> <span class='ocrx_word' id='word_1_960' title='bbox 2111 5562 2275 5609; x_wconf 90' lang='lat' dir='ltr'><strong>curo;</strong></span> <span class='ocrx_word' id='word_1_961' title='bbox 2311 5546 2405 5602; x_wconf 87' lang='lat' dir='ltr'><strong>sed</strong></span> <span class='ocrx_word' id='word_1_962' title='bbox 2434 5548 2601 5617; x_wconf 79' lang='lat' dir='ltr'><strong>quid?</strong></span> <span class='ocrx_word' id='word_1_963' title='bbox 2629 5549 2691 5603; x_wconf 90' lang='lat' dir='ltr'><strong>Si</strong></span> <span class='ocrx_word' id='word_1_964' title='bbox 2721 5549 2922 5619; x_wconf 84' lang='lat' dir='ltr'><strong>quidem</strong></span> <span class='ocrx_word' id='word_1_965' title='bbox 2946 5561 3073 5604; x_wconf 88' lang='lat' dir='ltr'><strong>esset</strong></span> <span class='ocrx_word' id='word_1_966' title='bbox 3096 5551 3327 5620; x_wconf 81' lang='lat' dir='ltr'><strong>iniquum</strong></span> <span class='ocrx_word' id='word_1_967' title='bbox 3355 5553 3553 5622; x_wconf 56' lang='lat' dir='ltr'><strong>aiiquid</strong></span> 
     </span>
    </p>
   </div>
   <div class='ocr_carea' id='block_1_118' title="bbox 1945 5640 3556 5710">
    <p class='ocr_par' dir='ltr' id='par_1_118' title="bbox 1945 5640 3556 5710">
     <span class='ocr_line' id='line_1_118' title="bbox 1945 5640 3556 5710; baseline 0.004 -17"><span class='ocrx_word' id='word_1_968' title='bbox 1945 5651 2031 5693; x_wconf 89' lang='lat' dir='ltr'><strong>aut</strong></span> <span class='ocrx_word' id='word_1_969' title='bbox 2057 5640 2255 5710; x_wconf 78' lang='lat' dir='ltr'><strong>[acinus</strong></span> <span class='ocrx_word' id='word_1_970' title='bbox 2287 5641 2581 5708; x_wconf 87' lang='lat' dir='ltr'><strong>pessimum,</strong></span> <span class='ocrx_word' id='word_1_971' title='bbox 2613 5658 2640 5694; x_wconf 91' lang='grc' dir='ltr'><em>ο</em></span> <span class='ocrx_word' id='word_1_972' title='bbox 2665 5641 2860 5707; x_wconf 72' lang='lat' dir='ltr'><strong>Judazi,</strong></span> <span class='ocrx_word' id='word_1_973' title='bbox 2883 5653 3016 5696; x_wconf 88' lang='lat' dir='ltr'><strong>recte</strong></span> <span class='ocrx_word' id='word_1_974' title='bbox 3037 5657 3122 5695; x_wconf 85' lang='lat' dir='ltr'><strong>vos</strong></span> <span class='ocrx_word' id='word_1_975' title='bbox 3150 5645 3448 5696; x_wconf 78' lang='lat' dir='ltr'><strong>sustinerent</strong></span> <span class='ocrx_word' id='word_1_976' title='bbox 3469 5663 3485 5709; x_wconf 88' lang='lat'><em>;</em></span> <span class='ocrx_word' id='word_1_977' title='bbox 3511 5648 3556 5699; x_wconf 87' lang='lat' dir='ltr'><strong>si</strong></span> 
     </span>
    </p>
   </div>
   <div class='ocr_carea' id='block_1_119' title="bbox 1945 5734 3549 5806">
    <p class='ocr_par' dir='ltr' id='par_1_119' title="bbox 1945 5734 3549 5806">
     <span class='ocr_line' id='line_1_119' title="bbox 1945 5734 3549 5806; baseline 0.002 -21"><span class='ocrx_word' id='word_1_978' title='bbox 1945 5751 2058 5787; x_wconf 88' lang='lat' dir='ltr'><strong>rero</strong></span> <span class='ocrx_word' id='word_1_979' title='bbox 2081 5734 2291 5801; x_wconf 68' lang='lat' dir='ltr'><strong>qumtio</strong></span> <span class='ocrx_word' id='word_1_980' title='bbox 2320 5743 2392 5787; x_wconf 87' lang='lat' dir='ltr'><strong>est</strong></span> <span class='ocrx_word' id='word_1_981' title='bbox 2415 5734 2476 5785; x_wconf 78' lang='lat' dir='ltr'><strong>de</strong></span> <span class='ocrx_word' id='word_1_982' title='bbox 2501 5735 2660 5787; x_wconf 83' lang='lat' dir='ltr'><strong>verbis</strong></span> <span class='ocrx_word' id='word_1_983' title='bbox 2691 5745 2734 5787; x_wconf 82' lang='lat' dir='ltr'><strong>et</strong></span> <span class='ocrx_word' id='word_1_984' title='bbox 2762 5734 3050 5789; x_wconf 86' lang='lat' dir='ltr'><strong>nominibus</strong></span> <span class='ocrx_word' id='word_1_985' title='bbox 3077 5734 3206 5789; x_wconf 86' lang='lat' dir='ltr'><strong>etde</strong></span> <span class='ocrx_word' id='word_1_986' title='bbox 3233 5737 3341 5806; x_wconf 86' lang='lat' dir='ltr'><strong>lege</strong></span> <span class='ocrx_word' id='word_1_987' title='bbox 3364 5745 3549 5800; x_wconf 86' lang='lat' dir='ltr'><strong>vestra,</strong></span> 
     </span>
    </p>
   </div>
   <div class='ocr_carea' id='block_1_120' title="bbox 1945 5825 3555 5897">
    <p class='ocr_par' dir='ltr' id='par_1_120' title="bbox 1945 5825 3555 5897">
     <span class='ocr_line' id='line_1_120' title="bbox 1945 5825 3555 5897; baseline 0.002 -20"><span class='ocrx_word' id='word_1_988' title='bbox 1945 5841 2030 5878; x_wconf 86' lang='lat' dir='ltr'><strong>vos</strong></span> <span class='ocrx_word' id='word_1_989' title='bbox 2051 5825 2148 5894; x_wconf 87' lang='lat' dir='ltr'><strong>ipsi</strong></span> <span class='ocrx_word' id='word_1_990' title='bbox 2177 5825 2399 5879; x_wconf 84' lang='lat' dir='ltr'><strong>videritis</strong></span> <span class='ocrx_word' id='word_1_991' title='bbox 2425 5841 2442 5877; x_wconf 92' lang='lat'><strong>:</strong></span> <span class='ocrx_word' id='word_1_992' title='bbox 2463 5826 2629 5894; x_wconf 78' lang='lat' dir='ltr'><strong>judex</strong></span> <span class='ocrx_word' id='word_1_993' title='bbox 2675 5843 2766 5897; x_wconf 86' lang='lat' dir='ltr'><strong>ego</strong></span> <span class='ocrx_word' id='word_1_994' title='bbox 2791 5827 2976 5880; x_wconf 89' lang='lat' dir='ltr'><strong>horum</strong></span> <span class='ocrx_word' id='word_1_995' title='bbox 2998 5827 3117 5880; x_wconf 88' lang='lat' dir='ltr'><strong>nolo</strong></span> <span class='ocrx_word' id='word_1_996' title='bbox 3148 5843 3275 5881; x_wconf 85' lang='lat' dir='ltr'><strong>esse.</strong></span> <span class='ocrx_word' id='word_1_997' title='bbox 3310 5827 3555 5880; x_wconf 76' lang='lat' dir='ltr'><strong>Exclusit</strong></span> 
     </span>
    </p>
   </div>
   <div class='ocr_carea' id='block_1_121' title="bbox 1949 5914 3554 5991">
    <p class='ocr_par' dir='ltr' id='par_1_121' title="bbox 1949 5914 3554 5991">
     <span class='ocr_line' id='line_1_121' title="bbox 1949 5914 3554 5991; baseline 0.002 -22"><span class='ocrx_word' id='word_1_998' title='bbox 1949 5933 2031 5970; x_wconf 87' lang='lat' dir='ltr'><strong>eos</strong></span> <span class='ocrx_word' id='word_1_999' title='bbox 2061 5933 2090 5969; x_wconf 90' lang='lat' dir='ltr'><strong>a</strong></span> <span class='ocrx_word' id='word_1_1000' title='bbox 2124 5916 2384 5970; x_wconf 88' lang='lat' dir='ltr'><strong>tribunali.</strong></span> <span class='ocrx_word' id='word_1_1001' title='bbox 2434 5914 2729 5988; x_wconf 85' lang='lat' dir='ltr'><strong>Splendida</strong></span> <span class='ocrx_word' id='word_1_1002' title='bbox 2763 5917 2860 5975; x_wconf 80' lang='lat' dir='ltr'><strong>fuit</strong></span> <span class='ocrx_word' id='word_1_1003' title='bbox 2883 5918 3128 5974; x_wconf 80' lang='lat' dir='ltr'><strong>victoria.</strong></span> <span class='ocrx_word' id='word_1_1004' title='bbox 3165 5919 3554 5991; x_wconf 78' lang='lat' dir='ltr'><strong>Apprelicnsum</strong></span> 
     </span>
    </p>
   </div>
  </div>
