4076 6514
541 434 649 491 179

544 560 706 604 autem
746 543 1040 601 Sosthcttcm
1079 539 1357 612 principem
1399 550 1671 607 synagoga:
1693 574 1706 597 ,
1761 539 2114 602 percusserunt

544 651 658 695 tmte
700 634 939 693 tribunal.
982 633 1049 688 Et
1091 634 1219 687 nihil
1263 647 1435 687 eorum
1480 627 1704 682 Gallioni
1742 639 1875 679 cura:
1913 634 2040 677 erat.
2071 622 2115 677 Ο

545 731 944 803 turpitudinem,
972 743 1130 799 quam
1161 724 1408 782 subiere!
1437 722 1502 777 Et
1523 720 1653 774 nihil
1671 734 1840 774 eorum
1860 758 1875 784 ,
1908 715 2114 785 inquit,

548 822 771 877 Gallioni
814 836 947 875 cura:
998 829 1103 873 erat
1139 816 1285 881 ;etsi
1324 823 1488 868 totum
1519 812 1569 865 in
1598 811 1714 878 ejus
1742 805 2116 863 contumeliam

550 924 810 984 vergeret.
835 912 940 967 Sed
971 911 1043 965 illi
1070 909 1219 979 quasi
1252 914 1511 975 potestate
1541 908 1756 969 accepta
1789 896 2112 968 percutiunt,

552 1006 752 1076 pudore
774 1002 967 1065 allecti,
994 1000 1249 1071 illegititni
1280 997 1478 1051 furoris
1502 1008 1635 1064 opus
1657 992 1899 1047 edentes.
1933 988 2002 1041 Et
2022 1001 2119 1040 cur

554 1096 640 1151 ille
661 1109 765 1148 non
790 1091 1023 1147 vicissim
1053 1089 1337 1161 percussit,
1372 1086 1472 1142 etsi
1502 1091 1817 1153 potestatem
1850 1078 2069 1133 haberet
2094 1076 2117 1129 ‘l

553 1184 654 1241 Sed
677 1181 1035 1253 philosophari
1062 1179 1439 1236 edocebantur.
1466 1175 1573 1230 Nec
1600 1174 1832 1229 vicissim
1867 1169 2118 1240 percutit,

553 1286 611 1329 ιιι
630 1275 791 1343 judex
822 1274 1126 1336 edisceret,
1152 1271 1269 1340 quis
1298 1268 1624 1324 mansuetior
1652 1274 1812 1321 esset.
1844 1262 1958 1317 Iloc
1985 1275 2122 1331 prm-

547 1368 788 1423 seutibus
835 1382 939 1440 non
984 1380 1167 1435 parum
1217 1361 1459 1431 profuit:
1506 1360 1687 1415 docuit
1740 1357 1880 1412 enim
1928 1355 2119 1409 horum

553 1460 795 1526 aequitas,
822 1458 1139 1527 illorumqtte
1168 1456 1383 1518 ferocia,
1412 1455 1525 1507 luce
1548 1451 1741 1522 judicis
1762 1450 1968 1504 calculo
1989 1460 2123 1517 Opus

548 1548 820 1604 habuisse.
853 1551 920 1603 At
949 1548 1002 1602 hi
1025 1549 1201 1603 omnia
1222 1548 1353 1601 citra
1383 1545 1623 1600 ordinem
1657 1543 1875 1597 faciunt.
1904 1540 2011 1595 Nec
2038 1538 2123 1593 di-

551 1643 628 1695 xit
653 1642 761 1704 ille,
793 1640 906 1694 Non
938 1650 1183 1709 oportet,
1215 1654 1280 1693 ne
1311 1652 1523 1693 rursum
1556 1622 1894 1707 percuterent
1936 1633 2081 1687 illum
2104 1674 2120 1700 ,

546 1731 659 1793 sed,
694 1728 746 1781 Ν
750 1730 849 1783 olo.
876 1729 1046 1784 Judcx
1070 1730 1201 1783 enim
1230 1730 1408 1783 ltorttm
1433 1745 1540 1782 esse
1563 1729 1679 1781 nolo
1708 1743 1726 1780 :
1746 1727 1881 1781 adeo
1905 1725 2125 1795 aequita-

547 1820 613 1872 tis
661 1835 845 1873 amans
892 1828 1027 1875 erat.
1065 1819 1176 1874 IIoc
1214 1829 1266 1873 et
1308 1819 1510 1873 Pilatus
1541 1818 1751 1873 dicebat
1780 1818 1844 1871 de
1864 1817 2121 1872 Christo:

548 1910 771 1980 Accipite
799 1926 911 1963 eum
939 1927 1047 1977 eos,
1093 1919 1138 1964 et
1167 1910 1441 1962 secundum
1474 1908 1631 1979 legem
1668 1918 1879 1962 vestram
1899 1908 2127 1979 judicate

557 2002 753 2069 (Joan.
802 2002 888 2057 l8.
931 2001 1061 2073 51).
1100 2001 1196 2057 1110
1234 2008 1528 2057 secundum
1567 2003 1735 2071 legem
1766 2000 1980 2055 volebat
2010 2001 2127 2054 illos

551 2092 828 2158 iudicare;
880 2094 955 2147 illi
1011 2108 1134 2147 vero
1180 2094 1329 2162 quasi
1368 2093 1500 2147 ebrii
1547 2102 1600 2149 et
1650 2091 1919 2147 furibundi
1951 2092 2127 2148 allecti

547 2193 720 2237 erant.
763 2184 885 2239 Ideo
933 2185 1023 2239 ille
1066 2185 1292 2239 Athenis
1330 2185 1589 2247 secessit,
1622 2186 1753 2251 Quia
1778 2186 1997 2255 populus
2022 2185 2129 2238 illic

558 2283 665 2327 erat
692 2276 898 2329 multus.
931 2258 1353 2340 Pcrcutiebatur,
1385 2282 1439 2331 et
1466 2275 1595 2329 nihil
1617 2275 1847 2331 diccbat.

626 2369 678 2422 5.
720 2364 1062 2422 Mansuetudo
1105 2369 1499 2423 commendatur.
1559 2368 1875 2423 Contumelia
1913 2370 2130 2439 alliciens

553 2459 711 2528 magis
738 2458 1087 2525 conlenmitnr,
1118 2476 1268 2528 quam
1295 2460 1593 2513 contumelia
1624 2457 1852 2525 affectus.
1882 2489 1952 2498 -—
1981 2458 2131 2513 Hunc

560 2556 612 2599 et
639 2562 735 2600 nos
758 2550 1028 2601 imitemur
1054 2566 1065 2600 :
1094 2548 1510 2617 percutientibns
1534 2548 1939 2603 mansuetudine
1961 2549 2129 2603 vicem

558 2636 912 2706 rependamus
936 2678 951 2704 ,
992 2639 1240 2705 silentio,
1281 2640 1554 2708 patientia.
1591 2640 1715 2693 111110
1763 2641 1978 2694 vulnera
2009 2649 2135 2694 sunt

566 2728 842 2797 graviora;
873 2729 1043 2797 major
1060 2729 1210 2799 plaga
1235 2739 1290 2784 ct
1317 2730 1589 2785 molestior
1615 2740 1697 2785 cst
1728 2750 1741 2785 :
1771 2746 1876 2785 non
1906 2732 2051 2786 enim
2080 2731 2132 2787 iu

562 2832 828 2886 Corpore,
880 2818 973 2872 sed
1024 2820 1075 2873 in
1116 2819 1297 2875 animo
1341 2822 1541 2889 percuti
1588 2836 1751 2891 grave
1798 2830 1898 2876 est.
1944 2822 2135 2877 Multos

565 2911 911 2977 percutimus,
941 2911 1034 2966 sed
1061 2912 1181 2981 quia
1206 2921 1262 2965 ut
1293 2912 1493 2968 amicos
1515 2955 1528 2976 ,
1555 2913 1893 2969 delectantur
1923 2915 2019 2986 ipsi
2045 2932 2060 2981 ;
2088 2917 2132 2970 si

558 3017 684 3055 vero
710 3002 950 3072 quemvis
976 3017 1096 3056 eum
1122 3004 1446 3058 contumelia
1492 3007 1823 3073 percusseris
1847 3049 1862 3073 ,
1894 3007 2016 3076 quia
2043 3022 2137 3061 cor

560 3090 813 3161 tetigisti,
845 3106 1093 3161 magnum
1124 3092 1351 3147 intulisti
1376 3108 1663 3149 mmrorem
1695 3114 1707 3148 :
1746 3095 1820 3149 ita
1847 3098 2017 3167 magis
2045 3111 2139 3151 cor

562 3182 737 3248 ipsum
766 3182 1114 3250 percutimus.
1144 3183 1297 3250 Quod
1325 3195 1503 3239 autem
1534 3186 1725 3240 lenitas
1751 3188 1919 3257 magis
1947 3188 2096 3241 feriat
2121 3228 2135 3253 ,

562 3287 719 3341 quam
763 3272 981 3337 ferocia,
1012 3288 1106 3343 age
1151 3289 1246 3343 pro
1278 3275 1417 3328 virili
1444 3276 1885 3331 demonstremus.
1914 3278 2139 3335 Manife-

562 3372 646 3416 sta
673 3362 888 3432 quidem
916 3363 1299 3420 demonstratio
1326 3382 1487 3436 opere
1508 3369 1566 3421 lit
1586 3378 1639 3423 et
1660 3371 2026 3439 experimento
2054 3390 2067 3426 :
2094 3374 2140 3427 si

570 3465 745 3509 tamen
779 3452 986 3523 placet,
1012 3456 1169 3508 etiam
1199 3469 1447 3511 sermone
1472 3458 1837 3515 examinemus
1862 3502 1877 3527 ,
1900 3464 2142 3531 quamvis

570 3544 620 3599 id
648 3544 757 3612 jam
783 3558 924 3612 szepe
978 3544 1283 3601 fecerimus.
1314 3547 1370 3601 In
1411 3550 1750 3606 contumeliis
1776 3553 1907 3607 nihil
1936 3554 2005 3608 ita
2045 3569 2143 3611 nos

574 3634 711 3688 male
737 3633 897 3687 afﬁcit
925 3675 938 3698 ,
972 3644 1029 3689 ut
1056 3637 1413 3706 Spectantium
1444 3638 1679 3694 calculus
1705 3658 1718 3695 :
1750 3656 1857 3697 non
1882 3644 2023 3697 enim
2048 3658 2144 3713 par

572 3738 659 3777 res
688 3735 769 3777 est
797 3724 1007 3792 publice
1038 3727 1360 3783 contumelia
1389 3728 1551 3797 allici,
1575 3739 1733 3800 atque
1755 3733 1979 3787 seorsim
2004 3749 2018 3800 ;
2048 3736 2142 3790 sed

571 3813 688 3867 illas
720 3814 873 3869 facile
898 3816 1117 3872 ferimus
1144 3819 1513 3885 contumelias,
1540 3838 1656 3890 qua:
1685 3822 1734 3876 in
1761 3822 1997 3890 deserto,
2026 3841 2144 3895 qua:

577 3906 787 3960 nemine
823 3916 956 3962 teste
994 3908 1077 3963 vel
1120 3910 1321 3966 sciente
1363 3911 1682 3968 inferuntur.
1714 3912 1802 3969 Sie
1825 3931 1930 3970 non
1959 3927 2144 3972 contu-

577 3997 746 4050 meliae
791 4006 979 4053 natura
1007 4010 1087 4055 est
1113 4041 1126 4065 ,
1157 4016 1273 4071 qua:
1303 4002 1442 4058 male
1468 4003 1667 4067 afﬁcit,
1699 4005 1792 4061 sed
1820 4022 1940 4062 cum
1969 4010 2143 4078 palam

577 4086 799 4142 infertur
841 4108 853 4143 :
910 4100 965 4144 ut
1010 4093 1054 4145 si
1085 4093 1206 4161 quis
1252 4094 1458 4163 publice
1507 4096 1767 4163 honoret,
1820 4110 1873 4154 et
1920 4105 2145 4156 seorsim

575 4180 893 4233 contumelia
921 4181 1137 4250 ofﬁciat,
1163 4186 1210 4238 ei
1231 4186 1454 4255 gratiam
1478 4186 1812 4243 habebimus.
1838 4189 2019 4257 Itaque
2041 4208 2145 4245 non

572 4269 629 4321 in
659 4279 841 4324 natura
870 4274 1207 4329 contumelia:
1238 4275 1393 4329 dolor
1420 4287 1503 4330 est
1528 4319 1542 4344 ,
1576 4278 1667 4332 sed
1709 4278 1761 4332 in
1791 4282 2146 4349 spectantium

576 4362 804 4428 Calculo,
829 4380 895 4420 110
926 4366 1049 4421 111110
1082 4369 1133 4421 111
1163 4378 1526 4440 contemptum
1557 4372 1795 4427 cadatnr.
1826 4375 1960 4439 Quid
1990 4375 2151 4445 igitur

580 4453 622 4506 si
655 4465 980 4521 spectatores
1032 4474 1125 4527 pro
1178 4461 1329 4515 nobis
1380 4462 1525 4516 sint?
1570 4478 1744 4517 annon
1794 4476 1917 4520 tunc
1948 4468 2022 4532 is,
2060 4470 2148 4537 qui

576 4546 952 4601 contumeliam
998 4549 1189 4617 infert,
1236 4552 1379 4605 illam
1408 4554 1629 4621 accipit,
1663 4570 1780 4608 cum
1822 4566 2150 4625 spectatores

581 4650 678 4703 pro
727 4637 879 4692 nobis
927 4639 1185 4695 calculum
1238 4642 1460 4697 ferunt?
1506 4644 1597 4698 Dic
1628 4646 1785 4712 mihi,
1821 4657 1993 4703 utrum
2023 4665 2153 4705 con-

578 4728 949 4792 1011111111111111,
983 4744 1174 4786 eumne
1203 4734 1289 4803 qui
1315 4735 1691 4788 contumeliam
1720 4735 1897 4800 infert,
1930 4754 1995 4792 an
2030 4756 2150 4795 eum

582 4817 668 4885 qui
716 4818 857 4872 11111111
900 4822 1090 4890 accipit
1130 4833 1181 4877 et
1220 4826 1399 4880 tacet?
1441 4825 1523 4880 Ira
1550 4837 1695 4882 certe
1737 4831 1972 4898 suggerit
2004 4831 2153 4886 illum

585 4924 703 4963 esse
725 4952 739 4975 ,
769 4914 855 4980 qui
903 4918 1277 4971 contumeliam
1320 4919 1532 4989 accipit.
1578 4920 1727 4976 Nunc
1754 4938 1903 4991 vero,
1935 4939 2054 4979 cum
2087 4925 2153 4979 ab

586 5001 745 5055 animi
804 5014 949 5057 motu
999 5006 1149 5061 liberi
1197 5024 1413 5074 sumus,
1465 5012 1854 5079 perpendamus
1896 5019 1977 5071 ‘ne
2031 5029 2155 5072 tunc

587 5094 929 5162 abripiamur.
961 5097 1146 5153 Utrum
1179 5116 1305 5169 ergo
1348 5102 1663 5158 damnamus
1692 5107 1919 5161 omnes?
1966 5109 2153 5164 I’rocnl

580 5184 739 5239 dubio
775 5191 1147 5243 contumeliam
1203 5191 1566 5261 inferentem;
1620 5205 1668 5249 et
1726 5197 1768 5249 si
1824 5198 1998 5253 minor
2050 5201 2153 5269 sit,

582 5276 738 5330 etiam
772 5279 1004 5333 insanire
1036 5281 1181 5335 illum
1213 5282 1486 5349 dicemus;
1518 5286 1559 5338 si
1598 5286 1836 5356 aequalis,
1872 5288 2151 5359 desipere;

581 5365 625 5420 si
676 5370 869 5434 major,
926 5385 1096 5437 neque
1142 5371 1219 5424 sic
1266 5374 1695 5441 approbabimus.
1757 5377 1902 5444 Uter,
1951 5395 2151 5447 qumso,

586 5457 964 5523 approbatione
990 5460 1180 5529 dignus
1208 5472 1309 5527 est,
1340 5464 1429 5532 qui
1461 5466 1721 5533 turbatur,
1747 5470 1997 5537 agitatur,
2031 5472 2158 5526 0110-

587 5560 751 5614 ratur,
786 5562 966 5605 contra
992 5569 1326 5611 communem
1355 5568 1594 5613 naturam
1630 5562 1705 5615 sic
1732 5562 1978 5629 allectus;
2014 5582 2080 5619 an
2116 5567 2159 5620 is

585 5643 672 5709 qui
700 5644 749 5694 in
783 5647 1166 5713 tranquillitate
1194 5649 1355 5719 degit,
1388 5651 1438 5704 in
1475 5662 1629 5720 portu
1660 5664 1713 5708 ct
1745 5657 1793 5707 in
1822 5656 2157 5727 philosophia

585 5734 786 5788 multa?
818 5752 992 5791 annon
1039 5739 1122 5793 hic
1158 5744 1347 5812 angelo
1374 5744 1564 5800 similis
1588 5756 1667 5800 est
1692 5787 1707 5811 ,
1742 5748 1828 5803 ille
1860 5765 1923 5803 ne
1954 5751 2156 5805 homini

584 5826 806 5893 quidem.
848 5831 938 5884 llic
969 5846 1196 5902 namque
1239 5852 1303 5889 ne
1328 5840 1535 5907 propria
1566 5841 1780 5909 quidem
1813 5854 1981 5912 potest
2011 5848 2145 5900 mala

1216 425 1271 481 S.
1311 419 1585 479 JUANNIS
1612 415 2081 475 CIIRYSOSTOMI
2123 411 2435 470 Alllillll'lP.
2478 410 3009 468 CONSTAN'I‘INOI‘.

3700 408 3806 462 230

2230 536 2441 596 portare
2461 568 2475 590 ,
2512 524 2601 580 ille
2631 540 2761 581 vero
2788 525 2889 581 fert
2918 526 3078 581 etiam
3111 523 3281 578 aliena
3308 541 3320 577 :
3356 522 3441 577 hic
3472 536 3541 576 ne
3570 520 3805 590 seipsutn

2223 618 2433 688 quidem
2465 617 2605 673 ferre
2634 618 2824 686 potuit,
2854 618 2943 672 ille
2969 618 3139 687 potuit
3165 626 3218 671 et
3240 615 3403 670 alium
3431 633 3445 668 :
3476 614 3567 668 ille
3596 618 3652 667 in
3680 629 3809 666 nau-

2222 709 2387 780 fragio
2414 720 2517 774 est,
2549 709 2635 765 hic
2666 712 2721 764 in
2752 720 2865 765 tuto
2892 711 3104 782 navigat
3130 725 3191 765 ac
3214 709 3449 764 secundo
3472 723 3635 763 cursu
3660 708 3809 761 navis

2223 801 2428 858 fertur:
2476 816 2650 872 neque
2687 803 2830 857 enim
2857 803 3101 873 permisit
3131 802 3324 858 furOris
3353 809 3573 856 ventum
3607 800 3660 854 in
3694 799 3811 853 vela

2224 896 2575 958 incidentem,
2604 896 2767 950 animi
2793 912 2981 951 navem
3013 897 3361 968 submergere
3380 938 3394 961 ,
3428 894 3521 951 sed
3547 895 3683 951 lenis
3714 894 3813 949 he-

2223 990 2493 1059 niguitatis
2544 1004 2671 1045 aura
2694 1032 2709 1055 ,
2748 1004 2869 1045 eum
2896 991 3076 1060 quiete
3107 990 3269 1044 multa
3303 990 3451 1045 illum
3481 990 3533 1044 in
3566 988 3811 1060 philoso-

2222 1081 2361 1152 phia:
2398 1092 2608 1151 portum
2640 1082 2864 1137 inducit.
2894 1082 2957 1136 Et
2986 1081 3124 1136 sicut
3149 1081 3198 1134 in
3229 1081 3383 1145 navi,
3415 1096 3536 1151 qua:
3563 1081 3814 1135 submer-

2224 1172 2364 1241 gitur
2387 1215 2403 1239 ,
2437 1182 2609 1227 nauta:
2636 1174 2882 1227 nesciunt
2910 1188 3028 1243 qua:
3059 1172 3315 1241 abjiciant
3340 1212 3355 1237 ,
3390 1185 3456 1224 an
3486 1184 3711 1225 suorum
3744 1184 3811 1223 an

2224 1263 2523 1318 alienorum
2573 1263 2848 1333 deposita,
2898 1262 2992 1318 sed
3041 1262 3278 1317 omnium
3320 1262 3522 1332 pariter
3545 1261 3811 1331 jacturam

2228 1354 2460 1419 faciunt,
2506 1356 2903 1424 pretiosorum,
2948 1365 3004 1410 et
3040 1355 3260 1410 minime
3300 1354 3517 1417 talium;
3563 1352 3652 1406 ubi
3690 1366 3816 1405 vero

2229 1455 2521 1517 tempestas
2546 1447 2727 1501 sedata
2749 1456 2832 1502 est
2865 1486 2880 1512 ,
2913 1456 3038 1501 tunc
3067 1461 3248 1501 secum
3276 1453 3587 1515 reputantes
3613 1450 3818 1513 quanta

2227 1538 2571 1605 projecerint,
2606 1539 2990 1608 laerymantur,
3018 1552 3117 1593 nec
3147 1536 3437 1605 tranquillo
3466 1550 3595 1589 aere
3626 1535 3815 1587 fruun-

2232 1640 2338 1693 tur,
2390 1630 2460 1683 ob
2500 1629 2763 1697 jacturam
2800 1648 2812 1684 z
2874 1632 2943 1683 ita
2998 1640 3051 1684 et
3096 1630 3216 1694 hic,
3248 1644 3369 1684 cum
3398 1628 3563 1697 spirat
3592 1628 3740 1680 furor
3764 1634 3817 1681 et

2230 1729 2522 1790 tempestas
2547 1722 2831 1781 excitatur,
2858 1722 3104 1776 nesciunt
3133 1736 3252 1789 qua:
3281 1720 3464 1775 debito
3491 1718 3683 1774 ordine
3713 1717 3816 1786 eji-

2229 1828 2352 1868 cere
2378 1821 2654 1882 oporteat;
2676 1812 2762 1866 uhi
2791 1828 2918 1867 vero
2940 1812 3169 1867 cessavit
3186 1812 3284 1872 ira,
3310 1819 3436 1865 tunc
3458 1810 3818 1879 recogitantes

2230 1912 2425 1972 quanta
2459 1902 2776 1971 abjecerint,
2806 1903 3059 1965 damnum
3092 1901 3437 1957 considerant
3457 1940 3475 1968 ,
3506 1909 3559 1955 et
3585 1900 3819 1969 quietem

2232 2010 2335 2049 non
2368 1995 2605 2049 sentiunt
2630 2036 2645 2056 .
2678 2008 2946 2050 memores
2978 1994 3261 2049 verborum
3288 2035 3303 2061 ,
3336 1993 3529 2062 quibus
3560 2005 3619 2046 se
3645 1989 3819 2045 deho-

2233 2096 2530 2153 nestarunt,
2559 2088 2919 2158 danmumqnc
2946 2086 3235 2141 maximum
3262 2085 3403 2155 passi
3436 2094 3557 2139 sunt
3581 2124 3597 2149 ,
3628 2097 3734 2136 non
3764 2081 3820 2136 in

2235 2179 2476 2249 pecuniis
2497 2221 2511 2245 ,
2545 2177 2641 2234 sed
2677 2179 2731 2233 in
2760 2178 3156 2233 existimatione
3182 2176 3447 2246 :rquitatis
3472 2184 3524 2230 et
3565 2186 3822 2228 mansue-

2242 2275 2621 2331 tudinis.Ver:c
2652 2275 2889 2330 tenebra:
2905 2284 3026 2329 sunt
3051 2272 3198 2327 furor
3218 2281 3271 2327 et
3292 2274 3388 2326 ira.
3416 2269 3558 2325 Dixit
3579 2268 3825 2339 insipiens

2234 2368 2286 2421 in
2312 2368 2461 2421 corde
2490 2383 2610 2430 suo,
2646 2366 2852 2437 inquit,
2883 2364 3001 2419 Non
3024 2374 3095 2418 est
3131 2363 3267 2417 Dens
3295 2362 3314 2434 (
3344 2361 3485 2415 l’sul.
3520 2360 3606 2415 I3.
3642 2359 3731 2428 1).
3766 2355 3824 2410 111

2235 2459 2373 2514 10110
2414 2457 2483 2513 de
2524 2457 2662 2512 irato
2708 2468 3008 2527 opportune
3039 2455 3245 2510 dicatur
3271 2473 3284 2508 :
3314 2454 3447 2509 dixit
3481 2453 3669 2519 iratus,
3704 2449 3824 2506 Non

2236 2558 2318 2606 est
2346 2550 2505 2604 Deus.
2535 2549 2665 2603 Nam
2700 2549 2994 2603 Secundum
3033 2547 3407 2601 multitudinem
3446 2547 3539 2598 ira
3576 2560 3683 2598 suc
3721 2559 3825 2597 non

2237 2653 2424 2712 qureret
2466 2644 2483 2701 l
2515 2641 2657 2695 Psnl.
2700 2642 2786 2696 10.
2819 2643 2871 2696 4.
2902 2657 3002 2695 sec.
3038 2638 3194 2695 Hebr.
3224 2639 3280 2708 ),
3310 2638 3502 2707 inquit.
3545 2636 3639 2690 Dia
3681 2636 3824 2690 enim

2238 2735 2491 2804 Cogitatio
2537 2734 2774 2803 ingressa
2802 2747 2991 2787 omnes
3032 2730 3251 2799 depellit
3294 2738 3349 2784 et
3394 2728 3590 2799 pulsat,
3637 2742 3834 2782 omnes

2240 2835 2576 2879 transversos
2612 2826 2740 2894 agit.
2783 2823 2896 2879 Nisi
2949 2833 3003 2878 tu
3035 2824 3201 2893 magis
3228 2822 3411 2877 doleas
3434 2862 3447 2885 ,
3476 2834 3636 2889 quam
3666 2819 3714 2872 is
3736 2817 3826 2871 eui

2238 2914 2559 2970 contumelia
2586 2914 2830 2982 infertur,
2862 2913 2998 2969 infer
3028 2914 3199 2980 illam,
3228 2912 3437 2968 etiamsi
3458 2912 3637 2966 nullus
3654 2910 3827 2979 sitqui

2240 3016 2455 3061 accuset
2486 3025 2497 3060 :
2528 3006 2628 3060 nisi
2656 3004 2999 3062 conscientiae
3028 3004 3255 3058 tribunal
3277 3013 3327 3058 te
3353 3003 3579 3057 seorsim
3607 3002 3827 3056 ductum

2243 3096 2435 3151 millies
2462 3097 2725 3151 verberet.
2753 3095 2886 3151 Cum
2919 3110 3046 3166 ergo
3072 3094 3307 3149 audieris
3335 3093 3664 3149 contumelia
3694 3092 3828 3147 1111³0-

2242 3198 2410 3254 0111111,
2439 3201 2681 3240 amarum
2712 3186 2915 3240 nullum
2933 3186 3153 3241 verbum
3176 3184 3481 3254 protulisse,
3505 3198 3686 3239 nonne
3707 3183 3833 3239 hinc

2243 3280 2411 3349 magis
2437 3279 2626 3334 doles?
2664 3278 2917 3343 Dicmihi,
2951 3276 3219 3348 quomodo
3270 3276 3543 3331 hominem
3598 3277 3783 3330 mitem
3813 3318 3829 3342 ,

2247 3374 2521 3439 humilem,
2555 3370 2857 3427 modestum
2894 3372 3040 3426 mille
3084 3370 3338 3426 conviciis
3386 3369 3669 3425 onerasti?
3709 3368 3836 3424 11100

2247 3466 2553 3536 frequenter
2572 3464 2800 3519 dicimus
2826 3504 2842 3529 ,
2875 3478 3049 3533 neque
3078 3478 3242 3532 Opere
3272 3462 3539 3531 completa
3565 3461 3831 3515 videmus.

2248 3555 2420 3610 Ilomo
2449 3570 2570 3610 cum
2593 3556 2688 3621 sis,
2722 3554 2989 3609 hominem
3037 3553 3360 3608 contumelia
3385 3550 3593 3607 afficis?
3645 3565 3837 3606 servus

2247 3646 2601 3701 conservum?
2649 3644 2755 3699 Sed
2810 3643 2935 3714 quid
2995 3643 3098 3698 hoc
3148 3643 3404 3709 admiror,
3439 3641 3654 3713 quando
3680 3643 3839 3697 multi

2249 3739 2415 3794 Deum
2442 3737 2617 3806 ipsum
2649 3736 2973 3790 contumelia
3005 3735 3238 3789 afﬁcitmt

2318 3830 2373 3884 4.
2424 3828 2534 3883 1100
2573 3827 2724 3881 vobis
2770 3826 3094 3881 contumelia
3144 3824 3348 3881 affectis
3389 3826 3460 3879 sit
3510 3824 3837 3880 consolatio.

2250 3921 2582 3978 Contumelia
2631 3919 2940 3974 aftieimini?
2987 3917 3324 3972 Contumelia
3379 3917 3609 3972 afﬁcitur
3662 3917 3839 3982 Deus;

2250 4015 2485 4069 Convicia
2513 4012 2697 4068 fertis?
2727 4012 2973 4068 Convicia
2998 4010 3101 4067 fert
3122 4011 3299 4074 Deus;
3328 4010 3723 4080 conspuimini?
3752 4009 3845 4065 Sic

2250 4119 2303 4163 et
2334 4109 2588 4162 Dominus
2618 4114 2819 4161 noster.
2851 4104 2909 4159 In
2937 4105 3021 4159 1118
3041 4119 3169 4174 ergo
3192 4104 3470 4158 nobiscum
3494 4111 3596 4169 est,
3630 4102 3682 4156 in
3710 4117 3845 4157 con-

2254 4200 2430 4254 trariis
2460 4214 2566 4253 non
2600 4198 2749 4253 item.
2780 4196 2967 4265 Neque
2995 4196 3137 4249 enim
3164 4210 3417 4264 ttmquam
3445 4195 3624 4264 imque
3652 4201 3847 4249 contu-

2254 4291 2414 4345 melia
2450 4290 2658 4353 affecit;
2702 4289 2875 4354 absit;
2923 4302 3095 4358 neque
3128 4297 3329 4342 temere
3370 4286 3716 4355 exprobravit
3745 4302 3849 4343 nec

2256 4381 2451 4450 injuste
2476 4381 2603 4450 agit.
2636 4380 2816 4447 Itaque
2844 4395 2940 4434 nos
2979 4394 3162 4433 sumus
3191 4377 3283 4448 qui
3310 4387 3589 4433 consortes
3618 4394 3842 4444 sumus,

2256 4488 2363 4525 non
2386 4487 2499 4525 vos.
2529 4469 2917 4525 Contumeliam
2942 4470 3083 4524 enim
3108 4469 3268 4532 ferre,
3298 4468 3389 4522 Dei
3415 4476 3531 4533 est;
3561 4478 3847 4523 contume-

2256 4562 2381 4617 liam
2413 4576 2539 4615 vero
2562 4569 2759 4615 temere
2790 4560 3005 4623 inferre,
3033 4560 3309 4614 dzemonis.
3349 4558 3535 4613 Videte
3560 4558 3694 4613 duas
3718 4574 3841 4628 par-

2260 4664 2357 4708 tes.
2393 4652 2710 4705 Dwmonium
2734 4651 2885 4705 habes
2907 4650 3088 4718 (Joan.
3115 4651 3167 4703 7.
3191 4649 3307 4719 20),
3334 4650 3534 4703 audivit
3555 4650 3803 4704 Christus
3829 4668 3845 4705 :

2258 4745 2407 4813 alapa
2437 4757 2604 4797 0108118
2659 4752 2741 4798 081
2785 4758 2814 4798 a
2861 4756 3018 4798 servo
3046 4742 3301 4811 principis
3332 4741 3671 4797 sacerdotum
3704 4742 3721 4812 (
3756 4741 3846 4796 Id.

2260 4838 2347 4891 18.
2377 4836 2492 4905 9.2).
2522 4835 2702 4905 Itaque
2732 4836 2822 4905 qui
2854 4834 3174 4889 contumelia
3204 4833 3398 4902 injuste
3427 4833 3689 4899 afﬁciunt,
3724 4849 3848 4889 cum

2261 4929 2365 4982 illis
2403 4936 2587 4981 stant:
2630 4927 2843 4980 merito.
2888 4924 3019 4979 Nam
3052 4925 3094 4979 si
3146 4925 3333 4979 Petrus
3381 4934 3595 4978 satanas
3645 4924 3850 4979 audivit

2264 5019 2451 5089 (Marc.
2483 5020 2533 5074 8.
2564 5017 2676 5088 '55),
2710 5017 2778 5071 ob
2808 5033 2966 5071 unum
2995 5013 3193 5071 dictum
3218 5060 3231 5078 .
3264 5017 3432 5070 multo
3458 5017 3627 5084 magis
3658 5016 3711 5070 hi
3750 5017 3851 5071 ,111-

2262 5110 2360 5163 11101
2394 5110 2646 5173 audient,
2690 5124 2810 5162 cum
2838 5108 3141 5163 Judreorum
3170 5117 3283 5162 acta
3318 5107 3539 5173 facient,
3586 5118 3641 5161 ut
3679 5119 3732 5163 et
3775 5109 3852 5164 illi

2261 5203 2455 5258 diaboli
2489 5204 2579 5258 ﬁlii
2600 5202 2877 5257 audierunt
2906 5201 3082 5271 (101111.
3106 5202 3160 5256 8.
3191 5203 3306 5270 di),
3337 5202 3461 5271 quia
3484 5200 3748 5256 diabolica
3777 5202 3853 5256 fa-

2262 5296 2490 5349 ciehant.
2526 5294 2860 5349 Contumelia
2892 5295 3061 5349 afﬁcis
3083 5337 3097 5360 ,
3138 5294 3257 5363 quis
3285 5310 3405 5348 cum
3443 5294 3538 5359 sis,
3567 5293 3654 5349 die
3685 5295 3854 5349 mihi?

2264 5388 2373 5441 lmo
2397 5397 2674 5458 propterea
2698 5389 3014 5443 contumelia
3038 5388 3227 5453 allicis,
3250 5389 3371 5457 quia
3392 5388 3522 5441 nihil
3544 5404 3602 5443 es
3629 5406 3642 5441 :
3671 5389 3854 5444 nullos

2265 5482 2403 5533 enim
2446 5482 2533 5550 qui
2580 5481 2741 5533 homo
2788 5481 2891 5545 sit,
2945 5480 3266 5535 contumelia
3298 5479 3483 5534 afﬁcit.
3528 5481 3704 5550 Atque
3744 5481 3851 5547 ita,

2265 5572 2403 5640 quod
2430 5574 2480 5626 in
2514 5574 2703 5642 pugnis
2732 5572 2946 5639 dicitur,
2977 5574 3055 5626 Tu
3078 5573 3194 5642 quis
3219 5572 3314 5626 es?
3344 5587 3407 5627 ex
3431 5574 3659 5627 adverso
3687 5588 3852 5642 opor-

2268 5664 2407 5718 tebat
2429 5665 2531 5718 dici
2556 5684 2567 5717 :
2601 5665 2745 5718 verbi
2768 5667 2954 5735 gratia,
2984 5664 3315 5720 Contumelia
3338 5664 3514 5727 ofﬁce,
3545 5661 3679 5717 nihil
3708 5664 3852 5719 enim

2264 5770 2320 5808 es
2348 5775 2356 5807 :
2390 5774 2528 5813 nunc
2557 5765 2731 5812 autem
2763 5758 3064 5815 dicentibus
3093 5758 3265 5820 nobis,
3296 5758 3424 5825 Quis
3452 5773 3511 5811 es
3536 5765 3587 5810 tu
3611 5758 3699 5827 qui
3723 5771 3855 5811 cono

2267 5851 2480 5905 tumclia
2515 5850 2716 5904 afﬁcis?
2762 5851 2836 5908 Te
2878 5854 3084 5922 melior,
3129 5850 3405 5907 audiemus
3448 5851 3649 5921 utique.
3690 5849 3855 5921 Atqui
