4076 6560
195 507 296 562 279

193 625 368 680 καίτοι
393 622 473 686 εἰς
501 621 600 692 τὴν
625 618 819 674 ἑαυτοῦ
865 618 1020 691 ὕϐριν
1052 617 1111 672 16
1142 620 1251 674 πᾶν
1291 613 1360 691 ἦν
1381 636 1393 649 ·
1431 617 1546 672 ἀλλ’
1576 616 1652 679 ὼς
1701 611 1865 682 δῆθεν

193 711 441 779 ἐξουσίαν
499 709 756 772 λαϐόντες
815 707 971 763 αὑτοὶ
1029 707 1359 770 τύπτουσιν,
1422 705 1585 778 ἐργον
1640 700 1865 772 ἀκρίτου

194 799 367 871 θυμοῦ
400 798 488 851 διά
517 797 616 869 τὴν
647 795 912 866 αἰσχύνην
942 793 1241 859 ποιοῦντες.
1277 793 1389 847 Καὶ
1424 793 1512 848 διά
1537 791 1589 845 τί
1623 792 1699 862 μὴ
1726 789 1870 843 ἐκεῖ·

192 904 282 949 νος
314 883 687 954 ἀντετύπτησε
705 895 754 947 ι,
797 881 975 936 καίτοι
1029 883 1123 936 καὶ
1182 881 1345 946 αὑτὸς
1395 878 1640 944 ἐξουσίαν
1692 871 1870 946 εἷχεν;

206 975 347 1028 Ἀλλ’
378 971 724 1026 ἐπαιδεύοντο
760 969 1093 1039 φιλοσοφεῖν.
1126 969 1240 1023 Οὑκ
1269 966 1586 1022 ἀντιτύπτει
1615 963 1693 1029 δὲ,
1731 961 1873 1015 ὥστε

194 1064 290 1116 καὶ
335 1064 428 1115 16v
482 1058 741 1130 δικαστὴν
772 1057 1000 1129 μαθεῖν,
1032 1057 1114 1122 τίς
1139 1052 1208 1128 ἦν
1248 1058 1278 1110 6
1324 1054 1749 1124 ἐπιεικέστερος.
1792 1053 1869 1109 Οὑ

198 1149 373 1223 μικρά
429 1147 588 1203 τοῦτο
617 1145 796 1217 ὢνησε
832 1146 960 1209 τοὺς
1007 1144 1286 1217 παρόντας
1310 1159 1326 1176 ·
1368 1142 1572 1207 ἐδίδαξε
1605 1140 1715 1211 γάρ
1747 1139 1783 1209 ἦ
1813 1153 1874 1190 τε

193 1237 400 1291 τούτων
433 1234 708 1287 ἐπιείκεια
736 1233 830 1286 καὶ
854 1233 888 1303 ἡ
920 1231 1143 1286 ἐκείνων
1170 1230 1466 1301 θρασύτης,
1491 1227 1662 1302 ὅτιγτά
1690 1223 1876 1280 τοιαῦ-

193 1342 262 1378 τα
293 1322 617 1392 δικαστικῆς
636 1321 820 1393 ψήφου
847 1320 1040 1375 δεῖται.
1085 1319 1226 1373 Ἀλλ’
1249 1311 1395 1374 οὑτοι
1426 1317 1605 1372 πάντα
1621 1315 1877 1378 ἀτάκτως

195 1409 432 1464 ποιοῦσι.
469 1409 580 1462 Καὶ
605 1409 705 1462 οὐκ
732 1403 907 1471 εἶπεν,
944 1407 1018 1459 Οὑ
1047 1405 1146 1470 δεῖ,
1180 1406 1268 1460 ῖνα
1297 1405 1374 1477 μὴ
1408 1404 1570 1458 πάλιν
1600 1402 1877 1457 κόπτωσιν

195 1500 392 1553 αὑτόν·
424 1497 562 1562 ἀλλ’,
583 1499 664 1551 Οὐ
689 1496 859 1550 θέλω.
881 1494 1102 1563 Κριτής
1134 1495 1261 1565 γὰρ,
1288 1495 1477 1564 φησὶν,
1505 1491 1620 1562 ἐγὼ
1651 1490 1879 1544 τούτων

194 1583 348 1641 εἶναι
379 1587 452 1640 οὐ
487 1585 814 1653 βούλομαι·
857 1582 1031 1646 οὕτως
1062 1583 1312 1654 ἐπιεικὴς
1337 1577 1406 1653 ῆν
1447 1582 1475 1635 6
1511 1579 1672 1650 ἀνὴρ.
1708 1575 1880 1631 Τοῦτο

197 1675 292 1728 καὶ
350 1673 584 1736 Πιλᾶτος
636 1670 821 1740 ἐλεγεν
859 1671 952 1725 ἐπὶ
1003 1669 1097 1724 τοῦ
1141 1667 1400 1741 Χριστοῦ·
1440 1666 1663 1722 Λάϐετε
1693 1663 1882 1719 αὐτὸν

194 1761 391 1832 ὑμεῖς,
432 1759 532 1814 καί
580 1758 732 1814 κατὰ
777 1757 886 1812 τὸν
924 1758 1114 1827 νόμον
1154 1756 1324 1826 ὑμῶν
1361 1755 1625 1823 κρίνατε.
1670 1754 1730 1806 Ὀ
1783 1752 1882 1822 μὲν

197 1849 342 1904 κατά
369 1848 461 1902 16v
504 1847 666 1918 νόμον
692 1845 846 1918 ἠξίου
886 1846 1096 1916 κρίνειν
1124 1844 1322 1908 αὑτοὺς
1345 1885 1360 1909 ,
1401 1843 1448 1896 οί
1491 1842 1568 1910 δὲ,
1613 1841 1804 1913 ῶσπερ
1831 1842 1883 1894 οί

200 1937 497 2008 μεθύοντες
527 1935 620 1988 καὶ
649 1936 700 1988 οῖ
733 1934 1074 2006 μαινόμενοι,
1115 1932 1259 1986 οὕτω
1285 1931 1569 1988 διέκειντο.
1606 1931 1704 1984 Διά
1725 1929 1884 1984 τοῦτο

197 2021 495 2095 ἐχωρίζετο
523 2021 630 2075 τῶν
670 2021 932 2088 Ἀθηνῶν,
965 2020 1206 2090 Ἐπειδὴ
1229 2020 1377 2088 λαὸς
1403 2015 1484 2090 ἦν
1509 2018 1638 2074 ἐκεῖ
1667 2019 1881 2085 πολύς.

209 2112 527 2172 Ἐτύπτετο,
569 2111 662 2163 καὶ
690 2109 843 2162 οὐδὲν
866 2108 1041 2176 ἔλεγε.

269 2207 322 2269 γ’
331 2241 343 2254 .
367 2199 569 2251 Τοῦτον
585 2198 678 2250 καὶ
704 2197 865 2267 ἡμεῖς
886 2195 1183 2267 μιμώμεθα
1200 2214 1214 2229 ·
1238 2196 1732 2268 ἀντιτυπτήσωμεν
1757 2193 1886 2258 τοὺς

198 2285 550 2348 τύπτονταςὶ)
605 2287 668 2356 τῇ
718 2285 1024 2356 ἐπιεικείᾳ,
1067 2287 1132 2356 τῇ
1185 2287 1336 2356 σιγῇ.
1383 2287 1449 2356 τῇ
1501 2283 1880 2356 μακροθυμία.

200 2374 578 2442 Χαλεπώτερα
607 2372 779 2426 ταῦτα
809 2372 878 2426 τὰ
906 2371 1202 2442 τραύματα
1224 2412 1238 2438 ,
1283 2371 1483 2443 μείζων
1512 2373 1545 2442 ἡ
1579 2370 1760 2442 πληγὴ
1791 2371 1886 2424 καὶ

200 2461 585 2536 φορτικωτέρα
604 2477 617 2489 ·
641 2461 702 2514 οὑ
735 2460 838 2531 γὰρ
881 2460 941 2514 16
974 2460 1305 2532 πλήττεσθαι
1343 2459 1406 2513 16
1433 2458 1593 2530 σῶμα
1615 2501 1628 2522 ,
1665 2457 1802 2512 ἀλλά
1828 2457 1888 2510 τὸ

199 2552 300 2624 τὴν
329 2551 588 2615 διάνοιαν,
609 2549 866 2621 χαλεπόν.
902 2548 1143 2613 Πολλοὺς
1175 2548 1507 2620 πλὴττομεν,
1535 2547 1671 2602 ἀλλὰ
1699 2545 1888 2618 ἐπειδὴ

203 2643 260 2695 ἐν
294 2640 447 2709 τάξει
480 2639 679 2709 φιλίας,
704 2637 799 2692 καὶ
823 2639 1044 2708 ἥδονται
1069 2656 1081 2669 ο
1109 2637 1173 2692 ἂν
1211 2636 1267 2691 δὲ
1298 2637 1389 2690 τὸν
1418 2636 1650 2706 τυχόντα
1678 2634 1889 2707 πλήξῃς

201 2727 560 2801 ὑϐριστικῶς,
585 2725 773 2797 ἐπειδὴ
799 2726 900 2797 τῆς
919 2725 1143 2796 καρδίας
1169 2724 1316 2795 ῆψω,
1343 2723 1548 2796 σφόδρα
1571 2722 1850 2792 ἐλύπησας
1871 2736 1886 2752 ⁸

201 2816 352 2870 οὕτω
404 2814 604 2886 μᾶλλον
650 2813 750 2886 τὴν
790 2812 1019 2884 καρδίαν
1068 2811 1249 2866 αὑτῶν
1293 2810 1625 2882 πλήττομεν.
1656 2809 1782 2863 Ὀτι
1829 2808 1889 2862 δέ

205 2903 472 2975 μειζόνως
501 2899 772 2955 ἐπιείκεια
795 2899 1021 2972 πλήττει
1046 2899 1406 2971 θρασύτητος,
1432 2897 1565 2969 φέρε
1591 2895 1888 2962 ἀποδείξω-

205 3011 310 3064 μεν
337 2991 414 3055 ώς
445 2989 670 3044 δυνατὸν
699 2989 777 3061 τῷ
807 2989 971 3060 λόγῳ.
1017 2989 1082 3042 Ἠ
1116 2988 1214 3060 μὲν
1256 2987 1365 3060 γὰρ
1406 2986 1586 3057 σαφὴς
1616 2985 1891 3051 ἀπόδειξις

200 3081 291 3136 διὰ
315 3080 427 3134 τῶν
454 3079 632 3152 ἔργων
659 3079 753 3132 καὶ
781 3078 883 3148 τῆς
910 3077 1108 3149 πείρας
1126 3075 1274 3130 ἐστίν
1297 3092 1312 3106 ·
1337 3077 1383 3129 εί
1416 3076 1474 3129 δέ
1501 3076 1668 3142 δοκεῖ,
1698 3075 1892 3146 καὶτῷ

201 3171 351 3242 λόγῳ
397 3169 498 3239 τὴν
541 3166 789 3231 ἐξέτασιν
835 3163 1216 3242 ποιησώμεθα,
1263 3162 1441 3217 καίτοι
1493 3161 1756 3226 πολλάκις
1789 3163 1892 3234 ἡδη

202 3256 608 3328 ἐποιησάμεθα.
653 3255 743 3311 Ἐν
787 3241 893 3325 γάρ
923 3255 1042 3317 ταῖς
1081 3251 1306 3324 ὕϐρεσιν
1343 3252 1496 3306 οὐδὲν
1535 3249 1709 3314 οὕτως
1744 3252 1893 3321 ἡμᾶς

201 3343 402 3408 λυπεῖ,
449 3344 582 3415 ώςὴ
630 3341 782 3414 παρά
824 3341 935 3396 τῶν
976 3339 1229 3411 ὁρώντων
1270 3338 1451 3411 ψῆφος
1477 3353 1489 3367 °
1523 3338 1584 3392 οὑ
1617 3338 1726 3410 γάρ
1780 3337 1893 3391 ίσον

201 3432 449 3505 δημοσίᾳ
490 3449 549 3485 τε
602 3429 920 3502 ὑϐρίζεσθαι
963 3429 1060 3483 καὶ
1090 3428 1217 3501 ίδίᾳ,
1262 3426 1378 3481 ἀλλ’
1413 3427 1632 3491 ἐκείνας
1667 3426 1766 3498 μὲν
1800 3427 1896 3480 καὶ

204 3523 449 3594 φέρομεν
487 3519 727 3583 εὐκόλως
770 3519 868 3582 τὰς
903 3516 1124 3589 ὕϐρεις,
1171 3518 1303 3570 ὅταν
1348 3516 1435 3569 ἐπ’
1462 3514 1730 3587 ἐρημίας,
1766 3514 1896 3568 ὅταν

207 3609 442 3680 μηδενὸς
481 3608 636 3671 ὄντος
667 3604 764 3660 τοῦ
795 3604 1201 3679 μαρτυροῦντος
1245 3603 1404 3657 τοῦτο
1433 3603 1724 3675 πάθωμεν,
1760 3603 1895 3673 μηδέ

204 3696 302 3750 τοῦ
334 3695 655 3758 συνειδότος.
684 3692 874 3758 Οὕτως
910 3692 1009 3762 οὑχ
1049 3693 1083 3763 ἡ
1114 3692 1214 3764 τῆς
1241 3690 1452 3763 ὕϐρεως
1478 3690 1641 3760 φύσις
1673 3690 1823 3744 ἐστὶν
1861 3692 1894 3762 ἡ

205 3785 504 3848 δάκνουσα,
535 3780 671 3836 ἀλλά
700 3781 762 3834 16
800 3780 896 3834 ἐπὶ
926 3781 1147 3835 πάντων
1188 3779 1351 3834 τοῦτο
1386 3778 1580 3834 παθεῖν
1603 3794 1619 3810 ο
1645 3779 1721 3843 ώς
1751 3779 1804 3832 εί
1833 3778 1898 3846 γέ

206 3891 293 3936 τις
336 3870 514 3941 τιμῶν
548 3870 642 3924 ἐπὶ
686 3870 935 3933 πάντων,
976 3866 1189 3939 ὑϐρίζοι
1238 3868 1360 3920 κατ’
1404 3867 1574 3932 ίδίαν,
1605 3866 1699 3920 καὶ
1737 3866 1897 3937 χάριν

207 3959 494 4031 εἰσόμεθα.
526 3956 735 4011 Οὐκοῦν
759 3957 859 4010 οὑκ
881 3955 938 4009 ἐν
959 3957 1024 4026 τῇ
1057 3955 1156 4025 τῆς
1192 3955 1406 4026 ὕϐρεως
1437 3954 1598 4023 φύσει
1633 3955 1693 4008 16
1721 3954 1898 4027 λυπη-

210 4049 304 4122 ρόν
323 4051 495 4107 ἐστιν,
516 4045 631 4099 ἀλλ’
653 4045 712 4099 ἐν
732 4046 798 4115 τῇ
813 4043 978 4115 ψήφῳ
994 4042 1104 4096 τῶν
1133 4042 1406 4114 ὁρώντων,
1433 4042 1576 4096 ὥστε
1598 4053 1619 4082 ο
1651 4043 1726 4114 μὴ
1751 4043 1902 4107 δόξαι

208 4135 692 4217 εὐκαταφρόνητον
725 4127 888 4186 εἶναι.
919 4130 994 4217 νξΓί
1033 4126 1157 4197 οῦν,
1191 4131 1258 4184 ἂν
1292 4129 1434 4200 αὕτη
1469 4130 1612 4202 ὑπὲρ
1641 4130 1798 4201 ἡμῶν
1824 4127 1899 4204 ᾖς

209 4224 336 4294 οὑχὶ
363 4215 565 4294 μᾶλλον
596 4223 626 4274 6
645 4219 883 4290 ὑϐρίζων
914 4215 1191 4288 ὕϐρισται,
1233 4217 1361 4270 ὅταν
1384 4215 1528 4287 ὑπὲρ
1560 4215 1716 4289 [299]
1745 4216 1902 4296 ἡμῶν

207 4302 310 4376 τὰς
339 4311 553 4381 ψήφους
582 4309 858 4381 φέρωσιν;
891 4306 1027 4359 Εἰπέ
1059 4323 1169 4376 μοι,
1208 4305 1354 4370 τίνος
1386 4305 1823 4377 καταφρονοῦσιν
1853 4309 1903 4360 οί

208 4400 517 4474 παρόντες;
547 4395 643 4452 τοῦ
675 4395 1012 4468 ὑϐρίζοντος,
1037 4394 1072 4466 ἢ
1101 4393 1196 4448 τοῦ
1224 4394 1572 4466 ὑϐρισθέντος
1595 4395 1690 4449 καὶ
1712 4397 1906 4465 σιγῶν-

207 4492 338 4554 τος’;
378 4488 437 4540 '0
463 4486 562 4558 μιν
587 4484 696 4554 γὰρ
717 4483 891 4555 θυμὸς
928 4482 1244 4549 ὑποϐάλλει,
1277 4483 1359 4537 ὅτι
1393 4481 1488 4537 τοῦ
1520 4482 1900 4554 ὑϐριζομένου⁸

209 4575 310 4628 νῦν
336 4572 415 4639 δέ,
436 4572 534 4625 ὅτε
560 4569 791 4642 καθαροὶ
829 4569 921 4622 τοῦ
956 4567 1163 4632 πάθους
1197 4568 1364 4640 ἐσμὲν
1389 4609 1402 4634 ,
1437 4568 1662 4639 ἴδωμεν,
1704 4570 1789 4623 ἵνα
1830 4571 1904 4642 μὴ

209 4661 335 4714 τότε
354 4656 846 4731 συναρπασθῶμεν.
864 4657 1021 4720 Τίνος
1034 4652 1126 4712 οῦν
1145 4655 1628 4728 καταγινώσκομεν
1644 4658 1904 4724 ἅπαντες

209 4740 451 4819 Εὔδηλον
476 4749 556 4801 ὅτι
572 4746 666 4800 τοῦ
695 4743 1028 4816 ὑϐρίζοντος·
1060 4745 1163 4798 κᾶν
1188 4744 1286 4815 μὲν
1315 4744 1554 4799 ἐλάττων
1577 4741 1633 4818 ᾖ,
1657 4745 1752 4800 καὶ
1779 4747 1907 4817 μαί-

209 4837 403 4890 νεσθαι
433 4834 596 4888 αὑτὸν
635 4833 878 4904 φήσομεν
899 4873 912 4896 ,
941 4832 1007 4886 ἂν
1030 4832 1088 4886 δέ
1125 4831 1414 4904 ὁμότιμος,
1446 4832 1816 4904 ἀνοηταίνειν,
1842 4833 1907 4887 ἂν

207 4925 268 4980 δὲ
302 4924 529 4995 μείζων,
557 4921 665 4976 οὐδ’
693 4921 868 4984 οὕτως
897 4919 1292 4992 ἀποδεξόμεθα.
1331 4919 1429 4986 Τίς
1468 4921 1600 4992 γὰρ,
1633 4921 1754 4976 είπέ
1780 4939 1906 4994 μοι,

213 5013 492 5083 ἀποδοχῆς
527 5010 675 5077 άξιος
702 5027 716 5076 ;
746 5011 776 5064 6
801 5009 1224 5081 ταραττόμενος,
1250 5009 1278 5062 6
1309 5009 1731 5082 χειμαζόμενος,
1764 5013 1792 5066 6
1817 5013 1911 5066 ἐκ·

213 5104 603 5178 θηριούμενος,
635 5105 663 5157 6
684 5103 821 5176 πρὸς
840 5102 939 5173 τὴν
968 5102 1154 5173 κοινὴν
1172 5099 1332 5170 φύσιν
1358 5100 1501 5155 οὕτω
1542 5101 1906 5174 διακείμενος,

212 5195 248 5265 ἢ
277 5198 310 5249 6
347 5196 408 5247 ἐν
437 5192 647 5263 γαλήνῃ
695 5191 790 5245 καὶ
817 5190 997 5260 λιμένι
1044 5189 1138 5244 καὶ
1169 5189 1459 5262 φιλοσοφίᾳ
1484 5189 1710 5260 ⁴πολλῖῖνμ
1752 5190 1850 5260 οὑχ
1881 5191 1908 5241 6

214 5284 325 5354 μὲν
371 5281 590 5350 ἀγγέλῳ
623 5277 978 5351 προσέοικεν,
1029 5280 1057 5331 6
1094 5277 1150 5331 δέ
1196 5277 1318 5331 οὑδὲ
1364 5276 1676 5348 ἀνθρώπως
1721 5278 1778 5332 '0
1812 5281 1911 5348 μὲν

212 5371 329 5444 γὰρ
373 5369 497 5424 οὑδὲ
544 5368 612 5421 16
655 5369 833 5422 οἰκεῖα
876 5366 1096 5420 δύναται
1156 5366 1424 5436 βαστάσαι
1475 5365 1658 5430 κακὰ,
1701 5365 1911 5430 ἐκεῖνος

211 5459 272 5513 δὲ
318 5459 412 5512 καὶ
452 5457 522 5510 16
561 5455 850 5528 ἀλλότρια·
897 5446 1054 5519 οὗτος
1103 5455 1224 5508 οὑδὲ
1269 5454 1465 5508 ἐαυτὸν
1493 5454 1740 5522 ἐνεγκεῖν
1793 5455 1912 5507 ἐδυ-

212 5546 382 5619 νήθη,
411 5546 614 5608 ἐκεῖνος
654 5543 713 5597 δὲ
758 5541 853 5596 καὶ⁵
888 5541 1110 5612 ἕτερον·
1144 5545 1171 5596 6
1210 5543 1309 5613 μὲν
1350 5543 1410 5594 ἐν
1450 5542 1696 5612 ναυαγίῳ
1738 5543 1911 5606 ἐστὶν,

214 5628 379 5696 οὗτος
425 5632 482 5687 δὲ
524 5633 580 5685 ἐν
613 5629 884 5701 ἀσφαλείᾳ
912 5629 1063 5694 πλεῖ,
1111 5629 1169 5696 ἐξ
1222 5629 1423 5702 οὑρίων
1471 5629 1622 5698 αὑτῷ
1651 5630 1750 5699 τῆς
1783 5629 1911 5699 νηὸς

219 5721 576 5793 φερομένης·
611 5719 673 5772 οὑ
716 5718 827 5790 γάρ
875 5718 1026 5772 εἴασε
1074 5719 1133 5771 τὸ
1169 5717 1263 5770 τοῦ
1307 5716 1482 5788 θυμοῦ
1535 5717 1752 5788 πνεῦμα
1802 5720 1912 5780 τοῖς

218 5811 415 5874 ἱστίοις
441 5807 683 5880 ἐμπεσὸν
703 5806 1007 5878 ἀνατρέψαι
1031 5806 1130 5876 τῆς
1160 5806 1398 5868 διανοίας
1425 5805 1486 5858 16
1513 5805 1718 5874 σκάφος
1738 5822 1752 5837 ·
1775 5803 1913 5859 ἀλλά

218 5897 399 5968 λεπτή
424 5914 509 5961 τις
532 5893 675 5967 αὕρα
719 5896 814 5948 καὶ
839 5895 992 5964 ἡδεῖα
1026 5893 1476 5966 προσπνεύσασα,
1510 5894 1609 5964 τῆς
1655 5893 1910 5958 ἀνεξικα-

221 5989 354 6050 κίας
392 5988 426 6058 ἡ
458 5983 633 6055 πνοὴ,
685 5982 1056 6067 μετάῠπολλῆς
1099 5982 1248 6054 αὑτῷ
1287 5983 1386 6054 τῆς
1436 5982 1665 6052 ἡσυχίας
1699 5982 1792 6035 ἐπὶ
1823 5982 1913 6037 τὸν

285 6091 670 6165 ’,υἷας-ἐκεῖνος
689 6091 940 6150 ἐτὺπτησε.
973 6090 1005 6131 1³
1027 6090 1160 6142 Idem
1179 6093 1289 6149 τοὺς
1307 6089 1688 6146 άντιτύπτοντας.
1734 6094 1757 6125 ο
1780 6091 1916 6143 Unus

221 6155 448 6218 δρώντων
469 6157 619 6205 ἐστὶν.
639 6155 782 6202 ὥστε.

591 6237 864 6302 Pana!“
899 6237 1018 6299 ϐο.
1066 6240 1193 6301 LX.

1208 501 1273 556 IN
1314 502 1497 559 ACTA
1539 487 2080 556 APOSTOLORUM.
2127 482 2362 542 HOMIL.
2405 474 2654 538 XXXIX.

3551 462 3660 520 280

1971 605 2068 676 τῆς
2121 599 2439 673 φιλοσοφίας
2484 596 2610 664 ἄγει
2661 589 2878 662 λιμένα.
2929 587 3037 676 Καὶ
3074 582 3333 676 καθάπερ
3374 583 3442 676 ἐν
3489 580 3661 676 πλοίῳ

1970 669 2299 760 ναυαγοῦντι
2331 687 2382 740 οἱ
2412 684 2605 739 ναῦται
2637 680 2738 734 οὑκ
2764 679 2946 732 ῖσασιν
2969 675 3005 729 6
3031 673 3335 748 ῥίπτουσιν,
3365 670 3432 727 ἄν
3464 687 3525 723 τε
3550 669 3662 722 τῶν

1970 757 2188 833 οἰκείων
2215 777 2281 832 άν
2311 792 2370 829 τε
2417 772 2528 826 τῶν
2560 766 2861 838 ἀλλοτρίων
2902 762 3112 818 λάϐωσι
3151 757 3657 832 παρακαταθήκας,

1971 864 2110 922 ἀλλά
2137 864 2359 918 πάντων
2380 860 2584 933 ὁμοίως
2610 853 2842 926 ἐκϐολὴν
2865 851 3149 906 ποιοῦνται
3172 849 3278 902 τῶν
3302 844 3662 933 ἐγκειμένων,

1972 953 2082 1008 τῶν
2113 969 2172 1006 τε
2199 950 2399 1022 τιμίων
2415 928 2534 1002 *τῶν
2555 962 2617 998 τε
2643 944 2706 997 οὑ
2728 940 2986 996 τοιούτων
3013 955 3027 969 ·
3058 935 3278 990 ἐπειδὰν
3313 934 3369 989 δέ
3397 935 3427 988 6
3456 928 3665 1003 χειμὼν

1973 1019 2272 1110 παύσηται,
2299 1037 2419 1090 τότε
2451 1030 2904 1102 ἀναλογιζόμενοι
2932 1029 3032 1082 ὅσα
3061 1025 3340 1091 ἐξέϐαλον,
3365 1019 3665 1110 δακρύου-σι

1973 1106 2195 1198 καὶτῆς
2230 1125 2477 1197 γαλήνης
2516 1122 2618 1176 οὑκ
2656 1119 3008 1174 αἰσθάνονται
3049 1114 3140 1170 διὰ
3180 1113 3279 1185 τὴν
3332 1110 3547 1198 ζημίανΔ
3563 1106 3666 1177 τῆς

1974 1194 2410 1285 ἐκϐολῆςο-οὕτω
2436 1194 2504 1282 δὴ
2547 1208 2644 1262 καὶ
2675 1204 2915 1261 ἐνταῦθα
2934 1244 2949 1270 ,
2992 1203 3121 1258 ὅταν
3160 1202 3189 1254 6
3217 1199 3389 1271 θυμὸς
3418 1194 3655 1285 πνεύσῃ,

1976 1301 2071 1355 καὶ
2098 1302 2126 1355 6
2148 1281 2357 1372 χειμὼν
2384 1297 2610 1369 αίρηται
2630 1335 2645 1361 ,
2675 1294 2778 1348 οὑκ
2805 1292 2986 1348 ἴσασιν
3016 1292 3075 1344 ἐν
3099 1288 3252 1356 τάξει
3284 1284 3568 1340 ἐκϐάλλειν
3598 1281 3670 1335 16

1976 1388 2163 1442 δέοντα
2186 1404 2199 1417 ·
2231 1388 2361 1443 ὅταν
2382 1386 2451 1441 δὲ’
2469 1383 2750 1455 παύσηται
2779 1383 2808 1436 6
2838 1380 3031 1451 θυμὸς,
3058 1377 3180 1431 τότε
3219 1372 3669 1441 ἀναλογιζόμενοι

1979 1477 2109 1530 ποῖα
2141 1475 2416 1541 ἐξέϐαλον,
2449 1470 2692 1528 ἐννοοῦσι
2718 1472 2817 1541 τὴν
2842 1468 3045 1539 ζημίαν
3074 1465 3171 1520 καὶ
3194 1464 3294 1518 οὑκ
3319 1459 3671 1516 αἰσθάνονται

1979 1565 2078 1635 τῆς
2103 1564 2488 1630 ἀναπαύσεως,
2518 1561 2626 1616 τῶν
2662 1558 2926 1632 ῥημάτων
2956 1549 3406 1627 μεμνημένοι,δι’
3431 1542 3506 1603 ὧν
3536 1563 3672 1601 κατε

1981 1657 2226 1729 ῄσχυναν
2282 1655 2510 1718 ἑαυτοὺς
2537 1652 2632 1707 καὶ
2655 1651 2726 1706 τὰ
2758 1650 2995 1722 μέγιστα
3018 1642 3427 1716 ἐζημιώθησαν,
3450 1639 3510 1729 οὑ
3544 1635 3676 1707 περὶ

1981 1726 2241 1816 χρηματα
2264 1782 2278 1807 ,
2310 1741 2449 1798 ἀλλά
2493 1741 2624 1812 περὶ
2664 1738 2824 1804 δόξαν
2863 1733 3167 1796 ἐπιεικείας
3204 1730 3301 1785 καὶ
3343 1726 3673 1816 πραότητος.

1987 1811 2198 1895 Ὄντως
2233 1829 2425 1893 σκότος
2451 1811 2602 1882 ἐστὶν
2630 1828 2659 1881 6
2685 1825 2875 1897 θυμός.
2903 1817 3091 1877 Εἶπεν
3126 1819 3353 1888 ἄφρων,
3391 1812 3578 1884 φησὶν,
3606 1811 3677 1864 ἐν

1983 1917 2197 1988 καρδίᾳ
2243 1915 2455 1972 αὑτοῦ·
2507 1917 2631 1970 Οὐκ
2676 1913 2810 1968 ἔστι
2860 1913 3027 1976 Θεός.
3071 1908 3227 1977 Τάχα
3276 1903 3372 1957 καὶ
3405 1898 3675 1988 περὶτοῦ

1985 1987 2328 2079 θυμουμένου
2358 2003 2520 2058 τοῦτο
2549 2004 2726 2057 εἰπεῖν
2760 1998 3038 2072 εὕκαιρον,
3065 1996 3147 2050 ὅτι
3172 1989 3327 2048 εἶπεν
3350 1993 3378 2046 6
3401 1987 3678 2079 θυμούμε-

1984 2073 2094 2156 νος·
2130 2073 2246 2148 όὺκ
2288 2091 2404 2145 ἐστι
2448 2090 2603 2154 Θεός.
2649 2087 2815 2144 Κατὰ
2855 2087 2964 2158 γὰρ
2994 2083 3062 2138 τὸ
3093 2081 3355 2151 πλῆθος,
3382 2077 3539 2147 φησὶ,
3571 2073 3680 2141 τῆς

1986 2180 2172 2250 ὀργῆς
2204 2179 2393 2235 αὑτοῦ
2427 2181 2538 2235 οὐκ
2586 2176 2926 2246 ὲκζητήσει.
2971 2174 3071 2235 Ὃς
3107 2171 3218 2243 γὰρ
3269 2168 3337 2224 ἂν
3385 2163 3679 2234 ἐπεισέλθῃ

1985 2273 2247 2345 λογισμὸς
2286 2271 2523 2341 εὐσεϐὴς
2548 2309 2564 2335 ,
2609 2268 2820 2331 πάντας
2858 2265 3136 2320 διωθεῖται
3166 2261 3262 2315 καὶ
3290 2255 3678 2345 διακρούεταιζ

1988 2341 2202 2422 πάντας
2237 2362 2420 2431 ῥίπτει
2468 2359 2757 2427 πλαγίους.
2804 2356 2868 2409 El
2911 2354 2986 2425 μὴ
3031 2353 3095 2407 σὺ
3131 2349 3335 2422 μᾶλλον
3367 2341 3682 2431 ἀλγεῖςᾼτοῦ

1988 2427 2363 2518 ὑϐρισθέντος,
2420 2441 2634 2514 ὕϐριζε,
2679 2439 2785 2494 κᾶν
2857 2438 3049 2510 μηδεὶς
3098 2437 3126 2489 6
3196 2429 3480 2502 ἐγκαλῶν·
3525 2427 3685 2518 εί-μὴ

1986 2515 2176 2588 τὸντοῦ
2198 2530 2225 2572 ἀ
2261 2530 2566 2594 συνειδότος
2595 2527 2950 2599 δικαστήριον
2999 2524 3107 2594 ἰδία
3132 2539 3190 2576 σε
3223 2519 3390 2574 λαϐὸν
3431 2515 3685 2589 μαστίζει

1993 2623 2184 2695 μυρία.
2225 2622 2394 2675 Ὅταν
2443 2615 2538 2674 οὖν
2587 2616 2852 2690 ἀκούσῃς,
2901 2615 2985 2668 ὅτι
3033 2615 3062 2667 6
3111 2610 3471 2683 ὑϐριζόμενος
3530 2603 3687 2695 οὑδέν

1988 2691 2213 2776 ἐξέϐαλε
2245 2709 2406 2782 ῥῆμα
2435 2707 2656 2779 πικρὸν,
2693 2705 2816 2776 οὑχ).
2848 2701 3024 2773 ταύτῃ
3057 2699 3258 2773 μᾶλλον
3295 2696 3482 2765 ἀλγεῖς
3506 2711 3521 2760 ;
3549 2691 3690 2782 Εἰπέ

1993 2817 2105 2872 μοι,
2154 2780 2274 2863 πῶς
2312 2796 2603 2868 ἄνθρωπον
2645 2795 2822 2866 πρᾶον
2879 2791 2972 2846 καὶ
3001 2787 3294 2851 ταπεινὸν,
3326 2785 3421 2839 καὶ
3467 2780 3688 2872 ἐπιεικῆ

1995 2868 2220 2960 μυρίαις
2260 2885 2498 2946 ἐπλυνας
2535 2881 2868 2955 λοιδορίαις;
2915 2876 3102 2933 Ταῦτα
3137 2875 3373 2944 λέγομεν
3417 2868 3687 2960 συνεχῶς,

1991 2958 2091 3046 οὐχ
2120 2973 2340 3046 ὁρῶμεν
2378 2971 2435 3025 δέ
2475 2969 2900 3039 ἐπιδεικνύμενα
2926 2965 3014 3020 διὰ
3053 2963 3167 3019 τῶν
3199 2962 3398 3034 ἔργων.
3443 2958 3692 3046 Ἀνθρω-

1993 3044 2093 3125 πος
2117 3044 2193 3116 ῶν
2224 3059 2514 3131 ἄνθρωπον
2561 3056 2843 3127 ὑϐρίζεις;
2897 3053 3086 3117 δοῦλος
3123 3049 3200 3103 ῶν
3233 3050 3327 3103 τὸν
3358 3044 3690 3118 ὁμόδοολονς

2004 3149 2168 3204 Ἀλλὰ
2194 3148 2248 3203 τί
2285 3146 2443 3202 τοῦτο
2485 3143 2777 3217 θαυμάζω,
2808 3143 2945 3196 ὅπου
2982 3157 3047 3211 γε
3095 3140 3191 3194 καὶ
3221 3137 3355 3192 Θεὸν
3405 3132 3694 3207 ὑϐρίζουσι

1993 3236 2177 3292 πολλοί
2198 3252 2212 3302 ;

2062 3346 2127 3401 δ’.
2161 3345 2335 3400 Τοῦτο
2361 3345 2498 3417 πρὸς
2540 3344 2686 3413 ὑμᾶς
2717 3341 2859 3396 ἐστω
2887 3339 3219 3413 παραμυθία
3237 3336 3366 3401 τοὺς
3396 3331 3698 3407 ὑϐριζομέ-

1994 3452 2141 3499 νους.
2158 3433 2512 3506 Ὑϐρίζεσθε;
2537 3431 2822 3505 ὑϐρίζεται
2850 3430 2946 3484 καὶ
2967 3429 3120 3493 Θεός.
3142 3423 3531 3491 Ὀνειδίζεσθε;
3554 3423 3696 3476 61m.-

1999 3522 2204 3587 δίζεται
2226 3523 2321 3576 καὶ
2341 3520 2496 3584 Θεός.
2530 3518 2875 3574 Διαπτύεσθε
2899 3535 2914 3586 ;
2939 3518 3035 3574 καί¹
3055 3517 3165 3590 γάρ
3193 3515 3288 3569 καὶ
3314 3513 3638 3583 ὁΔεσπότης
3669 3513 3699 3564 6

1995 3610 2286 3683 ἡμέτερος.
2333 3609 2423 3663 Ἐν
2460 3608 2562 3680 μὲν
2587 3603 2681 3662 οὖν
2710 3606 2924 3671 τούτοις
2948 3607 3084 3678 ἡμῖν
3117 3604 3388 3669 κοινωνεῖ,
3419 3602 3477 3656 ἐν
3506 3600 3562 3655 δὲ
3584 3603 3699 3664 τοῖς

1996 3696 2262 3761 ἐναντίοις
2290 3696 2390 3750 οὑκ
2421 3695 2522 3750 ἐτι.
2552 3692 2705 3767 [500]
2748 3695 2826 3748 υὺ
2842 3694 2952 3767 γάρ
2971 3692 3196 3764 ὕϐρισεν
3213 3690 3415 3755 ἀδίκως
3438 3687 3591 3743 ποτέ·
3622 3687 3700 3759 μὴ

1998 3784 2230 3855 γένοιτο·
2255 3783 2379 3838 οὑδὲ
2403 3782 2682 3838 ὠνείδισεν
2707 3781 2922 3846 ἁπλῶς,
2950 3781 3074 3835 οὐδὲ
3107 3780 3393 3850 ἡδίκησεν.
3433 3777 3598 3830 Ὥστε
3634 3778 3703 3847 ἡ-

2003 3875 2124 3944 μεῖς
2140 3875 2309 3944 ἐσμεν
2327 3874 2376 3926 οἱ
2398 3870 2808 3933 κοινωνοῦντες,
2829 3870 2930 3940 οὑχ
2951 3869 3132 3940 ὑμεῖς.
3166 3867 3241 3921 Τὸ
3274 3868 3374 3938 μὲν
3397 3864 3510 3937 γάρ
3544 3863 3701 3936 ὑϐριρ-

1999 3961 2228 4032 ζόμενον
2257 3959 2469 4032 φέρειν,
2497 3958 2656 4012 Θεοῦ·
2695 3957 2757 4010 16
2793 3957 2852 4011 δέ
2883 3957 3128 4028 ὑϐρίζειν
3182 3953 3393 4018 ἁπλῶς,
3422 3953 3699 4023 δαίμονος.

2005 4049 2175 4102 Ἴδετε
2221 4048 2323 4112 τάς
2380 4048 2475 4102 δύο
2523 4046 2769 4119 μερίδας.
2823 4045 3144 4115 Δαιμόνιον
3175 4045 3355 4114 ἔχεις,
3396 4043 3633 4114 ἡκουσεν
3672 4044 3704 4096 6

2002 4136 2258 4206 Χριστός·
2295 4135 2605 4207 ἐρῤαπίσθη
2631 4135 2740 4188 ἀπὸ
2763 4133 2857 4187 τοῦ
2889 4132 3078 4187 δούλου
3111 4133 3206 4186 τοῦ
3260 4131 3583 4204 ἀρχιερέως.
3636 4131 3701 4184 Ol

2002 4223 2316 4296 ὑϐρίζοντες
2373 4223 2556 4277 τοίνυν
2621 4222 2846 4300 ἀδίκως,
2887 4220 3005 4293 μετ’
3067 4219 3294 4274 ἐκείνων
3325 4231 3348 4258 ο
3380 4219 3698 4290 ἑστήκασιν·

2003 4311 2251 4377 εἰκότως.
2273 4312 2340 4368 Et
2363 4313 2474 4384 γάρ
2499 4311 2528 4365 6
2553 4311 2762 4383 Πέτρος
2791 4310 2886 4364 καὶ
2915 4309 3162 4372 Σατανᾶς
3194 4307 3397 4379 ἡκουσε
3428 4307 3497 4361 δι’
3520 4307 3578 4360 ἒν
3606 4307 3706 4379 ρῆ-

2007 4418 2103 4472 μα,
2141 4399 2322 4472 πολλῷ
2354 4398 2559 4471 μᾶλλον
2615 4393 2766 4453 οὑτοι
2813 4397 3056 4453 Ἰουδαῖοι
3088 4396 3435 4459 ἀκούσονται,
3478 4395 3605 4449 ὅταν
3634 4395 3705 4450 τά

2017 4485 2286 4541 Ἰουδαίων
2312 4486 2564 4552 ποιῶσιν,
2589 4485 2741 4539 ὥσπε
2750 4503 2781 4556 ρ
2804 4485 3049 4538 κάκεῖνοι
3071 4482 3320 4537 διαϐόλου
3344 4481 3530 4547 τέκνα,
3554 4484 3706 4538 ἐπει-

2005 4573 2070 4645 δὴ
2124 4573 2194 4628 τὰ
2247 4573 2344 4628 τοῦ
2404 4573 2655 4628 διαϐόλου
2720 4571 3063 4645 εἰργάζοντο.
3139 4569 3435 4644 Ύϐρίζεις,
3472 4571 3558 4635 τίς
3601 4571 3701 4640 ὣν,

2007 4664 2129 4718 είπέ
2167 4681 2298 4736 μοις
2336 4663 2558 4718 Μᾶλλον
2595 4662 2653 4715 δὲ
2681 4662 2770 4717 διὰ
2827 4660 2988 4715 τοῦτο
3019 4661 3286 4732 ὑϐρίζεις,
3320 4660 3511 4733 ἐπειδὴ
3551 4662 3705 4716 οὐδὲν

2007 4747 2077 4805 εἴ·
2127 4751 2307 4814 οὐδεὶς
2334 4751 2443 4822 γὰρ
2476 4749 2769 4821 ἄνθρωπος
2820 4749 2896 4803 ὢν
2929 4749 3165 4822 ὑϐρίζει.
3216 4749 3382 4803 Ὥστε
3414 4748 3443 4802 δ
3483 4747 3706 4818 λέγεται

2007 4841 2065 4892 ἐν
2091 4840 2211 4902 ταῖς
2241 4840 2466 4909 μάχαις,
2528 4838 2602 4890 Σὺ
2634 4837 2719 4902 τίς
2746 4833 2829 4905 εἷς
2883 4837 2943 4902 ἐξ
2992 4836 3243 4901 ἐναντίας
3272 4837 3378 4890 ἔδει
3427 4836 3703 4906 λέγεσθαι·

2005 4920 2142 4990 οἷον,
2173 4924 2432 4995 ’Ύϐριζε,
2467 4923 2649 4994 λέγειν
2702 4925 2893 4998 ἐχρῆν·
2929 4924 3086 4978 οὑδέν
3111 4923 3220 4996 γάρ
3255 4920 3328 4979 εί·
3390 4923 3488 4979 νῦν
3514 4925 3573 4980 δέ
3620 4925 3709 4979 λε-

2007 5014 2216 5083 γόντων
2255 5014 2436 5085 ἡμῶν,
2473 5014 2564 5078 Ὠς
2593 5013 2680 5077 τίς
2713 5012 2996 5085 ὑϐρίζεις;
3043 5013 3130 5078 Ὡς
3167 5011 3391 5084 βελτίων
3446 5030 3565 5078 σου,
3617 5013 3708 5068 διά

2010 5103 2230 5158 πάντων
2259 5102 2481 5157 ἀκούειν
2513 5101 2652 5156 ἐστι.
2687 5103 2798 5157 Καὶ
2832 5103 2940 5174 μὴν
2981 5101 3044 5154 16
3095 5101 3338 5155 ἐναντίον
3371 5102 3480 5156 ἐδει
3503 5102 3706 5172 λέγειν·

2009 5193 2126 5246 ἀλλ’
2161 5191 2352 5263 ἐπειδὴ
2375 5194 2541 5264 ἡμεῖς
2565 5191 2757 5256 κακῶς
2805 5191 3125 5262 ἐρωτῶμεν,
3151 5191 3238 5245 διά
3261 5191 3423 5246 τοῦτο
3451 5194 3702 5246 κάκεῖνοι

2010 5281 2196 5345 κακῶς
2220 5280 2632 5352 ἀποκρίνονται·
2671 5280 2818 5334 ὥστε
2871 5282 3036 5352 ἡμεῖς
3069 5279 3256 5335 αίτιοι.
3321 5282 3409 5344 Ὠς
3455 5282 3709 5351 μεγάλων

2008 5369 2118 5441 γάρ
2157 5369 2371 5441 ἀνδρῶν
2393 5369 2564 5425 όντων
2596 5369 2707 5424 τῶν
2770 5369 3127 5444 ὑϐριζόντων,
3153 5370 3298 5424 οὕτω
3322 5369 3572 5441 λέγομεν·
3616 5372 3706 5436 Ὠς

2008 5458 2091 5521 τίς
2119 5457 2394 5528 ὑϐρίζεις;
2422 5457 2524 5513 Διά
2555 5456 2721 5512 τοῦτο
2775 5459 3020 5512 κάκεῖνοι
3073 5457 3248 5521 οὕτως
3294 5457 3705 5530 ἀποκρίνονται.

2011 5546 2335 5600 Τοὺναντίον
2372 5547 2428 5600 δὲ
2463 5546 2635 5618 ἐχρῆν
2665 5547 2868 5616 λέγειν·
2935 5546 3248 5618 ’Υϐρίζεις;
3285 5545 3496 5616 ὕϐριζε·
3533 5547 3708 5610 οὐδεὶς

2011 5635 2121 5707 γάρ
2149 5631 2219 5690 εί.
2258 5637 2404 5709 Πρὸς
2436 5635 2495 5690 δέ
2525 5637 2653 5700 τοὺς
2677 5637 2780 5707 οὑχ
2813 5635 3142 5708 ὑϐρίζοντας
3181 5634 3342 5689 τοῦτο
3368 5635 3570 5707 μᾶλλον
3601 5635 3708 5692 ἔδει

2011 5723 2290 5793 λέγεσθαι·
2335 5725 2425 5788 Ὦς
2446 5725 2531 5788 τίς
2553 5725 2654 5795 οὑχ
2690 5723 2970 5796 ὑϐρίζεις;
3002 5724 3279 5796 ὑπερέϐης
3305 5723 3405 5794 τὴν
3432 5723 3711 5797 ἀνθρωπίο

2013 5829 2112 5882 νην
2139 5815 2323 5883 φύσιν.
2363 5812 2540 5867 Τοῦτο
2564 5813 2838 5882 εὐγένεια,
2867 5812 3029 5867 τοῦτο
3051 5811 3359 5884 ἐλευθερία,
3385 5813 3555 5884 μηδὲν
3610 5815 3710 5868 ἀν-

2013 5901 2300 5974 ελεύθερον
2321 5902 2685 5971 φθέγγεσθαι,
2715 5902 2817 5958 κᾶν
2845 5898 3053 5976 άξιοςῇ
3084 5919 3170 5966 τις
3204 5900 3446 5956 ἀκούειν.
3477 5901 3613 5956 Είπὲ
3642 5905 3707 5975 δή

2018 6007 2131 6060 μοι,
2161 5991 2316 6045 πόσοι
2349 5992 2470 6062 οὐχὶ
2503 5991 2646 6059 άξιοί
2676 5994 2812 6046 εἰσιν
2856 5991 3235 6068 ἀναιρεῖσθαι;
3272 5990 3414 6044 Ἀλλ’
3467 5991 3619 6062 ὅμως
3647 5994 3710 6046 οὑ

2076 6093 2252 6161 {Tres
2274 6110 2391 6149 mss.
2419 6103 2471 6147 cl
2495 6097 2671 6159 Savil.,
2719 6099 2933 6161 ἐγκαλῶν
2959 6097 3011 6159 ᾖ,
3058 6097 3114 6145 τὸ
3158 6095 3264 6145 τοῦ.

2019 6096 2252 6206 “2:263
2274 6110 2391 6149 mss.
2419 6103 2471 6147 cl
2495 6097 2671 6159 Savil.,
2719 6099 2933 6161 ἐγκαλῶν
2959 6097 3011 6159 ᾖ,
3058 6097 3114 6145 τὸ
3158 6096 3264 6145 τοῦ.
3370 6109 3392 6136 ε
3425 6096 3560 6147 Unus
3607 6099 3711 6160 μετ’

2101 6175 2115 6204 ι
2201 6193 2212 6206 υ

3169 6239 3242 6301 18
