4076 6574
258 503 340 558 ibi

257 609 568 668 contrarium
597 605 701 663 dici
731 603 1046 675 Oportebat;
1087 600 1180 656 sed
1212 599 1334 670 quia
1368 611 1465 652 nos
1493 595 1633 651 male
1662 595 1832 651 inter-

257 719 522 777 rogamus,
568 703 688 758 ideo
730 701 804 758 illi
843 700 983 756 male
1026 695 1395 767 respondent:
1430 692 1611 762 itaque
1655 702 1753 743 nos
1783 687 1835 777 in

254 776 404 852 eausa
435 808 642 852 sumus.
675 796 750 849 Ac
777 793 820 846 si
845 791 985 845 enim
1017 789 1092 843 illi
1118 783 1494 844 centumeliosi
1519 781 1695 852 magni
1721 776 1841 850 qui-

256 892 370 944 dam
398 887 498 943 viri
519 893 720 952 essent,
753 886 823 938 ita
852 882 1122 953 loquimur
1146 899 1160 935 :
1185 878 1316 947 Quis
1344 887 1427 934 est
1447 875 1535 946 qui
1560 882 1838 930 contume-

258 981 372 1036 liam
417 978 646 1036 inferas?
689 978 815 1033 ldeo
854 976 927 1031 illi
977 975 1054 1030 sic
1106 972 1451 1044 reSpondent.
1501 967 1839 1052 Contrarium

257 1088 380 1128 vero
409 1071 694 1143 oportebat
715 1069 899 1126 dicere
923 1086 936 1122 :
968 1065 1306 1122 Contumelia
1327 1061 1537 1119 aflicis?
1564 1066 1842 1116 contume-

258 1166 318 1220 lia
347 1164 533 1230 silice;
567 1162 750 1218 nullus
775 1161 918 1218 enim
953 1173 1034 1216 es.
1069 1157 1149 1214 Ad
1182 1157 1304 1212 illos
1334 1170 1482 1220 vero,
1529 1152 1617 1224 qui
1649 1158 1838 1206 contu-

258 1256 407 1312 melia
433 1270 540 1310 non
570 1253 842 1319 alliciunt,
873 1253 1052 1325 potius
1077 1248 1364 1306 dicendum
1405 1254 1522 1303 erat
1549 1263 1564 1300 :
1595 1244 1724 1312 Quis
1747 1258 1838 1308 es,

256 1350 337 1420 qui
367 1347 690 1404 contumelia
724 1362 828 1402 non
853 1343 1060 1400 amcis?
1094 1330 1644 1397 lmmanamnaturam
1669 1345 1842 1391 trans-

257 1441 497 1500 ccndisti.
549 1442 663 1498 Hoc
704 1439 956 1496 nobilitas
1002 1445 1114 1504 est,
1163 1435 1298 1492 nihil
1342 1432 1605 1488 illiberale
1659 1428 1841 1500 loqui,

257 1535 455 1592 etiamsi
499 1535 619 1605 quis
649 1533 836 1587 audire
866 1530 936 1586 sit
965 1529 1180 1601 dignus.
1227 1527 1320 1581 Dic
1348 1539 1479 1581 vero
1516 1522 1684 1589 mihi,
1714 1527 1848 1592 quot

257 1643 353 1682 non
375 1636 500 1683 sunt
519 1625 666 1698 digni
690 1634 748 1680 ut
771 1622 1117 1680 occidantur?
1147 1635 1321 1691 neque
1344 1629 1520 1674 tamen
1547 1631 1644 1688 per
1663 1631 1723 1672 se
1745 1614 1846 1670 hoc

255 1719 406 1786 iudex
438 1719 582 1784 facit,
604 1716 700 1774 sed
725 1717 1041 1786 interrogat,
1071 1728 1244 1784 neque
1268 1727 1362 1783 per
1385 1712 1642 1782 seipsum.
1668 1708 1727 1765 Si
1746 1708 1845 1762 au-

258 1820 356 1866 tem
386 1811 586 1866 homini
617 1808 864 1879 improbo
880 1807 1044 1877 judex
1069 1821 1172 1860 non
1196 1803 1447 1876 dignatur
1471 1817 1567 1873 per
1589 1815 1649 1858 se
1675 1799 1845 1872 loqui,

256 1902 342 1958 sed
370 1901 548 1958 medio
582 1901 834 1973 quopiam
863 1901 1048 1964 utitur,
1094 1899 1263 1954 multo
1291 1896 1461 1968 magis
1491 1909 1590 1951 nos
1634 1901 1850 1965 oportet

258 2008 405 2063 pares
431 2008 537 2048 non
559 1993 884 2048 contumelia
907 1991 1123 2046 allicere
1148 2007 1160 2044 :
1193 2003 1298 2044 non
1321 1987 1465 2042 enim
1488 1986 1560 2043 ita
1586 1985 1693 2041 illis
1713 2000 1850 2058 prte-

257 2083 483 2154 pone‘ndi
509 2084 712 2140 erimus
731 2123 748 2147 ,
779 2082 826 2137 si
859 2082 980 2136 illos
1018 2078 1342 2136 contumelia
1373 2077 1690 2142 afﬁciamus,
1719 2074 1847 2131 ut'si

254 2176 562 2241 doceamur,
609 2175 750 2247 quod
794 2189 894 2230 nos
941 2175 1089 2246 ipsos
1127 2171 1453 2229 contumelia
1488 2170 1848 2227 affecerimus.

254 2266 413 2324 Malos
440 2283 567 2340 ergo
598 2266 721 2323 ideo
747 2266 1071 2322 contumelia
1100 2263 1320 2319 afﬁcere
1345 2278 1450 2318 non
1485 2271 1720 2334 oportet,
1755 2260 1851 2315 bo-

256 2375 351 2416 nos
374 2369 554 2416 autem
580 2359 686 2414 alia
716 2373 930 2430 quoque
954 2357 1021 2412 de
1043 2370 1227 2422 causa,
1258 2353 1400 2426 quod
1427 2369 1536 2409 non
1565 2361 1847 2409 contume-

254 2451 320 2506 lia
349 2451 496 2523 digni
527 2450 665 2510 sint:
700 2450 858 2506 tertio
881 2457 1064 2505 autem
1103 2449 1224 2518 quia
1254 2445 1703 2503 contumeliosum
1731 2459 1852 2500 esse

255 2540 356 2602 non
376 2555 609 2618 Oportet.
639 2544 787 2601 Nunc
807 2554 986 2601 autem
1004 2542 1125 2600 vide
1149 2551 1348 2614 quanta
1374 2541 1504 2597 ﬁant
1530 2558 1542 2595 :
1574 2548 1853 2596 contume-

256 2638 319 2692 lia
347 2649 401 2694 et
428 2639 630 2694 damno
657 2636 891 2692 afficitur
919 2635 1115 2703 homo,
1147 2648 1356 2690 necnon
1386 2633 1432 2688 is
1460 2634 1548 2702 qui
1582 2631 1728 2686 laedit
1749 2669 1765 2695 ,
1798 2636 1854 2685 et

254 2741 600 2802 spectatores.
637 2731 774 2801 Quid
803 2730 973 2802 ergo?
1002 2745 1126 2785 num
1175 2727 1316 2783 feras
1342 2727 1395 2781 in
1424 2725 1661 2781 medium
1691 2737 1851 2779 acce-

253 2823 380 2880 dere
407 2833 660 2895 oportet»,
706 2831 764 2878 et
804 2837 918 2878 rem
968 2818 1304 2877 dissolvere?
1349 2818 1453 2874 hoc
1481 2816 1625 2873 enim
1665 2824 1850 2872 restat.

255 2915 383 2972 Cum
409 2917 554 2972 enim
584 2915 830 2972 homines
852 2923 978 2972 sunt
1000 2915 1057 2980 ii,
1079 2914 1168 2986 qui
1193 2913 1245 2969 in
1271 2911 1556 2986 iniquitate
1577 2909 1852 2968 delectari.

256 3017 358 3077 tur,
413 3009 544 3066 leris
582 3009 946 3065 reconciliatio
995 3018 1351 3064 reservatur:
1397 3005 1853 3078 quemadmodum

257 3100 398 3157 heris
422 3101 573 3158 domi
602 3101 983 3172 pugnantibus,
1012 3108 1180 3154 restat
1216 3107 1272 3153 ut
1302 3096 1584 3154 domestici
1618 3096 1735 3151 illos
1762 3110 1851 3152 re—

1205 485 1273 542 IN
1314 484 1492 541 ACTA
1537 472 2062 536 APOSTOLORUM.
2103 472 2332 531 UOMIL.
2379 474 2493 531 XL.

3444 490 3555 537 ⁸232.

1945 589 2235 646 concilient
2262 589 2402 658 (hoc
2433 588 2578 645 enim
2609 599 2799 643 natura
2831 588 2906 644 rei
2934 585 3139 660 exigit,
3173 586 3383 644 etiamsi
3413 587 3551 646 forte

1942 684 2044 739 hac
2071 686 2283 739 ratione
2309 699 2414 739 non
2440 682 2555 754 fiat)
2579 701 2591 736 :
2622 683 2700 738 sic
2724 693 2780 738 et
2807 682 2910 738 hoc
2932 695 3085 748 casu,
3113 679 3449 738 Contumelia
3473 683 3551 735 al-

1943 776 2096 832 licis?
2128 788 2181 832 et
2203 777 2330 847 jure
2359 776 2610 847 quidem;
2643 791 2748 831 non
2779 777 2923 833 enim
2963 776 3130 832 homo
3161 792 3239 832 es.
3284 776 3409 833 Ideo
3437 792 3553 832 mae

1942 885 2105 941 gnum
2131 872 2406 941 quidpiam
2449 885 2571 926 esse
2597 870 2709 925 visa
2739 879 2825 925 est
2854 870 3181 925 contumelia
3203 911 3219 938 ,
3253 879 3309 924 et
3336 872 3546 941 magnis

1942 977 2276 1034 congruere:
2307 963 2480 1019 servis
2509 972 2688 1019 autem
2714 963 2886 1033 magis
2911 963 3190 1034 competit,
3227 970 3283 1017 ut
3309 962 3446 1019 bene
3475 964 3556 1017 lo-

1943 1055 2033 1124 qui
2057 1055 2259 1110 liberos
2284 1053 2462 1110 decet.
2492 1054 2644 1111 Sicut
2664 1054 2809 1110 enim
2833 1055 2971 1110 male
2996 1054 3172 1111 lacere
3194 1053 3260 1108 ad
3285 1053 3407 1111 illos
3429 1068 3554 1126 per-

1948 1149 2115 1211 tinet,
2151 1147 2230 1202 sic
2259 1145 2325 1202 ad
2357 1131 2457 1202 hos
2499 1147 2640 1202 mala
2685 1147 2814 1217 pati.
2849 1147 3093 1218 Exempli
3121 1160 3312 1210 causa,
3358 1144 3554 1200 ancilla

1948 1239 2148 1309 raplrix
2177 1246 2280 1303 est,
2305 1254 2424 1309 qua:
2453 1253 2540 1294 res
2561 1238 2766 1294 domini
2794 1239 2988 1309 raptim
3013 1235 3244 1309 subripit
3271 1256 3285 1291 :
3320 1237 3443 1292 talis
3465 1245 3551 1290 i-st

1901 1395 1903 1398 ,
1946 1338 2000 1385 ct
2024 1330 2386 1386 contumelia:
2418 1337 2472 1386 et
2513 1338 2570 1385 ut
2596 1331 2716 1402 quis
2742 1330 2972 1397 dixerit,
3006 1328 3090 1384 fur
3124 1330 3398 1400 ingressus
3428 1337 3547 1382 stu-

1946 1420 2098 1477 diose
2121 1423 2319 1494 ubiqne
2348 1421 2640 1491 observat,
2669 1422 2868 1493 aliquid
2893 1422 3104 1478 auferre
3129 1434 3324 1477 curans
3349 1441 3362 1476 :
3389 1420 3470 1476 sic
3496 1428 3551 1475 et

1949 1515 2050 1570 iste
2079 1514 2260 1569 omnia
2286 1514 2652 1585 cireumSpicit
2673 1554 2690 1582 ,
2717 1523 2776 1569 ut
2801 1513 3004 1584 aliquid
3034 1513 3246 1583 eripiat.
3273 1512 3392 1567 Alio
3421 1510 3559 1566 forte

1948 1605 2198 1676 exemplo
2242 1619 2416 1675 ipsum
2447 1604 2818 1676 depingemus.
2868 1602 3331 1673 Quemadmodum
3366 1601 3412 1656 si
3439 1601 3560 1672 quis

1952 1711 2079 1751 vasa
2108 1696 2384 1752 immunda
2413 1695 2561 1752 domi
2593 1694 2820 1764 luretur,
2851 1706 2906 1753 et
2928 1710 3112 1751 coram
3139 1693 3393 1751 omnibus
3419 1692 3559 1750 edu-

1949 1795 2036 1842 cat
2058 1826 2072 1852 ,
2100 1801 2209 1843 non
2247 1795 2356 1842 tam
2398 1786 2549 1842 illum
2580 1786 2834 1858 deturpat
2871 1786 3102 1854 furtum,
3134 1799 3295 1856 quam
3325 1785 3442 1856 ipse
3469 1799 3563 1840 se-

1953 1879 2262 1949 metipsum,
2287 1877 2416 1933 dum
2444 1879 2562 1934 haec
2587 1877 2762 1936 aufert
2787 1896 2802 1932 :
2834 1878 2913 1934 sic
2932 1886 2989 1934 et
3014 1877 3137 1946 iste,
3167 1878 3374 1948 impura
3398 1875 3562 1932 verba

1950 1985 2132 2026 coram
2157 1969 2410 2026 omnibus
2440 1970 2740 2040 proferens,
2772 1985 2880 2026 non
2909 1971 3048 2025 alios
3076 1968 3258 2025 verbis
3287 1968 3561 2038 deturpat,

1951 2059 2046 2116 sed
2076 2061 2313 2131 seipsum
2334 2102 2351 2128 ,
2382 2060 2508 2115 talia
2543 2059 2826 2130 proferens
2852 2059 3169 2132 lmdansque
3199 2069 3256 2116 et
3283 2073 3344 2115 se
3373 2068 3426 2115 et
3454 2059 3560 2114 lin-

1953 2168 2111 2223 gnam
2144 2161 2202 2210 et
2229 2163 2487 2209 mentem.
2521 2153 2756 2224 ldipsutn
2787 2153 2929 2209 enim
2959 2152 3038 2220 fit,
3067 2150 3284 2223 quando
3306 2150 3565 2207 adversus

1955 2246 2127 2302 malos
2160 2261 2460 2317 pugnamus
2479 2287 2494 2314 ,
2525 2260 2589 2301 ac
2616 2246 2660 2301 si
2692 2246 2813 2317 quis
2844 2247 2895 2300 in
2938 2244 3225 2317 putredine
3254 2253 3567 2300 versantem

1956 2346 2011 2392 ut
2039 2339 2195 2393 l‘eriat
2216 2378 2231 2401 ,
2272 2336 2512 2408 seipsum
2541 2337 2886 2408 coinquinet,
2917 2352 3110 2393 manus
3143 2337 3196 2392 in
3223 2351 3440 2392 emnum
3466 2333 3568 2391 de-

1955 2430 2193 2484 mittens.
2224 2427 2351 2484 Haec
2399 2430 2580 2485 omnia
2610 2471 2626 2496 ,
2657 2444 2877 2501 quaeso,
2925 2430 3265 2500 cogitantes,
3300 2427 3569 2499 fugiamus

1959 2521 2062 2577 hoc
2088 2519 2346 2576 damnum
2369 2563 2383 2586 ,
2412 2529 2468 2576 et
2496 2521 2692 2577 bonam
2725 2521 3022 2577 habeamus
3051 2521 3312 2592 linguam,
3346 2528 3405 2574 ut
3443 2518 3567 2590 puri

1954 2611 2024 2666 ab
2049 2613 2197 2666 omni
2237 2613 2563 2668 contumelia
2588 2652 2606 2681 ,
2637 2612 2909 2683 possimus
2934 2613 3094 2668 vitam
3128 2620 3452 2684 prmseutem
3486 2610 3570 2665 di-

1958 2704 2188 2775 ligenter
2235 2705 2572 2776 transigere,
2624 2713 2677 2760 et
2719 2705 2983 2777 promissa
3018 2703 3367 2776 diligentibus
3405 2703 3572 2760 Deum

1957 2797 2094 2853 bona
2125 2797 2420 2868 consequi,
2450 2799 2618 2868 gratia
2663 2807 2716 2854 et
2757 2796 3090 2871 benignitate
3135 2795 3347 2856 Domini
3398 2797 3573 2852 nostri

1957 2890 2083 2948 Jesu
2111 2890 2344 2961 Christi,
2370 2892 2586 2965 quicum
2619 2890 2767 2950 Patri
2796 2904 2850 2948 et
2876 2891 3100 2964 Spiritui
3129 2902 3339 2958 sancto,
3370 2889 3538 2961 gloria
3561 2930 3574 2952 .

1963 2987 2284 3058 imperium,
2334 2988 2530 3054 honor,
2566 3003 2712 3045 nunc
2733 2998 2788 3045 et
2809 3002 3046 3060 semper,
3079 2997 3133 3043 et
3163 2987 3217 3043 in
3246 2985 3441 3042 sarcula
3469 2999 3571 3040 sa:-

1958 3078 2224 3134 culorum.
2259 3081 2450 3136 Amen.

255 3221 3568 3249 —-———————-———————-———-————————l—————————

1626 3309 1966 3371 HOMlLlA
2001 3311 2138 3374 XL.

257 3465 384 3520 CAP.
431 3465 520 3519 18.
555 3481 607 3518 ν.
641 3463 727 3522 18,
778 3461 980 3516 Paulus
1019 3469 1187 3514 autem
1230 3476 1344 3513 cum
1387 3458 1556 3537 adhuc
1596 3457 1858 3510 ntansissrt

326 3557 433 3611 dies
463 3557 652 3610 multos
669 3553 914 3624 fratribus
937 3551 1243 3615 valedicens,
1268 3550 1523 3620 navigavit
1551 3549 1604 3602 in
1627 3548 1854 3618 Syriam,

326 3660 371 3703 et
403 3665 519 3702 cum
556 3647 647 3701 illo
681 3644 918 3699 Priscilla
947 3646 1000 3698 'et
1031 3643 1216 3713 Aquila
1259 3643 1346 3712 qui
1374 3642 1471 3695 sibi
1499 3637 1782 3696 totonderat
1806 3640 1862 3695 in

325 3740 599 3798 Cenchreis
626 3747 814 3810 caput;
844 3738 1056 3792 habebat
1077 3738 1211 3791 enim
1237 3745 1429 3791 votum.

328 3835 380 3890 l.
425 3833 565 3891 Vide
609 3830 880 3904 quomodo
919 3831 1010 3888 lex
1051 3831 1225 3886 soluta
1265 3838 1380 3895 est;
1425 3827 1545 3884 vide
1591 3828 1862 3898 quomodo

257 3927 590 3982 conscientia
621 3924 1043 3982 detinebantur:
1072 3921 1356 3979 Iudaicum
1388 3924 1532 3978 enim
1563 3930 1679 3987 erat
1704 3928 1865 3991 caput

260 4019 485 4075 tondere
510 4034 582 4075 ex
602 4026 750 4073 voto.
781 4016 1165 4071 Verumtamen
1189 4015 1473 4085 oportebat
1499 4015 1661 4069 etiam
1689 4014 1860 4068 sacri-

262 4109 436 4166 ficium
473 4112 593 4167 lieri
623 4128 636 4164 :
671 4109 813 4179 quod
850 4123 960 4164 non
989 4117 1073 4164 est
1106 4108 1344 4163 oblatum
1374 4117 1494 4177 post
1523 4107 1864 4162 verberatum

258 4202 605 4257 Sosthenem.
645 4199 939 4270 Oportebat
976 4199 1125 4254 abire
1165 4199 1351 4264 illum;
1384 4198 1505 4254 ideo
1534 4207 1589 4253 et
1629 4196 1863 4265 festinat.

263 4294 326 4350 Et
351 4307 580 4368 rogatus
597 4293 738 4365 apud
766 4294 886 4348 illos
910 4292 1108 4363 Ephesi
1133 4308 1373 4358 manere,
1397 4307 1503 4345 non
1532 4290 1739 4346 annuit.
1760 4289 1869 4345 Cur

259 4402 390 4459 ergo
425 4401 623 4443 rursus
653 4385 993 4441 Antiochiam
1037 4383 1325 4440 concedit?
1367 4383 1497 4439 Nam
1540 4383 1829 4438 Ascendens
1852 4425 1867 4447 ,

261 4482 456 4554 inquit,
486 4497 609 4538 cum
629 4480 896 4535 salutasset
921 4479 1220 4543 Ecclesium,
1250 4478 1506 4533 descendit
1527 4477 1867 4532 Antiochiam.

265 4574 514 4631 llumano
543 4574 780 4647 quodam
807 4573 1000 4629 aﬂ'ectu
1027 4572 1298 4628 civitatem
1335 4573 1480 4627 illam
1505 4569 1870 4642 prosequeba-

265 4675 386 4722 tur:
421 4668 496 4723 ibi
532 4667 684 4722 enim
715 4665 967 4736 appellati
1009 4674 1134 4720 sunt
1163 4665 1409 4734 discipuli
1441 4663 1767 4726 Christiani,
1801 4662 1870 4716 ibi

265 4761 492 4817 traditus
519 4769 609 4816 est
632 4759 818 4829 gratia:
846 4759 962 4822 Dei,
993 4757 1064 4813 ibi
1092 4758 1353 4827 dogmatis
1378 4756 1588 4827 negotia
1625 4753 1871 4826 perfecit.

233 4853 328 4908 -Et
349 4853 440 4909 ille
462 4852 690 4922 quidem
723 4850 774 4904 in
799 4847 1008 4920 Syriam
1039 4850 1344 4920 navigavit;
1375 4848 1497 4902 illos
1523 4861 1652 4903 vero
1680 4845 1876 4917 Ephesi

263 4946 530 5016 reliquit:
575 4954 630 4998 et
677 4945 870 4998 merito
916 4943 1166 5011 quidem,
1218 4950 1406 5012 utpote
1449 4940 1728 4996 docturos.
1776 4938 1878 5006 Qui

266 5043 412 5092 tanto
438 5046 694 5106 tempore
723 5048 844 5087 cum
877 5033 969 5088 illo
991 5041 1269 5088 versantes
1295 5075 1309 5098 ,
1341 5033 1508 5088 multa
1537 5031 1838 5087 didicerant
1863 5050 1874 5084 :

264 5136 502 5183 attamen
526 5123 775 5182 nondum
801 5124 922 5180 illos
937 5141 966 5179 a
989 5125 1378 5180 consuetudine
1397 5124 1617 5180 Judaica
1639 5124 1882 5180 abduxe-

265 5227 365 5273 rat.
397 5219 545 5275 Ecce
581 5216 780 5271 mulier
810 5216 951 5272 idem
978 5215 1120 5286 quod
1144 5216 1243 5270 viri
1273 5217 1425 5284 facit,
1456 5227 1510 5272 et
1536 5217 1713 5273 docet.
1749 5217 1880 5272 Pro-

267 5321 449 5379 pterea
499 5307 827 5381 prohibetur
855 5309 907 5363 in
938 5309 1118 5364 Asiam
1155 5309 1376 5377 venire,
1424 5309 1492 5364 ad
1535 5325 1634 5376 ea,
1668 5311 1879 5380 Opinor,

269 5416 385 5472 quae
414 5403 592 5474 magis
618 5400 884 5471 urgebant
907 5401 1188 5470 impulsus.
1218 5401 1346 5457 Vide
1369 5418 1600 5472 namque
1625 5403 1774 5458 illum
1797 5401 1884 5457 hic

268 5505 513 5566 rogatum
541 5504 603 5550 ut
631 5504 908 5558 maneret,
941 5509 1042 5550 nec
1081 5509 1286 5550 morem
1317 5506 1615 5566 gerentem,
1648 5498 1768 5567 quia
1797 5513 1886 5552 ur-

269 5587 498 5657 gebatur
526 5596 588 5641 ut
615 5585 948 5641 discederet.
980 5585 1092 5642 Nec
1117 5587 1436 5659 simpliciter
1474 5590 1595 5644 illos
1635 5586 1883 5661 reliquit,

271 5678 362 5733 sed
383 5696 508 5734 eum
533 5677 812 5750 promissu
836 5679 1138 5733 revertendi
1169 5697 1181 5732 :
1216 5681 1484 5750 quomodo
1511 5691 1709 5748 autem,
1740 5683 1882 5739 nudi.

275 5767 361 5821 l9.
393 5768 752 5837 Devenitque,
796 5768 996 5838 inquit,
1030 5769 1293 5841 Ephesum
1325 5783 1370 5826 et
1399 5773 1515 5827 illos
1542 5774 1611 5827 ibi
1644 5775 1886 5844 reliquit:

273 5859 378 5929 ipse
405 5877 526 5917 vero
558 5863 823 5932 ingressus
854 5862 906 5915 in
949 5879 1289 5935 synngogam,
1329 5867 1606 5936 disputavit
1635 5883 1749 5921 cum
1784 5867 1885 5922 Ju-

276 5950 414 6007 da'is.
445 5952 535 6009 ‘20.
582 5953 906 6023 Rogantibus
943 5965 1109 6009 autem
1145 5957 1249 6022 eis,
1295 5967 1349 6009 ut
1383 5959 1625 6028 ampliori
1669 5968 1890 6029 tempore

1971 3469 2195 3515 maneret
2220 3462 2362 3531 apud
2405 3462 2522 3517 illos
2543 3503 2560 3529 ,
2593 3478 2694 3516 non
2731 3464 2940 3530 annuit,
2967 3463 3059 3518 2|.
3088 3465 3180 3518 sed
3206 3463 3448 3518 valedixit
3475 3463 3580 3528 eis,

1968 3552 2144 3606 dicens
2167 3567 2186 3606 :
2218 3550 2433 3624 Oportet
2459 3570 2538 3612 me
2567 3554 2774 3611 omnino
2797 3556 2982 3627 festum
3001 3595 3017 3621 ,
3051 3554 3190 3625 quod
3218 3555 3407 3618 instat,
3438 3571 3590 3626 agere

1966 3642 2347 3715 Jerosolgmis;
2385 3647 2572 3700 iterum
2616 3655 2785 3700 autem
2832 3656 3053 3700 revertar
3091 3646 3160 3700 ad
3202 3661 3318 3711 vos,
3352 3645 3463 3701 Deo
3501 3663 3586 3700 t'o-

1969 3735 2101 3790 lente
2125 3750 2144 3788 :
2164 3745 2215 3791 et
2241 3736 2388 3791 solvit
2415 3736 2477 3790 ab
2509 3734 2736 3805 Epheso.
2758 3736 2851 3792 22.
2884 3735 2952 3790 Et
2979 3739 3241 3809 profectus
3273 3736 3584 3804 Cwsaream,

1971 3843 2088 3882 cum
2108 3823 2446 3891 ascendisset,
2477 3840 2526 3883 et
2554 3830 2823 3883 salutasset
2851 3827 3160 3896 Ecclesium,
3195 3830 3452 3884 descendit
3481 3829 3589 3883 An-

1972 3921 2242 3984 tiochiam;
2273 3921 2364 3978 9.5.
2389 3921 2554 3991 ibique
2579 3921 2842 3991 aliquanto
2870 3931 3128 3975 transacto
3160 3932 3403 3991 tempore,
3437 3922 3590 3976 exivit

1973 4013 2224 4067 transiens
2247 4013 2431 4067 deinde
2459 4030 2549 4084 per
2568 4013 2860 4068 Galaticum
2894 4014 3153 4084 regionem
3180 4025 3226 4069 et
3262 4013 3586 4084 Phrygiam,

1972 4106 2286 4175 confirmans
2314 4123 2488 4162 omnes
2522 4107 2822 4179 discipulos.
2868 4107 3005 4163 Vide
3030 4151 3045 4176 ,
3090 4109 3284 4163 iterum
3328 4109 3479 4164 venit
3521 4110 3589 4162 ad

1977 4198 2127 4264 loca,
2175 4215 2296 4272 qua:
2342 4210 2468 4256 ante
2516 4200 2743 4256 adierat.
2781 4201 2875 4257 2i.
2916 4200 3132 4257 Juda'ns
3173 4211 3341 4256 autem
3379 4200 3592 4271 quidam

1977 4293 2163 4362 Apollo
2193 4294 2418 4361 nomine,
2449 4294 2829 4349 Alexandrinus
2850 4311 3033 4366 genere
3052 4337 3067 4362 ,
3091 4295 3169 4349 vir
3199 4289 3436 4365 eloquens
3454 4336 3469 4361 ,
3499 4295 3591 4348 de-

1977 4385 2108 4438 venit
2137 4383 2425 4455 Ephesum,
2465 4395 2641 4456 potens
2670 4386 2724 4440 in
2760 4386 3068 4456 Scripturis.
3116 4386 3256 4442 Ecce
3294 4395 3350 4442 et
3389 4383 3586 4442 eruditi

1979 4479 2274 4550 prtedicare
2309 4481 2572 4546 nituntur,
2606 4491 2660 4535 et
2707 4479 2928 4535 domum
2959 4479 3208 4550 discipuli
3235 4480 3582 4551 peregrinan-

1983 4581 2087 4627 tur.
2117 4572 2308 4629 Vidcn‘
2341 4573 2734 4630 incrementum
2765 4575 3204 4644 praedicationis?
3233 4574 3325 4631 25.
3359 4574 3460 4629 llic
3487 4589 3598 4629 erat

1981 4666 2187 4720 edoctus
2217 4666 2350 4720 viam
2380 4665 2610 4732 Domini,
2646 4677 2694 4720 et
2725 4667 2924 4737 fervens
2957 4667 3162 4736 Spiritu
3194 4667 3515 4739 loquebatur,
3548 4677 3598 4722 et

1983 4758 2194 4812 docebat
2225 4757 2494 4828 diligenter
2523 4776 2583 4811 ea
2603 4802 2617 4824 ,
2646 4775 2760 4829 qua:
2785 4770 2904 4814 sunt
2927 4758 3174 4826 Domini,
3201 4761 3364 4815 sciens
3400 4769 3595 4816 tantum

1986 4850 2236 4919 baptisma
2273 4851 2518 4907 Joannis.
2549 4853 2640 4908 26.
2691 4851 2789 4906 llic
2814 4855 2962 4924 ca’pit
2995 4854 3151 4908 libere
3179 4855 3317 4924 loqui
3351 4858 3404 4908 in
3443 4871 3597 4925 syna~

1985 4958 2135 5013 goga.
2170 4942 2447 4998 Audientes
2477 4955 2644 4998 autem
2666 4945 2814 5000 illum
2836 4946 3021 5016 Aquila
3043 4957 3090 5000 et
3117 4945 3380 5013 Priscilla,
3400 4963 3602 5001 assum--

1989 5045 2196 5102 pserunt
2222 5053 2360 5101 cum,
2391 5045 2436 5091 et
2463 5037 2759 5108 diligentius
2780 5048 3123 5110 exposuerunt
3149 5038 3194 5093 ei
3213 5039 3342 5092 ciant
3369 5039 3600 5093 Domini.

1988 5127 2041 5181 Si
2069 5127 2155 5181 hic
2181 5127 2444 5197 baptisma
2467 5128 2694 5184 Joannis
2719 5137 2921 5184 tantum
2947 5130 3173 5197 sciebat,
3200 5131 3476 5200 quomodo
3499 5129 3602 5186 fer-

1988 5220 2148 5275 vebat
2175 5220 2414 5291 Spiritu?
2445 5222 2678 5290 Spiritus
2708 5224 2853 5277 enim
2884 5239 2990 5278 non
3025 5225 3095 5278 ita
3128 5223 3379 5279 dabatur.
3411 5222 3468 5281 Si
3507 5239 3604 5278 au-

1992 5322 2100 5366 tem
2147 5313 2235 5381 qui
2278 5323 2398 5381 post
2446 5314 2597 5368 illum
2647 5315 2896 5382 fuerunt,
2939 5329 3077 5385 opus
3121 5314 3366 5372 habuere
3407 5315 3608 5372 Christi

1992 5404 2281 5474 baptismo,
2316 5405 2485 5459 multo
2516 5407 2686 5476 magis
2714 5406 2800 5462 hic
2821 5423 2958 5476 Opus
2982 5407 3282 5463 habuisset.
3314 5408 3452 5477 Quid
3475 5424 3608 5479 ergo

1992 5496 2318 5552 dicendum?
2351 5513 2526 5568 neque
2553 5501 2696 5554 enim
2735 5501 2851 5555 sine
2895 5512 3057 5557 causa
3093 5512 3383 5572 utrumque
3428 5504 3610 5573 posuit

1992 5590 2244 5660 scriptor.
2268 5590 2496 5648 Videtur
2517 5593 2648 5649 mihi
2681 5593 2822 5649 hunc
2848 5610 2969 5651 esse
3001 5612 3166 5650 unum
3195 5612 3262 5651 ex
3285 5576 3504 5652 centum
3534 5599 3614 5651 vi-

1995 5682 2124 5748 ginli
2160 5683 2299 5748 (Act.
2334 5685 2385 5738 l.
2417 5687 2532 5752 15),
2571 5687 2662 5757 qui
2692 5701 2814 5740 cum
2857 5687 3120 5757 apostolis
3149 5689 3404 5756 baptizati
3438 5697 3563 5743 sunt
3596 5707 3610 5742 :

1998 5775 2078 5828 vel
2109 5775 2153 5829 si
2196 5790 2305 5831 non
2343 5780 2412 5830 ita
2440 5780 2544 5846 sit,
2577 5780 2718 5849 quod
2757 5781 2808 5833 in
2838 5781 3089 5836 Cornelio
3111 5822 3125 5846 ,
3156 5782 3210 5834 in
3256 5781 3358 5835 hoc
3396 5797 3612 5852 quoque

1998 5870 2196 5924 factum
2223 5879 2326 5925 est.
2355 5870 2464 5928 Sed
2500 5887 2606 5927 non
2631 5873 2954 5943 baptizatur,
2984 5873 3159 5929 donec
3197 5875 3271 5929 illi
3302 5877 3608 5930 accuratius

1998 5973 2382 6030 exposuerunt.
2437 5964 2548 6022 lloc
2596 5965 2729 6021 mihi
2777 5981 2966 6021 verum
3017 5982 3136 6022 esse
3186 5967 3416 6034 videtur,
3475 5970 3598 6038 quia
