  <div class='ocr_page' id='page_1' title='image "/cluster/home/n/w/nwhite01/storage/ocr_20150623/60/uva.x004246612/289.png"; bbox 0 0 4076 6494; ppageno 0'>
   <div class='ocr_carea' id='block_1_1' title="bbox 538 443 644 499">
    <p class='ocr_par' dir='ltr' id='par_1_1' title="bbox 538 443 644 499">
     <span class='ocr_line' id='line_1_1' title="bbox 538 443 644 499; baseline 0 -3"><span class='ocrx_word' id='word_1_1' title='bbox 538 443 644 499; x_wconf 63' lang='grc' dir='ltr'><strong>ἳὸτ</strong></span> 
     </span>
    </p>
   </div>
   <div class='ocr_carea' id='block_1_2' title="bbox 536 537 2109 627">
    <p class='ocr_par' dir='ltr' id='par_1_2' title="bbox 536 537 2109 627">
     <span class='ocr_line' id='line_1_2' title="bbox 536 537 2109 627; baseline -0.015 -15"><span class='ocrx_word' id='word_1_2' title='bbox 536 556 795 627; x_wconf 74' lang='lat' dir='ltr'><strong>baptizari</strong></span> <span class='ocrx_word' id='word_1_3' title='bbox 826 554 971 610; x_wconf 89' lang='lat' dir='ltr'><strong>illum</strong></span> <span class='ocrx_word' id='word_1_4' title='bbox 1001 549 1298 622; x_wconf 75' lang='lat' dir='ltr'><strong>oportebat,</strong></span> <span class='ocrx_word' id='word_1_5' title='bbox 1326 547 1572 617; x_wconf 90' lang='lat' dir='ltr'><strong>quoniam</strong></span> <span class='ocrx_word' id='word_1_6' title='bbox 1599 541 1877 597; x_wconf 84' lang='lat' dir='ltr'><strong>duodecim</strong></span> <span class='ocrx_word' id='word_1_7' title='bbox 1909 539 1993 591; x_wconf 89' lang='lat' dir='ltr'><strong>alii</strong></span> <span class='ocrx_word' id='word_1_8' title='bbox 2026 537 2109 590; x_wconf 85' lang='lat' dir='ltr'><strong>ni-</strong></span> 
     </span>
    </p>
   </div>
   <div class='ocr_carea' id='block_1_3' title="bbox 544 632 2108 714">
    <p class='ocr_par' dir='ltr' id='par_1_3' title="bbox 544 632 2108 714">
     <span class='ocr_line' id='line_1_3' title="bbox 544 632 2108 714; baseline -0.011 -17"><span class='ocrx_word' id='word_1_9' title='bbox 544 650 611 701; x_wconf 90' lang='lat' dir='ltr'><strong>hil</strong></span> <span class='ocrx_word' id='word_1_10' title='bbox 643 646 872 714; x_wconf 77' lang='lat' dir='ltr'><strong>perfecte</strong></span> <span class='ocrx_word' id='word_1_11' title='bbox 899 646 1194 706; x_wconf 85' lang='lat' dir='ltr'><strong>noverunt‘,</strong></span> <span class='ocrx_word' id='word_1_12' title='bbox 1240 653 1407 708; x_wconf 87' lang='lat' dir='ltr'><strong>neque</strong></span> <span class='ocrx_word' id='word_1_13' title='bbox 1436 652 1497 691; x_wconf 90' lang='lat' dir='ltr'><strong>ea</strong></span> <span class='ocrx_word' id='word_1_14' title='bbox 1524 649 1643 706; x_wconf 67' lang='lat' dir='ltr'><strong>quae</strong></span> <span class='ocrx_word' id='word_1_15' title='bbox 1686 632 1867 687; x_wconf 88' lang='lat' dir='ltr'><strong>Jesutn</strong></span> <span class='ocrx_word' id='word_1_16' title='bbox 1899 637 2108 698; x_wconf 54' lang='lat' dir='ltr'><strong>specta.</strong></span> 
     </span>
    </p>
   </div>
   <div class='ocr_carea' id='block_1_4' title="bbox 545 718 2107 797">
    <p class='ocr_par' dir='ltr' id='par_1_4' title="bbox 545 718 2107 797">
     <span class='ocr_line' id='line_1_4' title="bbox 545 718 2107 797; baseline -0.012 -7"><span class='ocrx_word' id='word_1_17' title='bbox 545 739 690 791; x_wconf 89' lang='lat' dir='ltr'><strong>bant.</strong></span> <span class='ocrx_word' id='word_1_18' title='bbox 719 735 1019 790; x_wconf 81' lang='lat' dir='ltr'><strong>Verisimile</strong></span> <span class='ocrx_word' id='word_1_19' title='bbox 1048 743 1129 787; x_wconf 90' lang='lat' dir='ltr'><strong>est</strong></span> <span class='ocrx_word' id='word_1_20' title='bbox 1155 740 1329 785; x_wconf 90' lang='lat' dir='ltr'><strong>autem</strong></span> <span class='ocrx_word' id='word_1_21' title='bbox 1360 730 1529 797; x_wconf 90' lang='lat' dir='ltr'><strong>ipsum</strong></span> <span class='ocrx_word' id='word_1_22' title='bbox 1562 723 1883 794; x_wconf 79' lang='lat' dir='ltr'><strong>baptizatum</strong></span> <span class='ocrx_word' id='word_1_23' title='bbox 1925 718 2107 773; x_wconf 90' lang='lat' dir='ltr'><strong>fuisse.</strong></span> 
     </span>
    </p>
   </div>
   <div class='ocr_carea' id='block_1_5' title="bbox 540 810 2111 889">
    <p class='ocr_par' dir='ltr' id='par_1_5' title="bbox 540 810 2111 889">
     <span class='ocr_line' id='line_1_5' title="bbox 540 810 2111 889; baseline -0.011 -10"><span class='ocrx_word' id='word_1_24' title='bbox 540 828 799 881; x_wconf 83' lang='lat' dir='ltr'><strong>Caeterum</strong></span> <span class='ocrx_word' id='word_1_25' title='bbox 830 827 872 878; x_wconf 90' lang='lat' dir='ltr'>si</span> <span class='ocrx_word' id='word_1_26' title='bbox 895 825 1114 880; x_wconf 89' lang='lat' dir='ltr'><strong>Joannis</strong></span> <span class='ocrx_word' id='word_1_27' title='bbox 1133 819 1375 889; x_wconf 90' lang='lat' dir='ltr'><strong>discipull</strong></span> <span class='ocrx_word' id='word_1_28' title='bbox 1407 825 1527 888; x_wconf 88' lang='lat' dir='ltr'><strong>post</strong></span> <span class='ocrx_word' id='word_1_29' title='bbox 1549 822 1824 882; x_wconf 87' lang='lat' dir='ltr'><strong>acceptum</strong></span> <span class='ocrx_word' id='word_1_30' title='bbox 1848 810 2111 880; x_wconf 90' lang='lat' dir='ltr'><strong>baptisma</strong></span> 
     </span>
    </p>
   </div>
   <div class='ocr_carea' id='block_1_6' title="bbox 539 903 2111 987">
    <p class='ocr_par' dir='ltr' id='par_1_6' title="bbox 539 903 2111 987">
     <span class='ocr_line' id='line_1_6' title="bbox 539 903 2111 987; baseline -0.011 -14"><span class='ocrx_word' id='word_1_31' title='bbox 539 918 716 973; x_wconf 89' lang='lat' dir='ltr'><strong>denuo</strong></span> <span class='ocrx_word' id='word_1_32' title='bbox 742 918 1164 987; x_wconf 80' lang='lat' dir='ltr'><strong>baptizabantur,</strong></span> <span class='ocrx_word' id='word_1_33' title='bbox 1197 912 1474 982; x_wconf 84' lang='lat' dir='ltr'><strong>oportebat</strong></span> <span class='ocrx_word' id='word_1_34' title='bbox 1500 911 1659 965; x_wconf 83' lang='lat' dir='ltr'><strong>etiam</strong></span> <span class='ocrx_word' id='word_1_35' title='bbox 1692 903 1983 975; x_wconf 86' lang='lat' dir='ltr'><strong>discipulos</strong></span> <span class='ocrx_word' id='word_1_36' title='bbox 2010 904 2111 957; x_wconf 90' lang='lat' dir='ltr'><strong>hoc</strong></span> 
     </span>
    </p>
   </div>
   <div class='ocr_carea' id='block_1_7' title="bbox 542 997 2110 1065">
    <p class='ocr_par' dir='ltr' id='par_1_7' title="bbox 542 997 2110 1065">
     <span class='ocr_line' id='line_1_7' title="bbox 542 997 2110 1065; baseline -0.01 -3"><span class='ocrx_word' id='word_1_37' title='bbox 542 1014 734 1065; x_wconf 87' lang='lat' dir='ltr'><strong>facere.</strong></span> <span class='ocrx_word' id='word_1_38' title='bbox 766 1011 853 1063; x_wconf 76' lang='lat'><strong>27.</strong></span> <span class='ocrx_word' id='word_1_39' title='bbox 885 1010 1009 1063; x_wconf 88' lang='lat' dir='ltr'><strong>Cum</strong></span> <span class='ocrx_word' id='word_1_40' title='bbox 1036 1008 1179 1061; x_wconf 83' lang='lat' dir='ltr'><strong>vellet</strong></span> <span class='ocrx_word' id='word_1_41' title='bbox 1203 1014 1371 1059; x_wconf 89' lang='lat' dir='ltr'><strong>autem</strong></span> <span class='ocrx_word' id='word_1_42' title='bbox 1397 1004 1611 1057; x_wconf 86' lang='lat' dir='ltr'><strong>transire</strong></span> <span class='ocrx_word' id='word_1_43' title='bbox 1638 1002 1689 1053; x_wconf 91' lang='lat' dir='ltr'><strong>in</strong></span> <span class='ocrx_word' id='word_1_44' title='bbox 1716 997 1991 1060; x_wconf 79' lang='lat' dir='ltr'><strong>Achaiam,</strong></span> <span class='ocrx_word' id='word_1_45' title='bbox 2022 1010 2110 1049; x_wconf 71' lang='lat' dir='ltr'><strong>ex—</strong></span> 
     </span>
    </p>
   </div>
   <div class='ocr_carea' id='block_1_8' title="bbox 539 1088 2105 1172">
    <p class='ocr_par' dir='ltr' id='par_1_8' title="bbox 539 1088 2105 1172">
     <span class='ocr_line' id='line_1_8' title="bbox 539 1088 2105 1172; baseline -0.008 -18"><span class='ocrx_word' id='word_1_46' title='bbox 539 1104 724 1157; x_wconf 88' lang='lat' dir='ltr'><strong>hortati</strong></span> <span class='ocrx_word' id='word_1_47' title='bbox 744 1104 925 1172; x_wconf 80' lang='lat' dir='ltr'><strong>fratres</strong></span> <span class='ocrx_word' id='word_1_48' title='bbox 947 1101 1251 1171; x_wconf 81' lang='lat' dir='ltr'><strong>scripserunt</strong></span> <span class='ocrx_word' id='word_1_49' title='bbox 1277 1095 1538 1164; x_wconf 75' lang='lat' dir='ltr'><strong>discipulis</strong></span> <span class='ocrx_word' id='word_1_50' title='bbox 1557 1104 1610 1147; x_wconf 88' lang='lat' dir='ltr'><strong>ut</strong></span> <span class='ocrx_word' id='word_1_51' title='bbox 1638 1091 1911 1161; x_wconf 82' lang='lat' dir='ltr'><strong>reciperent</strong></span> <span class='ocrx_word' id='word_1_52' title='bbox 1938 1088 2105 1142; x_wconf 89' lang='lat' dir='ltr'><strong>illum.</strong></span> 
     </span>
    </p>
   </div>
   <div class='ocr_carea' id='block_1_9' title="bbox 538 1180 2106 1259">
    <p class='ocr_par' dir='ltr' id='par_1_9' title="bbox 538 1180 2106 1259">
     <span class='ocr_line' id='line_1_9' title="bbox 538 1180 2106 1259; baseline -0.01 -12"><span class='ocrx_word' id='word_1_53' title='bbox 538 1193 636 1259; x_wconf 90' lang='lat' dir='ltr'><strong>Qui</strong></span> <span class='ocrx_word' id='word_1_54' title='bbox 666 1210 778 1246; x_wconf 87' lang='lat' dir='ltr'><strong>cum</strong></span> <span class='ocrx_word' id='word_1_55' title='bbox 807 1193 1038 1259; x_wconf 86' lang='lat' dir='ltr'><strong>venisset,</strong></span> <span class='ocrx_word' id='word_1_56' title='bbox 1069 1190 1279 1245; x_wconf 79' lang='lat' dir='ltr'><strong>contulit</strong></span> <span class='ocrx_word' id='word_1_57' title='bbox 1308 1190 1522 1242; x_wconf 88' lang='lat' dir='ltr'><strong>multum</strong></span> <span class='ocrx_word' id='word_1_58' title='bbox 1550 1187 1611 1239; x_wconf 89' lang='lat' dir='ltr'><strong>iis</strong></span> <span class='ocrx_word' id='word_1_59' title='bbox 1632 1226 1645 1249; x_wconf 93' lang='lat'><strong>,</strong></span> <span class='ocrx_word' id='word_1_60' title='bbox 1677 1183 1765 1255; x_wconf 85' lang='lat' dir='ltr'><strong>qui</strong></span> <span class='ocrx_word' id='word_1_61' title='bbox 1788 1180 2106 1235; x_wconf 80' lang='lat' dir='ltr'><strong>crediderant</strong></span> 
     </span>
    </p>
   </div>
   <div class='ocr_carea' id='block_1_10' title="bbox 534 1272 2107 1354">
    <p class='ocr_par' dir='ltr' id='par_1_10' title="bbox 534 1272 2107 1354">
     <span class='ocr_line' id='line_1_10' title="bbox 534 1272 2107 1354; baseline -0.009 -17"><span class='ocrx_word' id='word_1_62' title='bbox 534 1301 623 1351; x_wconf 89' lang='lat' dir='ltr'><strong>per</strong></span> <span class='ocrx_word' id='word_1_63' title='bbox 648 1287 881 1354; x_wconf 83' lang='lat' dir='ltr'><strong>gratiam.</strong></span> <span class='ocrx_word' id='word_1_64' title='bbox 921 1283 1012 1339; x_wconf 68' lang='lat'><strong>28.</strong></span> <span class='ocrx_word' id='word_1_65' title='bbox 1056 1282 1373 1337; x_wconf 82' lang='lat' dir='ltr'><strong>Vehementer</strong></span> <span class='ocrx_word' id='word_1_66' title='bbox 1410 1280 1543 1334; x_wconf 86' lang='lat' dir='ltr'><strong>enim</strong></span> <span class='ocrx_word' id='word_1_67' title='bbox 1580 1276 1789 1331; x_wconf 70' lang='lat' dir='ltr'><strong>Juda&#39;os</strong></span> <span class='ocrx_word' id='word_1_68' title='bbox 1827 1272 2107 1327; x_wconf 86' lang='lat' dir='ltr'><strong>revincebat</strong></span> 
     </span>
    </p>
   </div>
   <div class='ocr_carea' id='block_1_11' title="bbox 527 1362 2103 1442">
    <p class='ocr_par' dir='ltr' id='par_1_11' title="bbox 527 1362 2103 1442">
     <span class='ocr_line' id='line_1_11' title="bbox 527 1362 2103 1442; baseline -0.006 -17"><span class='ocrx_word' id='word_1_69' title='bbox 527 1372 750 1442; x_wconf 84' lang='lat' dir='ltr'><strong>publice,</strong></span> <span class='ocrx_word' id='word_1_70' title='bbox 778 1372 1044 1427; x_wconf 84' lang='lat' dir='ltr'><strong>ostendens</strong></span> <span class='ocrx_word' id='word_1_71' title='bbox 1070 1388 1157 1441; x_wconf 88' lang='lat' dir='ltr'><strong>per</strong></span> <span class='ocrx_word' id='word_1_72' title='bbox 1183 1371 1474 1441; x_wconf 87' lang='lat' dir='ltr'><strong>Scripturas</strong></span> <span class='ocrx_word' id='word_1_73' title='bbox 1498 1367 1677 1422; x_wconf 86' lang='lat' dir='ltr'><strong>Jesum</strong></span> <span class='ocrx_word' id='word_1_74' title='bbox 1705 1380 1809 1419; x_wconf 86' lang='lat' dir='ltr'><strong>esse</strong></span> <span class='ocrx_word' id='word_1_75' title='bbox 1830 1362 2103 1417; x_wconf 74' lang='lat' dir='ltr'><strong>Christum.</strong></span> 
     </span>
    </p>
   </div>
   <div class='ocr_carea' id='block_1_12' title="bbox 536 1452 2107 1535">
    <p class='ocr_par' dir='ltr' id='par_1_12' title="bbox 536 1452 2107 1535">
     <span class='ocr_line' id='line_1_12' title="bbox 536 1452 2107 1535; baseline -0.008 -17"><span class='ocrx_word' id='word_1_76' title='bbox 536 1463 687 1533; x_wconf 90' lang='lat' dir='ltr'><strong>(Cap.</strong></span> <span class='ocrx_word' id='word_1_77' title='bbox 707 1464 881 1535; x_wconf 73' lang='grc'><strong>19.)1.</strong></span> <span class='ocrx_word' id='word_1_78' title='bbox 905 1463 1119 1517; x_wconf 88' lang='lat' dir='ltr'><strong>Factum</strong></span> <span class='ocrx_word' id='word_1_79' title='bbox 1138 1473 1207 1517; x_wconf 89' lang='lat' dir='ltr'><strong>est</strong></span> <span class='ocrx_word' id='word_1_80' title='bbox 1238 1471 1423 1525; x_wconf 87' lang='lat' dir='ltr'><strong>autem,</strong></span> <span class='ocrx_word' id='word_1_81' title='bbox 1442 1476 1555 1513; x_wconf 90' lang='lat' dir='ltr'><strong>cum</strong></span> <span class='ocrx_word' id='word_1_82' title='bbox 1587 1456 1767 1525; x_wconf 79' lang='lat' dir='ltr'><strong>Apollo</strong></span> <span class='ocrx_word' id='word_1_83' title='bbox 1784 1464 1907 1509; x_wconf 87' lang='lat' dir='ltr'><strong>esset</strong></span> <span class='ocrx_word' id='word_1_84' title='bbox 1928 1452 2107 1508; x_wconf 87' lang='lat' dir='ltr'><strong>Corin-</strong></span> 
     </span>
    </p>
   </div>
   <div class='ocr_carea' id='block_1_13' title="bbox 539 1545 2106 1624">
    <p class='ocr_par' dir='ltr' id='par_1_13' title="bbox 539 1545 2106 1624">
     <span class='ocr_line' id='line_1_13' title="bbox 539 1545 2106 1624; baseline -0.006 -19"><span class='ocrx_word' id='word_1_85' title='bbox 539 1554 633 1619; x_wconf 87' lang='lat' dir='ltr'><strong>thi,</strong></span> <span class='ocrx_word' id='word_1_86' title='bbox 659 1564 712 1607; x_wconf 90' lang='lat' dir='ltr'><strong>ut</strong></span> <span class='ocrx_word' id='word_1_87' title='bbox 746 1554 945 1609; x_wconf 79' lang='lat' dir='ltr'><strong>Paulus</strong></span> <span class='ocrx_word' id='word_1_88' title='bbox 984 1552 1261 1624; x_wconf 81' lang='lat' dir='ltr'><strong>peragratis</strong></span> <span class='ocrx_word' id='word_1_89' title='bbox 1294 1549 1630 1621; x_wconf 78' lang='lat' dir='ltr'><strong>superioribus</strong></span> <span class='ocrx_word' id='word_1_90' title='bbox 1661 1546 1885 1618; x_wconf 82' lang='lat' dir='ltr'><strong>partibus</strong></span> <span class='ocrx_word' id='word_1_91' title='bbox 1922 1545 2106 1598; x_wconf 86' lang='lat' dir='ltr'><strong>veniret</strong></span> 
     </span>
    </p>
   </div>
   <div class='ocr_carea' id='block_1_14' title="bbox 540 1637 2106 1713">
    <p class='ocr_par' dir='ltr' id='par_1_14' title="bbox 540 1637 2106 1713">
     <span class='ocr_line' id='line_1_14' title="bbox 540 1637 2106 1713; baseline -0.005 -17"><span class='ocrx_word' id='word_1_92' title='bbox 540 1645 817 1713; x_wconf 77' lang='lat' dir='ltr'><strong>Ephesum,</strong></span> <span class='ocrx_word' id='word_1_93' title='bbox 862 1656 907 1699; x_wconf 89' lang='lat' dir='ltr'><strong>et</strong></span> <span class='ocrx_word' id='word_1_94' title='bbox 931 1646 1170 1699; x_wconf 89' lang='lat' dir='ltr'><strong>inveniret</strong></span> <span class='ocrx_word' id='word_1_95' title='bbox 1196 1644 1437 1710; x_wconf 87' lang='lat' dir='ltr'><strong>quosdam</strong></span> <span class='ocrx_word' id='word_1_96' title='bbox 1460 1639 1758 1711; x_wconf 83' lang='lat' dir='ltr'><strong>discipulos,</strong></span> <span class='ocrx_word' id='word_1_97' title='bbox 1797 1638 1851 1693; x_wconf 73' lang='grc'><strong>2.</strong></span> <span class='ocrx_word' id='word_1_98' title='bbox 1884 1637 2106 1704; x_wconf 73' lang='lat' dir='ltr'><strong>dixitque</strong></span> 
     </span>
    </p>
   </div>
   <div class='ocr_carea' id='block_1_15' title="bbox 534 1726 2104 1805">
    <p class='ocr_par' dir='ltr' id='par_1_15' title="bbox 534 1726 2104 1805">
     <span class='ocr_line' id='line_1_15' title="bbox 534 1726 2104 1805; baseline -0.006 -19"><span class='ocrx_word' id='word_1_99' title='bbox 534 1737 603 1788; x_wconf 82' lang='lat' dir='ltr'><strong>eis</strong></span> <span class='ocrx_word' id='word_1_100' title='bbox 628 1752 645 1787; x_wconf 92' lang='lat'><em>:</em></span> <span class='ocrx_word' id='word_1_101' title='bbox 660 1736 720 1790; x_wconf 87' lang='lat' dir='ltr'><strong>Si</strong></span> <span class='ocrx_word' id='word_1_102' title='bbox 739 1736 985 1805; x_wconf 80' lang='lat' dir='ltr'><strong>Spiritum</strong></span> <span class='ocrx_word' id='word_1_103' title='bbox 1008 1743 1236 1790; x_wconf 82' lang='lat' dir='ltr'><strong>sanctum</strong></span> <span class='ocrx_word' id='word_1_104' title='bbox 1256 1733 1515 1801; x_wconf 89' lang='lat' dir='ltr'><strong>accepistis</strong></span> <span class='ocrx_word' id='word_1_105' title='bbox 1535 1730 1787 1784; x_wconf 87' lang='lat' dir='ltr'><strong>credentes</strong></span> <span class='ocrx_word' id='word_1_106' title='bbox 1800 1729 1824 1781; x_wconf 82' lang='lat'><strong><em>?</em></strong></span> <span class='ocrx_word' id='word_1_107' title='bbox 1837 1726 1926 1780; x_wconf 88' lang='lat' dir='ltr'><strong>Illi</strong></span> <span class='ocrx_word' id='word_1_108' title='bbox 1940 1734 2104 1778; x_wconf 84' lang='lat' dir='ltr'><strong>autem</strong></span> 
     </span>
    </p>
   </div>
   <div class='ocr_carea' id='block_1_16' title="bbox 533 1818 2103 1895">
    <p class='ocr_par' dir='ltr' id='par_1_16' title="bbox 533 1818 2103 1895">
     <span class='ocr_line' id='line_1_16' title="bbox 533 1818 2103 1895; baseline -0.004 -17"><span class='ocrx_word' id='word_1_109' title='bbox 533 1828 766 1881; x_wconf 74' lang='lat' dir='ltr'><strong>dixerunt</strong></span> <span class='ocrx_word' id='word_1_110' title='bbox 795 1828 840 1881; x_wconf 89' lang='lat' dir='ltr'><strong>ei</strong></span> <span class='ocrx_word' id='word_1_111' title='bbox 863 1843 880 1880; x_wconf 93' lang='lat'><strong><em>:</em></strong></span> <span class='ocrx_word' id='word_1_112' title='bbox 910 1826 1015 1882; x_wconf 87' lang='lat' dir='ltr'><strong>Sed</strong></span> <span class='ocrx_word' id='word_1_113' title='bbox 1043 1842 1195 1894; x_wconf 89' lang='lat' dir='ltr'><strong>neque</strong></span> <span class='ocrx_word' id='word_1_114' title='bbox 1220 1828 1262 1880; x_wconf 89' lang='lat' dir='ltr'><strong>si</strong></span> <span class='ocrx_word' id='word_1_115' title='bbox 1293 1825 1514 1895; x_wconf 85' lang='lat' dir='ltr'><strong>Spiritus</strong></span> <span class='ocrx_word' id='word_1_116' title='bbox 1544 1832 1745 1877; x_wconf 87' lang='lat' dir='ltr'><strong>sanctus</strong></span> <span class='ocrx_word' id='word_1_117' title='bbox 1774 1829 1873 1883; x_wconf 84' lang='lat' dir='ltr'><strong>est,</strong></span> <span class='ocrx_word' id='word_1_118' title='bbox 1905 1818 2103 1871; x_wconf 85' lang='lat' dir='ltr'><strong>audivi-</strong></span> 
     </span>
    </p>
   </div>
   <div class='ocr_carea' id='block_1_17' title="bbox 533 1908 2106 1989">
    <p class='ocr_par' dir='ltr' id='par_1_17' title="bbox 533 1908 2106 1989">
     <span class='ocr_line' id='line_1_17' title="bbox 533 1908 2106 1989; baseline -0.006 -19"><span class='ocrx_word' id='word_1_119' title='bbox 533 1935 662 1972; x_wconf 89' lang='lat' dir='ltr'><strong>nms.</strong></span> <span class='ocrx_word' id='word_1_120' title='bbox 699 1919 752 1973; x_wconf 78' lang='lat'><strong>3.</strong></span> <span class='ocrx_word' id='word_1_121' title='bbox 781 1918 1021 1989; x_wconf 72' lang='lat' dir='ltr'><strong>Dixitque</strong></span> <span class='ocrx_word' id='word_1_122' title='bbox 1049 1918 1114 1971; x_wconf 91' lang='lat' dir='ltr'><strong>ad</strong></span> <span class='ocrx_word' id='word_1_123' title='bbox 1137 1916 1253 1971; x_wconf 87' lang='lat' dir='ltr'><strong>illos</strong></span> <span class='ocrx_word' id='word_1_124' title='bbox 1281 1934 1297 1971; x_wconf 93' lang='lat'><em>:</em></span> <span class='ocrx_word' id='word_1_125' title='bbox 1331 1915 1392 1970; x_wconf 90' lang='lat' dir='ltr'><strong>In</strong></span> <span class='ocrx_word' id='word_1_126' title='bbox 1420 1931 1519 1986; x_wconf 93' lang='lat' dir='ltr'><strong>quo</strong></span> <span class='ocrx_word' id='word_1_127' title='bbox 1545 1931 1661 1984; x_wconf 89' lang='lat' dir='ltr'><strong>ergo</strong></span> <span class='ocrx_word' id='word_1_128' title='bbox 1688 1910 1927 1982; x_wconf 78' lang='lat' dir='ltr'><strong>baptizati</strong></span> <span class='ocrx_word' id='word_1_129' title='bbox 1950 1908 2106 1963; x_wconf 84' lang='lat' dir='ltr'><strong>estis?</strong></span> 
     </span>
    </p>
   </div>
   <div class='ocr_carea' id='block_1_18' title="bbox 533 2003 2106 2078">
    <p class='ocr_par' dir='ltr' id='par_1_18' title="bbox 533 2003 2106 2078">
     <span class='ocr_line' id='line_1_18' title="bbox 533 2003 2106 2078; baseline -0.004 -16"><span class='ocrx_word' id='word_1_130' title='bbox 533 2008 623 2063; x_wconf 84' lang='lat' dir='ltr'><strong>Illi</strong></span> <span class='ocrx_word' id='word_1_131' title='bbox 642 2018 808 2065; x_wconf 87' lang='lat' dir='ltr'><strong>autem</strong></span> <span class='ocrx_word' id='word_1_132' title='bbox 828 2011 1095 2065; x_wconf 73' lang='lat' dir='ltr'><strong>dixerunt:</strong></span> <span class='ocrx_word' id='word_1_133' title='bbox 1120 2010 1186 2063; x_wconf 84' lang='lat' dir='ltr'><strong>In</strong></span> <span class='ocrx_word' id='word_1_134' title='bbox 1212 2009 1425 2063; x_wconf 84' lang='lat' dir='ltr'><strong>Joannis</strong></span> <span class='ocrx_word' id='word_1_135' title='bbox 1455 2008 1768 2078; x_wconf 84' lang='lat' dir='ltr'><strong>baptismate.</strong></span> <span class='ocrx_word' id='word_1_136' title='bbox 1790 2007 1843 2060; x_wconf 73' lang='grc'><strong>4.</strong></span> <span class='ocrx_word' id='word_1_137' title='bbox 1869 2003 2106 2071; x_wconf 72' lang='lat' dir='ltr'><strong>Dixitque</strong></span> 
     </span>
    </p>
   </div>
   <div class='ocr_carea' id='block_1_19' title="bbox 534 2095 2101 2169">
    <p class='ocr_par' dir='ltr' id='par_1_19' title="bbox 534 2095 2101 2169">
     <span class='ocr_line' id='line_1_19' title="bbox 534 2095 2101 2169; baseline -0.005 -15"><span class='ocrx_word' id='word_1_138' title='bbox 534 2101 729 2155; x_wconf 83' lang='lat' dir='ltr'><strong>Paulus</strong></span> <span class='ocrx_word' id='word_1_139' title='bbox 756 2118 773 2155; x_wconf 90' lang='lat'><em>:</em></span> <span class='ocrx_word' id='word_1_140' title='bbox 798 2100 1023 2155; x_wconf 85' lang='lat' dir='ltr'><strong>Joannes</strong></span> <span class='ocrx_word' id='word_1_141' title='bbox 1051 2100 1249 2167; x_wconf 84' lang='lat' dir='ltr'><strong>quidem</strong></span> <span class='ocrx_word' id='word_1_142' title='bbox 1275 2099 1541 2169; x_wconf 70' lang='lat' dir='ltr'><strong>baptizavit</strong></span> <span class='ocrx_word' id='word_1_143' title='bbox 1569 2097 1817 2166; x_wconf 86' lang='lat' dir='ltr'><strong>baptismo</strong></span> <span class='ocrx_word' id='word_1_144' title='bbox 1853 2095 2101 2165; x_wconf 66' lang='lat' dir='ltr'><strong>paeniten-</strong></span> 
     </span>
    </p>
   </div>
   <div class='ocr_carea' id='block_1_20' title="bbox 532 2190 2103 2261">
    <p class='ocr_par' dir='ltr' id='par_1_20' title="bbox 532 2190 2103 2261">
     <span class='ocr_line' id='line_1_20' title="bbox 532 2190 2103 2261; baseline -0.004 -17"><span class='ocrx_word' id='word_1_145' title='bbox 532 2193 644 2253; x_wconf 78' lang='lat' dir='ltr'><strong>tite,</strong></span> <span class='ocrx_word' id='word_1_146' title='bbox 675 2192 862 2261; x_wconf 85' lang='lat' dir='ltr'><strong>populo</strong></span> <span class='ocrx_word' id='word_1_147' title='bbox 897 2192 1092 2254; x_wconf 86' lang='lat' dir='ltr'><strong>dicens,</strong></span> <span class='ocrx_word' id='word_1_148' title='bbox 1133 2200 1187 2243; x_wconf 88' lang='lat' dir='ltr'><strong>ut</strong></span> <span class='ocrx_word' id='word_1_149' title='bbox 1217 2191 1268 2243; x_wconf 91' lang='lat' dir='ltr'><strong>in</strong></span> <span class='ocrx_word' id='word_1_150' title='bbox 1296 2206 1435 2253; x_wconf 84' lang='lat' dir='ltr'><strong>eum,</strong></span> <span class='ocrx_word' id='word_1_151' title='bbox 1467 2190 1553 2258; x_wconf 84' lang='lat' dir='ltr'><strong>qui</strong></span> <span class='ocrx_word' id='word_1_152' title='bbox 1582 2198 1819 2243; x_wconf 88' lang='lat' dir='ltr'><strong>venturus</strong></span> <span class='ocrx_word' id='word_1_153' title='bbox 1857 2196 1965 2239; x_wconf 83' lang='lat' dir='ltr'><strong>erat</strong></span> <span class='ocrx_word' id='word_1_154' title='bbox 1993 2193 2103 2253; x_wconf 85' lang='lat' dir='ltr'><strong>post</strong></span> 
     </span>
    </p>
   </div>
   <div class='ocr_carea' id='block_1_21' title="bbox 528 2276 2105 2351">
    <p class='ocr_par' dir='ltr' id='par_1_21' title="bbox 528 2276 2105 2351">
     <span class='ocr_line' id='line_1_21' title="bbox 528 2276 2105 2351; baseline -0.003 -18"><span class='ocrx_word' id='word_1_155' title='bbox 528 2284 725 2351; x_wconf 83' lang='lat' dir='ltr'><strong>ipsum,</strong></span> <span class='ocrx_word' id='word_1_156' title='bbox 770 2281 1055 2346; x_wconf 84' lang='lat' dir='ltr'><strong>crederent;</strong></span> <span class='ocrx_word' id='word_1_157' title='bbox 1093 2282 1146 2335; x_wconf 89' lang='lat' dir='ltr'><strong>id</strong></span> <span class='ocrx_word' id='word_1_158' title='bbox 1182 2290 1284 2347; x_wconf 83' lang='lat' dir='ltr'><strong>est,</strong></span> <span class='ocrx_word' id='word_1_159' title='bbox 1311 2281 1362 2334; x_wconf 87' lang='lat' dir='ltr'><strong>in</strong></span> <span class='ocrx_word' id='word_1_160' title='bbox 1388 2279 1643 2335; x_wconf 85' lang='lat' dir='ltr'><strong>Christum</strong></span> <span class='ocrx_word' id='word_1_161' title='bbox 1678 2278 1873 2331; x_wconf 89' lang='lat' dir='ltr'><strong>Jesum.</strong></span> <span class='ocrx_word' id='word_1_162' title='bbox 1914 2278 1965 2331; x_wconf 84' lang='grc'><strong>5.</strong></span> <span class='ocrx_word' id='word_1_163' title='bbox 2004 2276 2105 2329; x_wconf 86' lang='lat' dir='ltr'><strong>Au-</strong></span> 
     </span>
    </p>
   </div>
   <div class='ocr_carea' id='block_1_22' title="bbox 527 2366 2099 2441">
    <p class='ocr_par' dir='ltr' id='par_1_22' title="bbox 527 2366 2099 2441">
     <span class='ocr_line' id='line_1_22' title="bbox 527 2366 2099 2441; baseline -0.003 -17"><span class='ocrx_word' id='word_1_164' title='bbox 527 2373 720 2427; x_wconf 86' lang='lat' dir='ltr'><strong>dientes</strong></span> <span class='ocrx_word' id='word_1_165' title='bbox 753 2381 917 2426; x_wconf 86' lang='lat' dir='ltr'><strong>autem</strong></span> <span class='ocrx_word' id='word_1_166' title='bbox 943 2373 1179 2441; x_wconf 76' lang='lat' dir='ltr'><strong>baptizati</strong></span> <span class='ocrx_word' id='word_1_167' title='bbox 1206 2380 1322 2425; x_wconf 91' lang='lat' dir='ltr'><strong>sunt</strong></span> <span class='ocrx_word' id='word_1_168' title='bbox 1350 2372 1401 2425; x_wconf 91' lang='lat' dir='ltr'><strong>in</strong></span> <span class='ocrx_word' id='word_1_169' title='bbox 1429 2372 1627 2424; x_wconf 89' lang='lat' dir='ltr'><strong>nomine</strong></span> <span class='ocrx_word' id='word_1_170' title='bbox 1654 2368 1861 2423; x_wconf 87' lang='lat' dir='ltr'><strong>Domini</strong></span> <span class='ocrx_word' id='word_1_171' title='bbox 1880 2367 2022 2421; x_wconf 85' lang='lat' dir='ltr'><strong>Jesu.</strong></span> <span class='ocrx_word' id='word_1_172' title='bbox 2047 2366 2099 2421; x_wconf 86' lang='lat'><strong>6.</strong></span> 
     </span>
    </p>
   </div>
   <div class='ocr_carea' id='block_1_23' title="bbox 533 2459 2103 2535">
    <p class='ocr_par' dir='ltr' id='par_1_23' title="bbox 533 2459 2103 2535">
     <span class='ocr_line' id='line_1_23' title="bbox 533 2459 2103 2535; baseline -0.004 -17"><span class='ocrx_word' id='word_1_173' title='bbox 533 2463 599 2517; x_wconf 84' lang='lat' dir='ltr'><strong>Et</strong></span> <span class='ocrx_word' id='word_1_174' title='bbox 626 2480 742 2518; x_wconf 88' lang='lat' dir='ltr'><strong>cum</strong></span> <span class='ocrx_word' id='word_1_175' title='bbox 767 2466 1079 2535; x_wconf 83' lang='lat' dir='ltr'><strong>imposuisset</strong></span> <span class='ocrx_word' id='word_1_176' title='bbox 1104 2465 1208 2518; x_wconf 84' lang='lat' dir='ltr'><strong>illis</strong></span> <span class='ocrx_word' id='word_1_177' title='bbox 1238 2480 1415 2517; x_wconf 89' lang='lat' dir='ltr'><strong>manus</strong></span> <span class='ocrx_word' id='word_1_178' title='bbox 1444 2462 1642 2515; x_wconf 82' lang='lat' dir='ltr'><strong>Paulus</strong></span> <span class='ocrx_word' id='word_1_179' title='bbox 1662 2503 1675 2526; x_wconf 93' lang='lat'><strong>,</strong></span> <span class='ocrx_word' id='word_1_180' title='bbox 1717 2461 1845 2514; x_wconf 83' lang='lat' dir='ltr'><strong>venit</strong></span> <span class='ocrx_word' id='word_1_181' title='bbox 1880 2459 2103 2528; x_wconf 82' lang='lat' dir='ltr'><strong>Spiritus</strong></span> 
     </span>
    </p>
   </div>
   <div class='ocr_carea' id='block_1_24' title="bbox 528 2550 2101 2624">
    <p class='ocr_par' dir='ltr' id='par_1_24' title="bbox 528 2550 2101 2624">
     <span class='ocr_line' id='line_1_24' title="bbox 528 2550 2101 2624; baseline -0.003 -17"><span class='ocrx_word' id='word_1_182' title='bbox 528 2564 730 2608; x_wconf 85' lang='lat' dir='ltr'><strong>sanctus</strong></span> <span class='ocrx_word' id='word_1_183' title='bbox 754 2572 905 2623; x_wconf 86' lang='lat' dir='ltr'><strong>super</strong></span> <span class='ocrx_word' id='word_1_184' title='bbox 926 2556 1060 2620; x_wconf 90' lang='lat' dir='ltr'><strong>illos,</strong></span> <span class='ocrx_word' id='word_1_185' title='bbox 1084 2555 1506 2624; x_wconf 84' lang='lat' dir='ltr'><strong>loquebanturque</strong></span> <span class='ocrx_word' id='word_1_186' title='bbox 1531 2552 1718 2622; x_wconf 85' lang='lat' dir='ltr'><strong>linguis</strong></span> <span class='ocrx_word' id='word_1_187' title='bbox 1748 2561 1793 2606; x_wconf 89' lang='lat' dir='ltr'><strong>et</strong></span> <span class='ocrx_word' id='word_1_188' title='bbox 1824 2550 2101 2621; x_wconf 84' lang='lat' dir='ltr'><strong>propheta-</strong></span> 
     </span>
    </p>
   </div>
   <div class='ocr_carea' id='block_1_25' title="bbox 525 2642 2100 2716">
    <p class='ocr_par' dir='ltr' id='par_1_25' title="bbox 525 2642 2100 2716">
     <span class='ocr_line' id='line_1_25' title="bbox 525 2642 2100 2716; baseline -0.002 -19"><span class='ocrx_word' id='word_1_189' title='bbox 525 2645 665 2699; x_wconf 88' lang='lat' dir='ltr'><strong>bant.</strong></span> <span class='ocrx_word' id='word_1_190' title='bbox 703 2648 754 2701; x_wconf 91' lang='lat'><strong>7.</strong></span> <span class='ocrx_word' id='word_1_191' title='bbox 798 2646 1052 2716; x_wconf 83' lang='lat' dir='ltr'><strong>Erantque</strong></span> <span class='ocrx_word' id='word_1_192' title='bbox 1078 2664 1247 2701; x_wconf 87' lang='lat' dir='ltr'><strong>ontnes</strong></span> <span class='ocrx_word' id='word_1_193' title='bbox 1272 2647 1365 2701; x_wconf 89' lang='lat' dir='ltr'><strong>viri</strong></span> <span class='ocrx_word' id='word_1_194' title='bbox 1397 2646 1537 2715; x_wconf 88' lang='lat' dir='ltr'><strong>quasi</strong></span> <span class='ocrx_word' id='word_1_195' title='bbox 1564 2644 1847 2698; x_wconf 88' lang='lat' dir='ltr'><strong>duodecim.</strong></span> <span class='ocrx_word' id='word_1_196' title='bbox 1880 2642 2100 2696; x_wconf 83' lang='lat' dir='ltr'><strong>Multum</strong></span> 
     </span>
    </p>
   </div>
   <div class='ocr_carea' id='block_1_26' title="bbox 528 2735 2100 2809">
    <p class='ocr_par' dir='ltr' id='par_1_26' title="bbox 528 2735 2100 2809">
     <span class='ocr_line' id='line_1_26' title="bbox 528 2735 2100 2809; baseline -0.003 -17"><span class='ocrx_word' id='word_1_197' title='bbox 528 2740 581 2793; x_wconf 91' lang='lat' dir='ltr'><strong>hi</strong></span> <span class='ocrx_word' id='word_1_198' title='bbox 622 2740 688 2794; x_wconf 90' lang='lat' dir='ltr'><strong>ab</strong></span> <span class='ocrx_word' id='word_1_199' title='bbox 717 2740 808 2794; x_wconf 91' lang='lat' dir='ltr'><strong>illo</strong></span> <span class='ocrx_word' id='word_1_200' title='bbox 846 2739 1191 2805; x_wconf 87' lang='lat' dir='ltr'><strong>differebant,</strong></span> <span class='ocrx_word' id='word_1_201' title='bbox 1228 2740 1316 2809; x_wconf 91' lang='lat' dir='ltr'><strong>qui</strong></span> <span class='ocrx_word' id='word_1_202' title='bbox 1360 2753 1532 2809; x_wconf 91' lang='lat' dir='ltr'><strong>neque</strong></span> <span class='ocrx_word' id='word_1_203' title='bbox 1571 2737 1808 2792; x_wconf 86' lang='lat' dir='ltr'><strong>sciebant</strong></span> <span class='ocrx_word' id='word_1_204' title='bbox 1845 2735 2100 2805; x_wconf 79' lang='lat' dir='ltr'><strong>Spiritum</strong></span> 
     </span>
    </p>
   </div>
   <div class='ocr_carea' id='block_1_27' title="bbox 527 2829 2100 2901">
    <p class='ocr_par' dir='ltr' id='par_1_27' title="bbox 527 2829 2100 2901">
     <span class='ocr_line' id='line_1_27' title="bbox 527 2829 2100 2901; baseline -0.001 -17"><span class='ocrx_word' id='word_1_205' title='bbox 527 2840 769 2885; x_wconf 87' lang='lat' dir='ltr'><strong>sanctum</strong></span> <span class='ocrx_word' id='word_1_206' title='bbox 801 2846 939 2887; x_wconf 88' lang='lat' dir='ltr'><strong>esse.</strong></span> <span class='ocrx_word' id='word_1_207' title='bbox 983 2832 1043 2885; x_wconf 91' lang='lat' dir='ltr'><strong>lli</strong></span> <span class='ocrx_word' id='word_1_208' title='bbox 1078 2831 1235 2901; x_wconf 79' lang='lat' dir='ltr'><strong>igitur</strong></span> <span class='ocrx_word' id='word_1_209' title='bbox 1272 2831 1360 2901; x_wconf 85' lang='lat' dir='ltr'><strong>qui</strong></span> <span class='ocrx_word' id='word_1_210' title='bbox 1391 2829 1696 2900; x_wconf 89' lang='lat' dir='ltr'><strong>diligentius</strong></span> <span class='ocrx_word' id='word_1_211' title='bbox 1727 2829 1797 2882; x_wconf 92' lang='lat' dir='ltr'>illi</span> <span class='ocrx_word' id='word_1_212' title='bbox 1836 2843 2100 2897; x_wconf 83' lang='lat' dir='ltr'><strong>exposue-</strong></span> 
     </span>
    </p>
   </div>
   <div class='ocr_carea' id='block_1_28' title="bbox 528 2918 2097 2990">
    <p class='ocr_par' dir='ltr' id='par_1_28' title="bbox 528 2918 2097 2990">
     <span class='ocr_line' id='line_1_28' title="bbox 528 2918 2097 2990; baseline 0.001 -17"><span class='ocrx_word' id='word_1_213' title='bbox 528 2931 649 2975; x_wconf 88' lang='lat' dir='ltr'><strong>runt</strong></span> <span class='ocrx_word' id='word_1_214' title='bbox 671 2922 806 2974; x_wconf 89' lang='lat' dir='ltr'><strong>viam</strong></span> <span class='ocrx_word' id='word_1_215' title='bbox 840 2921 1067 2984; x_wconf 87' lang='lat' dir='ltr'><strong>Domini,</strong></span> <span class='ocrx_word' id='word_1_216' title='bbox 1098 2922 1426 2990; x_wconf 65' lang='lat' dir='ltr'><strong>praemittunt</strong></span> <span class='ocrx_word' id='word_1_217' title='bbox 1446 2922 1603 2975; x_wconf 88' lang='lat' dir='ltr'><strong>etiam</strong></span> <span class='ocrx_word' id='word_1_218' title='bbox 1637 2920 1921 2989; x_wconf 89' lang='lat' dir='ltr'><strong>literasque</strong></span> <span class='ocrx_word' id='word_1_219' title='bbox 1949 2918 2097 2974; x_wconf 85' lang='lat' dir='ltr'><strong>dant.</strong></span> 
     </span>
    </p>
   </div>
   <div class='ocr_carea' id='block_1_29' title="bbox 529 3011 2100 3082">
    <p class='ocr_par' dir='ltr' id='par_1_29' title="bbox 529 3011 2100 3082">
     <span class='ocr_line' id='line_1_29' title="bbox 529 3011 2100 3082; baseline 0.001 -18"><span class='ocrx_word' id='word_1_220' title='bbox 529 3012 752 3066; x_wconf 80' lang='lat' dir='ltr'><strong>Volebat</strong></span> <span class='ocrx_word' id='word_1_221' title='bbox 785 3013 944 3082; x_wconf 79' lang='lat' dir='ltr'><strong>igitur</strong></span> <span class='ocrx_word' id='word_1_222' title='bbox 972 3022 1027 3067; x_wconf 90' lang='lat' dir='ltr'><strong>et</strong></span> <span class='ocrx_word' id='word_1_223' title='bbox 1053 3012 1164 3081; x_wconf 90' lang='lat' dir='ltr'><strong>ipse</strong></span> <span class='ocrx_word' id='word_1_224' title='bbox 1209 3014 1259 3067; x_wconf 93' lang='lat' dir='ltr'><strong>in</strong></span> <span class='ocrx_word' id='word_1_225' title='bbox 1292 3012 1545 3066; x_wconf 83' lang='lat' dir='ltr'><strong>Achaiam</strong></span> <span class='ocrx_word' id='word_1_226' title='bbox 1576 3012 1784 3076; x_wconf 86' lang='lat' dir='ltr'><strong>venire;</strong></span> <span class='ocrx_word' id='word_1_227' title='bbox 1812 3011 1907 3067; x_wconf 89' lang='lat' dir='ltr'><strong>sed</strong></span> <span class='ocrx_word' id='word_1_228' title='bbox 1944 3020 2100 3066; x_wconf 86' lang='lat' dir='ltr'><strong>ante-</strong></span> 
     </span>
    </p>
   </div>
   <div class='ocr_carea' id='block_1_30' title="bbox 527 3100 2099 3175">
    <p class='ocr_par' dir='ltr' id='par_1_30' title="bbox 527 3100 2099 3175">
     <span class='ocr_line' id='line_1_30' title="bbox 527 3100 2099 3175; baseline -0.001 -21"><span class='ocrx_word' id='word_1_229' title='bbox 527 3118 684 3170; x_wconf 91' lang='lat' dir='ltr'><strong>quam</strong></span> <span class='ocrx_word' id='word_1_230' title='bbox 714 3103 862 3156; x_wconf 88' lang='lat' dir='ltr'><strong>illum</strong></span> <span class='ocrx_word' id='word_1_231' title='bbox 892 3102 1081 3157; x_wconf 81' lang='lat' dir='ltr'><strong>fratres</strong></span> <span class='ocrx_word' id='word_1_232' title='bbox 1104 3102 1374 3175; x_wconf 80' lang='lat' dir='ltr'><strong>exhortati</strong></span> <span class='ocrx_word' id='word_1_233' title='bbox 1404 3111 1603 3169; x_wconf 88' lang='lat' dir='ltr'><strong>essent,</strong></span> <span class='ocrx_word' id='word_1_234' title='bbox 1632 3116 1695 3157; x_wconf 90' lang='lat' dir='ltr'><strong>ac</strong></span> <span class='ocrx_word' id='word_1_235' title='bbox 1723 3102 1903 3156; x_wconf 86' lang='lat' dir='ltr'><strong>literas</strong></span> <span class='ocrx_word' id='word_1_236' title='bbox 1928 3101 1976 3155; x_wconf 89' lang='lat' dir='ltr'><strong>ei</strong></span> <span class='ocrx_word' id='word_1_237' title='bbox 2003 3100 2099 3154; x_wconf 84' lang='lat' dir='ltr'><strong>de-</strong></span> 
     </span>
    </p>
   </div>
   <div class='ocr_carea' id='block_1_31' title="bbox 525 3192 2101 3263">
    <p class='ocr_par' dir='ltr' id='par_1_31' title="bbox 525 3192 2101 3263">
     <span class='ocr_line' id='line_1_31' title="bbox 525 3192 2101 3263; baseline -0.001 -16"><span class='ocrx_word' id='word_1_238' title='bbox 525 3194 764 3260; x_wconf 85' lang='lat' dir='ltr'><strong>dissent,</strong></span> <span class='ocrx_word' id='word_1_239' title='bbox 810 3209 915 3248; x_wconf 92' lang='lat' dir='ltr'><strong>non</strong></span> <span class='ocrx_word' id='word_1_240' title='bbox 958 3193 1175 3248; x_wconf 85' lang='lat' dir='ltr'><strong>recedit.</strong></span> <span class='ocrx_word' id='word_1_241' title='bbox 1212 3193 1309 3259; x_wconf 85' lang='lat' dir='ltr'><strong>Qui</strong></span> <span class='ocrx_word' id='word_1_242' title='bbox 1353 3204 1406 3248; x_wconf 86' lang='lat' dir='ltr'><strong>ut</strong></span> <span class='ocrx_word' id='word_1_243' title='bbox 1449 3194 1613 3259; x_wconf 81' lang='lat' dir='ltr'><strong>venit,</strong></span> <span class='ocrx_word' id='word_1_244' title='bbox 1657 3194 1860 3263; x_wconf 87' lang='lat' dir='ltr'><strong>inquit,</strong></span> <span class='ocrx_word' id='word_1_245' title='bbox 1893 3192 2101 3248; x_wconf 87' lang='lat' dir='ltr'><strong>contulit</strong></span> 
     </span>
    </p>
   </div>
   <div class='ocr_carea' id='block_1_32' title="bbox 525 3282 2103 3354">
    <p class='ocr_par' dir='ltr' id='par_1_32' title="bbox 525 3282 2103 3354">
     <span class='ocr_line' id='line_1_32' title="bbox 525 3282 2103 3354; baseline 0 -17"><span class='ocrx_word' id='word_1_246' title='bbox 525 3286 737 3338; x_wconf 80' lang='lat' dir='ltr'><strong>multant</strong></span> <span class='ocrx_word' id='word_1_247' title='bbox 767 3285 828 3338; x_wconf 88' lang='lat' dir='ltr'><strong>iis</strong></span> <span class='ocrx_word' id='word_1_248' title='bbox 847 3327 862 3352; x_wconf 93' lang='lat'><strong>,</strong></span> <span class='ocrx_word' id='word_1_249' title='bbox 891 3286 975 3354; x_wconf 87' lang='lat' dir='ltr'><strong>qui</strong></span> <span class='ocrx_word' id='word_1_250' title='bbox 1010 3286 1326 3340; x_wconf 85' lang='lat' dir='ltr'><strong>crediderant</strong></span> <span class='ocrx_word' id='word_1_251' title='bbox 1348 3302 1366 3339; x_wconf 91' lang='lat'><strong><em>:</em></strong></span> <span class='ocrx_word' id='word_1_252' title='bbox 1394 3287 1704 3340; x_wconf 89' lang='lat' dir='ltr'><strong>vehementer</strong></span> <span class='ocrx_word' id='word_1_253' title='bbox 1731 3286 1865 3338; x_wconf 90' lang='lat' dir='ltr'><strong>enim</strong></span> <span class='ocrx_word' id='word_1_254' title='bbox 1892 3282 2103 3338; x_wconf 78' lang='lat' dir='ltr'><strong>Judteos</strong></span> 
     </span>
    </p>
   </div>
   <div class='ocr_carea' id='block_1_33' title="bbox 524 3376 2101 3448">
    <p class='ocr_par' dir='ltr' id='par_1_33' title="bbox 524 3376 2101 3448">
     <span class='ocr_line' id='line_1_33' title="bbox 524 3376 2101 3448; baseline 0.001 -19"><span class='ocrx_word' id='word_1_255' title='bbox 524 3378 797 3431; x_wconf 87' lang='lat' dir='ltr'><strong>revincebut</strong></span> <span class='ocrx_word' id='word_1_256' title='bbox 821 3379 1037 3448; x_wconf 80' lang='lat' dir='ltr'><strong>publice,</strong></span> <span class='ocrx_word' id='word_1_257' title='bbox 1068 3379 1331 3432; x_wconf 86' lang='lat' dir='ltr'><strong>ostendens</strong></span> <span class='ocrx_word' id='word_1_258' title='bbox 1356 3395 1445 3448; x_wconf 88' lang='lat' dir='ltr'><strong>per</strong></span> <span class='ocrx_word' id='word_1_259' title='bbox 1472 3377 1769 3447; x_wconf 89' lang='lat' dir='ltr'><strong>Scripturas</strong></span> <span class='ocrx_word' id='word_1_260' title='bbox 1793 3376 1967 3431; x_wconf 72' lang='lat' dir='ltr'><strong>Iesum</strong></span> <span class='ocrx_word' id='word_1_261' title='bbox 1995 3391 2101 3430; x_wconf 84' lang='lat' dir='ltr'><strong>esse</strong></span> 
     </span>
    </p>
   </div>
   <div class='ocr_carea' id='block_1_34' title="bbox 524 3466 2101 3539">
    <p class='ocr_par' dir='ltr' id='par_1_34' title="bbox 524 3466 2101 3539">
     <span class='ocr_line' id='line_1_34' title="bbox 524 3466 2101 3539; baseline -0.001 -17"><span class='ocrx_word' id='word_1_262' title='bbox 524 3466 797 3522; x_wconf 80' lang='lat' dir='ltr'><strong>Christum.</strong></span> <span class='ocrx_word' id='word_1_263' title='bbox 845 3468 979 3524; x_wconf 82' lang='lat' dir='ltr'><strong>Hinc</strong></span> <span class='ocrx_word' id='word_1_264' title='bbox 1020 3468 1254 3524; x_wconf 89' lang='lat' dir='ltr'><strong>ostendit</strong></span> <span class='ocrx_word' id='word_1_265' title='bbox 1291 3484 1449 3538; x_wconf 87' lang='lat' dir='ltr'><strong>quam</strong></span> <span class='ocrx_word' id='word_1_266' title='bbox 1481 3477 1665 3538; x_wconf 80' lang='lat' dir='ltr'><strong>potens</strong></span> <span class='ocrx_word' id='word_1_267' title='bbox 1705 3469 1757 3523; x_wconf 93' lang='lat' dir='ltr'><strong>in</strong></span> <span class='ocrx_word' id='word_1_268' title='bbox 1809 3467 2101 3539; x_wconf 88' lang='lat' dir='ltr'><strong>Scripturis</strong></span> 
     </span>
    </p>
   </div>
   <div class='ocr_carea' id='block_1_35' title="bbox 524 3560 2102 3631">
    <p class='ocr_par' dir='ltr' id='par_1_35' title="bbox 524 3560 2102 3631">
     <span class='ocr_line' id='line_1_35' title="bbox 524 3560 2102 3631; baseline 0.001 -18"><span class='ocrx_word' id='word_1_269' title='bbox 524 3570 668 3616; x_wconf 84' lang='lat' dir='ltr'><strong>esset</strong></span> <span class='ocrx_word' id='word_1_270' title='bbox 695 3561 923 3630; x_wconf 81' lang='lat' dir='ltr'><strong>Apollo:</strong></span> <span class='ocrx_word' id='word_1_271' title='bbox 954 3560 1168 3617; x_wconf 68' lang='lat' dir='ltr'><strong>Judazos</strong></span> <span class='ocrx_word' id='word_1_272' title='bbox 1208 3562 1352 3617; x_wconf 90' lang='lat' dir='ltr'><strong>enim</strong></span> <span class='ocrx_word' id='word_1_273' title='bbox 1395 3562 1740 3618; x_wconf 90' lang='lat' dir='ltr'><strong>vehementer</strong></span> <span class='ocrx_word' id='word_1_274' title='bbox 1780 3560 2102 3631; x_wconf 83' lang='lat' dir='ltr'><strong>reprimebat</strong></span> 
     </span>
    </p>
   </div>
   <div class='ocr_carea' id='block_1_36' title="bbox 526 3650 2101 3722">
    <p class='ocr_par' dir='ltr' id='par_1_36' title="bbox 526 3650 2101 3722">
     <span class='ocr_line' id='line_1_36' title="bbox 526 3650 2101 3722; baseline 0.002 -18"><span class='ocrx_word' id='word_1_275' title='bbox 526 3650 547 3722; x_wconf 88' lang='lat'><strong>(</strong></span> <span class='ocrx_word' id='word_1_276' title='bbox 567 3651 666 3705; x_wconf 90' lang='lat' dir='ltr'><strong>hoc</strong></span> <span class='ocrx_word' id='word_1_277' title='bbox 704 3652 848 3706; x_wconf 88' lang='lat' dir='ltr'><strong>enim</strong></span> <span class='ocrx_word' id='word_1_278' title='bbox 893 3652 992 3707; x_wconf 89' lang='lat' dir='ltr'><strong>sibi</strong></span> <span class='ocrx_word' id='word_1_279' title='bbox 1027 3654 1137 3708; x_wconf 82' lang='lat' dir='ltr'><strong>vult</strong></span> <span class='ocrx_word' id='word_1_280' title='bbox 1173 3652 1329 3719; x_wconf 89' lang='lat' dir='ltr'><strong>illud,</strong></span> <span class='ocrx_word' id='word_1_281' title='bbox 1363 3652 1727 3721; x_wconf 81' lang='lat' dir='ltr'><strong>Revincebat);</strong></span> <span class='ocrx_word' id='word_1_282' title='bbox 1760 3653 2101 3709; x_wconf 90' lang='lat' dir='ltr'><strong>credentibus</strong></span> 
     </span>
    </p>
   </div>
   <div class='ocr_carea' id='block_1_37' title="bbox 526 3741 2101 3799">
    <p class='ocr_par' dir='ltr' id='par_1_37' title="bbox 526 3741 2101 3799">
     <span class='ocr_line' id='line_1_37' title="bbox 526 3741 2101 3799; baseline 0.002 -3"><span class='ocrx_word' id='word_1_283' title='bbox 526 3756 651 3797; x_wconf 88' lang='lat' dir='ltr'><strong>vero</strong></span> <span class='ocrx_word' id='word_1_284' title='bbox 677 3741 919 3797; x_wconf 88' lang='lat' dir='ltr'><strong>ﬁduciam</strong></span> <span class='ocrx_word' id='word_1_285' title='bbox 956 3744 1172 3798; x_wconf 89' lang='lat' dir='ltr'><strong>indebat</strong></span> <span class='ocrx_word' id='word_1_286' title='bbox 1204 3754 1260 3798; x_wconf 93' lang='lat' dir='ltr'><strong>ut</strong></span> <span class='ocrx_word' id='word_1_287' title='bbox 1298 3743 1351 3798; x_wconf 88' lang='lat' dir='ltr'><strong>in</strong></span> <span class='ocrx_word' id='word_1_288' title='bbox 1384 3743 1489 3798; x_wconf 78' lang='lat' dir='ltr'><strong>ﬁtle</strong></span> <span class='ocrx_word' id='word_1_289' title='bbox 1527 3753 1751 3799; x_wconf 85' lang='lat' dir='ltr'><strong>starent.</strong></span> <span class='ocrx_word' id='word_1_290' title='bbox 1787 3743 2003 3797; x_wconf 83' lang='lat' dir='ltr'><strong>Factum</strong></span> <span class='ocrx_word' id='word_1_291' title='bbox 2030 3756 2101 3799; x_wconf 91' lang='lat' dir='ltr'><strong>est</strong></span> 
     </span>
    </p>
   </div>
   <div class='ocr_carea' id='block_1_38' title="bbox 523 3834 2102 3907">
    <p class='ocr_par' dir='ltr' id='par_1_38' title="bbox 523 3834 2102 3907">
     <span class='ocr_line' id='line_1_38' title="bbox 523 3834 2102 3907; baseline 0.002 -21"><span class='ocrx_word' id='word_1_292' title='bbox 523 3844 688 3888; x_wconf 88' lang='lat' dir='ltr'><strong>autem</strong></span> <span class='ocrx_word' id='word_1_293' title='bbox 709 3875 722 3899; x_wconf 91' lang='lat'><strong>,</strong></span> <span class='ocrx_word' id='word_1_294' title='bbox 753 3834 920 3905; x_wconf 82' lang='lat' dir='ltr'><strong>inquit</strong></span> <span class='ocrx_word' id='word_1_295' title='bbox 940 3878 953 3897; x_wconf 86' lang='lat'><strong>,</strong></span> <span class='ocrx_word' id='word_1_296' title='bbox 987 3846 1039 3889; x_wconf 87' lang='lat' dir='ltr'><strong>ut</strong></span> <span class='ocrx_word' id='word_1_297' title='bbox 1074 3834 1289 3902; x_wconf 84' lang='lat' dir='ltr'><strong>Paulus,</strong></span> <span class='ocrx_word' id='word_1_298' title='bbox 1318 3836 1595 3907; x_wconf 85' lang='lat' dir='ltr'><strong>peragratis</strong></span> <span class='ocrx_word' id='word_1_299' title='bbox 1622 3835 1960 3907; x_wconf 74' lang='lat' dir='ltr'><strong>superioribus</strong></span> <span class='ocrx_word' id='word_1_300' title='bbox 1982 3852 2102 3906; x_wconf 85' lang='lat' dir='ltr'><strong>par-</strong></span> 
     </span>
    </p>
   </div>
   <div class='ocr_carea' id='block_1_39' title="bbox 526 3918 2101 3998">
    <p class='ocr_par' dir='ltr' id='par_1_39' title="bbox 526 3918 2101 3998">
     <span class='ocr_line' id='line_1_39' title="bbox 526 3918 2101 3998; baseline 0.004 -20"><span class='ocrx_word' id='word_1_301' title='bbox 526 3927 655 3979; x_wconf 87' lang='lat' dir='ltr'><strong>tibus</strong></span> <span class='ocrx_word' id='word_1_302' title='bbox 677 3967 691 3991; x_wconf 90' lang='lat'><strong>,</strong></span> <span class='ocrx_word' id='word_1_303' title='bbox 734 3928 919 3980; x_wconf 85' lang='lat' dir='ltr'><strong>veniret</strong></span> <span class='ocrx_word' id='word_1_304' title='bbox 944 3926 1225 3998; x_wconf 82' lang='lat' dir='ltr'><strong>Ephesum.</strong></span> <span class='ocrx_word' id='word_1_305' title='bbox 1252 3927 1385 3983; x_wconf 90' lang='lat' dir='ltr'><strong>Sunt</strong></span> <span class='ocrx_word' id='word_1_306' title='bbox 1418 3918 1595 3983; x_wconf 77' lang='lat' dir='ltr'><strong>autem</strong></span> <span class='ocrx_word' id='word_1_307' title='bbox 1624 3928 1727 3982; x_wconf 67' lang='lat' dir='ltr'><strong>illa:</strong></span> <span class='ocrx_word' id='word_1_308' title='bbox 1749 3929 1898 3997; x_wconf 79' lang='lat' dir='ltr'><strong>juxta</strong></span> <span class='ocrx_word' id='word_1_309' title='bbox 1926 3930 2101 3984; x_wconf 61' lang='lat' dir='ltr'><strong>Caesa-</strong></span> 
     </span>
    </p>
   </div>
   <div class='ocr_carea' id='block_1_40' title="bbox 529 4018 2105 4092">
    <p class='ocr_par' dir='ltr' id='par_1_40' title="bbox 529 4018 2105 4092">
     <span class='ocr_line' id='line_1_40' title="bbox 529 4018 2105 4092; baseline 0.001 -20"><span class='ocrx_word' id='word_1_310' title='bbox 529 4034 694 4084; x_wconf 84' lang='lat' dir='ltr'><strong>ream,</strong></span> <span class='ocrx_word' id='word_1_311' title='bbox 720 4028 774 4072; x_wconf 87' lang='lat' dir='ltr'><strong>et</strong></span> <span class='ocrx_word' id='word_1_312' title='bbox 803 4020 964 4073; x_wconf 87' lang='lat' dir='ltr'><strong>ultra.</strong></span> <span class='ocrx_word' id='word_1_313' title='bbox 991 4018 1059 4072; x_wconf 89' lang='lat' dir='ltr'><strong>Et</strong></span> <span class='ocrx_word' id='word_1_314' title='bbox 1085 4021 1268 4073; x_wconf 86' lang='lat' dir='ltr'><strong>invenit</strong></span> <span class='ocrx_word' id='word_1_315' title='bbox 1296 4020 1541 4090; x_wconf 88' lang='lat' dir='ltr'><strong>quosdam</strong></span> <span class='ocrx_word' id='word_1_316' title='bbox 1566 4020 1863 4089; x_wconf 87' lang='lat' dir='ltr'><strong>discipulos,</strong></span> <span class='ocrx_word' id='word_1_317' title='bbox 1880 4020 2105 4092; x_wconf 76' lang='lat' dir='ltr'><strong>dixitque</strong></span> 
     </span>
    </p>
   </div>
   <div class='ocr_carea' id='block_1_41' title="bbox 526 4109 2101 4180">
    <p class='ocr_par' dir='ltr' id='par_1_41' title="bbox 526 4109 2101 4180">
     <span class='ocr_line' id='line_1_41' title="bbox 526 4109 2101 4180; baseline 0.002 -18"><span class='ocrx_word' id='word_1_318' title='bbox 526 4110 595 4163; x_wconf 83' lang='lat' dir='ltr'><strong>eis</strong></span> <span class='ocrx_word' id='word_1_319' title='bbox 618 4126 635 4161; x_wconf 90' lang='lat'><strong><em>:</em></strong></span> <span class='ocrx_word' id='word_1_320' title='bbox 668 4110 729 4164; x_wconf 88' lang='lat' dir='ltr'><strong>Si</strong></span> <span class='ocrx_word' id='word_1_321' title='bbox 759 4109 1011 4179; x_wconf 83' lang='lat' dir='ltr'><strong>Spiritum</strong></span> <span class='ocrx_word' id='word_1_322' title='bbox 1052 4119 1280 4163; x_wconf 89' lang='lat' dir='ltr'><strong>sanctum</strong></span> <span class='ocrx_word' id='word_1_323' title='bbox 1318 4110 1580 4180; x_wconf 85' lang='lat' dir='ltr'><strong>accepistis</strong></span> <span class='ocrx_word' id='word_1_324' title='bbox 1622 4110 1921 4163; x_wconf 82' lang='lat' dir='ltr'><strong>credentes?</strong></span> <span class='ocrx_word' id='word_1_325' title='bbox 1950 4110 2101 4179; x_wconf 86' lang='lat' dir='ltr'><strong>Quod</strong></span> 
     </span>
    </p>
   </div>
   <div class='ocr_carea' id='block_1_42' title="bbox 526 4199 2098 4270">
    <p class='ocr_par' dir='ltr' id='par_1_42' title="bbox 526 4199 2098 4270">
     <span class='ocr_line' id='line_1_42' title="bbox 526 4199 2098 4270; baseline 0.001 -18"><span class='ocrx_word' id='word_1_326' title='bbox 526 4209 702 4254; x_wconf 89' lang='lat' dir='ltr'><strong>autem</strong></span> <span class='ocrx_word' id='word_1_327' title='bbox 734 4200 784 4253; x_wconf 91' lang='lat' dir='ltr'><strong>hi</strong></span> <span class='ocrx_word' id='word_1_328' title='bbox 806 4214 913 4253; x_wconf 92' lang='lat' dir='ltr'><strong>non</strong></span> <span class='ocrx_word' id='word_1_329' title='bbox 940 4199 1222 4255; x_wconf 89' lang='lat' dir='ltr'><strong>crederent</strong></span> <span class='ocrx_word' id='word_1_330' title='bbox 1244 4200 1294 4255; x_wconf 90' lang='lat' dir='ltr'><strong>in</strong></span> <span class='ocrx_word' id='word_1_331' title='bbox 1318 4200 1606 4265; x_wconf 88' lang='lat' dir='ltr'><strong>Christum,</strong></span> <span class='ocrx_word' id='word_1_332' title='bbox 1636 4200 1805 4270; x_wconf 89' lang='lat' dir='ltr'><strong>palam</strong></span> <span class='ocrx_word' id='word_1_333' title='bbox 1824 4210 1989 4257; x_wconf 80' lang='lat' dir='ltr'><strong>estex</strong></span> <span class='ocrx_word' id='word_1_334' title='bbox 2010 4216 2098 4270; x_wconf 84' lang='lat' dir='ltr'><strong>eo,</strong></span> 
     </span>
    </p>
   </div>
   <div class='ocr_carea' id='block_1_43' title="bbox 525 4290 2103 4362">
    <p class='ocr_par' dir='ltr' id='par_1_43' title="bbox 525 4290 2103 4362">
     <span class='ocr_line' id='line_1_43' title="bbox 525 4290 2103 4362; baseline 0.004 -21"><span class='ocrx_word' id='word_1_335' title='bbox 525 4290 666 4359; x_wconf 89' lang='lat' dir='ltr'><strong>quod</strong></span> <span class='ocrx_word' id='word_1_336' title='bbox 694 4290 892 4359; x_wconf 88' lang='lat' dir='ltr'><strong>dicant,</strong></span> <span class='ocrx_word' id='word_1_337' title='bbox 923 4290 987 4344; x_wconf 90' lang='lat' dir='ltr'><strong>In</strong></span> <span class='ocrx_word' id='word_1_338' title='bbox 1017 4308 1150 4357; x_wconf 90' lang='lat' dir='ltr'><strong>eum,</strong></span> <span class='ocrx_word' id='word_1_339' title='bbox 1182 4292 1266 4361; x_wconf 87' lang='lat' dir='ltr'><strong>qui</strong></span> <span class='ocrx_word' id='word_1_340' title='bbox 1293 4301 1526 4345; x_wconf 82' lang='lat' dir='ltr'><strong>venturus</strong></span> <span class='ocrx_word' id='word_1_341' title='bbox 1552 4300 1659 4345; x_wconf 89' lang='lat' dir='ltr'><strong>erat</strong></span> <span class='ocrx_word' id='word_1_342' title='bbox 1686 4301 1795 4360; x_wconf 86' lang='lat' dir='ltr'><strong>post</strong></span> <span class='ocrx_word' id='word_1_343' title='bbox 1816 4293 1983 4362; x_wconf 87' lang='lat' dir='ltr'><strong>ipsum</strong></span> <span class='ocrx_word' id='word_1_344' title='bbox 2002 4335 2015 4359; x_wconf 89' lang='lat'><strong>,</strong></span> <span class='ocrx_word' id='word_1_345' title='bbox 2047 4304 2103 4348; x_wconf 90' lang='lat' dir='ltr'><strong>ut</strong></span> 
     </span>
    </p>
   </div>
   <div class='ocr_carea' id='block_1_44' title="bbox 529 4383 2101 4454">
    <p class='ocr_par' dir='ltr' id='par_1_44' title="bbox 529 4383 2101 4454">
     <span class='ocr_line' id='line_1_44' title="bbox 529 4383 2101 4454; baseline 0.003 -17"><span class='ocrx_word' id='word_1_346' title='bbox 529 4383 752 4437; x_wconf 90' lang='lat' dir='ltr'><strong>credant.</strong></span> <span class='ocrx_word' id='word_1_347' title='bbox 781 4383 960 4452; x_wconf 87' lang='lat' dir='ltr'><strong>Neque</strong></span> <span class='ocrx_word' id='word_1_348' title='bbox 980 4384 1130 4447; x_wconf 81' lang='lat' dir='ltr'><strong>dixit,</strong></span> <span class='ocrx_word' id='word_1_349' title='bbox 1156 4384 1297 4439; x_wconf 90' lang='lat' dir='ltr'><strong>Nihil</strong></span> <span class='ocrx_word' id='word_1_350' title='bbox 1319 4396 1399 4440; x_wconf 90' lang='lat' dir='ltr'><strong>est</strong></span> <span class='ocrx_word' id='word_1_351' title='bbox 1421 4384 1679 4454; x_wconf 89' lang='lat' dir='ltr'><strong>baptisma</strong></span> <span class='ocrx_word' id='word_1_352' title='bbox 1702 4384 1955 4452; x_wconf 84' lang='lat' dir='ltr'><strong>Joannis;</strong></span> <span class='ocrx_word' id='word_1_353' title='bbox 1981 4386 2101 4453; x_wconf 89' lang='lat' dir='ltr'><strong>sed,</strong></span> 
     </span>
    </p>
   </div>
   <div class='ocr_carea' id='block_1_45' title="bbox 532 4475 2104 4546">
    <p class='ocr_par' dir='ltr' id='par_1_45' title="bbox 532 4475 2104 4546">
     <span class='ocr_line' id='line_1_45' title="bbox 532 4475 2104 4546; baseline 0.004 -18"><span class='ocrx_word' id='word_1_354' title='bbox 532 4475 903 4545; x_wconf 63' lang='lat' dir='ltr'><strong>imperfectum</strong></span> <span class='ocrx_word' id='word_1_355' title='bbox 934 4486 1034 4530; x_wconf 90' lang='lat' dir='ltr'><strong>est.</strong></span> <span class='ocrx_word' id='word_1_356' title='bbox 1059 4476 1238 4546; x_wconf 84' lang='lat' dir='ltr'><strong>Neque</strong></span> <span class='ocrx_word' id='word_1_357' title='bbox 1266 4477 1393 4532; x_wconf 91' lang='lat' dir='ltr'><strong>illud</strong></span> <span class='ocrx_word' id='word_1_358' title='bbox 1415 4478 1531 4530; x_wconf 89' lang='lat' dir='ltr'><strong>sine</strong></span> <span class='ocrx_word' id='word_1_359' title='bbox 1556 4490 1715 4531; x_wconf 89' lang='lat' dir='ltr'><strong>causa</strong></span> <span class='ocrx_word' id='word_1_360' title='bbox 1740 4476 1976 4544; x_wconf 90' lang='lat' dir='ltr'><strong>addidit,</strong></span> <span class='ocrx_word' id='word_1_361' title='bbox 2010 4479 2104 4534; x_wconf 89' lang='lat' dir='ltr'><strong>sed</strong></span> 
     </span>
    </p>
   </div>
   <div class='ocr_carea' id='block_1_46' title="bbox 531 4565 2104 4639">
    <p class='ocr_par' dir='ltr' id='par_1_46' title="bbox 531 4565 2104 4639">
     <span class='ocr_line' id='line_1_46' title="bbox 531 4565 2104 4639; baseline 0.003 -21"><span class='ocrx_word' id='word_1_362' title='bbox 531 4576 587 4618; x_wconf 90' lang='lat' dir='ltr'><strong>ut</strong></span> <span class='ocrx_word' id='word_1_363' title='bbox 613 4565 830 4621; x_wconf 87' lang='lat' dir='ltr'><strong>doceret</strong></span> <span class='ocrx_word' id='word_1_364' title='bbox 859 4565 1210 4635; x_wconf 89' lang='lat' dir='ltr'><strong>suaderetque</strong></span> <span class='ocrx_word' id='word_1_365' title='bbox 1238 4568 1327 4630; x_wconf 72' lang='lat' dir='ltr'><strong>eis,</strong></span> <span class='ocrx_word' id='word_1_366' title='bbox 1360 4573 1418 4620; x_wconf 89' lang='lat' dir='ltr'><strong>ut</strong></span> <span class='ocrx_word' id='word_1_367' title='bbox 1443 4566 1493 4619; x_wconf 92' lang='lat' dir='ltr'><strong>in</strong></span> <span class='ocrx_word' id='word_1_368' title='bbox 1518 4567 1732 4621; x_wconf 87' lang='lat' dir='ltr'><strong>nomine</strong></span> <span class='ocrx_word' id='word_1_369' title='bbox 1763 4567 1890 4622; x_wconf 90' lang='lat' dir='ltr'><strong>Jesu</strong></span> <span class='ocrx_word' id='word_1_370' title='bbox 1932 4568 2104 4639; x_wconf 88' lang='lat' dir='ltr'><strong>bapti-</strong></span> 
     </span>
    </p>
   </div>
   <div class='ocr_carea' id='block_1_47' title="bbox 532 4657 2106 4730">
    <p class='ocr_par' dir='ltr' id='par_1_47' title="bbox 532 4657 2106 4730">
     <span class='ocr_line' id='line_1_47' title="bbox 532 4657 2106 4730; baseline 0.005 -21"><span class='ocrx_word' id='word_1_371' title='bbox 532 4668 809 4712; x_wconf 86' lang='lat' dir='ltr'><strong>zarcntur:</strong></span> <span class='ocrx_word' id='word_1_372' title='bbox 843 4658 985 4728; x_wconf 84' lang='lat' dir='ltr'><strong>quod</strong></span> <span class='ocrx_word' id='word_1_373' title='bbox 1009 4659 1170 4713; x_wconf 90' lang='lat' dir='ltr'><strong>etiam</strong></span> <span class='ocrx_word' id='word_1_374' title='bbox 1200 4657 1427 4723; x_wconf 87' lang='lat' dir='ltr'><strong>faciunt,</strong></span> <span class='ocrx_word' id='word_1_375' title='bbox 1467 4666 1522 4712; x_wconf 91' lang='lat' dir='ltr'><strong>et</strong></span> <span class='ocrx_word' id='word_1_376' title='bbox 1550 4658 1807 4729; x_wconf 84' lang='lat' dir='ltr'><strong>Spiritum</strong></span> <span class='ocrx_word' id='word_1_377' title='bbox 1839 4661 2106 4730; x_wconf 88' lang='lat' dir='ltr'><strong>accipiunt</strong></span> 
     </span>
    </p>
   </div>
   <div class='ocr_carea' id='block_1_48' title="bbox 530 4749 2103 4825">
    <p class='ocr_par' dir='ltr' id='par_1_48' title="bbox 530 4749 2103 4825">
     <span class='ocr_line' id='line_1_48' title="bbox 530 4749 2103 4825; baseline 0.005 -22"><span class='ocrx_word' id='word_1_378' title='bbox 530 4768 594 4804; x_wconf 82' lang='lat' dir='ltr'><strong>ex</strong></span> <span class='ocrx_word' id='word_1_379' title='bbox 618 4750 956 4821; x_wconf 89' lang='lat' dir='ltr'><strong>impositione</strong></span> <span class='ocrx_word' id='word_1_380' title='bbox 973 4767 1221 4806; x_wconf 89' lang='lat' dir='ltr'><strong>manuum</strong></span> <span class='ocrx_word' id='word_1_381' title='bbox 1244 4749 1542 4807; x_wconf 82' lang='lat' dir='ltr'><strong>Pauli.Cum</strong></span> <span class='ocrx_word' id='word_1_382' title='bbox 1558 4753 1898 4823; x_wconf 86' lang='lat' dir='ltr'><strong>imposuisset,</strong></span> <span class='ocrx_word' id='word_1_383' title='bbox 1915 4756 2103 4825; x_wconf 86' lang='lat' dir='ltr'><strong>inquit,</strong></span> 
     </span>
    </p>
   </div>
   <div class='ocr_carea' id='block_1_49' title="bbox 533 4842 2104 4917">
    <p class='ocr_par' dir='ltr' id='par_1_49' title="bbox 533 4842 2104 4917">
     <span class='ocr_line' id='line_1_49' title="bbox 533 4842 2104 4917; baseline 0.002 -21"><span class='ocrx_word' id='word_1_384' title='bbox 533 4844 630 4896; x_wconf 84' lang='lat' dir='ltr'><strong>illis</strong></span> <span class='ocrx_word' id='word_1_385' title='bbox 659 4860 838 4896; x_wconf 87' lang='lat' dir='ltr'><strong>manus</strong></span> <span class='ocrx_word' id='word_1_386' title='bbox 879 4842 1102 4909; x_wconf 86' lang='lat' dir='ltr'><strong>Paulus,</strong></span> <span class='ocrx_word' id='word_1_387' title='bbox 1145 4845 1275 4897; x_wconf 83' lang='lat' dir='ltr'><strong>venit</strong></span> <span class='ocrx_word' id='word_1_388' title='bbox 1320 4843 1549 4914; x_wconf 86' lang='lat' dir='ltr'><strong>Spiritus</strong></span> <span class='ocrx_word' id='word_1_389' title='bbox 1582 4856 1787 4900; x_wconf 86' lang='lat' dir='ltr'><strong>sanctus</strong></span> <span class='ocrx_word' id='word_1_390' title='bbox 1827 4863 1977 4917; x_wconf 86' lang='lat' dir='ltr'><strong>super</strong></span> <span class='ocrx_word' id='word_1_391' title='bbox 2000 4864 2104 4903; x_wconf 88' lang='lat' dir='ltr'><strong>eos.</strong></span> 
     </span>
    </p>
   </div>
   <div class='ocr_carea' id='block_1_50' title="bbox 535 4935 2109 5013">
    <p class='ocr_par' dir='ltr' id='par_1_50' title="bbox 535 4935 2109 5013">
     <span class='ocr_line' id='line_1_50' title="bbox 535 4935 2109 5013; baseline 0.007 -28"><span class='ocrx_word' id='word_1_392' title='bbox 535 4935 714 5004; x_wconf 82' lang='lat' dir='ltr'><strong>Itaque</strong></span> <span class='ocrx_word' id='word_1_393' title='bbox 745 4936 777 4988; x_wconf 91' lang='lat' dir='ltr'>ii</span> <span class='ocrx_word' id='word_1_394' title='bbox 819 4935 1069 5004; x_wconf 85' lang='lat' dir='ltr'><strong>Spiritum</strong></span> <span class='ocrx_word' id='word_1_395' title='bbox 1097 4936 1459 5005; x_wconf 87' lang='lat' dir='ltr'><strong>accipiebant,</strong></span> <span class='ocrx_word' id='word_1_396' title='bbox 1503 4938 1693 5007; x_wconf 86' lang='lat' dir='ltr'><strong>quibus</strong></span> <span class='ocrx_word' id='word_1_397' title='bbox 1720 4954 1909 4995; x_wconf 89' lang='lat' dir='ltr'><strong>manus</strong></span> <span class='ocrx_word' id='word_1_398' title='bbox 1938 4942 2109 5013; x_wconf 91' lang='lat' dir='ltr'><strong>impo-</strong></span> 
     </span>
    </p>
   </div>
   <div class='ocr_carea' id='block_1_51' title="bbox 536 5024 2105 5101">
    <p class='ocr_par' dir='ltr' id='par_1_51' title="bbox 536 5024 2105 5101">
     <span class='ocr_line' id='line_1_51' title="bbox 536 5024 2105 5101; baseline 0.007 -23"><span class='ocrx_word' id='word_1_399' title='bbox 536 5026 716 5080; x_wconf 87' lang='lat' dir='ltr'><strong>nebat.</strong></span> <span class='ocrx_word' id='word_1_400' title='bbox 749 5024 1049 5081; x_wconf 82' lang='lat' dir='ltr'><strong>Verisimile</strong></span> <span class='ocrx_word' id='word_1_401' title='bbox 1080 5028 1237 5097; x_wconf 82' lang='lat' dir='ltr'><strong>igitur</strong></span> <span class='ocrx_word' id='word_1_402' title='bbox 1267 5037 1348 5082; x_wconf 90' lang='lat' dir='ltr'><strong>est</strong></span> <span class='ocrx_word' id='word_1_403' title='bbox 1376 5030 1497 5084; x_wconf 90' lang='lat' dir='ltr'><strong>illos</strong></span> <span class='ocrx_word' id='word_1_404' title='bbox 1525 5030 1781 5099; x_wconf 90' lang='lat' dir='ltr'><strong>Spiritum</strong></span> <span class='ocrx_word' id='word_1_405' title='bbox 1822 5031 2105 5101; x_wconf 89' lang='lat' dir='ltr'><strong>habuisse,</strong></span> 
     </span>
    </p>
   </div>
   <div class='ocr_carea' id='block_1_52' title="bbox 533 5118 2106 5193">
    <p class='ocr_par' dir='ltr' id='par_1_52' title="bbox 533 5118 2106 5193">
     <span class='ocr_line' id='line_1_52' title="bbox 533 5118 2106 5193; baseline 0.006 -22"><span class='ocrx_word' id='word_1_406' title='bbox 533 5132 632 5172; x_wconf 90' lang='lat' dir='ltr'><strong>nec</strong></span> <span class='ocrx_word' id='word_1_407' title='bbox 656 5118 987 5187; x_wconf 88' lang='lat' dir='ltr'><strong>apparuisse,</strong></span> <span class='ocrx_word' id='word_1_408' title='bbox 1021 5118 1121 5172; x_wconf 89' lang='lat' dir='ltr'><strong>nisi</strong></span> <span class='ocrx_word' id='word_1_409' title='bbox 1147 5134 1209 5172; x_wconf 80' lang='lat' dir='ltr'><strong>ex</strong></span> <span class='ocrx_word' id='word_1_410' title='bbox 1235 5121 1565 5187; x_wconf 87' lang='lat' dir='ltr'><strong>operatione,</strong></span> <span class='ocrx_word' id='word_1_411' title='bbox 1598 5130 1651 5176; x_wconf 90' lang='lat' dir='ltr'><strong>et</strong></span> <span class='ocrx_word' id='word_1_412' title='bbox 1674 5137 1736 5177; x_wconf 88' lang='lat' dir='ltr'><strong>ex</strong></span> <span class='ocrx_word' id='word_1_413' title='bbox 1766 5138 1831 5177; x_wconf 86' lang='lat' dir='ltr'><strong>eo</strong></span> <span class='ocrx_word' id='word_1_414' title='bbox 1853 5124 1993 5193; x_wconf 88' lang='lat' dir='ltr'><strong>quod</strong></span> <span class='ocrx_word' id='word_1_415' title='bbox 2023 5124 2106 5180; x_wconf 91' lang='lat' dir='ltr'><strong>lo-</strong></span> 
     </span>
    </p>
   </div>
   <div class='ocr_carea' id='block_1_53' title="bbox 531 5210 1053 5282">
    <p class='ocr_par' dir='ltr' id='par_1_53' title="bbox 531 5210 1053 5282">
     <span class='ocr_line' id='line_1_53' title="bbox 531 5210 1053 5282; baseline 0.004 -20"><span class='ocrx_word' id='word_1_416' title='bbox 531 5220 823 5279; x_wconf 87' lang='lat' dir='ltr'><strong>querentur</strong></span> <span class='ocrx_word' id='word_1_417' title='bbox 841 5210 1053 5282; x_wconf 83' lang='lat' dir='ltr'><strong>linguis.</strong></span> 
     </span>
    </p>
   </div>
   <div class='ocr_carea' id='block_1_54' title="bbox 603 5301 2107 5377">
    <p class='ocr_par' dir='ltr' id='par_1_54' title="bbox 603 5301 2107 5377">
     <span class='ocr_line' id='line_1_54' title="bbox 603 5301 2107 5377; baseline 0.004 -22"><span class='ocrx_word' id='word_1_418' title='bbox 603 5302 656 5355; x_wconf 76' lang='grc'><strong>2.</strong></span> <span class='ocrx_word' id='word_1_419' title='bbox 698 5301 804 5357; x_wconf 88' lang='lat' dir='ltr'><strong>Sed</strong></span> <span class='ocrx_word' id='word_1_420' title='bbox 830 5316 891 5357; x_wconf 89' lang='lat' dir='ltr'><strong>ea</strong></span> <span class='ocrx_word' id='word_1_421' title='bbox 915 5344 929 5368; x_wconf 93' lang='lat'><strong>,</strong></span> <span class='ocrx_word' id='word_1_422' title='bbox 970 5318 1087 5373; x_wconf 77' lang='lat' dir='ltr'><strong>qua:</strong></span> <span class='ocrx_word' id='word_1_423' title='bbox 1114 5304 1360 5373; x_wconf 87' lang='lat' dir='ltr'><strong>superius</strong></span> <span class='ocrx_word' id='word_1_424' title='bbox 1404 5308 1536 5359; x_wconf 86' lang='lat' dir='ltr'><strong>lecta</strong></span> <span class='ocrx_word' id='word_1_425' title='bbox 1587 5313 1744 5371; x_wconf 86' lang='lat' dir='ltr'><strong>sunt,</strong></span> <span class='ocrx_word' id='word_1_426' title='bbox 1783 5315 2107 5377; x_wconf 88' lang='lat' dir='ltr'><strong>repetamus.</strong></span> 
     </span>
    </p>
   </div>
   <div class='ocr_carea' id='block_1_55' title="bbox 542 5395 2112 5468">
    <p class='ocr_par' dir='ltr' id='par_1_55' title="bbox 542 5395 2112 5468">
     <span class='ocr_line' id='line_1_55' title="bbox 542 5395 2112 5468; baseline 0.005 -21"><span class='ocrx_word' id='word_1_427' title='bbox 542 5395 733 5450; x_wconf 84' lang='lat' dir='ltr'><strong>Paulus</strong></span> <span class='ocrx_word' id='word_1_428' title='bbox 762 5406 930 5451; x_wconf 90' lang='lat' dir='ltr'><strong>autem</strong></span> <span class='ocrx_word' id='word_1_429' title='bbox 952 5397 1200 5467; x_wconf 81' lang='lat' dir='ltr'><strong>navigavit</strong></span> <span class='ocrx_word' id='word_1_430' title='bbox 1240 5396 1291 5450; x_wconf 87' lang='lat' dir='ltr'><strong>in</strong></span> <span class='ocrx_word' id='word_1_431' title='bbox 1319 5397 1544 5465; x_wconf 80' lang='lat' dir='ltr'><strong>Syriam,</strong></span> <span class='ocrx_word' id='word_1_432' title='bbox 1577 5398 1782 5468; x_wconf 89' lang='lat' dir='ltr'><strong>inquit,</strong></span> <span class='ocrx_word' id='word_1_433' title='bbox 1813 5409 1857 5453; x_wconf 87' lang='lat' dir='ltr'><strong>et</strong></span> <span class='ocrx_word' id='word_1_434' title='bbox 1883 5418 1996 5454; x_wconf 87' lang='lat' dir='ltr'><strong>cum</strong></span> <span class='ocrx_word' id='word_1_435' title='bbox 2023 5402 2112 5455; x_wconf 87' lang='lat' dir='ltr'><strong>illo</strong></span> 
     </span>
    </p>
   </div>
   <div class='ocr_carea' id='block_1_56' title="bbox 544 5476 2109 5563">
    <p class='ocr_par' dir='ltr' id='par_1_56' title="bbox 544 5476 2109 5563">
     <span class='ocr_line' id='line_1_56' title="bbox 544 5476 2109 5563; baseline 0.007 -25"><span class='ocrx_word' id='word_1_436' title='bbox 544 5485 778 5543; x_wconf 84' lang='lat' dir='ltr'><strong>Priscilla</strong></span> <span class='ocrx_word' id='word_1_437' title='bbox 813 5500 859 5543; x_wconf 90' lang='lat' dir='ltr'><strong>et</strong></span> <span class='ocrx_word' id='word_1_438' title='bbox 887 5490 1091 5557; x_wconf 85' lang='lat' dir='ltr'><strong>Aquila,</strong></span> <span class='ocrx_word' id='word_1_439' title='bbox 1122 5504 1275 5560; x_wconf 88' lang='lat' dir='ltr'><strong>quos,</strong></span> <span class='ocrx_word' id='word_1_440' title='bbox 1310 5476 1428 5544; x_wconf 81' lang='lat' dir='ltr'><strong>eum</strong></span> <span class='ocrx_word' id='word_1_441' title='bbox 1461 5492 1789 5559; x_wconf 87' lang='lat' dir='ltr'><strong>pervenisset</strong></span> <span class='ocrx_word' id='word_1_442' title='bbox 1815 5492 2109 5563; x_wconf 87' lang='lat' dir='ltr'><strong>Ephesum,</strong></span> 
     </span>
    </p>
   </div>
   <div class='ocr_carea' id='block_1_57' title="bbox 542 5580 2113 5651">
    <p class='ocr_par' dir='ltr' id='par_1_57' title="bbox 542 5580 2113 5651">
     <span class='ocr_line' id='line_1_57' title="bbox 542 5580 2113 5651; baseline 0.008 -20"><span class='ocrx_word' id='word_1_443' title='bbox 542 5580 609 5631; x_wconf 90' lang='lat' dir='ltr'><strong>ibi</strong></span> <span class='ocrx_word' id='word_1_444' title='bbox 639 5580 867 5649; x_wconf 87' lang='lat' dir='ltr'><strong>reliquit.</strong></span> <span class='ocrx_word' id='word_1_445' title='bbox 898 5580 988 5635; x_wconf 78' lang='lat' dir='ltr'><strong>Vel</strong></span> <span class='ocrx_word' id='word_1_446' title='bbox 1017 5582 1135 5649; x_wconf 87' lang='lat' dir='ltr'><strong>quia</strong></span> <span class='ocrx_word' id='word_1_447' title='bbox 1168 5581 1373 5635; x_wconf 89' lang='lat' dir='ltr'><strong>nolebat</strong></span> <span class='ocrx_word' id='word_1_448' title='bbox 1402 5580 1517 5634; x_wconf 91' lang='lat' dir='ltr'><strong>illos</strong></span> <span class='ocrx_word' id='word_1_449' title='bbox 1542 5582 1961 5651; x_wconf 89' lang='lat' dir='ltr'><strong>circumducere,</strong></span> <span class='ocrx_word' id='word_1_450' title='bbox 1994 5587 2113 5642; x_wconf 90' lang='lat' dir='ltr'><strong>ideo</strong></span> 
     </span>
    </p>
   </div>
   <div class='ocr_carea' id='block_1_58' title="bbox 542 5670 2110 5747">
    <p class='ocr_par' dir='ltr' id='par_1_58' title="bbox 542 5670 2110 5747">
     <span class='ocr_line' id='line_1_58' title="bbox 542 5670 2110 5747; baseline 0.006 -24"><span class='ocrx_word' id='word_1_451' title='bbox 542 5670 756 5739; x_wconf 77' lang='lat' dir='ltr'><strong>reliquit</strong></span> <span class='ocrx_word' id='word_1_452' title='bbox 792 5687 806 5723; x_wconf 89' lang='lat'>:</span> <span class='ocrx_word' id='word_1_453' title='bbox 838 5671 916 5725; x_wconf 86' lang='lat' dir='ltr'><strong>vel</strong></span> <span class='ocrx_word' id='word_1_454' title='bbox 948 5672 1141 5738; x_wconf 79' lang='lat' dir='ltr'><strong>potius,</strong></span> <span class='ocrx_word' id='word_1_455' title='bbox 1177 5680 1229 5725; x_wconf 93' lang='lat' dir='ltr'><strong>ut</strong></span> <span class='ocrx_word' id='word_1_456' title='bbox 1270 5672 1517 5725; x_wconf 88' lang='lat' dir='ltr'><strong>doctores</strong></span> <span class='ocrx_word' id='word_1_457' title='bbox 1544 5685 1818 5731; x_wconf 88' lang='lat' dir='ltr'><strong>manerent</strong></span> <span class='ocrx_word' id='word_1_458' title='bbox 1843 5676 2110 5747; x_wconf 85' lang='lat' dir='ltr'><strong>Ephesiis.</strong></span> 
     </span>
    </p>
   </div>
   <div class='ocr_carea' id='block_1_59' title="bbox 544 5761 2113 5837">
    <p class='ocr_par' dir='ltr' id='par_1_59' title="bbox 544 5761 2113 5837">
     <span class='ocr_line' id='line_1_59' title="bbox 544 5761 2113 5837; baseline 0.006 -23"><span class='ocrx_word' id='word_1_459' title='bbox 544 5762 643 5829; x_wconf 78' lang='lat' dir='ltr'><strong>Ipsi</strong></span> <span class='ocrx_word' id='word_1_460' title='bbox 673 5776 800 5815; x_wconf 82' lang='lat' dir='ltr'><strong>vero</strong></span> <span class='ocrx_word' id='word_1_461' title='bbox 828 5773 1003 5829; x_wconf 73' lang='lat' dir='ltr'><strong>posma</strong></span> <span class='ocrx_word' id='word_1_462' title='bbox 1035 5761 1268 5817; x_wconf 87' lang='lat' dir='ltr'><strong>Corinthi</strong></span> <span class='ocrx_word' id='word_1_463' title='bbox 1301 5763 1621 5829; x_wconf 88' lang='lat' dir='ltr'><strong>habitarunt,</strong></span> <span class='ocrx_word' id='word_1_464' title='bbox 1651 5765 1716 5819; x_wconf 88' lang='lat' dir='ltr'><strong>de</strong></span> <span class='ocrx_word' id='word_1_465' title='bbox 1740 5769 1929 5837; x_wconf 89' lang='lat' dir='ltr'><strong>quibus</strong></span> <span class='ocrx_word' id='word_1_466' title='bbox 1952 5770 2113 5823; x_wconf 88' lang='lat' dir='ltr'><strong>etiam</strong></span> 
     </span>
    </p>
   </div>
   <div class='ocr_carea' id='block_1_60' title="bbox 542 5855 2115 5927">
    <p class='ocr_par' dir='ltr' id='par_1_60' title="bbox 542 5855 2115 5927">
     <span class='ocr_line' id='line_1_60' title="bbox 542 5855 2115 5927; baseline 0.008 -21"><span class='ocrx_word' id='word_1_467' title='bbox 542 5855 819 5927; x_wconf 75' lang='lat' dir='ltr'><strong>magniﬁco</strong></span> <span class='ocrx_word' id='word_1_468' title='bbox 866 5856 1195 5923; x_wconf 77' lang='lat' dir='ltr'><strong>testiﬁcatur,</strong></span> <span class='ocrx_word' id='word_1_469' title='bbox 1240 5867 1291 5912; x_wconf 77' lang='lat' dir='ltr'><strong>et</strong></span> <span class='ocrx_word' id='word_1_470' title='bbox 1342 5857 1595 5913; x_wconf 78' lang='lat' dir='ltr'><strong>Romanis</strong></span> <span class='ocrx_word' id='word_1_471' title='bbox 1644 5859 1884 5916; x_wconf 88' lang='lat' dir='ltr'><strong>scribens</strong></span> <span class='ocrx_word' id='word_1_472' title='bbox 1924 5862 2115 5919; x_wconf 86' lang='lat' dir='ltr'><strong>salutat</strong></span> 
     </span>
    </p>
   </div>
   <div class='ocr_carea' id='block_1_61' title="bbox 1312 413 3100 489">
    <p class='ocr_par' dir='ltr' id='par_1_61' title="bbox 1312 413 3100 489">
     <span class='ocr_line' id='line_1_61' title="bbox 1312 413 3100 489; baseline -0.012 0"><span class='ocrx_word' id='word_1_473' title='bbox 1312 434 1368 489; x_wconf 82' lang='lat' dir='ltr'><strong>S.</strong></span> <span class='ocrx_word' id='word_1_474' title='bbox 1409 428 1681 487; x_wconf 65' lang='lat' dir='ltr'><strong>JOANNIS</strong></span> <span class='ocrx_word' id='word_1_475' title='bbox 1716 418 2180 481; x_wconf 75' lang='lat' dir='ltr'><strong>(&#39;HRYSOSTOMI</strong></span> <span class='ocrx_word' id='word_1_476' title='bbox 2219 418 2532 476; x_wconf 78' lang='lat' dir='ltr'><strong>ARCHIEP.</strong></span> <span class='ocrx_word' id='word_1_477' title='bbox 2575 413 3100 475; x_wconf 73' lang='lat' dir='ltr'><strong>CONSTANTINOP.</strong></span> 
     </span>
    </p>
   </div>
   <div class='ocr_carea' id='block_1_62' title="bbox 3694 410 3809 466">
    <p class='ocr_par' dir='ltr' id='par_1_62' title="bbox 3694 410 3809 466">
     <span class='ocr_line' id='line_1_62' title="bbox 3694 410 3809 466; baseline 0.017 -2"><span class='ocrx_word' id='word_1_478' title='bbox 3694 410 3809 466; x_wconf 62' lang='lat'><strong>98$</strong></span> 
     </span>
    </p>
   </div>
   <div class='ocr_carea' id='block_1_63' title="bbox 2224 529 3808 603">
    <p class='ocr_par' dir='ltr' id='par_1_63' title="bbox 2224 529 3808 603">
     <span class='ocr_line' id='line_1_63' title="bbox 2224 529 3808 603; baseline -0.004 -15"><span class='ocrx_word' id='word_1_479' title='bbox 2224 534 2386 603; x_wconf 56' lang='lat' dir='ltr'><strong>ipsos.</strong></span> <span class='ocrx_word' id='word_1_480' title='bbox 2417 534 2591 601; x_wconf 85' lang='lat' dir='ltr'><strong>Quare</strong></span> <span class='ocrx_word' id='word_1_481' title='bbox 2620 534 2828 590; x_wconf 79' lang='lat' dir='ltr'><strong>videtur</strong></span> <span class='ocrx_word' id='word_1_482' title='bbox 2877 533 3005 588; x_wconf 88' lang='lat' dir='ltr'><strong>mihi</strong></span> <span class='ocrx_word' id='word_1_483' title='bbox 3054 533 3194 601; x_wconf 84' lang='lat' dir='ltr'><strong>ipsos</strong></span> <span class='ocrx_word' id='word_1_484' title='bbox 3236 540 3418 602; x_wconf 82' lang='lat' dir='ltr'><strong>postea</strong></span> <span class='ocrx_word' id='word_1_485' title='bbox 3447 530 3660 587; x_wconf 79' lang='lat' dir='ltr'><strong>venisse</strong></span> <span class='ocrx_word' id='word_1_486' title='bbox 3686 529 3808 584; x_wconf 62' lang='lat' dir='ltr'><strong>llo-</strong></span> 
     </span>
    </p>
   </div>
   <div class='ocr_carea' id='block_1_64' title="bbox 2218 619 3808 694">
    <p class='ocr_par' dir='ltr' id='par_1_64' title="bbox 2218 619 3808 694">
     <span class='ocr_line' id='line_1_64' title="bbox 2218 619 3808 694; baseline -0.001 -17"><span class='ocrx_word' id='word_1_487' title='bbox 2218 638 2394 690; x_wconf 86' lang='lat' dir='ltr'><strong>mam,</strong></span> <span class='ocrx_word' id='word_1_488' title='bbox 2438 634 2623 693; x_wconf 90' lang='lat' dir='ltr'><strong>utpote</strong></span> <span class='ocrx_word' id='word_1_489' title='bbox 2651 626 2738 694; x_wconf 92' lang='lat' dir='ltr'><strong>qui</strong></span> <span class='ocrx_word' id='word_1_490' title='bbox 2788 624 3013 679; x_wconf 82' lang='lat' dir='ltr'><strong>libenter</strong></span> <span class='ocrx_word' id='word_1_491' title='bbox 3054 622 3453 692; x_wconf 87' lang='lat' dir='ltr'><strong>frequentarent</strong></span> <span class='ocrx_word' id='word_1_492' title='bbox 3491 622 3630 687; x_wconf 85' lang='lat' dir='ltr'><strong>loea,</strong></span> <span class='ocrx_word' id='word_1_493' title='bbox 3658 619 3808 675; x_wconf 88' lang='lat' dir='ltr'><strong>unde</strong></span> 
     </span>
    </p>
   </div>
   <div class='ocr_carea' id='block_1_65' title="bbox 2215 712 3810 783">
    <p class='ocr_par' dir='ltr' id='par_1_65' title="bbox 2215 712 3810 783">
     <span class='ocr_line' id='line_1_65' title="bbox 2215 712 3810 783; baseline -0.001 -16"><span class='ocrx_word' id='word_1_494' title='bbox 2215 714 2367 783; x_wconf 77' lang='lat' dir='ltr'><strong>ejecti</strong></span> <span class='ocrx_word' id='word_1_495' title='bbox 2399 714 2607 768; x_wconf 80' lang='lat' dir='ltr'><strong>fuerant</strong></span> <span class='ocrx_word' id='word_1_496' title='bbox 2632 716 2731 770; x_wconf 85' lang='lat' dir='ltr'><strong>sub</strong></span> <span class='ocrx_word' id='word_1_497' title='bbox 2761 715 2993 771; x_wconf 84' lang='lat' dir='ltr'><strong>Nerone.</strong></span> <span class='ocrx_word' id='word_1_498' title='bbox 3022 714 3090 767; x_wconf 84' lang='lat' dir='ltr'><strong>Et</strong></span> <span class='ocrx_word' id='word_1_499' title='bbox 3119 714 3443 775; x_wconf 81' lang='lat' dir='ltr'><strong>descendens,</strong></span> <span class='ocrx_word' id='word_1_500' title='bbox 3474 714 3668 783; x_wconf 88' lang='lat' dir='ltr'><strong>inquit,</strong></span> <span class='ocrx_word' id='word_1_501' title='bbox 3697 712 3810 766; x_wconf 65' lang='lat' dir='ltr'><strong>Crv-</strong></span> 
     </span>
    </p>
   </div>
   <div class='ocr_carea' id='block_1_66' title="bbox 2215 803 3809 872">
    <p class='ocr_par' dir='ltr' id='par_1_66' title="bbox 2215 803 3809 872">
     <span class='ocr_line' id='line_1_66' title="bbox 2215 803 3809 872; baseline -0.001 -14"><span class='ocrx_word' id='word_1_502' title='bbox 2215 820 2431 872; x_wconf 88' lang='lat' dir='ltr'><strong>saream,</strong></span> <span class='ocrx_word' id='word_1_503' title='bbox 2478 821 2592 859; x_wconf 90' lang='lat' dir='ltr'><strong>cum</strong></span> <span class='ocrx_word' id='word_1_504' title='bbox 2633 806 2938 861; x_wconf 86' lang='lat' dir='ltr'><strong>ascendisset</strong></span> <span class='ocrx_word' id='word_1_505' title='bbox 2978 817 3026 859; x_wconf 90' lang='lat' dir='ltr'><strong>et</strong></span> <span class='ocrx_word' id='word_1_506' title='bbox 3070 807 3335 861; x_wconf 83' lang='lat' dir='ltr'><strong>salutasset</strong></span> <span class='ocrx_word' id='word_1_507' title='bbox 3365 804 3668 868; x_wconf 82' lang='lat' dir='ltr'><strong>Ecclesium,</strong></span> <span class='ocrx_word' id='word_1_508' title='bbox 3712 803 3809 857; x_wconf 47' lang='lat' dir='ltr'><strong>de.</strong></span> 
     </span>
    </p>
   </div>
   <div class='ocr_carea' id='block_1_67' title="bbox 2212 896 3804 967">
    <p class='ocr_par' dir='ltr' id='par_1_67' title="bbox 2212 896 3804 967">
     <span class='ocr_line' id='line_1_67' title="bbox 2212 896 3804 967; baseline 0.001 -19"><span class='ocrx_word' id='word_1_509' title='bbox 2212 896 2402 951; x_wconf 84' lang='lat' dir='ltr'><strong>scendit</strong></span> <span class='ocrx_word' id='word_1_510' title='bbox 2433 896 2791 965; x_wconf 87' lang='lat' dir='ltr'><strong>Antiochiam,</strong></span> <span class='ocrx_word' id='word_1_511' title='bbox 2817 909 3088 966; x_wconf 74' lang='lat' dir='ltr'><strong>exactaque</strong></span> <span class='ocrx_word' id='word_1_512' title='bbox 3128 898 3197 952; x_wconf 89' lang='lat' dir='ltr'><strong>ibi</strong></span> <span class='ocrx_word' id='word_1_513' title='bbox 3241 899 3500 967; x_wconf 86' lang='lat' dir='ltr'><strong>aliquanto</strong></span> <span class='ocrx_word' id='word_1_514' title='bbox 3536 906 3760 967; x_wconf 82' lang='lat' dir='ltr'><strong>tempore</strong></span> <span class='ocrx_word' id='word_1_515' title='bbox 3786 937 3804 959; x_wconf 88' lang='lat'><strong>,</strong></span> 
     </span>
    </p>
   </div>
   <div class='ocr_carea' id='block_1_68' title="bbox 2213 989 3807 1061">
    <p class='ocr_par' dir='ltr' id='par_1_68' title="bbox 2213 989 3807 1061">
     <span class='ocr_line' id='line_1_68' title="bbox 2213 989 3807 1061; baseline 0.001 -21"><span class='ocrx_word' id='word_1_516' title='bbox 2213 989 2352 1056; x_wconf 77' lang='lat' dir='ltr'><strong>exiit,</strong></span> <span class='ocrx_word' id='word_1_517' title='bbox 2385 992 2725 1058; x_wconf 88' lang='lat' dir='ltr'><strong>pertransiens</strong></span> <span class='ocrx_word' id='word_1_518' title='bbox 2767 989 3050 1045; x_wconf 81' lang='lat' dir='ltr'><strong>Galaticam</strong></span> <span class='ocrx_word' id='word_1_519' title='bbox 3079 992 3259 1046; x_wconf 73' lang='lat' dir='ltr'><strong>exinde</strong></span> <span class='ocrx_word' id='word_1_520' title='bbox 3281 993 3530 1061; x_wconf 84' lang='lat' dir='ltr'><strong>regionem</strong></span> <span class='ocrx_word' id='word_1_521' title='bbox 3558 1001 3606 1044; x_wconf 90' lang='lat' dir='ltr'><strong>et</strong></span> <span class='ocrx_word' id='word_1_522' title='bbox 3640 989 3807 1059; x_wconf 80' lang='lat' dir='ltr'><strong>Phry-</strong></span> 
     </span>
    </p>
   </div>
   <div class='ocr_carea' id='block_1_69' title="bbox 2212 1080 3799 1152">
    <p class='ocr_par' dir='ltr' id='par_1_69' title="bbox 2212 1080 3799 1152">
     <span class='ocr_line' id='line_1_69' title="bbox 2212 1080 3799 1152; baseline 0.001 -20"><span class='ocrx_word' id='word_1_523' title='bbox 2212 1080 2366 1150; x_wconf 86' lang='lat' dir='ltr'><strong>giam.</strong></span> <span class='ocrx_word' id='word_1_524' title='bbox 2394 1080 2614 1136; x_wconf 80' lang='lat' dir='ltr'><strong>Videtur</strong></span> <span class='ocrx_word' id='word_1_525' title='bbox 2666 1082 2797 1137; x_wconf 89' lang='lat' dir='ltr'><strong>mihi</strong></span> <span class='ocrx_word' id='word_1_526' title='bbox 2845 1082 3030 1138; x_wconf 87' lang='lat' dir='ltr'><strong>fideles</strong></span> <span class='ocrx_word' id='word_1_527' title='bbox 3075 1082 3181 1137; x_wconf 92' lang='lat' dir='ltr'><strong>illic</strong></span> <span class='ocrx_word' id='word_1_528' title='bbox 3229 1090 3526 1137; x_wconf 84' lang='lat' dir='ltr'><strong>conventus</strong></span> <span class='ocrx_word' id='word_1_529' title='bbox 3578 1081 3799 1152; x_wconf 78' lang='lat' dir='ltr'><strong>egisse:</strong></span> 
     </span>
    </p>
   </div>
   <div class='ocr_carea' id='block_1_70' title="bbox 2215 1173 3805 1243">
    <p class='ocr_par' dir='ltr' id='par_1_70' title="bbox 2215 1173 3805 1243">
     <span class='ocr_line' id='line_1_70' title="bbox 2215 1173 3805 1243; baseline -0.001 -18"><span class='ocrx_word' id='word_1_530' title='bbox 2215 1186 2318 1225; x_wconf 90' lang='lat' dir='ltr'><strong>non</strong></span> <span class='ocrx_word' id='word_1_531' title='bbox 2340 1173 2481 1227; x_wconf 90' lang='lat' dir='ltr'><strong>enim</strong></span> <span class='ocrx_word' id='word_1_532' title='bbox 2508 1174 2688 1229; x_wconf 87' lang='lat' dir='ltr'><strong>statim</strong></span> <span class='ocrx_word' id='word_1_533' title='bbox 2718 1175 2835 1230; x_wconf 88' lang='lat' dir='ltr'><strong>illos</strong></span> <span class='ocrx_word' id='word_1_534' title='bbox 2864 1174 3265 1231; x_wconf 90' lang='lat' dir='ltr'><strong>abstrahebant.</strong></span> <span class='ocrx_word' id='word_1_535' title='bbox 3300 1174 3434 1228; x_wconf 84' lang='lat' dir='ltr'><strong>Vide</strong></span> <span class='ocrx_word' id='word_1_536' title='bbox 3454 1182 3633 1229; x_wconf 87' lang='lat' dir='ltr'><strong>autem</strong></span> <span class='ocrx_word' id='word_1_537' title='bbox 3665 1188 3805 1243; x_wconf 70' lang='lat' dir='ltr'><strong>quo.</strong></span> 
     </span>
    </p>
   </div>
   <div class='ocr_carea' id='block_1_71' title="bbox 2213 1262 3798 1336">
    <p class='ocr_par' dir='ltr' id='par_1_71' title="bbox 2213 1262 3798 1336">
     <span class='ocr_line' id='line_1_71' title="bbox 2213 1262 3798 1336; baseline 0.001 -21"><span class='ocrx_word' id='word_1_538' title='bbox 2213 1262 2372 1317; x_wconf 92' lang='lat' dir='ltr'><strong>modo</strong></span> <span class='ocrx_word' id='word_1_539' title='bbox 2399 1264 2518 1319; x_wconf 91' lang='lat' dir='ltr'><strong>illos</strong></span> <span class='ocrx_word' id='word_1_540' title='bbox 2548 1276 2748 1334; x_wconf 83' lang='lat' dir='ltr'><strong>urgeat.</strong></span> <span class='ocrx_word' id='word_1_541' title='bbox 2781 1267 2841 1321; x_wconf 86' lang='lat' dir='ltr'><strong>Et</strong></span> <span class='ocrx_word' id='word_1_542' title='bbox 2864 1266 2960 1321; x_wconf 90' lang='lat' dir='ltr'><strong>has</strong></span> <span class='ocrx_word' id='word_1_543' title='bbox 2990 1266 3233 1336; x_wconf 78' lang='lat' dir='ltr'><strong>regiones</strong></span> <span class='ocrx_word' id='word_1_544' title='bbox 3262 1266 3453 1320; x_wconf 89' lang='lat' dir='ltr'><strong>iterum</strong></span> <span class='ocrx_word' id='word_1_545' title='bbox 3484 1263 3798 1335; x_wconf 86' lang='lat' dir='ltr'><strong>pertransit,</strong></span> 
     </span>
    </p>
   </div>
   <div class='ocr_carea' id='block_1_72' title="bbox 2212 1357 3801 1429">
    <p class='ocr_par' dir='ltr' id='par_1_72' title="bbox 2212 1357 3801 1429">
     <span class='ocr_line' id='line_1_72' title="bbox 2212 1357 3801 1429; baseline 0.001 -22"><span class='ocrx_word' id='word_1_546' title='bbox 2212 1362 2270 1408; x_wconf 90' lang='lat' dir='ltr'><strong>ut</strong></span> <span class='ocrx_word' id='word_1_547' title='bbox 2314 1358 2592 1425; x_wconf 68' lang='lat' dir='ltr'><strong>prmsentia</strong></span> <span class='ocrx_word' id='word_1_548' title='bbox 2637 1372 2731 1413; x_wconf 90' lang='lat' dir='ltr'><strong>sua</strong></span> <span class='ocrx_word' id='word_1_549' title='bbox 2764 1358 3052 1429; x_wconf 88' lang='lat' dir='ltr'><strong>discipulos</strong></span> <span class='ocrx_word' id='word_1_550' title='bbox 3099 1359 3395 1414; x_wconf 88' lang='lat' dir='ltr'><strong>confirmet.</strong></span> <span class='ocrx_word' id='word_1_551' title='bbox 3426 1357 3639 1410; x_wconf 75' lang='lat' dir='ltr'><strong>Jnda&#39;us</strong></span> <span class='ocrx_word' id='word_1_552' title='bbox 3682 1371 3801 1409; x_wconf 85' lang='lat' dir='ltr'><strong>vero</strong></span> 
     </span>
    </p>
   </div>
   <div class='ocr_carea' id='block_1_73' title="bbox 2210 1445 3800 1519">
    <p class='ocr_par' dir='ltr' id='par_1_73' title="bbox 2210 1445 3800 1519">
     <span class='ocr_line' id='line_1_73' title="bbox 2210 1445 3800 1519; baseline 0.001 -22"><span class='ocrx_word' id='word_1_553' title='bbox 2210 1445 2437 1513; x_wconf 87' lang='lat' dir='ltr'><strong>quidam,</strong></span> <span class='ocrx_word' id='word_1_554' title='bbox 2465 1447 2657 1517; x_wconf 90' lang='lat' dir='ltr'><strong>inquit,</strong></span> <span class='ocrx_word' id='word_1_555' title='bbox 2701 1448 2885 1518; x_wconf 81' lang='lat' dir='ltr'><strong>Apollo</strong></span> <span class='ocrx_word' id='word_1_556' title='bbox 2913 1450 3133 1517; x_wconf 84' lang='lat' dir='ltr'><strong>nomine,</strong></span> <span class='ocrx_word' id='word_1_557' title='bbox 3152 1453 3290 1506; x_wconf 83' lang='lat' dir='ltr'><strong>venit</strong></span> <span class='ocrx_word' id='word_1_558' title='bbox 3309 1448 3587 1519; x_wconf 80' lang='lat' dir='ltr'><strong>Ephesum,</strong></span> <span class='ocrx_word' id='word_1_559' title='bbox 3619 1456 3800 1518; x_wconf 78' lang='lat' dir='ltr'><strong>potens</strong></span> 
     </span>
    </p>
   </div>
   <div class='ocr_carea' id='block_1_74' title="bbox 2210 1535 3799 1609">
    <p class='ocr_par' dir='ltr' id='par_1_74' title="bbox 2210 1535 3799 1609">
     <span class='ocr_line' id='line_1_74' title="bbox 2210 1535 3799 1609; baseline 0.002 -21"><span class='ocrx_word' id='word_1_560' title='bbox 2210 1535 2262 1589; x_wconf 89' lang='lat' dir='ltr'><strong>in</strong></span> <span class='ocrx_word' id='word_1_561' title='bbox 2293 1536 2591 1605; x_wconf 87' lang='lat' dir='ltr'><strong>Scriptnris.</strong></span> <span class='ocrx_word' id='word_1_562' title='bbox 2622 1537 2793 1593; x_wconf 81' lang='lat' dir='ltr'><strong>Homo</strong></span> <span class='ocrx_word' id='word_1_563' title='bbox 2839 1539 3064 1609; x_wconf 79' lang='lat' dir='ltr'><strong>diligens</strong></span> <span class='ocrx_word' id='word_1_564' title='bbox 3108 1548 3257 1603; x_wconf 87' lang='lat' dir='ltr'><strong>erat;</strong></span> <span class='ocrx_word' id='word_1_565' title='bbox 3287 1539 3512 1608; x_wconf 87' lang='lat' dir='ltr'><strong>ideoque</strong></span> <span class='ocrx_word' id='word_1_566' title='bbox 3559 1538 3799 1608; x_wconf 82' lang='lat' dir='ltr'><strong>peregri-</strong></span> 
     </span>
    </p>
   </div>
   <div class='ocr_carea' id='block_1_75' title="bbox 2211 1626 3798 1699">
    <p class='ocr_par' dir='ltr' id='par_1_75' title="bbox 2211 1626 3798 1699">
     <span class='ocr_line' id='line_1_75' title="bbox 2211 1626 3798 1699; baseline 0.003 -21"><span class='ocrx_word' id='word_1_567' title='bbox 2211 1626 2455 1682; x_wconf 88' lang='lat' dir='ltr'><strong>nabatur.</strong></span> <span class='ocrx_word' id='word_1_568' title='bbox 2491 1628 2592 1695; x_wconf 89' lang='lat' dir='ltr'><strong>Qui</strong></span> <span class='ocrx_word' id='word_1_569' title='bbox 2618 1645 2731 1683; x_wconf 89' lang='lat' dir='ltr'><strong>cum</strong></span> <span class='ocrx_word' id='word_1_570' title='bbox 2758 1630 2990 1697; x_wconf 78' lang='lat' dir='ltr'><strong>venisset,</strong></span> <span class='ocrx_word' id='word_1_571' title='bbox 3025 1630 3222 1699; x_wconf 90' lang='lat' dir='ltr'><strong>inquit,</strong></span> <span class='ocrx_word' id='word_1_572' title='bbox 3250 1631 3303 1684; x_wconf 88' lang='lat' dir='ltr'><strong>in</strong></span> <span class='ocrx_word' id='word_1_573' title='bbox 3342 1630 3611 1694; x_wconf 83' lang='lat' dir='ltr'><strong>Achaiam,</strong></span> <span class='ocrx_word' id='word_1_574' title='bbox 3642 1630 3798 1683; x_wconf 85' lang='lat' dir='ltr'><strong>vehe—</strong></span> 
     </span>
    </p>
   </div>
   <div class='ocr_carea' id='block_1_76' title="bbox 2210 1717 3799 1790">
    <p class='ocr_par' dir='ltr' id='par_1_76' title="bbox 2210 1717 3799 1790">
     <span class='ocr_line' id='line_1_76' title="bbox 2210 1717 3799 1790; baseline 0.004 -24"><span class='ocrx_word' id='word_1_575' title='bbox 2210 1731 2265 1767; x_wconf 88' lang='lat' dir='ltr'><strong>m.</strong></span> <span class='ocrx_word' id='word_1_576' title='bbox 2290 1726 2399 1770; x_wconf 66' lang='lat' dir='ltr'><strong>nter</strong></span> <span class='ocrx_word' id='word_1_577' title='bbox 2428 1717 2704 1773; x_wconf 87' lang='lat' dir='ltr'><strong>revincebat</strong></span> <span class='ocrx_word' id='word_1_578' title='bbox 2743 1718 2957 1774; x_wconf 76' lang='lat' dir='ltr'><strong>Juda’os</strong></span> <span class='ocrx_word' id='word_1_579' title='bbox 3006 1720 3218 1790; x_wconf 87' lang='lat' dir='ltr'><strong>publice.</strong></span> <span class='ocrx_word' id='word_1_580' title='bbox 3250 1721 3324 1774; x_wconf 85' lang='lat' dir='ltr'><strong>De</strong></span> <span class='ocrx_word' id='word_1_581' title='bbox 3353 1735 3459 1790; x_wconf 91' lang='lat' dir='ltr'><strong>quo</strong></span> <span class='ocrx_word' id='word_1_582' title='bbox 3489 1719 3689 1775; x_wconf 85' lang='lat' dir='ltr'><strong>Paulus</strong></span> <span class='ocrx_word' id='word_1_583' title='bbox 3718 1720 3799 1774; x_wconf 87' lang='lat' dir='ltr'><strong>di—</strong></span> 
     </span>
    </p>
   </div>
   <div class='ocr_carea' id='block_1_77' title="bbox 2212 1806 3796 1882">
    <p class='ocr_par' dir='ltr' id='par_1_77' title="bbox 2212 1806 3796 1882">
     <span class='ocr_line' id='line_1_77' title="bbox 2212 1806 3796 1882; baseline 0.004 -23"><span class='ocrx_word' id='word_1_584' title='bbox 2212 1806 2364 1861; x_wconf 86' lang='lat' dir='ltr'><strong>cebat</strong></span> <span class='ocrx_word' id='word_1_585' title='bbox 2392 1823 2404 1860; x_wconf 95' lang='lat'>:</span> <span class='ocrx_word' id='word_1_586' title='bbox 2436 1806 2512 1861; x_wconf 88' lang='lat' dir='ltr'><strong>De</strong></span> <span class='ocrx_word' id='word_1_587' title='bbox 2532 1809 2717 1877; x_wconf 86' lang='lat' dir='ltr'><strong>Apollo</strong></span> <span class='ocrx_word' id='word_1_588' title='bbox 2737 1820 2904 1864; x_wconf 83' lang='lat' dir='ltr'><strong>autent</strong></span> <span class='ocrx_word' id='word_1_589' title='bbox 2932 1814 3091 1882; x_wconf 80' lang='lat' dir='ltr'><strong>fratre</strong></span> <span class='ocrx_word' id='word_1_590' title='bbox 3129 1811 3206 1880; x_wconf 74' lang='grc'><strong>(1.</strong></span> <span class='ocrx_word' id='word_1_591' title='bbox 3232 1812 3350 1867; x_wconf 87' lang='lat' dir='ltr'><strong>Cor.</strong></span> <span class='ocrx_word' id='word_1_592' title='bbox 3382 1812 3469 1867; x_wconf 80' lang='grc'><strong>16.</strong></span> <span class='ocrx_word' id='word_1_593' title='bbox 3497 1812 3609 1881; x_wconf 72' lang='lat' dir='ltr'><strong>l2).</strong></span> <span class='ocrx_word' id='word_1_594' title='bbox 3641 1811 3796 1878; x_wconf 80' lang='lat' dir='ltr'><strong>Quod</strong></span> 
     </span>
    </p>
   </div>
   <div class='ocr_carea' id='block_1_78' title="bbox 2210 1898 3796 1973">
    <p class='ocr_par' dir='ltr' id='par_1_78' title="bbox 2210 1898 3796 1973">
     <span class='ocr_line' id='line_1_78' title="bbox 2210 1898 3796 1973; baseline 0.004 -22"><span class='ocrx_word' id='word_1_595' title='bbox 2210 1898 2419 1967; x_wconf 90' lang='lat' dir='ltr'><strong>publice</strong></span> <span class='ocrx_word' id='word_1_596' title='bbox 2447 1902 2814 1973; x_wconf 80' lang='lat' dir='ltr'><strong>redargueret,</strong></span> <span class='ocrx_word' id='word_1_597' title='bbox 2840 1902 2966 1958; x_wconf 92' lang='lat' dir='ltr'><strong>hinc</strong></span> <span class='ocrx_word' id='word_1_598' title='bbox 2994 1903 3182 1960; x_wconf 90' lang='lat' dir='ltr'><strong>ﬁducia</strong></span> <span class='ocrx_word' id='word_1_599' title='bbox 3209 1903 3626 1967; x_wconf 88' lang='lat' dir='ltr'><strong>ostendebatur;</strong></span> <span class='ocrx_word' id='word_1_600' title='bbox 3651 1904 3796 1973; x_wconf 88' lang='lat' dir='ltr'><strong>quod</strong></span> 
     </span>
    </p>
   </div>
   <div class='ocr_carea' id='block_1_79' title="bbox 2208 1994 3796 2069">
    <p class='ocr_par' dir='ltr' id='par_1_79' title="bbox 2208 1994 3796 2069">
     <span class='ocr_line' id='line_1_79' title="bbox 2208 1994 3796 2069; baseline 0.002 -22"><span class='ocrx_word' id='word_1_601' title='bbox 2208 1994 2555 2051; x_wconf 85' lang='lat' dir='ltr'><strong>vehementer</strong></span> <span class='ocrx_word' id='word_1_602' title='bbox 2585 1997 2807 2053; x_wconf 90' lang='lat' dir='ltr'><strong>facultas</strong></span> <span class='ocrx_word' id='word_1_603' title='bbox 2836 1999 3072 2054; x_wconf 90' lang='lat' dir='ltr'><strong>enitebat</strong></span> <span class='ocrx_word' id='word_1_604' title='bbox 3097 2016 3111 2064; x_wconf 87' lang='lat'><strong>;</strong></span> <span class='ocrx_word' id='word_1_605' title='bbox 3141 1999 3284 2069; x_wconf 92' lang='lat' dir='ltr'><strong>quod</strong></span> <span class='ocrx_word' id='word_1_606' title='bbox 3314 2014 3379 2054; x_wconf 85' lang='lat' dir='ltr'><strong>ex</strong></span> <span class='ocrx_word' id='word_1_607' title='bbox 3422 1999 3617 2053; x_wconf 87' lang='lat' dir='ltr'><strong>divinis</strong></span> <span class='ocrx_word' id='word_1_608' title='bbox 3645 1995 3796 2053; x_wconf 89' lang='lat' dir='ltr'><strong>Scri-</strong></span> 
     </span>
    </p>
   </div>
   <div class='ocr_carea' id='block_1_80' title="bbox 2208 2087 3799 2160">
    <p class='ocr_par' dir='ltr' id='par_1_80' title="bbox 2208 2087 3799 2160">
     <span class='ocr_line' id='line_1_80' title="bbox 2208 2087 3799 2160; baseline 0.002 -19"><span class='ocrx_word' id='word_1_609' title='bbox 2208 2087 2378 2156; x_wconf 90' lang='lat' dir='ltr'><strong>pturis</strong></span> <span class='ocrx_word' id='word_1_610' title='bbox 2404 2088 2751 2156; x_wconf 88' lang='lat' dir='ltr'><strong>ostenderet,</strong></span> <span class='ocrx_word' id='word_1_611' title='bbox 2784 2091 3115 2160; x_wconf 78' lang='lat' dir='ltr'><strong>experientia</strong></span> <span class='ocrx_word' id='word_1_612' title='bbox 3163 2090 3582 2145; x_wconf 84' lang='lat' dir='ltr'><strong>monstrabatur.</strong></span> <span class='ocrx_word' id='word_1_613' title='bbox 3614 2089 3799 2159; x_wconf 87' lang='lat' dir='ltr'><strong>Neque</strong></span> 
     </span>
    </p>
   </div>
   <div class='ocr_carea' id='block_1_81' title="bbox 2209 2180 3797 2253">
    <p class='ocr_par' dir='ltr' id='par_1_81' title="bbox 2209 2180 3797 2253">
     <span class='ocr_line' id='line_1_81' title="bbox 2209 2180 3797 2253; baseline 0.001 -19"><span class='ocrx_word' id='word_1_614' title='bbox 2209 2181 2350 2235; x_wconf 87' lang='lat' dir='ltr'><strong>enim</strong></span> <span class='ocrx_word' id='word_1_615' title='bbox 2393 2182 2602 2237; x_wconf 87' lang='lat' dir='ltr'><strong>dicendi</strong></span> <span class='ocrx_word' id='word_1_616' title='bbox 2644 2182 2862 2238; x_wconf 89' lang='lat' dir='ltr'><strong>libertas</strong></span> <span class='ocrx_word' id='word_1_617' title='bbox 2890 2183 3088 2253; x_wconf 88' lang='lat' dir='ltr'><strong>aliquid</strong></span> <span class='ocrx_word' id='word_1_618' title='bbox 3117 2182 3356 2251; x_wconf 89' lang='lat' dir='ltr'><strong>perﬁcit,</strong></span> <span class='ocrx_word' id='word_1_619' title='bbox 3380 2182 3603 2237; x_wconf 88' lang='lat' dir='ltr'><strong>absente</strong></span> <span class='ocrx_word' id='word_1_620' title='bbox 3629 2180 3797 2236; x_wconf 87' lang='lat' dir='ltr'><strong>facul-</strong></span> 
     </span>
    </p>
   </div>
   <div class='ocr_carea' id='block_1_82' title="bbox 2211 2273 3797 2346">
    <p class='ocr_par' dir='ltr' id='par_1_82' title="bbox 2211 2273 3797 2346">
     <span class='ocr_line' id='line_1_82' title="bbox 2211 2273 3797 2346; baseline 0 -18"><span class='ocrx_word' id='word_1_621' title='bbox 2211 2285 2351 2340; x_wconf 88' lang='lat' dir='ltr'><strong>tate;</strong></span> <span class='ocrx_word' id='word_1_622' title='bbox 2386 2290 2558 2346; x_wconf 91' lang='lat' dir='ltr'><strong>neque</strong></span> <span class='ocrx_word' id='word_1_623' title='bbox 2589 2274 2813 2331; x_wconf 83' lang='lat' dir='ltr'><strong>facultas</strong></span> <span class='ocrx_word' id='word_1_624' title='bbox 2841 2275 3060 2331; x_wconf 88' lang='lat' dir='ltr'><strong>absente</strong></span> <span class='ocrx_word' id='word_1_625' title='bbox 3086 2276 3349 2330; x_wconf 89' lang='lat' dir='ltr'><strong>libertate.</strong></span> <span class='ocrx_word' id='word_1_626' title='bbox 3376 2274 3516 2343; x_wconf 81' lang='lat' dir='ltr'><strong>Ergo</strong></span> <span class='ocrx_word' id='word_1_627' title='bbox 3543 2289 3648 2328; x_wconf 91' lang='lat' dir='ltr'><strong>non</strong></span> <span class='ocrx_word' id='word_1_628' title='bbox 3679 2273 3797 2328; x_wconf 88' lang='lat' dir='ltr'><strong>sine</strong></span> 
     </span>
    </p>
   </div>
   <div class='ocr_carea' id='block_1_83' title="bbox 2208 2366 3798 2437">
    <p class='ocr_par' dir='ltr' id='par_1_83' title="bbox 2208 2366 3798 2437">
     <span class='ocr_line' id='line_1_83' title="bbox 2208 2366 3798 2437; baseline -0.001 -17"><span class='ocrx_word' id='word_1_629' title='bbox 2208 2380 2367 2421; x_wconf 89' lang='lat' dir='ltr'><strong>causa</strong></span> <span class='ocrx_word' id='word_1_630' title='bbox 2415 2366 2660 2436; x_wconf 88' lang='lat' dir='ltr'><strong>Aquilam</strong></span> <span class='ocrx_word' id='word_1_631' title='bbox 2710 2367 2925 2437; x_wconf 85' lang='lat' dir='ltr'><strong>reliquit</strong></span> <span class='ocrx_word' id='word_1_632' title='bbox 2966 2366 3190 2436; x_wconf 87' lang='lat' dir='ltr'><strong>Ephesi,</strong></span> <span class='ocrx_word' id='word_1_633' title='bbox 3216 2366 3311 2421; x_wconf 89' lang='lat' dir='ltr'><strong>sed</strong></span> <span class='ocrx_word' id='word_1_634' title='bbox 3356 2375 3575 2436; x_wconf 87' lang='lat' dir='ltr'><strong>propter</strong></span> <span class='ocrx_word' id='word_1_635' title='bbox 3603 2366 3798 2434; x_wconf 87' lang='lat' dir='ltr'><strong>Apollo</strong></span> 
     </span>
    </p>
   </div>
   <div class='ocr_carea' id='block_1_84' title="bbox 2208 2458 3799 2531">
    <p class='ocr_par' dir='ltr' id='par_1_84' title="bbox 2208 2458 3799 2531">
     <span class='ocr_line' id='line_1_84' title="bbox 2208 2458 3799 2531; baseline -0.001 -18"><span class='ocrx_word' id='word_1_636' title='bbox 2208 2461 2386 2514; x_wconf 91' lang='lat' dir='ltr'><strong>forsan</strong></span> <span class='ocrx_word' id='word_1_637' title='bbox 2418 2458 2650 2529; x_wconf 88' lang='lat' dir='ltr'><strong>Spiritus</strong></span> <span class='ocrx_word' id='word_1_638' title='bbox 2675 2459 2777 2516; x_wconf 91' lang='lat' dir='ltr'><strong>hoc</strong></span> <span class='ocrx_word' id='word_1_639' title='bbox 2806 2460 3154 2531; x_wconf 85' lang='lat' dir='ltr'><strong>dispensavit,</strong></span> <span class='ocrx_word' id='word_1_640' title='bbox 3182 2469 3237 2515; x_wconf 89' lang='lat' dir='ltr'><strong>ut</strong></span> <span class='ocrx_word' id='word_1_641' title='bbox 3264 2459 3451 2515; x_wconf 90' lang='lat' dir='ltr'><strong>fortior</strong></span> <span class='ocrx_word' id='word_1_642' title='bbox 3476 2458 3799 2513; x_wconf 85' lang='lat' dir='ltr'><strong>ascenderet</strong></span> 
     </span>
    </p>
   </div>
   <div class='ocr_carea' id='block_1_85' title="bbox 2205 2548 3795 2614">
    <p class='ocr_par' dir='ltr' id='par_1_85' title="bbox 2205 2548 3795 2614">
     <span class='ocr_line' id='line_1_85' title="bbox 2205 2548 3795 2614; baseline -0.001 -10"><span class='ocrx_word' id='word_1_643' title='bbox 2205 2548 2637 2604; x_wconf 86' lang='lat' dir='ltr'><strong>Corinthum.Et</strong></span> <span class='ocrx_word' id='word_1_644' title='bbox 2664 2564 2761 2605; x_wconf 91' lang='lat' dir='ltr'><strong>cur</strong></span> <span class='ocrx_word' id='word_1_645' title='bbox 2806 2551 2929 2605; x_wconf 89' lang='lat' dir='ltr'><strong>huic</strong></span> <span class='ocrx_word' id='word_1_646' title='bbox 2974 2550 3105 2605; x_wconf 91' lang='lat' dir='ltr'><strong>nihil</strong></span> <span class='ocrx_word' id='word_1_647' title='bbox 3157 2550 3435 2614; x_wconf 88' lang='lat' dir='ltr'><strong>fecerunt,</strong></span> <span class='ocrx_word' id='word_1_648' title='bbox 3467 2549 3520 2602; x_wconf 92' lang='lat' dir='ltr'><strong>in</strong></span> <span class='ocrx_word' id='word_1_649' title='bbox 3570 2548 3795 2603; x_wconf 82' lang='lat' dir='ltr'><strong>Paulum</strong></span> 
     </span>
    </p>
   </div>
   <div class='ocr_carea' id='block_1_86' title="bbox 2207 2641 3793 2713">
    <p class='ocr_par' dir='ltr' id='par_1_86' title="bbox 2207 2641 3793 2713">
     <span class='ocr_line' id='line_1_86' title="bbox 2207 2641 3793 2713; baseline 0.001 -18"><span class='ocrx_word' id='word_1_650' title='bbox 2207 2650 2384 2696; x_wconf 89' lang='lat' dir='ltr'><strong>autem</strong></span> <span class='ocrx_word' id='word_1_651' title='bbox 2428 2642 2756 2711; x_wconf 84' lang='lat' dir='ltr'><strong>insurgunt?</strong></span> <span class='ocrx_word' id='word_1_652' title='bbox 2786 2643 3039 2698; x_wconf 90' lang='lat' dir='ltr'><strong>Sciebant</strong></span> <span class='ocrx_word' id='word_1_653' title='bbox 3066 2642 3215 2697; x_wconf 91' lang='lat' dir='ltr'><strong>illum</strong></span> <span class='ocrx_word' id='word_1_654' title='bbox 3256 2641 3600 2713; x_wconf 68' lang='lat' dir='ltr'><strong>coryphaeum</strong></span> <span class='ocrx_word' id='word_1_655' title='bbox 3631 2654 3793 2706; x_wconf 86' lang='lat' dir='ltr'><strong>esse;</strong></span> 
     </span>
    </p>
   </div>
   <div class='ocr_carea' id='block_1_87' title="bbox 2209 2735 3797 2807">
    <p class='ocr_par' dir='ltr' id='par_1_87' title="bbox 2209 2735 3797 2807">
     <span class='ocr_line' id='line_1_87' title="bbox 2209 2735 3797 2807; baseline 0.002 -23"><span class='ocrx_word' id='word_1_656' title='bbox 2209 2735 2291 2788; x_wconf 82' lang='lat' dir='ltr'><strong>vel</strong></span> <span class='ocrx_word' id='word_1_657' title='bbox 2323 2735 2445 2805; x_wconf 87' lang='lat' dir='ltr'><strong>quia</strong></span> <span class='ocrx_word' id='word_1_658' title='bbox 2472 2752 2718 2807; x_wconf 89' lang='lat' dir='ltr'><strong>magnum</strong></span> <span class='ocrx_word' id='word_1_659' title='bbox 2751 2747 2866 2792; x_wconf 88' lang='lat' dir='ltr'><strong>erat</strong></span> <span class='ocrx_word' id='word_1_660' title='bbox 2892 2737 2993 2791; x_wconf 91' lang='lat' dir='ltr'><strong>viri</strong></span> <span class='ocrx_word' id='word_1_661' title='bbox 3020 2751 3235 2791; x_wconf 90' lang='lat' dir='ltr'><strong>nomen.</strong></span> <span class='ocrx_word' id='word_1_662' title='bbox 3273 2738 3597 2789; x_wconf 84' lang='lat' dir='ltr'><strong>Assumentes</strong></span> <span class='ocrx_word' id='word_1_663' title='bbox 3627 2744 3797 2788; x_wconf 81' lang='lat' dir='ltr'><strong>autem</strong></span> 
     </span>
    </p>
   </div>
   <div class='ocr_carea' id='block_1_88' title="bbox 2208 2824 3801 2897">
    <p class='ocr_par' dir='ltr' id='par_1_88' title="bbox 2208 2824 3801 2897">
     <span class='ocr_line' id='line_1_88' title="bbox 2208 2824 3801 2897; baseline 0.001 -19"><span class='ocrx_word' id='word_1_664' title='bbox 2208 2826 2373 2891; x_wconf 85' lang='lat' dir='ltr'><strong>illum,</strong></span> <span class='ocrx_word' id='word_1_665' title='bbox 2407 2826 2600 2897; x_wconf 87' lang='lat' dir='ltr'><strong>inquit,</strong></span> <span class='ocrx_word' id='word_1_666' title='bbox 2631 2828 2816 2897; x_wconf 85' lang='lat' dir='ltr'><strong>Aquila</strong></span> <span class='ocrx_word' id='word_1_667' title='bbox 2844 2837 2889 2896; x_wconf 81' lang='lat' dir='ltr'><strong>et</strong></span> <span class='ocrx_word' id='word_1_668' title='bbox 2922 2824 3161 2882; x_wconf 74' lang='lat' dir='ltr'><strong>Priscilla</strong></span> <span class='ocrx_word' id='word_1_669' title='bbox 3185 2869 3200 2893; x_wconf 93' lang='lat'><strong>,</strong></span> <span class='ocrx_word' id='word_1_670' title='bbox 3237 2827 3526 2897; x_wconf 86' lang='lat' dir='ltr'><strong>diligentius</strong></span> <span class='ocrx_word' id='word_1_671' title='bbox 3553 2842 3801 2891; x_wconf 72' lang='lat' dir='ltr'><strong>exposue-</strong></span> 
     </span>
    </p>
   </div>
   <div class='ocr_carea' id='block_1_89' title="bbox 2206 2917 3798 2989">
    <p class='ocr_par' dir='ltr' id='par_1_89' title="bbox 2206 2917 3798 2989">
     <span class='ocr_line' id='line_1_89' title="bbox 2206 2917 3798 2989; baseline 0.002 -21"><span class='ocrx_word' id='word_1_672' title='bbox 2206 2926 2323 2969; x_wconf 86' lang='lat' dir='ltr'><strong>runt</strong></span> <span class='ocrx_word' id='word_1_673' title='bbox 2360 2917 2407 2970; x_wconf 87' lang='lat' dir='ltr'><strong>ei</strong></span> <span class='ocrx_word' id='word_1_674' title='bbox 2448 2918 2582 2971; x_wconf 88' lang='lat' dir='ltr'><strong>viam</strong></span> <span class='ocrx_word' id='word_1_675' title='bbox 2626 2917 2740 2971; x_wconf 87' lang='lat' dir='ltr'><strong>Dei.</strong></span> <span class='ocrx_word' id='word_1_676' title='bbox 2776 2918 2907 2974; x_wconf 81' lang='lat' dir='ltr'><strong>Vide</strong></span> <span class='ocrx_word' id='word_1_677' title='bbox 2936 2919 3205 2989; x_wconf 89' lang='lat' dir='ltr'><strong>quomodo</strong></span> <span class='ocrx_word' id='word_1_678' title='bbox 3230 2920 3407 2973; x_wconf 88' lang='lat' dir='ltr'><strong>omnia</strong></span> <span class='ocrx_word' id='word_1_679' title='bbox 3440 2917 3540 2972; x_wconf 89' lang='lat' dir='ltr'><strong>ﬁde</strong></span> <span class='ocrx_word' id='word_1_680' title='bbox 3568 2917 3798 2987; x_wconf 88' lang='lat' dir='ltr'><strong>perﬁce—</strong></span> 
     </span>
    </p>
   </div>
   <div class='ocr_carea' id='block_1_90' title="bbox 2207 3009 3796 3081">
    <p class='ocr_par' dir='ltr' id='par_1_90' title="bbox 2207 3009 3796 3081">
     <span class='ocr_line' id='line_1_90' title="bbox 2207 3009 3796 3081; baseline 0.001 -19"><span class='ocrx_word' id='word_1_681' title='bbox 2207 3017 2394 3063; x_wconf 87' lang='lat' dir='ltr'><strong>rentur</strong></span> <span class='ocrx_word' id='word_1_682' title='bbox 2437 3018 2490 3064; x_wconf 92' lang='lat' dir='ltr'><strong>et</strong></span> <span class='ocrx_word' id='word_1_683' title='bbox 2533 3025 2796 3080; x_wconf 88' lang='lat' dir='ltr'><strong>nusquam</strong></span> <span class='ocrx_word' id='word_1_684' title='bbox 2842 3010 3062 3078; x_wconf 89' lang='lat' dir='ltr'><strong>invidia,</strong></span> <span class='ocrx_word' id='word_1_685' title='bbox 3098 3025 3360 3081; x_wconf 86' lang='lat' dir='ltr'><strong>nusquam</strong></span> <span class='ocrx_word' id='word_1_686' title='bbox 3393 3010 3530 3065; x_wconf 84' lang='lat' dir='ltr'><strong>livor</strong></span> <span class='ocrx_word' id='word_1_687' title='bbox 3563 3029 3575 3064; x_wconf 92' lang='lat'><strong>:</strong></span> <span class='ocrx_word' id='word_1_688' title='bbox 3604 3009 3796 3080; x_wconf 82' lang='lat' dir='ltr'><strong>Aquila</strong></span> 
     </span>
    </p>
   </div>
   <div class='ocr_carea' id='block_1_91' title="bbox 2206 3100 3797 3173">
    <p class='ocr_par' dir='ltr' id='par_1_91' title="bbox 2206 3100 3797 3173">
     <span class='ocr_line' id='line_1_91' title="bbox 2206 3100 3797 3173; baseline 0.001 -18"><span class='ocrx_word' id='word_1_689' title='bbox 2206 3100 2404 3165; x_wconf 88' lang='lat' dir='ltr'><strong>docet;</strong></span> <span class='ocrx_word' id='word_1_690' title='bbox 2441 3102 2547 3157; x_wconf 93' lang='lat' dir='ltr'><strong>imo</strong></span> <span class='ocrx_word' id='word_1_691' title='bbox 2594 3104 2773 3172; x_wconf 90' lang='lat' dir='ltr'><strong>potius</strong></span> <span class='ocrx_word' id='word_1_692' title='bbox 2826 3104 2943 3173; x_wconf 91' lang='lat' dir='ltr'><strong>ipse</strong></span> <span class='ocrx_word' id='word_1_693' title='bbox 2986 3103 3227 3159; x_wconf 88' lang='lat' dir='ltr'><strong>docetur.</strong></span> <span class='ocrx_word' id='word_1_694' title='bbox 3262 3103 3472 3159; x_wconf 85' lang='lat' dir='ltr'><strong>Etenim</strong></span> <span class='ocrx_word' id='word_1_695' title='bbox 3522 3104 3797 3173; x_wconf 88' lang='lat' dir='ltr'><strong>aliquanto</strong></span> 
     </span>
    </p>
   </div>
   <div class='ocr_carea' id='block_1_92' title="bbox 2207 3193 3794 3261">
    <p class='ocr_par' dir='ltr' id='par_1_92' title="bbox 2207 3193 3794 3261">
     <span class='ocr_line' id='line_1_92' title="bbox 2207 3193 3794 3261; baseline 0.001 -15"><span class='ocrx_word' id='word_1_696' title='bbox 2207 3200 2447 3261; x_wconf 87' lang='lat' dir='ltr'><strong>tempore</strong></span> <span class='ocrx_word' id='word_1_697' title='bbox 2474 3207 2594 3248; x_wconf 90' lang='lat' dir='ltr'><strong>cum</strong></span> <span class='ocrx_word' id='word_1_698' title='bbox 2627 3193 2720 3249; x_wconf 93' lang='lat' dir='ltr'><strong>illo</strong></span> <span class='ocrx_word' id='word_1_699' title='bbox 2740 3205 3037 3261; x_wconf 89' lang='lat' dir='ltr'><strong>versantes,</strong></span> <span class='ocrx_word' id='word_1_700' title='bbox 3068 3196 3146 3250; x_wconf 90' lang='lat' dir='ltr'><strong>sic</strong></span> <span class='ocrx_word' id='word_1_701' title='bbox 3176 3194 3349 3250; x_wconf 91' lang='lat' dir='ltr'><strong>edocti</strong></span> <span class='ocrx_word' id='word_1_702' title='bbox 3371 3202 3514 3259; x_wconf 91' lang='lat' dir='ltr'><strong>sunt,</strong></span> <span class='ocrx_word' id='word_1_703' title='bbox 3547 3206 3603 3248; x_wconf 91' lang='lat' dir='ltr'><strong>ut</strong></span> <span class='ocrx_word' id='word_1_704' title='bbox 3632 3193 3794 3250; x_wconf 90' lang='lat' dir='ltr'><strong>etiam</strong></span> 
     </span>
    </p>
   </div>
   <div class='ocr_carea' id='block_1_93' title="bbox 2205 3284 3796 3357">
    <p class='ocr_par' dir='ltr' id='par_1_93' title="bbox 2205 3284 3796 3357">
     <span class='ocr_line' id='line_1_93' title="bbox 2205 3284 3796 3357; baseline 0.001 -19"><span class='ocrx_word' id='word_1_705' title='bbox 2205 3284 2341 3339; x_wconf 89' lang='lat' dir='ltr'><strong>alios</strong></span> <span class='ocrx_word' id='word_1_706' title='bbox 2369 3286 2565 3342; x_wconf 90' lang='lat' dir='ltr'><strong>docere</strong></span> <span class='ocrx_word' id='word_1_707' title='bbox 2596 3296 2836 3356; x_wconf 87' lang='lat' dir='ltr'><strong>possent.</strong></span> <span class='ocrx_word' id='word_1_708' title='bbox 2862 3286 2989 3342; x_wconf 85' lang='lat' dir='ltr'><strong>Cum</strong></span> <span class='ocrx_word' id='word_1_709' title='bbox 3016 3295 3181 3341; x_wconf 88' lang='lat' dir='ltr'><strong>autem</strong></span> <span class='ocrx_word' id='word_1_710' title='bbox 3208 3288 3354 3341; x_wconf 86' lang='lat' dir='ltr'><strong>vellet</strong></span> <span class='ocrx_word' id='word_1_711' title='bbox 3379 3289 3488 3357; x_wconf 88' lang='lat' dir='ltr'><strong>ipse</strong></span> <span class='ocrx_word' id='word_1_712' title='bbox 3506 3288 3722 3342; x_wconf 83' lang='lat' dir='ltr'><strong>transire</strong></span> <span class='ocrx_word' id='word_1_713' title='bbox 3744 3287 3796 3341; x_wconf 87' lang='lat' dir='ltr'><strong>in</strong></span> 
     </span>
    </p>
   </div>
   <div class='ocr_carea' id='block_1_94' title="bbox 2210 3376 3797 3449">
    <p class='ocr_par' dir='ltr' id='par_1_94' title="bbox 2210 3376 3797 3449">
     <span class='ocr_line' id='line_1_94' title="bbox 2210 3376 3797 3449; baseline 0.003 -21"><span class='ocrx_word' id='word_1_714' title='bbox 2210 3376 2471 3442; x_wconf 82' lang='lat' dir='ltr'><strong>Achaiam,</strong></span> <span class='ocrx_word' id='word_1_715' title='bbox 2505 3377 2697 3447; x_wconf 90' lang='lat' dir='ltr'><strong>inquit,</strong></span> <span class='ocrx_word' id='word_1_716' title='bbox 2729 3378 3062 3448; x_wconf 88' lang='lat' dir='ltr'><strong>scripserunt</strong></span> <span class='ocrx_word' id='word_1_717' title='bbox 3086 3378 3384 3448; x_wconf 85' lang='lat' dir='ltr'><strong>discipulis,</strong></span> <span class='ocrx_word' id='word_1_718' title='bbox 3409 3386 3468 3433; x_wconf 92' lang='lat' dir='ltr'><strong>ut</strong></span> <span class='ocrx_word' id='word_1_719' title='bbox 3491 3378 3797 3449; x_wconf 83' lang='lat' dir='ltr'><strong>reciperent</strong></span> 
     </span>
    </p>
   </div>
   <div class='ocr_carea' id='block_1_95' title="bbox 2204 3468 3793 3541">
    <p class='ocr_par' dir='ltr' id='par_1_95' title="bbox 2204 3468 3793 3541">
     <span class='ocr_line' id='line_1_95' title="bbox 2204 3468 3793 3541; baseline 0.001 -18"><span class='ocrx_word' id='word_1_720' title='bbox 2204 3484 2347 3523; x_wconf 86' lang='lat' dir='ltr'><strong>eum.</strong></span> <span class='ocrx_word' id='word_1_721' title='bbox 2380 3468 2487 3525; x_wconf 88' lang='lat' dir='ltr'><strong>Cur</strong></span> <span class='ocrx_word' id='word_1_722' title='bbox 2516 3468 2696 3525; x_wconf 89' lang='lat' dir='ltr'><strong>literas</strong></span> <span class='ocrx_word' id='word_1_723' title='bbox 2722 3470 2960 3525; x_wconf 85' lang='lat' dir='ltr'><strong>scribant</strong></span> <span class='ocrx_word' id='word_1_724' title='bbox 2988 3470 3186 3526; x_wconf 87' lang='lat' dir='ltr'><strong>indicat</strong></span> <span class='ocrx_word' id='word_1_725' title='bbox 3212 3486 3225 3523; x_wconf 89' lang='lat'><strong>:</strong></span> <span class='ocrx_word' id='word_1_726' title='bbox 3262 3470 3327 3527; x_wconf 88' lang='lat' dir='ltr'><strong>Ut</strong></span> <span class='ocrx_word' id='word_1_727' title='bbox 3350 3471 3498 3525; x_wconf 83' lang='lat' dir='ltr'><strong>illum</strong></span> <span class='ocrx_word' id='word_1_728' title='bbox 3526 3471 3793 3541; x_wconf 84' lang='lat' dir='ltr'><strong>recipiant,</strong></span> 
     </span>
    </p>
   </div>
   <div class='ocr_carea' id='block_1_96' title="bbox 2206 3562 2400 3632">
    <p class='ocr_par' dir='ltr' id='par_1_96' title="bbox 2206 3562 2400 3632">
     <span class='ocr_line' id='line_1_96' title="bbox 2206 3562 2400 3632; baseline 0 -16"><span class='ocrx_word' id='word_1_729' title='bbox 2206 3562 2400 3632; x_wconf 87' lang='lat' dir='ltr'><strong>inquit.</strong></span> 
     </span>
    </p>
   </div>
   <div class='ocr_carea' id='block_1_97' title="bbox 2280 3653 3797 3727">
    <p class='ocr_par' dir='ltr' id='par_1_97' title="bbox 2280 3653 3797 3727">
     <span class='ocr_line' id='line_1_97' title="bbox 2280 3653 3797 3727; baseline 0.002 -21"><span class='ocrx_word' id='word_1_730' title='bbox 2280 3654 2535 3719; x_wconf 89' lang='lat' dir='ltr'><strong>Quantum</strong></span> <span class='ocrx_word' id='word_1_731' title='bbox 2567 3654 2819 3727; x_wconf 84' lang='lat' dir='ltr'><strong>baptisma</strong></span> <span class='ocrx_word' id='word_1_732' title='bbox 2857 3654 3044 3711; x_wconf 86' lang='lat' dir='ltr'><strong>Christi</strong></span> <span class='ocrx_word' id='word_1_733' title='bbox 3074 3663 3275 3725; x_wconf 64' lang='lat' dir='ltr'><strong>praestet</strong></span> <span class='ocrx_word' id='word_1_734' title='bbox 3316 3653 3607 3726; x_wconf 84' lang='lat' dir='ltr'><strong>baptismati</strong></span> <span class='ocrx_word' id='word_1_735' title='bbox 3631 3653 3797 3709; x_wconf 81' lang='lat' dir='ltr'><strong>Joan-</strong></span> 
     </span>
    </p>
   </div>
   <div class='ocr_carea' id='block_1_98' title="bbox 2208 3745 3796 3817">
    <p class='ocr_par' dir='ltr' id='par_1_98' title="bbox 2208 3745 3796 3817">
     <span class='ocr_line' id='line_1_98' title="bbox 2208 3745 3796 3817; baseline 0.002 -19"><span class='ocrx_word' id='word_1_736' title='bbox 2208 3745 2307 3799; x_wconf 86' lang='lat' dir='ltr'><strong>nis.</strong></span> <span class='ocrx_word' id='word_1_737' title='bbox 2330 3776 2399 3787; x_wconf 88' lang='lat'><strong>-—</strong></span> <span class='ocrx_word' id='word_1_738' title='bbox 2431 3745 2494 3800; x_wconf 89' lang='lat' dir='ltr'><strong>Et</strong></span> <span class='ocrx_word' id='word_1_739' title='bbox 2536 3746 2674 3802; x_wconf 89' lang='lat' dir='ltr'><strong>unde</strong></span> <span class='ocrx_word' id='word_1_740' title='bbox 2702 3746 2869 3817; x_wconf 89' lang='lat' dir='ltr'><strong>liquet</strong></span> <span class='ocrx_word' id='word_1_741' title='bbox 2896 3747 3037 3813; x_wconf 90' lang='lat' dir='ltr'><strong>illos,</strong></span> <span class='ocrx_word' id='word_1_742' title='bbox 3075 3760 3196 3802; x_wconf 92' lang='lat' dir='ltr'><strong>cum</strong></span> <span class='ocrx_word' id='word_1_743' title='bbox 3230 3745 3427 3817; x_wconf 84' lang='lat' dir='ltr'><strong>Ephesi</strong></span> <span class='ocrx_word' id='word_1_744' title='bbox 3458 3756 3662 3809; x_wconf 84' lang='lat' dir='ltr'><strong>essent,</strong></span> <span class='ocrx_word' id='word_1_745' title='bbox 3697 3747 3796 3801; x_wconf 88' lang='lat' dir='ltr'><strong>ba-</strong></span> 
     </span>
    </p>
   </div>
   <div class='ocr_carea' id='block_1_99' title="bbox 2206 3836 3799 3907">
    <p class='ocr_par' dir='ltr' id='par_1_99' title="bbox 2206 3836 3799 3907">
     <span class='ocr_line' id='line_1_99' title="bbox 2206 3836 3799 3907; baseline 0 -16"><span class='ocrx_word' id='word_1_746' title='bbox 2206 3838 2397 3907; x_wconf 89' lang='lat' dir='ltr'><strong>ptisma</strong></span> <span class='ocrx_word' id='word_1_747' title='bbox 2424 3836 2648 3893; x_wconf 82' lang='lat' dir='ltr'><strong>Joannis</strong></span> <span class='ocrx_word' id='word_1_748' title='bbox 2674 3838 2960 3893; x_wconf 88' lang='lat' dir='ltr'><strong>habuisse?</strong></span> <span class='ocrx_word' id='word_1_749' title='bbox 2986 3837 3117 3905; x_wconf 86' lang='lat' dir='ltr'><strong>Quia</strong></span> <span class='ocrx_word' id='word_1_750' title='bbox 3142 3837 3475 3907; x_wconf 86' lang='lat' dir='ltr'><strong>interrogati,</strong></span> <span class='ocrx_word' id='word_1_751' title='bbox 3499 3836 3564 3891; x_wconf 88' lang='lat' dir='ltr'><strong>In</strong></span> <span class='ocrx_word' id='word_1_752' title='bbox 3590 3853 3689 3905; x_wconf 84' lang='lat' dir='ltr'><strong>quo</strong></span> <span class='ocrx_word' id='word_1_753' title='bbox 3708 3838 3799 3891; x_wconf 84' lang='lat' dir='ltr'><strong>ba-</strong></span> 
     </span>
    </p>
   </div>
   <div class='ocr_carea' id='block_1_100' title="bbox 2208 3927 3798 3999">
    <p class='ocr_par' dir='ltr' id='par_1_100' title="bbox 2208 3927 3798 3999">
     <span class='ocr_line' id='line_1_100' title="bbox 2208 3927 3798 3999; baseline 0.002 -19"><span class='ocrx_word' id='word_1_754' title='bbox 2208 3929 2384 3997; x_wconf 80' lang='lat' dir='ltr'><strong>ptizati</strong></span> <span class='ocrx_word' id='word_1_755' title='bbox 2409 3929 2525 3983; x_wconf 90' lang='lat' dir='ltr'><strong>estis</strong></span> <span class='ocrx_word' id='word_1_756' title='bbox 2548 3929 2573 3982; x_wconf 71' lang='grc' dir='ltr'><strong><em>Ρ</em></strong></span> <span class='ocrx_word' id='word_1_757' title='bbox 2603 3929 2789 3984; x_wconf 88' lang='lat' dir='ltr'><strong>dicunt</strong></span> <span class='ocrx_word' id='word_1_758' title='bbox 2817 3946 2831 3984; x_wconf 95' lang='lat'><strong>:</strong></span> <span class='ocrx_word' id='word_1_759' title='bbox 2863 3928 2931 3983; x_wconf 85' lang='lat' dir='ltr'><strong>In</strong></span> <span class='ocrx_word' id='word_1_760' title='bbox 2980 3928 3198 3983; x_wconf 84' lang='lat' dir='ltr'><strong>Joannis</strong></span> <span class='ocrx_word' id='word_1_761' title='bbox 3253 3927 3571 3999; x_wconf 87' lang='lat' dir='ltr'><strong>baptismate.</strong></span> <span class='ocrx_word' id='word_1_762' title='bbox 3595 3928 3798 3984; x_wconf 85' lang='lat' dir='ltr'><strong>Forsan</strong></span> 
     </span>
    </p>
   </div>
   <div class='ocr_carea' id='block_1_101' title="bbox 2210 4020 3798 4094">
    <p class='ocr_par' dir='ltr' id='par_1_101' title="bbox 2210 4020 3798 4094">
     <span class='ocr_line' id='line_1_101' title="bbox 2210 4020 3798 4094; baseline 0.001 -20"><span class='ocrx_word' id='word_1_763' title='bbox 2210 4029 2333 4090; x_wconf 83' lang='lat' dir='ltr'><strong>tunc</strong></span> <span class='ocrx_word' id='word_1_764' title='bbox 2361 4022 2750 4094; x_wconf 83' lang='lat' dir='ltr'><strong>Jerosolymam</strong></span> <span class='ocrx_word' id='word_1_765' title='bbox 2782 4036 2841 4077; x_wconf 92' lang='lat' dir='ltr'><strong>se</strong></span> <span class='ocrx_word' id='word_1_766' title='bbox 2872 4021 3229 4086; x_wconf 87' lang='lat' dir='ltr'><strong>contulerant,</strong></span> <span class='ocrx_word' id='word_1_767' title='bbox 3260 4029 3316 4076; x_wconf 90' lang='lat' dir='ltr'><strong>et</strong></span> <span class='ocrx_word' id='word_1_768' title='bbox 3340 4020 3591 4075; x_wconf 89' lang='lat' dir='ltr'><strong>abierunt</strong></span> <span class='ocrx_word' id='word_1_769' title='bbox 3620 4030 3675 4076; x_wconf 89' lang='lat' dir='ltr'><strong>et</strong></span> <span class='ocrx_word' id='word_1_770' title='bbox 3705 4021 3798 4076; x_wconf 86' lang='lat' dir='ltr'><strong>ba-</strong></span> 
     </span>
    </p>
   </div>
   <div class='ocr_carea' id='block_1_102' title="bbox 2209 4111 3797 4182">
    <p class='ocr_par' dir='ltr' id='par_1_102' title="bbox 2209 4111 3797 4182">
     <span class='ocr_line' id='line_1_102' title="bbox 2209 4111 3797 4182; baseline 0.003 -17"><span class='ocrx_word' id='word_1_771' title='bbox 2209 4114 2388 4182; x_wconf 86' lang='lat' dir='ltr'><strong>ptizati</strong></span> <span class='ocrx_word' id='word_1_772' title='bbox 2412 4123 2535 4169; x_wconf 92' lang='lat' dir='ltr'><strong>sunt</strong></span> <span class='ocrx_word' id='word_1_773' title='bbox 2560 4130 2575 4179; x_wconf 89' lang='lat'><strong>;</strong></span> <span class='ocrx_word' id='word_1_774' title='bbox 2600 4114 2692 4169; x_wconf 89' lang='lat' dir='ltr'><strong>sed</strong></span> <span class='ocrx_word' id='word_1_775' title='bbox 2715 4114 2876 4169; x_wconf 91' lang='lat' dir='ltr'><strong>etiam</strong></span> <span class='ocrx_word' id='word_1_776' title='bbox 2912 4112 3185 4182; x_wconf 85' lang='lat' dir='ltr'><strong>baptizati,</strong></span> <span class='ocrx_word' id='word_1_777' title='bbox 3203 4111 3384 4167; x_wconf 86' lang='lat' dir='ltr'><strong>Jesum</strong></span> <span class='ocrx_word' id='word_1_778' title='bbox 3406 4128 3511 4167; x_wconf 93' lang='lat' dir='ltr'><strong>non</strong></span> <span class='ocrx_word' id='word_1_779' title='bbox 3536 4114 3797 4169; x_wconf 82' lang='lat' dir='ltr'><strong>sciebant.</strong></span> 
     </span>
    </p>
   </div>
   <div class='ocr_carea' id='block_1_103' title="bbox 2206 4202 3803 4275">
    <p class='ocr_par' dir='ltr' id='par_1_103' title="bbox 2206 4202 3803 4275">
     <span class='ocr_line' id='line_1_103' title="bbox 2206 4202 3803 4275; baseline 0.001 -17"><span class='ocrx_word' id='word_1_780' title='bbox 2206 4203 2316 4260; x_wconf 89' lang='lat' dir='ltr'><strong>Nec</strong></span> <span class='ocrx_word' id='word_1_781' title='bbox 2346 4204 2472 4260; x_wconf 90' lang='lat' dir='ltr'><strong>dicit</strong></span> <span class='ocrx_word' id='word_1_782' title='bbox 2494 4207 2595 4273; x_wconf 89' lang='lat' dir='ltr'><strong>eis,</strong></span> <span class='ocrx_word' id='word_1_783' title='bbox 2625 4205 2856 4261; x_wconf 89' lang='lat' dir='ltr'><strong>Creditis</strong></span> <span class='ocrx_word' id='word_1_784' title='bbox 2888 4204 2939 4259; x_wconf 90' lang='lat' dir='ltr'><strong>in</strong></span> <span class='ocrx_word' id='word_1_785' title='bbox 2970 4203 3186 4259; x_wconf 82' lang='lat' dir='ltr'><strong>Jesum?</strong></span> <span class='ocrx_word' id='word_1_786' title='bbox 3213 4202 3307 4259; x_wconf 90' lang='lat' dir='ltr'><strong>sed</strong></span> <span class='ocrx_word' id='word_1_787' title='bbox 3352 4202 3514 4274; x_wconf 84' lang='lat' dir='ltr'><strong>quid?</strong></span> <span class='ocrx_word' id='word_1_788' title='bbox 3540 4204 3598 4259; x_wconf 91' lang='lat' dir='ltr'><strong>Si</strong></span> <span class='ocrx_word' id='word_1_789' title='bbox 3628 4204 3803 4275; x_wconf 59' lang='lat' dir='ltr'><strong>Spirio</strong></span> 
     </span>
    </p>
   </div>
   <div class='ocr_carea' id='block_1_104' title="bbox 2210 4296 3790 4368">
    <p class='ocr_par' dir='ltr' id='par_1_104' title="bbox 2210 4296 3790 4368">
     <span class='ocr_line' id='line_1_104' title="bbox 2210 4296 3790 4368; baseline 0.002 -17"><span class='ocrx_word' id='word_1_790' title='bbox 2210 4306 2314 4351; x_wconf 89' lang='lat' dir='ltr'><strong>tum</strong></span> <span class='ocrx_word' id='word_1_791' title='bbox 2341 4308 2569 4352; x_wconf 87' lang='lat' dir='ltr'><strong>sanctum</strong></span> <span class='ocrx_word' id='word_1_792' title='bbox 2599 4298 2867 4368; x_wconf 76' lang='lat' dir='ltr'><strong>accepistis</strong></span> <span class='ocrx_word' id='word_1_793' title='bbox 2886 4298 2911 4350; x_wconf 84' lang='lat'><strong><em>?</em></strong></span> <span class='ocrx_word' id='word_1_794' title='bbox 2932 4297 3135 4352; x_wconf 87' lang='lat' dir='ltr'><strong>sciebat</strong></span> <span class='ocrx_word' id='word_1_795' title='bbox 3156 4297 3298 4352; x_wconf 87' lang='lat' dir='ltr'><strong>enim</strong></span> <span class='ocrx_word' id='word_1_796' title='bbox 3328 4296 3471 4367; x_wconf 90' lang='lat' dir='ltr'><strong>quod</strong></span> <span class='ocrx_word' id='word_1_797' title='bbox 3507 4313 3613 4352; x_wconf 92' lang='lat' dir='ltr'><strong>non</strong></span> <span class='ocrx_word' id='word_1_798' title='bbox 3638 4298 3790 4354; x_wconf 80' lang='lat' dir='ltr'><strong>habe</strong></span> 
     </span>
    </p>
   </div>
   <div class='ocr_carea' id='block_1_105' title="bbox 2211 4390 3802 4460">
    <p class='ocr_par' dir='ltr' id='par_1_105' title="bbox 2211 4390 3802 4460">
     <span class='ocr_line' id='line_1_105' title="bbox 2211 4390 3802 4460; baseline -0.001 -16"><span class='ocrx_word' id='word_1_799' title='bbox 2211 4399 2350 4444; x_wconf 88' lang='lat' dir='ltr'><strong>rent.</strong></span> <span class='ocrx_word' id='word_1_800' title='bbox 2383 4391 2450 4445; x_wconf 86' lang='lat' dir='ltr'><strong>Et</strong></span> <span class='ocrx_word' id='word_1_801' title='bbox 2495 4391 2605 4445; x_wconf 89' lang='lat' dir='ltr'><strong>vult</strong></span> <span class='ocrx_word' id='word_1_802' title='bbox 2651 4390 2703 4445; x_wconf 89' lang='lat' dir='ltr'><strong>id</strong></span> <span class='ocrx_word' id='word_1_803' title='bbox 2746 4391 2865 4445; x_wconf 89' lang='lat' dir='ltr'><strong>illos</strong></span> <span class='ocrx_word' id='word_1_804' title='bbox 2893 4390 3107 4456; x_wconf 88' lang='lat' dir='ltr'><strong>dicere,</strong></span> <span class='ocrx_word' id='word_1_805' title='bbox 3136 4399 3194 4444; x_wconf 90' lang='lat' dir='ltr'><strong>ut</strong></span> <span class='ocrx_word' id='word_1_806' title='bbox 3240 4390 3472 4446; x_wconf 90' lang='lat' dir='ltr'><strong>scientes</strong></span> <span class='ocrx_word' id='word_1_807' title='bbox 3527 4390 3654 4460; x_wconf 91' lang='lat' dir='ltr'><strong>quid</strong></span> <span class='ocrx_word' id='word_1_808' title='bbox 3700 4392 3802 4445; x_wconf 89' lang='lat' dir='ltr'><strong>sibi</strong></span> 
     </span>
    </p>
   </div>
   <div class='ocr_carea' id='block_1_106' title="bbox 2212 4479 3805 4551">
    <p class='ocr_par' dir='ltr' id='par_1_106' title="bbox 2212 4479 3805 4551">
     <span class='ocr_line' id='line_1_106' title="bbox 2212 4479 3805 4551; baseline 0 -16"><span class='ocrx_word' id='word_1_809' title='bbox 2212 4480 2442 4546; x_wconf 88' lang='lat' dir='ltr'><strong>deesset,</strong></span> <span class='ocrx_word' id='word_1_810' title='bbox 2474 4482 2525 4536; x_wconf 91' lang='lat' dir='ltr'><strong>id</strong></span> <span class='ocrx_word' id='word_1_811' title='bbox 2557 4490 2821 4551; x_wconf 85' lang='lat' dir='ltr'><strong>peterent.</strong></span> <span class='ocrx_word' id='word_1_812' title='bbox 2858 4479 2923 4535; x_wconf 83' lang='lat' dir='ltr'><strong>Et</strong></span> <span class='ocrx_word' id='word_1_813' title='bbox 2948 4481 3254 4551; x_wconf 85' lang='lat' dir='ltr'><strong>imponente.</strong></span> <span class='ocrx_word' id='word_1_814' title='bbox 3280 4480 3471 4551; x_wconf 90' lang='lat' dir='ltr'><strong>inquit,</strong></span> <span class='ocrx_word' id='word_1_815' title='bbox 3498 4481 3601 4535; x_wconf 86' lang='lat' dir='ltr'><strong>illis</strong></span> <span class='ocrx_word' id='word_1_816' title='bbox 3635 4479 3805 4536; x_wconf 80' lang='lat' dir='ltr'><strong>Paulo</strong></span> 
     </span>
    </p>
   </div>
   <div class='ocr_carea' id='block_1_107' title="bbox 2212 4570 3807 4642">
    <p class='ocr_par' dir='ltr' id='par_1_107' title="bbox 2212 4570 3807 4642">
     <span class='ocr_line' id='line_1_107' title="bbox 2212 4570 3807 4642; baseline 0.002 -20"><span class='ocrx_word' id='word_1_817' title='bbox 2212 4588 2413 4637; x_wconf 86' lang='lat' dir='ltr'><strong>manus,</strong></span> <span class='ocrx_word' id='word_1_818' title='bbox 2444 4573 2576 4625; x_wconf 88' lang='lat' dir='ltr'><strong>venit</strong></span> <span class='ocrx_word' id='word_1_819' title='bbox 2607 4570 2833 4642; x_wconf 86' lang='lat' dir='ltr'><strong>Spiritus</strong></span> <span class='ocrx_word' id='word_1_820' title='bbox 2861 4581 3065 4627; x_wconf 88' lang='lat' dir='ltr'><strong>sanctus</strong></span> <span class='ocrx_word' id='word_1_821' title='bbox 3094 4587 3245 4641; x_wconf 86' lang='lat' dir='ltr'><strong>super</strong></span> <span class='ocrx_word' id='word_1_822' title='bbox 3270 4587 3374 4636; x_wconf 89' lang='lat' dir='ltr'><strong>eos,</strong></span> <span class='ocrx_word' id='word_1_823' title='bbox 3398 4582 3444 4625; x_wconf 90' lang='lat' dir='ltr'><strong>et</strong></span> <span class='ocrx_word' id='word_1_824' title='bbox 3472 4571 3807 4639; x_wconf 81' lang='lat' dir='ltr'><strong>loquebantur</strong></span> 
     </span>
    </p>
   </div>
   <div class='ocr_carea' id='block_1_108' title="bbox 2212 4662 3804 4735">
    <p class='ocr_par' dir='ltr' id='par_1_108' title="bbox 2212 4662 3804 4735">
     <span class='ocr_line' id='line_1_108' title="bbox 2212 4662 3804 4735; baseline 0 -17"><span class='ocrx_word' id='word_1_825' title='bbox 2212 4665 2396 4735; x_wconf 85' lang='lat' dir='ltr'><strong>linguis</strong></span> <span class='ocrx_word' id='word_1_826' title='bbox 2410 4672 2457 4718; x_wconf 88' lang='lat' dir='ltr'><strong>et</strong></span> <span class='ocrx_word' id='word_1_827' title='bbox 2486 4664 2872 4735; x_wconf 85' lang='lat' dir='ltr'><strong>prophetabant.</strong></span> <span class='ocrx_word' id='word_1_828' title='bbox 2900 4663 2982 4719; x_wconf 83' lang='lat' dir='ltr'><strong>Ab</strong></span> <span class='ocrx_word' id='word_1_829' title='bbox 3018 4664 3132 4734; x_wconf 89' lang='lat' dir='ltr'><strong>ipso</strong></span> <span class='ocrx_word' id='word_1_830' title='bbox 3164 4663 3428 4734; x_wconf 89' lang='lat' dir='ltr'><strong>baptismo</strong></span> <span class='ocrx_word' id='word_1_831' title='bbox 3457 4662 3804 4735; x_wconf 80' lang='lat' dir='ltr'><strong>prophetam.</strong></span> 
     </span>
    </p>
   </div>
   <div class='ocr_carea' id='block_1_109' title="bbox 2212 4753 3805 4825">
    <p class='ocr_par' dir='ltr' id='par_1_109' title="bbox 2212 4753 3805 4825">
     <span class='ocr_line' id='line_1_109' title="bbox 2212 4753 3805 4825; baseline 0 -15"><span class='ocrx_word' id='word_1_832' title='bbox 2212 4756 2324 4811; x_wconf 81' lang='lat' dir='ltr'><strong>Hoc</strong></span> <span class='ocrx_word' id='word_1_833' title='bbox 2365 4765 2541 4811; x_wconf 88' lang='lat' dir='ltr'><strong>autem</strong></span> <span class='ocrx_word' id='word_1_834' title='bbox 2582 4755 2805 4811; x_wconf 83' lang='lat' dir='ltr'><strong>Joannis</strong></span> <span class='ocrx_word' id='word_1_835' title='bbox 2832 4754 3097 4825; x_wconf 89' lang='lat' dir='ltr'><strong>baptisma</strong></span> <span class='ocrx_word' id='word_1_836' title='bbox 3141 4769 3245 4809; x_wconf 92' lang='lat' dir='ltr'><strong>nou</strong></span> <span class='ocrx_word' id='word_1_837' title='bbox 3276 4753 3544 4818; x_wconf 80' lang='lat' dir='ltr'><strong>habebat;</strong></span> <span class='ocrx_word' id='word_1_838' title='bbox 3577 4753 3805 4825; x_wconf 88' lang='lat' dir='ltr'><strong>ideoque</strong></span> 
     </span>
    </p>
   </div>
   <div class='ocr_carea' id='block_1_110' title="bbox 2213 4845 3808 4918">
    <p class='ocr_par' dir='ltr' id='par_1_110' title="bbox 2213 4845 3808 4918">
     <span class='ocr_line' id='line_1_110' title="bbox 2213 4845 3808 4918; baseline 0 -16"><span class='ocrx_word' id='word_1_839' title='bbox 2213 4847 2582 4918; x_wconf 89' lang='lat' dir='ltr'><strong>imperfectum</strong></span> <span class='ocrx_word' id='word_1_840' title='bbox 2628 4856 2765 4903; x_wconf 91' lang='lat' dir='ltr'><strong>erat.</strong></span> <span class='ocrx_word' id='word_1_841' title='bbox 2797 4846 2865 4903; x_wconf 89' lang='lat' dir='ltr'><strong>Ut</strong></span> <span class='ocrx_word' id='word_1_842' title='bbox 2896 4861 3057 4917; x_wconf 91' lang='lat' dir='ltr'><strong>porro</strong></span> <span class='ocrx_word' id='word_1_843' title='bbox 3106 4846 3189 4908; x_wconf 86' lang='lat' dir='ltr'><strong>his</strong></span> <span class='ocrx_word' id='word_1_844' title='bbox 3233 4846 3380 4916; x_wconf 82' lang='lat' dir='ltr'><strong>digni</strong></span> <span class='ocrx_word' id='word_1_845' title='bbox 3431 4845 3808 4915; x_wconf 88' lang='lat' dir='ltr'><strong>haberentur,</strong></span> 
     </span>
    </p>
   </div>
   <div class='ocr_carea' id='block_1_111' title="bbox 2214 4936 3811 5009">
    <p class='ocr_par' dir='ltr' id='par_1_111' title="bbox 2214 4936 3811 5009">
     <span class='ocr_line' id='line_1_111' title="bbox 2214 4936 3811 5009; baseline 0.002 -17"><span class='ocrx_word' id='word_1_846' title='bbox 2214 4939 2533 5009; x_wconf 59' lang='lat' dir='ltr'><strong>praeparavit</strong></span> <span class='ocrx_word' id='word_1_847' title='bbox 2562 4938 2701 4992; x_wconf 89' lang='lat' dir='ltr'><strong>illos.</strong></span> <span class='ocrx_word' id='word_1_848' title='bbox 2731 4937 2913 5008; x_wconf 85' lang='lat' dir='ltr'><strong>Itaque</strong></span> <span class='ocrx_word' id='word_1_849' title='bbox 2944 4938 3045 4993; x_wconf 91' lang='lat' dir='ltr'><strong>hoc</strong></span> <span class='ocrx_word' id='word_1_850' title='bbox 3071 4936 3283 4994; x_wconf 89' lang='lat' dir='ltr'><strong>volebat</strong></span> <span class='ocrx_word' id='word_1_851' title='bbox 3307 4937 3545 4993; x_wconf 88' lang='lat' dir='ltr'><strong>Joannes</strong></span> <span class='ocrx_word' id='word_1_852' title='bbox 3570 4952 3692 4993; x_wconf 86' lang='lat' dir='ltr'><strong>cum</strong></span> <span class='ocrx_word' id='word_1_853' title='bbox 3723 4939 3811 4995; x_wconf 73' lang='lat' dir='ltr'><strong>ba~</strong></span> 
     </span>
    </p>
   </div>
   <div class='ocr_carea' id='block_1_112' title="bbox 2216 5029 3813 5101">
    <p class='ocr_par' dir='ltr' id='par_1_112' title="bbox 2216 5029 3813 5101">
     <span class='ocr_line' id='line_1_112' title="bbox 2216 5029 3813 5101; baseline 0.003 -17"><span class='ocrx_word' id='word_1_854' title='bbox 2216 5030 2467 5099; x_wconf 87' lang='lat' dir='ltr'><strong>ptizabat,</strong></span> <span class='ocrx_word' id='word_1_855' title='bbox 2491 5039 2551 5084; x_wconf 90' lang='lat' dir='ltr'><strong>ut</strong></span> <span class='ocrx_word' id='word_1_856' title='bbox 2580 5029 2863 5085; x_wconf 89' lang='lat' dir='ltr'><strong>crederent</strong></span> <span class='ocrx_word' id='word_1_857' title='bbox 2907 5029 2960 5084; x_wconf 92' lang='lat' dir='ltr'><strong>in</strong></span> <span class='ocrx_word' id='word_1_858' title='bbox 2989 5038 3269 5085; x_wconf 89' lang='lat' dir='ltr'><strong>venturum</strong></span> <span class='ocrx_word' id='word_1_859' title='bbox 3299 5042 3419 5101; x_wconf 89' lang='lat' dir='ltr'><strong>post</strong></span> <span class='ocrx_word' id='word_1_860' title='bbox 3451 5032 3646 5101; x_wconf 90' lang='lat' dir='ltr'><strong>ipsum.</strong></span> <span class='ocrx_word' id='word_1_861' title='bbox 3672 5032 3813 5089; x_wconf 79' lang='lat' dir='ltr'><strong>Hinc</strong></span> 
     </span>
    </p>
   </div>
   <div class='ocr_carea' id='block_1_113' title="bbox 2216 5120 3809 5192">
    <p class='ocr_par' dir='ltr' id='par_1_113' title="bbox 2216 5120 3809 5192">
     <span class='ocr_line' id='line_1_113' title="bbox 2216 5120 3809 5192; baseline 0.003 -17"><span class='ocrx_word' id='word_1_862' title='bbox 2216 5120 2519 5177; x_wconf 86' lang='lat' dir='ltr'><strong>ostenditur</strong></span> <span class='ocrx_word' id='word_1_863' title='bbox 2574 5135 2826 5191; x_wconf 88' lang='lat' dir='ltr'><strong>magnum</strong></span> <span class='ocrx_word' id='word_1_864' title='bbox 2870 5120 3084 5191; x_wconf 89' lang='lat' dir='ltr'><strong>dogma,</strong></span> <span class='ocrx_word' id='word_1_865' title='bbox 3112 5120 3255 5192; x_wconf 88' lang='lat' dir='ltr'><strong>quod</strong></span> <span class='ocrx_word' id='word_1_866' title='bbox 3290 5122 3383 5191; x_wconf 89' lang='lat' dir='ltr'><strong>qui</strong></span> <span class='ocrx_word' id='word_1_867' title='bbox 3434 5121 3809 5192; x_wconf 81' lang='lat' dir='ltr'><strong>baptizantur,</strong></span> 
     </span>
    </p>
   </div>
   <div class='ocr_carea' id='block_1_114' title="bbox 2215 5210 3811 5283">
    <p class='ocr_par' dir='ltr' id='par_1_114' title="bbox 2215 5210 3811 5283">
     <span class='ocr_line' id='line_1_114' title="bbox 2215 5210 3811 5283; baseline 0.002 -18"><span class='ocrx_word' id='word_1_868' title='bbox 2215 5212 2451 5281; x_wconf 90' lang='lat' dir='ltr'><strong>perfecte</strong></span> <span class='ocrx_word' id='word_1_869' title='bbox 2477 5227 2510 5266; x_wconf 88' lang='lat' dir='ltr'><strong>a</strong></span> <span class='ocrx_word' id='word_1_870' title='bbox 2534 5212 2767 5283; x_wconf 89' lang='lat' dir='ltr'><strong>peccatis</strong></span> <span class='ocrx_word' id='word_1_871' title='bbox 2791 5221 3103 5282; x_wconf 81' lang='lat' dir='ltr'><strong>purgentur.</strong></span> <span class='ocrx_word' id='word_1_872' title='bbox 3126 5210 3237 5266; x_wconf 89' lang='lat' dir='ltr'><strong>Nisi</strong></span> <span class='ocrx_word' id='word_1_873' title='bbox 3265 5212 3410 5267; x_wconf 89' lang='lat' dir='ltr'><strong>enim</strong></span> <span class='ocrx_word' id='word_1_874' title='bbox 3426 5223 3811 5283; x_wconf 85' lang='lat' dir='ltr'><strong>purgarentur,</strong></span> 
     </span>
    </p>
   </div>
   <div class='ocr_carea' id='block_1_115' title="bbox 2216 5304 3811 5377">
    <p class='ocr_par' dir='ltr' id='par_1_115' title="bbox 2216 5304 3811 5377">
     <span class='ocr_line' id='line_1_115' title="bbox 2216 5304 3811 5377; baseline -0.001 -16"><span class='ocrx_word' id='word_1_875' title='bbox 2216 5306 2470 5377; x_wconf 91' lang='lat' dir='ltr'><strong>Spiritum</strong></span> <span class='ocrx_word' id='word_1_876' title='bbox 2518 5320 2621 5361; x_wconf 92' lang='lat' dir='ltr'><strong>non</strong></span> <span class='ocrx_word' id='word_1_877' title='bbox 2660 5306 2986 5375; x_wconf 89' lang='lat' dir='ltr'><strong>acciperent,</strong></span> <span class='ocrx_word' id='word_1_878' title='bbox 3019 5320 3126 5359; x_wconf 89' lang='lat' dir='ltr'><strong>non</strong></span> <span class='ocrx_word' id='word_1_879' title='bbox 3171 5304 3350 5359; x_wconf 88' lang='lat' dir='ltr'><strong>statim</strong></span> <span class='ocrx_word' id='word_1_880' title='bbox 3389 5304 3811 5361; x_wconf 87' lang='lat' dir='ltr'><strong>charismatibus</strong></span> 
     </span>
    </p>
   </div>
   <div class='ocr_carea' id='block_1_116' title="bbox 2217 5395 3813 5468">
    <p class='ocr_par' dir='ltr' id='par_1_116' title="bbox 2217 5395 3813 5468">
     <span class='ocr_line' id='line_1_116' title="bbox 2217 5395 3813 5468; baseline 0.001 -15"><span class='ocrx_word' id='word_1_881' title='bbox 2217 5399 2579 5468; x_wconf 87' lang='lat' dir='ltr'><strong>dignarentur.</strong></span> <span class='ocrx_word' id='word_1_882' title='bbox 2613 5395 2680 5450; x_wconf 87' lang='lat' dir='ltr'><strong>Et</strong></span> <span class='ocrx_word' id='word_1_883' title='bbox 2706 5396 2825 5452; x_wconf 90' lang='lat' dir='ltr'><strong>vide</strong></span> <span class='ocrx_word' id='word_1_884' title='bbox 2848 5395 2990 5467; x_wconf 90' lang='lat' dir='ltr'><strong>quod</strong></span> <span class='ocrx_word' id='word_1_885' title='bbox 3016 5396 3213 5466; x_wconf 78' lang='lat' dir='ltr'><strong>duplex</strong></span> <span class='ocrx_word' id='word_1_886' title='bbox 3246 5404 3371 5451; x_wconf 91' lang='lat' dir='ltr'><strong>tunc</strong></span> <span class='ocrx_word' id='word_1_887' title='bbox 3397 5396 3665 5451; x_wconf 86' lang='lat' dir='ltr'><strong>charisma</strong></span> <span class='ocrx_word' id='word_1_888' title='bbox 3690 5398 3813 5454; x_wconf 78' lang='lat' dir='ltr'><strong>sive</strong></span> 
     </span>
    </p>
   </div>
   <div class='ocr_carea' id='block_1_117' title="bbox 2218 5488 3809 5560">
    <p class='ocr_par' dir='ltr' id='par_1_117' title="bbox 2218 5488 3809 5560">
     <span class='ocr_line' id='line_1_117' title="bbox 2218 5488 3809 5560; baseline -0.001 -13"><span class='ocrx_word' id='word_1_889' title='bbox 2218 5492 2415 5547; x_wconf 91' lang='lat' dir='ltr'><strong>donum</strong></span> <span class='ocrx_word' id='word_1_890' title='bbox 2448 5490 2646 5551; x_wconf 89' lang='lat' dir='ltr'><strong>fuerit.</strong></span> <span class='ocrx_word' id='word_1_891' title='bbox 2678 5500 2731 5544; x_wconf 87' lang='lat' dir='ltr'><strong>et</strong></span> <span class='ocrx_word' id='word_1_892' title='bbox 2758 5490 2951 5560; x_wconf 65' lang='lat' dir='ltr'><strong>linguae</strong></span> <span class='ocrx_word' id='word_1_893' title='bbox 2998 5499 3046 5543; x_wconf 88' lang='lat' dir='ltr'><strong>et</strong></span> <span class='ocrx_word' id='word_1_894' title='bbox 3080 5488 3397 5559; x_wconf 60' lang='lat' dir='ltr'><strong>prophetiae.</strong></span> <span class='ocrx_word' id='word_1_895' title='bbox 3433 5488 3599 5544; x_wconf 84' lang='lat' dir='ltr'><strong>Recte</strong></span> <span class='ocrx_word' id='word_1_896' title='bbox 3626 5498 3809 5546; x_wconf 87' lang='lat' dir='ltr'><strong>autem</strong></span> 
     </span>
    </p>
   </div>
   <div class='ocr_carea' id='block_1_118' title="bbox 2218 5581 3812 5653">
    <p class='ocr_par' dir='ltr' id='par_1_118' title="bbox 2218 5581 3812 5653">
     <span class='ocr_line' id='line_1_118' title="bbox 2218 5581 3812 5653; baseline -0.001 -14"><span class='ocrx_word' id='word_1_897' title='bbox 2218 5585 2351 5640; x_wconf 79' lang='lat' dir='ltr'><strong>dixit</strong></span> <span class='ocrx_word' id='word_1_898' title='bbox 2378 5584 2636 5653; x_wconf 87' lang='lat' dir='ltr'><strong>baptisma</strong></span> <span class='ocrx_word' id='word_1_899' title='bbox 2670 5582 2891 5638; x_wconf 88' lang='lat' dir='ltr'><strong>Joannis</strong></span> <span class='ocrx_word' id='word_1_900' title='bbox 2936 5581 3263 5653; x_wconf 69' lang='lat' dir='ltr'><strong>pmnitentizn</strong></span> <span class='ocrx_word' id='word_1_901' title='bbox 3287 5597 3407 5637; x_wconf 89' lang='lat' dir='ltr'><strong>esse</strong></span> <span class='ocrx_word' id='word_1_902' title='bbox 3432 5622 3445 5645; x_wconf 88' lang='lat'><strong>,</strong></span> <span class='ocrx_word' id='word_1_903' title='bbox 3474 5598 3582 5637; x_wconf 91' lang='lat' dir='ltr'><strong>non</strong></span> <span class='ocrx_word' id='word_1_904' title='bbox 3628 5594 3812 5637; x_wconf 87' lang='lat' dir='ltr'><strong>autem</strong></span> 
     </span>
    </p>
   </div>
   <div class='ocr_carea' id='block_1_119' title="bbox 2222 5672 3809 5745">
    <p class='ocr_par' dir='ltr' id='par_1_119' title="bbox 2222 5672 3809 5745">
     <span class='ocr_line' id='line_1_119' title="bbox 2222 5672 3809 5745; baseline -0.003 -13"><span class='ocrx_word' id='word_1_905' title='bbox 2222 5677 2553 5734; x_wconf 87' lang='lat' dir='ltr'><strong>remissionis</strong></span> <span class='ocrx_word' id='word_1_906' title='bbox 2586 5694 2597 5729; x_wconf 95' lang='lat'>:</span> <span class='ocrx_word' id='word_1_907' title='bbox 2625 5677 2837 5745; x_wconf 86' lang='lat' dir='ltr'><strong>erigens</strong></span> <span class='ocrx_word' id='word_1_908' title='bbox 2885 5674 3004 5729; x_wconf 90' lang='lat' dir='ltr'><strong>illos</strong></span> <span class='ocrx_word' id='word_1_909' title='bbox 3045 5673 3387 5744; x_wconf 86' lang='lat' dir='ltr'><strong>suadensque</strong></span> <span class='ocrx_word' id='word_1_910' title='bbox 3434 5672 3532 5736; x_wconf 88' lang='lat' dir='ltr'><strong>eis,</strong></span> <span class='ocrx_word' id='word_1_911' title='bbox 3578 5673 3679 5727; x_wconf 90' lang='lat' dir='ltr'><strong>hoc</strong></span> <span class='ocrx_word' id='word_1_912' title='bbox 3723 5689 3809 5727; x_wconf 81' lang='lat' dir='ltr'><strong>va-</strong></span> 
     </span>
    </p>
   </div>
   <div class='ocr_carea' id='block_1_120' title="bbox 2221 5765 3813 5837">
    <p class='ocr_par' dir='ltr' id='par_1_120' title="bbox 2221 5765 3813 5837">
     <span class='ocr_line' id='line_1_120' title="bbox 2221 5765 3813 5837; baseline -0.002 -13"><span class='ocrx_word' id='word_1_913' title='bbox 2221 5785 2380 5824; x_wconf 89' lang='lat' dir='ltr'><strong>cuum</strong></span> <span class='ocrx_word' id='word_1_914' title='bbox 2422 5767 2587 5823; x_wconf 82' lang='lat' dir='ltr'><strong>luisse</strong></span> <span class='ocrx_word' id='word_1_915' title='bbox 2632 5768 2955 5837; x_wconf 88' lang='lat' dir='ltr'><strong>baptismum</strong></span> <span class='ocrx_word' id='word_1_916' title='bbox 3006 5766 3157 5820; x_wconf 91' lang='lat' dir='ltr'><strong>illum</strong></span> <span class='ocrx_word' id='word_1_917' title='bbox 3192 5786 3205 5819; x_wconf 88' lang='lat'><strong>:</strong></span> <span class='ocrx_word' id='word_1_918' title='bbox 3241 5780 3363 5820; x_wconf 91' lang='lat' dir='ltr'><strong>nam</strong></span> <span class='ocrx_word' id='word_1_919' title='bbox 3410 5765 3680 5835; x_wconf 88' lang='lat' dir='ltr'><strong>posterius</strong></span> <span class='ocrx_word' id='word_1_920' title='bbox 3703 5765 3813 5821; x_wconf 77' lang='lat' dir='ltr'><strong>dati</strong></span> 
     </span>
    </p>
   </div>
   <div class='ocr_carea' id='block_1_121' title="bbox 2224 5853 3827 5934">
    <p class='ocr_par' dir='ltr' id='par_1_121' title="bbox 2224 5853 3827 5934">
     <span class='ocr_line' id='line_1_121' title="bbox 2224 5853 3827 5934; baseline -0.003 -17"><span class='ocrx_word' id='word_1_921' title='bbox 2224 5863 2471 5934; x_wconf 89' lang='lat' dir='ltr'><strong>baptismi</strong></span> <span class='ocrx_word' id='word_1_922' title='bbox 2494 5876 2625 5933; x_wconf 80' lang='lat' dir='ltr'><strong>Opus</strong></span> <span class='ocrx_word' id='word_1_923' title='bbox 2655 5874 2769 5916; x_wconf 80' lang='lat' dir='ltr'><strong>erat</strong></span> <span class='ocrx_word' id='word_1_924' title='bbox 2794 5861 3038 5916; x_wconf 83' lang='lat' dir='ltr'><strong>remissio</strong></span> <span class='ocrx_word' id='word_1_925' title='bbox 3062 5861 3167 5915; x_wconf 89' lang='lat' dir='ltr'><strong>illa.</strong></span> <span class='ocrx_word' id='word_1_926' title='bbox 3201 5859 3267 5914; x_wconf 82' lang='lat' dir='ltr'><strong>Et</strong></span> <span class='ocrx_word' id='word_1_927' title='bbox 3290 5856 3561 5929; x_wconf 80' lang='lat' dir='ltr'><strong>quomodo</strong></span> <span class='ocrx_word' id='word_1_928' title='bbox 3593 5859 3685 5929; x_wconf 84' lang='lat' dir='ltr'><strong>qui</strong></span> <span class='ocrx_word' id='word_1_929' title='bbox 3706 5853 3827 5923; x_wconf 84' lang='lat' dir='ltr'><strong>Spi-</strong></span> 
     </span>
    </p>
   </div>
  </div>
