4076 6506
317 472 420 525 283

317 587 440 650 τοῖς
464 583 758 653 μαθηταῖς
777 580 1182 645 ἀποδέξασθαι
1216 580 1421 634 αὐτόν.
1466 582 1562 646 Ὃς
1599 579 1997 649 παραγενόμεο

317 691 423 738 νος
455 671 825 725 συνεϐάλετο
880 669 1041 723 πολὺ
1074 668 1198 733 τοῖς
1254 668 1694 720 πεπιστευκόσι
1724 666 1822 720 διὰ
1885 665 1996 733 τῆς

317 759 580 828 χάριτος.
610 759 884 822 Εῠτόνως
910 756 1022 825 γὰρ
1059 755 1181 820 τοῖς
1251 754 1560 820 Ἰουδαίοις
1604 752 1996 822 διακατηλέγο

319 863 460 915 χετο
511 843 796 915 δημοσίᾳ,
846 842 1186 905 ἐπιδεικνὺς
1232 841 1330 894 διὰ
1366 840 1487 894 τῶν
1540 838 1798 909 Γραφῶν
1844 835 1999 894 εἶναι

318 935 430 985 τὸν
449 933 710 1000 Χριστόν
748 929 1009 997 Ἰησοῦν.
1051 927 1324 997 Ἐγένετο
1354 926 1423 980 δὲ
1443 926 1513 980 ἐν
1538 925 1620 992 τῷ
1642 927 1750 980 τὸν
1793 927 2000 980 Ἀπολ·

319 1017 411 1071 λὼ
442 1014 594 1071 εῖναι
631 1017 698 1070 ἐν
729 1017 1009 1083 Κορίνθῳ,
1037 1013 1280 1068 Παῦλον
1335 1012 1652 1067 διελθόντα
1678 1010 1749 1064 τὰ
1786 1011 2002 1065 ἀνωτε-

316 1104 458 1171 ρικὰ
482 1103 658 1171 μέρη,
706 1101 907 1155 ἐλθεῖν
959 1102 1046 1166 εὶς
1105 1101 1393 1168 Ἔφεσον.
1433 1098 1542 1152 Kal
1600 1096 1791 1165 εὑρών
1831 1113 2002 1161 τινας

318 1191 610 1261 μαθητὰς,
650 1186 778 1242 εἷπε
801 1187 950 1256 πρὸς
983 1187 1225 1252 αὐτούς·
1262 1187 1332 1238 El
1384 1183 1628 1253 Πνεῦμα
1662 1183 1835 1253 ἅγιον
1863 1183 2004 1237 ἐλά-

325 1281 457 1332 ϐετε
482 1277 960 1342 πιστεύσαντες;
991 1278 1054 1329 Ol
1081 1273 1148 1328 δὲ
1176 1274 1355 1328 εἶπαν
1386 1272 1537 1340 πρὸς
1586 1272 1792 1326 αὐτόν·
1837 1273 2003 1327 Ἀλλ’

325 1363 468 1419 οὐδὲ
498 1364 551 1416 εί
576 1364 818 1431 Πνεῦμα
869 1362 1040 1432 ἅγιόν
1088 1361 1275 1423 ἐστιν,
1317 1360 1685 1428 ἠκούσαμεν.
1742 1355 1892 1412 Είπέ
1944 1375 2003 1413 τε

324 1449 474 1518 πρὸς
507 1449 749 1515 αὐτούς·
790 1450 891 1513 Ε’ίς
929 1448 986 1500 τί
1018 1440 1132 1501 οὖν
1156 1445 1579 1511 ἐϐαπτιό·θητε;
1617 1448 1679 1498 Ol
1711 1443 1780 1496 δὲ
1806 1439 2000 1497 εἶπον·

319 1538 419 1602 Είς
450 1536 516 1589 τὸ
557 1535 834 1590 Ἰωάννου
857 1533 1198 1602 βάπτισμα.
1238 1527 1384 1587 Εῖπε
1409 1531 1477 1584 δὲ
1506 1531 1768 1596 Παῦλος·
1807 1530 2004 1585 Ἰωάνα

324 1640 437 1690 νης
461 1622 579 1691 μὲν
604 1621 890 1675 ἐϐάπτισε
912 1620 1230 1688 βάπτισμα
1257 1619 1605 1688 μετανοίας,
1637 1617 1715 1683 τῷ
1747 1616 1874 1682 λαῷ
1906 1618 2000 1671 λέ-

324 1727 465 1777 γων,
494 1711 581 1774 είς
605 1709 712 1763 τόν
733 1708 1060 1777 ἐρχόμενον
1082 1709 1207 1775 μετ’
1235 1705 1426 1760 αὑτὸν
1459 1706 1560 1758 ἵνα
1606 1705 2000 1757 πιστεύσωσι·

325 1796 659 1868 τουτέστιν,
682 1797 770 1859 είς
794 1795 902 1848 τὸν
925 1793 1185 1861 Χριστὸν
1227 1792 1479 1860 Ἰησοῦν.
1523 1793 1915 1858 Ἀκούσαντες
1938 1791 2006 1846 δὲ

323 1883 777 1951 ἐϐαπτίσθησαν
803 1885 891 1948 είς
913 1881 978 1934 τό
1013 1882 1200 1950 ὄνομα
1233 1879 1338 1934 τοῦ
1373 1880 1598 1948 Κυρίου
1639 1879 1859 1945 Ἰησοῦ.
1894 1879 2004 1934 Kal

322 1970 634 2035 ἐπιθέντος
666 1968 872 2033 αὐτοῖς
900 1967 1007 2021 τοῦ
1031 1969 1277 2021 Παύλου
1310 1966 1417 2032 τὰς
1462 1965 1685 2034 χεῖρας,
1741 1961 1887 2034 ἦλθε
1937 1965 2004 2019 τὸ

323 2054 566 2123 Πνεῦμα
588 2056 652 2109 τὸ
687 2056 858 2125 ἅγιον
881 2055 973 2109 ἐπ’
998 2055 1240 2120 αὐτούς·
1274 2051 1543 2108 ἐλάλουν
1590 2069 1654 2106 τε
1698 2052 2006 2122 γλώσσαις

322 2143 422 2195 καὶ
449 2141 601 2214 [505]
636 2143 1067 2212 προεφήτευον.
1104 2137 1300 2197 *Ησαν
1346 2139 1416 2193 δὲ
1449 2142 1502 2194 οί
1536 2138 1760 2208 πάντες
1789 2139 2006 2208 ἄνδρες

322 2229 466 2283 ώσεί
490 2225 769 2283 δειῖαδύο.
794 2229 981 2298 Πολλῷ
1006 2223 1149 2283 οὗτοι
1173 2226 1382 2281 ἐκείνου
1407 2226 1784 2296 διεστήκασιν,
1807 2228 1860 2279 ol
1898 2243 2006 2297 μη-

318 2316 379 2369 δὲ
403 2319 452 2370 εί
485 2317 710 2388 Πνεῦμα
741 2317 893 2385 ἅγιόν
939 2319 1086 2370 ἐστιν
1145 2316 1366 2379 εἰδότες.
1422 2308 1583 2368 Οὗτοι
1642 2309 1756 2381 οὖν,
1817 2316 1866 2367 οἳ
1911 2315 2008 2368 καὶ

322 2404 716 2475 ἀκριϐέστερον
736 2405 884 2475 αὐτῷ
913 2403 1161 2469 ἐξέθεντο
1196 2405 1294 2474 τὴν
1331 2403 1448 2456 ὁδὸν
1495 2401 1591 2456 τοῦ
1642 2401 1873 2473 Κυρίου,
1911 2402 2006 2456 καὶ

323 2493 762 2562 προπέμπουσι,
808 2494 902 2546 καὶ
943 2492 1252 2563 γράμματα
1309 2491 1659 2555 ἐπιδιδόασιν.
1724 2491 2006 2547 Ἐϐούλετο

325 2580 426 2650 μὲν
458 2576 550 2633 οῦν
582 2582 678 2634 καὶ
727 2580 888 2644 αὐτὸς
945 2579 1202 2634 ἀπελθεῖν
1258 2579 1338 2642 εἰς
1375 2579 1623 2649 Ἀχαΐαν·
1663 2577 1768 2649 πρὸ
1807 2577 1864 2631 δέ
1909 2577 2004 2631 τοῦ

323 2667 648 2738 προτρέψαι,
684 2667 775 2720 καὶ
794 2667 1102 2738 γράμματα
1135 2663 1321 2721 δοῦναι
1356 2665 1504 2738 αὐτῷ
1558 2666 1687 2730 τοὺς
1714 2665 2007 2736 ἀδελφοὺς,

321 2755 422 2807 οὐκ
449 2756 740 2826 ἀναχωρεῖ.
777 2756 883 2819 Ὃς
908 2754 1392 2823 παραγενόμενος
1419 2752 1814 2817 συνεϐάλετο,
1847 2753 2003 2822 φησὶ,

321 2842 447 2907 τοῖς
488 2843 985 2897 πεπιστευκόσιν·
1041 2840 1444 2909 εὐτόνωςγὰρ
1495 2839 2005 2908 διακατηλέγχετο

319 2929 585 2999 δημοσίᾳ
607 2930 1003 2983 ἐπιδεικνύων
1028 2928 1126 2982 διὰ
1152 2927 1271 2982 τῶν
1292 2927 1547 2997 Γραφῶν
1569 2925 1725 2982 εῖναι
1750 2929 1858 2982 τὸν
1882 2931 2008 2996 Χρι-

319 3015 475 3070 στὸν
514 3017 780 3084 Ἰησοῦν.
814 3015 1096 3072 Ἐντεῦθεν
1127 3017 1245 3079 πῶς
1269 3010 1338 3086 ἦν
1383 3015 1605 3077 δυνατὸς
1637 3017 1695 3068 ἐν
1717 3018 1840 3080 ταῖς
1861 3016 2004 3086 Γραο

321 3106 452 3172 φαῖς
493 3103 764 3166 Ἀπολλὼς
791 3102 1051 3157 δείκνυσι.
1086 3104 1225 3166 Τοὺς
1273 3103 1500 3174 μὲνγὰρ
1543 3103 1832 3166 Ἰουδαίους
1885 3105 2009 3173 σφό-

318 3192 424 3260 δρα
460 3191 785 3261 ἐπεστόμιζε
817 3189 998 3262 (τοῦτο
1035 3191 1143 3262 γάρ
1173 3191 1289 3244 ἐστι
1331 3191 1413 3255 τὸ,
1443 3191 2004 3262 Διακασηλέγχετο),

318 3279 450 3340 τοὺς
485 3276 542 3330 δὲ
563 3277 922 3340 πιστεύοντας
952 3278 1176 3348 θαρρεῖν
1234 3276 1437 3348 μᾶλλον
1464 3277 1661 3341 ἐποίει,
1719 3278 1812 3331 καὶ
1847 3279 2002 3332 ἵστα-

321 3365 449 3418 σθαι
486 3365 622 3436 πρὸς
665 3365 768 3436 τὴν
810 3364 1016 3420 πίστιν.
1063 3364 1327 3435 Ἐγένετο
1389 3365 1479 3428 δὲ,
1549 3365 1703 3434 φησὶ,
1754 3365 2001 3419 Παῦλον

317 3452 632 3507 διελθόντα
663 3453 736 3507 τὰ
766 3451 1091 3520 ἀνωτερικὰ
1134 3453 1288 3521 μέρη
1318 3452 1522 3506 ἐλθεῖν
1563 3454 1651 3518 εἰς
1696 3454 1998 3521 ,¹Έςρεσον.

317 3542 508 3594 Ταῦτα
533 3542 598 3612 δὴ
619 3542 688 3595 τὰ
721 3540 861 3596 κατά
886 3541 1222 3611 Καισάρειαν
1243 3541 1338 3594 καὶ
1369 3541 1436 3595 ea.
1455 3541 1638 3595 λοιπά.
1669 3542 1777 3596 Kal
1809 3543 2003 3610 εὑρών

317 3645 491 3693 τινας
509 3629 798 3698 μαθητὰς,
831 3625 963 3682 εἷπε
995 3628 1148 3698 πρὸς
1178 3629 1421 3694 αὐτούς·
1452 3631 1522 3682 El
1548 3629 1793 3698 Πνεῦμα
1827 3629 2002 3699 ἅγιον

317 3717 564 3770 ἐλάϐετε
585 3717 1026 3782 πιστεύσαντες
1043 3733 1063 3781 ;
1097 3716 1222 3770 Ὅτι
1281 3715 1404 3769 οὐδὲ
1456 3718 1538 3780 είς
1589 3717 1827 3787 Χριστὸν
1879 3719 2000 3772 ἐπί-

319 3820 509 3857 στευον
535 3796 702 3870 οὗτοι,
732 3803 890 3873 δῆλον
916 3805 981 3857 ἐκ
1010 3802 1106 3856 τοῦ
1131 3805 1328 3857 εἰπεῖν·
1379 3805 1484 3869 Είς
1518 3802 1625 3857 τὸν
1670 3803 2002 3874 ἐρχόμενον

311 3891 442 3960 μετ’
472 3891 678 3954 αὑτὸν,
710 3892 810 3945 ἵνα
861 3891 1260 3951 πιστεύσωσι.
1297 3891 1407 3943 Καὶ
1461 3891 1563 3944 οὐκ
1610 3885 1785 3958 εἶπεν,
1832 3893 1999 3946 Οὐδέν

316 3981 436 4032 ἐστι
471 3979 533 4030 τὸ
554 3978 837 4049 βάπτισμα
868 3978 1135 4032 Ἰωάννου·
1180 3977 1296 4030 ἀλλ’
1330 3978 1413 4030 ὅτι
1470 3977 1680 4041 ἀτελές.
1716 3980 1826 4032 Καὶ
1874 3981 1998 4034 οὐδὲ

315 4065 478 4120 τοῦτο
511 4065 853 4136 προσέθηκεν
885 4065 1092 4129 ἁπλῶς,
1121 4064 1238 4117 ἀλλ’
1271 4065 1358 4118 ἵνα
1380 4064 1570 4136 διδάξῃ
1598 4066 1691 4118 καὶ
1713 4067 1880 4139 πείσῃ
1903 4067 1998 4120 αὐ-

316 4154 446 4216 τοὺς
471 4155 549 4216 είς
576 4152 638 4206 τὸ
668 4153 840 4223 ὄνομα
859 4151 953 4205 τοῦ
989 4152 1163 4223 Ἰησοῦ
1198 4152 1584 4223 βαπτισθῆναι·
1633 4154 1662 4206 ὂ
1687 4155 1782 4207 καὶ
1813 4155 1999 4208 ποιοῦ-

319 4258 395 4304 σι,
420 4241 514 4293 καὶ
537 4239 598 4293 τὸ
617 4240 844 4309 Πνεῦμα
868 4239 1206 4309 λαμϐάνουσι
1237 4243 1304 4311 τῇ
1331 4240 1577 4295 ἐπιθέσει
1631 4243 1744 4296 τῶν
1796 4231 1996 4314 χειρῶν

317 4327 554 4380 Παύλου.
601 4327 936 4392 Ἐπιθέντος
963 4325 1093 4398 γὰρ,
1127 4327 1314 4397 φησὶν,
1351 4327 1555 4394 αὐτοῖς
1588 4329 1696 4382 τοῦ
1749 4331 1996 4385 Παύλου

315 4417 426 4482 τὰς
446 4416 670 4484 χεῖρας,
699 4411 848 4486 ἦλθε
883 4415 949 4469 τὸ
995 4416 1239 4485 Πνεῦμα
1276 4416 1345 4469 τὸ
1393 4417 1567 4485 ἅγιον
1607 4419 1700 4472 ἐπ’
1749 4421 1994 4488 αὐτούς.

320 4505 484 4555 Ὥστε
511 4497 590 4566 οἷς
622 4501 859 4556 ἐπετίθει
906 4502 1005 4566 τὰς
1032 4505 1240 4574 χεῖρας,
1279 4503 1339 4556 τὸ
1389 4504 1615 4574 Πνεῦμα
1664 4506 1996 4578 ἐλάμϐανον.

317 4591 480 4653 Εἰκὸς
499 4591 680 4643 τοίνυν
723 4586 790 4660 ἦν
820 4591 1047 4662 Πνεῦμα
1080 4591 1180 4662 μὲν
1227 4591 1426 4656 αὐτοὺς
1463 4592 1628 4663 ἔχειν,
1673 4595 1748 4665 μὴ
1809 4597 1998 4664 φαίνε-

318 4676 445 4730 σθαι
469 4676 545 4730 δέ·
582 4676 695 4730 ἀλλ’
722 4679 786 4730 ἐκ
814 4677 914 4747 τῆς
938 4677 1220 4750 ἐνεργείας
1246 4679 1341 4731 καὶ
1361 4679 1454 4749 ἀφ’
1475 4695 1550 4733 ων
1572 4680 1848 4749 γλώσσαις
1866 4684 1994 4738 ἐλά-

317 4765 466 4829 λουν,
493 4761 653 4816 τοῦτο
677 4764 972 4832 ἐνέφαινον.
1867 4781 1871 4785 ·

392 5065 458 5135 β’.
477 5064 616 5117 Ἀλλ’
647 5064 847 5134 ἴδωμεν
872 5065 1074 5118 ἀνωθεν
1100 5065 1166 5119 τὰ
1200 5066 1608 5138 ἀνεγνωσμένα.
1649 5068 1711 5121 '0
1737 5067 1804 5121 δὲ
1832 5068 1992 5124 Παῦ-

315 5157 429 5218 λος
471 5153 714 5215 ἐξέπλει
759 5154 846 5219 είς
892 5152 1010 5220 τὴν
1057 5156 1302 5222 Συρίαν,
1340 5156 1498 5225 φησὶ,
1546 5155 1648 5209 καί
1682 5157 1806 5212 σὺν
1833 5157 1994 5224 αὐτῷ

315 5240 657 5306 Πρίσκιλλα
679 5239 779 5293 καὶ
813 5241 1081 5305 Ἀκύλας,
1103 5240 1196 5305 οὓς
1219 5241 1312 5294 κα)⁸
1337 5243 1685 5313 καταντήσας
1715 5245 1794 5307 είς
1827 5246 1995 5313 Ἔφε-

314 5343 410 5378 σον
435 5325 726 5381 κατέλιπεν
752 5327 942 5382 αὐτοῦ.
968 5328 1039 5381 Ἢ
1059 5329 1141 5381 ὃτι
1177 5329 1277 5382 οὐκ
1306 5329 1559 5383 ἐϐούλετο
1583 5331 1869 5403 περιάγειν
1891 5334 1992 5385 αὐ-

311 5414 464 5478 τοὺς,
492 5413 588 5466 καὶ
611 5412 701 5466 διὰ
729 5414 888 5467 τοῦτο
921 5416 1234 5469 κατέλιπεν·
1289 5416 1322 5487 ἢ
1363 5417 1565 5486 μᾶλλον
1619 5419 1708 5472 ἵνα
1732 5419 1991 5475 διδάσκα-

312 5500 393 5551 λοι
418 5499 621 5568 μένωσι
671 5504 782 5565 τοῖς
809 5504 866 5555 ἐν
908 5504 1136 5574 Ἐφέσῳ.
1187 5505 1353 5559 Αὐτοὶ
1381 5505 1437 5559 δὲ
1492 5506 1633 5577 μετά
1667 5507 1840 5562 ταῦτα
1888 5509 1990 5581 τὴν

312 5588 577 5659 Κόρινθον
601 5589 845 5661 ᾤκησαν,
875 5589 954 5656 οἷς
998 5594 1091 5647 καὶ
1133 5595 1344 5665 μεγάλα
1389 5600 1675 5669 μαρτυρεῖ,
1703 5600 1797 5652 καὶ
1854 5600 1988 5654 Ῥω-

314 5674 498 5743 μαίοις
521 5677 852 5732 ἐπιστέλλων
882 5682 1278 5751 προσαγορεύει
1312 5684 1532 5748 αὐτούς.
1585 5685 1749 5739 Ὅθεν
1788 5704 1877 5757 μοι
1901 5688 1986 5741 δοο

310 5767 402 5816 κεῖ
434 5763 573 5833 μετά
598 5765 773 5821 ταῦτα
797 5767 989 5831 αὐτοὺς
1021 5771 1100 5832 εἰς
1145 5770 1362 5842 Ῥώμην
1393 5773 1666 5840 ἀπελθεῖν,
1700 5774 1795 5827 ἅτε
1825 5777 1988 5846 ἐμφι-

309 5853 688 5925 λοχωροῦντας
744 5860 856 5920 τοῖς
900 5859 1085 5922 τόποις
1121 5861 1372 5927 ἐκείνοις,
1412 5863 1534 5916 ὅθεν
1586 5864 1847 5927 ἐξέπεσον
1896 5868 1987 5919 ἐπὶ

312 5943 561 6012 Νέρωνος
610 5945 714 5997 Καὶ
745 5949 1022 6011 καταϐὰς,
1077 5948 1263 6017 φησὶν,
1296 5952 1380 6015 εἰς
1419 5952 1803 6020 Καισάρειαν,
1845 5955 1987 6010 dra-

454 6031 549 6110 καὶ
577 6033 1012 6110 ἀσπασάμενος
1051 6035 1162 6102 τὴν
1235 6039 1622 6110 Ἐκκλησίαν,
1656 6043 1870 6108 κατέόή
1902 6045 1988 6110 εἰς

329 6102 698 6170 Ἀντιόχειαν,
733 6105 827 6158 καὶ
857 6107 1117 6173 ποιήσας
1155 6108 1364 6174 χρόνον
1396 6102 1544 6176 τίνει,
1579 6102 1986 6182 ἐξῆλθέ-,διι-ρλ

1485 463 1554 518 IN
1585 463 1770 518 ACTA
1813 459 2347 519 AI’OSTOLORUM.
2375 457 2610 517 IIOMIL.
2654 457 2762 513 XL.
3677 454 3776 508 “it-‘4

2097 597 2356 665 χόμενος
2389 594 2505 662 τὴν
2543 590 2892 657 Γαλατικὴν
2939 588 3199 656 καθεξῆς
3225 587 3428 655 χώραν
3482 587 3580 639 καὶ
3629 590 3777 653 Φρυ-

2095 684 2254 752 τίαν.
2308 683 2463 753 Ἐμοὶ
2486 679 2704 734 δοκοῦσι
2736 678 2828 732 καὶ
2849 679 2898 730 οἱ
2933 677 3114 730 πιστοὶ
3149 675 3229 728 ἔτι
3258 675 3376 726 ἐκεῖ
3427 675 3776 741 συνάγεσθαι·

2097 774 2161 827 οὐ
2193 772 2301 842 γὰρ
2334 771 2534 834 εὐθέως
2556 769 2756 832 αὐτοὺς
2799 766 3086 822 ἀπέσπων.
3145 765 3291 836 Ὅρα
3319 763 3376 816 δέ
3434 762 3550 825 πῶς
3584 758 3780 824 αὐτοὺς

2097 860 2396 923 ἐπείγεται.
2449 858 2561 912 Kal
2613 857 2817 919 ταύτας
2874 854 2974 918 τὰς
3039 852 3224 924 χώρας
3273 851 3436 904 πάλιν
3483 850 3784 920 διέρχεται,

2098 946 2239 1000 ὥστε
2269 948 2336 1017 τῇ
2369 945 2644 1016 παρουσία
2687 942 2989 1014 βεϐαιῶσαι
3018 942 3144 1004 τοὺς
3186 937 3455 1011 μαθητάς.
3501 935 3782 999 Ἰουδαῖος

2098 1032 2164 1087 δέ
2208 1050 2319 1098 τις,
2367 1031 2554 1102 φησὶν,
2604 1030 2904 1095 Ἀπολλὼς
2955 1029 3220 1098 ὀνόματι,
3275 1024 3658 1094 κατήντησεν
3695 1026 3784 1088 εἰς

2104 1123 2393 1190 Ἔφεσον,
2438 1115 2697 1184 δυνατὸς
2750 1115 2836 1171 ὢν
2875 1117 2944 1171 ὲν
2975 1116 3104 1182 ταῖς
3144 1114 3432 1184 Γραφαῖς.
3483 1115 3785 1182 Διεγηγερ-

2103 1209 2266 1280 μένος
2319 1203 2388 1279 ἦν
2441 1208 2471 1260 ό
2525 1205 2846 1276 ἄνθρωπος·
2895 1203 2976 1257 διὸ
3026 1203 3120 1257 καὶ
3156 1201 3469 1273 ἀποδημίας
3508 1198 3784 1252 στέλλεται

2101 1295 2242 1364 ὐπέρ
2269 1293 2460 1347 τούτου
2501 1292 2692 1348 αὐτοῦ.
2739 1294 2844 1358 Ὃς
2890 1290 3398 1360 παραγενόμενος,
3454 1287 3642 1356 φησὶν,
3698 1289 3785 1351 εἰς

2115 1382 2375 1451 Ἀχαΐαν,
2417 1381 2679 1444 εὐτόνως
2731 1378 3240 1448 διακατηλέγχετο
3283 1376 3408 1442 τοῖς
3472 1374 3786 1439 Ἰουδαίοις

2101 1468 2386 1538 δημοσίᾳ.
2415 1468 2551 1539 Περὶ
2580 1467 2772 1521 τούτου
2813 1467 3041 1537 γράφων
3082 1466 3255 1534 ἔλεγε·
3290 1463 3434 1533 Περὶ
3467 1462 3535 1516 δὲ
3578 1463 3786 1516 Ἀπολ-

2101 1558 2189 1612 λὼ
2217 1557 2323 1612 τοῦ
2357 1557 2647 1625 ἀδελφοῦ.
2673 1555 2762 1626 Τῷ
2783 1556 2882 1626 μὲν
2915 1552 3008 1609 οὖν
3035 1555 3273 1626 δημοσίᾳ
3295 1552 3450 1626 [504]
3467 1553 3731 1622 ἐλέγχειν,
3751 1554 3784 1620 ἡ

2104 1647 2387 1718 παρρησία
2414 1645 2707 1700 ἐδείκνυτο·
2743 1646 2819 1715 τῷ
2841 1646 2898 1698 δέ
2922 1645 3175 1712 εὐτόνως,
3201 1646 3234 1715 ἡ
3257 1645 3487 1715 δύναμις
3513 1642 3784 1714 ἐδηλοῦτο·

2102 1734 2181 1804 τῷ
2206 1735 2264 1787 δὲ
2296 1736 2362 1788 ἐκ
2400 1735 2508 1789 τῶν
2551 1733 2713 1788 θείων
2745 1734 2979 1805 Γραφῶν
3034 1732 3416 1798 ἐπιδεικνύειν,
3438 1735 3472 1804 ἡ
3502 1731 3784 1803 ἐμπειρία.

2105 1821 2243 1874 υύτε
2275 1821 2385 1892 γάρ
2414 1822 2448 1892 ἡ
2499 1821 2782 1892 παρρησία
2836 1838 2889 1874 τι
2938 1820 3185 1875 συντελεῖ
3207 1820 3329 1873 καθ’
3361 1818 3561 1890 ἐαυτὴν
3584 1830 3632 1883 α,
3687 1816 3789 1869 οὐκ

2103 1907 2272 1978 οὐσης
2302 1908 2607 1980 δυνάμεως,
2638 1907 2762 1960 οὐτε
2791 1910 2824 1978 ἡ
2853 1907 3104 1978 δύναμις,
3133 1908 3234 1961 οὐκ
3254 1906 3421 1978 οὔσης
3451 1905 3786 1976 παρρησίας.

2108 1997 2252 2066 ’Ἄρα
2280 1995 2380 2050 οὐκ
2407 1996 2532 2065 είκῆ
2608 1996 2843 2050 Ἀκύλαν
2878 1996 3172 2049 κατέλιπεν
3205 1997 3282 2057 εἰς
3341 1994 3598 2062 Ἔφεσον,
3652 1990 3790 2044 ἀλλά

2103 2083 2191 2136 διὰ
2211 2083 2305 2137 τὸν
2347 2082 2595 2136 Ἀπολλὼ
2652 2083 2792 2152 τάχα
2824 2083 2884 2135 τὸ
2932 2081 3157 2152 Πνεῦμα
3206 2079 3364 2133 τοῦτο
3409 2079 3787 2149 ᾡκονόμησεν,

2105 2171 2244 2224 ὥστε
2279 2170 2628 2243 ἰσχυρότερον
2660 2172 2913 2240 ἐπιϐῆναι
2935 2173 3001 2241 τῇ
3031 2169 3303 2240 Κορίνθῳ.
3341 2168 3452 2221 Καὶ
3505 2167 3557 2219 τί
3587 2166 3787 2236 δήποτε

2104 2258 2282 2328 τούτῳ
2311 2259 2409 2330 μὲν
2431 2259 2585 2312 οὐδὲν
2607 2259 2887 2329 ἐποίησαν,
2913 2257 3112 2327 Παύλῳ
3142 2258 3198 2310 δέ
3229 2254 3592 2320 ὲπιτίθενται;
3628 2253 3790 2324 ’ῌδε-

2107 2364 2226 2410 σαν,
2254 2347 2337 2400 ὅτι
2357 2348 2564 2411 ἐκεῖνος
2593 2349 2621 2400 ό
2651 2347 2950 2419 κορυφαῖος
2975 2341 3063 2414 ἦν·
3101 2345 3132 2414 ἦ
3190 2345 3286 2398 καὶ
3315 2345 3397 2397 ὅτι
3430 2343 3564 2398 πολύ
3591 2341 3652 2394 τὸ
3671 2343 3789 2394 ὅνο-

2108 2452 2184 2504 μα
2209 2432 2303 2487 τοῦ
2353 2433 2548 2504 ἀνδρὸς
2587 2429 2676 2504 ἦν·
2716 2435 3160 2502 Προλαϐόμενοι
3222 2431 3308 2497 δὲ,
3363 2432 3553 2501 φησὶν,
3600 2428 3790 2484 αὐτὸν

2116 2521 2370 2585 Ἀκύλας
2393 2520 2494 2574 καί
2527 2521 2892 2589 Πρίσκιλλα,
2925 2518 3350 2594 ἀκριϐέστερον
3374 2517 3535 2583 αὐτῷ
3562 2516 3791 2582 ἐξέθεν-

2103 2627 2172 2664 το
2200 2610 2318 2678 τὴν
2343 2608 2450 2663 τοῦ
2482 2609 2630 2664 Θεοῦ
2681 2610 2848 2665 ὀδόν.
2885 2610 3028 2680 Ὅρα
3058 2609 3176 2673 πῶς
3202 2609 3384 2664 πάντα
3410 2607 3589 2660 πίστει
3621 2604 3788 2674 ἐγίνε-

2103 2716 2184 2763 το,
2237 2699 2334 2752 καὶ
2372 2696 2610 2769 οὐδαμοῦ
2641 2697 2858 2766 φθόνος,
2910 2696 3150 2767 οὐδαμοῦ
3192 2696 3484 2767 βασκανία·
3555 2693 3789 2756 Ἀκύλας

2104 2786 2369 2852 διδάσκει,
2399 2785 2602 2857 μᾶλλον
2627 2785 2685 2839 δὲ
2709 2786 2806 2840 καὶ
2836 2779 2994 2848 οὗτος
3023 2785 3360 2839 διδάσκεται.
3383 2784 3497 2838 Kal
3525 2782 3634 2853 γὰρ
3660 2782 3787 2852 χρό-

2104 2891 2193 2927 νον
2222 2874 2372 2944 αὐτῷ
2396 2874 2784 2944 συγγενόμενοι
2824 2871 2997 2936 οὕτως
3047 2873 3422 2943 ἐδιδάχθησαν,
3451 2870 3527 2933 ὡς
3566 2871 3659 2923 καὶ
3703 2869 3792 2929 ἀλτ

2104 2955 2229 3018 λους
2260 2957 2481 3020 ίκανούς
2534 2952 2675 3011 εῖναι
2719 2954 3014 3010 διδάσκειν.
3068 2954 3446 3024 Βουλομένου
3479 2953 3549 3006 δὲ
3598 2952 3789 3005 αὑτοῦ

2102 3040 2382 3106 διελθεῖν,
2417 3043 2606 3113 φησὶν,
2636 3044 2724 3107 είς
2749 3041 2865 3109 τὴν
2904 3042 3160 3109 Ἀχαΐαν,
3202 3039 3449 3112 ἔγραψαν
3470 3040 3583 3103 τοῖς
3611 3037 3788 3108 μαθη-

2102 3134 2226 3196 ταῖς
2247 3131 2618 3198 ἀποδέξασθαι
2637 3131 2824 3185 αὐτόν.
2855 3132 3015 3194 Τίνος
3052 3130 3239 3185 ἕνεκεν
3295 3130 3600 3200 γράμματα
3648 3128 3784 3199 πέμ-

2105 3237 2319 3286 πουσιν,
2390 3219 2706 3291 ὲρμηνεύει·
2738 3220 2904 3286 Ἵνα,
2945 3220 3135 3290 φησὶν,
3198 3217 3385 3273 αὑτὸν
3441 3216 3787 3281 ἀποδέξων-

2105 3323 2218 3360 ται.

2174 3506 2282 3560 Kal
2311 3505 2474 3559 πόθεν
2492 3504 2650 3574 δῆλον
2667 3503 2910 3567 ἐκείνους
2929 3506 2986 3557 ἐν
3001 3503 3214 3573 Ἐφέσῳ
3232 3503 3393 3566 ὄντας
3423 3508 3484 3555 τὸ
3503 3513 3786 3573 βάπτισμα

2099 3595 2244 3666 ἐχειν
2279 3593 2561 3658 Ἰωάννου;
2588 3593 2712 3646 ’Ότι
2733 3589 3102 3663 ἐρωτώμενοι,
3124 3593 3229 3657 Είς
3260 3591 3319 3645 τί
3355 3591 3788 3659 ἐϐαπτίσθητε,

2100 3688 2205 3750 Είς
2226 3683 2294 3736 τὸ
2317 3681 2617 3747 Ἰωάννου,
2646 3680 3297 3750 λέγουσι,βάπτισμα.”ι
3307 3697 3413 3743 σως
3433 3680 3788 3751 ἐπεδήμησαν

2097 3777 2209 3838 τοῖς
2242 3771 2640 3844 Ἰεροσολύμοις
2665 3773 2811 3838 τότε,
2843 3771 2940 3825 καὶ
2969 3771 3237 3843 ἀπῆλθον,
3275 3773 3371 3825 καὶ
3398 3772 3784 3825 ἐϐαπτίσαντο·

2097 3860 2234 3916 ἀλλὰ
2262 3861 2358 3915 καὶ
2394 3860 2806 3932 βαπτισθέντες,
2833 3859 2926 3914 τὸν
2961 3859 3170 3930 Ἰησοῦν
3199 3863 3300 3913 οὐκ
3323 3861 3646 3928 ἠπίσταντο.
3678 3863 3788 3913 Καὶ

2095 3950 2157 4002 οὐ
2187 3948 2337 4018 λέγει
2377 3949 2592 4012 αὐτοῖς·
2628 3948 2922 4001 Πιστεύετε
2956 3949 3038 4011 είς
3062 3948 3156 4001 τὸν
3198 3948 3446 4018 Ἰησοῦν;
3507 3948 3644 4000 ἀλλὰ
3692 3949 3783 4013 τί;

2093 4038 2161 4089 El
2200 4036 2445 4105 Πνεῦμα
2480 4035 2654 4105 ἅγιον
2684 4035 2927 4089 ἐλάϐετε
2948 4051 2967 4100 ,'
3024 4035 3140 4105 ᾔδει
3171 4034 3302 4105 γὰρ,
3347 4035 3430 4087 ὅτι
3463 4037 3564 4087 οὐκ
3616 4030 3781 4105 εἶχον.

2097 4121 2208 4175 Kal
2238 4121 2487 4193 βούλεται
2517 4121 2712 4184 αὐτοὺς
2738 4123 2935 4189 εἰπεῖν,
2978 4122 3066 4174 ἵνα
3120 4122 3388 4192 μαθόντες
3441 4114 3518 4174 «Tw
3552 4122 3785 4176 ἀπεστέ-

2100 4227 2314 4280 ρηνται,
2376 4210 2666 4280 αἰτήσωσι.
2702 4207 2812 4263 Καὶ
2853 4208 3165 4275 ἐπιθέντος
3213 4208 3440 4275 αὐτοῖς,
3488 4210 3642 4279 φησὶ,
3679 4210 3782 4276 τὰς

2096 4297 2299 4368 χεῷας
2325 4290 2445 4351 τοῦ
2493 4298 2763 4362 Παύλου,
2801 4292 2951 4368 ἦλθε
2979 4297 3043 4350 τὸ
3073 4297 3321 4367 Πνεῦμα
3368 4296 3436 4350 τὸ
3477 4297 3646 4366 ἅγιον
3687 4300 3781 4351 ἐπ’

2094 4387 2341 4453 αὐτοὺς,
2386 4387 2484 4440 καὶ
2514 4385 2782 4442 ἐλάλουν
2829 4385 3162 4457 γλώσσαις,
3190 4387 3288 4440 καὶ
3342 4378 3776 4455 προεφήτευον.

2108 4474 2229 4528 Ἀπ’
2261 4472 2425 4526 αὐτοῦ
2451 4473 2546 4526 τοῦ
2576 4473 2955 4544 βαπτίσματος
2984 4472 3412 4544 προφητεύουσι.
3444 4472 3617 4526 Τοῦτο
3637 4474 3693 4527 δὲ
3721 4476 3783 4528 τὸ

2107 4562 2357 4616 Ἰωάννου
2394 4561 2678 4632 βάπτισμα
2706 4563 2808 4616 οὐκ
2841 4558 2974 4634 εἶχε·
3011 4561 3092 4615 διὸ
3136 4563 3231 4615 καὶ
3281 4561 3470 4626 ἀτελὲς
3512 4558 3600 4633 ἦν.
3663 4563 3782 4620 Ἵνα

2093 4650 2150 4703 δὲ
2175 4649 2283 4704 τῶν
2312 4649 2570 4708 τοιούτων
2596 4644 2894 4716 ἀξιωθῶσι,
2924 4651 3419 4721 προπαρεσκεύαζε
3449 4651 3651 4722 μᾶλλον
3678 4652 3778 4705 αὐ-

2092 4738 2239 4802 τούς.
2266 4738 2429 4792 Ὥστε
2453 4737 2613 4791 τοῦτο
2641 4738 2893 4791 ἐϐούλετο
2935 4739 3190 4809 Ἰωάννης
3226 4737 3528 4808 βαπτίζων,
3559 4739 3780 4792 πιστεῦ-

2096 4843 2187 4878 σαι
2209 4827 2289 4890 είς
2317 4826 2411 4880 τὸν
2435 4826 2732 4897 ἐρχόμενον
2761 4826 2877 4897 μετ’
2919 4826 3106 4880 αὐτόν.
3174 4825 3456 4879 Ἐντεῦθεν
3503 4826 3779 4880 δείκνυται

2091 4914 2271 4984 δόγμα
2308 4913 2472 4984 μέγα,
2502 4914 2585 4967 ὅτι
2632 4914 2854 4977 τελείως
2902 4913 3260 4984 καθαίρονται
3300 4914 3410 4966 τῶν
3441 4915 3777 4985 ἁμαρτημά-

2094 5018 2202 5056 των
2252 5003 2303 5055 οἱ
2355 5000 2765 5071 βαπτιζόμενοι.
2801 5002 2864 5053 Εἰ
2907 5001 2983 5071 μὴ
3017 5002 3127 5072 γὰρ
3160 5000 3539 5071 ἐκαθαίροντο,
3571 5003 3671 5056 οὐκ
3710 5003 3778 5057 ἂν

2092 5089 2154 5142 τὸ
2209 5088 2434 5160 Πνεῦμα
2496 5088 2745 5158 ἐδέχοντο
2777 5082 2946 5153 οῦτοι,
2983 5087 3083 5142 οὐκ
3129 5087 3196 5141 ἂν
3229 5088 3586 5158 χαρισμάτων
3615 5089 3776 5152 εὐθὺς

2091 5176 2362 5247 ἠξιοῦντο.
2406 5174 2516 5228 Kal
2546 5177 2672 5246 ὅρα,
2735 5177 2815 5229 ὃτι
2868 5173 3091 5229 διπλοῦν
3129 5175 3190 5227 τὸ
3251 5176 3498 5246 χάρισμα
3545 5171 3636 5246 ἦν,
3683 5179 3778 5230 καὶ

2092 5265 2336 5334 γλῶσσαι
2365 5265 2459 5319 καὶ
2482 5266 2831 5337 προφητεῖαι.
2864 5262 3063 5327 Καλῶς
3095 5263 3152 5316 δὲ
3204 5256 3326 5316 εἷπε
3365 5263 3648 5334 βάπτισμα
3682 5282 3776 5334 με-

2089 5352 2307 5416 τανοίας
2326 5351 2387 5405 τὸ
2427 5352 2698 5415 Ἰωάννου,
2753 5352 2846 5405 καὶ
2873 5353 2975 5405 οὐκ
3001 5352 3278 5422 ἀφέσεως,
3312 5352 3535 5420 ἀνάγων
3580 5353 3777 5415 αὐτοὺς

2091 5440 2185 5494 καὶ
2210 5440 2435 5505 πείθων,
2459 5440 2541 5493 ὅτι
2566 5439 2757 5492 τούτου
2797 5439 3003 5512 ἔρημον
3031 5435 3100 5510 ἦν
3129 5442 3324 5493 ἐκεῖνο·
3359 5438 3456 5492 τοῦ
3479 5440 3591 5509 γὰρ
3615 5439 3776 5492 ὕστε-

2092 5545 2186 5599 ρον
2213 5527 2464 5592 δοθέντος
2494 5528 2707 5599 ἐργονὴ
2737 5528 2930 5596 ἄφεσις
2963 5527 3174 5595 γέγονε.
3228 5528 3339 5580 Καὶ
3372 5527 3490 5591 πῶς
3510 5529 3560 5580 οἱ
3582 5527 3776 5580 λαϐόν-

2087 5634 2178 5681 τες
2207 5618 2268 5670 τὸ
2319 5617 2545 5684 Πνεῦμα
2571 5617 2672 5670 οὐκ
2703 5616 3005 5680 ἐδίδασκον,
3035 5615 3152 5670 ἀλλ’
3190 5615 3464 5679 ’Δπολλὼς
3494 5618 3663 5687 μήπω
3712 5619 3774 5669 τὸ

2089 5705 2313 5776 Πνεῦμα
2351 5705 2565 5771 λαϐών;
2595 5707 2719 5758 Ὀτι
2747 5704 2848 5757 οὐκ
2871 5698 3012 5774 ἦσαν
3044 5701 3185 5755 οὕτω
3213 5700 3448 5771 ζέοντες,
3478 5704 3596 5756 οὐδὲ
3636 5723 3768 5756 κατ-

2091 5811 2194 5864 ηχη
2205 5794 2372 5864 μένοι·
2388 5794 2593 5856 ἐκεῖνος
2605 5793 2661 5846 δὲ
2687 5792 2781 5846 καὶ
2798 5791 3173 5862 κατηχημένος
3193 5785 3380 5859 ἧν,κα“ι
3395 5793 3598 5861 σφόδρα
3613 5793 3768 5857 ζέων.

2156 6067 2168 6080 ‘
2195 6065 2349 6112 Imus
2374 6066 2502 6125 apud
2541 6064 2705 6113 Momf.
2733 6063 2892 6126 aliqua
2931 6067 3072 6128 parte
3095 6061 3302 6113 mutuus
3335 6075 3398 6113 cx
3438 6060 3595 6111 tribus
3627 6064 3762 6114 codd.

2097 6136 2146 6176 cl
2174 6129 2321 6178 Sani.
2351 6135 2611 6179 reslllulus
2637 6134 2730 6178 ρει.
2760 6127 2894 6180 Enn.
