4076 6486
369 447 476 506 9.85

383 561 534 630 Ἐμοὶ
557 559 613 614 δὲ
632 559 886 626 δοκεῖ,ὃτι
910 559 1002 614 καὶ
1025 559 1190 634 πολλὴ
1221 557 1287 633 ἦν
1311 562 1341 633 ἠ
1378 559 1657 633 παρρησία
1692 557 1787 612 τοῦ
1809 554 2019 626 ἀνδρός.

379 646 466 700 Ἃ)
475 648 577 702 λέί
597 649 691 702 καὶ
706 647 949 721 ἀκριϐῶς
966 648 1138 703 ἐλάλει
1157 649 1224 702 τά
1239 652 1365 720 περὶ
1376 646 1468 701 τοῦ
1486 646 1680 715 Ἰησοῦ,
1693 648 1841 716 ὅμως
1854 644 2025 698 ἐδεῖτο

371 733 449 788 ἔτι
487 734 883 808 ἀκριϐεστέρας
927 737 1289 800 διδασκαλίας.
1321 735 1478 792 Οὕτω
1523 735 1698 790 καίτοι
1723 733 1824 786 οὐκ
1867 730 2023 795 εἰδὼς

371 821 566 887 πάντα,
598 823 707 878 ἀπὸ
742 825 844 896 τῆς
889 825 1193 898 προθυμίας
1219 825 1568 879 ἐπεσπάσατο
1597 822 1658 876 τὸ
1700 819 1927 892 Πνεῦμα
1965 821 2026 872 τὺ

368 907 543 975 ἅγιον,
573 911 824 984 καθάπερ
849 913 898 966 οί
925 915 1054 986 περὶ
1083 913 1404 984 Κορνήλιον.
1429 913 1583 983 Τάχα
1613 909 1799 964 πολλοὶ
1825 906 2024 962 ποθοῦ-

367 1010 472 1059 σιν,
501 998 549 1050 εί
597 999 689 1053 καὶ
725 999 820 1054 νῦν
844 997 931 1073 ἦν,
963 1002 1023 1056 τὸ
1067 1001 1164 1055 τοῦ
1221 1001 1468 1057 Ἰωάννου
1497 1000 1797 1072 βάπτισμα.
1863 995 2024 1050 Ἀλλά

367 1081 550 1138 πολλοὶ
583 1085 648 1139 ἀν
667 1087 946 1160 ἠμέλησαν
976 1087 1091 1160 βίου
1147 1088 1422 1161 ἐναρέτου,
1463 1087 1496 1162 ἢ
1527 1087 1618 1141 καὶ
1642 1083 1903 1156 ἐνομίσθη
1956 1083 2022 1140 ἀν

363 1169 592 1236 ἕκαστος
621 1172 772 1246 [305]
799 1175 887 1230 διὰ
921 1175 1079 1229 τοῦτο
1111 1188 1159 1240 ι,
1197 1176 1292 1230 καὶ
1311 1177 1370 1230 οὐ
1399 1175 1486 1231 διά
1535 1173 1810 1246 βασιλείαν
1853 1173 2015 1244 οὐρα-

362 1257 493 1323 νῶν,
529 1260 776 1330 ἐφίεσθαι
804 1262 905 1332 τῆς
927 1263 1368 1336 άρετῆς.Ἀλλως
1396 1263 1452 1318 δέ
1479 1261 1662 1317 πολλοὶ
1681 1260 1746 1316 ἀν
1774 1261 2020 1332 ἐγένοντο

359 1345 821 1419 ψευδοπροφῆται,
881 1351 975 1404 καὶ
1019 1352 1121 1406 οὐκ
1153 1350 1218 1406 ἀν
1246 1350 1430 1406 λοιπὸν
1455 1352 1504 1404 οί
1555 1349 1770 1420 δόκιμοι
1817 1346 2020 1418 σφόδρα

361 1434 658 1504 ἐφάνησαν,
706 1437 816 1492 οὐδ’
844 1436 910 1491 ἂν
943 1437 1394 1510 ἐμακαρίσθησαν
1425 1439 1472 1491 οί
1504 1437 1602 1508 τὴν
1625 1437 1808 1490 πίστιν
1832 1435 2019 1498 ἀπλῶς

358 1519 809 1592 παραδεξάμενοι.
870 1525 1080 1596 Ὠσπερ
1132 1520 1224 1581 οὖν
1253 1528 1319 1580 Ol
1363 1524 1449 1596 μὴ
1484 1524 1714 1592 ἰδόντες
1767 1523 1867 1579 καί
1923 1539 2018 1576 πι-

357 1609 726 1676 στεύσαντες
775 1612 1072 1681 μακάριοι,
1128 1613 1298 1677 οὕτως
1329 1613 1379 1667 οί
1427 1614 1596 1684 χωρὶς
1633 1607 1875 1683 σημείων
1923 1628 2014 1664 πι-

358 1692 656 1760 στεύοντες.
682 1699 815 1752 Είπὲ
843 1698 907 1770 δή
945 1716 1057 1770 μοι,
1084 1699 1182 1754 οὐκ
1223 1700 1494 1765 ὀνειδίζων
1533 1700 1803 1762 Ἰουδαίοις
1831 1698 2015 1768 ελεγεν

352 1781 382 1838 0
411 1783 663 1854 Χριστός·
715 1786 853 1840 Ἐὰν
869 1785 956 1856 μὴ
977 1786 1198 1856 σημεῖα
1228 1787 1412 1856 ἴδητε,
1461 1789 1534 1844 οὑ
1565 1787 1652 1858 μὴ
1683 1788 2014 1858 πιστεύση-

352 1887 452 1937 τε;
479 1873 687 1927 Οὐκοῦν
719 1873 870 1930 οὐδὲν
893 1874 1337 1948 παρεδλάσημεν,
1373 1878 1420 1930 εί
1447 1875 1695 1948 θέλοιμεν
1725 1861 2012 1949 προσέχειν

353 1957 585 2023 ἐαυτοῖς.
613 1961 690 2014 Τὸ
717 1963 1010 2031 κεφάλαιον
1039 1963 1234 2035 ἔχομεν
1260 1963 1370 2018 τῶν
1418 1963 1642 2032 ἀγαθῶν
1665 1963 1753 2018 διὰ
1780 1963 1875 2017 τοῦ
1911 1963 2009 2034 βα-

353 2047 676 2119 πτίσματος·
713 2050 908 2121 ἄφεσιν
941 2053 1352 2126 ἁμαρτημάτων
1404 2051 1690 2124 ἐλάϐομεν,
1717 2053 2007 2124 ἀγιασμὸν,

352 2133 668 2205 Πνεύματος
719 2139 1061 2211 μετάληψιν,
1123 2141 1412 2206 υἱοθεσίαν,
1455 2139 1599 2214 ζωὴν
1652 2141 1887 2196 αίώνιον.
1944 2141 2010 2195 Τί

352 2219 602 2290 βούλεσθε
638 2224 842 2291 πλέον;
899 2230 1137 2298 σημεῖα;
1185 2227 1345 2282 Ἀλλά
1396 2229 1772 2301 καταργεῖται.
1822 2228 2010 2283 Πίστιν

350 2305 514 2379 ἔχεις,
538 2309 745 2375 ἐλπίδα,
770 2313 1012 2386 ἀγάπην,
1042 2314 1394 2388 τάμένοντα·
1423 2316 1594 2370 ταῦτα
1635 2316 1810 2388 ζήτει,
1837 2316 2012 2371 ταῦτα

351 2396 590 2465 σημείων
615 2398 807 2469 μείζω.
840 2400 1005 2456 Οὐδὲν
1033 2402 1254 2474 ἀγάπης
1278 2401 1412 2457 ἴσον·
1443 2401 1666 2472 Mam-nr
1703 2404 1947 2459 πάντων
1968 2405 2007 2474 ἡ

347 2483 572 2553 ἀγάπη,
607 2487 760 2557 φησί.
800 2487 914 2542 Νῦν
942 2489 1054 2560 δέή
1112 2491 1299 2563 ἀγάπη
1351 2492 1663 2546 κινδυνεύει·
1699 2493 1869 2564 ὄνομα
1899 2492 2007 2564 γάρ

347 2571 517 2642 αὐτῆς
546 2575 929 2631 ὑπολέλειπται
981 2578 1162 2649 μόνον,
1191 2578 1254 2632 τὸ
1293 2579 1350 2634 δὲ
1377 2579 1539 2652 ἔργον
1585 2578 1842 2651 οὐδαμοῦ,
1867 2579 2005 2634 ἀλλὰ

345 2657 650 2732 διῃρήμεθα
676 2663 772 2717 ἀπ’
811 2664 1072 2736 ἀλλήλων.

413 2755 480 2817 Υ.
501 2749 565 2803 Τί
587 2747 678 2804 οῦν
707 2751 774 2806 ἀν
803 2768 886 2816 τις
903 2754 1201 2824 ἐργάσαιτο
1225 2753 1364 2807 ὥστε
1389 2752 1619 2822 συνάψαι
1641 2769 1656 2818 ;
1687 2751 1747 2807 τδ
1775 2754 1873 2825 μὲν
1897 2753 2007 2825 γάρ

344 2835 637 2904 ἐγκαλέσαι
688 2837 930 2904 εὔκολον,
963 2839 1099 2895 ἀλλά
1151 2840 1312 2895 τοῦτο
1368 2841 1539 2911 ῆμισύ
1572 2842 1742 2896 ἐστιν.
1796 2841 2007 2896 Οὐκοῦν

343 2926 610 2981 δεικνύναι
635 2929 717 2982 δεῖ
750 2928 867 2993 πῶς
895 2929 960 2983 ἂν
998 2929 1292 3002 ἐργασθείη
1337 2930 1508 3001 φιλία·
1538 2928 1698 2984 τοῦτο
1728 2930 1838 3002 γάρ
1887 2931 2005 2986 ἐστι

341 3016 402 3069 τδ
437 3017 891 3089 σπουδαζόμενον,
922 3018 1037 3082 πῶς
1067 3019 1136 3072 τά
1176 3019 1314 3089 μέλη
1356 3019 1427 3073 τὰ
1451 3018 1828 3090 διεσπασμένα
1882 3035 2004 3072 συν-

341 3104 659 3175 αγάγωμεν.
697 3107 771 3158 Οὐ
816 3105 924 3178 γάρ
955 3105 1113 3160 τοῦτό
1149 3107 1266 3161 ἐστι
1313 3107 1374 3161 τὸ
1423 3107 1754 3179 ζητούμενον
1795 3107 2002 3172 ἁπλῶς,

342 3193 389 3244 εί
426 3192 552 3262 μίαν
593 3193 918 3265 Ἐκκλησίαν
955 3193 1170 3266 ἔχομεν,
1211 3194 1243 3266 ἦ
1295 3194 1352 3247 έν
1383 3195 1562 3265 δόγμα
1592 3212 1606 3225 ·
1637 3193 1774 3249 ἀλλά
1806 3194 1868 3249 τὺ
1895 3195 2003 3249 δει-

341 3279 430 3332 νὸν
461 3279 617 3332 τοῦτό
669 3283 848 3345 ἐστιν,
898 3282 980 3334 ὅτι
1033 3283 1092 3335 ἐν
1133 3285 1248 3346 τοῖς
1283 3281 1465 3345 ἀλλοις
1496 3281 1879 3347 κοινωνοῦντες
1907 3284 2004 3337 ἀ).-

341 3365 544 3437 λήλοις,
593 3369 650 3421 ἐν
696 3370 809 3431 τοῖς
859 3369 1177 3437 ἀναγκαίοις
1218 3369 1279 3422 οὐ
1310 3369 1695 3441 κοινωνοῦμεν,
1731 3370 1827 3424 καὶ
1865 3371 2004 3441 μετά

341 3455 558 3508 πάντων
612 3454 982 3526 εἰρηνεύοντες
1008 3497 1025 3522 ,
1071 3457 1129 3510 ἐν
1170 3458 1418 3530 ἀλλήλοις
1474 3457 1859 3528 στασιάζομεν.
1911 3459 2001 3530 Μὴ

339 3543 469 3614 γὰρ,
504 3545 552 3596 εί
582 3543 656 3614 μὴ
683 3542 858 3613 μάχας
888 3542 1010 3598 καθ’
1032 3544 1268 3615 ἑκάστην
1308 3546 1589 3615 ποιοῦμεν,
1643 3545 1856 3610 σκόπει,
1887 3545 2000 3601 ἀλλ’

340 3629 423 3680 ὃτι
480 3627 600 3682 οὐδὲ
634 3628 853 3699 ἀγάπην
909 3629 1136 3699 γνησίαν
1169 3629 1364 3702 ἔχομεν
1394 3632 1487 3684 καὶ
1532 3631 1745 3700 ἀκλινῆ.
1790 3631 2002 3686 Ἐπιδέ-

344 3731 495 3784 σμων
536 3715 692 3792 χρεία
745 3717 842 3769 καὶ
890 3715 1092 3770 ἐλαίου.
1136 3718 1527 3788 Ἔννοήσωμεν,
1581 3718 1664 3771 ὅτι
1715 3717 2004 3791 γνώρισμά

341 3805 487 3856 ἐστιν
513 3805 545 3874 ἡ
571 3803 757 3875 ἀγάπη
781 3803 891 3856 τῶν
923 3803 1179 3875 μαθητῶν
1225 3804 1319 3859 τοῦ
1365 3805 1625 3878 Χριστοῦ,
1660 3808 1742 3861 ὄτι
1797 3806 2001 3878 ταύτης

341 3894 511 3964 χωρὶς
533 3893 684 3945 οὐδὲν
725 3892 896 3961 ἰσχύει
933 3893 1001 3947 τά
1033 3893 1185 3947 ἀλλα·
1219 3894 1300 3947 ὅτι
1354 3893 1570 3948 άπονόψ
1596 3897 1712 3948 ἐστι
1747 3895 2000 3966 πρᾶγμα,

340 3982 436 4034 ἐὰν
466 3980 726 4052 θέλωμεν.
786 3981 910 4046 Ναὶ,
966 3983 1150 4050 φησὶν,
1182 3981 1402 4052 οἴδαμεν
1448 3981 1640 4043 ταῦτα,
1677 3982 1811 4036 ἀλλά
1861 3982 1999 4051 πῶς,

342 4070 429 4122 ῖνα
467 4069 822 4139 κατορθωθῇ;
882 4069 970 4132 Τί,
999 4069 1083 4122 ἶνα
1112 4069 1373 4141 γένηται;
1427 4069 1566 4134 πῶς,
1617 4060 1704 4124 ἴνα
1760 4071 2003 4142 φιλῶμεν

341 4156 634 4226 ἀλλήλους;
677 4157 950 4227 Πρότερον
977 4155 1044 4210 τά
1077 4157 1394 4228 ἀναιρετικά
1427 4160 1525 4227 τῆς
1561 4157 1782 4229 ἀγάπης
1810 4157 2002 4223 ἐξέλωο

345 4262 462 4314 μεν,
493 4245 585 4298 καὶ
612 4245 731 4298 τότε
758 4246 1025 4316 στήσομεν
1055 4245 1276 4313 ταύτην.
1310 4245 1516 4317 Μηδεὶς
1569 4245 1708 4299 ἔστω
1736 4245 2002 4316 μνησίκα-

342 4347 457 4396 κος,
490 4331 671 4402 μηδεὶς
694 4330 834 4384 έστω
864 4331 1150 4401 βάσκανος,
1199 4332 1388 4401 μηδεὶς
1441 4332 1791 4402 χαιρέκακος·
1824 4331 2002 4386 ταῦτά

341 4419 458 4472 ἐστι
510 4418 574 4472 τὰ
613 4413 923 4472 κωλυτικάο
956 4419 1023 4473 τά
1067 4419 1124 4472 δὲ
1173 4417 1432 4489 ποιητικά
1477 4419 1657 4490 ἔτερα.
1701 4419 1814 4472 Οὐκ
1843 4419 2004 4489 ἀρκεῖ

340 4507 410 4560 τά
443 4505 718 4559 κωλύοντα
772 4506 1000 4569 ἀνελεῖν,
1059 4505 1193 4559 ἀλλὰ.
1236 4507 1328 4559 καὶ
1355 4505 1424 4559 τὰ
1475 4506 1704 4560 ἱστῶντα
1737 4507 1842 4578 χρὴ
1868 4508 2003 4560 ὐπο-

341 4594 633 4648 δεικνύναι.
677 4594 735 4646 ’0
793 4595 892 4664 μὲν
945 4589 1036 4661 οὖν
1098 4593 1267 4664 Σιράχ
1322 4594 1470 4662 λέγει
1522 4594 1590 4649 τὰ
1639 4595 1997 4666 ἀναιρετικά,

341 4685 436 4736 καὶ
484 4685 583 4736 οὐκ
628 4683 708 4735 έτι
755 4683 822 4734 τά
870 4682 1245 4744 συνάπτοντα,
1281 4681 1585 4752 ὀνειδισμὸν
1636 4683 1862 4750 φάσκων
1908 4686 2002 4738 καὶ

347 4769 643 4840 μυστηρίου
703 4769 1044 4837 ἀποκάλυψιν
1075 4767 1167 4821 καὶ
1223 4761 1435 4839 πληγὴν
1466 4769 1664 4822 δολίαν.
1735 4770 1874 4822 Ἀλλ’
1914 4771 1999 4825 ἐπ’

344 4856 565 4911 ἐκείνων
587 4857 682 4924 μὲν
700 4856 921 4919 εἰκότως
941 4856 1130 4918 ταῦτα,
1148 4857 1240 4910 ᾰτε
1255 4856 1530 4926 σαρκικῶν
1541 4858 1729 4913 ὄντων·
1746 4861 1830 4929 ἐφ’
1843 4863 1874 4931 ἡ
1887 4861 2000 4931 μῶν

344 4944 398 4997 δὲ
427 4943 500 5013 μὴ
527 4942 748 5010 γένοιτο·
781 4942 880 4995 οὐκ
903 4943 1009 4995 ἀπὸ
1040 4943 1242 4996 τούτων
1264 4944 1407 5013 ὑμᾶς
1434 4944 1718 5016 ἐνάγομεν,
1746 4946 1860 5000 ἀλλ’
1893 4949 2001 5002 ἀπὸ

344 5030 450 5084 τῶν
478 5029 668 5082 ἀλλων.
693 5029 857 5081 Οὐδὲν
888 5030 1016 5096 ἡμῖν
1037 5031 1149 5082 ἐστι
1171 5032 1402 5101 χρηστὸν
1425 5033 1607 5101 φιλίας
1624 5034 2001 5104 χωρίς.⁹Εστω

346 5120 516 5191 μυρία
565 5116 764 5185 ἀγαθά,
820 5116 953 5169 ἀλλά
983 5117 1035 5169 τί
1063 5117 1122 5169 τὸ
1149 5118 1370 5186 δφελος;
1402 5119 1540 5172 ἔστω
1583 5119 1826 5185 πλοῦτος,
1864 5123 2002 5176 ἔστω

346 5207 525 5279 τρυφὴ
573 5207 740 5275 φίλων
769 5205 934 5276 χωρὶς
969 5206 1017 5269 δ,
1046 5205 1179 5260 ἀλλά
1205 5207 1259 5260 τί
1283 5206 1343 5260 τὸ
1373 5207 1562 5278 κέρδος
1586 5226 1600 5275 ;
1632 5209 1793 5262 Οὐδὲν
1817 5210 2002 5280 κτῆμα

343 5295 534 5348 τούτου
562 5293 780 5347 κάλλιον
804 5292 896 5346 καὶ
927 5295 981 5346 ἐν
1000 5297 1111 5356 τοῖς
1144 5294 1417 5363 βιωτικοῖς
1440 5298 1779 5367 πράγμασιν,
1816 5297 2002 5372 ῶσπερ

345 5379 437 5437 οὖν
491 5381 597 5434 τῶν
636 5380 1025 5452 ἐχθραινόντων
1059 5381 1206 5433 οὐδὲν
1231 5381 1626 5454 χαλεπώτερον.
1658 5383 1872 5454 ’Λγάπη
1908 5392 2006 5439 x‘a-

346 5470 553 5524 λύπτει
583 5465 810 5534 πλῆθος
833 5466 1276 5540 ἁμαρτημάτων·
1310 5468 1418 5538 ἡδὲ
1457 5467 1624 5540 ἔχθρα
1672 5471 1764 5523 καὶ
1789 5470 1855 5523 τὰ
1905 5473 2005 5525 οὐκ

347 5558 474 5610 ὄντα
512 5556 824 5610 ὑποπτεύει.
859 5557 970 5608 Οὐκ
1002 5554 1163 5624 ἀρκεῖ
1203 5553 1276 5624 μὴ
1320 5549 1454 5608 εἶναι
1489 5555 1703 5628 ἐχθρὸν,
1755 5557 1889 5610 ἀλλά
1928 5559 2006 5612 δεῖ

349 5644 440 5696 καὶ
489 5640 639 5713 [306]
696 5643 886 5708 φιλεῖν.
933 5641 1232 5711 Ἐννόησον,
1270 5642 1349 5693 ὅτι
1401 5644 1428 5694 0
1466 5644 1695 5714 Χριστὸς
1730 5645 2003 5708 ἐκέλευσε,

351 5732 442 5782 καὶ
461 5731 620 5800 ἀρκεῖ
639 5728 815 5782 τοῦτο.
851 5730 960 5781 Καὶ
986 5728 1161 5797 Ολῖψις
1193 5731 1336 5780 ποιεῖ
1377 5730 1574 5797 φιλίας,
1611 5733 1705 5785 καὶ
1762 5735 2003 5802 συνάγει.

352 5816 414 5867 Τί
444 5813 554 5881 οὖν,
587 5817 739 5885 φησὶ,
774 5815 883 5878 νῦν,
919 5817 1003 5867 ὅτε
1034 5815 1206 5884 θλῖψις
1230 5817 1327 5868 οὐκ
1351 5814 1529 5883 ἕστιν;
1567 5819 1705 5882 εἰπὲ,
1731 5819 1868 5886 πῶς,
1920 5821 2004 5873 ἵνα

418 6020 430 6037 ⁸
458 6019 655 6085 Οιιὶόλῐιι
682 6036 777 6068 Πιςς
825 6022 1036 6080 ἐναρέτολ
1065 6035 1073 6042 ·
1119 6023 1202 6073 viv
1243 6025 1459 6085 ἐνομίσθη
1486 6029 1683 6081 ἔπακτος
1738 6029 1822 6074 Δ.ιά
1849 6028 1984 6077 τοίη)

413 6081 609 6139 ‘J‘ndam
651 6097 783 6143 "153.,
812 6100 857 6146 τί
899 6101 953 6145 ῖη
1005 6101 1027 6144 τ
1055 6086 1151 6131 .‘t'rf.
1174 6093 1336 6150 βρεμι,

1140 451 1198 506 S.
1230 449 1524 506 JOANNIS
1555 443 2043 506 CHRYSOSTUMI
2082 445 2396 504 ARCIIIEP.
2437 447 2982 507 CONSTANTINOP.

3687 449 3799 504 286

2128 553 2410 627 γενώμεθα
2438 559 2613 628 φίλοις
2656 561 2770 615 Οὐκ
2815 560 2966 632 ἔχετε
3000 557 3187 627 φίλους
3245 558 3456 622 ἄλλους,
3507 559 3631 616 είπέ
3669 581 3802 634 μοις

2132 641 2246 706 πῶς
2273 645 2451 699 αὐτῶν
2502 649 2627 700 ἐστε
2665 647 2843 717 φίλοι;
2906 647 3024 711 πῶς
3054 645 3370 717 διαμένετε;
3407 646 3557 712 Τέως
3607 649 3803 721 μηδεὶς

2133 729 2335 800 μηδένα
2391 732 2584 805 ἐχθρὸν
2634 735 2824 805 ἐχέτω·
2865 736 2964 789 οὐκ
2995 733 3111 788 ἐστι
3165 733 3322 788 τοῦτο
3353 734 3570 806 μικρόν·
3607 735 3804 808 μηδεὶς

2126 817 2410 888 φθονείτω·
2441 823 2540 875 οὐκ
2563 821 2641 877 ένι
2669 823 2763 877 τὸν
2789 823 2864 896 μὴ
2900 822 3199 893 φθονοῦντα
3245 824 3595 895 κατηγορεῖν.
3648 823 3801 879 Μίαν

2122 907 2378 979 οίκοῦμεν
2427 909 2756 981 οἰκουμένην
2796 913 3055 978 ἅπαντες,
3109 911 3220 974 τοῖς
3261 911 3447 972 αὐτοῖς
3481 911 3800 983 τρεφόμεθα

2121 995 2372 1066 καρποῖς.
2421 995 2581 1050 Ἀλλά
2613 995 2785 1051 ταῦτα
2822 997 3015 1069 μικρά·
3063 999 3178 1062 τοῖς
3205 997 3388 1060 αὐτοῖς
3445 998 3792 1069 μυστηρίοις,

2120 1081 2219 1152 τῆς
2272 1081 2442 1153 αὐτῆς
2494 1087 2868 1156 πνευματικῆς
2923 1085 3130 1156 τροφῆς
3180 1084 3544 1154 ἀπολαύομεν.
3603 1085 3796 1141 Ταῦτα

2081 1213 2084 1216 .
2121 1167 2292 1239 δήπου
2332 1172 2448 1225 ἐστὶ
2499 1171 2844 1244 δικαιώματα
2889 1171 2983 1226 τοῦ
3035 1171 3228 1238 φιλεῖν.
3266 1172 3388 1238 Πῶς
3425 1168 3517 1227 οὖν
3569 1172 3794 1244 θερμῶς

2119 1255 2522 1329 διακεισόμεθα,
2557 1260 2724 1331 φησί;
2757 1260 2822 1313 Τί
2863 1263 3004 1314 ποιεῖ
3063 1260 3332 1331 σωμάτων
3372 1260 3585 1331 ἔρωτας
3636 1261 3794 1332 Λαμ-⁹

2119 1344 2325 1417 πρότης
2371 1344 2642 1416 σώματος.
2681 1346 2890 1401 Οὐκοῦν
2922 1348 3017 1402 καὶ
3065 1347 3162 1412 τάς
3193 1346 3372 1419 ψυχάς
3401 1347 3573 1412 καλάς
3619 1349 3793 1420 ἐργα-

2118 1431 2361 1503 σώμεθα,
2398 1434 2493 1486 καὶ
2533 1433 2772 1504 ἐσόμεθα
2825 1433 3078 1506 ἀλλήλοις
3106 1434 3424 1506 ἐπέραστοι·
3455 1437 3518 1489 οὐ
3571 1435 3682 1506 γάρ
3723 1434 3792 1505 δὴ

2117 1521 2293 1591 φιλεῖν
2313 1523 2394 1576 δεῖ
2428 1509 2608 1594 μόνον,
2631 1522 2766 1577 ἀλλά
2793 1523 2888 1577 καὶ
2920 1523 3210 1594 φιλεῖσθαι.
3236 1522 3459 1592 Πρῶτον
3480 1523 3637 1578 τοῦτο
3664 1541 3793 1578 κατ-

2114 1608 2467 1681 ορθώσωμεν,
2494 1610 2635 1664 ὥστε
2694 1610 2988 1679 φιλεῖσθαι,
3020 1610 3116 1665 καὶ
3162 1611 3346 1666 ἐκεῖνο,
3367 1609 3589 1664 εὐκολον
3611 1611 3788 1666 ἔσται.

2117 1696 2242 1762 Πῶς
2262 1692 2353 1752 οῦν
2374 1696 2525 1751 ἔσται
2548 1698 2635 1753 ῖνα
2662 1698 2977 1769 φιλώμεθα;
3002 1697 3294 1769 Γενώμεθα
3315 1697 3491 1761 καλοὶ,
3515 1699 3610 1751 καὶ
3627 1697 3792 1753 τοῦτο

2114 1783 2496 1856 ἐργαζώμεθα,
2530 1784 2670 1839 ῶστε
2711 1785 2949 1856 ἐραστάς
2988 1785 3131 1858 έχειν
3157 1788 3261 1842 ἀεί.
3316 1786 3522 1857 Μηδεὶς
3555 1787 3789 1841 σπουδα-

2115 1871 2252 1936 ζέτω
2273 1872 2348 1944 μὴ
2385 1873 2640 1944 χρήματα
2677 1873 2934 1936 κτᾶσθαι,
2992 1873 3066 1946 μὴ
3097 1874 3426 1945 ἀνδράποδα,
3457 1876 3532 1946 μὴ
3583 1875 3785 1940 οἰκίας.

2111 1960 2188 2024 ώς
2218 1959 2280 2014 τὸ
2312 1960 2604 2029 φιλεῖσθαι,
2662 1959 2739 2024 ώς
2775 1960 2949 2031 δνομα
3003 1960 3242 2034 χρηστὸν
3293 1961 3457 2032 ἔχειν.
3504 1961 3789 2031 Κρεῖττον

2113 2047 2322 2116 ὄνομα,
2369 2047 2408 2115 ἢ
2436 2047 2700 2116 πλοῦτος
2750 2047 2970 2111 πολύς.
3013 2049 3086 2102 Τὸ
3113 2048 3213 2119 μέν
3259 2049 3372 2122 γάρ
3429 2048 3603 2121 μένει,
3651 2049 3681 2101 0
3726 2049 3786 2103 δὲ

2110 2133 2428 2190 ἀπόλλυται·
2488 2133 2584 2188 καὶ
2636 2133 2696 2188 τὸ
2732 2133 2835 2206 μὲν
2866 2134 3093 2191 δυνατὸν
3125 2135 3459 2206 κτήσασθαι,
3495 2136 3675 2216 ⁴ἐκεῖνο
3723 2136 3785 2190 δέ

2109 2221 2391 2278 ἀδύνατον.
2433 2222 2491 2277 '0
2519 2221 2619 2294 μὲν
2646 2221 2756 2296 γὰρ
2800 2223 3045 2295 πονηράν
3079 2223 3238 2289 δόξαν
3262 2222 3464 2288 λαϐὼν,
3509 2223 3786 2289 δυσκόλως

2110 2309 2277 2382 αὐτὴν
2303 2309 2657 2381 ἀποϐήσεται·
2683 2311 2712 2364 0
2744 2310 2800 2365 δέ
2824 2310 2990 2383 πένης
3023 2311 3234 2382 ταχέως
3265 2310 3373 2365 ἀπὸ
3399 2309 3494 2365 τοῦ
3521 2311 3788 2381 ὀνόματος

2109 2397 2262 2452 ἔσται
2287 2395 2558 2461 πλούσιος.
2595 2397 2777 2451 Ἔστω
2801 2414 2885 2462 τις
2914 2398 3084 2470 μυρία
3111 2398 3351 2453 τάλαντα
3371 2398 3532 2470 ἔχων,
3559 2400 3588 2453 0
3612 2398 3670 2453 δὲ
3691 2399 3786 2469 φίο

2109 2485 2232 2550 λους
2285 2485 2500 2541 ἑκατόν·
2559 2481 2716 2552 οὗτος
2747 2487 2960 2540 ἐκείνου
3006 2488 3407 2558 εὐπορώτερος.
3459 2486 3550 2558 Μὴ
3601 2488 3787 2542 τοίνυν

2106 2577 2292 2643 ἀπλῶς
2319 2576 2479 2631 τοῦτο
2513 2576 2782 2648 ποιῶμεν,
2807 2575 2923 2630 ἀλλ’
2958 2576 3319 2648 ἐργαζώμεθα
3381 2577 3458 2640 ώς
3520 2576 3786 2646 εὐπορίαν

2111 2665 2234 2718 τινά
2255 2675 2302 2720 ε.
2318 2665 2428 2719 Καὶ
2451 2664 2568 2728 πῶς
2593 2663 2894 2735 δυνάμεθα,
2914 2663 3083 2734 φησί;
3111 2662 3355 2733 Λάρυγξ
3371 2662 3603 2732 γλυκὺς
3627 2666 3785 2730 πλη-

2107 2757 2273 2811 θύν-ει
2301 2757 2520 2827 φίλους
2549 2754 2757 2820 αὑτοῦ,
2786 2754 2884 2808 καὶ
2906 2754 3159 2825 γλῶσσα
3188 2753 3570 2822 εὐχάριστος.
3598 2753 3784 2823 Στόμα

2106 2843 2352 2916 εὐφημον
2408 2842 2761 2915 κτησώμεθα,
2797 2842 2893 2896 καὶ
2921 2841 3156 2914 τρόπους
3205 2840 3500 2913 καθαρούς.
3556 2839 3672 2894 Οὐκ
3704 2839 3784 2894 tv:

2105 2931 2288 2986 λαθεῖν
2327 2931 2417 2986 τὸν
2444 2931 2586 2986 οὕτω
2617 2931 2981 3000 διακείμενον.

2173 3018 2234 3072 δ’.
2257 3018 2399 3091 Ὅρα
2420 3019 2558 3072 πόσα
2585 3019 2634 3070 οἱ
2651 3016 2850 3082 έξωθεν
2871 3015 3174 3086 ἐπενόησαν
3195 3014 3404 3084 φιλικὰ,
3437 3015 3780 3082 συντεκνίαν,

2104 3107 2392 3178 γειτονίαν,
2439 3106 2776 3176 συγγενείας.
2821 3106 2983 3160 Ἀλλά
3030 3106 3238 3158 τούτων
3274 3105 3492 3160 πάντων
3525 3105 3594 3158 τὰ
3644 3108 3778 3175 παρ’

2104 3196 2235 3266 ἡμῖν
2267 3190 2487 3264 μείζονα
2508 3210 2520 3224 ·
2552 3193 2585 3264 ἠ
2610 3190 2858 3263 τράπεζα
2893 3191 3031 3262 αῦτη
3053 3191 3472 3262 αίδεσιμωτέρα.
3497 3189 3694 3244 Πολλοὶ
3724 3191 3782 3246 δέ

2103 3283 2212 3336 τῶν
2240 3280 2571 3354 προσιόντων
2616 3279 2737 3333 οὐδέ
2772 3279 2929 3350 ῐσμεν
2959 3279 3244 3348 ἀλλήλους.
3287 3278 3362 3332 Τὸ
3392 3278 3599 3349 πλῆθος
3621 3277 3784 3334 τοῦτο

2105 3371 2267 3435 ποιεῖ,
2310 3367 2494 3438 φησίν.
2540 3365 2826 3437 Οὐδαμῶς,
2874 3365 2990 3419 ἀλλ’
3021 3367 3055 3437 ἡ
3087 3365 3331 3438 ἡμετέρα
3361 3365 3580 3420 νωθεία.
3615 3366 3782 3437 Τρισ-

2103 3457 2261 3528 χίλιοι
2294 3453 2433 3528 ἦσαν
2455 3457 2548 3510 καὶ
2577 3454 3022 3526 πεντακισχίλιοι,
3047 3456 3139 3508 καὶ
3163 3455 3365 3516 πάντες
3419 3449 3566 3524 εἶχον
3599 3455 3781 3526 ψυχὴν

2107 3547 2267 3618 μίαν·
2310 3544 2407 3600 νῦν
2455 3545 2512 3598 δέ
2545 3546 2776 3608 ἕκαστος
2799 3543 2891 3597 τὸν
2923 3542 3152 3612 ἀδελφὸν
3175 3543 3380 3611 ἀγνοεῖ,
3413 3543 3510 3597 καὶ
3555 3543 3658 3596 οὐκ
3691 3546 3779 3598 αί-

2106 3635 2352 3705 σχύνεται
2375 3633 2434 3686 τὸ
2462 3633 2665 3704 πλῆθος
2695 3632 3040 3701 αἰτιώμενος.
3085 3630 3144 3685 '0
3180 3631 3363 3702 μέντοι
3419 3630 3647 3695 πολλοὺς
3686 3632 3778 3700 φί-

2103 3721 2226 3784 λους
2271 3719 2430 3791 έχων,
2466 3719 2738 3783 ἀνάλωτος
2793 3718 2995 3772 ἅπασίν
3050 3718 3187 3784 ἐστι,
3243 3718 3509 3788 τυράννου
3573 3719 3779 3783 παντὸς

2102 3803 2257 3870 οὗτος
2287 3807 2650 3878 ἰσχυρότερος.
2687 3806 2798 3876 Οὐχ
2829 3805 3005 3870 οὓτως
3033 3807 3241 3860 ἐκεῖνον
3281 3807 3332 3860 οί
3355 3805 3644 3877 δορυφόροι
3679 3823 3777 3873 cpu-

2103 3897 2409 3961 λάττουσιν,
2430 3895 2506 3958 ώς
2533 3893 2722 3948 τοῦτον
2770 3895 2819 3946 οί
2862 3893 3006 3963 φίλοι
3026 3910 3038 3923 ·
3075 3893 3170 3946 καὶ
3189 3892 3572 3964 λαμπρότερος
3621 3887 3779 3958 οὗτος

2102 3985 2330 4041 ἐκείνου.
2375 3982 2434 4038 ’0
2469 3983 2569 4054 μὲν
2605 3981 2713 4052 γὰρ
2742 3982 2894 4052 παρά
2920 3981 3028 4034 τῶν
3060 3980 3224 4036 αὐτοῦ
3256 3980 3456 4035 δούλων
3509 3981 3778 4050 φυλάττε-

2101 4092 2209 4139 ται,
2241 4072 2344 4128 όδέ
2367 4072 2515 4145 παρὰ
2541 4072 2647 4126 τῶν
2679 4071 2958 4144 ὁμοτίμων
2982 4087 2995 4100 ·
3031 4071 3124 4127 καὶ
3154 4073 3182 4124 0
3215 4071 3314 4144 μὲν
3350 4071 3502 4143 παρά
3524 4071 3775 4127 ἀκόντων

2101 4164 2195 4218 καὶ
2222 4163 2554 4228 δεδοικότων,
2585 4155 2738 4224 οὗτος
2765 4159 2822 4214 δὲ
2855 4159 3008 4230 παρά
3036 4159 3294 4225 ἐχόντων,
3326 4161 3419 4214 καὶ
3447 4160 3509 4213 οὐ
3531 4160 3774 4214 δεδοικό-

2101 4269 2206 4307 των
2223 4269 2238 4284 ·
2273 4251 2368 4305 καὶ
2394 4250 2540 4304 ἔστιν
2568 4251 2697 4304 ίδεῖν
2721 4250 2956 4319 πρᾶγμα
2977 4247 3312 4318 θαυμαστὸν,
3338 4249 3396 4301 ἐν
3416 4249 3632 4311 πολλοῖς
3655 4249 3775 4311 ἕνα,

2102 4337 2196 4392 καὶ
2221 4337 2277 4390 ἐν
2309 4337 2388 4389 ἐνὶ
2421 4335 2668 4398 πολλούς.
2716 4334 2827 4388 Καὶ
2855 4334 3107 4404 καθάπερ
3140 4335 3236 4386 ἐπὶ
3263 4333 3496 4405 κιθάρας
3527 4333 3778 4406 διάφοροι

2106 4425 2202 4494 μὲν
2223 4423 2271 4475 οί
2297 4422 2541 4492 φθόγγοι.
2572 4421 2670 4492 μία
2695 4421 2752 4475 δὲ
2777 4422 2810 4492 ὴ
2837 4421 3120 4492 συμφωνία
3144 4421 3194 4486 ἀ,
3227 4416 3307 4485 εἷς
3330 4421 3384 4475 δὲ
3405 4422 3434 4473 0
3460 4423 3716 4492 μουσικὸς
3748 4425 3781 4478 0

2101 4511 2200 4580 τὴν
2234 4509 2462 4582 κιθάραν
2493 4509 2884 4581 μεταχειρίζων
2909 4524 2923 4540 ·
2955 4508 3125 4573 οὕτως
3152 4507 3407 4573 ἐνταῦθα,
3437 4507 3642 4580 κιθάρα
3675 4509 3779 4579 μὲν

2102 4601 2246 4654 ἐστιν
2277 4599 2414 4671 αὐτὴ
2440 4601 2471 4670 ἡ
2496 4597 2713 4668 ἀγάπη,
2745 4596 2971 4668 φθόγγοι
2998 4598 3055 4652 δέ
3085 4597 3344 4668 ὴχοῦντες
3371 4596 3440 4650 τὰ
3463 4596 3531 4650 δι’
3550 4595 3780 4670 ἀγάπης

2103 4689 2484 4760 προφερόμενα
2515 4689 2738 4758 ῥήματα
2767 4686 2977 4756 φιλικά,
3013 4685 3141 4757 μίαν
3163 4686 3260 4739 καὶ
3288 4685 3388 4755 τὴν
3405 4683 3574 4756 αὐτὴν
3598 4685 3778 4740 ἀπαν-

2101 4796 2190 4840 τες
2215 4777 2462 4846 ἀφιέντες
2491 4776 2756 4847 ἁρμονίαν
2791 4776 2885 4828 καὶ
2920 4773 3238 4845 συμφωνίαν
3257 4789 3271 4805 ·
3319 4773 3348 4824 0
3373 4773 3430 4826 δὲ
3456 4773 3715 4843 μουσικὸς
3745 4776 3780 4844 ἠ

2102 4865 2201 4935 τῆς
2249 4864 2466 4936 ἀγάπης
2495 4863 2758 4934 δύναμις·
2801 4862 2936 4932 αὐτη
2993 4860 3180 4932 κρούει
3230 4859 3291 4915 τδ
3340 4860 3500 4933 μέλος
3556 4860 3619 4914 τὸ
3652 4861 3779 4931 ἡδύ.

2116 4953 2440 5024 Ἐϐουλόμην
2471 4953 2612 5022 ὑμᾶς
2645 4951 2874 5018 ἀγαγεῖν
2901 4951 2980 5012 είς
3027 4949 3182 5002 πόλιν
3206 4948 3482 5019 τοιαύτην,
3515 4947 3570 5000 εῖ
3587 4965 3651 5017 γε
3688 4949 3783 5004 δυ-

2105 5043 2278 5106 νατὸν,
2314 5042 2390 5095 έν(
2421 5062 2439 5092 ι
2474 5041 2570 5112 μία
2596 5038 2743 5110 ψυχὴ
2758 5034 2845 5109 ἦν,
2872 5039 2964 5091 καὶ
2981 5033 3122 5100 εἶδες
3154 5036 3220 5090 ἂν
3241 5035 3387 5100 ὅπως
3412 5037 3595 5108 πάσης
3624 5036 3780 5111 [307]

2104 5130 2332 5199 κιθάρας
2359 5134 2449 5182 7...".
2483 5129 2677 5191 παντὸς
2697 5126 2860 5182 αὐλοῦ
2883 5125 3307 5196 ἀρμοδιωτέραή
3330 5124 3446 5178 ἐκεῖ
3467 5128 3779 5195 συμφωνία,

2103 5219 2248 5272 οὐδὲν
2280 5219 2485 5289 ἀπηχὲς
2507 5218 2706 5288 ᾄδουσα
2732 5216 2914 5286 μέλος.
2960 5212 3130 5266 Τοῦτο
3151 5214 3243 5266 καὶ
3264 5212 3531 5281 ἀγγέλους
3553 5213 3650 5266 καὶ
3683 5216 3780 5268 τὸν

2104 5307 2346 5374 ἀγγέλων
2369 5307 2645 5374 Δεσπότην
2674 5303 2804 5358 Θεὸν
2831 5303 3108 5373 εὐφραίνει
3142 5302 3204 5355 τὸ
3233 5301 3423 5372 μέλος·
3466 5300 3624 5354 τοῦτο
3656 5302 3780 5357 ὅλον

2104 5395 2163 5447 τὸ
2187 5396 2242 5447 ἐν
2270 5394 2348 5464 τῷ
2375 5393 2587 5462 οὐρανῷ
2611 5391 2833 5461 θέατρον
2850 5389 3152 5458 διανίστησι
3168 5404 3182 5418 ⁸
3213 5387 3368 5441 τοῦτο
3397 5388 3489 5442 καὶ
3507 5389 3779 5458 δαιμόνων

2107 5484 2258 5555 κηλεῖ
2286 5482 2474 5553 θυμὸν,
2507 5479 2694 5532 παθῶν
2733 5477 3051 5545 καταθέλγει
3099 5477 3275 5546 ὁρμάς
3300 5486 3346 5528 ο.
3393 5474 3564 5528 Τοῦτο
3593 5476 3656 5528 τὸ
3690 5477 3780 5546 μέ-

2106 5573 2193 5634 λος
2217 5572 2277 5624 οὐ
2320 5571 2474 5640 μόνον
2502 5567 2649 5636 πάθη
2676 5567 2851 5635 κηλεῖ,
2881 5565 2992 5618 ἀλλ’
3021 5563 3139 5616 οὐδέ
3168 5563 3522 5632 διαναστῆναι
3556 5563 3776 5634 ἀφίησι,

2109 5661 2198 5714 καὶ
2227 5658 2424 5727 πολλὴν
2460 5656 2553 5725 τὴυ
2589 5655 2743 5724 σιγὴν
2773 5651 3085 5724 ἐργάζεται.
3125 5651 3391 5720 Καθάπερ
3434 5650 3541 5720 γάρ
3571 5652 3628 5702 ἐν
3653 5651 3781 5706 θεά-

2170 5906 2190 5935 °
2218 5904 2388 5952 Morel.
2419 5906 2482 5957 ὡς
2510 5902 2727 5963 εὐπορίαν
2762 5901 2881 5959 τινά,
2913 5907 3014 5948 tres
3064 5903 3126 5952 ὡς
3163 5899 3388 5963 ἐμπορίαν
3413 5897 3532 5963 τινά.
3559 5895 3774 5963 ιἰτειγαυε

2107 5970 2255 6016 leclin
2273 5965 2510 6026 quadrare
2540 5961 2714 6011 00:09:.
2748 5964 2768 6000 d
2799 5963 2931 6010 Unus
2955 5963 3034 6023 μία
3061 5964 3109 6010 δὲ
3133 5965 3158 6017 ἡ
3186 5961 3370 6026 impegi:
3433 5961 3609 6026 .110er
3633 5962 3778 6019 αὐτὴν

2140 6023 2303 6079 παντες
2329 6030 2510 6087 ὰξῶσιν
2545 6030 2755 6086 ιρμονίαιυ
2781 6027 2859 6071 καὶ
2881 6026 3163 6084 ουιισωκέαν
3245 6027 3263 6052 ε’
3291 6023 3420 6083 Usu,
3447 6023 3604 6070 παθῶν
3632 6041 3774 6073 λατα-

2480 6088 2508 6133 q
2546 6093 2652 6137 mm
2681 6092 2726 6137 in
2774 6086 3060 6148 quibL‘b'hm
3085 6100 3196 6135 mss.

2107 6049 2134 6076 α

2108 6093 2250 6146 θέλγε·
2279 6093 2358 6155 ἧρμ
2375 6091 2438 6144 ὗς.
