4076 6534
198 501 293 556 ’ὶ85

206 625 346 670 ritum
374 615 696 681 acceperant
727 621 830 662 non
859 604 1284 666 docebant.cum
1302 597 1518 670 Apollo,
1537 593 1626 665 qui
1650 608 1775 647 non-

205 706 316 758 dum
337 709 636 770 acceperat,
656 697 907 753 doceret?
930 695 1065 763 Quia
1091 708 1196 748 non
1213 700 1366 748 erant
1390 689 1461 742 ita
1486 685 1774 745 ferventes,

209 807 296 848 nec
318 791 538 847 instituti
569 805 582 840 :
613 790 701 843 ille
741 802 868 842 vero
889 794 945 841 et
970 786 1244 840 institutus
1272 788 1389 836 erat
1409 788 1466 833 et
1489 774 1780 831 admodum

210 887 424 938 fervens.
451 880 578 935 Mihi
601 888 779 934 autem
809 876 1019 932 videtur
1042 875 1259 931 multam
1293 872 1345 926 in
1377 869 1492 924 viro
1522 866 1689 922 fuisse
1710 862 1785 918 di-

212 977 352 1031 cendi
398 973 718 1028 libertatem.
749 966 874 1024 Sed
924 968 1024 1023 etsi
1071 972 1318 1020 accurate
1361 961 1671 1030 loqueretur
1717 953 1786 1009 de

212 1069 346 1130 lcsu,
392 1063 726 1120 accuratiore
759 1070 936 1116 tamen
962 1059 1207 1116 doctrina
1245 1069 1379 1125 Opus
1407 1049 1632 1106 habebat
1666 1065 1679 1101 :
1707 1047 1787 1102 sic

212 1161 300 1214 (ιι.ςὶ
327 1173 429 1213 non
457 1155 636 1212 omnia
663 1155 846 1217 sciret,
876 1168 941 1207 ex
967 1151 1178 1206 fervore
1205 1144 1509 1201 attraheliat
1527 1138 1785 1211 Spiritum

211 1263 462 1315 sanctum,
496 1247 731 1302 utetiam
761 1245 1062 1301 Cornelius.
1098 1240 1348 1294 Fortasse
1387 1233 1537 1288 multi
1579 1230 1788 1286 deside-

212 1349 341 1404 rant,
367 1340 569 1392 utinam
595 1336 759 1392 etiam
791 1347 930 1388 nunc
975 1338 1118 1386 esset
1141 1326 1365 1384 Joannis
1393 1322 1691 1392 baptisma!
1723 1321 1792 1371 At

215 1431 353 1484 nmlti
383 1429 636 1483 virtutem
677 1423 1042 1494 negligercnt;
1073 1429 1126 1474 et
1157 1418 1298 1473 forte
1338 1415 1652 1470 crederetur
1690 1409 1792 1464 sin-

213 1522 354 1590 gulos
382 1530 600 1592 propter
632 1519 752 1578 hoc.
779 1531 883 1570 non
907 1522 1126 1585 prOpter
1154 1524 1378 1580 regnum
1407 1505 1659 1561 cmlornm
1689 1501 1795 1592 vir-

214 1591 584 1670 tutemiadire.
612 1609 864 1677 Alioquin
909 1615 1092 1661 autem
1134 1601 1284 1656 multi
1332 1605 1516 1654 essent
1558 1591 1794 1666 pseudo-

217 1705 482 1778 propheke
506 1745 522 1770 ,
553 1716 654 1758 nee
704 1709 888 1770 postea
930 1698 1020 1768 qui
1066 1693 1275 1766 probati
1321 1699 1546 1755 essent,
1571 1685 1794 1778 multum

215 1777 564 1868 apparerent,
610 1807 711 1847 nec
743 1791 882 1846 beati
915 1789 1334 1858 praedicarentur
1363 1783 1452 1852 qui
1487 1779 1645 1835 fidem
1677 1777 1797 1832 sim-

218 1887 415 1957 pliciter
441 1883 798 1953 susciperent.
827 1879 897 1936 Ut
922 1893 1051 1949 ergo
1077 1876 1176 1944 Qui
1217 1891 1318 1929 non
1359 1873 1591 1928 viderunt
1621 1877 1666 1923 ct
1693 1883 1801 1921 crc—

220 1979 469 2044 diderunt,
492 1975 624 2030 beati
649 1983 764 2030 sunt
785 1971 966 2044 (Joan.
998 1970 1090 2026 20.
1120 1968 1240 2036 29),
1269 1968 1347 2022 sic
1373 1964 1462 2036 qui
1490 1963 1607 2018 sine
1635 1958 1802 2029 signis

219 2069 576 2133 crediderunt,
608 2067 770 2121 beati.
802 2065 898 2121 Dic
923 2063 1069 2119 enim
1096 2061 1226 2117 mihi
1251 2103 1265 2125 ,
1292 2074 1474 2113 annon
1506 2055 1802 2126 exprobra-

221 2161 305 2216 bat
327 2159 573 2215 Christus
597 2156 817 2220 Judaiis,
847 2154 1032 2210 dicens
1060 2173 1072 2207 :
1108 2151 1226 2206 Nisi
1253 2151 1401 2221 signa
1430 2147 1674 2210 videritis,
1705 2159 1805 2196 non

220 2253 424 2308 credetis
446 2249 632 2323 (Joan.
655 2250 708 2303 ι.
740 2247 873 2318 48)ἳ
900 2245 1083 2317 Itaque
1113 2244 1243 2298 nihil
1267 2243 1391 2296 hinc
1413 2239 1568 2294 nobis
1600 2235 1804 2298 damni,

220 2345 263 2398 si
292 2342 442 2398 nobis
486 2340 766 2396 attendere
803 2339 1150 2394 voluerimus.
1200 2334 1373 2404 Caput
1422 2331 1686 2387 bonorum
1720 2329 1804 2382 ha-

224 2437 402 2490 bemus
429 2449 526 2503 per
556 2433 876 2502 baptismum
911 2449 923 2484 :
952 2437 1294 2501 peccatorum
1333 2425 1704 2482 remissionem
1729 2436 1812 2476 ac-

223 2527 479 2596 cepimus,
509 2522 983 2579 sanctilicationem
1011 2564 1026 2588 ,
1056 2520 1288 2590 Spiritus
1316 2516 1807 2590 participationem,

224 2618 561 2686 adeptionem
587 2655 604 2683 ,
639 2615 801 2669 vitam
832 2623 1110 2669 mteruam.
1145 2611 1282 2680 Quid
1329 2609 1560 2680 amplius
1606 2605 1813 2662 vultis?

227 2710 409 2779 signa?
435 2705 543 2763 Sed
587 2714 951 2761 cessaverunt.
983 2704 1168 2759 Fidem
1205 2701 1393 2768 habes,
1413 2713 1563 2770 spem
1584 2739 1601 2766 ,
1623 2697 1816 2753 carita-

227 2808 351 2866 tem,
378 2814 500 2868 qua:
527 2807 778 2851 manent:
812 2796 925 2850 base
951 2809 1153 2864 qumre,
1191 2793 1307 2849 haec
1350 2790 1519 2862 signis
1560 2797 1685 2844 sunt
1713 2802 1819 2843 ma-

226 2891 359 2958 jora.
391 2889 533 2944 Nihil
562 2903 659 2959 par
683 2889 925 2952 caritati;
954 2887 1128 2959 Major
1164 2887 1388 2942 omnium
1415 2891 1486 2940 cst
1510 2883 1700 2937 caritas
1721 2881 1739 2949 (
1763 2881 1814 2940 1.

230 2981 344 3036 Cor.
367 2982 455 3037 15.
490 2982 607 3050 15),
641 2981 834 3051 inquit.
859 2980 1014 3036 Nunc
1044 2994 1173 3035 vero
1216 2977 1411 3034 caritas
1441 2975 1774 3046 periclitatur
1803 2989 1816 3025 :

233 3074 398 3129 solum
437 3074 636 3146 quippe
671 3087 866 3129 nomen
916 3073 1032 3143 ejus
1074 3073 1319 3128 relictum
1366 3077 1486 3137 est,
1516 3081 1653 3138 opus
1693 3079 1822 3121 vero

235 3180 517 3236 nusquam,
549 3167 643 3220 sed
672 3164 829 3219 divisi
858 3179 1045 3219 sumus
1071 3164 1210 3217 inter
1240 3177 1359 3216 nos.

301 3257 354 3312 3.
395 3255 598 3312 Caritas
622 3256 863 3310 amicitia:
883 3255 1137 3310 vinculum
1160 3293 1175 3318 ,
1207 3262 1252 3306 et
1278 3249 1648 3318 discipulorum
1677 3246 1824 3301 Clari—

238 3351 298 3405 ui
325 3358 532 3404 usura.
562 3376 636 3389 ——
662 3348 799 3416 Quid
831 3348 992 3417 igitur
1018 3345 1284 3418 agendum
1316 3352 1373 3400 ut
1405 3341 1827 3398 connectamur‘!

239 3453 358 3494 nam
384 3437 784 3510 reprehendere
812 3438 966 3494 facile
995 3446 1112 3500 est,
1143 3436 1236 3491 sed
1267 3436 1368 3490 hoc
1397 3432 1675 3489 dimidium
1707 3442 1827 3485 tan-

240 3538 369 3584 tum.
417 3529 600 3600 Itaque
650 3528 1058 3584 monstrandum
1099 3537 1220 3592 est,
1267 3524 1539 3597 quomodo
1587 3532 1831 3578 uectatur

242 3620 470 3676 amicitia
500 3640 514 3676 :
548 3621 651 3676 hoc
679 3622 820 3674 enim
853 3619 1149 3675 curandum
1181 3617 1452 3688 quomodo
1479 3615 1720 3670 membra
1750 3614 1832 3669 di-

243 3711 385 3766 vulsa
407 3719 814 3767 eonnectamus.
845 3709 1030 3780 Neque
1059 3710 1162 3765 hoc
1189 3718 1393 3764 tantum
1421 3706 1733 3776 quaerimus,
1763 3719 1833 3758 an

246 3816 400 3857 unam
433 3801 729 3858 Ecclesiam
780 3802 864 3856 vel
915 3817 1080 3856 unum
1134 3800 1328 3871 dogma
1377 3798 1708 3860 habeamus;
1739 3794 1832 3849 sed

245 3893 347 3949 hoc
371 3909 533 3964 grave
559 3903 662 3960 est,
686 3894 826 3964 quod
852 3908 970 3949 cum
1013 3895 1064 3948 in
1106 3893 1225 3948 aliis
1267 3901 1451 3947 mutuo
1476 3889 1836 3946 communice-

249 4001 406 4049 mus,
460 3985 514 4040 in
565 3986 882 4040 necessariis
932 4000 1038 4039 non
1089 3985 1580 4046 communicemus,
1613 3989 1668 4036 ct
1713 3995 1834 4034 cum

248 4075 493 4129 omnibus
526 4090 707 4144 pacem
735 4075 1016 4139 habentes,
1043 4075 1181 4129 inter
1210 4089 1309 4129 nos
1335 4072 1736 4129 dissentiamus.
1760 4070 1838 4126 Ne

251 4165 387 4219 enim
413 4207 428 4229 ,
452 4165 598 4236 quod
631 4182 736 4219 non
768 4167 1008 4236 quotidie
1046 4181 1250 4236 pugnas
1281 4179 1593 4220 moveamus
1618 4205 1632 4230 ,
1662 4162 1835 4217 consi-

251 4254 417 4317 dera,
449 4255 545 4310 sed
575 4255 715 4326 quod
758 4257 1023 4312 sinceram
1082 4267 1135 4313 et
1181 4255 1510 4311 immobilem
1561 4255 1838 4309 caritatem

253 4363 356 4400 non
387 4347 667 4402 habemus.
700 4348 1060 4418 Ligamiuibus
1091 4363 1226 4419 Opus
1255 4358 1337 4404 est
1377 4358 1431 4402 et
1459 4348 1596 4401 olco.
1628 4347 1841 4415 Cogitc-
1895 4368 1902 4371 -

254 4452 368 4491 mus
394 4439 675 4492 caritatem
722 4447 978 4493 tesseram
1022 4454 1143 4494 esse
1189 4439 1572 4509 discipulorum
1600 4435 1838 4502 Christi,

253 4538 304 4581 et
332 4530 448 4584 sine
481 4531 570 4585 illa
600 4529 732 4584 nihil
765 4531 941 4586 valere
967 4531 1094 4597 alia,
1126 4546 1345 4600 remque
1372 4545 1490 4585 esse
1514 4531 1630 4584 sine
1660 4530 1843 4585 labore

254 4621 294 4672 si
322 4619 571 4676 velimus.
600 4620 774 4675 Etiam
801 4663 815 4686 ,
841 4622 1049 4691 inquies
1071 4663 1086 4688 ,
1120 4622 1232 4677 haec
1272 4623 1556 4686 novimus;
1586 4621 1678 4676 sed
1707 4637 1840 4690 quo-

254 4711 412 4764 modo
456 4711 507 4766 id
538 4723 684 4768 recte
709 4714 964 4783 geretur?
986 4714 1264 4780 Quomodo
1295 4714 1427 4768 lict?
1451 4712 1722 4783 quomodo
1745 4726 1844 4766 nos

255 4813 439 4859 mutuo
464 4805 793 4875 diligemus?
824 4806 1004 4861 Primo
1033 4823 1094 4861 ea
1120 4848 1134 4870 ,
1158 4822 1275 4876 qua:
1300 4807 1576 4861 earitatem
1606 4807 1802 4860 tollunt
1827 4847 1840 4870 ,

255 4895 319 4949 de
347 4895 529 4950 medio
559 4897 894 4965 abjiciamus,
921 4907 975 4953 et
1003 4908 1125 4952 tunc
1149 4898 1294 4952 illam
1317 4906 1612 4952 statuemus
1642 4916 1655 4951 :
1685 4912 1845 4951 nemo

256 4988 323 5042 sit
361 4989 681 5058 injuriarum
713 5005 941 5056 memor,
975 5005 1133 5044 nemo
1160 4989 1389 5051 invidus,
1420 5005 1579 5045 nemo
1608 4990 1658 5043 in
1690 4988 1847 5043 malis

256 5080 526 5147 gaudeat:
575 5080 691 5134 haec
746 5081 1085 5137 dilectionem
1136 5082 1449 5151 impediunt.
1501 5081 1617 5136 Alia
1665 5089 1845 5135 autem

255 5182 377 5225 sunt
399 5211 415 5236 ,
445 5183 567 5242 qum
596 5185 715 5225 eam
747 5173 998 5227 exhibent
1028 5192 1041 5227 :
1074 5189 1176 5227 non
1204 5174 1346 5228 enim
1389 5171 1589 5227 sufficit
1617 5186 1736 5240 qua:
1780 5171 1845 5225 il-

259 5261 357 5314 lam
389 5262 688 5332 impediunt
719 5264 925 5328 tollere,
954 5264 1046 5319 sed
1078 5265 1236 5320 etiam
1265 5281 1383 5334 quae
1423 5266 1567 5318 illam
1590 5272 1844 5328 statuant,

258 5363 379 5405 sunt
403 5352 761 5408 ostendenda.
790 5355 975 5410 Siracli
1003 5371 1129 5425 ergo
1157 5356 1305 5421 dicit,
1333 5372 1395 5411 ea
1426 5371 1546 5427 quae
1576 5357 1718 5410 illam
1751 5357 1849 5409 tol-

260 5440 392 5507 lunt,
416 5453 471 5497 et
497 5458 608 5498 non
638 5447 700 5500 ea
730 5461 848 5514 qum
874 5448 1195 5511 conciliant,
1229 5447 1700 5518 exprobraiionem
1730 5462 1850 5502 esse

258 5535 574 5605 atmysterii
620 5537 999 5590 revelatiouem
1030 5548 1082 5592 ct
1119 5539 1323 5608 plagam
1368 5540 1608 5594 dolosam
1641 5541 1658 5609 (
1687 5538 1846 5592 Eccli.

256 5624 344 5678 9'3.
373 5626 442 5680 27
472 5628 511 5697 ).
539 5627 645 5681 Sed
675 5628 779 5682 illis
811 5639 995 5698 utpote
1020 5630 1321 5685 carnalibus
1353 5633 1543 5686 merito
1577 5631 1696 5685 talia
1730 5646 1838 5698 pro-

262 5718 474 5772 teniuut
498 5737 509 5783 ;
538 5719 693 5773 nobis
721 5729 924 5782 autem,
949 5721 1086 5773 absit
1117 5739 1128 5773 :
1163 5736 1268 5776 non
1298 5721 1364 5775 ab
1393 5721 1476 5775 his
1504 5738 1596 5775 vos
1629 5721 1848 5776 indnec-

262 5825 394 5872 lllllS,
425 5812 519 5866 sed
553 5812 622 5867 ab
649 5813 788 5867 aliis.
820 5811 958 5866 Nihil
993 5813 1145 5866 nobis
1191 5822 1270 5868 est
1310 5813 1439 5868 utile
1486 5814 1685 5880 alisque
1716 5811 1849 5866 dile-

270 5903 449 5957 ‘tione.
514 5906 635 5960 Sint
682 5905 846 5960 millia
901 5905 1037 5960 bona
1089 5924 1095 5956 ;
1155 5908 1277 5974 quid
1335 5907 1454 5964 inde
1504 5903 1681 5960 lucri?
1727 5904 1845 5961 Sint

1185 487 1252 543 IN
1295 482 1475 540 ACTA
1519 476 1820 534 APOSTOL

1931 474 2046 531 UM.
2092 472 2320 527 llOSllL.
2361 469 2470 525 XL.
3382 466 3492 518 '13:}

1888 591 2110 653 divitum,
2144 590 2250 643 sint
2279 587 2488 644 delicia:
2518 586 2720 656 alisiluc
2747 585 2934 641 amicis
2969 602 2982 638 :
3015 584 3143 655 quid
3188 584 3312 639 hinc
3344 585 3459 638 utili

1889 682 2050 736 tatis?
2080 679 2232 735 Nulla
2265 678 2537 750 possessio
2564 678 2724 732 etiam
2756 677 2808 730 in
2860 677 3212 732 sarcularihus
3237 675 3338 732 hac
3369 676 3490 744 pul-

1887 774 2088 839 chrior,
2117 782 2175 827 ut
2203 772 2335 827 nihil
2378 770 2612 826 inimicis
2643 769 2924 824 molestius
2957 778 3058 824 est.
3093 767 3294 824 Caritas
3333 769 3496 837 operit

1889 866 2266 921 multitudinem
2313 873 2633 934 peccatorum
2687 862 2705 933 (
2734 863 2783 916 l.
2814 860 2930 917 Pet.
2964 862 3017 917 ιι.
3049 860 3161 933 8);
3211 861 3490 915 inimicitia

1890 968 2069 1011 autem
2100 957 2258 1011 ctiam
2288 971 2371 1021 ea,
2405 970 2526 1024 qua:
2554 970 2660 1008 non
2690 962 2835 1021 sunt,
2869 952 3195 1021 suspicatur.
3224 952 3338 1007 Non
3377 951 3491 1006 snf~

1893 1049 2003 1102 ficit
2047 1063 2153 1102 non
2191 1061 2311 1102 csse
2342 1046 2618 1101 inimicum
2651 1086 2666 1111 ,
2694 1043 2791 1100 sed
2831 1052 3046 1114 oportet
3075 1045 3239 1099 etiam
3289 1057 3496 1097 amare.

1891 1138 2078 1210 Cogita
2103 1139 2156 1194 id
2185 1139 2454 1194 Christum
2481 1138 2733 1208 jussisse,
2763 1147 2818 1193 et
2843 1136 2946 1192 hoc
2975 1134 3194 1192 suflicil.
3227 1136 3398 1190 Etiam
3421 1134 3501 1190 af-

1896 1230 2062 1286 ﬂictio
2089 1231 2355 1285 amicitias
2387 1230 2513 1285 facit
2536 1239 2590 1285 et
2619 1229 2854 1301 copulat.
2886 1227 3025 1296 Quid
3058 1227 3237 1299 igitur,
3264 1226 3497 1298 inquies,

1897 1338 2059 1390 nunc,
2091 1339 2211 1378 cum
2247 1322 2465 1378 afﬂictio
2496 1339 2601 1378 non
2631 1322 2749 1378 est?
2774 1321 3044 1394 quomodo
3073 1321 3278 1377 erimus
3305 1319 3499 1375 amici?

1899 1417 2092 1471 Annon
2123 1416 2258 1471 alios
2290 1414 2500 1471 habetis
2541 1415 2779 1483 amicos,
2807 1415 3032 1486 qua'so?
3061 1414 3334 1485 quomodo
3378 1414 3501 1469 illo-

1900 1521 2018 1562 rum
2089 1508 2220 1562 estis
2267 1507 2466 1561 amici?
2519 1506 2792 1577 quomodo
2839 1506 3233 1578 perseveratis?
3280 1504 3500 1561 Interim

1903 1611 2061 1653 nemo
2092 1597 2367 1653 inimicum
2399 1597 2627 1665 habeat;
2659 1613 2764 1654 non
2807 1598 3017 1656 esthoc
3068 1613 3255 1669 parum
3291 1617 3304 1651 :
3347 1613 3507 1654 nemo

1904 1690 2175 1758 invideat;
2226 1706 2333 1746 non
2376 1691 2502 1746 licet
2548 1706 2656 1746 non
2703 1690 2944 1746 invidum
3004 1705 3278 1746 accusare.
3329 1689 3508 1746 Unum

1908 1784 2206 1840 habitamus
2254 1784 2443 1842 orbem
2491 1785 2930 1853 omnes,iisdem
2976 1785 3173 1840 alimur
3225 1784 3505 1839 fructibus.

1906 1875 2012 1930 Sed
2057 1875 2173 1932 inec
2197 1892 2358 1947 parva
2387 1886 2512 1932 sunt
2544 1896 2555 1931 :
2584 1877 2770 1933 iisdem
2803 1877 3076 1950 mysteriis
3095 1917 3109 1943 ,
3135 1876 3324 1932 eadem
3353 1877 3512 1948 Spiri.

1908 1967 2038 2022 tuali
2090 1982 2211 2023 esca
2262 1966 2508 2024 fruimur.
2557 1969 2684 2025 llaec
2728 1984 2860 2026 sane
2911 1970 3163 2024 amicitia:
3189 1970 3311 2040 jura
3364 1979 3512 2024 sunt.

1908 2058 2191 2125 Quomodo
2222 2061 2383 2130 igitur
2407 2103 2423 2128 ,
2453 2061 2663 2131 inquies
2687 2104 2702 2127 ,
2733 2061 3004 2118 ferventer
3043 2061 3223 2116 affecti
3265 2059 3515 2116 erimus?

1910 2151 2047 2220 Quid
2088 2150 2215 2207 facit
2241 2167 2526 2223 corporum
2571 2152 2860 2207 amorem?
2887 2150 3143 2222 Corporis
3175 2151 3369 2207 forma.
3415 2151 3517 2206 Ita-

1913 2259 2018 2315 que
2046 2253 2102 2300 et
2119 2244 2330 2300 animas
2359 2244 2625 2300 formosas
2647 2243 2969 2308 efﬁciamus,
2993 2244 3304 2313 erimusque
3332 2253 3519 2297 mutuo

1914 2345 2183 2394 amatores
2208 2356 2221 2392 :
2253 2351 2358 2393 non
2388 2347 2600 2408 oportet
2629 2338 2770 2391 enim
2800 2338 2973 2391 solum
3004 2350 3209 2399 amare,
3241 2335 3337 2390 sed
3355 2335 3519 2390 etiam

1916 2429 2104 2484 amari.
2127 2429 2308 2485 Primo
2326 2427 2378 2484 id
2395 2443 2768 2498 assequamur,
2792 2438 2851 2483 ut
2872 2443 3137 2496 amemur,
3157 2435 3212 2483 ct
3229 2426 3354 2482 illud
3377 2425 3523 2481 aliud

1920 2521 2071 2577 facile
2102 2523 2226 2577 erit.
2254 2520 2537 2590 Quomodo
2562 2522 2730 2576 amari
2760 2521 3093 2592 poterimus?
3115 2520 3297 2576 Simus
3317 2519 3524 2589 pulchri

1919 2623 1973 2669 et
2001 2611 2150 2678 boni,
2177 2623 2231 2669 ct
2260 2613 2364 2670 hoc
2389 2613 2760 2683 operabimur,
2794 2623 2853 2667 ut
2879 2627 3095 2684 semper
3121 2621 3393 2667 amatores
3424 2611 3522 2664 ha-

1922 2704 2164 2760 beamus.
2189 2704 2361 2760 Nemo
2388 2705 2458 2760 ita
2488 2713 2641 2760 curet
2667 2704 2922 2775 pecunias
2963 2704 3262 2775 possidere,
3292 2705 3376 2760 vel
3405 2718 3523 2759 scr-

1922 2811 2039 2861 vos,
2071 2796 2154 2852 vel
2181 2796 2396 2863 domos,
2427 2806 2484 2851 ut
2512 2796 2705 2863 amari,
2738 2805 2799 2851 ut
2830 2797 3028 2852 bonum
3073 2795 3276 2852 habere
3302 2810 3523 2851 nomen.

1927 2885 2115 2942 Melius
2139 2896 2211 2941 est
2235 2904 2440 2952 nomen,
2467 2904 2622 2958 quam
2639 2887 2833 2942 divitia
2854 2889 3030 2942 multa!
3057 2887 3078 2958 (
3110 2887 3266 2942 Prov.
3299 2888 3392 2943 Ἡ.
3425 2888 3449 2942 l
3488 2891 3527 2957 ).

1929 2977 2062 3033 Illud
2089 2979 2234 3034 enim
2263 2987 2465 3044 manet,
2498 2978 2580 3034 hae
2601 2987 2831 3049 pereunt
2858 2997 2871 3032 :
2901 2989 2955 3034 et
2983 2978 3114 3034 illud
3139 2978 3400 3050 possideri
3429 2995 3528 3050 po-

1931 3077 2054 3136 test,
2079 3069 2162 3124 ha:
2184 3085 2314 3125 vero
2347 3070 2592 3125 minime.
2621 3068 2754 3125 Nam
2786 3070 2875 3140 qui
2901 3071 3096 3124 malam
3121 3069 3283 3126 habet
3311 3069 3530 3134 famam,

1931 3161 2018 3216 vix
2070 3161 2212 3216 illam
2266 3171 2521 3218 excutere
2567 3160 2800 3232 poterit;
2846 3177 3052 3232 pauper
3083 3176 3212 3218 vero
3251 3177 3282 3218 a
3313 3163 3535 3219 nomine

1931 3255 2040 3310 cito
2067 3254 2219 3312 dives
2255 3255 2379 3311 erit.
2403 3255 2484 3312 Sit
2512 3257 2631 3326 quis
2678 3255 2816 3312 dena
2863 3255 3029 3311 millia
3062 3257 3262 3311 talenta
3294 3256 3500 3312 habens
3523 3297 3536 3320 ,

1933 3347 2070 3403 alius
2097 3361 2231 3404 vero
2274 3348 2478 3404 amicos
2508 3354 2724 3402 centum
2760 3363 2774 3400 :
2808 3346 2896 3402 hic
2923 3346 3018 3402 illo
3059 3346 3367 3417 opulentior
3410 3346 3538 3402 erit.

1936 3437 2013 3494 Ne
2062 3438 2221 3507 igitur
2261 3439 2365 3494 hoc
2407 3439 2580 3494 obiter
2619 3453 2894 3505 curemus,
2924 3438 3020 3494 sed
3063 3438 3215 3509 quasi
3246 3437 3538 3508 quamdam

1936 3530 2316 3585 abundantiam
2340 3531 2357 3562 ⁸
2383 3545 2708 3602 qummmus.
2742 3530 2811 3586 Et
2849 3530 3123 3601 quomodo
3147 3571 3162 3597 ,
3207 3531 3414 3602 inquit,
3443 3546 3540 3599 po-

1940 3621 2197 3676 terimus?
2223 3621 2378 3677 Fatis
2399 3621 2565 3677 dulcis
2591 3621 2895 3693 multiplicat
2916 3623 3127 3688 amicos,
3155 3631 3202 3677 ct
3223 3623 3403 3693 lingua
3424 3638 3548 3692 grao

1942 3714 2070 3768 tiora
2101 3717 2118 3783 (
2143 3714 2306 3769 Eccli.
2334 3715 2389 3770 6.
2423 3717 2518 3786 5).
2548 3716 2622 3771 Os
2647 3715 2787 3772 bene
2835 3716 3062 3785 loquens
3096 3715 3467 3786 possideamus
3494 3727 3548 3769 et

1944 3819 2121 3860 mores
2145 3820 2329 3876 puros.
2357 3805 2474 3861 Non
2509 3815 2687 3877 potest
2715 3807 2884 3880 latere
2915 3809 3003 3878 qui
3034 3808 3112 3864 sic
3141 3807 3366 3863 affectus
3396 3818 3498 3862 eSt.

2013 3895 2067 3950 4.
2118 3896 2251 3950 Vide
2297 3907 2493 3966 quanta
2522 3900 2723 3953 amoris
2751 3898 2959 3954 vincula
3011 3899 3222 3954 externi
3270 3899 3547 3969 excogita-

1945 3989 2094 4042 rint:
2125 3988 2509 4059 adoptionem,
2554 3990 2845 4056 viciniam,
2901 3993 3270 4062 cognationes.
3314 3992 3418 4048 Sed
3468 3992 3551 4048 his

1944 4079 2192 4135 omnibus
2225 4091 2409 4136 nostra
2438 4091 2563 4137 sunt
2611 4084 2815 4154 majora
2853 4103 2866 4138 :
2899 4085 3014 4140 lnec
3046 4100 3232 4140 mensa
3267 4086 3549 4142 venerabi-

1945 4173 2066 4228 lior.
2094 4173 2246 4229 Multi
2274 4185 2456 4232 autem
2502 4191 2568 4232 ex
2614 4177 2699 4242 iis,
2754 4179 2846 4247 qui
2878 4178 3183 4235 accedimus
3204 4221 3219 4243 ,
3249 4197 3423 4250 neque
3452 4195 3552 4237 nos

1949 4277 2132 4322 mutuo
2156 4269 2557 4325 novimus.Hoc
2582 4270 2871 4326 multitudo
2901 4273 3045 4335 facit,
3079 4273 3310 4344 inquies.
3339 4274 3550 4344 Nequa-

1948 4375 2127 4429 quam,
2157 4360 2252 4416 sed
2305 4362 2513 4432 ignavia
2543 4372 2748 4417 nostra.
2790 4363 2897 4419 Ter
2945 4365 3125 4427 inille,
3176 4375 3231 4421 et
3261 4366 3549 4437 quinquies

1951 4453 2097 4507 mille
2126 4463 2283 4508 crant
2308 4455 2404 4520 illi,
2439 4464 2492 4510 et
2522 4469 2714 4510 omnes
2744 4455 3013 4511 habebant
3060 4457 3294 4512 animam
3339 4474 3501 4513 unam
3538 4478 3549 4512 :

1951 4558 2092 4598 nunc
2109 4552 2289 4599 autem
2317 4545 2511 4616 singuli
2541 4545 2759 4601 fratrem
2787 4563 2943 4603 suum
2973 4549 3241 4619 ignorant,
3273 4567 3370 4604 nec
3393 4553 3557 4620 pudet

1952 4650 2046 4689 eos
2078 4635 2474 4704 multitudinem
2502 4649 2825 4708 prmtexcre.
2870 4640 2968 4710 Qui
3000 4644 3197 4697 multos
3228 4644 3390 4700 habet
3420 4647 3554 4700 ami-

1951 4742 2064 4794 eos,
2096 4729 2348 4786 omnibus
2377 4742 2460 4786 est
2485 4733 2937 4802 inexpugnabilis,
2979 4739 3170 4807 quovis
3193 4748 3422 4809 tyranno
3452 4740 3558 4794 for~

1956 4820 2080 4874 lior.
2111 4819 2225 4875 Non
2251 4821 2324 4875 ita
2356 4821 2506 4877 illum
2527 4824 2691 4878 alium
2717 4826 2999 4894 satellites,
3034 4839 3089 4882 ut
3115 4831 3254 4883 hunc
3282 4833 3438 4887 amici
3463 4849 3557 4886 eu-

1955 4911 2196 4967 Stodiuut
2223 4929 2236 4965 :
2259 4913 2452 4984 hicque
2474 4915 2673 4969 clarior
2693 4916 2784 4971 illo
2801 4929 2878 4973 οδε
2895 4957 2908 4970 .
2930 4919 3024 4974 Illo
3053 4935 3285 4991 namque
3307 4937 3335 4975 a
3358 4927 3556 4991 servis,

1958 5004 2043 5058 hic
2073 5007 2140 5060 ab
2169 5007 2465 5075 mqualibus
2486 5009 2788 5065 custoditur
2813 5029 2824 5064 ε
2860 5011 2950 5066 ille
2972 5013 3040 5065 ah
3069 5013 3248 5070 invitis
3283 5023 3339 5071 et
3367 5018 3557 5074 timcn-

1959 5099 2119 5160 tibus,
2150 5098 2236 5153 hic
2276 5115 2304 5152 a
2338 5101 2647 5156 lubentibus
2695 5118 2795 5158 nec
2831 5107 3235 5172 metuentibus;
3269 5108 3560 5179 ridereque

1957 5201 2040 5244 est
2067 5205 2180 5245 rem
2208 5193 2397 5245 miram
2419 5233 2432 5256 ,
2469 5193 2521 5246 in
2568 5194 2751 5247 multis
2790 5210 2976 5261 unum,
3009 5206 3066 5251 et
3097 5198 3146 5250 in
3189 5196 3295 5254 nilo
3340 5202 3554 5257 multos.

1960 5285 2132 5354 Atque
2163 5294 2218 5338 ut
2241 5285 2292 5339 in
2319 5285 2526 5340 cithara
2554 5286 2760 5342 diversi
2792 5288 2910 5342 soni
2949 5299 3093 5355 sunt,
3120 5307 3224 5345 una
3257 5308 3388 5348 vero
3411 5309 3558 5366 sym-

1961 5379 2179 5447 phonia,
2207 5393 2453 5448 unusque
2478 5380 2718 5434 musicus
2745 5381 2833 5451 qui
2863 5381 3123 5437 citharam
3153 5385 3328 5452 pulsat
3355 5405 3365 5438 :
3396 5387 3466 5441 ita
3509 5401 3563 5444 et

1963 5470 2047 5523 hic
2079 5487 2090 5523 :
2120 5469 2326 5524 cithara
2352 5470 2568 5540 quidem
2587 5481 2668 5525 est
2688 5473 2902 5533 caritas,
2928 5475 3044 5530 soni
3076 5489 3206 5528 vero
3233 5477 3393 5531 verba
3421 5481 3560 5532 eari-

1963 5568 2067 5613 tate
2092 5560 2272 5629 plena,
2305 5559 2432 5615 dum
2461 5576 2651 5617 omnes
2678 5563 2835 5618 simul
2860 5579 3019 5618 uuam
3060 5566 3413 5636 eamdemque
3437 5568 3557 5623 har-

1965 5652 2195 5704 moniam
2226 5662 2278 5705 et
2300 5654 2681 5723 symphoniam
2712 5654 2981 5720 efliciunt;
3021 5657 3261 5712 musicus
3286 5671 3560 5715 autemest

1962 5742 2200 5795 raritatis
2230 5744 2399 5798 virtus
2437 5764 2446 5797 :
2482 5745 2593 5814 ipsa
2630 5746 2791 5800 dulce
2822 5747 2991 5800 melos
3014 5747 3208 5815 pulsat.
3232 5749 3436 5804 Vellem
3471 5767 3563 5807 vos

2030 5857 2056 5928 '_
2083 5855 2176 5904 Alii
2204 5855 2394 5928 legunt,
2419 5858 2812 5919 tn'gotirtlionrm,
2836 5875 2938 5926 pro,
2960 5861 3321 5912 ubumltmtium.
3353 5872 3566 5928 Utraque

1967 5916 2112 5968 lectio
2137 5916 2388 5980 quadrare
2405 5916 2582 5981 [ot—cst.
