4076 6476
594 406 696 463 ΞΞΠ

592 524 645 578 in
682 521 837 577 talem
883 515 1153 572 civitatem
1194 514 1425 577 ducere,
1456 512 1500 568 si
1534 511 1646 567 fieri
1674 518 1876 580 posset,
1911 509 1998 565 ubi
2034 522 2173 563 unus

590 621 732 669 esset
757 610 983 673 animus,
1008 618 1064 664 et
1079 606 1289 663 videres
1312 606 1381 660 ibi
1407 602 1779 675 symphoniam
1798 601 1941 656 omni
1963 600 2167 655 cithara

590 714 643 760 et
687 703 810 759 tibia
846 700 1169 767 suaviorem,
1200 696 1440 766 nihilque
1466 693 1655 749 absoni
1691 693 1998 749 habentem.
2040 692 2167 747 llaec

591 793 818 850 melodia
842 802 897 848 et
916 790 1135 862 angelos
1162 797 1215 845 et
1240 787 1553 858 angelorum
1580 785 1867 840 Dominum
1896 798 1958 839 ac
2000 783 2166 839 Deum

590 887 847 951 delectat;
874 884 987 938 hmc
1016 892 1181 937 totum
1208 881 1260 934 in
1283 878 1415 934 cmlo
1438 881 1704 933 theatrum
1726 876 1955 941 excitat;
1984 875 2097 929 haec
2115 884 2169 931 et

582 979 889 1033 daemonum
930 973 1163 1030 furorem
1185 970 1478 1042 compescit
1512 977 1567 1025 et
1602 968 1884 1025 affectuum
1911 968 2166 1037 impetum

587 1068 860 1125 demulcet
889 1068 927 1121 ¹.
962 1066 1086 1120 Eme
1132 1062 1362 1120 melodia
1396 1076 1500 1117 non
1547 1060 1707 1116 modo
1737 1059 1960 1115 affectus
1990 1058 2165 1125 sedat,

585 1161 683 1215 sed
716 1174 814 1215 nec
835 1171 1122 1227 exsurgere
1147 1156 1297 1222 sinit,
1332 1167 1687 1225 magnumque
1718 1152 1843 1206 facit
1870 1152 2162 1206 silentium.

584 1253 735 1309 Sicut
760 1250 901 1307 enim
932 1248 983 1303 in
1013 1249 1223 1304 theatro
1244 1246 1566 1301 musicorum
1584 1258 1772 1299 omnes
1800 1242 2021 1298 chorum
2042 1256 2163 1297 cum

583 1343 797 1399 silentio
826 1341 1069 1405 audiunt,
1094 1338 1375 1408 nullusque
1402 1337 1472 1392 ibi
1509 1336 1767 1407 tumultus
1788 1343 1902 1390 est:
1928 1335 2004 1389 sic
2027 1334 2165 1390 inter

583 1433 806 1500 amicos,
837 1432 1061 1487 caritate
1087 1431 1354 1501 pulsante,
1400 1443 1588 1484 omnes
1622 1427 1844 1483 affectus
1882 1426 2166 1498 quiescunt

583 1534 641 1583 et
672 1524 943 1590 sedantur,
980 1531 1039 1577 ut
1064 1522 1189 1577 ferte
1218 1520 1475 1576 demulsae
1500 1528 1551 1575 et
1572 1518 1857 1589 mitigatm;
1889 1519 2048 1584 sicut,
2072 1518 2163 1572 ubi

581 1618 877 1673 inimicitia:
905 1624 1050 1682 sunt,
1081 1614 1151 1670 ibi
1197 1614 1375 1669 omnia
1420 1621 1545 1669 sunt
1573 1615 1862 1669 contraria.
1893 1610 1998 1667 Sed
2028 1610 2163 1665 nihil

580 1713 687 1782 jam
727 1710 795 1765 de
827 1706 1101 1763 inimicitia
1136 1706 1449 1775 loquamur:
1482 1705 1551 1761 de
1577 1705 1812 1760 amicitia
1854 1713 2057 1759 tantum
2081 1703 2162 1757 di-

578 1819 780 1859 camus.
803 1800 1001 1872 Siquid
1029 1799 1369 1855 temerarium
1387 1798 1555 1863 dicas,
1580 1812 1737 1853 nemo
1768 1806 1849 1852 est
1874 1796 1961 1867 qui
1983 1795 2163 1851 insur-

577 1904 669 1967 gat
690 1896 741 1950 in
773 1904 848 1962 te,
872 1892 967 1949 sed
995 1906 1185 1947 omnes
1213 1891 1495 1960 ignoscunt
1519 1906 1534 1955 ;
1563 1891 1607 1945 si
1638 1890 1763 1961 quid
1792 1889 1974 1953 facias,
2004 1903 2161 1944 nemo

577 1986 898 2056 suspicatur,
938 1982 1030 2040 sed
1069 1996 1257 2053 magna
1286 1989 1368 2038 est
1414 1980 1738 2050 indulgentia
1766 2000 1777 2034 :
1803 1979 2012 2035 cadenti
2040 1995 2157 2032 om-

582 2093 679 2133 ni-s
710 2084 957 2148 prompte
1005 2088 1214 2129 manum
1243 2073 1558 2143 porrigunt;
1587 2085 1772 2126 omnes
1816 2072 1987 2141 ipsum
2019 2081 2161 2125 stare

576 2177 782 2225 curant.

650 2258 894 2314 Amicitia
916 2262 1047 2312 ratio
1082 2287 1153 2298 —
1184 2255 1364 2311 Murus
1395 2269 1517 2310 vere
1542 2255 1892 2310 inconcussus
1920 2262 1999 2309 est
2032 2254 2163 2308 ami-

576 2352 720 2418 citia,
745 2351 835 2421 qui
861 2365 961 2405 nec
985 2364 1013 2403 a
1044 2347 1260 2404 diabolo
1284 2347 1507 2417 capitur,
1539 2345 1733 2400 nedum
1755 2345 1821 2399 ab
1841 2345 2159 2399 hominibus.

576 2446 691 2501 Non
745 2452 919 2514 potest
971 2442 1023 2497 in
1070 2439 1309 2512 pericula
1368 2439 1602 2494 incidere
1624 2438 1712 2508 qui
1754 2438 1955 2491 amicos
1997 2436 2162 2491 habet

576 2537 772 2591 multos
802 2551 815 2589 :
844 2533 986 2588 nulla
1012 2532 1166 2588 adest
1213 2532 1309 2586 irae
1359 2530 1589 2591 occasio,
1619 2528 1713 2583 sed
1741 2528 2018 2583 suavitatis
2056 2538 2165 2580 tan-

578 2639 689 2684 tum
724 2646 738 2683 :
770 2628 821 2682 in
851 2626 961 2681 risu
992 2639 1204 2694 semper
1232 2632 1313 2678 est
1334 2637 1397 2679 ac
1419 2622 1627 2678 deliciis
1652 2638 1665 2674 :
1694 2621 1834 2675 nulla
1859 2621 1928 2675 ibi
1953 2619 2163 2673 invidiae

573 2720 805 2785 occasio,
838 2717 983 2772 nulla
1010 2715 1327 2785 injuriarum
1354 2713 1634 2769 memoria.
1666 2711 1816 2767 Ilunc
1834 2711 1956 2766 vide
1983 2720 2035 2765 et
2058 2711 2163 2775 sni-

579 2810 789 2867 ritualia
861 2818 915 2864 et
964 2806 1196 2863 carnalia
1260 2803 1416 2860 facile
1475 2804 1813 2873 dirigentem.
1856 2802 1989 2869 Quid
2041 2802 2162 2855 huic

576 2918 673 2974 par
697 2900 892 2956 fuerit?
917 2896 1013 2953 llic
1038 2906 1119 2951 est
1147 2911 1245 2951 ceu
1268 2895 1453 2950 civitas
1482 2893 1714 2964 undique
1743 2895 1912 2948 muris
1936 2894 2108 2948 cincta
2139 2908 2157 2958 ;

574 2997 662 3051 ille
696 3009 822 3049 vero
847 2992 983 3047 alius
1024 2990 1172 3061 quasi
1212 2988 1398 3044 civitas
1450 2988 1569 3043 sine
1600 2988 1783 3043 muris.
1816 2987 2019 3058 Magnte
2067 3002 2156 3042 sa-

571 3088 784 3157 pientia:
828 3094 932 3149 est,
966 3097 1125 3155 posse
1149 3082 1410 3137 amicitias
1435 3080 1746 3135 conciliare.
1778 3079 1931 3135 Tolle
1971 3082 2158 3135 amici-

573 3180 698 3232 tiam
724 3186 778 3231 et
804 3174 981 3230 omnia
1003 3172 1301 3239 sustuleris,
1332 3172 1509 3227 omnia
1531 3169 1858 3227 confuderis.
1892 3170 1945 3227 Si
1968 3180 2147 3226 autem

573 3269 819 3324 amicitia:
841 3267 1016 3336 imago
1042 3274 1237 3319 tantam
1265 3263 1368 3317 vim
1393 3262 1575 3329 habet,
1603 3262 1715 3331 ipsa
1742 3262 1940 3318 veritas
1959 3272 2156 3333 quanta

576 3360 716 3417 erit?
740 3357 955 3414 Amicos
981 3372 1109 3427 ergo
1152 3355 1305 3411 nobis
1351 3370 1621 3427 paremus,
1650 3356 1895 3423 obsecro,
1922 3364 1974 3411 et
2021 3354 2158 3411 hanc

572 3494 799 3608 ἀλῃΗῇ
822 3500 867 3546 et
888 3495 1144 3558 aﬂ'ectuunt
1155 3490 1382 3557 impetum
1404 3490 1660 3552 demulcet,
1685 3483 1867 3541 desdnt
1888 3492 1939 3543 in
1953 3492 2153 3555 quibus-

1291 400 1347 457 S.
1387 394 1662 455 JUANNlS
1686 393 2160 451 CllllYSOSTOMl
2188 394 2506 451 ARCHIEP.
2538 396 3065 457 CONSTANTINUP.

3758 405 3871 463 288

2278 518 2447 566 artem
2471 510 2643 582 quivis
2686 522 2957 567 exerceat.
2993 513 3060 567 Et
3085 526 3233 578 ecce,
3264 513 3490 583 inquies,
3531 530 3634 587 ego
3658 530 3869 583 conor;

2277 603 2367 658 ille
2396 618 2524 659 vero
2547 618 2649 658 non
2670 612 2839 659 curat.
2871 605 3039 676 Major
3071 606 3160 661 tibi
3189 622 3395 663 merces
3424 609 3502 664 sic
3520 610 3642 664 erit.
3664 610 3866 676 Etiam,

2274 694 2503 765 inquies,
2532 694 2627 749 sed
2653 709 2741 749 res
2771 704 2897 751 tunc
2944 695 3211 751 difficilior
3236 707 3336 753 est.
3370 698 3684 768 Quomodo,
3714 717 3864 772 qua:-

2272 787 2372 841 so?
2404 786 2541 842 Ecce
2573 787 2830 842 testificor
2845 797 2900 843 et
2925 787 3067 855 dico,
3098 804 3141 844 st
3167 790 3353 846 decem
3377 800 3582 848 tantum
3613 809 3711 851 vos
3730 810 3869 850 cono

2267 878 2564 950 jungeretis
2586 920 2601 944 ,
2656 888 2709 935 et
2733 894 2870 949 opus
2904 880 3228 952 praedicandi
3278 884 3416 938 sicut
3444 886 3674 955 apostoli
3707 885 3868 942 vobis

2271 971 2688 1038 eonstitueretis,
2718 980 2775 1027 et
2799 973 2937 1028 sicut
2966 973 3240 1043 propheta:
3287 975 3578 1042 docebant,
3606 978 3687 1034 sic
3717 980 3856 1034 ami-

2269 1076 2364 1117 cos
2392 1060 2567 1118 facere
2588 1062 2894 1128 studeretis,
2921 1078 3166 1135 magnam
3198 1064 3355 1119 vobis
3382 1066 3497 1123 fore
3523 1069 3861 1125 mercedem.

2269 1152 2464 1223 Regias
2505 1153 2657 1209 nobis
2688 1153 2949 1225 imagines
2978 1169 3267 1225 paremus:
3297 1154 3401 1211 hoc
3435 1158 3581 1213 enim
3621 1159 3863 1230 discipu-

2266 1244 2439 1301 lorum
2465 1246 2765 1317 symbolum
2796 1256 2897 1302 est.
2930 1246 3114 1302 Etcur
3143 1263 3248 1303 non
3275 1248 3447 1319 majus
3473 1251 3747 1321 quidpiam
3784 1253 3861 1307 fa-
3922 1248 3929 1253 ’

2266 1339 2457 1406 cimus,
2488 1352 2645 1407 quam
2676 1338 2720 1392 si
2746 1338 2899 1392 nobis
2938 1337 3241 1394 facultatem
3281 1343 3680 1413 acquireremus
3710 1360 3857 1399 mor-

2266 1438 2387 1483 tuos
2410 1428 2741 1484 suscitandi?
2769 1428 3022 1484 Diadema
3053 1439 3106 1485 et
3124 1445 3355 1501 purpura
3382 1446 3562 1503 regem
3582 1434 3859 1490 indicant:

2266 1521 2311 1575 si
2340 1522 2456 1575 hare
2486 1534 2593 1575 non
2623 1519 2821 1585 adsint,
2853 1521 3061 1576 etiamsi
3090 1536 3252 1575 aurea
3286 1523 3479 1579 habeat
3506 1526 3855 1589 vestimenta,

2267 1612 2504 1667 nondum
2541 1627 2635 1668 rex
2661 1612 3031 1668 manifestatus
3051 1623 3152 1668 est.
3176 1611 3251 1667 lta
3273 1621 3325 1668 et
3356 1622 3411 1667 tu
3431 1629 3571 1669 nunc
3599 1615 3737 1670 hanc
3767 1616 3860 1671 tibi

2266 1715 2525 1763 tesseram
2556 1705 2734 1772 facito,
2757 1714 2811 1761 et
2841 1705 2932 1761 tibi
2961 1714 3016 1761 et
3044 1705 3165 1761 aliis
3191 1706 3394 1762 amicos
3415 1708 3653 1777 parabis.
3685 1706 3863 1764 Nemo

2266 1798 2354 1869 qui
2378 1806 2608 1861 ametur,
2638 1796 2762 1852 odio
2786 1796 2985 1853 habere
3010 1796 3159 1853 velit.
3193 1798 3469 1854 Discamus
3500 1799 3710 1855 colores
3738 1800 3861 1856 illos

2264 1891 2353 1961 qui
2378 1891 2693 1957 miscentur,
2720 1890 2911 1960 quibus
2937 1889 3113 1961 imago
3144 1889 3231 1944 illa
3254 1890 3598 1947 constituitur
3625 1908 3638 1944 :
3667 1890 3861 1948 diserti

2264 1984 2431 2039 simus
2454 1999 2468 2035 :
2487 1998 2557 2039 ne
2570 1992 2941 2052 exspectemus
2959 1982 3249 2053 proximos.
3274 1981 3351 2037 Ne
3372 1982 3519 2039 dicas
3548 2000 3561 2037 :
3588 1982 3647 2039 Si
3673 1984 3862 2039 videro

2263 2077 2493 2147 aliquem
2524 2075 2756 2141 tardum,
2785 2090 2886 2146 ego
2928 2075 3165 2130 deterior
3206 2074 3276 2130 flo
3311 2093 3323 2129 :
3355 2075 3463 2129 imo
3514 2076 3560 2130 si
3616 2075 3816 2131 videris
3839 2118 3857 2141 ,

2269 2182 2616 2239 praeoccupa,
2648 2176 2704 2223 et
2732 2167 2847 2237 ejus
2871 2166 3057 2221 vitium
3087 2167 3387 2237 exstingue.
3422 2166 3647 2237 Egrnm
3681 2168 3855 2228 vides.

2267 2271 2319 2316 et
2350 2260 2594 2315 morbum
2624 2260 2826 2330 auges?
2851 2260 2963 2316 lloc
2994 2259 3224 2314 maxime
3269 2267 3324 2314 et
3351 2268 3476 2315 ante
3506 2258 3685 2313 omnia
3715 2275 3858 2329 prce-

2266 2359 2490 2417 stcmus,
2512 2350 2786 2405 uthonore
2805 2364 2901 2404 nos
2924 2360 3110 2405 mutuo
3128 2349 3520 2419 prmveniamus
3553 2347 3729 2419 (Rom.
3765 2348 3857 2407 12.

2265 2441 2379 2511 l0),
2414 2455 2511 2495 nec
2530 2448 2686 2509 putes
2710 2448 2759 2493 te
2782 2437 2973 2506 minui,
2999 2454 3122 2495 cum
3152 2448 3309 2510 putas
3333 2438 3468 2493 alios
3498 2447 3551 2494 te
3577 2439 3855 2495 excellen-

2265 2532 2450 2588 tiores.
2484 2533 2541 2587 Si
2571 2533 2741 2601 ipsum
2797 2532 3002 2588 honore
3052 2532 3371 2603 prtevenias,
3424 2533 3653 2603 teipsum
3684 2533 3862 2605 magis

2268 2623 2537 2680 honorasti
2571 2624 2770 2693 tibique
2802 2623 3062 2679 honorem
3088 2624 3377 2679 attraxisti.
3417 2622 3626 2696 Ubique
3657 2625 3862 2695 primas

2267 2718 2385 2773 aliis
2411 2715 2790 2772 concedamus.
2812 2716 2951 2771 Nihil
2968 2731 3179 2782 eorum,
3208 2732 3327 2787 quae
3359 2715 3514 2772 nobis
3541 2716 3683 2771 illata
3707 2727 3857 2781 sunt,

2266 2810 2525 2864 malorum
2555 2808 2923 2874 recordemur,
2943 2809 3037 2865 sed
3068 2810 3333 2865 bonorum
3358 2817 3585 2864 tantum.
3609 2808 3754 2865 Nihil
3778 2811 3862 2866 sic

2264 2906 2387 2959 facit
2412 2905 2642 2958 amicum
2671 2913 2725 2957 ut
2752 2911 2905 2973 grata
2935 2904 3133 2974 lingua,
3154 2916 3216 2957 os
3242 2902 3378 2959 bene
3408 2901 3656 2972 loquens,
3675 2902 3860 2959 anima

2261 3000 2377 3054 sine
2406 2998 2559 3062 fastu,
2581 3011 2729 3051 vana:
2742 2996 2924 3067 gloriae
2948 3006 3000 3051 et
3029 2996 3246 3050 honoris
3268 3005 3629 3064 contemptus.
3660 2996 3717 3051 Si
3740 2984 3861 3052 haec

2262 3089 2567 3157 fecerimus,
2598 3088 2893 3159 poterimus
2936 3087 3129 3142 diaboli
3164 3086 3366 3157 laqueis
3403 3086 3662 3142 inaccessi
3692 3102 3854 3153 esse;

2262 3190 2317 3236 et
2345 3181 2593 3235 virtutem
2649 3187 2897 3259 accurate
2925 3178 3157 3241 sectati,
3206 3180 3465 3249 promissa
3504 3178 3857 3249 diligentibus

2262 3272 2431 3327 Deum
2462 3272 2599 3327 bona
2650 3270 2928 3341 consequi,
2980 3270 3151 3340 gratia
3182 3278 3236 3325 et
3263 3268 3592 3341 benignitate
3642 3268 3856 3325 Domini

2261 3364 2430 3419 nostri
2459 3357 2586 3419 Jesu
2614 3363 2835 3429 Christi,
2876 3364 3091 3434 quicum
3145 3361 3291 3417 Patri
3330 3372 3384 3418 et
3412 3361 3635 3433 Spiritui
3664 3372 3857 3418 saneto

2264 3456 2455 3528 gloria,
2473 3457 2776 3526 imperium,
2798 3455 2996 3523 honor,
3024 3468 3163 3509 nunc
3184 3462 3487 3526 etsemper,-
3501 3464 3557 3511 et
3577 3456 3632 3511 in
3654 3456 3853 3511 secula

2258 3548 2600 3604 saeculorum.
2620 3548 2813 3603 Amen.

1880 3726 2229 3791 HOMILIA
2275 3728 2432 3789 XL].

571 3876 703 3933 Car.
748 3875 833 3931 l9.
869 3890 924 3929 ν.
952 3874 1003 3930 8.
1051 3872 1313 3944 Ingressus
1347 3872 1400 3925 in
1444 3886 1775 3942 synagogant,
1815 3888 1929 3924 cum
1965 3870 2154 3941 ﬁducia

642 3966 945 4037 loquebatur
989 3979 1078 4035 per
1106 3973 1205 4017 tres
1237 3956 1453 4027 nten‘ses,
1480 3961 1747 4032 disputans
1784 3968 1828 4015 et
1848 3961 2067 4016 suadens
2090 3960 2154 4017 de

642 4074 798 4129 regno
824 4055 941 4111 Dei.

644 4152 697 4205 1.
720 4150 1019 4221 Synagogas
1042 4150 1322 4219 frequenter
1345 4145 1453 4199 adit
1486 4143 1681 4200 Paulus
1698 4186 1711 4211 ,
1739 4160 1911 4216 quare.
1932 4175 2003 4185 —
2020 4143 2150 4199 Vide

576 4242 789 4311 ubique,
819 4251 875 4296 ut
901 4256 960 4297 se
989 4241 1042 4295 in
1070 4251 1369 4311 synagogas
1391 4238 1652 4303 immittit,
1674 4246 1730 4292 et
1754 4238 1835 4292 sic
1854 4236 2147 4307 demigrat:

576 4337 773 4407 ubique
802 4334 942 4389 enim
980 4332 1047 4387 ab
1086 4332 1191 4386 illis
1218 4329 1432 4385 volebat
1456 4328 1794 4383 occasionem
1836 4341 2149 4393 assumere,

573 4442 629 4483 ut
651 4425 783 4482 dixi.
822 4425 953 4481 Nam
980 4432 1168 4494 gentes
1200 4422 1308 4491 jam
1347 4420 1466 4476 zelo
1508 4417 1804 4483 fervebant,
1844 4427 1900 4473 et
1925 4417 2153 4472 libenter

572 4534 693 4575 eum
723 4514 1091 4587 accipiebant;
1130 4511 1299 4567 Judaei
1330 4525 1458 4566 vero
1506 4509 1756 4581 gentibus
1803 4508 1961 4563 fidem
1979 4508 2151 4564 susci-

572 4612 869 4682 pientibus,
902 4606 1269 4677 ptrnitcntiam
1306 4605 1555 4675 agebant.
1600 4602 1825 4658 Volebat
1862 4601 2151 4673 discipulos

578 4706 723 4760 illinc
762 4700 1095 4766 abstrahere,
1137 4707 1191 4754 et
1215 4698 1282 4753 ab
1308 4697 1412 4752 illis
1434 4696 1694 4765 incipere,
1727 4704 1784 4749 ut
1813 4710 1880 4750 ne
1906 4708 2025 4749 cum
2050 4694 2154 4748 illis

573 4802 1024 4865 congregarentur
1050 4809 1062 4845 :
1090 4804 1264 4860 neque
1286 4788 1403 4843 sine
1431 4801 1591 4842 causa
1618 4786 1722 4841 hoc
1762 4784 2009 4840 faciebat.
2032 4782 2154 4838 Ideo

577 4888 885 4957 frequenter
928 4898 1047 4939 cum
1078 4882 1186 4937 illis
1230 4880 1573 4950 disputabat,
1616 4879 1739 4950 quia
1776 4876 2149 4949 persuadebat.

576 4981 653 5037 Ne
683 4981 876 5051 igitur,
907 4977 1031 5047 quia
1059 4975 1271 5031 dicendi
1313 4974 1609 5030 libertatem
1635 4973 1863 5039 audisti,
1892 4974 2152 5042 asperita-

576 5083 681 5129 tem
715 5080 870 5142 putes
899 5088 912 5123 :
946 5068 1015 5123 de
1042 5068 1258 5122 utilibus
1288 5066 1449 5122 rebus
1488 5064 1815 5134 disputabat,
1844 5064 1912 5118 de
1938 5078 2103 5134 regno
2134 5080 2147 5116 :

586 5165 704 5233 quis
731 5177 835 5217 non
877 5158 1150 5214 audisset?
1178 5157 1232 5212 9.
1268 5175 1288 5210 t
1319 5156 1452 5211 Cum
1482 5164 1658 5209 autem
1688 5152 1901 5223 quidam
1942 5152 2155 5208 indura-

576 5271 780 5321 rentur,
807 5263 987 5307 etnon
1007 5250 1329 5313 crederent,
1358 5248 1742 5303 maledicentes
1774 5246 1910 5298 viam
1938 5245 2153 5300 Domini

581 5360 764 5400 coram
792 5342 1126 5398 multitudine
1146 5382 1160 5405 ,
1185 5339 1465 5395 discedens
1487 5339 1553 5393 ab
1592 5338 1702 5404 eis,
1734 5338 2032 5407 segregavit
2076 5336 2155 5391 di-

584 5434 839 5506 scipulos,
865 5432 1104 5503 quotidie
1130 5431 1409 5501 disputans
1433 5431 1484 5483 in
1513 5428 1696 5484 schola
1720 5428 1954 5500 Tyranni
1980 5430 2155 5497 cujus-

580 5526 725 5580 dam.
755 5524 841 5579 10.
875 5523 986 5579 iloc
1012 5532 1192 5577 autem
1212 5520 1416 5576 factum
1448 5528 1528 5575 est
1554 5534 1650 5590 per
1689 5518 1983 5585 biennium,
2014 5521 2083 5574 ita
2103 5527 2159 5574 ut

579 5633 800 5683 omnes,
832 5616 921 5687 qui
971 5615 1280 5671 habitabant
1326 5615 1380 5669 in
1429 5614 1596 5680 Asia,
1652 5612 1899 5667 audirent
1938 5611 2156 5667 verbum

586 5710 794 5769 Domini
823 5709 981 5777 Jesu,
1020 5716 1128 5763 tam
1172 5707 1342 5763 Judaei
1384 5721 1545 5778 quam
1584 5704 1778 5761 Graeci.
1818 5724 1837 5756 ι
1868 5702 2021 5757 Viam
2042 5718 2157 5757 me-

579 5804 681 5859 rito
710 5803 971 5858 vocabant
1004 5799 1437 5872 praedicationem
1462 5815 1477 5863 ;
1508 5813 1634 5853 vere
1665 5799 1808 5853 enim
1833 5796 1949 5851 hcce
1973 5796 2055 5849 via
2077 5803 2160 5851 est

582 5914 698 5969 qua:
730 5897 871 5953 ducit
913 5897 978 5957 ad
1010 5908 1231 5967 regnum
1284 5894 1559 5951 cmlorum.
1596 5892 1659 5948 In
1718 5893 1909 5961 schola,
1962 5892 2152 5963 inquit,

2265 3870 2494 3942 Tyranni
2534 3870 2806 3941 cujusdam
2844 3868 3158 3940 disputabat.
3219 3866 3283 3922 Et
3319 3867 3414 3922 Itoc
3434 3872 3628 3939 factum
3658 3879 3730 3922 est
3762 3884 3856 3937 per

2261 3961 2517 4015 biennium
2536 4002 2550 4025 ,
2574 3962 2645 4023 ita
2673 3969 2726 4014 ut
2762 3976 2935 4014 omnes
2960 3958 3194 4013 audirent
3238 3975 3520 4014 sermonem
3548 3967 3652 4012 tam
3677 3957 3855 4012 ,τειόωὶ

2259 4069 2411 4118 quam
2439 4051 2622 4106 erci.
2653 4050 2813 4107 Vides
2843 4058 3099 4122 quantum
3130 4048 3326 4118 profuit
3367 4050 3585 4105 assidue
3609 4064 3807 4120 urgere
3826 4049 3853 4102 2

2258 4143 2327 4197 Et
2354 4142 2524 4198 Judtei
2554 4151 2609 4197 et
2631 4142 2801 4198 Graeci
2843 4140 3152 4197 audiebant.
3177 4141 3266 4198 11.
3294 4159 3311 4193 ι
3351 4140 3696 4212 Virtutesque
3727 4156 3835 4195 non

2257 4236 2526 4308 quaslibet
2576 4235 2805 4291 faciebat
2856 4235 2996 4290 Deus
3050 4248 3145 4303 per
3196 4248 3387 4288 manus
3432 4232 3606 4299 Pauli,
3664 4231 3753 4288 l2.
3794 4243 3856 4288 ut

2265 4330 2426 4385 etiam
2458 4343 2622 4397 super
2665 4328 2945 4399 languidos
2997 4328 3336 4384 deferrentur
3373 4326 3443 4383 de
3468 4342 3695 4399 corpore
3734 4329 3855 4399 ejus

2269 4419 2511 4487 sudaria,
2553 4428 2608 4474 et
2654 4418 3017 4484 semicinctia,
3074 4428 3129 4473 et
3156 4418 3473 4475 recederent
3526 4419 3597 4474 ab
3632 4419 3714 4474 eis
3736 4419 3854 4473 lan-

2258 4525 2472 4583 guores,
2502 4518 2557 4565 et
2575 4510 2795 4579 spiritus
2811 4524 3035 4579 nequam
3064 4510 3275 4565 exirent
3303 4510 3373 4564 ab
3398 4511 3502 4565 eis.
3538 4529 3558 4561 ι
3587 4509 3704 4565 Non
3728 4520 3853 4566 tan-

2258 4604 2457 4675 gehant
2487 4602 2659 4657 solum
2688 4601 2953 4670 ferentes,
2980 4602 3072 4656 sed
3113 4603 3440 4672 accipientes
3469 4603 3846 4673 imponebant.

2256 4693 2381 4750 ldeo
2411 4710 2518 4749 non
2546 4694 2669 4749 sivit
2691 4692 2935 4749 Christus
2974 4693 3124 4748 illum
3156 4694 3235 4749 ire
3266 4694 3317 4748 in
3355 4692 3565 4761 Asiam,
3596 4693 3700 4750 hoc
3719 4703 3855 4750 tem-

2257 4802 2357 4859 pus
2382 4787 2693 4853 observans,
2722 4796 2892 4857 utego
2918 4794 3067 4857 puto.
3099 4787 3183 4842 l5.
3225 4805 3243 4838 ι
3276 4786 3649 4843 Tentaverunt
3669 4798 3851 4842 autem

2258 4878 2473 4949 quidam
2510 4893 2575 4934 ex
2634 4877 3091 4933 circumeuntibus
3122 4876 3319 4933 Judmis
3366 4876 3648 4933 exorcistis
3696 4878 3851 4933 invo-

2259 4985 2383 5025 care
2406 4984 2565 5039 super
2605 4984 2729 5034 eos,
2761 4969 2851 5039 qui
2880 4965 3146 5023 habebant
3172 4970 3391 5039 spiritus
3424 4968 3620 5036 malos,
3653 4983 3857 5025 nomen

2263 5060 2473 5115 Domini
2500 5060 2628 5115 Jesu
2651 5102 2666 5128 ,
2700 5059 2979 5114 dicentes:
3012 5058 3335 5129 Adjuramus
3374 5074 3474 5114 vos
3510 5074 3609 5129 per
3636 5058 3851 5127 Iesum,

2260 5168 2419 5223 quem
2451 5151 2647 5207 Paulus
2690 5150 2964 5221 prmdicat.
2990 5167 3009 5202 ι
3055 5150 3129 5205 lta
3170 5152 3348 5207 omnia
3391 5150 3664 5208 faciebant
3719 5152 3866 5210 lucri'

2260 5258 2441 5299 causa.
2476 5242 2609 5297 Vide
2643 5261 2655 5296 :
2690 5241 2910 5297 credere
2940 5242 3153 5311 quidem
3184 5241 3439 5299 nolebant
3460 5284 3477 5311 ,
3500 5242 3595 5298 sed
3625 5256 3726 5314 per
3753 5245 3858 5301 hoc

2264 5352 2457 5391 nomen
2493 5336 2744 5391 volebant
2782 5334 2979 5403 ejicere
3014 5335 3297 5391 daemonia.
3344 5336 3503 5405 Papae
3526 5377 3543 5401 ,
3592 5346 3855 5406 quantum

2262 5436 2378 5482 erat
2417 5442 2609 5481 nomen
2639 5426 2786 5481 Pauli
2815 5424 2829 5479 ι
2861 5426 2949 5480 ll.
2987 5444 3005 5476 ι
3040 5426 3205 5481 Erant
3232 5437 3408 5482 autem
3437 5425 3655 5497 quidam
3681 5426 3855 5482 Judaei

2269 5519 2475 5583 Scevaz,
2524 5516 2780 5587 principis
2820 5516 3194 5584 sacerdotum,
3234 5528 3440 5589 septem
3483 5518 3602 5587 lilii,
3633 5518 3725 5589 qui
3748 5516 3854 5575 hoc

2266 5611 2545 5666 faciebant.
2582 5611 2670 5666 l5.
2696 5609 3049 5680 Respondens
3078 5618 3259 5667 autem
3303 5610 3526 5681 spiritus
3574 5625 3850 5680 nequam,

2264 5704 2397 5759 dixit
2421 5703 2499 5758 eis
2530 5720 2543 5755 :
2576 5702 2759 5758 .lesum
2787 5702 2948 5768 novi,
2993 5711 3049 5758 et
3085 5702 3307 5758 Paulum
3354 5702 3505 5769 scio;
3543 5714 3642 5758 vos
3668 5710 3850 5758 autem

2267 5796 2357 5867 qui
2384 5794 2551 5849 estis?
2602 5792 2687 5847 l6.
2717 5794 2783 5848 Et
2811 5794 3053 5850 insiliens
3082 5795 3134 5849 in
3162 5809 3257 5850 eos
3288 5793 3450 5850 homo
3470 5836 3484 5860 ,
3521 5794 3573 5848 in
3603 5808 3710 5863 quo
3738 5805 3853 5849 erat

2268 5885 2595 5945 dzemonium
2642 5886 2938 5957 pessimum
2967 5896 3020 5944 et
3048 5886 3349 5945 dominatus
3375 5901 3565 5945 eorum
3589 5928 3603 5953 ,
3628 5886 3851 5944 invaluit
