4070 6472
212 414 311 469 £87

210 550 328 600 τρες)
348 530 512 604 χοροῦ
546 532 828 603 μουσικῶν
856 531 1057 596 πάντες
1086 530 1224 602 μετά
1253 532 1411 603 σιγῆς
1441 533 1899 600 ἐπακούουσι,καί

210 619 391 682 οὐδεὶς
413 621 529 673 ἐκεῖ
553 619 805 689 θόρυϐος·
822 620 965 675 οὕτω
990 621 1088 677 κιιιὶι
1107 621 1165 672 ἐν
1189 622 1300 685 τοῖς
1330 620 1524 690 φίλοις,
1547 622 1648 692 τῆς
1675 622 1899 696 ἀγάπης

209 705 542 778 κρουούσης,
573 707 751 762 πάντα
785 709 982 778 ἠρεμεῖ
1003 706 1073 760 τά
1113 706 1258 777 πάθη
1294 709 1390 761 καὶ
1419 707 1894 779 κατακοιμίζεται,

207 793 470 865 καθάπερ
499 794 667 867 θηρία
709 794 1023 867 κηλούμενα
1070 795 1166 848 καὶ
1213 792 1534 865 θελγόμενα,
1562 795 1754 868 ῶσπερ
1803 793 1898 851 οὗν

209 879 342 933 ἔνθα
369 881 563 954 ἔχθρα,
598 883 776 938 πάντα
807 882 876 946 τά
901 881 1139 936 ἐναντία.
1159 880 1320 936 Ἀλλά
1351 881 1518 954 μηδὲν
1541 883 1669 954 περί
1696 882 1897 955 ἔχθρας

209 967 351 1031 τέως
380 971 658 1040 εἴπωμεν·
705 969 834 1043 περὶ
876 969 1058 1039 φιλίας
1102 968 1352 1040 λέγωμεν
1391 969 1572 1040 μόνον.
1611 971 1709 1023 Ἂν
1734 972 1897 1044 εἴπῃς

209 1072 263 1110 τι
301 1057 594 1128 προπετὲς,
643 1057 819 1122 οὐδεὶς
869 1060 899 1112 ό
951 1056 1474 1128 ἐπιλαμϐανόμενος,
1504 1055 1642 1110 ἀλλά
1691 1057 1895 1122 πάντες

211 1145 716 1214 συγγινώσκουσιν·
767 1147 836 1200 ἂν
885 1145 1118 1218 πράξῃς,
1155 1144 1331 1208 οὐδεὶς
1389 1145 1710 1211 ὑποπτεύει,
1755 1146 1896 1202 άλλά

207 1233 380 1304 πολλὴ
407 1235 440 1305 ή
474 1233 769 1306 συγγνώμη
791 1253 806 1267 ·
842 1235 1041 1296 πάντες
1063 1234 1111 1287 οἰ
1151 1235 1307 1306 χεῖρα
1333 1232 1621 1305 ὀρέγοντες
1643 1234 1895 1291 πίπτοντι

207 1321 522 1392 ⁴πρόχειροι·
558 1322 760 1385 πάντες
787 1323 837 1374 οί
865 1320 1180 1392 βουλόμενοι
1217 1321 1407 1392 στῆναι
1447 1320 1762 1393 πρόθυμοι.

278 1407 472 1478 Τεῖχος
512 1407 680 1472 ὅντως
707 1408 948 1480 ἀρῤαγὲς
984 1408 1016 1478 ὴ
1049 1406 1222 1478 φιλία,
1267 1407 1376 1480 καὶ,
1389 1407 1510 1462 οὑδέ
1537 1407 1615 1480 τῷ
1657 1408 1893 1480 διαϐόλῳ

205 1490 509 1563 άλώσιμον,
548 1494 678 1566 μήτι
707 1510 770 1564 γε
795 1493 1124 1566 ἀνθρώποις.
1164 1493 1280 1548 Οὐκ
1298 1493 1377 1547 ενι
1410 1493 1640 1564 κινδύνῳ
1667 1512 1894 1567 περιπε-

207 1581 325 1635 σεῖν
371 1581 464 1635 τὸν
509 1581 700 1651 φίλους
752 1583 1091 1654 κεκτημένον
1137 1581 1396 1646 πολλούς·
1447 1583 1549 1637 οὐκ
1596 1583 1676 1638 ἔνι
1721 1583 1894 1655 ὀργῆς

205 1667 470 1722 ὑπόθεσιν
497 1672 663 1739 σχεῖν,
699 1669 834 1723 ἀλλά
868 1669 1167 1742 θυμηδίας·
1207 1671 1267 1724 ἐν
1300 1669 1499 1739 γέλωτι
1529 1670 1617 1725 ἀεί
1651 1673 1768 1725 ἐστι
1798 1672 1888 1726 καῖ

202 1757 425 1827 τρυφῇ·
483 1757 582 1809 οὐκ
636 1755 715 1810 ἔνι
775 1755 1078 1827 βασκανίας
1127 1755 1384 1810 ὑπόθεσιν
1429 1759 1611 1828 σχεῖν·
1663 1758 1765 1812 οὐκ
1811 1758 1891 1812 ἔνι

207 1842 580 1913 μνησικακίας
608 1845 885 1916 ἀφορμήν.
912 1845 1054 1916 Ὅρα
1079 1844 1170 1898 τὸν
1192 1844 1432 1900 τοιοῦτον
1463 1845 1559 1901 καὶ
1583 1846 1654 1899 τά
1681 1859 1707 1887 ι
1731 1863 1890 1901 πνευι

211 1930 423 2001 ματικά
443 1931 537 1986 καὶ
563 1933 636 1986 τά
658 1932 900 2003 σαρκικὰ
925 1933 1298 2005 κατορθοῦντα
1317 1933 1434 2003 μετ’
1454 1933 1722 1999 εὐκολίας.
1742 1935 1808 1988 Τί
1826 1934 1889 2008 δή

201 2015 298 2073 οὖν
326 2019 520 2074 τούτου
556 2020 671 2074 ῖσον
704 2020 904 2091 γένοιτ’
930 2021 1030 2086 av;
1068 2021 1282 2093 Ὠσπερ
1312 2020 1469 2086 πόλις
1506 2022 1890 2094 τετειχισμένη

200 2108 473 2164 πάντοθεν
502 2102 658 2173 οῦτός
687 2112 855 2173 ἐστιν,
874 2112 1079 2174 ἐκεῖνος
1097 2111 1154 2165 δέ
1177 2111 1367 2184 ὥσπερ
1395 2111 1549 2176 πόλις
1563 2111 1888 2183 ἀτείχιστος.

199 2197 471 2269 Μεγάλης
499 2198 690 2268 σοφίας
721 2198 782 2252 τὺ
831 2197 1090 2254 δύνασθαι
1143 2198 1326 2268 φιλίας
1356 2193 1496 2253 εἶναι
1534 2198 1888 2271 δημιουργόν.

204 2284 401 2338 ’Δνελε
429 2284 528 2356 τὴν
559 2285 762 2356 φιλίαν,
785 2287 880 2340 καὶ
907 2286 1087 2340 πάντα
1111 2286 1345 2354 ἀνεῖλες,
1397 2288 1576 2343 πάντα
1610 2288 1886 2359 συνέχεες.

197 2371 266 2425 Εἰ
289 2370 345 2426 δέ
373 2371 537 2425 εἰκὼν
565 2372 748 2442 φιλίας
768 2372 1037 2442 τοσαύτην
1067 2373 1182 2445 ἔχει
1208 2375 1307 2447 τὴν
1339 2374 1513 2445 ίσχὺν,
1540 2373 1678 2446 αὑτὴ
1701 2376 1735 2446 ή
1757 2375 1892 2448 ἀλή-

198 2458 322 2514 θεια
351 2461 492 2532 πόση
529 2478 616 2523 τις
633 2459 700 2515 ἀν
727 2461 842 2532 εῖης
878 2462 1400 2532 Κατασκευάσωμεν
1427 2461 1608 2517 τοίνυν
1634 2463 1764 2535 ὑμῖν
1794 2464 1889 2534 φί-

195 2547 346 2612 λους,
378 2548 702 2621 παρακαλῶ,
733 2551 826 2604 καὶ
849 2549 1053 2621 ταύτην
1088 2548 1320 2615 ἕκαστος
1342 2550 1513 2621 ἐχέτω
1542 2550 1641 2622 τὴν
1669 2551 1882 2624 τέχνην.

208 2637 354 2690 Ἀλλ’
381 2637 512 2702 ἰδοὺ,
555 2638 743 2708 φησὶν,
773 2637 885 2707 ἐγὼ
907 2637 1214 2704 σπουδάζω,
1246 2639 1454 2703 ἐκεῖνος
1473 2637 1530 2693 δέ
1559 2639 1622 2692 οὑ
1655 2640 1890 2694 σπουδά-

195 2722 304 2788 ζει.
336 2723 547 2779 Πλείων
570 2726 600 2778 ό
631 2724 822 2791 μισθὸς
845 2724 1018 2790 οὕτως
1043 2725 1198 2780 ἐσται
1237 2744 1340 2781 σοι.
1375 2726 1508 2791 Ναὶ,
1537 2729 1725 2798 φησὶν,
1749 2729 1886 2784 άλλά

194 2813 258 2867 τδ
278 2814 514 2884 πρᾶγμα
550 2812 972 2886 δυσκολώτερον.
997 2813 1146 2880 Πῶς,
1176 2814 1296 2868 εἰπέ
1329 2832 1454 2884 μοις
1496 2815 1629 2868 Ἰδοὺ
1660 2815 1888 2888 διαμαρ-

193 2898 437 2972 τύρομαι
491 2901 586 2954 καὶ
627 2900 791 2970 λέγω,
843 2902 926 2955 ὅτι
980 2901 1114 2956 δέκα
1175 2903 1336 2974 μόνον
1380 2902 1477 2956 ἐάν
1525 2904 1884 2976 συμφράξητε

191 2989 448 3056 ἑαυτοὺς,
483 2988 577 3043 καὶ
617 2987 780 3061 ἔργον
802 2989 966 3045 τοῦτο
998 2989 1129 3062 θῆτε
1155 2989 1410 3063 καθάπερ
1433 2991 1482 3044 οἰ
1506 2991 1798 3046 ἀπόστολοι
1825 2995 1885 3049 τὸ

259 3253 281 3279 ⁸
302 3255 437 3322 Ὅρα
451 3257 596 3308 αὐτὸν
613 3259 696 3308 καὶ
717 3258 796 3320 τά,
820 3259 890 3310 εἰς
906 3259 1106 3322 quidam
1129 3261 1233 3313 alii.

1319 415 1387 471 IN
1431 415 1612 474 ACTA
1645 414 2187 478 APOSTOLORUM.
2227 422 2460 482 HOMIL.
2505 424 2644 482 XLI.

3578 430 3688 486 288

2003 539 2315 614 κηρύττειν,
2357 541 2613 615 καθάπερ
2639 542 2666 584 ιδ
2712 542 2763 596 οἰ
2797 542 3080 616 προφῆται
3127 541 3192 597 τὸ
3220 543 3511 606 διδάσκειν,
3543 546 3687 598 οὕτω

2001 627 2095 682 καὶ
2121 630 2282 700 ἡμεῖς
2305 630 2366 684 τὸ
2387 631 2576 701 φίλους
2596 633 2794 698 ποιεῖν,
2837 631 3030 702 μισθὸς
3058 631 3209 686 ἔσται
3247 633 3444 703 μέγας.
3472 633 3689 687 Βασιλι-

2001 716 2103 783 κάς
2144 718 2358 783 εἰκόνας
2395 721 2529 790 ήμῖν
2553 719 2738 784 αὐτοῖς
2765 719 3304 792 κατασκευάζωμεν’
3342 719 3503 774 τοῦτο
3543 721 3686 789 γνώ-

2003 822 2174 878 ρισμα
2221 806 2501 879 μαθητῶν.
2539 809 2651 862 Καὶ
2686 808 2806 873 πῶς
2839 808 2900 862 οὐ
2944 806 3129 880 μεῖζον
3159 807 3527 878 ἐργαζόμεθα,
3560 809 3594 879 ἢ
3641 811 3689 861 εἰ

1997 891 2228 965 δύναμιν
2260 895 2446 960 αὑτοῖς
2475 895 2788 969 ἐνετίθεμεν
2813 898 3043 972 νεκροὺς
3069 897 3317 968 ἀνιστᾷν;
3352 895 3426 949 Τὸ
3445 894 3689 968 διάδημα

2000 981 2096 1033 καὶ
2144 983 2177 1052 ή
2209 982 2471 1054 άλουργὶς
2514 984 2757 1038 δείκνυσι
2791 985 2880 1039 τὸν
2931 984 3179 1056 βασιλέα,
3211 985 3307 1039 καὶ
3345 984 3552 1038 τούτων
3589 984 3691 1037 οὐκ

1997 1067 2188 1131 ὄντων,
2235 1070 2339 1124 κᾶν
2367 1073 2547 1143 χρυσᾶ
2574 1071 2672 1143 ἔχῃ
2705 1073 2919 1143 ἱμάτια,
2956 1071 3111 1126 οῦπω
3143 1074 3171 1126 ὁ
3216 1071 3470 1143 βασιλεὺς
3508 1071 3686 1144 δῆλος.

1999 1156 2156 1210 υῦτω
2180 1157 2243 1230 δὴ
2273 1160 2366 1214 καὶ
2388 1159 2504 1224 νῦν,
2531 1161 2591 1214 τὸ
2617 1160 2908 1232 γνώρισμα
2940 1163 3004 1215 σὺ
3031 1161 3290 1232 ἐργάζου,
3311 1162 3406 1213 καὶ
3440 1161 3690 1231 ποιήσεις

2000 1245 2212 1318 σεαυτῷ
2241 1247 2429 1316 φίλους
2452 1249 2545 1302 καὶ
2574 1249 2776 1313 ἄλλοις.
2802 1250 2991 1313 Οὐδείς
3015 1250 3164 1302 ἐστιν
3192 1249 3343 1311 ὅστις
3366 1247 3691 1319 φιλούμενος

1997 1334 2218 1407 θελήσει
2246 1338 2444 1407 μισεῖν.
2480 1338 2760 1409 Μάθωμεν
2780 1338 2849 1392 τά
2875 1337 3166 1409 χρώματα,
3191 1338 3258 1390 δι’
3287 1331 3366 1391 ὧν
3393 1337 3688 1408 κεράννυνο

1995 1441 2106 1490 ται,
2131 1421 2292 1480 δι’ὦν
2310 1425 2447 1498 αὕτη
2473 1427 2834 1500 συντίθεταιὴ
2861 1427 3026 1482 εἰκών
3047 1443 3059 1456 °
3091 1429 3496 1500 εὐπροσήγοροι
3513 1421 3686 1497 ὦμεν·

1981 1511 2076 1584 ’μὴ
2111 1515 2495 1586 περιμένωμεν
2520 1517 2646 1580 τοὺς
2671 1517 2917 1587 πλησίον.
2952 1516 3041 1587 Μὴ
3073 1517 3256 1590 εἴπῃς·
3293 1516 3422 1568 Ἐὰν
3445 1515 3540 1569 ίδω
3566 1515 3689 1568 τινὰ

1997 1601 2383 1672 περιμένοντα,
2419 1603 2620 1676 χείρων
2665 1604 2833 1659 αὑτοῦ
2874 1603 3133 1675 γίνομαι·
3165 1602 3302 1657 ἀλλά
3332 1603 3535 1674 μᾶλλον
3560 1603 3691 1656 ὅταν

1999 1687 2136 1762 ἴδῃς,
2182 1690 2424 1762 πρόλαϐε
2460 1692 2556 1746 καὶ
2607 1693 2799 1747 σϐέσον
2839 1692 3005 1746 αὑτοῦ
3037 1691 3100 1746 τὸ
3142 1691 3335 1756 πάθος.
3367 1693 3531 1763 Ὁρᾷς
3587 1691 3688 1745 κά-

2003 1795 2225 1848 μνοντα,
2261 1779 2352 1833 καὶ
2406 1780 2698 1844 ἐπιτείνεις
2726 1781 2824 1852 τὴν
2851 1781 3049 1848 νόσον;
3085 1780 3256 1834 Τοῦτο
3311 1780 3547 1852 μάλιστα
3582 1779 3691 1850 πρὸ

2001 1866 2225 1920 πάντων
2257 1868 2729 1941 κατορθώσωμεν,
2763 1868 2918 1942 [508]
2951 1868 3012 1922 τὸ
3045 1869 3408 1940 προηγεῖσθαι
3445 1869 3512 1938 τῇ
3554 1867 3686 1937 τιμῇ

1999 1954 2264 2025 ἀλλήλους
2285 1973 2298 1986 ο
2325 1956 2652 2028 τὺήγεῖσθαι
2677 1957 2942 2029 ἀλλήλους
2962 1957 3331 2030 ὑπερέχοντας
3357 1954 3588 2017 ἑαυτῶν,
3613 1953 3688 2026 μὴ

1993 2042 2222 2114 νομίσῃς
2256 2041 2631 2098 ἐλαττοῦσθαι.
2661 2044 2758 2098 Ἂν
2791 2044 2899 2116 ἀρα
2931 2045 3226 2116 προηγήσῃ
3256 2045 3325 2113 τῇ
3353 2043 3512 2112 τιμῇ,
3550 2057 3686 2095 σαυ⁴

1992 2130 2083 2183 τὸν
2122 2131 2388 2202 ἐτίμησας
2413 2131 2595 2197 πλέον,
2629 2133 2710 2197 εἰς
2745 2133 2807 2186 τὸ
2836 2133 2996 2186 πλέον
3030 2132 3330 2203 τιμηθῆναι
3359 2127 3685 2198 ἐπισπώμεο

1991 2234 2102 2281 νος.
2152 2219 2436 2290 Πανταχοῦ
2480 2219 2589 2274 τῶν
2641 2221 2930 2293 πρωτείων
2970 2220 3181 2291 ἑτέροις
3238 2216 3683 2290 παραχωρῶμεν.

1976 2305 2178 2378 -Μηδέν
2204 2306 2316 2360 τῶν
2345 2310 2427 2373 είς
2471 2309 2622 2379 ἡμᾶς
2652 2309 3038 2380 εἰργασμένων
3087 2305 3277 2361 δεινῶν
3327 2302 3685 2376 μνημονεύω-

1994 2411 2116 2465 μεν,
2171 2395 2288 2448 άλλ’
2331 2395 2386 2448 εῐ
2426 2414 2481 2449 τι
2522 2397 2749 2465 ἀγαθόν.
2805 2395 2972 2451 Οὐδὲν
3009 2395 3152 2450 οῦτω
3189 2396 3336 2448 ποιεῖ
3387 2393 3562 2461 φίλον,
3611 2392 3689 2454 ὡς

1990 2482 2211 2552 γλῶσσα
2243 2484 2585 2556 εὑχάριστος,
2632 2485 2807 2556 στόμα
2858 2483 3129 2556 εὔφημον,
3157 2483 3306 2555 ψυχὴ
3340 2483 3564 2551 ἄτυφος,
3603 2497 3690 2533 κε-

1989 2570 2230 2638 νοδοξίας
2251 2571 2546 2644 ὑπεροψία,
2568 2571 2742 2644 τιμῆς
2770 2573 3203 2643 καταφρόνησις.
3231 2573 3329 2624 "Av
3359 2569 3536 2624 ταῦτα
3563 2587 3690 2623 κατ-

1988 2656 2341 2730 ορθώσωμεν,
2385 2659 2731 2732 δυνησόμεθα
2771 2658 3033 2729 γενέσθαι
3063 2660 3356 2730 ἀχείρωτοι
3396 2661 3518 2721 ταῖς
3579 2674 3686 2710 πα-

1988 2745 2104 2812 γίσι
2127 2745 2223 2799 τοῦ
2267 2747 2542 2812 διαϐόλου,
2580 2748 2675 2801 καὶ
2707 2746 2848 2818 μετά
2881 2745 3175 2820 ἀκριϐείας
3238 2746 3340 2816 τὴν
3370 2745 3573 2816 ἀρετὴν
3605 2743 3688 2794 δι-

1987 2828 2285 2893 ανύσαντες
2337 2829 2448 2884 τῶν
2501 2829 2932 2901 ἐπηγγελμένων
2982 2828 3203 2899 ἀγαθῶν
3227 2830 3342 2892 τοῖς
3397 2825 3688 2895 ἀγαπῶσιν

1989 2916 2152 2971 αὐτὸν
2198 2917 2500 2989 ἐπιτυχεῖν,
2539 2918 2724 2992 χάριτι
2759 2918 2855 2972 καὶ
2913 2915 3298 2988 φιλανθρωπία
3337 2914 3432 2968 τοῦ
3473 2913 3686 2984 Κυρίου

1985 3005 2145 3076 ήμῶν
2184 3005 2358 3077 Ἰησοῦ
2394 3007 2659 3078 Χριστοῦ,
2694 3006 2814 3078 μεθ’
2847 3000 2909 3060 οῦ
2940 3004 3020 3077 τῷ
3060 3004 3258 3077 Πατρὶ,
3292 3004 3412 3075 ἅμα
3436 3001 3516 3074 τῷ
3543 3001 3687 3070 ἁγίῳ

1987 3092 2289 3164 Πνεύματι,
2319 3093 2469 3159 δόξα,
2495 3091 2718 3166 κράτος,
2748 3092 2909 3164 τιμὴ,
2946 3091 3043 3147 νῦν
3070 3091 3167 3146 καὶ
3189 3090 3299 3156 ἀεὶ,
3331 3090 3428 3145 καὶ
3455 3090 3536 3153 εἰς
3555 3087 3684 3152 τοὺς

1984 3179 2189 3244 αἰῶνας
2229 3179 2340 3234 τῶν
2372 3180 2607 3236 αἰώνων.
2651 3181 2849 3254 ⁹Δμήν.

2047 3267 2076 3308 b
2107 3267 2242 3318 Unus
2265 3269 2531 3320 ἀπόστολοι
2563 3269 2877 3334 κηρύττοντες
2897 3269 3134 3334 καθάπερ.

304 3406 3565 3436 mm

1749 3535 1995 3590 OMIAIA
2032 3535 2172 3596 ΜΔΖ

183 3629 500 3686 εἰσελθὼν
527 3627 596 3683 δὲ
624 3629 714 3694 είς
737 3628 852 3697 τὴν
877 3628 1264 3700 συναγωγὴν,
1282 3626 1756 3700 ἐπαρρησιάζετο
1777 3630 1877 3700 ἐπὶ

257 3700 465 3772 μῆνας
494 3701 671 3768 τρεῖς,
730 3698 1155 3772 διαλεγόμενος
1191 3698 1294 3754 ’καὶ
1355 3700 1577 3756 πείθων
1612 3700 1687 3754 τὰ
1745 3698 1878 3768 περί

263 3769 380 3842 τῆς
400 3771 730 3836 βασιλείας
753 3770 862 3824 τοῦ
888 3769 1059 3826 Θεοῦ.

263 3870 335 3918 α’.
371 3863 513 3933 Ὅρα
536 3860 807 3931 πανταχοῦ
832 3858 1024 3914 ἐαυτὸν
1047 3857 1378 3914 εἰσωθοῦντα
1408 3861 1487 3924 εἰς
1505 3857 1605 3923 τάς
1635 3875 1880 3928 συναγω-

189 3950 319 4021 γάς,
357 3949 455 4004 καὶ
485 3948 660 4012 οὕτως
710 3947 964 4014 ἐξιόντα·
1024 3947 1306 4019 πανταχοῦ
1360 3947 1471 4019 γάρ
1528 3948 1660 4018 παρ’
1697 3947 1879 4001 αὐτῶν

188 4039 448 4094 ἐϐούλετο
481 4036 670 4091 λαϐεῖν
710 4035 988 4107 ἀφορμὴν,
1019 4035 1158 4106 ὅπερ
1208 4033 1366 4107 ἔφην.
1404 4033 1486 4089 Τά
1512 4051 1573 4088 τε
1614 4034 1726 4106 γάρ
1749 4035 1876 4107 ἔθνη

190 4125 509 4199 παρεζήλου
557 4123 743 4178 λοιπὸν
769 4161 786 4187 ,
849 4122 944 4176 καὶ
1014 4121 1314 4194 προθύμως
1389 4121 1714 4194 ἀπεδέχοντο
1775 4123 1878 4177 αὑ-

186 4219 282 4274 τὸν
313 4231 364 4283 ι,
412 4217 466 4271 οῖ
500 4233 560 4269 τε
602 4214 872 4278 Ἰουδαῖοι,
914 4213 1024 4268 τῶν
1074 4213 1247 4268 ἐθνῶν
1285 4215 1615 4287 δεχομένων,
1661 4215 1881 4287 μετενό-

185 4322 309 4360 ουν.
352 4302 632 4358 Ἐϐούλετο
687 4301 994 4371 ἀποστῆσαι
1037 4300 1164 4365 τοὺς
1223 4300 1472 4372 μαθητάς
1534 4302 1745 4356 ἐκεῖθεν
1786 4303 1880 4358 καὶ⁸

187 4395 323 4467 παρ’
354 4391 534 4448 αὐτῶν
559 4389 746 4445 λαϐεῖν
799 4389 897 4460 τὴν
943 4389 1140 4460 ἀρχὴν,
1169 4387 1312 4443 ὥστε
1375 4389 1450 4460 μὴ
1507 4391 1834 4460 συνάγεσθαι
1862 4409 1877 4424 ο

185 4485 285 4539 καὶ
315 4482 416 4553 οὐχ
435 4480 622 4544 άπλῶς
651 4477 810 4532 τοῦτο
840 4479 1035 4533 ἐποίει.
1084 4477 1183 4531 Διά
1210 4476 1370 4532 τοῦτο
1396 4478 1671 4549 διελέγετο
1697 4481 1882 4546 αὐτοῖς

189 4570 454 4641 συνεχῶς,
476 4571 566 4623 ’ὅτι
595 4566 798 4621 ἔπειθε.
835 4566 925 4637 Μὴ
949 4561 1043 4620 οὖν
1065 4566 1252 4637 ἐπειδὴ
1275 4567 1591 4639 παρρησίαν
1617 4569 1878 4639 ῆκουσας,

183 4657 509 4730 τραχύτητα
541 4651 810 4726 νομίσῃς·
867 4654 998 4725 περὶ
1030 4653 1287 4726 χρηστῶν
1339 4655 1681 4725 πραγμάτων
1709 4656 1880 4710 διελέ-

184 4763 338 4818 γετο,
376 4745 504 4817 περὶ
534 4741 810 4814 βασιλείας
829 4759 843 4774 ο
893 4742 975 4807 τίς
1004 4743 1105 4795 οὑκ
1135 4741 1201 4796 ἂν
1231 4743 1499 4814 ήκουσεν;
1567 4743 1664 4808 Ὠς
1695 4743 1762 4798 δέ
1795 4760 1879 4798 τι-

183 4851 292 4900 νες
359 4829 813 4900 ἐσκληρύνοντο
876 4827 975 4882 καὶ
1037 4827 1352 4895 ἠπείθουν,
1399 4828 1882 4898 κακολογοῦντες

185 4921 302 4989 τὴν
326 4917 475 4974 όδὸν
489 4916 748 4973 ἐνώπιον
768 4915 876 4971 τοῦ
905 4916 1200 4984 πλήθους,
1232 4917 1504 4983 ἀποστὰς
1527 4917 1628 4970 ἀπ’
1653 4916 1873 4985 αὐτῶν,

181 5008 454 5080 ἀφώρισε
510 5005 653 5073 τοὺς
694 5005 985 5076 μαθητὰς,
1029 5005 1159 5060 καθ’
1196 5005 1425 5072 ἡμέραν
1452 5003 1874 5076 διαλεγόμενος

181 5099 255 5152 ἐν
279 5094 355 5165 τῇ
392 5092 595 5164 σχολῇ
634 5093 937 5162 Τυράννου
967 5094 1148 5160 τινός.
1189 5093 1370 5148 Τοῦτο
1413 5091 1481 5146 δὲ
1508 5095 1746 5164 ἐγένετο
1775 5094 1875 5149 ἐπὶ

180 5191 288 5254 ἐτη
311 5185 445 5252 δύο,
460 5183 618 5238 ὥστε
643 5181 876 5248 πάντας
901 5181 1043 5248 τοὺς
1065 5180 1496 5248 κατοικοῦντας
1522 5182 1638 5250 τὴν
1666 5183 1876 5237 Ἀσίαν

181 5273 446 5328 ἀκοῦσαι
475 5271 583 5327 τὸν
604 5272 791 5340 λόγον
816 5269 922 5324 τοῦ
953 5269 1176 5338 Κυρίου
1204 5270 1429 5338 Ἰησοῦ,
1449 5270 1778 5339 Ἰουδαίους
1812 5289 1876 5327 τε

179 5361 283 5416 καί
334 5361 666 5428 Ἕλληνας.
727 5356 876 5412 Ὀδὸν
935 5357 996 5412 τὸ
1029 5359 1292 5429 κήρυγμα
1341 5359 1568 5423 εἰκότως
1624 5360 1873 5416 ἐκάλουν.

185 5452 398 5512 Ὄντως
421 5448 531 5518 γὰρ
568 5446 711 5518 αῦτη
743 5447 778 5517 ὴ
810 5446 930 5511 ὁδὸς
977 5441 1046 5518 ἦν
1082 5448 1116 5517 ἡ
1167 5446 1458 5516 ἀπάγουσα
1484 5449 1565 5513 εἰς
1589 5449 1687 5520 τὴν
1722 5449 1876 5520 βασι-

179 5539 332 5593 λείαν
364 5535 473 5591 τῶν
522 5534 789 5607 οὐρανῶν.
824 5536 930 5590 Ἐν
972 5534 1046 5603 τῇ
1095 5534 1323 5604 σχολῇ,
1356 5537 1511 5608 φησὶ,
1569 5537 1874 5608 Τυράννου

178 5627 348 5694 τινὸς
395 5624 714 5695 διελέγετο.
771 5623 1097 5679 Καίτοῦτο
1151 5623 1390 5696 ἐγένετο
1438 5626 1536 5680 ἐπι
1577 5627 1684 5696 ἐτη
1739 5627 1875 5695 δύο,

176 5715 337 5770 ὥστε
368 5713 602 5780 πάντας
629 5711 891 5768 ἀκοῦσαι
936 5711 1044 5767 τὸν
1082 5714 1272 5784 λόγον
1306 5715 1639 5784 Ἰουδαίους
1676 5735 1740 5772 τε
1775 5718 1874 5774 καί

179 5805 517 5870 Ἕλληνας.
553 5801 716 5872 Ὁρᾷς
747 5801 912 5854 πόσον
944 5801 1142 5870 ήνυσεν
1169 5795 1566 5873 ήέπιστασίαι
1597 5805 1707 5858 Καὶ
1741 5807 1870 5860 ’ἰου-

174 5894 314 5950 δαῖοι
345 5891 439 5945 καὶ
460 5890 722 5961 ’Έλληνες
753 5891 965 5962 ήκουον.
993 5890 1283 5959 Δυνάμεις
1314 5909 1376 5946 τε
1406 5893 1478 5948 οὐ
1507 5894 1611 5960 τὰς
1654 5896 1866 5966 τυχούο

237 6059 251 6079 ⁸
282 6058 381 6110 Alii
409 6059 573 6108 λοετξυ
599 6063 672 6108 νεῖ
705 6060 876 6126 ῥᾳδίως
905 6062 1040 6109 αὑτὸ-ο
1076 6063 1370 6118 ἐπιδέξαι-ιτα.

1981 3646 2101 3698 σας
2124 3630 2314 3686 ἐποίει
2345 3633 2379 3686 ὀ
2409 3629 2555 3697 Θεὸς
2582 3628 2680 3685 διὰ
2709 3629 2829 3685 τῶν
2855 3629 3074 3701 χειρῶν
3101 3633 3373 3700 Παύλου,
3399 3633 3558 3691 ὥστε
3581 3638 3684 3692 καὶ

1979 3719 2079 3774 ἐπί
2109 3721 2252 3789 τοὺς
2279 3719 2696 3787 ἀσθενοῦντας
2721 3719 3112 3789 ἐπιφέρεσθαι
3155 3721 3280 3777 ἀπὸ
3312 3723 3419 3779 τοῦ
3452 3726 3683 3795 χρωτὸς

1979 3807 2168 3862 αὐτοῦ
2219 3807 2514 3877 σουδάρια
2567 3807 2605 3877 ἣ
2633 3809 2988 3878 σιμικίνθια,
3025 3808 3132 3862 παὶ
3163 3809 3681 3868 ἀπαλλάσσεσθαι

1980 3894 2083 3949 ἀπ’
2102 3893 2304 3950 αὐτῶν
2341 3895 2449 3963 τὰς
2492 3897 2743 3963 νόσους,
2775 3895 2848 3950 τά
2880 3914 2944 3951 τε
2984 3899 3298 3968 πνεύματα
3336 3899 3408 3954 τὰ
3442 3902 3678 3972 πονηρὰ

1979 3981 2329 4052 ἐξέρχεσθαι
2355 3984 2458 4039 ἀπ’
2487 3984 2706 4040 αὐτῶν.
2734 3985 2868 4057 Οὐχὶ
2897 3985 3192 4057 φοροῦντες
3220 3987 3459 4060 ήπτοντο
3490 3991 3673 4061 μόνον,

1979 4069 2118 4126 ἀλλά
2147 4072 2241 4126 καὶ
2268 4070 2634 4144 λαμϐάνοντες
2685 4074 3026 4129 ἐπετίθεσαν.
3058 4075 3156 4130 Διά
3211 4076 3369 4130 τοῦτο
3397 4079 3501 4133 οὑκ
3528 4080 3616 4133 εἴα
3646 4083 3678 4135 ό

1980 4161 2216 4234 Χριστὸς
2255 4162 2513 4218 ἀπελθεῖν
2551 4164 2715 4218 αὑτὸν
2748 4165 2828 4227 εἰς
2860 4164 2962 4236 τὴν
3005 4165 3212 4232 Ἀσίαν,
3247 4166 3435 4238 τηρῶν
3485 4169 3674 4222 τοῦτον

1979 4250 2074 4304 τὸν
2105 4251 2319 4324 καιρὸν,
2345 4251 2421 4315 ώς
2457 4251 2634 4322 ἔγωγε
2683 4247 2858 4324 οἶμαι.
2907 4253 3347 4323 Ἐπεχείρησαν
3391 4256 3461 4310 δέ
3513 4273 3676 4326 τινες

1979 4339 2099 4395 ἀπὸ
2133 4338 2253 4394 τῶν
2272 4339 2748 4411 περιερχομένων
2784 4341 3094 4397 Ἰουδαίων
3120 4341 3513 4412 ἐξορκιστῶν,
3541 4344 3676 4400 όνοο

1974 4428 2183 4500 μάζειν
2210 4430 2310 4484 ἐπὶ
2331 4429 2474 4497 τοὺς
2500 4429 2758 4500 ἔχοντας
2788 4429 2861 4484 τὰ
2889 4430 3205 4500 πνεύματα
3241 4429 3316 4485 τὰ
3345 4434 3581 4501 πονηρά
3607 4435 3675 4490 τὸ

1982 4518 2170 4588 ὄνομα
2195 4517 2304 4574 τοῦ
2327 4515 2479 4591 [309]
2508 4519 2730 4587 Κυρίου
2745 4517 2972 4586 Ἰησοῦ,
2999 4518 3285 4590 λέγοντες
3302 4538 3315 4551 ·
3337 4519 3678 4591 Ὀρκίζομεν

1981 4604 2138 4675 ὑμᾶς
2169 4605 2277 4660 τὸν
2301 4605 2567 4674 Ἰησοῦν,
2592 4606 2666 4660 ὃν
2691 4605 2937 4672 Παῦλος
2956 4607 3275 4674 κηρύσσει.
3308 4607 3465 4662 Οὕτω
3498 4611 3676 4668 πάντα

1981 4693 2199 4749 ἐποίουν
2225 4694 2612 4767 πραγματείας
2639 4694 2849 4748 ἕνεκεν.
2888 4694 3030 4766 Ὅρα
3051 4712 3064 4726 ·
3111 4694 3402 4750 πιστεῦσαι
3437 4696 3538 4768 μὲν
3573 4699 3676 4755 οὑκ

1982 4783 2198 4854 ήθελον,
2229 4782 2317 4837 διὰ
2355 4783 2413 4837 δὲ
2455 4782 2548 4838 τοῦ
2583 4782 2848 4854 ὀνόματος
2873 4783 3069 4854 ῆθελον
3095 4785 3381 4839 ἐκϐάλλειν
3402 4787 3530 4852 τοὺς
3557 4787 3676 4844 δαί-

1987 4889 2176 4943 μονας.
2206 4871 2412 4927 Βαϐαίί
2444 4872 2506 4927 τό
2552 4873 2725 4944 ὄνομα
2772 4872 2866 4926 τοῦ
2894 4872 3110 4926 Παύλου
3142 4875 3306 4928 πόσον
3337 4869 3406 4947 ἦν
3433 4877 3444 4929 !
3480 4871 3675 4932 Ἦσαν

1983 4959 2052 5014 δέ
2104 4977 2266 5028 τινες
2303 4960 2420 5016 υίοί
2454 4960 2652 5016 Σκευᾶ
2699 4960 2995 5016 Ἰουδαίου
3049 4962 3368 5032 ἀρχιερέως
3416 4964 3569 5020 ἑπτὰ
3617 4969 3674 5022 οί

1983 5049 2157 5104 τοῦτο
2195 5049 2530 5117 ποιοῦντες.
2575 5049 2924 5119 Ἀποκριθὲν
2971 5049 3040 5104 δὲ
3078 5051 3140 5104 τὸ
3181 5053 3418 5123 πνεῦμα
3456 5054 3522 5108 τὸ
3567 5071 3674 5109 πο·

1983 5139 2188 5210 νηρὸν,
2213 5135 2382 5193 εἶπεν
2409 5139 2612 5207 αὐτοῖς
2633 5157 2649 5172 ο
2697 5139 2807 5194 Τὸν
2839 5139 3075 5207 Ἰησοῦν
3095 5139 3388 5209 γινώσκω,
3429 5142 3529 5196 καί
3566 5142 3674 5198 τὸν

1983 5229 2229 5284 Παῦλον
2263 5227 2606 5298 ἐπίσταμαι,
2634 5228 2806 5298 ὑμεῖς
2833 5227 2902 5282 δὲ
2949 5228 3113 5293 τίνες
3139 5228 3314 5294 ἐστέ;
3349 5230 3456 5284 Καὶ
3485 5234 3672 5300 ἐφαλ-

1977 5316 2235 5385 λόμενος
2259 5315 2350 5368 ἐπ’
2373 5316 2600 5381 αὐτοὺς
2631 5318 2665 5369 ὀ
2695 5317 3029 5386 ἅνθρωπος,
3059 5317 3130 5371 ἐν
3153 5310 3202 5384 ᾧ
3228 5315 3308 5390 ἦν
3335 5319 3402 5371 τὸ
3433 5319 3673 5390 πνεῦμα

1977 5414 2045 5468 τό
2069 5415 2361 5482 πονηρὸν,
2391 5414 2488 5469 καί
2514 5415 3002 5485 κατακυριεῦσαν
3033 5415 3254 5480 αὐτῶν,
3291 5417 3515 5486 ίσχυσε
3541 5419 3672 5473 κατ’

1977 5502 2198 5568 αὐτῶν,
2229 5501 2386 5557 ὥστε
2411 5505 2684 5574 γυμνοὺς
2714 5505 2812 5558 καὶ
2844 5505 3473 5576 τετραυματισμένους
3490 5507 3668 5577 ἐκφυ-

1981 5596 2106 5667 τεῒν
2125 5597 2194 5652 ἐκ
2217 5596 2324 5651 τοῦ
2351 5597 2520 5652 οίκου
2542 5596 2800 5651 ἐκείνου.
2839 5596 3023 5652 Τοῦτο
3049 5595 3119 5649 δὲ
3137 5596 3378 5666 ἐγένετο
3395 5597 3670 5666 γνωστὸν

1977 5693 2168 5749 πᾶσιν
2206 5693 2518 5760 Ἰουδαίοις
2560 5711 2623 5748 τε
2677 5693 2775 5748 καί
2810 5694 3077 5761 Ἕλλησι
3135 5693 3258 5760 τοῖς
3319 5695 3669 5751 κατοικοῦσι

1969 5791 2086 5860 τὴν
2106 5793 2393 5862 Ἔφεσον.
2421 5790 2630 5845 Οὐκοῦν
2650 5791 3020 5853 λανθανόντως
3050 5790 3288 5857 ἐποίουν,
3317 5787 3437 5845 εἶτα
3461 5794 3666 5864 ἐκπομο

1967 5881 2195 5934 πεύεται
2229 5882 2408 5935 αὐτῶν
2444 5883 2478 5952 ή
2523 5881 2799 5934 ἀσθένεια.
2856 5885 2961 5934 Καὶ
3008 5879 3272 5934 ἐπέπεσε
3334 5882 3522 5950 φόϐος
3566 5882 3666 5937 ἐπὶ

1964 5967 2195 6035 πάντας
2251 5970 2496 6034 αὐτοὺς,
2563 5970 2662 6022 καὶ
2725 5969 3128 6038 ἐμεγαλύνετο
3185 5968 3252 6022 τὸ
3304 5969 3494 6036 ὄνομα
3558 5967 3669 6023 τοῦ

1962 6057 2183 6124 Κυρίου
2217 6057 2440 6127 Ἰησοῦ,
2477 6059 2695 6112 πολλοί
2753 6074 2810 6110 τε
2869 6057 2983 6109 τῶν
3031 6056 3521 6112 πεπιστευκότων
3551 6054 3655 6127 ἦρ-
