4076 6494
104 472 209 531 2ΐ9

105 566 300 645 eontra
331 602 461 654 eos,
506 587 576 645 ita
604 594 665 645 ut
690 585 817 642 nudi
844 592 898 641 et
918 584 1085 641 saucii
1130 582 1427 656 eﬁ'ugerent
1470 580 1539 637 de
1564 580 1728 635 domo

106 683 221 737 illa.
257 684 350 738 17.
390 684 512 739 lIoc
540 692 719 739 autem
751 688 937 735 notum
968 678 1169 734 factum
1214 687 1299 735 est
1322 676 1526 732 Iudaeis
1555 686 1722 746 atque

105 776 437 847 gentilibus,
483 776 573 847 qui
628 760 941 829 habitabant
986 770 1207 842 Ephesi.
1241 788 1261 823 ι
1299 770 1462 841 Igitur
1488 768 1625 823 clam
1650 767 1723 820 fa-

105 868 355 933 ciebant,
387 868 594 925 deinde
638 866 909 938 divulgata
957 872 1042 919 est
1083 864 1297 919 illorum
1324 860 1630 917 inﬁrmitas.
1658 857 1726 912 Et

106 961 294 1015 cecidit
328 962 493 1016 timor
518 975 675 1030 super
702 974 877 1013 omnes
925 956 1063 1024 illos,
1108 965 1154 1011 et
1179 953 1607 1027 magni/icabatur
1625 968 1722 1007 no-

107 1070 221 1106 men
248 1050 480 1106 Domini
505 1049 653 1106 Iesu.
682 1050 770 1106 18.
816 1048 1070 1119 lituique
1096 1046 1408 1103 credentium
1440 1042 1719 1109 veniebant,

106 1145 421 1213 conﬁtentes
450 1153 498 1198 et
550 1144 912 1198 annuntiantes
962 1149 1107 1195 actus
1161 1156 1301 1195 suos.
1356 1137 1491 1207 Quia
1522 1146 1721 1192 tantam

108 1242 451 1307 potestatem
507 1232 800 1301 habebant,
832 1242 892 1287 ut
937 1247 1037 1303 per
1089 1230 1355 1287 daemonia
1411 1229 1533 1285 talia
1576 1228 1720 1284 face-

105 1338 251 1393 rent,
287 1328 501 1383 merito
523 1326 638 1382 haec
668 1327 820 1381 ﬁunt.
849 1324 935 1382 19.
971 1343 991 1378 ι
1027 1322 1180 1379 Multi
1203 1331 1384 1378 autem
1416 1336 1483 1377 ex
1516 1319 1602 1387 iis,
1630 1320 1720 1391 qui

105 1423 327 1477 inierant
352 1419 575 1475 curiosa
622 1418 811 1474 sectati
835 1459 851 1485 ,
904 1416 1255 1473 contulerunt
1284 1414 1470 1477 libros,
1495 1420 1550 1468 et
1575 1426 1724 1467 eont-

105 1514 405 1569 busserunt
446 1526 631 1569 coram
659 1509 910 1566 omnibus
938 1525 952 1563 :
982 1517 1036 1564 et
1064 1505 1392 1579 computatis
1445 1504 1634 1576 pretiis
1658 1503 1722 1557 il-

106 1606 307 1670 lumin,
362 1606 703 1661 invenerunt
733 1602 1017 1673 pecuniam
1062 1598 1411 1656 denariorum
1452 1596 1718 1667 quinqua-

104 1697 251 1767 ginta
288 1695 553 1750 millium.
580 1692 671 1747 ΞΟ.
703 1692 777 1747 Ita
807 1691 1019 1747 fortiter
1032 1686 1320 1746 crescebat
1344 1687 1570 1743 verbum
1600 1684 1716 1750 Dei,

106 1799 156 1846 et
175 1786 632 1843 conﬁrmabatur.
667 1804 687 1839 ι
731 1783 985 1840 Videntes
1022 1790 1203 1838 autem
1250 1795 1319 1837 ex
1348 1778 1433 1835 his
1460 1780 1718 1848 deinceps

106 1880 378 1935 niliil‘sibi
410 1880 665 1937 utilitatis
717 1877 855 1946 fore,
900 1884 1222 1932 exusserant
1263 1875 1471 1931 libros:
1504 1873 1718 1945 quando

106 1976 205 2045 ipsi
237 1973 529 2035 daemones
552 1972 651 2027 hoc
673 1970 896 2026 faciunt.
920 1969 1036 2026 Non
1061 1984 1192 2041 ergo
1210 1983 1405 2025 nomen
1433 1966 1712 2038 quidpiam

105 2064 249 2132 facit,
287 2064 397 2123 nisi
430 2080 556 2121 cum
600 2064 702 2119 ﬁde
732 2062 961 2119 dicatur.
1013 2062 1159 2118 Bene
1189 2076 1318 2133 ergo
1337 2060 1552 2117 dicebat
1571 2100 1587 2127 ,
1616 2060 1717 2125 Qui

106 2154 268 2208 credit
296 2155 354 2209 in
376 2170 494 2223 nte,
535 2155 731 2226 majora
773 2154 922 2226 faciet
956 2153 976 2227 (
995 2152 1157 2213 Joan.
1188 2153 1273 2209 H.
1304 2152 1442 2224 12.),
1476 2151 1715 2233 has‘um-

106 2244 231 2299 bras
263 2246 575 2302 insinuans.
608 2244 743 2300 Vide
769 2244 1041 2316 quomodo
1079 2245 1243 2301 armis
1263 2252 1451 2300 contra
1506 2244 1715 2315 seipsos

108 2337 185 2391 ttsi
215 2346 367 2392 sunt.
431 2336 502 2391 Et
547 2336 856 2407 disputabat,
904 2336 1101 2406 inquit,
1160 2336 1216 2391 in
1259 2335 1436 2393 schola
1485 2334 1715 2407 Tyranni

106 2431 378 2500 cujusth
407 2447 501 2502 per
529 2447 693 2486 annos
720 2430 873 2485 duos.
902 2428 1007 2487 Ubi
1060 2428 1252 2494 ﬁdeles
1272 2437 1431 2487 erant
1452 2472 1467 2498 ,
1520 2430 1713 2486 admo-

112 2522 233 2576 dum
277 2532 443 2579 erant
484 2522 695 2579 ﬁdeles.
742 2523 819 2579 Ita
850 2522 982 2579 nihil
1013 2538 1264 2595 magnum
1304 2523 1565 2595 putabant
1590 2539 1713 2581 esse

108 2613 287 2669 Jesum
314 2657 331 2681 ,
366 2616 809 2689 quandoquidem
853 2624 909 2673 et
946 2616 1171 2672 Paulum
1213 2615 1502 2681 addidere.
1535 2617 1709 2689 ipsum

110 2703 227 2759 hinc
283 2720 545 2777 magnum
598 2706 874 2778 quidpiam
925 2721 1048 2763 esse
1095 2714 1283 2777 putare
1338 2706 1707 2763 ostendentes.

110 2794 199 2848 llic
221 2797 410 2852 mirari
440 2796 607 2864 subit,
636 2797 909 2868 quomodo
946 2798 1161 2854 daemon
1195 2798 1289 2855 ille
1314 2799 1711 2856 exorcistarum

110 2890 275 2943 errori
306 2906 417 2946 non
462 2900 787 2963 cooperatus
841 2902 945 2959 est,
989 2891 1084 2947 sed
1135 2892 1409 2964 redarguit
1448 2889 1624 2960 illum,
1656 2903 1712 2949 et

109 2992 323 3035 scenam
356 2996 551 3037 eorum
584 2983 855 3052 patefecit.
887 2982 1015 3037 Mihi
1048 2982 1262 3038 videtur
1285 2983 1441 3039 valde
1483 2999 1711 3042 succen-

110 3070 298 3139 suisse,
328 3089 395 3130 ac
421 3074 469 3131 si
500 3075 620 3144 quis
640 3075 710 3131 de
740 3076 1000 3132 extremis
1041 3076 1371 3147 periclitans,
1428 3093 1457 3133 a
1507 3080 1709 3135 misero

115 3163 343 3230 quodam
371 3175 429 3223 et
459 3182 769 3224 aerumnosa
795 3167 1079 3233 refutetur,
1112 3176 1166 3223 et
1192 3171 1425 3224 furorem
1447 3184 1603 3225 suum
1627 3178 1709 3226 to-

112 3260 223 3310 tum
242 3257 297 3313 in
319 3259 476 3315 illum
503 3275 803 3318 exonerare
831 3262 986 3317 velit.
1019 3262 1097 3318 Ne
1119 3262 1568 3319 videretur-enim
1598 3280 1701 3320 no-

112 3362 226 3404 men
256 3349 386 3407 Jesu
435 3352 737 3425 despicere,
789 3353 967 3425 primo
1016 3352 1193 3423 ipsum
1224 3354 1540 3421 confessus,
1577 3363 1707 3411 tunc

113 3451 430 3507 potestatem
461 3446 669 3516 accepit
724 3445 794 3503 Ut
837 3456 1017 3501 autem
1048 3445 1313 3517 probetur
1356 3461 1466 3499 non
1512 3461 1579 3501 ex
1604 3445 1704 3503 de-

115 3531 312 3590 bilitate
345 3538 603 3605 nominis,
635 3538 730 3592 sed
758 3552 823 3593 ex
867 3536 1079 3591 illorum
1128 3536 1316 3593 fraude
1360 3543 1530 3592 totum
1560 3539 1705 3594 acci-

114 3624 271 3695 disse,
296 3644 395 3685 cur
422 3646 530 3685 non
564 3629 745 3686 Paulo
777 3629 885 3685 tale
919 3628 1195 3699 quidpiam
1223 3628 1497 3699 contigit?
1523 3627 1593 3683 Et
1622 3635 1702 3687 iu-

114 3716 311 3783 siliens,
360 3720 555 3791 inquit,
604 3720 753 3775 homo
783 3720 838 3774 in
867 3719 1004 3773 illos.
1051 3717 1212 3775 Forte
1241 3718 1459 3775 discidit
1490 3719 1701 3778 illorum

113 3817 299 3877 vestes,
354 3823 410 3868 et
445 3814 619 3883 capita
651 3811 930 3869 dilaniavit
960 3828 973 3863 :
1007 3811 1111 3866 hoc
1150 3810 1296 3866 enim
1339 3810 1595 3867 indicavit
1620 3813 1703 3870 di-

115 3915 254 3967 cens,
286 3900 566 3969 lmitiens;
611 3904 663 3959 id
706 3912 810 3968 est,
858 3894 989 3958 cum
1030 3904 1232 3973 impetu
1280 3903 1517 3969 irruens,
1545 3904 1615 3960 ita
1644 3917 1703 3964 ut

116 3981 221 4038 lucc
248 3984 424 4043 facere
452 3997 654 4057 posset.
681 3988 818 4057 Quid
864 3988 965 4043 sibi
1020 3988 1153 4054 vult,
1196 3987 1476 4044 Discedens
1496 3991 1559 4044 ab
1586 3991 1657 4045 eis
1678 4032 1694 4058 ,

116 4080 375 4147 segregavit
413 4080 738 4150 discipulos!
776 4078 1020 4146 Illorum,
1045 4080 1235 4149 inquit,
1265 4078 1696 4136 maledicentiam

116 4166 351 4223 succidit.
388 4169 505 4227 Hoc
546 4178 731 4227 autem
760 4169 887 4226 facit
929 4179 981 4226 et
1012 4169 1274 4236 abscedit,
1326 4172 1451 4241 quia
1480 4172 1700 4242 nolebat

118 4253 317 4311 illorum
358 4259 615 4316 invidiam
662 4260 1012 4327 succendere,
1045 4276 1221 4332 neque
1250 4262 1303 4317 in
1332 4264 1595 4332 majorem
1625 4265 1698 4320 ri-

118 4360 227 4402 xam
258 4348 499 4409 incitare.
528 4353 663 4409 Illud
690 4364 889 4421 autem,
943 4352 1285 4410 Fiducialitcr
1312 4357 1515 4429 agebat,
1539 4357 1693 4427 dicit,

119 4435 407 4505 signiﬁcans
448 4444 623 4514 ipsum
668 4444 733 4500 ad
778 4444 1015 4514 pericula
1060 4455 1329 4518 paratum,
1374 4447 1574 4503 clarius
1597 4464 1697 4504 nec

120 4525 348 4599 dvgmata
364 4536 775 4592 obumbrantem
795 4536 1117 4607 disputasse.
1141 4537 1279 4594 liinc
1299 4538 1559 4597 discimus
1586 4556 1693 4597 non

122 4632 209 4672 nos
235 4620 534 4682 immiscere
560 4641 682 4683 cum
711 4627 988 4682 maledicis
1013 4670 1029 4696 ,
1060 4628 1153 4683 sed
1185 4629 1255 4683 ab
1286 4630 1396 4693 illis
1423 4630 1689 4687 abscede-

123 4722 190 4763 re.
220 4710 329 4768 Non
358 4718 639 4775 maledixit
661 4719 775 4789 ipse
794 4759 809 4784 ,
837 4734 959 4772 eum
1018 4720 1160 4775 male
1187 4719 1436 4787 audiret,
1468 4723 1575 4777 imo
1592 4738 1693 4794 po-

122 4802 217 4856 tius
240 4811 472 4877 quotidie
496 4811 818 4882 disputabat,
850 4822 906 4867 et
932 4811 1034 4868 bac
1060 4813 1293 4869 maxime
1321 4816 1529 4871 ratione
1555 4817 1697 4873 mul-

125 4900 196 4947 tos
224 4896 317 4952 sibi
338 4904 655 4970 concilians,
683 4903 826 4973 quod
868 4905 1114 4975 quamvis
1142 4906 1282 4961 mala
1316 4907 1549 4977 audiret,
1583 4924 1693 4966 non

123 4982 403 5049 discederet
427 5010 604 5065 neque
630 5004 992 5066 separaretur.
1025 4997 1094 5053 Et
1123 4998 1374 5066 observa,
1406 5010 1693 5072 postquam

127 5083 327 5139 tentatio
356 5088 422 5143 ab
445 5090 687 5145 externis
704 5091 956 5155 cessavit,
986 5106 1015 5145 a
1046 5091 1636 5164 daemonibus'incepit.

189 5173 475 5235 Jttdteorum
519 5185 734 5237 caecitas.
782 5212 853 5225 -—
892 5183 1081 5239 Viden‘
1140 5186 1437 5241 cazcitatem
1505 5186 1692 5243 Iudai-

127 5266 265 5318 eam?
292 5268 415 5327 Cum
455 5272 701 5328 viderent
735 5285 915 5341 vestes
957 5277 1076 5346 ejus
1112 5287 1423 5347 operantes,
1462 5295 1568 5334 non
1591 5279 1691 5336 ad-

131 5358 402 5419 vertebant.
432 5364 575 5433 Quid
614 5364 716 5421 hoc
752 5368 925 5437 majus
960 5382 1081 5425 esse
1132 5370 1342 5439 possit?
1384 5372 1456 5426 At
1492 5372 1598 5427 illis
1639 5372 1691 5428 in

132 5454 427 5512 ροιιιττιτίυιιι
482 5472 569 5511 res
623 5472 778 5513 versa
835 5469 937 5513 est.
987 5460 1043 5516 Si
1092 5462 1214 5531 quis
1267 5463 1550 5533 gentilium
1583 5480 1690 5521 non

131 5535 314 5607 credat,
340 5545 528 5601 videns
572 5548 815 5603 umbram
860 5548 972 5605 haec
997 5563 1334 5621 operantem,
1360 5555 1567 5610 credat.
1602 5557 1693 5613 Sic

136 5636 189 5675 ει
209 5642 283 5693 eo,
316 5641 445 5704 quod
484 5640 552 5694 ab
578 5640 683 5695 illis
712 5642 1014 5699 discederet
1035 5685 1049 5706 ,
1075 5647 1321 5703 maledici
1366 5657 1422 5703 et
1474 5650 1566 5719 qui
1595 5650 1691 5705 do-

137 5728 236 5778 tim-1
278 5726 765 5800 calumniabantur,
818 5748 1143 5807 superantur
1182 5740 1311 5809 (hoc
1358 5744 1501 5797 enim
1546 5745 1685 5797 viam

140 5815 336 5901 ῖξυεατὶι)
362 5838 372 5871 :
402 5824 488 5879 ille
516 5840 643 5879 vero
672 5826 917 5893 discedit,
947 5839 1005 5883 ιιι
1050 5846 1226 5901 neque
1254 5832 1503 5901 discipuli
1532 5849 1680 5890 sece-

144 5898 303 5967 derent
334 5931 497 5991 neque
530 5922 646 5977 illos
670 5922 735 5977 ad
790 5923 919 5978 iram
947 5925 1271 5997 concitaret,
1306 5928 1593 5984 ostendens
1622 5930 1687 5984 il-

1135 468 1197 526 IN
1238 466 1416 525 ACTA
1458 462 1986 523 AI‘OSTOLORUM.
2029 460 2260 520 HOMIL.
2296 459 2437 519 XLI.

3339 466 3444 522 290

1841 576 1923 633 los
1945 575 2144 648 ubique
2174 577 2403 633 salutem
2454 577 2740 649 repellere.
2785 578 2851 634 Et
2887 579 3001 651 jam
3046 580 3153 637 Illis
3183 595 3288 638 non
3323 596 3445 641 sese

1820 677 2051 740 purgat,
2079 684 2147 725 eo
2171 669 2315 740 quod
2346 678 2539 743 gentes
2585 670 2786 742 ubique
2830 673 3135 729 crederent.
3167 673 3235 730 Et
3262 674 3441 746 dispu—

1836 768 1934 827 tat,
1976 774 2083 817 non
2131 762 2381 832 quemvis
2417 762 2595 818 locum
2642 778 2928 835 quaerens,
2972 766 3083 822 sed
3105 767 3197 822 ubi
3254 767 3442 823 schola

1834 861 1971 919 erat,
1996 855 2146 925 quasi
2175 855 2626 923 commodiorem,
2665 870 2732 913 eo
2771 856 2916 928 quod
2944 858 3015 913 ibi
3043 874 3441 932 congregaren-

1837 952 1943 999 tur.

1902 1038 1955 1095 2.
1992 1040 2172 1112 Papae,
2205 1050 2406 1119 quanta
2428 1042 2769 1099 credentium
2806 1045 2980 1101 virtus
3004 1085 3021 1113 ,
3047 1061 3211 1116 quum
3242 1055 3296 1102 et
3318 1047 3441 1102 aliis

1831 1145 2043 1203 quoque
2072 1134 2261 1189 eadem
2294 1135 2410 1206 ipsa
2464 1133 2648 1193 facere
2679 1136 3046 1193 concedatur!
3075 1148 3273 1209 quanta
3307 1155 3439 1195 vero

1830 1226 2047 1281 caecitas
2076 1242 2290 1293 eorum,
2324 1228 2414 1299 qui
2436 1229 2744 1285 etiamdum
2776 1230 2948 1287 virtus
2981 1230 3067 1287 illa
3099 1231 3441 1287 demonstra-

1830 1327 2012 1386 retur,
2042 1318 2096 1373 in
2142 1318 2521 1375 incredulitate
2562 1322 2874 1378 manebant.
2920 1321 2990 1378 Ut
3037 1322 3198 1394 igitur
3246 1322 3435 1379 Simon

1826 1408 1963 1465 lucri
1987 1425 2148 1467 causa
2174 1412 2405 1483 gratiam
2440 1411 2676 1484 Spiritus
2706 1414 3024 1486 quierebat,
3056 1414 3137 1471 sic
3166 1425 3220 1472 et
3252 1414 3305 1470 hi
3336 1430 3435 1471 ea-

1826 1499 1950 1557 dem
1986 1501 2055 1557 de
2079 1517 2245 1559 causa
2288 1504 2523 1575 idipsum
2569 1504 2859 1561 faciebant.
2910 1506 3124 1576 Quanta
3168 1506 3433 1563 caecitas?

1828 1590 1897 1646 Et
1935 1606 2105 1663 quare
2155 1593 2360 1650 Paulus
2402 1610 2511 1650 non
2557 1595 2839 1667 increpat?
2868 1596 3002 1665 Quia
3043 1598 3218 1654 visum
3247 1597 3436 1655 fuisset

1827 1682 1930 1740 hoc
1951 1698 2019 1740 ex
2042 1685 2243 1741 invidia
2295 1686 2447 1755 ﬁeri;
2490 1687 2614 1745 ideo
2633 1703 2723 1745 res
2764 1689 2835 1745 ita
2868 1690 3239 1761 dispensatur.
3268 1691 3359 1749 Sic
3377 1702 3437 1748 et

1822 1776 2041 1834 Christo
2074 1778 2302 1847 accidit;
2340 1780 2435 1837 sed
2490 1788 2615 1837 tunc
2663 1798 2770 1838 non
2814 1783 3209 1854 impediebatur
3256 1786 3426 1858 (nam

1825 1878 1951 1927 tunc
1973 1870 2185 1927 initium
2210 1888 2390 1929 rerum
2415 1882 2531 1930 erat
2556 1874 2603 1947 ),
2628 1875 2892 1946 siquidem
2923 1886 2977 1933 et
3006 1876 3174 1933 ludas
3201 1878 3286 1934 fur
3316 1894 3425 1935 non

1823 1963 2217 2031 cohibebatur;
2268 1966 2508 2023 Ananiae
2564 1981 2698 2024 vero
2748 1978 2804 2024 et
2843 1968 3112 2041 Sapphira
3163 1969 3429 2028 intcrfccti

1821 2065 1945 2109 sunt
1976 2071 1993 2114 ;
2028 2056 2292 2127 multique
2308 2056 2480 2114 Judaei
2528 2057 2884 2127 obsistentes,
2917 2060 3050 2116 nihil
3074 2063 3220 2134 passi
3253 2072 3421 2132 sunt;

1822 2145 2039 2217 Elymas
2064 2163 2190 2203 vero
2220 2158 2527 2207 exczecatus
2565 2160 2669 2207 est.
2710 2150 2833 2207 Non
2862 2154 3023 2222 enim,
3056 2155 3253 2226 inquit,
3285 2158 3421 2226 veni,

1820 2246 1876 2290 ut
1895 2238 2123 2306 judicem
2148 2241 2418 2307 mundum,
2454 2242 2545 2297 sed
2569 2252 2625 2297 ut
2648 2243 2873 2298 salvetur
2916 2246 3139 2301 mundus
3165 2246 3347 2318 (Joan.
3372 2251 3426 2306 5.

1821 2328 1935 2400 17).
1973 2329 2106 2387 Vide
2132 2347 2248 2387 rem
2278 2332 2665 2389 exsecrandam
2687 2352 2701 2391 :
2723 2334 2895 2392 Judaei
2924 2336 3102 2393 adhuc
3118 2350 3424 2409 manentes,

1818 2434 1887 2475 ex
1916 2419 2033 2491 ipso
2064 2422 2287 2478 nomine
2338 2424 2536 2479 lucrari
2582 2425 2871 2482 volebant:
2903 2428 3086 2500 itaque
3124 2432 3307 2488 omnia
3355 2434 3423 2490 ad

1818 2510 2045 2581 gloriam
2068 2521 2122 2566 et
2147 2513 2358 2569 lucrum
2403 2513 2694 2572 faciebant.
2743 2516 2993 2588 Undique
3018 2519 3143 2577 vide
3167 2520 3421 2582 homines

1819 2616 1926 2655 non
1959 2600 2029 2657 ita
2077 2618 2175 2674 per
2231 2605 2407 2671 utilia,
2466 2614 2525 2662 ut
2578 2622 2675 2677 per
2727 2609 2986 2664 terribilia
3038 2615 3305 2670 converti.
3342 2616 3427 2672 Ex

1816 2690 2097 2763 Sapphirat
2148 2697 2401 2767 exemplo
2441 2707 2621 2754 terror
2668 2700 2859 2756 incidit
2910 2702 2963 2757 in
3016 2703 3338 2775 Ecclesiam,
3371 2719 3428 2765 et

1815 2783 1903 2838 alii
1940 2800 2047 2840 non
2076 2786 2347 2843 audebant
2376 2803 2437 2844 se
2467 2789 2799 2872 conjungere
2841 2792 2948 2847 illis
2972 2794 2991 2865 (
3016 2793 3133 2849 Act.
3160 2797 3216 2852 5.
3242 2798 3357 2872 i3)
3400 2819 3414 2856 :

1816 2875 1904 2931 bic
1929 2876 2143 2932 sudaria
2167 2886 2221 2933 et
2248 2879 2583 2937 semicinctia
2606 2882 2947 2953 accipiebant
2971 2893 3026 2939 et
3050 2888 3420 2959 sanabantur;

1816 2976 1870 3022 et
1914 2976 2101 3037 postea
2146 2970 2441 3027 veniebant
2484 2982 2544 3028 ut
2589 2976 2984 3032 conﬁterentur
3027 2989 3247 3049 peccata
3302 2998 3421 3042 sua.

1816 3058 1897 3115 Ex
1926 3076 2014 3129 eo,
2044 3058 2189 3134 quod
2229 3062 2492 3131 insiliret,
2524 3066 2831 3122 ostenditur
2873 3068 3182 3127 daemonum
3228 3089 3425 3147 magna

1812 3152 2059 3222 quaedam
2087 3154 2189 3220 vis,
2218 3170 2341 3210 cum
2369 3167 2558 3213 contra
2592 3158 2838 3215 inﬁdeles
2867 3170 3052 3233 agunt.
3087 3163 3156 3219 Et
3183 3180 3282 3221 cur
3309 3184 3421 3225 non

1812 3239 1951 3298 dixit
2000 3243 2226 3316 spiritus
2270 3246 2481 3303 malus:
2512 3246 2645 3317 Quis
2687 3258 2775 3305 est
2823 3249 3025 3307 Iesus?
3066 3255 3161 3310 sed
3208 3257 3419 3316 inutilia

1811 3336 1979 3391 verba
2034 3339 2303 3408 protulit?
2353 3339 2624 3410 Timebat,
2684 3358 2754 3399 ne
2804 3343 2922 3415 ipse
2980 3361 3170 3416 paruas
3215 3349 3421 3410 daret:

1811 3425 2021 3483 sciebat
2057 3429 2202 3483 enim
2242 3428 2403 3499 hujus
2431 3432 2669 3487 nominis
2723 3433 2923 3491 virtute
2959 3450 3281 3495 concessum
3312 3443 3415 3499 sibi

1810 3516 1995 3583 fuisse,
2032 3527 2091 3576 ut
2117 3520 2371 3577 illusores
2397 3522 2520 3580 illos
2540 3525 2921 3582 ulcisceretur.
2951 3529 3063 3585 Cur
3090 3542 3274 3590 autem
3306 3540 3411 3591 mi-

1808 3611 1917 3666 seri
1946 3611 2023 3667 illi
2053 3628 2160 3667 non
2188 3614 2445 3671 dixerunt
2473 3616 2546 3682 ei,
2572 3615 2861 3673 Credimus
2888 3619 2912 3674 ἲ
2955 3620 3242 3681 Timebant
3273 3628 3417 3684 Pan-

1810 3698 1921 3757 lum
1946 3717 2313 3774 :quamquam
2344 3706 2516 3763 multo
2560 3708 2824 3764 clariores
2857 3708 3021 3766 futuri
3051 3726 3227 3784 erant,
3255 3718 3300 3773 si
3329 3719 3420 3775 .Ic-

1807 3807 1928 3847 sum
1979 3794 2266 3850 Dominum
2320 3798 2691 3868 agnovissent.
2742 3799 2813 3855 Et
2860 3802 3100 3873 alioquin
3156 3807 3230 3872 id,
3268 3814 3416 3881 quod

1808 3885 2073 3957 Philippis
2129 3889 2391 3961 contigit,
2420 3890 2543 3946 illos
2592 3891 2922 3950 emendavit.
2978 3896 3057 3951 'I‘u
3101 3914 3231 3955 vero
3282 3905 3413 3961 mihi

1805 3979 2115 4045 considera,
2141 3996 2302 4050 quam
2352 3981 2631 4039 modestus
2680 3984 2784 4041 hoc
2826 3986 2947 4043 loco
2973 3990 3041 4045 sit
3071 3993 3326 4065 scriptor,
3358 4010 3415 4054 et

1804 4072 2080 4143 quomodo
2120 4072 2402 4129 historiam
2454 4075 2631 4132 solum
2671 4077 2909 4149 scribat,
2962 4096 3061 4138 nec
3101 4092 3411 4159 quempiam

1805 4172 2043 4221 accuset.
2076 4164 2191 4221 Hoc
2216 4167 2490 4237 apostolos
2536 4169 2813 4226 mirabiles
2840 4173 3122 4233 reddebat.
3156 4178 3225 4235 Et
3257 4187 3412 4253 cujus

1804 4266 1989 4312 essent
2014 4255 2108 4312 ﬁlii
2132 4257 2283 4325 dicit,
2312 4266 2366 4312 et
2396 4273 2592 4315 nomen
2616 4270 2667 4316 et
2697 4277 3005 4333 numerum,
3039 4268 3174 4325 dans
3200 4272 3286 4341 iis,
3320 4279 3411 4345 qui

1804 4357 1931 4405 tunc
1957 4359 2130 4417 erant,
2188 4360 2399 4407 certum
2448 4355 2777 4412 narrationis
2817 4372 2930 4414 sua:
2980 4359 3259 4420 indicium.
3298 4367 3414 4427 Cur

1803 4453 1984 4498 autem
2022 4444 2321 4501 circuibant
2343 4445 2467 4500 illi?
2500 4446 2659 4502 Lucri
2686 4462 2883 4516 causa,
2932 4466 3039 4507 non
3083 4465 3137 4510 ιιι
3181 4460 3406 4517 verbum

1802 4537 2189 4591 annuntiarent
2218 4555 2231 4591 :
2264 4538 2538 4608 quomodo
2586 4540 2773 4595 enim?
2820 4541 2968 4600 Bene
2995 4555 3175 4603 autem
3216 4567 3403 4610 curre-

1801 4628 1931 4683 bant
1954 4637 2138 4699 postea
2164 4669 2179 4694 ,
2225 4629 2580 4699 praedicantes
2621 4648 2719 4701 per
2764 4650 2825 4689 ca
2878 4651 2999 4707 quae
3044 4642 3404 4711 patiebantur.

1801 4720 1981 4789 Quare
2012 4721 2115 4777 hoc
2139 4720 2427 4779 declarans
2453 4724 2527 4778 ait
2554 4742 2567 4779 :
2600 4722 2669 4777 Et
2694 4735 2871 4781 notum
2904 4733 3107 4799 factum
3133 4744 3205 4789 est
3232 4743 3399 4794 omni-

1804 4814 1895 4869 bus
1952 4825 2055 4868 tam
2124 4813 2327 4871 Judteis
2379 4832 2535 4885 quam
2593 4820 2901 4888 gentilibus,
2950 4827 3036 4892 qui
3112 4829 3409 4896 habitabant

1802 4906 2014 4978 Ephesi.
2046 4906 2258 4976 Nonne,
2279 4923 2489 4979 quazso,
2509 4912 2672 4965 etiam
2695 4928 2807 4979 eos,
2838 4917 2930 4983 qui
2958 4916 3207 4977 duriores
3228 4940 3404 4996 erant,

1810 5008 2131 5063 convertere
2153 4999 2372 5055 debuit?
2392 4997 2498 5057 Sed
2530 5017 2638 5057 non
2668 5008 2963 5074 convertit;
2998 5025 3100 5067 nec
3132 5014 3351 5074 mireris
3382 5040 3396 5075 :

1816 5092 2036 5147 malitia:
2063 5093 2209 5147 enim
2240 5092 2375 5147 nihil
2402 5104 2485 5149 est
2524 5096 2666 5166 quod
2717 5100 3222 5177 persuadeat.,Age
3252 5126 3403 5183 vero,

1812 5187 1916 5241 hoc
1945 5188 2333 5244 exorcistarum
2382 5204 2517 5260 opus
2548 5191 2827 5247 videamus
2855 5207 3069 5265 quantm
3109 5200 3179 5257 sit
3208 5208 3403 5275 nequi-

1803 5280 1913 5335 tiae.
1960 5277 2071 5335 Cur
2104 5288 2287 5335 autem
2334 5280 2435 5336 hoc
2477 5282 2578 5337 sub
2622 5283 2841 5340 Christo
2906 5303 3012 5343 non
3078 5295 3405 5367 contigerit,

1804 5374 2049 5440 alterius,
2076 5389 2184 5428 non
2215 5377 2497 5444 praesentis
2541 5380 2799 5447 temporis
2828 5390 2914 5436 est
2941 5382 3276 5456 disquirere;
3312 5408 3405 5447 ve-

1812 5482 1930 5520 rum
1972 5467 2114 5537 quod
2160 5467 2269 5537 jam
2325 5468 2546 5537 pulchre
2587 5480 2643 5525 et
2674 5472 2875 5527 utiliter
2904 5477 3115 5533 accidit.
3180 5480 3411 5541 Videtur

1802 5558 1944 5612 enim
1976 5558 2095 5611 illos
2129 5558 2382 5613 irridendi
2416 5574 2577 5615 causa
2626 5562 2727 5617 hoc
2752 5562 2945 5621 fecisse
2975 5584 2989 5631 ;
3026 5568 3252 5640 ideoque
3294 5576 3408 5643 ple-

1802 5657 2051 5705 ctuntur;
2076 5650 2145 5704 ita
2173 5660 2233 5704 ut
2254 5650 2478 5721 posthac
2509 5668 2669 5709 nemo
2687 5655 2911 5711 auderet
2942 5667 3147 5716 temere
3176 5662 3278 5718 hoc
3308 5683 3404 5723 uo-

1804 5757 1925 5796 men
1956 5742 2219 5811 proferre.
2248 5743 2360 5799 lloc
2385 5745 2627 5802 ﬁdelium
2674 5748 2870 5803 multos
2911 5750 2979 5805 ad
3005 5754 3404 5818 confessionem

1804 5835 2048 5900 deduxit,
2075 5836 2177 5889 hoc
2204 5845 2259 5890 et
2283 5836 2528 5893 timerent
2555 5839 2685 5911 ipsis
2715 5840 2939 5897 incussit
2957 5883 2975 5909 ,
3005 5847 3408 5921 maximumque

1808 5930 1909 5985 hoc
1934 5939 2307 6001 argumentum
2342 5933 2436 5987 luit
2467 5934 2635 5990 Deum
2660 5938 2837 5991 omnia
2871 5951 3056 5996 nosse.
3082 5940 3403 6018 Priusquam
