4076 6488
711 444 806 500 291

708 574 736 613 a
784 553 1112 612 dannonibns
1165 550 1629 621 redarguereutur,
1677 545 1882 615 seipsos
1905 542 2263 605 accusabant,

711 648 959 703 timentes
1010 660 1077 700 ne
1126 643 1310 697 eadem
1370 650 1709 710 paterentur;
1760 645 1814 692 et
1871 636 1992 705 jure
2040 634 2277 704 quidem.

709 738 931 805 Quando
952 736 1095 791 enim
1138 734 1410 802 adjutores
1447 731 1719 785 daemones
1740 770 1755 793 ,
1784 737 2127 781 accusatores
2164 725 2280 777 illo-

711 846 824 884 rum
856 838 1032 891 erant,
1065 842 1168 881 non
1200 825 1577 885 auxiliatores,
1610 822 1784 891 qualis
1810 835 1935 889 spes
1978 825 2277 887 supererat,

709 923 807 975 nisi
833 920 1103 975 conl'eSsio
1140 934 1233 988 per
1270 915 1480 986 opem?
1518 914 1652 968 Vide
1691 921 1887 983 quanta
1921 910 2067 965 brevi
2096 919 2279 973 pOStea

707 1013 845 1067 mala
865 1011 1112 1066 eveniant
1148 1017 1265 1078 post
1294 1017 1368 1060 tot
1414 1007 1545 1060 facta
1571 1006 1740 1073 signa.
1800 1002 1945 1057 Talis
1974 1003 2171 1070 quippe
2198 1010 2282 1055 est

708 1108 935 1160 humana
958 1114 1139 1157 natura
1170 1120 1182 1155 :
1215 1101 1391 1154 statim
1411 1098 1788 1153 beneﬁciorum
1819 1095 2169 1150 obliviscitur.

775 1196 947 1250 Terra:
962 1205 1120 1247 metus
1141 1190 1595 1258 Constantinopoli.
1623 1181 1693 1228 '—
1714 1191 1903 1242 Annon
1928 1185 2268 1250 meministis,

705 1289 931 1358 idipsum
991 1286 1149 1340 etiam
1199 1282 1396 1336 nostris
1450 1278 1781 1349 temporibus
1845 1274 2143 1331 accidisse?
2188 1274 2282 1328 Dic

703 1383 845 1436 enim
874 1379 998 1434 mihi
1027 1395 1039 1431 :
1073 1391 1248 1429 nonne
1274 1389 1414 1428 anno
1437 1372 1713 1441 superiore
1740 1368 2011 1425 concussit
2040 1368 2181 1422 Deus
2206 1366 2283 1419 ci-

704 1475 921 1526 vitatem
980 1478 1142 1523 totam
1183 1469 1298 1537 (a)?
1353 1466 1490 1534 Quid
1543 1464 1714 1519 vero?
1769 1479 1945 1517 nonne
1984 1474 2169 1516 omnes
2213 1460 2279 1513 ad

705 1564 1021 1634 baptismum
1043 1560 1406 1615 accedebant?
1431 1572 1608 1613 nonne
1633 1565 1974 1621 scortatores,
2008 1553 2198 1607 molles
2228 1560 2283 1607 et

703 1660 936 1727 corrupti
991 1656 1253 1716 homines.
1306 1652 1504 1707 relictis
1552 1649 1798 1704 domibus
1848 1656 1901 1703 ct
1945 1646 2279 1710 habitaculis,

702 1749 944 1804 conversi
992 1756 1044 1801 et
1086 1746 1156 1815 pii
1208 1744 1382 1798 elTecti
1437 1746 1597 1796 sunt?
1649 1740 1747 1795 Ubi
1802 1750 1979 1794 autem
2017 1747 2124 1792 tres
2167 1736 2282 1790 dies

704 1842 1051 1901 transierunt,
1082 1850 1265 1891 rursus
1305 1834 1370 1888 ad
1404 1832 1677 1901 pristinam
1716 1830 1919 1886 reversi
1946 1836 2069 1883 sunt
2094 1826 2280 1897 nequi-

702 1932 847 1985 tiam.
874 1928 1024 1985 Unde
1055 1928 1157 1982 hoc
1182 1924 1484 1992 contingit?
1508 1921 1586 1975 Ex
1615 1921 1822 1990 ignavia
1856 1918 2041 1973 multa.
2079 1915 2280 1986 Ecquid

702 2021 913 2084 mirum,
934 2019 975 2073 si
1000 2018 1084 2072 ubi
1105 2032 1191 2071 res
1214 2016 1559 2079 transierunt,
1586 2012 1798 2082 quando
1830 2009 2145 2079 imaginibus
2170 2022 2283 2076 per-

704 2124 865 2182 petuo
895 2108 1231 2165 manentibus
1258 2107 1359 2160 huc
1396 2106 1569 2173 ipsum
1608 2102 1826 2157 evenit?
1864 2100 1993 2167 Quae
2022 2099 2073 2152 in
2108 2097 2280 2155 Sodo-

703 2202 823 2261 mis.
855 2201 938 2253 die
963 2199 1109 2263 mihi,
1156 2211 1333 2249 nonne
1376 2203 1632 2263 perpetuo
1662 2191 1919 2244 manent?
1952 2188 2087 2255 Quid
2117 2187 2282 2255 ergo?

699 2311 765 2348 an
794 2293 946 2347 vicini
978 2298 1257 2360 propterea
1284 2286 1532 2341 meliores
1551 2284 1674 2339 lacti
1699 2284 1855 2338 sunt?
1878 2282 2111 2336 Minime.
2145 2280 2282 2346 Quid

703 2398 757 2443 et
788 2388 923 2441 lilius
952 2384 1100 2439 Noe?
1148 2397 1325 2437 nonne
1371 2381 1490 2435 talis
1539 2378 1699 2433 erat?
1739 2392 1918 2432 nonne
1959 2385 2155 2429 tantam
2186 2375 2283 2428 sub

702 2479 871 2533 oculis
922 2476 1125 2530 habens
1170 2471 1532 2533 solitudinem,
1579 2469 1750 2523 malus
1786 2478 1959 2521 tamen
2002 2465 2159 2519 erat?
2206 2462 2283 2518 Ne

703 2572 959 2627 miremur
1002 2583 1151 2635 ergo,
1205 2565 1249 2619 si
1293 2564 1375 2617 his
1425 2564 1496 2616 ita
1548 2560 1712 2631 gestis
1765 2572 1870 2612 non
1914 2556 2277 2620 crediderunt,

700 2662 911 2733 quando
941 2661 1053 2729 ipsa
1086 2657 1215 2712 ﬁdes
1246 2657 1352 2711 illis
1392 2669 1535 2723 saepe
1564 2654 1615 2707 in
1658 2649 1987 2706 contrarium
2018 2656 2074 2703 et
2100 2648 2151 2700 in
2183 2661 2279 2701 ne-

702 2754 925 2823 quitiam
953 2751 1176 2805 vertitur
1199 2764 1214 2813 ;
1246 2755 1306 2800 ut
1333 2744 1546 2815 quando
1572 2742 1962 2797 dmntoniacum
1987 2753 2107 2794 esse
2133 2738 2282 2792 dice-

702 2850 827 2901 bant
860 2846 951 2899 Dei
982 2842 1193 2896 Filium.
1216 2842 1402 2893 Annon
1434 2837 1625 2891 videtis
1652 2834 1753 2888 hoc
1787 2847 1931 2887 nunc
1954 2832 2112 2884 etiam
2134 2829 2280 2894 ﬁeri,

699 2953 749 2995 et
782 2938 973 2993 multos
999 2937 1243 2988 homines
1273 2930 1609 3000 serpentibus
1635 2926 1862 2992 similes,
1897 2922 2201 2979 incredulos
2228 2929 2284 2976 et

704 3034 937 3101 ingratos
960 3027 1048 3096 qui
1070 3026 1235 3080 instar
1255 3024 1552 3091 viperarum
1576 3032 1695 3073 cum
1714 3016 1971 3073 beneﬁcia
1991 3012 2278 3083 accipiunt,

702 3119 956 3177 beneﬁcis
983 3115 1161 3171 infesti
1207 3114 1371 3167 sunt?
1404 3111 1527 3165 Haec
1547 3126 1575 3161 a
1600 3109 1753 3163 nobis
1779 3107 1920 3161 dicta
1950 3112 2092 3170 sunt,
2126 3114 2183 3157 ut
2214 3118 2282 3156 ne

700 3213 819 3283 quis
846 3209 1066 3264 miretur
1089 3248 1102 3271 ,
1130 3204 1272 3276 quod
1302 3212 1377 3258 tot
1405 3202 1564 3258 editis
1595 3198 1761 3270 signis
1790 3212 1896 3252 non
1924 3209 2112 3251 omnes
2154 3207 2285 3248 con-

703 3301 840 3357 versi
861 3301 988 3354 sint.

773 3394 826 3447 5.
870 3389 1077 3446 Nostris
1101 3388 1297 3458 quippe
1342 3385 1668 3454 temporibus
1696 3380 2008 3437 acciderunt
2042 3393 2127 3447 ea,
2160 3394 2281 3449 qua:

703 3486 915 3539 beatum
951 3480 1203 3551 Babylam
1231 3487 1478 3550 spectant
1501 3476 1573 3548 (ὁ)
1602 3517 1616 3539 ,
1649 3490 1767 3546 qua:
1796 3472 2148 3545 Jeresolymis
2184 3485 2277 3540 ge-

701 3589 781 3633 sta
809 3584 951 3637 sunt,
982 3588 1100 3643 qua:
1130 3572 1179 3625 in
1208 3570 1573 3626 destructione
1613 3567 1956 3636 templorum,
1991 3576 2163 3632 neque
2202 3569 2282 3615 ta-

702 3682 821 3722 men
852 3679 1039 3719 omnes
1068 3661 1313 3717 conversi
1364 3668 1506 3713 sunt.
1538 3657 1675 3726 Quid
1714 3671 1847 3726 opus
1875 3662 1956 3710 est
1982 3663 2161 3707 vetera
2188 3666 2277 3707 re-

701 3773 919 3814 censere
941 3757 964 3807 ‘t
988 3755 1102 3810 Dixi
1130 3753 1302 3817 vobis,
1332 3750 1455 3821 quid
1483 3764 1621 3803 anno
1644 3747 1887 3817 proximo
1917 3743 2189 3809 acciderit,
2226 3750 2281 3796 et

702 3863 858 3905 nemo
900 3846 1162 3907 attendit;
1194 3842 1287 3898 sed
1336 3855 1516 3896 rursus
1564 3838 1815 3910 paulatim
1845 3836 2184 3896 deﬂuxerunt
2226 3842 2280 3887 et

703 3939 926 4009 collapsi
958 3946 1099 3991 sunt.
1140 3934 1259 3989 Stat
1277 3946 1491 4001 semper
1517 3930 1705 3985 caelum
1732 3928 1971 3983 clamans
2000 3941 2059 3981 se
2088 3924 2277 3979 Domi-

701 4048 828 4087 num
851 4030 1067 4091 habere,
1098 4034 1152 4081 et
1180 4025 1279 4079 hoc
1309 4024 1612 4077 universum
1635 4034 1753 4074 esse
1774 4017 2049 4088 cujusdam
2076 4015 2278 4085 opiﬁcis

704 4125 793 4195 (tle
838 4120 1036 4176 mundo
1079 4117 1326 4187 loquor);
1358 4125 1411 4169 et
1436 4114 1621 4169 dicunt
1650 4112 1867 4181 quidam
1900 4126 2007 4165 non
2038 4111 2108 4163 ita
2135 4124 2273 4164 esse.

700 4216 828 4283 Quae
864 4212 1004 4267 circa
1051 4206 1391 4264 Theodorum
1439 4218 1579 4257 anno
1622 4202 1867 4271 proximo
1915 4207 2063 4269 gesta
2113 4207 2275 4263 sunt,

700 4320 858 4375 quem
890 4318 995 4357 non
1045 4294 1545 4368 obstupefecerunt?
1572 4293 1638 4348 Et
1678 4302 1856 4347 tamen
1886 4290 2020 4346 nihil
2052 4288 2277 4358 amplius

703 4397 897 4451 factum
915 4400 1018 4457 est,
1044 4390 1135 4444 sed
1154 4389 1219 4443 ad
1244 4396 1449 4455 tempus
1478 4386 1549 4455 pii
1577 4383 1777 4449 cll‘ecti,
1809 4398 1873 4439 eo
1902 4382 2100 4437 reversi
2131 4389 2275 4444 sunt,

703 4487 841 4541 unde
865 4485 1111 4555 pietatem
1137 4479 1384 4534 inierant.
1417 4476 1526 4529 lloc
1543 4476 1705 4529 etiam
1733 4474 1969 4529 Hebraeis
1997 4482 2123 4526 tunc
2150 4486 2279 4526 con-

705 4582 818 4650 tigit
850 4597 863 4632 :
889 4577 1006 4631 ideo
1033 4572 1242 4630 dicebat
1269 4570 1563 4642 propheta:
1589 4567 1715 4623 Cum
1735 4568 1979 4622 occideret
2002 4584 2106 4632 eos,
2137 4584 2275 4637 qutu-

707 4673 880 4724 rebant
917 4684 1050 4731 eum,
1087 4676 1135 4719 et
1173 4664 1545 4717 revertebantur
1585 4668 1630 4712 ct
1661 4659 1887 4712 diluculo
1918 4658 2177 4712 veniebant
2212 4659 2279 4710 ad

710 4762 862 4815 Dcum
894 4762 912 4828 (
939 4756 1083 4812 Psat.
1124 4757 1211 4809 77.
1243 4755 1310 4810 54
1330 4752 1369 4825 ).
1405 4750 1611 4821 Ecquid
1642 4758 1852 4819 oportet
1893 4748 2164 4819 generalia
2193 4747 2280 4801 illa

707 4849 978 4921 proferre?
1007 4857 1136 4917 quot
1164 4847 1215 4900 in
1258 4845 1474 4901 morbos
1511 4841 1847 4898 inciderunt?
1877 4848 2008 4911 quot
2053 4855 2276 4909 surgen-

704 4954 782 4996 tes
822 4939 1035 5010 polliciti
1089 4947 1213 4992 sunt
1239 4953 1298 4992 se
1327 4952 1503 4991 mores
1535 4938 1588 4990 in
1632 4936 1822 4990 melius
1866 4943 2181 4999 mutaturos,
2227 4942 2283 4988 et

708 5049 882 5089 tamen
925 5032 1081 5086 iidem
1115 5031 1215 5100 ipsi
1247 5030 1593 5083 manserunt?
1638 5029 1748 5083 lloc
1787 5029 2015 5083 maxime
2044 5028 2281 5083 ostendit

708 5127 859 5182 nobis
888 5124 1180 5179 naturalem
1212 5131 1447 5177 nostrain
1491 5122 1698 5176 arbitrii
1733 5122 2051 5184 libertatem,
2084 5137 2277 5190 repen-

703 5222 811 5273 tina
841 5232 1029 5287 nempe
1056 5214 1300 5271 mutatio.
1350 5213 1479 5268 Nam
1524 5213 1568 5267 si
1608 5212 1863 5266 naturalia
1898 5211 2037 5265 mala
2075 5223 2277 5279 essent,

703 5312 915 5365 libertas
957 5323 1062 5363 non
1098 5317 1242 5361 esset
1281 5322 1293 5356 :
1327 5319 1444 5375 quae
1473 5305 1617 5360 enim
1647 5318 1712 5359 ex
1744 5313 1931 5357 natura
1961 5314 2014 5356 et
2042 5306 2281 5359 necessi-

703 5416 810 5460 tate
840 5405 1003 5467 ﬁunt,
1034 5410 1239 5455 mutare
1280 5412 1385 5453 non
1428 5410 1729 5467 possumus.
1781 5396 1939 5465 Atqui
1972 5405 2278 5463 mutamur,

704 5497 927 5566 inquies.
963 5494 1151 5546 Annon
1182 5489 1424 5544 videmus
1452 5486 1718 5543 interdum
1749 5500 1843 5540 eos
1867 5528 1882 5557 ,
1910 5488 2000 5559 qui
2030 5502 2059 5541 a
2094 5498 2281 5545 natura

765 5628 836 5686 (α)
856 5636 987 5674 tmnc
1026 5636 1175 5672 terra:
1200 5630 1380 5671 motum
1399 5660 1410 5681 ,
1436 5623 1519 5686 qui
1543 5634 1669 5686 anno
1692 5622 1916 5686 proximo
1932 5657 1946 5678 ,
1974 5636 2154 5686 nempe
2190 5624 2301 5680 399,

701 5684 967 5796 eumdem;
990 5699 1125 5747 θωνα
1170 5693 1418 5735 memorat.
1460 5684 1527 5734 Ea
1569 5685 1634 5733 de
1679 5697 1736 5733 re
1760 5684 1807 5731 in
1829 5684 1936 5733 Vita
1959 5685 2280 5747 Chrysostomi

706 5760 865 5796 BCIUHI
890 5763 919 5796 θ
974 5783 985 5795 ι

706 5760 1101 5923 δεξῖῐὲξᾲῗῖοέΐυεο
1129 5813 1412 5857 enarrantur
1438 5810 1485 5857 in
1506 5807 1681 5858 Ilomil.
1701 5807 1764 5861 de
1788 5815 1831 5859 S.
1860 5807 2048 5873 Babyla,
2077 5816 2205 5860 Tom.
2226 5812 2276 5871 2,

706 5887 757 5922 ω
782 5910 793 5921 .
938 5884 965 5921 c
1011 5884 1115 5923 seu.

703 5884 793 5922 cet.
824 5884 908 5923 ’ξω
938 5884 988 5922 et
1011 5884 1115 5933 seq.

1447 434 1494 491 S.
1543 431 1813 491 JOANNIS
1860 424 2327 484 CllRYSOSTOMI
2368 423 2687 481 ARCIIIEP.
2727 422 3251 481 CONSTANTINOP.

3870 420 3969 472 99:2

2392 540 2590 595 habent
2634 548 2690 593 ut
2733 538 2945 593 videant
2969 582 2983 606 ,
3016 556 3125 609 pra:
3168 550 3314 596 metu
3342 540 3681 595 cxcmeatos?
3709 536 3966 604 Quoniam

2389 632 2517 686 illud
2559 641 2761 685 natura:
2790 641 2906 696 cst,
2952 640 3008 685 ut
3034 633 3388 701 reprimatur,
3433 647 3553 687 cum
3584 640 3775 686 natura
3806 630 3966 683 altera

2387 722 2603 778 advenit
2648 741 2662 776 :
2711 722 2782 777 ita
2838 722 3131 777 secundum
3174 734 3420 778 naturam
3469 731 3708 778 nostram
3764 730 3867 781 est,
3920 730 3969 772 ut

2389 817 2654 886 perterriti
2706 831 2811 870 non
2854 816 3146 871 videamus.
3202 815 3507 872 Secundum
3552 825 3801 869 naturam
3849 816 3966 867 item

2387 919 2491 975 est,
2520 920 2577 964 ut
2601 908 2804 979 majore
2833 908 3149 963 adveniente
3170 917 3336 974 metu,
3369 909 3503 964 alter
3535 918 3709 962 metus
3736 905 3966 961 recedat.

2387 999 2524 1069 Quid
2553 1001 2732 1071 igitur.
2764 1000 2971 1070 inquies
2992 1040 3008 1067 ,
3036 1000 3080 1053 si
3107 1000 3456 1069 temperantia
3486 998 3782 1055 secundum
3815 1006 3967 1051 natu-

2390 1108 2502 1145 ram
2544 1092 2633 1160 sit,
2690 1100 2745 1147 et
2787 1101 2962 1147 metus
3003 1091 3340 1146 invalescens
3377 1090 3522 1144 illam
3569 1089 3792 1158 ejiciat‘!
3841 1088 3966 1155 Quid

2389 1186 2582 1254 igitur,
2624 1186 2666 1240 si
2695 1184 2983 1240 ostendero
3008 1226 3022 1249 ,
3053 1200 3120 1240 ue
3158 1183 3369 1254 quidem
3414 1191 3539 1238 tunc
3566 1184 3831 1254 quosdam
3858 1196 3970 1237 esse

2390 1287 2769 1347 temperantes,
2800 1276 2892 1331 sed
2923 1277 2974 1330 in
2995 1284 3138 1331 metu
3169 1276 3331 1331 etiam
3360 1274 3666 1345 petulantes
3693 1275 3855 1329 esse?
3879 1274 3969 1341 hoc

2388 1370 2629 1424 naturale
2658 1385 2762 1424 non
2813 1377 2912 1424 est.
2946 1370 3029 1423 An
3075 1377 3255 1423 vetera
3296 1367 3509 1423 dicam?
3534 1384 3602 1422 an
3632 1368 3813 1423 nova?
3840 1366 3972 1433 Quot

2390 1463 2441 1516 in
2470 1463 2585 1530 ipso
2615 1462 2804 1515 timore
2822 1467 3135 1515 manserunt.
3163 1460 3427 1527 ridentes,
3452 1468 3505 1515 et
3536 1460 3670 1514 nihil
3699 1460 3808 1514 tale
3831 1459 3967 1532 passi

2389 1554 2551 1609 sunt?
2580 1554 2690 1617 Dic,
2710 1567 2912 1622 quasso,
2944 1551 3151 1607 Pharao
3180 1566 3358 1607 nonne
3388 1552 3566 1606 statim
3592 1561 3833 1605 mutatus
3867 1559 3970 1614 est,

2388 1656 2442 1702 et
2469 1646 2533 1700 ad
2566 1646 2839 1715 pristinam
2881 1644 3108 1699 recurrit
3135 1642 3425 1713 nequitiam
3450 1641 3472 1693 ‘l
3500 1642 3613 1696 Hoc
3640 1650 3826 1695 autem
3856 1640 3968 1694 loco

2387 1736 2760 1801 dtemoniacis,
2811 1734 3053 1805 quamvis
3094 1734 3193 1804 ipsi
3222 1748 3329 1788 non
3362 1734 3695 1804 ignorarent,
3725 1733 3970 1787 dixerunt

2389 1829 2700 1898 simpliciter
2728 1846 2741 1882 :
2781 1827 2880 1881 Per
2906 1826 3083 1881 Iesum
3111 1827 3410 1897 adjuramtts
3436 1843 3520 1880 vos
3541 1866 3555 1890 ,
3592 1842 3741 1896 quem
3784 1825 3969 1895 pradi-

2388 1936 2466 1980 σαι
2490 1925 2684 1979 Paulus
2712 1940 2730 1978 :
2754 1938 2922 1993 perea
2949 1922 3115 1985 enim,
3134 1936 3253 1991 qua:
3279 1920 3626 1989 respondent,
3659 1922 3807 1988 ipsos
3835 1919 3966 1973 scire

2389 2017 2662 2088 probatur.
2707 2015 2890 2070 Jesum
2933 2028 3062 2069 vero
3107 2012 3293 2067 dicunt
3334 2012 3410 2066 illi
3457 2009 3798 2080 simpliciter,
3850 2024 3967 2063 cum

2388 2110 2710 2179 eportuisset
2766 2107 2968 2173 dicere,
3024 2105 3365 2161 Servatorem
3406 2103 3610 2169 mundi,
3647 2102 3741 2172 qui
3797 2117 3974 2157 resur-

2389 2202 2535 2258 rexit
2574 2218 2587 2254 :
2630 2200 2724 2255 sed
2767 2199 3057 2254 noluerunt
3102 2196 3345 2252 conﬁteri
3388 2196 3611 2268 gloriam
3662 2196 3804 2266 ejus.
3858 2194 3975 2251 Ideo

2390 2296 2660 2365 redarguit
2708 2294 2827 2348 illos
2866 2292 3101 2358 daemon,
3132 2290 3373 2346 insiliens
3414 2291 3466 2345 in
3505 2305 3601 2345 eos
3630 2290 3925 2359 dicensque
3957 2308 3968 2341 ε

2388 2387 2565 2441 Iesum
2592 2386 2724 2451 novi,
2769 2395 2815 2437 et
2860 2382 3078 2435 Paulum
3106 2383 3249 2448 scio;
3292 2396 3355 2436 ac
3396 2382 3440 2436 si
3466 2381 3693 2446 diceret,
3732 2381 3845 2436 Vos
3872 2397 3969 2435 non

2388 2476 2625 2541 creditis,
2653 2474 2747 2529 sed
2779 2473 2869 2527 illo
2902 2472 3180 2527 abutentes
3208 2471 3425 2527 nomine
3462 2472 3564 2526 hoc
3586 2471 3783 2526 dicitis.
3818 2470 3972 2541 igitur

2388 2571 2657 2623 desertum
2690 2564 2945 2635 templum
2970 2572 3089 2630 est,
3119 2572 3423 2634 expugnata
3450 2561 3622 2617 facilia
3653 2577 3804 2617 arma
3836 2580 3849 2615 :
3883 2562 3974 2616 ita-

2390 2674 2493 2728 que
2536 2672 2644 2711 non
2685 2656 2816 2712 estis
2848 2670 3123 2727 praecones
3155 2696 3169 2722 ,
3200 2653 3391 2723 inquit,
3423 2653 3519 2709 sed
3549 2653 3653 2708 mei
3680 2652 3835 2708 estis.
3864 2651 3971 2705 Ma-

2388 2763 2526 2820 gnus
2556 2747 2705 2803 furor
2724 2747 3003 2804 daemonis.
3032 2745 3340 2802 Potuissent
3360 2743 3475 2799 haec
3500 2744 3730 2814 apostoli
3756 2742 3933 2798 lacere
3954 2781 3969 2808 ,

2391 2842 2484 2898 sed
2544 2842 2758 2897 interim
2810 2856 2917 2895 non
2967 2839 3251 2895 faciebant.
3310 2837 3443 2893 Nam
3496 2838 3587 2908 qui
3639 2837 3973 2907 imperabant

2390 2935 2495 2989 illis
2534 2974 2547 2998 ,
2604 2935 2694 3003 qui
2750 2932 2873 2987 talia
2918 2930 2969 2986 in
3017 2930 3163 3000 ipsos
3192 2929 3574 3001 operabantur,
3604 2929 3777 2983 multo
3802 2928 3968 2999 magis

2389 3026 2518 3096 ipsis
2574 3027 2946 3095 imperassent.
3016 3022 3152 3079 Vide
3224 3021 3496 3093 quomodo
3540 3021 3755 3076 illorum
3819 3036 3969 3075 man-

2389 3116 2616 3174 suetudo
2682 3123 3010 3171 monsuatur
3040 3157 3056 3183 ,
3104 3114 3246 3186 quod
3296 3114 3420 3182 illi,
3477 3114 3567 3185 qui
3614 3113 3969 3184 pellebantur,

2390 3209 2512 3264 talia
2543 3209 2834 3273 faciebant;
2867 3207 3140 3263 daemones
3180 3222 3308 3263 vero
3337 3248 3352 3274 ,
3393 3207 3586 3278 quibus
3632 3207 3969 3270 serviebant,

2387 3300 2679 3356 contraria.
2721 3298 2934 3367 Iesum,
3001 3300 3210 3369 inquit,
3270 3300 3405 3354 novi.
3467 3299 3612 3370 Ergo
3674 3299 3975 3354 erubescit:

2388 3409 2504 3459 vos,
2528 3394 2616 3463 qui
2639 3394 2786 3447 illum
2808 3392 3081 3462 ignoratis.
3116 3392 3176 3445 Et
3197 3391 3417 3445 Paulum
3437 3394 3562 3446 scio.
3588 3392 3653 3446 Et
3678 3392 3781 3448 hoe
3806 3392 3973 3458 bene;

2387 3498 2608 3544 noverat
2652 3488 2795 3543 enim
2826 3488 2919 3541 Dei
2971 3501 3091 3542 esse
3139 3501 3460 3555 praeconem.
3493 3486 3697 3541 Deinde
3726 3486 3896 3540 insilit
3924 3487 3974 3539 in

2384 3594 2497 3645 eos,
2524 3587 2578 3634 et
2608 3588 2786 3634 vestes
2815 3577 3110 3642 dilacerat;
3140 3592 3202 3631 ac
3227 3578 3271 3631 si
3300 3592 3396 3647 per
3415 3592 3577 3646 opera
3603 3576 3808 3632 diceret
3836 3578 3973 3633 illis:

2385 3670 2461 3724 Ne
2490 3669 2687 3739 putetis
2714 3684 2800 3724 me
2830 3668 2951 3723 ideo
2979 3667 3029 3723 id
3059 3667 3256 3733 facere,
3285 3666 3427 3739 quod
3458 3667 3579 3722 illos
3605 3678 3972 3723 Contemnam.

2386 3760 2607 3830 Magnus
2639 3760 2798 3814 timor
2836 3757 3115 3814 daamouis.
3151 3758 3217 3812 Et
3241 3775 3338 3813 cur
3364 3774 3469 3813 non
3502 3759 3619 3813 sine
3646 3759 3827 3814 verbis
3858 3759 3976 3814 istis

2386 3860 2561 3907 vestes
2584 3866 2767 3908 eorum
2798 3850 3051 3906 discidit?
3081 3851 3151 3905 ita
3182 3851 3325 3904 enim
3353 3860 3406 3905 et
3434 3848 3671 3904 furorem
3701 3851 3978 3921 implevis-

2385 3955 2486 4010 set,
2510 3954 2564 3999 et
2587 3959 2829 4000 errorem
2853 3944 3143 3999 statuisset.
3176 3944 3439 4011 Timebat,
3476 3954 3533 3998 ut
3558 3943 3691 4011 dixi,
3726 3946 3971 4000 inacces-

2385 4052 2498 4092 sam
2544 4044 2861 4106 potestatem
2889 4044 2978 4091 :et
2999 4050 3103 4090 non
3129 4044 3334 4090 tantum
3363 4035 3639 4102 potuisset,
3673 4035 3716 4089 si
3744 4036 3847 4089 hoc
3869 4050 3975 4091 non

2383 4128 2624 4182 dixisset.
2657 4126 2789 4182 Vide
2820 4128 3017 4197 ubique
3041 4126 3314 4182 daamones
3340 4128 3605 4196 gratiores
3630 4168 3647 4192 ,
3678 4143 3838 4197 quam
3877 4127 3972 4181 Ju-

2383 4217 2529 4271 (Ιίυοε
2549 4258 2562 4281 ,
2590 4232 2689 4272 nec
2715 4217 2977 4272 audentes
3006 4216 3374 4273 contradicere
3395 4256 3409 4281 ,
3440 4216 3520 4269 vel
3551 4230 3813 4272 accusare
3842 4233 3973 4287 apo-

2385 4309 2551 4363 stolos
2573 4350 2587 4373 ,
2619 4324 2792 4377 neque
2817 4307 3114 4363 Christum.
3149 4308 3260 4361 Illic
3296 4306 3481 4361 dicunt
3512 4326 3524 4360 :
3554 4308 3758 4363 Scimus
3790 4320 3836 4363 te
3863 4314 3975 4380 quis

2385 4399 2615 4461 sis;et,
2664 4397 2765 4453 Cur
2816 4399 2991 4452 venisti
3041 4398 3137 4451 huc
3181 4408 3299 4452 ante
3353 4407 3549 4468 tempus
3601 4408 3834 4469 torquere
3888 4417 3978 4454 nos

2386 4489 2599 4558 (Manli.
2631 4490 2685 4545 8.
2731 4489 2877 4560 29);
2915 4499 2971 4547 et
3008 4504 3240 4556 rursum,
3289 4490 3410 4547 Scio
3453 4502 3503 4547 te
3538 4492 3651 4560 quis
3679 4493 3770 4557 sis,
3805 4491 3855 4546 F
3858 4494 3979 4547 ilius

2387 4580 2483 4635 Dei
2512 4579 2702 4650 (Marc.
2734 4581 2785 4635 l.
2826 4581 2919 4651 24)
2951 4599 2963 4633 :
2997 4581 3083 4636 hic
3109 4596 3238 4638 vero
3262 4624 3278 4649 ,
3330 4582 3402 4636 Hi
3444 4584 3671 4637 homines
3717 4587 3850 4639 servi
3886 4586 3979 4642 Dei

2385 4672 2572 4727 excelsi
2598 4682 2715 4727 sunt
2748 4672 2882 4743 (Act.
2916 4673 3003 4729 16.
3032 4674 3095 4729 17
3115 4672 3171 4745 );
3199 4684 3255 4730 et
3282 4688 3519 4743 rursum,
3547 4674 3727 4730 Iesum
3764 4679 3905 4740 novi,
3937 4691 3981 4732 ct

2392 4762 2609 4816 Paulum
2636 4764 2760 4817 scio.
2789 4763 3005 4819 Multum
3036 4764 3179 4820 enim
3209 4765 3564 4821 formidabant
3592 4778 3643 4821 et
3677 4770 3981 4825 tremebant

2388 4864 2603 4910 sanctos
2630 4855 2770 4910 illos.
2801 4856 2962 4912 Forte
2984 4859 3105 4928 quis
3130 4869 3367 4914 vestrum
3390 4859 3637 4925 audiens,
3665 4863 3812 4931 cupit
3840 4862 3982 4918 hanc

2389 4946 2583 5002 habere
2622 4957 2961 5018 potestatem,
3011 4959 3067 5005 ut
3112 4966 3193 5006 ne'
3221 4951 3399 5005 ausint
3442 4951 3657 5021 quidem
3702 4954 3983 5010 dmones

2386 5040 2642 5095 adversus
2696 5039 2839 5094 illum
2900 5042 3192 5111 respicere,
3242 5052 3297 5097 et
3350 5053 3566 5098 sanctos
3619 5044 3741 5100 illos
3797 5061 3861 5101 ea
3917 5049 3981 5102 de

2387 5148 2546 5187 causa
2580 5133 2759 5186 beatos
2784 5133 3063 5201 praedicat,
3096 5136 3218 5203 quia
3249 5144 3447 5191 tantam
3470 5135 3708 5195 habuere
3740 5150 3981 5208 potesta-

2388 5235 2515 5280 tem.
2557 5222 2661 5277 Sed
2691 5225 2871 5279 audiat
2902 5225 3171 5280 Christum
3207 5226 3509 5282 dicentem:
3536 5228 3715 5285 Nolite
3733 5233 3978 5302 gaudere,

2388 5318 2506 5386 quia
2549 5315 2799 5370 (immania
2826 5317 2964 5370 vobis
2993 5316 3327 5387 subjiciuntur
3374 5317 3527 5388 (Luc.
3563 5320 3651 5375 10.
3678 5321 3770 5390 20)
3802 5339 3818 5388 ;
3852 5326 3976 5392 quia

2390 5407 2595 5463 Sciebat
2620 5423 2808 5463 omnes
2837 5408 3081 5462 homines
3108 5409 3177 5463 ob
3220 5425 3415 5465 vanam
3454 5412 3679 5482 gloriam
3712 5428 3775 5467 ea
3822 5415 3894 5469 de
3926 5432 3977 5469 re

2390 5501 2621 5555 maxime
2670 5502 2947 5571 gavisurus
2985 5517 3127 5558 esse.
3172 5502 3305 5558 Nam
3345 5505 3393 5560 si
3444 5504 3519 5571 id,
3548 5504 3691 5575 quod
3719 5506 3978 5575 placitum

2390 5593 2501 5646 Deo
2524 5600 2606 5645 est
2628 5632 2643 5657 ,
2670 5594 2865 5661 quaeris
2890 5636 2905 5661 ,
2934 5604 2989 5649 et
3017 5595 3155 5664 quod
3186 5597 3240 5652 in
3285 5603 3555 5654 communi
3587 5598 3811 5667 prodest
3832 5644 3848 5667 ,
3875 5603 3975 5656 alia

2390 5684 2560 5753 major
2598 5693 2679 5739 est
2708 5686 2811 5741 via.
2854 5686 2969 5741 Non
3000 5688 3067 5741 ita
3098 5704 3346 5758 magnum
3378 5700 3459 5745 est
3504 5706 3533 5743 a
3565 5690 3816 5748 daemone
3843 5694 3973 5749 libe~

2390 5779 2532 5843 rari,
2564 5784 2622 5831 ut
2666 5792 2695 5830 a
2727 5786 2967 5847 peccato.
3005 5780 3222 5835 Daemon
3256 5796 3363 5835 non
3409 5779 3654 5850 impedit,
3688 5787 3973 5852 quominus

2394 5886 2616 5940 regnum
2647 5872 2897 5929 catlorum
2930 5887 3356 5944 consequamur;
3387 5875 3495 5931 imo
3520 5887 3871 5949 cooperatur,
3902 5880 3973 5935 iu-
