4070 6492
67 449 151 502 291
1141 433 1206 489 ΙΝ
1246 431 1429 488 ACTA
1469 424 2011 484 APOSTOLORUM.
2051 426 2286 484 IIOMIL.
2320 427 2456 483 XLI.

67 564 166 632 γάρ
215 561 251 630 η
319 557 653 631 ἀνθρωπίνη
708 555 902 626 φύσις·
955 550 1164 622 ταχέως
1221 546 1639 602 ἐπιλανθάνεται
1687 540 1762 598 ὧν

65 658 472 727 εὐεργετεῖται.

133 753 202 803 “ll
227 751 290 803 οὐ
319 748 642 821 μέμνησθε,
671 747 755 802 ὅτι
783 745 878 799 κιιί⁸
926 742 1019 797 ἐπὶ
1055 742 1164 795 τῶν
1189 738 1312 793 καθ’
1348 739 1500 810 ἡμᾶς
1535 735 1763 806 γενομέ-

68 864 165 898 νων
195 847 258 898 τὸ
289 845 434 898 αὐτὸ
467 844 625 897 τοῦτο
673 841 928 910 γέγονεν;
979 836 1118 891 Είπέ
1151 837 1260 906 γάρ
1290 851 1418 904 μοι,
1439 833 1501 886 οὺ
1535 832 1766 902 πέρυσιν

69 940 311 1006 ἐτίναξεν
345 941 376 991 6
409 939 548 1002 Θεὸς
569 939 668 1009 τὴν
706 935 864 990 πόλιν
896 935 1106 996 πᾶσανς
1140 932 1204 984 Τί
1245 930 1367 993 δαί;
1400 927 1522 998 οὐχὶ
1565 927 1765 990 πάντες

67 1038 154 1089 ἐπὶ
182 1035 246 1088 τὸ
271 1034 547 1104 φώτισμα
586 1033 854 1104 ἐδραμον;
893 1030 1014 1099 οὐχι
1043 1028 1232 1099 πόρνοι
1261 1024 1358 1078 καὶ
1397 1021 1632 1094 μαλακοὶ
1673 1020 1767 1073 καὶ

68 1128 494 1200 διεφθαρμένοι,
517 1128 795 1197 οἰκήματα
825 1123 1058 1194 ἀφέντες
1086 1122 1180 1175 καὶ
1212 1120 1339 1182 τοὺς
1355 1118 1552 1179 τόπους
1589 1114 1648 1167 ἐν
1684 1108 1766 1178 οἷς

66 1224 380 1296 διέτριϐον,
465 1221 868 1294 μετετέθησαν,
940 1216 1037 1270 καὶ
1103 1213 1395 1283 γεγόνασιν
1470 1209 1763 1275 εὐλαϐεῖςς

79 1319 303 1390 Ἐπειδὴ
362 1319 428 1373 δὲ
479 1320 629 1389 τρεῖς
679 1316 884 1388 ἡμέραι
950 1309 1261 1383 παρῆλθον,
1314 1306 1480 1361 πάλιν
1527 1304 1620 1358 ἐπὶ
1666 1304 1766 1375 τὴν

66 1413 274 1466 οἰκείαν
336 1411 652 1482 ἐπανῆλθον
698 1409 918 1463 κακίαν.
977 1406 1148 1459 Πόθεν
1205 1404 1260 1456 δὲ
1317 1403 1473 1456 τοῦτο
1519 1402 1764 1470 γίνεται;

78 1506 212 1558 Ἀπὸ
248 1507 358 1577 τῆς
390 1504 596 1576 πολλῆς
651 1502 902 1565 νωθείας.
951 1499 1054 1553 Καὶ
1102 1499 1157 1552 τί
1202 1497 1538 1568 θαυμαστὸν,
1576 1498 1623 1550 εἰ
1655 1496 1764 1550 τῶν

69 1599 433 1669 πραγμάτων
467 1596 848 1669 παρελθόντων
867 1637 882 1662 ,
923 1597 1058 1648 ὅπου
1088 1611 1152 1663 γε
1180 1593 1288 1646 τῶν
1318 1593 1543 1645 εἰκόνων
1583 1591 1766 1662 διηνεο

72 1695 178 1757 κῶς
211 1695 509 1766 μενουσῶν
537 1694 599 1746 τὸ
631 1693 765 1747 αὐτὸ
811 1693 1053 1762 γίνεται;
1112 1690 1193 1744 Τὰ
1235 1691 1293 1744 ἐν
1343 1690 1618 1762 Σοδόμοις,
1644 1689 1767 1742 εἰπέ

75 1811 183 1862 μοι,
212 1792 344 1861 οὐχὶ
377 1791 612 1862 διηνεκῆ
657 1789 946 1859 τυγχάνεις
983 1788 1048 1840 Τί
1069 1782 1200 1852 οὗν;
1250 1787 1299 1839 οἰ
1350 1783 1771 1857 προσοικοῦντες

70 1887 174 1938 ἀπὸ
199 1885 425 1939 τούτων
454 1886 712 1954 γεγόνασι
754 1881 1032 1953 βελτίους;
1069 1880 1356 1950 Οὐδαμῶς.
1397 1880 1462 1932 Τί
1497 1878 1587 1932 δαὶ
1619 1880 1648 1932 6
1675 1876 1771 1931 τοῦ

75 1978 192 2031 Νῶε
255 1979 421 2046 υἱός;
480 1979 603 2049 οὐχὶ
662 1976 902 2038 τοιοῦτος
950 1971 1054 2045 ἦν;
1120 1974 1241 2044 οὐχὶ
1281 1975 1339 2026 ἐν
1373 1973 1529 2043 δψεσι
1560 1971 1774 2043 βλέπων

74 2074 314 2144 ἐρημίαν
338 2074 620 2143 τοσαύτην
662 2070 834 2134 κακὸς
875 2064 979 2140 ἦν;
1016 2068 1108 2138 Μὴ
1134 2066 1198 2139 δὴ
1243 2066 1614 2138 θαυμάζωμεν
1652 2067 1772 2131 πῶς

74 2167 170 2218 οὐκ
213 2166 564 2218 ἐπίστευσαν
619 2163 826 2216 τούτων
880 2161 1210 2232 γενομένων,
1269 2161 1406 2214 ὅπου
1461 2177 1525 2229 γε
1566 2160 1705 2232 αὑτὴ
1737 2164 1771 2232 ή

78 2262 264 2323 πίστις
297 2259 572 2322 πολλάκις
602 2260 681 2322 εἰς
700 2259 1011 2311 τούναντίον
1035 2255 1220 2319 αὐτοῖς
1247 2255 1661 2326 περιτρέπεται,
1695 2259 1775 2320 εἰς

79 2357 278 2411 κακίαν
301 2375 314 2387 ’
358 2352 477 2409 οἷον
508 2355 583 2417 ὡς
604 2356 732 2408 ὅταν
775 2351 1115 2424 δαιμονῶντα
1156 2349 1360 2417 λέγωσι
1389 2349 1481 2401 τὸν
1511 2350 1639 2403 Υἰὸν
1677 2351 1773 2404 τοῦ

77 2449 231 2504 Θεοῦ.
289 2450 369 2503 Ἦ
415 2448 515 2519 οὐχ
567 2447 730 2518 ὁρᾶτε
781 2448 876 2500 καὶ
932 2446 1027 2500 νῦν
1097 2444 1274 2499 ταῦτα
1331 2443 1626 2514 γινόμενα,
1681 2445 1775 2499 καὶ

79 2548 333 2617 ὀφιώδεις
376 2543 704 2616 ἀνθρώπους
754 2545 916 2607 ὄντας
956 2543 1208 2609 πολλοὺς,
1261 2543 1525 2606 ἀπίστους
1573 2559 1632 2594 τε
1679 2541 1776 2594 καὶ

83 2642 440 2713 ἀγνώμονα-ς,
487 2641 536 2693 οἳ
564 2641 660 2693 καλ⁵
687 2641 831 2694 κατά
862 2639 961 2703 τὰς
1009 2639 1173 2709 ἔχεις,
1224 2641 1354 2693 ὅταν
1391 2638 1776 2693 ἀπολαύσωσιν

84 2741 453 2811 εὐεργεσίας,
499 2739 596 2791 καὶ
652 2735 963 2805 θαλφθῶσιν
998 2737 1101 2789 ὑπό
1134 2754 1320 2803 τινων,
1380 2737 1499 2790 τότε
1544 2733 1774 2787 λυποῦσι

86 2838 204 2898 τοὺς
239 2835 584 2906 εὐεργέτας;
620 2832 806 2886 Ταῦτα
837 2833 970 2904 ἡμῖν
1015 2833 1248 2905 εῖρηται,
1292 2833 1380 2886 ἵνα
1420 2831 1494 2903 μή
1519 2848 1603 2894 τις
1642 2830 1776 2882 θαυ⁴

90 2931 238 3004 μάξῃ
302 2929 427 2992 πῶς
477 2927 735 2983 τοιούτων
796 2926 1040 2998 σημείων
1097 2928 1405 3000 γενομένων
1472 2929 1530 2982 οὑ
1572 2927 1776 2990 πάντες

90 3023 464 3096 ἐπέστρεψαν.

152 3220 224 3284 γ’.
261 3214 398 3270 Ἰδοὺ
419 3213 526 3285 γάρ
542 3213 760 3268 ἐπὶτῶν
779 3215 987 3286 καιρῶν
1006 3215 1113 3269 τῶν
1136 3213 1418 3287 ἡμετέρων
1435 3213 1503 3268 τὰ
1527 3211 1668 3267 κατά
1689 3214 1776 3267 τὸν

99 3309 372 3380 μακάριον
397 3307 648 3363 Βαϐύλαν
669 3309 879 3380 γέγονε,
897 3309 1048 3384 [512]
1065 3313 1134 3366 τά
1155 3312 1296 3366 κατά
1320 3311 1388 3365 τά
1406 3310 1778 3383 Ἱεροσόλυμα,

95 3403 158 3454 τά
194 3405 342 3458 κατά
377 3407 480 3475 τὴν
510 3405 832 3476 καθαίρεσιν
871 3406 979 3459 τῶν
1005 3406 1190 3477 ἱερῶν,
1220 3408 1316 3460 καὶ⁹
1355 3407 1415 3459 ού
1459 3407 1784 3470 πάντεςλέπ-

98 3498 462 3569 έστρεψαν.Τί
477 3499 556 3553 δεῖ
577 3501 645 3553 τά
658 3501 866 3554 παλαιά
881 3501 1077 3570 λέγειν;
1097 3502 1330 3573 Πέρυσιν
1349 3498 1502 3555 εἷπὸν
1519 3503 1650 3572 ὑμῖν
1669 3496 1780 3557 οἷον

101 3594 312 3662 γέγονε,
348 3595 447 3648 καὶ
469 3595 646 3659 οὐδεὶς
676 3595 1003 3666 προσέσχεν,
1049 3595 1184 3650 ἀλλά
1206 3596 1372 3650 πάλιν
1400 3596 1541 3650 κατά
1584 3597 1780 3668 μικρὸν

103 3691 456 3764 ὑπερριὶησαν
484 3695 578 3746 καὶ
621 3692 942 3747 κατέπεσον.
982 3693 1224 3764 Ἕστηκε
1256 3693 1522 3764 διηνεκῶς
1550 3697 1578 3747 ό
1617 3695 1782 3765 ούρα-

104 3788 185 3851 νὸς
215 3789 380 3860 βοῶν,
413 3790 496 3843 ὃτι
547 3789 814 3860 δεσπότην
879 3787 1014 3859 ἔχει,
1049 3788 1143 3840 καὶ
1191 3787 1435 3860 τεχνίτου
1488 3788 1632 3853 τινός
1667 3791 1783 3843 ἐστι

102 3883 212 3936 τόδε
242 3885 306 3939 τὸ
331 3885 442 3938 πᾶν
473 3883 598 3953 (τὸν
635 3884 842 3955 κόσμον
866 3883 1011 3952 λέγω
1027 3883 1067 3954 ),
1115 3885 1209 3938 καὶ
1240 3883 1456 3954 λέγουσί
1505 3903 1673 3949 τινες,
1700 3887 1784 3939 ὅτι

105 3979 235 4050 οὐχί.
273 3980 362 4034 Τὰ
407 3980 548 4033 κατά
595 3980 873 4051 Θεόδωρον
922 3981 1130 4034 ἐκεῖνον
1177 3980 1522 4052 γεγενημένα
1561 3981 1783 4051 πέρυσι,

106 4076 216 4127 τίνα
243 4078 349 4129 οὒκ
369 4075 632 4144 ἐξέπληξε
657 4093 671 4140 ;
705 4076 816 4128 Καὶ
839 4077 990 4145 ὅμως
1018 4076 1168 4129 οὐδὲν
1192 4075 1354 4129 πλέον
1381 4077 1627 4146 γέγονεν,
1650 4078 1786 4133 ἀλλὰ

110 4172 235 4241 πρὸς
259 4173 456 4244 καιρὸν
484 4173 770 4244 γενόμενοι
810 4172 1083 4238 εὐλαϐεῖς,
1128 4173 1294 4227 πάλιν
1330 4175 1636 4246 ἐπανῆλθον
1661 4176 1786 4240 ὅθεν

109 4268 392 4334 γεγόνασιν
417 4268 683 4331 εὐλαϐεῖς.
711 4268 883 4322 Τοῦτο
914 4271 1010 4324 καὶ
1058 4271 1152 4324 ἐπὶ
1199 4271 1308 4324 τῶν
1347 4270 1617 4342 Ἐϐραίων
1664 4271 1786 4326 τότε

112 4363 304 4434 συνέϐη
322 4380 335 4392 ·
365 4363 445 4417 διὸ
471 4365 564 4417 καὶ
592 4364 780 4433 ἔλεγεν
807 4366 835 4418 6
864 4368 1153 4438 προφήτης
1177 4381 1192 4396 ο
1214 4367 1400 4421 Ὅταν
1429 4368 1786 4423 ἀπέκτεινεν

112 4459 347 4525 αὐτοὺς,
383 4461 517 4514 τότε
542 4459 868 4529 ἐξεζήτουν
894 4461 1104 4530 αὑτὸν,
1135 4463 1235 4518 καί
1273 4463 1653 4534 ἐπέστρεφον
1684 4466 1785 4520 καί

112 4551 382 4623 ὤρθριζον
423 4557 574 4624 πρὸς
603 4557 712 4610 τὸν
743 4558 912 4611 Θεόν.
961 4559 1074 4612 Καὶ
1111 4559 1165 4612 τί
1207 4559 1288 4612 δεῖ
1338 4559 1518 4630 λέγειν
1555 4562 1624 4616 τὰ
1651 4563 1785 4618 καθ-

113 4653 296 4715 ολικά;
333 4649 490 4703 πόσοι
528 4651 704 4715 νόσοις
750 4653 1112 4725 περιέπεσονς
1170 4655 1327 4709 πόσοι
1387 4658 1788 4729 ἐπηγγείλαντο

115 4746 438 4810 ἀναστάντες
468 4747 667 4820 πολλὴν
689 4749 789 4822 τὴν
825 4749 1128 4829 μεταϐολὴν
1163 4752 1530 4822 ἐργάσασθαι,
1560 4756 1654 4808 καὶ
1677 4756 1784 4810 πά-

116 4839 188 4893 λιν
211 4846 260 4896 οἱ
314 4843 468 4896 αὐτοὶ
520 4843 807 4914 γεγόνασι;
840 4844 1012 4898 Τοῦτο
1057 4845 1294 4916 μάλιστα
1329 4847 1604 4902 δείκνυσιν
1651 4851 1785 4921 ἡμῖν

117 4936 202 5006 τὴν
261 4938 625 5008 προαίρεσιν,
681 4939 776 4992 καὶ
823 4938 923 5010 τὴν
981 4939 1297 5013 ἐλευθερίαν
1357 4942 1460 5012 τῆς
1508 4944 1785 5015 ἡμετέρας

119 5032 344 5099 φύσεως,
375 5035 607 5106 ὴάθρόα
641 5035 930 5108 μεταϐολή,
953 5036 1016 5089 Εἰ
1045 5037 1155 5110 γὰρ
1194 5038 1401 5108 φυσικά
1427 5034 1498 5110 ἦν
1524 5039 1592 5094 τά
1613 5040 1782 5106 κακὰ,

118 5130 211 5184 οὑδ“
239 5133 310 5187 ἂν
336 5131 476 5203 αῦτη
503 5132 694 5201 γέγονε
715 5150 728 5161 ·
756 5134 865 5187 τῶν
895 5134 1004 5206 γάρ
1033 5135 1178 5189 κατά
1203 5136 1364 5204 φύσιν
1393 5140 1487 5192 καὶ
1535 5139 1783 5210 ἀνάγκην

118 5226 170 5279 οὑ
190 5227 470 5300 δυνάμεθα
509 5227 896 5298 μεθίστασθαι.
928 5230 1040 5284 Καὶ
1069 5231 1177 5303 μὴν
1200 5230 1600 5304 μεθιστάμεθα,
1625 5236 1780 5306 φησί.

121 5328 183 5380 οὑ
205 5328 479 5399 βλέπομεν
497 5329 607 5403 γάρ
635 5346 789 5394 τινας
821 5329 980 5400 φύσει
1009 5332 1110 5402 μέν
1143 5331 1365 5404 ἔχοντας
1403 5333 1652 5405 βλέπειν,
1677 5339 1784 5393 ὑπὸ

119 5423 199 5477 τοῦ
241 5424 409 5493 φόϐου
434 5423 492 5478 δὲ
516 5425 959 5496 τυφλουμένουςς
995 5428 1220 5498 Ἐπειδὴ
1248 5431 1341 5484 καὶ
1381 5430 1537 5485 τοῦτο
1569 5435 1786 5502 φύσεώς

121 5521 224 5573 ἐστι
260 5520 662 5587 συστέλλεσθαι,
715 5523 841 5580 ὅταν
880 5524 1040 5594 φύσις
1083 5527 1244 5599 ἐτέρα
1295 5530 1570 5604 προσέλθῃ
1593 5549 1608 5565 ο
1643 5533 1785 5587 ῶστε

123 5619 251 5673 κατά
270 5619 432 5689 φύσιν
463 5620 594 5692 ἡμῖν
624 5623 742 5675 ἐστι
765 5621 829 5675 τὺ
861 5623 1261 5695 πεφοϐημένοις
1285 5626 1360 5698 μὴ
1385 5627 1623 5698 βλέπειν,
1643 5633 1783 5686 κατά

124 5715 269 5782 φύσιν
296 5715 352 5769 δέ
386 5717 480 5771 καὶ
528 5717 612 5780 τὸ,
675 5718 920 5788 μείζονος
969 5723 1417 5793 παραγενομένου
1465 5726 1630 5794 φόϐου
1654 5768 1668 5792 ,
1693 5728 1786 5782 τὸν

123 5812 294 5884 ἓτερον
346 5811 763 5879 ὑπεξίστασθαι.
824 5816 890 5869 Τί
939 5833 1053 5886 ουν,
1102 5817 1168 5872 ἂν
1216 5820 1379 5892 καὶὴ
1429 5825 1780 5896 σωφροσύνη,

125 5912 264 5981 φησὶ,
292 5909 435 5965 κατά
468 5909 569 5980 μὲν
598 5910 760 5981 φύσιν
856 5951 870 5976 ,
903 5915 930 5967 6
958 5913 1015 5968 δέ
1055 5914 1216 5982 φόϐος
1269 5919 1547 5992 κρατήσας
1579 5920 1783 5989 ταύτην

179 6067 194 6090 ⁸
218 6066 362 6120 Alius
385 6069 449 6129 μὴ
484 6068 704 6130 φυσικόν.

3440 427 3548 484 9.92

1867 543 2108 616 ἐκϐάλῃς
2152 545 2218 596 Τί
2245 540 2362 610 οῦν,
2411 545 2476 598 ἂν
2527 544 2684 612 δείξω
2716 545 2869 611 τινὰς
2901 544 3036 616 μηδέ
3065 542 3185 598 τότε
3216 539 3546 614 σωφρονιζο-

1868 640 2093 709 μένους,
2117 639 2252 705 ἀλλά
2284 640 2377 694 καὶ
2406 641 2462 693 ἐν
2488 641 2698 706 τούτοις
2726 645 2840 706 τοῖς
2871 643 3057 712 φόϐοις
3089 643 3249 705 ὂντας
3287 639 3514 711 ἰταμούς
3533 681 3548 704 ,

1864 737 1924 789 οὐ
1951 739 2180 806 φυσικὸν
2219 751 2244 779 α
2274 739 2432 792 τοῦτό
2486 741 2655 795 ἐστιν.
2714 743 2868 795 Εῖπω
2914 741 2981 795 τά
3027 741 3268 804 παλαιά;
3300 739 3437 792 ἀλλά
3478 741 3550 792 τά

1863 834 1992 899 νέα;
2037 835 2200 888 Πόσοι
2231 836 2296 906 δὴ
2342 839 2399 889 ἐν
2438 835 2623 900 αὐτοῖς
2680 836 2911 900 ἐκείνοις
2967 839 3080 899 τοῖς
3141 835 3331 904 φόϐοις
3384 835 3552 888 ἐναπ-

1863 927 2083 997 έμειναν
2118 929 2404 996 γελῶντες,
2441 930 2821 999 χλευάζοντες,
2853 947 2947 984 και
2966 930 3119 983 οὐδὲν
3154 930 3355 984 ἔπαθον
3375 928 3552 983 τοιοῦο

1861 1037 1988 1087 τον;
2019 1020 2155 1072 Είπέ
2185 1039 2295 1092 μοι,
2329 1023 2575 1094 όφαραὼ
2602 1025 2704 1077 οὐκ
2738 1023 2944 1087 εὐθέως
2988 1023 3302 1094 μεθίστατο,
3336 1024 3430 1076 καὶ
3457 1022 3551 1074 ἐπὶ

1861 1115 1958 1188 τὴν
1987 1117 2263 1189 προτέραν
2311 1119 2510 1172 κακίαν
2561 1120 2857 1192 ἀνέτρεχε;
2905 1119 3176 1174 Ἐνταῦθα
3215 1119 3294 1185 δέ,
3323 1117 3552 1173 ἐπὶτῶν

1861 1214 1931 1266 τὰ
1977 1214 2230 1284 δαιμόνια
2285 1216 2553 1286 ἐχόντων,
2601 1218 2778 1270 καίτοι
2811 1219 2912 1271 ούκ
2961 1215 3304 1284 ἀγνοούντων
3342 1216 3549 1282 αὐτῶν,

1864 1309 2256 1380 προσετίθεσαν
2286 1311 2478 1375 ἀπλῶς
2506 1313 2555 1365 οἱ
2589 1312 2861 1381 λέγοντες.
2908 1311 3020 1364 Τὸν
3062 1309 3299 1378 Ἰησοῦν
3322 1308 3550 1380 ὁρκίζο-

1859 1421 1974 1472 μεν
1995 1405 2172 1475 ὑμᾶς,
2221 1409 2294 1462 ὃν
2325 1409 2571 1475 Παῦλος
2613 1409 2941 1477 κηρύσσει·
2997 1407 3066 1460 δι’
3105 1400 3180 1461 ὧν
3211 1408 3322 1478 γάρ
3354 1407 3553 1462 ἀπολο-

1864 1499 2108 1569 γοῦνται,
2150 1504 2446 1569 δείκνυται,
2496 1506 2579 1558 ὃτι
2616 1504 2786 1558 ἴσασι.
2819 1504 2924 1557 Τὸν
2957 1501 3169 1574 Ἰησοῦν
3199 1502 3255 1554 δὲ
3299 1502 3554 1570 λέγουσιν

1865 1600 2062 1653 ἐκεῖνοι
2097 1599 2307 1664 ἁπλῶς,
2350 1601 2466 1653 δέον
2491 1601 2667 1654 εἰπεῖν
2697 1600 2790 1652 τὸν
2815 1601 2915 1670 τῆς
2938 1598 3266 1668 οἰκουμένης
3298 1597 3553 1667 Σωτῆρα,

1865 1694 1957 1746 τὸν
1979 1693 2292 1748 ἀναστάντα
2314 1710 2326 1721 ·
2370 1693 2498 1746 ἀλλ’
2527 1694 2626 1746 οὐκ
2660 1693 2851 1764 ἤθελον
2888 1692 3227 1762 ὁμολογῆσαι
3258 1691 3356 1760 τὴν
3393 1689 3556 1756 δόξαν

1869 1788 2057 1844 αὑτοῦ.
2093 1789 2184 1842 Διὸ
2213 1789 2306 1841 καὶ
2360 1789 2571 1860 ἐλέγχει
2630 1789 2829 1851 αὐτοὺς
2887 1790 2916 1841 6
2964 1788 3175 1856 δαίμων
3207 1785 3556 1855 ἐπιπηδήσας

1869 1885 2077 1949 αὐτοῖς,
2123 1886 2218 1937 καὶ
2271 1884 2474 1938 εἰπών’
2543 1886 2655 1939 Τὸν
2694 1886 2939 1953 Ἰησοῦν
2983 1885 3278 1954 γινώσκω,
3319 1883 3416 1937 καί
3453 1884 3557 1936 τεν

1871 1979 2118 2034 Παῦλον
2136 1980 2484 2050 ἐπίσταμαι.
2523 1983 2669 2035 Ὠσεὶ
2693 1983 2878 2052 ἔλεγεν
2899 1999 2911 2013 ·
2945 1983 3136 2052 ’Υμεῖς
3166 1983 3228 2034 οὐ
3246 1980 3555 2044 πιστεύετε,

1872 2077 2001 2130 ἀλλ’
2036 2079 2484 2150 ἀποκεχρημένοι
2533 2079 2612 2151 τῷ
2663 2080 2890 2152 ὀνόματι
2924 2079 3102 2135 ταῦτά
3142 2097 3302 2149 φατε.
3339 2076 3557 2132 Οὐκοῦν

1871 2171 2076 2244 ἔρημος
2117 2176 2146 2228 ό
2183 2175 2332 2241 ναὸς,
2381 2175 2860 2244 εὐκαταγώνιστον
2914 2178 2976 2231 τὸ
3025 2177 3251 2240 σκεῦος·
3286 2175 3428 2228 ὥστε
3453 2173 3557 2227 οὐκ

1871 2270 1995 2323 ἐστέ
2025 2272 2291 2342 κήρυκες,
2340 2273 2471 2327 ἀλλ’
2518 2274 2668 2344 ἐμοὶ,
2705 2274 2893 2343 φησὶν,
2942 2273 3086 2328 ἐστέ.
3125 2271 3301 2334 Πολὺς
3333 2271 3362 2324 6
3388 2269 3558 2341 θυμὸς

1870 2366 1963 2420 τοῦ
1995 2367 2269 2437 δαίμονος.
2320 2367 2615 2422 ’Πδύναντο
2657 2369 2830 2423 ταῦτα
2880 2370 3081 2433 αὐτοὺς
3142 2366 3560 2438 ἐργάσασθαιοὶ

1871 2462 2180 2528 ἀπόστολοι,
2212 2463 2340 2517 ἀλλ’
2359 2464 2460 2518 οὐκ
2503 2465 2722 2520 ἐποίουν
2764 2467 2923 2531 τέως.
2956 2468 3018 2521 Οἱ
3049 2467 3162 2538 γάρ
3192 2465 3301 2519 τῶν
3329 2465 3560 2534 ἐργαζο-

1874 2561 2056 2631 μένων
2083 2562 2282 2639 αὒτοὺς
2313 2560 2487 2616 ταῦτα
2523 2563 2876 2634 κρατοῦντες,
2909 2562 3093 2634 πολλῷ
3125 2561 3326 2633 μᾶλλον
3355 2559 3558 2616 αὐτῶν.

1875 2659 2018 2729 Ὅρα
2075 2657 2192 2722 πῶς
2233 2657 2509 2712 δείκνυται
2573 2658 2758 2713 αὑτῶν
2822 2661 2856 2730 ἡ
2913 2659 3208 2725 ἐπιείκεια,
3259 2658 3342 2710 ὅτι
3378 2657 3428 2709 οἰ
3462 2657 3563 2726 μὲν

1873 2753 2227 2824 ἐλαυνόμενοι
2247 2753 2476 2809 τοιαῦτα
2504 2754 2774 2821 ποιοῦσιν,
2807 2756 2858 2809 οἰ
2883 2755 2941 2809 δὲ
2974 2753 3407 2826 θεραπευόμενοι
3445 2751 3562 2805 δαί-

1877 2867 2036 2919 μονες
2058 2849 2343 2904 τάναντία.
2377 2851 2490 2904 Τὸν
2530 2851 2797 2918 Ἰησοῦν,
2831 2855 2988 2921 φησὶ,
3024 2851 3318 2921 γινώσκω.
3346 2849 3561 2904 Οὐκοῦν

1875 2942 2205 3014 αἰσχύνθητε
2238 2945 2288 2997 οἱ
2310 2944 2464 3016 [315]
2493 2946 2812 3014 ἀγνοοῦντες
2837 2947 3015 3017 ὑμεῖς.
3046 2947 3158 3000 Καὶ
3187 2945 3293 3000 τὸν
3317 2944 3565 3000 Παῦλον

1873 3037 2221 3108 ἐπίσταμαι.
2269 3039 2467 3104 Καλῶς
2523 3041 2621 3094 καὶ
2676 3039 2872 3096 τοῦτο·
2923 3042 3040 3113 ᾔδει
3089 3043 3199 3114 γὰρ
3250 3040 3387 3095 Θεοῦ
3433 3041 3566 3094 δντα

1876 3135 2114 3205 κήρυκα.
2140 3129 2275 3188 Εἶτα
2302 3135 2593 3204 ἐφάλλεται
2611 3135 2712 3188 ἐπ’
2734 3137 2956 3205 αὐτοὺς,
2989 3139 3085 3194 καὶ
3100 3139 3467 3214 διαρρηγνυσι
3495 3141 3566 3192 τὰ

1879 3229 2104 3300 ἱμάτια’
2137 3229 2218 3283 δι’
2257 3223 2333 3285 ὧν
2371 3230 2546 3285 ἐποίει
2576 3232 2786 3299 αὐτοῖς,
2827 3232 2989 3287 τοῦτο
3029 3237 3315 3306 μονονουχὶ
3347 3235 3523 3299 λέγων
3547 3249 3564 3264 ο

1877 3326 1970 3398 Μὴ
2023 3327 2304 3399 νομίσητε,
2358 3330 2440 3382 ὅτι
2486 3317 2846 3399 καταφρονῶν
2893 3330 3120 3384 ἐκείνων
3170 3331 3346 3386 ταῦτα
3405 3329 3565 3384 ποιῶ.

1880 3424 2056 3487 Πολὺς
2097 3425 2125 3478 6
2181 3423 2346 3493 φόϐος
2395 3423 2491 3477 τοῦ
2543 3424 2819 3494 δαίμονος.
2875 3425 2987 3480 Καὶ
3028 3425 3120 3479 διὰ
3172 3427 3226 3480 τί
3268 3426 3440 3498 χωρὶς
3457 3426 3574 3480 τῶν

1881 3520 2146 3591 ῥημάτων
2174 3519 2380 3574 τούτων
2426 3520 2488 3572 οὐ
2519 3518 2804 3590 διέρρηξεν
2839 3519 3020 3574 αὐτῶν
3045 3520 3115 3574 τά
3161 3522 3390 3592 ίμάτια;
3425 3523 3573 3577 οὓτω

1878 3614 1988 3685 γάρ
2015 3613 2084 3667 ἂν
2107 3613 2204 3666 καὶ
2232 3612 2324 3665 τὸν
2351 3611 2524 3681 θυμὸν
2549 3611 2860 3684 ἐπλήρωσε,
2900 3612 2995 3666 καὶ
3027 3614 3128 3685 τὴν
3169 3614 3379 3686 πλάνην
3407 3617 3572 3689 ἐστη-

1881 3726 1994 3762 σεν.
2037 3707 2339 3776 Ἐφοϐεῖτο,
2360 3708 2498 3778 ὅπερ
2528 3707 2687 3778 ἔφην,
2705 3707 2805 3778 τὴν
2828 3709 3125 3781 ἀπρόσιτον
3147 3711 3175 3751 δ
3198 3711 3452 3783 δύναμιν,
3476 3713 3572 3766 καὶ

1880 3807 1981 3858 οὐκ
2008 3805 2074 3859 ἀν
2105 3804 2361 3858 τοσοῦτον
2425 3805 2668 3874 ἴσχυσεν,
2727 3805 2776 3857 εί
2831 3805 2906 3876 μὴ
2953 3805 3116 3860 τοῦτο
3134 3802 3310 3862 εἶπεν.
3345 3810 3488 3881 Ὅρα
3513 3809 3572 3865 δέ

1882 3899 2162 3970 πανταχοῦ
2205 3899 2333 3963 τοῦς
2384 3899 2646 3970 δαίμονας
2702 3899 3246 3972 εὐγνωμονεστέρους
3287 3903 3396 3955 τῶν
3440 3905 3574 3956 Ἰου-

1881 3994 2066 4062 δαίων,
2102 3994 2200 4048 καὶ
2226 3993 2287 4046 οὐ
2322 3991 2640 4064 τολμῶντας
2677 3995 2980 4061 ἀντειπεῖν,
3026 3998 3146 4051 οῦδέ
3187 3999 3574 4072 κατηγορῆσαι

1889 4091 1999 4144 τῶν
2055 4090 2398 4156 ἀποστόλων,
2440 4090 2561 4142 οὑδέ
2625 4091 2722 4145 τοῦ
2785 4093 3044 4163 Χριστοῦ.
3111 4095 3258 4149 Ἐκεῖ
3300 4095 3572 4165 λέγουσιν,

1889 4186 2149 4256 Οἴδαμεν
2200 4200 2275 4239 σε
2311 4185 2402 4251 τις
2430 4181 2522 4238 εἷ’
2552 4186 2667 4252 καὶ,
2718 4186 2783 4240 Τί
2822 4183 3007 4257 ἦλθες
3035 4181 3155 4243 ὧοε
3207 4190 3322 4260 πρὸ
3354 4190 3573 4260 καιροῦ

1878 4281 2226 4346 βασανίσαι
2259 4279 2452 4350 ἠμᾶς;
2484 4281 2579 4334 καὶ
2619 4281 2804 4346 πάλιν,
2843 4280 2988 4338 Οἶδά
3027 4302 3103 4340 σε
3132 4287 3225 4353 τίς
3247 4283 3320 4355 εἷ,
3356 4289 3390 4342 6
3429 4289 3566 4354 Υἱὸς

1884 4374 1991 4428 τοῦ
2021 4374 2172 4428 Θεοῦ
2202 4391 2215 4404 ⁸
2243 4373 2481 4429 ἐνταῦθα
2533 4376 2613 4442 δὲ,
2667 4373 2845 4434 οὗτοι
2903 4382 2962 4434 οί
3015 4380 3315 4450 ἅνθρωποι
3357 4383 3573 4439 δοῦλοι

1884 4468 1988 4524 τοῦ
2026 4469 2174 4524 Θεοῦ
2225 4469 2335 4524 τοῦ
2388 4471 2664 4538 ὑψίστου
2709 4473 2832 4526 εἰσί
2879 4489 2892 4503 ο
2944 4474 3040 4528 καὶ
3098 4477 3282 4542 πάλιν,
3323 4477 3576 4548 Τὸνμὲν

1895 4565 2142 4634 Ἰησοῦν
2166 4563 2458 4635 γινώσκω,
2502 4566 2732 4620 καὶτὸν
2761 4569 3014 4623 Παῦλον
3043 4570 3392 4642 ἐπίσταμαι.
3423 4575 3577 4630 Πάνυ

1883 4662 1992 4733 γὰρ
2013 4662 2351 4716 ἐδεδοίκεσαν
2383 4663 2478 4716 καὶ
2499 4662 2727 4734 ἔτρεμον
2758 4667 2885 4729 τοὺς
2917 4666 3108 4736 ἁγίους
3131 4669 3394 4735 ἐκείνους.
3419 4672 3575 4743 Τάχα

1881 4776 1966 4823 τις
1995 4759 2152 4831 ὑμῶν
2181 4760 2396 4814 ἀκούων
2420 4801 2434 4826 ,
2467 4761 2623 4814 ποθεῖ
2649 4763 2742 4816 ἐπὶ
2777 4763 2982 4834 ταύτης
3015 4766 3272 4833 γενέσθαι
3292 4767 3392 4838 τῆς
3421 4769 3575 4835 ἐξου-

1885 4857 2026 4924 σίας,
2077 4855 2218 4910 ώστε
2275 4858 2350 4928 μὴ
2399 4857 2662 4912 δύνασθαι
2702 4859 2965 4931 δαίμονας
3013 4863 3358 4919 ἀντιϐλέπειν
3402 4868 3571 4937 αὐτῷ,

1882 4954 1976 5007 καὶ
2001 4954 2297 5025 μακαρίζει
2335 4955 2462 5018 τοὺς
2503 4955 2694 5024 ἀγίους
2734 4958 2978 5023 ἐκείνους
3011 4959 3098 5013 διά
3119 4960 3310 5028 τοῦτο,
3339 4963 3420 5016 ὅτι
3447 4981 3575 5018 τοσ-

1882 5050 2054 5121 αύτην
2105 5045 2251 5120 εἶχον
2309 5048 2484 5120 ἰσχύν.
2523 5051 2662 5104 Ἀλλ’
2691 5052 2939 5106 ἀκουέτω
2981 5055 3076 5108 τοῦ
3115 5057 3356 5129 Χριστοῦ
3385 5059 3576 5129 λέγον.

1883 5163 1972 5209 τος
2005 5159 2019 5174 ⁸
2050 5144 2148 5213 Μὴ
2173 5146 2437 5214 χαίρετε,
2465 5145 2554 5200 ὅτι
2579 5147 2649 5201 τὰ
2671 5147 2948 5218 δαιμόνια
2967 5150 3112 5220 ὑμῖν
3133 5149 3571 5210 ὑποτάσσεταιο

1883 5242 2074 5312 ἐπειδὴ
2107 5241 2222 5312 ᾔδει
2255 5241 2468 5305 πάντας
2515 5242 2837 5313 ἀνθρώπους
2879 5245 3115 5314 μάλιστα
3162 5247 3338 5319 τούτῳ
3364 5251 3576 5321 χαίρον-

1882 5355 1980 5401 τας
2013 5338 2104 5392 διά
2123 5336 2453 5411 κενοδοξίαν.
2495 5338 2558 5390 Εἰ
2584 5338 2691 5406 γὰρ
2725 5338 2785 5390 τὸ
2818 5339 2893 5410 τῷ
2931 5339 3052 5410 Θεῷ
3079 5351 3101 5379 ε
3147 5341 3338 5396 δοκοῦν
3391 5345 3576 5417 ζητεῖς

1885 5437 1980 5489 καὶ
2016 5434 2078 5488 τὸ
2116 5436 2270 5506 κοινῇ
2321 5433 2625 5506 συμφέρον,
2677 5435 2839 5506 ἑτέρα
2867 5438 3070 5507 μείζων
3109 5439 3258 5493 ἐστὶν
3286 5441 3425 5507 ὁδός.
3458 5441 3576 5498 Οὐκ

1883 5531 2031 5586 εστιν
2087 5531 2232 5586 οὕτω
2281 5532 2428 5604 μέγα
2480 5531 2734 5604 δαίμονος
2788 5534 3119 5600 ἀπαλλάξαι,
3177 5538 3254 5602 ώς
3298 5539 3576 5611 ἁμαρτίας

1885 5627 2191 5698 ἐξελέσθαι.
2218 5629 2446 5700 Δαίμων
2467 5630 2530 5682 οὺ
2557 5629 2758 5683 κωλύει
2789 5630 3066 5701 βασιλείας
3104 5633 3352 5703 οὐρανῶν
3391 5638 3577 5691 ἐπιτυ-

1885 5730 2021 5798 χεῖν,
2052 5725 2190 5780 ἀλλὰ
2220 5726 2314 5780 καὶ
2346 5727 2728 5798 συμπράττει,
2759 5731 2908 5782 ἄκων
2946 5729 3068 5800 μὲν,
3120 5733 3466 5801 συμπράττει
3493 5734 3575 5799 δὲ,

1885 5823 2331 5894 σωφρονέστερον
2367 5823 2458 5878 τδν
2504 5823 2699 5893 ἔχοντα
2745 5823 2914 5877 ποιῶν
2943 5841 2954 5854 ·
2995 5825 3243 5896 ἁμαρτία
3286 5825 3342 5880 δὲ
3371 5829 3573 5882 ἐκϐἀλο

1885 5920 1987 5973 λει.
2015 5926 2022 5934 ’

1942 6096 1970 6136 ι,
1995 6076 2133 6129 Idem
2162 6079 2246 6136 τὴν
2286 6078 2567 6143 ἀπόρρητον.
2641 6081 2659 6107 ι
2688 6076 2821 6128 Unus
2846 6078 2934 6140 γάρ
2953 6079 3021 6138 τῷ
3043 6080 3152 6140 Θεῷ
