4070 6490
467 413 565 468 Ξὲὅ

528 521 589 575 δ’.
630 518 766 571 Ἀλλ’
802 516 1058 587 τσωςέρεῖ
1080 532 1179 577 τις·
1210 515 1301 585 Μὴ
1317 512 1523 581 γένοιτό
1552 526 1641 581 μοι
1672 508 1911 563 τοιούτου
1940 507 2121 575 τυχεῖν

458 605 861 677 σωφρονισμοῦ.
890 604 1021 657 Οὐδὲ
1058 602 1167 671 ἐγὼ
1201 601 1481 671 βούλομαι,
1510 599 1625 651 ἀλλ’
1657 596 1871 667 ἑτέρου,
1901 595 2007 648 ἀπὸ
2029 591 2121 644 τοῦ

464 695 628 748 πόθου
657 692 751 745 τοῦ
780 690 1015 763 Χριστοῦ
1042 690 1219 742 πάντα
1266 690 1457 740 ποιεῖν.
1489 686 1550 738 Εί
1581 685 1658 747 δὲ,
1698 684 1728 737 ὃ
1772 683 1847 754 μὴ
1892 681 2120 763 γένοιτο,

464 781 705 852 συμϐαίη
764 761 859 833 καὶ
893 779 1033 848 ὑπὲρ
1061 777 1249 829 τούτου
1283 774 1639 845 παρακαλεῖν.
1675 774 1737 825 Et
1768 770 1945 823 τοίνυν
1976 761 2130 830 οὗτος

468 871 565 937 μὲν
590 868 690 921 οὐκ
718 866 990 931 ἐκϐάλλει,
1014 866 1195 934 ἐκείνη
1238 864 1291 916 δὲ
1318 860 1588 925 ἐκϐάλλει,
1638 860 1698 913 τὸ
1720 858 1933 927 ἐκείνης
1957 856 2131 909 ἀπαλο

462 953 624 1017 λάξαι
654 952 896 1023 μείζονος
921 951 1253 1021 εὐεργεσίας.
1272 948 1480 1002 Οὐκοῦν
1510 946 1715 1015 ταύτης
1740 944 2132 1013 σπουδάζωμεν

464 1041 824 1094 ἀπαλλάττειν
847 1042 972 1102 τούς
994 1037 1218 1107 πλησίον
1255 1036 1348 1089 καὶ
1372 1036 1479 1105 πρὸ
1494 1033 1603 1087 τῶν
1630 1032 2017 1101 πλησίονήμᾶς
2035 1030 2133 1082 αῦ-

462 1128 607 1190 τούς.
638 1128 881 1197 Ἰδωμεν,
926 1125 998 1196 μὴ
1021 1124 1249 1193 δαίμονα
1280 1123 1512 1193 ἔχωμεν·
1536 1118 1880 1188 ἐξετάσωμεν
1906 1116 2133 1180 ἑαυτοὺς

465 1214 708 1284 ἀκριϐῶς
720 1254 732 1266 .
752 1214 1011 1283 Δαίμονος
1025 1208 1403 1281 χαλεπώτερον
1417 1208 1656 1279 ἁμαρτία
1667 1224 1679 1237 ·
1696 1207 1900 1269 ἐκεῖνος
1915 1206 2013 1274 μὲν
2024 1205 2131 1275 γὰρ

465 1302 750 1362 ταπεινοὺς
790 1302 952 1353 ποιεῖ.
992 1300 1060 1351 Ἣ
1085 1299 1183 1369 οὐχ
1210 1300 1374 1370 ὁρᾶτε
1424 1297 1550 1358 τοὺς
1579 1294 1969 1365 δαιμονῶντας,
2005 1292 2130 1343 ὅταν

466 1388 826 1454 ἀνενέγκωσιν
854 1385 964 1439 ἀπὸ
1017 1386 1117 1456 τῆς
1151 1384 1330 1451 νόσου,
1367 1383 1483 1446 πῶς
1522 1378 1626 1435 είσι
1677 1380 1960 1449 κατηφεῖς,
2013 1378 2131 1441 πῶς

468 1476 822 1547 σκυθρωποί;
855 1476 972 1537 πῶς
1005 1474 1267 1543 αίσχύνης
1298 1475 1365 1526 τά
1408 1474 1673 1543 πρόσωπα
1720 1472 1901 1526 αὐτῶν
1929 1472 2127 1542 γέμει;

467 1566 583 1628 πῶς
634 1565 755 1618 οὐδὲ
812 1561 1132 1630 ἀντιϐλέψαι
1184 1558 1489 1631 τολμῶσιν;
1550 1561 1691 1630 Ὅρα
1741 1558 1838 1631 τὴν
1880 1561 2128 1614 ἀτοπίαν·

468 1652 666 1705 ἐκεῖνοι
698 1652 795 1721 μὲν
822 1652 961 1721 ὑπὲρ
993 1643 1067 1703 ὧν
1120 1649 1421 1717 πάσχουσιν
1470 1646 1834 1717 αἰσχύνονται,
1868 1647 2026 1717 ἡμεῖς
2076 1647 2133 1700 δέ

470 1738 607 1808 ὑπὲρ
639 1731 713 1791 ὧν
735 1736 1046 1807 πράττομεν
1064 1735 1164 1787 οὐκ
1197 1733 1583 1804 αἰσχυνόμεθα·
1617 1736 1812 1787 ἐκεῖνοι
1840 1733 2131 1803 ἀδικούμε-

470 1844 547 1877 νοι
582 1825 880 1889 αἰδοῦνται,
911 1825 1071 1894 ἡμεῖς
1120 1820 1432 1883 ἀδικοῦντες
1470 1821 1569 1873 οὐκ
1596 1821 1910 1890 αἰδούμεθα·
1959 1820 2133 1873 καίτοι

469 1914 536 1965 τὰ
565 1912 785 1964 ἐκείνων
842 1912 941 1963 οὐκ
995 1907 1257 1978 αἰσχύνης
1288 1908 1433 1972 ἄξια,
1468 1907 1584 1961 ἀλλ’
1618 1907 1769 1960 ἐλέου
1803 1907 1896 1960 καὶ
1946 1909 2132 1977 φιλαν-

472 2000 717 2069 θρωπίας
751 1999 843 2051 καὶ
872 1995 1218 2065 συγγνώμης,
1257 1996 1349 2047 καὶ
1372 1994 1563 2046 πολλοῦ
1592 1994 1685 2047 τοῦ
1717 1994 1991 2064 θαύματος
2021 1996 2134 2047 ’καὶ

474 2086 682 2154 μυρίων
714 2085 821 2137 τῶν
865 2083 1120 2147 ἐπαίνων,
1158 2083 1287 2135 ὅταν
1345 2082 1440 2135 καὶ
1467 2081 1691 2151 τοιούτῳ
1736 2082 2130 2147 προσπαλαίον-

471 2189 559 2235 τες
605 2172 839 2242 δαίμονι,
894 2170 1072 2223 πάντα
1115 2169 1455 2239 εὐχαρίστως
1506 2168 1735 2239 φέρωσι·
1794 2170 1862 2223 τά
1908 2170 1966 2223 δὲ
2000 2170 2136 2241 ήμέ-

472 2276 603 2330 τερα
632 2260 863 2328 γέλωτος
911 2258 1101 2323 ὅντως,
1136 2257 1417 2327 αἰσχύνης,
1450 2258 1803 2328 κατηγορίας,
1845 2258 2139 2322 κολάσεως,

473 2346 761 2415 τιμωρίας,
794 2343 902 2397 τῶν
942 2344 1185 2415 ἐσχάτων
1224 2344 1409 2397 κακῶν
1437 2344 1531 2396 καὶ
1574 2345 1817 2414 γεέννης,
1849 2345 1963 2397 ἀλλ’
1994 2346 2139 2398 οὐδε-

474 2433 606 2502 μιᾶς
647 2430 795 2503 [514]
847 2432 973 2496 ἀξια
1030 2430 1377 2501 συγγνώμης.
1419 2431 1602 2501 Ὁρᾷς,
1639 2432 1718 2483 ὃτι
1765 2431 2139 2501 χαλεπώτερον

475 2520 726 2589 δαίμονος
760 2519 1036 2589 ἀμαρτία;
1096 2520 1204 2570 Καὶ
1256 2521 1453 2571 ἐκεῖνοι
1504 2520 1602 2590 μὲν
1652 2518 1712 2583 ἐξ
1741 2514 1815 2573 ὧν
1874 2520 2142 2590 πάσχουσι

479 2607 663 2663 κακῶς
693 2620 741 2669 ο,
775 2606 1119 2677 κερδαίνουσι
1147 2607 1337 2678 κέρδος
1363 2606 1602 2660 διπ)οῦν·
1637 2606 1694 2659 ἓν
1719 2608 1816 2678 μὲν
1845 2607 1905 2660 τὸ
1928 2624 2142 2677 σωφρο-

476 2694 714 2757 νίζεσθαι
759 2695 851 2747 καὶ
889 2693 1312 2765 φιλοσοφώτεροι
1366 2688 1530 2759 εἶναι,
1573 2694 1824 2767 δεύτερον
1868 2695 1923 2749 δὲ
1950 2694 2009 2748 τὸ
2046 2695 2144 2766 τὴν

482 2781 697 2833 κόλασιν
753 2780 988 2835 ἐνταῦθα
1038 2782 1144 2835 τῶν
1203 2782 1417 2835 οἰκείων
1475 2783 1884 2855 ἁμαρτημάτων
1942 2783 2143 2846 δόντες,

480 2868 706 2939 καθαροὶ
760 2869 894 2940 πρὸς
926 2868 1018 2922 τὸν
1069 2869 1346 2939 Δεσπότην
1376 2868 1651 2924 ἀπελθεῖν.
1708 2871 1818 2924 Καὶ
1850 2870 1957 2941 γάρ
2004 2872 2143 2941 ὑπὲρ

480 2955 670 3009 τούτου
725 2956 1079 3027 διελέχθημεν
1145 2956 1426 3021 πολλάκις,
1482 2957 1575 3010 καὶ
1624 2958 1907 3027 ἐδείξαμεν
1959 2960 2007 3026 δ,
2063 2960 2143 3012 ὄτι

479 3046 602 3108 τούς
650 3045 883 3098 ἐνταῦθα
919 3046 1333 3117 κολαζομένους,
1392 3046 1459 3098 ἂν
1508 3047 1863 3116 εὐγνωμόνως
1916 3049 2141 3118 φέρωσι,

483 3130 652 3184 πολλά
699 3132 807 3185 τῶν
842 3134 1261 3203 ἁμαρτημάτων
1302 3132 1654 3186 ἀποτίθεσθαι
1705 3134 1869 3197 εἰκός.
1909 3135 2041 3187 Ἀπὸ
2090 3136 2147 3189 δὲ

482 3218 591 3272 τῶν
633 3220 1047 3289 ἁμαρτημάτων
1091 3221 1255 3273 διπλᾶ
1304 3219 1371 3273 τὰ
1412 3220 1580 3282 δεινὰ,
1627 3220 1684 3271 ἓν
1718 3222 1815 3291 μὲν
1843 3223 1923 3274 ὅτι
1976 3240 2147 3293 προσ-

483 3307 772 3377 κρούομεν,
812 3308 996 3377 ἕτερον
1052 3307 1107 3359 δὲ
1144 3308 1223 3359 ὅτι
1267 3307 1480 3378 χείρους
1518 3307 1800 3377 γινόμεθα.
1845 3310 2147 3380 Προσέχετε

481 3388 526 3461 ᾧ
566 3396 730 3463 λέγω.
784 3396 858 3447 Οὐ
894 3395 1049 3447 τοῦτο
1106 3395 1265 3464 μόνον
1309 3394 1639 3465 ἀδικούμεθα
1671 3396 1779 3449 ἀπὸ
1821 3396 1919 3466 τῆς
1970 3399 2147 3470 ἀμαρ-

483 3483 624 3546 τίας,
660 3483 741 3534 ὅτι
786 3483 1195 3551 ἁμαρτάνομεν,
1232 3481 1369 3534 ἀλλά
1397 3483 1493 3536 καὶ
1540 3482 1750 3553 ἕτερον,
1795 3484 1876 3536 ὅτι
1922 3484 2033 3549 ἓξιν
2062 3487 2148 3538 δέ·

485 3570 695 3640 χεταιή
729 3568 895 3640 ψυχὴ.
926 3563 1037 3622 οἷον
1086 3569 1160 3633 ὡς
1200 3570 1291 3622 ἐπὶ
1336 3568 1606 3640 σώματος·
1660 3572 1992 3643 σαφέστερον
2044 3576 2151 3646 γὰρ

484 3657 638 3711 ἔσται
681 3657 774 3710 ἐπὶ
826 3656 1222 3727 ύποδείγματος
1269 3655 1581 3727 λεγόμενον.
1633 3659 1903 3730 Καθάπερ
1964 3661 2072 3731 γὰρ
2126 3664 2154 3716 6

485 3743 724 3817 πυρέξας
748 3744 809 3798 οὐ
853 3744 1012 3797 τοῦτο
1060 3744 1220 3813 μόνον
1254 3743 1532 3813 ἠδίκηται,
1569 3745 1652 3799 ὅτι
1706 3750 1870 3811 νοσεῖ,
1907 3748 2022 3801 ἀλλ’
2072 3751 2154 3803 ὅτι

490 3831 747 3901 μετάτὴν
796 3831 951 3883 νόσον
990 3830 1376 3899 ἀσθενέστερος
1424 3831 1635 3897 γίνεται
1679 3831 1883 3897 λοιπὸν,
1921 3833 2027 3886 κάν
2076 3837 2155 3897 είς

490 3919 681 3985 ὑγείαν
728 3917 1011 3971 ἐπανέλθοι
1043 3917 1150 3970 ἀπὸ
1177 3918 1331 3969 νὸσου
1368 3920 1606 3987 μακρᾶς·
1639 3918 1781 3971 οὕτω
1814 3919 1875 3990 δὴ
1930 3920 2022 3973 καὶ
2067 3921 2156 3973 ἐπὶ

490 4006 585 4074 τῆς
639 4005 935 4076 ἁμαρτίας,
980 4004 1084 4057 κᾶν
1135 4004 1487 4074 ὐγιαίνωμεν,
1540 4003 1620 4057 ἔτι
1676 4005 1878 4076 πολλῆς
1927 4007 2155 4076 δεόμεθα

490 4096 588 4163 τῆς
624 4093 825 4163 ἰσχύος.
878 4093 985 4146 Ἴδε
1026 4093 1133 4163 γάρ
1167 4109 1261 4161 μοι
1292 4092 1589 4162 ὑϐρίσαντά
1619 4110 1761 4159 τινα,
1810 4096 1903 4147 καὶ
1947 4096 2021 4166 μὴ
2073 4116 2157 4151 τισ-

495 4183 837 4251 μωρηθὲντα·
898 4182 959 4233 οὐ
999 4181 1087 4233 διὰ
1124 4181 1282 4234 τοῦτο
1334 4182 1492 4248 μόνον
1526 4182 1806 4252 δακρύειν,
1840 4185 1921 4237 ὅτι
1968 4186 2028 4237 ού
2060 4188 2156 4257 τῆς

497 4268 705 4338 ὐὸρεως
736 4267 892 4337 δίκην
952 4268 1207 4333 δίδωσιν,
1255 4268 1391 4321 ἀλλά
1443 4269 1535 4321 καὶ
1581 4269 1646 4321 δι’
1708 4270 1893 4341 ἕτερον
1942 4273 2157 4325 πενθεῖν

495 4354 662 4418 ἄξιον.
721 4356 878 4407 Ποῖον
929 4354 994 4425 δὴ
1040 4354 1228 4419 τοῦτο;
1281 4355 1403 4408 Ὀτι
1456 4358 1917 4427 ἀναισχυντοτέρα
1966 4358 2157 4426 γέγονε

493 4441 677 4493 λοιπὸν
708 4442 739 4510 ή
776 4441 945 4511 ψυχή.
990 4440 1251 4493 Ἐκάστου
1284 4442 1390 4511 γὰρ
1434 4442 1540 4495 τῶν
1574 4444 2010 4515 ἁμαρτημάτων,
2068 4450 2160 4500 καὶ

495 4530 593 4599 τῆς
645 4531 921 4601 ἁμαρτίας
961 4530 1319 4599 ὲργασθείσης
1368 4530 1461 4582 καὶ
1491 4533 1867 4603 παυσαμένης,
1915 4537 2163 4589 ἐναποτίο

493 4618 645 4670 θεταί
694 4636 777 4682 τις
815 4619 970 4689 ήμῶν
1026 4619 1104 4681 ίδς
1153 4620 1219 4688 τῇ
1246 4616 1413 4687 ψυχῇ.
1468 4618 1581 4670 Οὐκ
1628 4620 1844 4684 ἀκούεις
1897 4622 2161 4691 λεγόντων

496 4707 677 4767 τινῶν,
729 4708 855 4761 ὅταν
908 4709 972 4760 ἐκ
1026 4708 1180 4760 νόσου
1226 4707 1558 4779 ὑγιάνωσινη
1592 4709 1671 4761 ὅτι
1707 4712 1819 4763 Οὐκ
1866 4711 1946 4764 ἔτι
1981 4713 2163 4784 τολμῶ

500 4794 645 4863 ὓδωρ
678 4796 852 4859 πιεῖν;
886 4794 1064 4846 καίτοι
1114 4811 1177 4862 γε
1228 4795 1464 4861 ὐγίανεν·
1516 4795 1629 4848 ἀλλ’
1662 4799 1693 4866 ή
1737 4799 1889 4861 νόσος
1923 4800 2015 4852 καὶ
2041 4800 2161 4853 τοῦ·

500 4900 559 4935 το
614 4882 857 4951 ἠδίκησε.
913 4882 1168 4934 Κάκεῖνοι
1231 4884 1328 4952 μὲν
1380 4882 1563 4947 κακῶς
1615 4885 1939 4956 πάσχοντες,
1999 4890 2162 4960 εὐχα-

500 4969 795 5039 ριστοῦσιν·
836 4972 997 5039 ἡμεῖς
1043 4970 1099 5023 δὲ
1134 4966 1191 5023 εὖ
1224 4971 1574 5040 πράττοντες,
1609 4974 2029 5047 βλασφημοῦμεν
2072 4979 2163 5032 τὸν

499 5059 651 5121 Θεὸν,
682 5059 775 5111 καὶ
809 5059 1310 5130 ἀποδυσπετοῦμεν·
1354 5060 1604 5124 πλείονας
1636 5062 1743 5133 γὰρ
1790 5062 1968 5135 εὕροις
2000 5068 2065 5119 ἂν
2107 5070 2163 5120 ὲν

501 5146 656 5218 ὑγεία
715 5147 809 5199 καὶ
861 5146 1073 5217 πλούτῳ
1114 5149 1270 5202 τοῦτο
1320 5150 1627 5213 ποιοῦντας,
1693 5150 1724 5221 ἢ
1769 5154 1827 5204 ὲν
1879 5154 2037 5225 πενίᾳ
2073 5157 2164 5208 καὶ

500 5235 799 5305 ἀρρωστίᾳ.
866 5234 1165 5307 Ἐφέστηκε
1191 5236 1298 5308 γὰρ
1328 5240 1357 5292 6
1402 5237 1608 5308 δαίμων
1655 5240 1729 5302 ὠς
1758 5239 1947 5310 δήμιος
1997 5243 2165 5306 δντως

504 5322 731 5391 σφοδρὸς
780 5322 1018 5377 ἀπειλῶν
1071 5323 1260 5387 πολλὰ,
1296 5326 1557 5403 ⁸καθάπερ
1607 5337 1629 5365 ο
1684 5345 1768 5390 τις
1822 5330 2166 5398 παιδαγωγὸς

503 5414 593 5466 τὸν
652 5415 848 5483 ἱμάντα
902 5414 1197 5469 ἀνατείνων
1230 5452 1245 5478 ,
1314 5416 1406 5468 καὶ
1476 5416 1772 5487 οὐδαμόθεν
1832 5419 2165 5490 ἀναχυθῆναι

502 5502 701 5568 ἀφιείς.
740 5502 800 5553 Εἰ
838 5502 891 5553 δέ
915 5519 1060 5567 τινες
1090 5502 1210 5573 μηδ’
1248 5500 1392 5556 οὕτω
1424 5506 1661 5574 νήφοιεν,
1714 5506 1828 5558 ἀλλ’
1880 5503 1973 5560 οὖν
2032 5510 2168 5561 ἐκεῖ·

505 5605 581 5639 νοι
607 5587 809 5643 διδόασι
835 5588 860 5627 ά
900 5589 1075 5658 δίκην.
1113 5592 1185 5643 Οὐ
1234 5592 1428 5663 μικρὸν
1460 5592 1515 5644 δὲ
1548 5596 1639 5646 καὶ
1686 5594 1859 5648 τοῦτο·
1914 5596 2166 5666 καθάπερ

505 5675 612 5744 γὰρ
668 5675 717 5726 οί
757 5675 952 5743 μωροὶ,
1017 5676 1264 5749 καθάπερ
1322 5681 1370 5732 οί
1430 5680 1767 5750 μαινόμενοι,
1831 5682 2083 5752 καθάπερ
2118 5685 2166 5736 οί

566 5823 581 5844 ⁸
611 5824 857 5893 "aqvam
880 5827 1041 5893 κακῶς
1063 5825 1207 5893 df'csl
1228 5830 1291 5893 _in
1340 5843 1435 5876 uno
1476 5831 1664 5878 codice.
1755 5852 1781 5890 δ
1803 5833 1893 5879 Καὶ
1925 5833 2162 5893 ἐδείξαμεν

504 5885 644 5955 ὀρθοί
667 5888 715 5955 ιιι
741 5900 851 5934 uno.
939 5892 959 5917 ε
988 5890 1083 5955 Allj
1128 5890 1347 5955 000606;
1366 5894 1517 5938 πολλά
1546 5896 1708 5955 λέγων
1746 5885 1973 5955 καθάπερ.
2032 5885 2160 5942 ⁷ιΙἸιιι

507 5950 736 6017 ιζςιιηπιει.
765 5954 817 5995 el
836 5961 960 6017 ιπηιιε
1125 5963 1137 6008 ;
1174 5949 1379 6017 Nomii,
1408 5960 1513 6014 post
1537 5949 1707 6014 Sam”
1738 5956 1788 6001 Εἰ
1814 5956 1863 6003 δέ
1884 5949 2004 6009 τινες
2052 5957 2160 6016 μηδ’

507 6011 629 6057 οὑτω
649 6010 775 6071 νήφ,
806 6010 909 6058 οὐδὲ
936 6012 1005 6059 ἐκ.
1032 6013 1258 6061 δώσουσι.
1294 6010 1425 6063 limi.

1236 402 1294 458 S.
1341 397 1622 458 JOANNIS
1663 388 2146 453 CIIHYSOSTOMI

2252 388 2519 448 RCIIIEP.
2569 390 3115 448 COLVSTANTINOP.
3791 386 3893 447 20$

2232 503 2415 568 παῖδες
2448 507 2545 559 οὐκ
2597 505 2952 559 ἀπαιτοῦνται
3014 504 3272 566 εὐθύνας,
3329 502 3500 565 οὕτως
3548 502 3666 556 οὐδὲ
3726 496 3891 557 οὗτοι·

2229 591 2337 643 τῶν
2369 593 2475 661 γὰρ
2531 593 2631 645 οὐκ
2691 593 2749 644 ἐν
2806 590 3004 659 γνώσει
3058 590 3448 660 πραττομένων
3494 590 3670 653 οὐδεὶς
3726 588 3899 650 οῦτως

2231 680 2399 749 ὠμὸς,
2440 678 2579 732 ὥστε
2633 682 2935 751 ἀπαιτῆσαι
2979 680 3134 749 δίκην
3182 678 3332 732 ποτέ.
3369 679 3511 747 Ἀρα
3564 676 3743 746 πολλῷ
3792 676 3904 728 τῶν

2232 768 2611 837 δαιμονῶντων
2634 771 2817 839 χεῖρον
2846 767 3165 837 διακείμεθα
3194 770 3242 820 οί
3286 768 3709 838 ἁμαρτάνοντες.
3758 764 3905 817 Ἀλλ’

2232 856 2429 909 ὅτιούκ
2464 856 2785 926 ἀφρίζομεν,
2814 855 2937 908 οὐδὲ
2979 856 3373 926 διαστρέφομεν
3416 854 3515 919 τάς
3566 854 3755 924 κόρας,
3778 854 3907 907 οὐδὲ

2232 942 2328 1007 τὰς
2358 945 2573 1014 χεῖρας;
2609 942 2731 997 Είθε
2762 946 2818 995 ἐν
2844 943 2921 1013 τῷ
2960 942 3171 1013 σώματι
3225 942 3383 995 τοῦτό
3414 942 3777 1013 ἐπράττομεν,
3810 942 3913 993 καὶ

2237 1033 2311 1103 μή
2337 1034 2392 1085 ἐν
2422 1036 2486 1105 τῇ
2517 1033 2681 1103 ψυχῇ.
2701 1032 2890 1086 Βούλει
2918 1050 2997 1086 σοι
3022 1030 3179 1096 δείξω
3205 1030 3383 1101 ψυχὴν
3408 1031 3744 1101 ἀφρίζουσαν
3765 1030 3907 1083 ἀκά-

2234 1120 2449 1191 θαρτον,
2492 1122 2585 1175 καὶ⁸
2616 1121 2945 1193 διαστροφὴν
2978 1120 3241 1191 ὀμμάτων
3284 1119 3564 1183 διανοίαςς
3619 1118 3909 1188 Ἐννόησον

2232 1210 2356 1271 τοὺς
2376 1206 2759 1280 ὀργιζομένους
2796 1209 2889 1260 καὶ
2930 1205 3227 1278 μεθύοντας
3259 1205 3363 1258 ὐπὸ
3385 1204 3479 1258 τοῦ
3514 1204 3708 1274 θυμοῦ,
3735 1206 3909 1257 πόσου

2232 1298 2409 1369 ἀφροῦ
2456 1299 2555 1350 οὐκ
2593 1297 3006 1368 ἀκαθαρτότερα
3045 1295 3365 1349 ἐκϐάλλουσι
3410 1296 3657 1363 Mutata;
3697 1294 3914 1356 Ὄντως

2231 1383 2420 1456 ῶσπερ
2452 1384 2658 1455 δυσώδη
2694 1385 2865 1438 σίελον
2888 1383 3272 1447 ἀποϐλύζουσι.
3298 1381 3408 1436 Καὶ
3432 1381 3683 1450 καθάπερ
3706 1382 3913 1433 ἐκεῖνοι

2232 1472 2425 1525 οὐδένα
2460 1473 2606 1527 ἴσασι
2628 1472 2735 1525 τῶν
2771 1472 3074 1542 παρόντων,
3118 1470 3291 1533 οὕτως
3320 1469 3443 1522 οὐδὲ
3496 1462 3665 1521 οὗτοι.
3718 1469 3914 1521 Σκ-ατιο

2238 1560 2460 1630 σθείσης
2488 1561 2596 1631 γὰρ
2621 1561 2804 1622 αὐτοῖς
2833 1560 2932 1631 τῆς
2953 1558 3191 1621 διανοίας
3219 1558 3312 1611 καὶ
3330 1556 3773 1627 διαστραφέντων
3799 1556 3913 1609 τῶν

2234 1648 2548 1720 ὀφθαλμῶν,
2574 1650 2632 1701 οὐ
2667 1649 2840 1715 φίλον,
2890 1648 2989 1701 οὐκ
3044 1645 3255 1716 ὲχθρδν,
3308 1646 3407 1698 οὐκ
3456 1644 3757 1714 αίδέσιμον,
3806 1645 3914 1696 οὐκ

2236 1737 2730 1809 εὐκαταφρόνητον,
2763 1735 2895 1789 ἀλλά
2935 1736 3140 1797 πάντας
3168 1734 3353 1796 άπλῶς
3384 1733 3604 1804 ὁρῶσιν.
3643 1732 3755 1802 υύχ
3774 1734 3913 1802 ὁρᾷς

2236 1825 2430 1887 αὐτοὺς
2465 1826 2557 1877 καὶ
2587 1825 2882 1895 τρέμοντας
2934 1820 3089 1894 [515]
3138 1821 3391 1892 καθάπερ
3420 1820 3694 1883 ἐκείνους;
3766 1818 3913 1871 Ἀλλ’

2235 1914 2295 1965 οὐ
2330 1912 2586 1965 πίπτουσι
2616 1912 2827 1982 χαμαί;
2874 1911 3031 1964 Ἀλλά
3063 1912 3096 1979 ή
3125 1909 3271 1980 ψυχὴ
3324 1908 3503 1962 αὐτῶν
3536 1906 3708 1977 χαμαὶ
3735 1909 3916 1959 κεῖται

2237 2001 2329 2051 καὶ
2362 1999 2549 2052 πίπτει
2591 1999 2915 2069 σπαίρουσα·
2952 1999 3000 2050 εί
3046 1997 3153 2067 γὰρ
3194 1996 3330 2068 ὀρθὴ
3381 1996 3645 2067 εἱστήκει,
3689 1995 3791 2047 οὐκ
3846 1996 3917 2049 ἂν

2239 2086 2442 2139 ἔπαθεν
2472 2090 2652 2139 ἐκεῖνα
2682 2086 2823 2157 ἀπερ
2849 2084 3071 2138 ιπαθεν.
3109 2085 3179 2136 Ἦ
3208 2085 3268 2136 οὐ
3300 2084 3444 2137 δοκεῖ
3472 2101 3551 2137 σοι
3573 2083 3921 2153 καταϐεϐλη-

2244 2177 2412 2246 μένης
2472 2171 2607 2229 εἶναι
2651 2174 2851 2245 ψυχῆς,
2901 2174 2994 2227 καὶ
3040 2171 3139 2243 τὴν
3175 2172 3381 2226 οἰκείαν
3422 2172 3583 2242 νῆψιν
3631 2171 3918 2225 ἀπολωλε-

2242 2264 2399 2326 κυίας
2426 2274 2472 2327 ο,
2506 2264 2600 2315 καὶ
2635 2262 2671 2315 ἃ
2704 2262 2912 2315 ποιοῦσι
2938 2262 3031 2313 καὶ
3063 2260 3275 2328 λέγουσι
3302 2259 3591 2330 μεθύοντες
3618 2260 3695 2329 τῷ
3714 2259 3914 2330 eum};

2248 2351 2403 2402 Ἐστι
2432 2367 2482 2401 τι
2512 2350 2604 2402 καὶ
2632 2350 2817 2420 ἕτερον
2851 2348 3047 2419 μανίας
3098 2342 3236 2411 είδος
3270 2346 3458 2399 τούτου
3508 2347 3914 2417 χαλεπώτερον.

2244 2438 2401 2490 Ποῖον
2432 2437 2495 2507 δὴ
2515 2426 2710 2503 τοῦτοζ
2743 2436 2913 2488 ὐταν
2945 2436 3079 2505 μηδὲ
3111 2437 3330 2504 ἀφεῖναι
3356 2436 3455 2505 τὴν
3482 2434 3651 2507 ὀργὴν
3684 2436 3921 2504 ἀνέχων-

2244 2542 2352 2588 ται,
2386 2526 2520 2579 άλλά
2538 2525 2779 2597 τρέφωσι
2807 2526 2935 2596 παρ’
2968 2526 3181 2587 ἑαυτοῖς
3212 2524 3486 2597 οἰκειακὸν
3522 2522 3774 2594 καθάπερ
3796 2523 3923 2575 τινά

2243 2614 2434 2684 δήμιον
2466 2615 2565 2685 τὴν
2592 2613 2977 2684 μνησικακίαν.
3004 2612 3211 2675 Αὐτοὺς
3239 2602 3346 2683 γὰρ
3375 2610 3626 2682 πρώτους
3653 2610 3922 2664 ἀπόλλυσι

2246 2703 2303 2754 τὸ
2335 2704 2695 2772 μνησικακεῖν
2716 2700 2963 2754 ἐντεῦθεν
3012 2702 3135 2773 ήδη,
3172 2700 3260 2753 ἴνα
3310 2700 3379 2754 τά
3417 2699 3677 2769 μέλλοντα

2220 2790 2425 2860 λΠόσην
2456 2791 2565 2861 γὰρ
2592 2790 2693 2843 οἴει
2748 2789 2980 2860 βάσανον
3027 2786 3165 2843 εἶναι
3224 2787 3495 2860 ἀνθρώπῳ
3545 2788 3925 2858 πεπληγμένῳ

2246 2879 2342 2948 τὴν
2371 2878 2568 2949 ψυχήν,
2602 2878 2724 2932 καθ’
2767 2878 3003 2947 ἑκάστην
3037 2877 3249 2948 ἡμέραν
3289 2876 3578 2931 σκοποῦντι
3603 2876 3751 2939 ὅπως
3773 2877 3924 2947 ἀμύ-

2245 2983 2403 3035 νηται
2434 2966 2525 3020 τὸν
2556 2966 2779 3037 ἐχθρόν;
2817 2966 3085 3036 Πρότερον
3114 2966 3304 3018 ἑαυτὸν
3329 2963 3547 3029 κολάζει
3596 2964 3624 3015 6
3654 2964 3922 3029 τοιοῦτος,

2247 3056 2341 3107 καὶ
2372 3059 2695 3125 τιμωρεῖται
2722 3056 2989 3121 οἱδαίνων,
3018 3056 3151 3125 πρδς
3176 3054 3363 3109 ἑαυτὸν
3396 3056 3723 3126 μαχόμενος,
3751 3056 3927 3125 ὲμπυο

2249 3140 2550 3213 ριζόμενος.
2598 3144 2839 3211 Ἀνάγκη
2870 3142 2979 3213 γάρ
3011 3142 3304 3207 διαπαντὸς
3349 3142 3599 3197 καίεσθαι
3656 3143 3809 3213 παρά
3841 3145 3926 3195 σοι

2248 3228 2309 3280 τὸ
2345 3226 2475 3298 πῦρ·
2510 3226 2604 3279 καὶ
2655 3226 2745 3279 τὸν
2779 3226 3012 3298 πυρετὸν
3065 3228 3158 3281 ἐπὶ
3186 3228 3439 3281 τοσοῦτον
3490 3228 3773 3294 ἐκτείνων,
3823 3228 3927 3282 οὐκ

2247 3315 2414 3385 ἀφίης
2450 3316 2834 3387 παρακμάσαι,
2872 3316 2967 3371 καὶ
2996 3316 3235 3386 νομίζεις
3295 3316 3485 3385 ἐκείνῳ
3513 3316 3711 3370 διδόναι
3740 3335 3792 3369 τι
3821 3335 3926 3370 κα-

2248 3404 2362 3471 κὸν,
2397 3405 2558 3467 αὐτὸς
2590 3405 2645 3457 δὲ
2706 3405 2932 3457 σεαυτὸν
2989 3406 3201 3475 τήκεις,
3247 3405 3543 3468 διαπαντὸς
3591 3405 3690 3473 τὴν
3748 3404 3931 3473 φλόγα

2248 3493 2607 3563 ἀκμάζουσαν
2640 3495 2841 3565 φέρων,
2873 3496 2966 3547 καὶ
2994 3494 3462 3547 διαναπαύσασθαι
3494 3494 3594 3565 τὴν
3619 3494 3799 3569 ψυχὴν
3825 3496 3953 3547 οὐκ.

2252 3582 2376 3643 ἐῶν,
2413 3583 2526 3636 ἀλλ’
2557 3584 2979 3655 εκθηριούμενος
3005 3583 3111 3648 ἀεὶ,
3147 3582 3242 3637 καὶ
3264 3586 3321 3637 ἐν
3346 3585 3556 3654 ταραχῇ
3592 3582 3685 3635 καὶ
3734 3585 3793 3638 ἐν
3818 3600 3929 3654 χει-

2256 3670 2394 3738 μῶνι
2413 3670 2502 3723 τὸν
2530 3671 2787 3741 λογισμὸν
2826 3670 2983 3740 ἔχων.

2324 3765 2381 3811 ε’.
2416 3760 2480 3810 Τί
2504 3759 2707 3829 ταύτης
2737 3759 3116 3829 χαλεπώτερον
3149 3761 3246 3831 τῆς
3278 3759 3491 3830 μανίας,
3517 3760 3811 3821 διαπαντὸς
3839 3758 3933 3811 λυο

2255 3845 2475 3898 πεῖσθαι
2504 3847 2597 3898 καὶ
2629 3846 2789 3900 οἰδεῖν
2818 3846 2914 3898 καὶ
2961 3847 3352 3916 φλεγμαίνειν;
3402 3846 3659 3900 Τοιαῦται
3711 3848 3823 3916 γὰρ
3878 3849 3931 3900 αἱ

2254 3933 2363 3986 τῶν
2404 3933 2758 4003 μνησικάκων
2788 3933 2979 4004 ψυχαί·
3034 3934 3161 3987 ἔνθα
3199 3935 3265 3987 ἂν
3318 3935 3502 3987 ίδωσιν
3528 3934 3585 3987 δν
3646 3934 3933 4003 βούλονται

2254 4020 2585 4092 ἀμύνασθαι,
2640 4022 2842 4086 εὐθέως
2894 4025 3233 4095 ἐπλήγησαν·
3274 4023 3339 4076 ἂν
3392 4024 3577 4094 φωνῆς
3628 4023 3930 4089 ἀκούσωσι,

2255 4110 2578 4173 κατέπεσον,
2610 4110 2922 4181 τρέμουσιν·
2954 4110 3019 4164 ἂν
3050 4114 3142 4163 ἐπὶ
3174 4111 3362 4180 κλίνης
3414 4104 3536 4173 ὦσι,
3577 4112 3774 4181 μυρίας
3801 4113 3935 4163 ἐαυ-

2255 4200 2364 4259 τοῖς
2397 4197 2777 4268 ὑπογράφουσι
2804 4200 3097 4270 τιμωρίας,
3126 4199 3487 4268 ἀναρτῶντες,
3548 4197 3936 4268 βασανίζοντες

2260 4287 2470 4337 ἐκεῖνον
2494 4287 2585 4339 τὸν
2638 4286 2853 4355 ἐχθρόν·
2896 4288 3031 4357 πρὸς
3064 4288 3121 4340 δὲ
3179 4288 3411 4351 τούτοις,
3472 4286 3537 4341 ἂν
3586 4288 3681 4341 καὶ
3724 4287 3937 4342 εὐδοκι-

2264 4373 2467 4443 μοῦντα
2524 4374 2697 4439 ῐδωσι,
2737 4372 2898 4442 βαϐαὶ
2947 4376 3047 4444 τῆς
3099 4376 3400 4444 τιμωρίαςί
3441 4377 3610 4442 ’Δφες
3668 4377 3818 4447 αύτῴ
3875 4377 3937 4428 τὸ

2260 4463 2584 4532 ἁμάρτημα,
2613 4463 2707 4514 καὶ
2734 4462 3041 4528 ἀπάλλαξον
3072 4463 3264 4515 σαυτὸν
3324 4462 3423 4532 τῆς
3456 4464 3713 4533 βασάνου.
3737 4464 3802 4516 Τί
3836 4465 3937 4534 μέν

2260 4566 2367 4610 νεις
2390 4549 2678 4613 διαπαντὸς
2721 4550 3099 4620 κολαζόμενος,
3132 4552 3217 4603 ἵνα
3254 4552 3460 4605 ἐκεῖνον
3494 4550 3640 4617 ἀπαξ
3700 4552 3939 4625 κολάσῃς

2261 4641 2357 4691 καὶ
2385 4640 2716 4711 τιμωρήσῃ;
2752 4639 2801 4692 τί
2846 4640 3274 4703 κατασκευάζεις
3308 4639 3523 4692 ἐκτικδν
3554 4639 3736 4708 σαυτῷ
3775 4640 3940 4710 νόση-

2266 4742 2343 4794 μα
2382 4724 2399 4762 ί
2432 4742 2445 4790 ;
2492 4726 2542 4777 τί
2580 4725 2899 4795 βουλόμενον
2921 4725 3303 4794 ἀπαλλαγῆναί
3345 4742 3437 4777 σου
3465 4726 3552 4777 τὸν
3584 4726 3756 4796 θυμὸν
3800 4743 3935 4779 κατ-

2264 4813 2440 4882 ἐχεις;
2483 4813 2634 4882 Μηδὲ
2673 4812 2862 4883 μέχρις
2893 4813 3128 4882 ἑσπέρας
3155 4814 3386 4883 μενέτω,
3415 4814 3578 4883 φησὶν
3622 4816 3650 4868 6
3704 4815 3934 4879 Παῦλος.

2266 4902 2532 4972 Καθάπερ
2579 4900 2687 4972 γὰρ
2734 4899 2975 4971 τηκεδών
3006 4918 3090 4963 τις
3135 4902 3228 4953 καὶ
3261 4900 3378 4972 σὴς,
3438 4901 3582 4955 οὕτω
3633 4903 3733 4973 τὴν
3782 4904 3939 4974 ῥίζαν

2265 4988 2364 5060 τῆς
2395 4990 2667 5059 ήμετέρας
2717 4987 3006 5059 διατρώγει
3066 4989 3323 5051 διανοίας.
3379 4989 3445 5042 Τί
3496 4989 3683 5060 θηρίον
3739 4994 3934 5044 ἐναποο

2267 5078 2465 5141 κλείεις
2490 5079 2569 5140 είς
2600 5079 2665 5131 τὰ
2696 5077 2980 5146 σπλάγχνα
3003 5076 3071 5130 τά
3103 5077 3205 5145 σάς
3242 5078 3458 5132 Βέλτιον
3490 5079 3613 5148 δςριν
3647 5079 3820 5150 ἢέχιν
3844 5083 3940 5149 ὲγ-

2269 5166 2478 5219 κεῖσθαι
2507 5169 2573 5237 τῇ
2601 5165 2820 5237 καρδίᾳ,
2870 5165 2903 5235 ἢ
2962 5164 3129 5235 θυμὸν
3168 5166 3260 5220 xal
3310 5168 3696 5238 μνησικακίαν·
3759 5171 3942 5223 ἐκεῖνα

2272 5256 2368 5323 μὲν
2397 5253 2503 5324 γὰρ
2531 5252 2733 5315 εὐθέως
2756 5253 2821 5305 ἂν
2848 5254 2996 5322 ἡμᾶς
3024 5254 3353 5325 ἀπήλλαξεν,
3381 5248 3538 5319 οὗτος
3559 5255 3617 5308 δὲ
3651 5258 3803 5326 μένει
3830 5258 3942 5311 δια·

2272 5342 2491 5406 παντὸς,
2532 5344 2653 5405 τούς
2675 5340 2896 5403 ὀδόντας
2939 5342 3244 5412 ἐμπηγνύς,
3298 5344 3388 5396 τὸν
3427 5344 3502 5397 ίδν
3541 5345 3788 5409 ἐντιθεὶς,
3816 5349 3942 5410 τοὺς

2268 5434 2533 5502 χαλεποὺς
2560 5428 2965 5501 ἐπιστρατεύων
2996 5439 3021 5479 ε
3050 5432 3362 5503 λογισμούς.
3403 5433 3564 5487 Ἀλλά
3588 5434 3762 5488 ταῦτα
3784 5434 3941 5497 ποιῶ,

2269 5522 2451 5590 φησὶν,
2474 5521 2561 5572 ἵνα
2595 5520 2669 5589 μὴ
2697 5519 3063 5591 καταγελάσῃ,
3098 5522 3183 5575 ἵνα
3215 5522 3289 5593 μὴ
3315 5525 3724 5593 καταφρονήσῃ.
3759 5521 3939 5576 Ἀθλιε

2268 5610 2520 5677 ἄνθρωπε
2551 5610 2643 5661 καὶ
2671 5609 3009 5682 ταλαίπωρε,
3036 5612 3097 5663 οὐ
3125 5610 3301 5680 βούλει
3337 5612 3811 5681 καταγελασθῆναι
3838 5627 3941 5663 πα-

2273 5696 2338 5767 ρὰ
2372 5698 2464 5750 τοῦ
2496 5696 2804 5760 συνδούλου,
2845 5698 2981 5751 ἀλλά
3017 5698 3317 5769 μισηθῆναι
3381 5700 3531 5770 παρά
3563 5698 3656 5752 τοῦ
3717 5699 3809 5751 σοῦ
3843 5704 3933 5752 Az-

2354 5840 2375 5866 ο
2406 5826 2521 5885 Alii,
2547 5826 2865 5881 ἀπολωλυίας,
2891 5829 3040 5877 male.
3113 5829 3131 5867 ῐ
3161 5830 3365 5889 Quidam
3415 5830 3618 5886 ἐκτῆκον
3653 5830 3829 5877 σαυτόν
3874 5832 3939 5889 τῶ

2268 5890 2519 5949 νοσήματι,
2542 5902 2664 5952 qua
2687 5891 2844 5952 ΔΙειιιίο
2878 5903 2974 5937 non
3022 5892 3319 5951 spernenda,
3345 5898 3389 5941 te
3425 5892 3595 5941 morbo
3633 5890 3938 5952 tabefaciens.

2271 5956 2293 6017 ξ
2322 5953 2421 6007 Sic,
2444 5963 2553 6017 cum
2579 5949 2740 6017 codg..
2766 5952 3001 6001 (Zommcl.
3047 5949 3100 6001 ει
3126 5954 3301 6015 Savil.,
3326 5955 3628 6017 scripsimus.
3659 5949 3940 6015 Lugebalur

2274 6013 2615 6074 ἐκστρατεύων.
2669 6012 2802 6060 Enn.
