4076 6490
195 404 308 458 295

193 519 344 573 ritus
373 514 609 588 quidem,
643 518 738 572 sed
769 528 945 573 tamen
972 525 1295 588 cooperator
1315 561 1331 586 ,
1358 517 1485 574 dum
1520 520 1801 577 continen-

192 608 393 665 tiorem
427 607 604 663 reddit
639 623 763 664 eum
789 623 949 679 quem
981 617 1207 679 occupat
1236 626 1250 663 ε
1299 620 1577 681 peceatum
1607 627 1741 668 vero
1768 630 1800 669 e

189 712 367 769 regno
389 699 555 769 ejicit.

263 811 324 866 ι.
359 806 561 865 Habere
585 821 851 883 peccatum
879 828 1031 881 quam
1055 811 1239 867 habere
1279 813 1561 868 (temonem
1590 816 1800 888 gravius

192 914 294 960 est.
330 935 397 944 —
421 906 492 975 At
522 905 661 961 forte
690 905 834 961 dicet
874 906 1138 978 quispiam
1185 923 1198 959 :
1231 906 1426 974 Absit,
1456 918 1513 961 ut
1540 908 1620 963 sic
1644 922 1796 963 asse-

191 1011 338 1065 quar
365 997 771 1052 continentiam.
805 996 989 1067 Neque
1017 1013 1119 1069 ego
1147 998 1328 1065 velim,
1373 998 1467 1054 sed
1498 1000 1606 1055 alio
1637 1000 1797 1055 modo

191 1097 247 1140 ut
280 1088 469 1142 omnia
503 1087 666 1143 facias
695 1102 760 1143 cx
786 1103 974 1144 amore
1000 1090 1222 1149 Christi.
1250 1089 1307 1146 Si
1338 1105 1468 1146 vero
1500 1094 1621 1157 hoc,
1650 1092 1793 1163 quod

185 1178 355 1245 absit,
388 1180 662 1250 contingat
692 1222 709 1246 ,
738 1196 837 1250 pro
864 1182 964 1236 hoc
992 1189 1075 1236 est
1100 1182 1467 1239 orandum-Si
1498 1184 1657 1255 igitur
1682 1184 1793 1255 dte-

184 1282 317 1323 mon
352 1284 460 1323 non
488 1270 654 1338 ejicit,
681 1280 959 1340 peccatum
988 1286 1117 1326 vero
1140 1273 1311 1342 ejicit,
1336 1273 1405 1327 ab
1434 1273 1537 1331 hoc
1568 1275 1790 1331 liberari

182 1360 367 1429 majus
412 1370 494 1416 est
523 1360 865 1416 beneficium.
900 1363 1040 1433 Ergo
1084 1362 1152 1418 ab
1178 1363 1283 1419 hoc
1310 1365 1611 1435 proximum
1653 1366 1789 1423 libe-

180 1452 295 1506 rari
322 1466 597 1519 curemus,
622 1462 675 1508 et
701 1463 824 1508 ante
846 1455 1175 1523 proximum,
1196 1471 1293 1511 nos
1326 1455 1790 1525 ipsos.Videamus

181 1558 251 1599 ne
288 1543 597 1599 daemonem
651 1546 977 1613 habeamus,
1010 1547 1291 1618 diligenter
1337 1564 1437 1604 nos
1475 1551 1621 1620 ipsos
1648 1564 1784 1606 exa-

182 1635 480 1689 minemus.
513 1636 767 1692 Dmmone
796 1640 1018 1708 gravius
1046 1651 1130 1695 est
1158 1651 1438 1711 peccatum
1464 1656 1480 1708 ;
1514 1642 1607 1698 ille
1634 1644 1789 1698 nam;

177 1741 287 1797 que
344 1726 580 1785 humiles
633 1729 837 1785 reddit.
896 1733 1090 1787 Annon
1144 1733 1341 1789 videtis
1378 1733 1783 1802 daemoniacos,

176 1820 402 1889 quando
424 1837 455 1876 a
478 1822 667 1877 morbo
683 1834 1017 1886 recreantur.
1043 1842 1202 1896 quam
1225 1826 1333 1883 sint
1352 1827 1599 1896 demissi,
1622 1844 1785 1901 quam

178 1913 711 1983 mastiiquomodo
748 1917 927 1971 vultus
972 1918 1177 1987 pudore
1230 1918 1591 1985 sull'undatttr,
1648 1937 1785 1992 quo-

176 2006 343 2061 modo
372 2021 476 2061 non
506 2008 683 2061 ausint
713 2009 964 2065 obtucri?
993 2010 1124 2067 Vide
1148 2011 1533 2069 absurditatem
1568 2030 1584 2068 :
1617 2014 1693 2069 illi
1716 2014 1785 2071 de

174 2097 242 2154 iis
270 2114 397 2168 qua:
440 2101 719 2170 patiuntur
765 2102 1137 2169 erubescunt,
1169 2120 1269 2160 nos
1312 2105 1382 2161 de
1410 2106 1545 2162 actis
1580 2104 1782 2162 nostris

174 2204 284 2245 non
313 2190 690 2247 erubescimus
737 2209 751 2246 :
781 2192 856 2249 illi
905 2194 1101 2265 injuria
1131 2194 1310 2252 affecti
1352 2206 1611 2253 verentur
1636 2239 1651 2265 ,
1682 2212 1781 2253 nos

174 2280 374 2351 injuria
401 2282 700 2338 afficientes
731 2300 835 2339 non
863 2301 1133 2342 veremur.
1163 2287 1325 2357 Atqui
1355 2288 1570 2343 illorum
1600 2300 1777 2346 status

177 2386 284 2425 nou
313 2372 525 2441 pudore
555 2374 769 2445 dignus,
801 2375 895 2431 sed
924 2376 1294 2432 misericordia
1323 2387 1376 2433 et
1414 2379 1774 2450 humanitate,

174 2464 372 2531 venia,
428 2465 783 2523 admiratione
835 2484 1061 2539 magna,
1118 2472 1414 2528 innumeris
1482 2473 1774 2543 laudibus,

175 2556 394 2625 quando
422 2572 546 2613 cum
592 2559 681 2613 tali
725 2559 972 2617 dwmone
998 2571 1375 2619 cuncertantes
1398 2604 1415 2631 ,
1446 2566 1623 2620 omnia
1653 2581 1775 2621 cum

172 2649 469 2717 gratiarum
500 2650 712 2706 actione
740 2652 1011 2721 patiuntur
1040 2670 1053 2706 :
1088 2663 1269 2708 nostra
1312 2669 1442 2710 vero
1467 2654 1626 2726 digna
1647 2664 1776 2712 sunt

174 2740 303 2804 risu,
336 2741 564 2812 pudore,
595 2744 959 2810 accusatione,
990 2745 1277 2817 supplicio,
1307 2760 1486 2815 ptena,
1518 2748 1774 2804 extremis

172 2833 351 2901 malis,
408 2837 682 2905 gehenna,
736 2838 989 2908 nullaque
1033 2839 1209 2893 venia.
1263 2838 1449 2894 Viden‘
1493 2850 1773 2911 peccatum

171 2922 419 2981 dzemone
460 2926 699 2983 deterius
742 2929 903 2985 esse?
952 2930 1018 2985 Et
1058 2930 1135 2985 illi
1168 2930 1385 3001 quidem
1416 2946 1485 2989 ex
1516 2932 1582 2988 iis
1605 2974 1623 3000 ,
1650 2950 1773 3005 qum

169 3019 407 3085 graviter
444 3020 718 3091 patiuntur
748 3061 763 3085 ,
796 3020 994 3092 duplex
1023 3022 1231 3078 lucrum
1260 3033 1537 3094 reportant
1563 3042 1577 3080 :
1606 3041 1769 3081 unum

172 3110 311 3179 quod
344 3112 753 3181 temperatiores
778 3112 887 3167 sint
911 3123 965 3168 et
987 3114 1156 3185 magis
1184 3113 1509 3186 philosophi,
1540 3115 1767 3173 alterum

172 3202 336 3271 quod.
367 3218 489 3257 cum
533 3204 619 3259 hic
651 3214 994 3274 peccatorum
1040 3220 1226 3276 ptenas
1253 3206 1519 3272 dederint,
1549 3210 1672 3281 puri
1700 3210 1767 3267 ad

173 3290 455 3349 Dominum
481 3294 731 3366 migrent.
762 3294 895 3351 Nam
932 3296 1031 3351 hac
1056 3297 1126 3353 de
1152 3314 1212 3354 re
1242 3313 1386 3369 saepe
1415 3300 1768 3357 disseruimus

172 3394 225 3438 et
243 3367 605 3454 ostendimus,
629 3402 724 3444 eos
744 3388 836 3460 qui
865 3389 952 3443 hic
981 3390 1276 3459 puniuntur
1301 3432 1316 3456 ,
1346 3392 1390 3446 si
1422 3391 1654 3463 benigne
1682 3396 1763 3449 fe-

174 3486 327 3545 rant,
385 3478 633 3551 magnam
684 3491 1025 3551 peccatorum
1080 3484 1348 3538 sarcinam
1399 3468 1767 3543 verisimiliter

172 3565 464 3638 deponere.
497 3573 543 3627 Α
572 3573 805 3641 peccatis
829 3583 1012 3629 autem
1035 3574 1267 3644 duplicia
1299 3577 1439 3631 mala
1465 3579 1723 3634 eveniant
1749 3598 1763 3635 :

178 3674 335 3717 unum
390 3664 535 3734 quod
584 3663 940 3729 offendamus,
993 3666 1220 3720 alterum
1271 3666 1415 3738 quod
1466 3668 1765 3727 deteriores

176 3753 488 3811 evadamus.
521 3755 797 3811 Attendite
835 3756 1013 3811 dictis.
1058 3755 1174 3811 Non
1202 3756 1256 3812 in
1301 3756 1406 3813 hoc
1435 3766 1643 3814 tantum
1672 3761 1765 3816 ιω-

176 3842 346 3899 dimur
388 3861 417 3899 a
467 3854 709 3915 peccato,
760 3846 901 3916 quod
949 3861 1270 3917 peccemus;
1320 3846 1415 3903 sed
1444 3859 1499 3904 et
1541 3850 1593 3904 in
1633 3851 1758 3916 alio,

175 3938 311 4004 quod
335 3939 514 3994 anima
549 3939 786 3995 habitum
833 3939 1115 4004 admittat;
1146 3941 1284 3995 sicut
1326 3942 1459 3996 etin
1486 3957 1716 4014 corpore
1745 3960 1758 3997 :

175 4026 363 4084 clarius
392 4030 536 4086 enim
580 4030 684 4086 erit
729 4031 853 4085 inde
883 4040 1153 4101 sumptum
1200 4034 1527 4104 exemplum.
1558 4036 1758 4102 Quem-

175 4118 454 4175 admodum
499 4124 639 4177 enim
680 4122 988 4177 febricitans
1033 4140 1139 4178 non
1186 4124 1371 4180 in-boc
1403 4127 1580 4181 solum
1611 4126 1761 4205 lardi-

177 4216 277 4273 tur,
316 4214 459 4282 quod
497 4213 812 4275 inlirntetnr,
843 4214 937 4269 scd
973 4215 1133 4269 etiam
1163 4216 1305 4285 quod
1353 4227 1472 4287 post
1514 4220 1759 4274 morbum

177 4300 243 4354 sit
271 4302 555 4371 infirmior,
584 4306 793 4360 etiamsi
837 4322 901 4360 ex
938 4306 1194 4363 diuturno
1238 4309 1427 4364 morbo
1470 4311 1521 4366 in
1563 4312 1758 4367 bonam

178 4390 529 4450 valetudinem
572 4395 795 4450 redeat:
828 4400 905 4451 sic
934 4405 988 4451 ct
1012 4397 1080 4453 de
1111 4408 1330 4468 peccato
1354 4400 1664 4469 dicendum,
1698 4404 1763 4458 li-

178 4493 258 4538 cet
282 4500 552 4552 sanemur,
584 4487 759 4543 adhuc
788 4499 967 4545 tamen
990 4506 1210 4562 egemus
1256 4492 1590 4551 fortitudine.
1626 4497 1760 4555 Vide

178 4586 397 4646 namque
422 4578 553 4633 mihi
594 4581 941 4650 quempiam,
970 4584 1058 4651 qui
1103 4586 1429 4639 contumelia
1472 4588 1711 4644 olfecerit
1736 4632 1752 4655 ,

181 4676 272 4719 nec
303 4682 486 4737 ptenas
509 4668 721 4726 dederit
757 4691 768 4726 :
800 4688 904 4728 non
934 4673 1055 4731 ideo
1081 4676 1253 4731 solum
1280 4677 1566 4750 lacrymari
1590 4696 1755 4752 opor-

182 4762 269 4824 tet,
298 4762 435 4829 quod
466 4766 805 4821 contumeliae
838 4781 1023 4837 ptenas
1049 4784 1156 4823 non
1184 4769 1435 4826 dederit?
1464 4772 1571 4828 Sed
1597 4775 1758 4829 etiam

182 4846 277 4901 alia
310 4849 375 4905 de
423 4867 586 4907 causa
620 4855 929 4926 lugendum.
979 4859 1197 4926 Quare?
1228 4861 1360 4929 Quia
1398 4863 1759 4933 impudentior

182 4934 392 4997 cﬂ'ectus
430 4952 515 4998 est
549 4944 779 5001 animus.
823 4948 1167 5020 Singulorum
1196 4954 1339 5006 enim
1371 4967 1713 5024 peccatorum
1740 5002 1754 5023 ,

181 5040 447 5103 postquam
488 5037 739 5093 delictum
788 5053 1066 5111 peractum
1095 5054 1177 5099 est
1216 5057 1271 5101 et
1312 5050 1581 5118 cessavit,
1613 5051 1758 5107 virus

182 5121 433 5185 quoddam
471 5127 522 5183 in
552 5129 1029 5199 animainseritur.
1063 5133 1179 5190 Non
1207 5136 1359 5192 audis
1389 5141 1653 5209 quosdam
1676 5141 1758 5196 di-

183 5221 375 5283 centes,
407 5228 688 5289 postquam
729 5236 758 5274 a
792 5224 981 5280 morbo
1014 5228 1241 5282 recreati
1273 5240 1398 5283 sunt
1425 5248 1438 5285 :
1472 5230 1587 5287 Non
1618 5233 1757 5289 ultra

183 5302 336 5357 ausim
366 5322 557 5379 aquam
588 5312 814 5382 bibere;
846 5315 969 5371 licet
994 5319 1109 5373 sani
1142 5320 1286 5375 sint?
1314 5321 1409 5377 sed
1448 5324 1667 5379 morbus
1702 5326 1753 5380 in

186 5385 276 5444 hoc
311 5399 467 5453 ctiain
513 5400 668 5457 laesit.
700 5404 766 5459 Et
815 5405 889 5461 illi
920 5408 1134 5478 quidem
1180 5410 1320 5465 mala
1366 5415 1528 5481 passi,
1558 5417 1756 5485 gratias

187 5492 362 5551 agunt;
409 5507 511 5547 nos
550 5505 728 5551 autem
762 5498 889 5552 dum
934 5498 1071 5555 bene
1104 5500 1383 5570 habemus,
1435 5506 1601 5561 Deum
1644 5507 1756 5563 ωε-

191 5572 536 5649 spbemamus,
566 5595 619 5641 et
660 5603 803 5658 :egrc
831 5588 1051 5646 ferimus
1087 5610 1100 5646 :
1130 5593 1311 5662 plures
1337 5596 1481 5650 enim
1513 5598 1756 5655 invenias

190 5658 235 5713 in
263 5672 480 5732 sanitate
517 5691 580 5730 ac
609 5678 811 5735 divitiis
838 5681 941 5737 hoc
970 5658 1225 5754 agentes,
1255 5702 1415 5756 quam
1447 5689 1497 5742 in
1526 5705 1756 5761 pauper-

192 5755 287 5808 tate
305 5769 355 5813 et
379 5763 704 5825 infirmitate.
730 5770 895 5827 Instat
923 5777 1064 5829 enim
1093 5777 1301 5832 dtemon
1338 5781 1486 5850 quasi
1509 5784 1751 5841 carnifex

183 5842 352 5909 πάρος
392 5859 563 5916 minas
594 5862 885 5933 intentans,
919 5866 1053 5921 sicut
1080 5868 1295 5937 quidam
1328 5842 1647 5946 piedagogus
1676 5878 1756 5933 lo—

1174 404 1265 459 ,ΙΝ
1305 404 1479 461 ACTA
1517 406 2016 466 APOSTOLORUM
2081 410 2307 467 HOMIL.
2354 412 2484 471 XLI.

3418 430 3520 488 9Θᾶ

1914 540 2032 579 rum
2071 527 2302 598 erigens,
2349 538 2403 584 et
2427 545 2693 602 nusquam
2723 533 3015 594 deflectere
3043 538 3250 595 sincns.
3280 542 3434 609 Quod
3475 545 3520 602 si

1911 618 2001 687 qui
2026 635 2093 674 ne
2116 619 2186 676 ita
2218 622 2435 691 quidem
2474 626 2709 695 sapiant,
2755 644 2864 683 non
2892 629 3020 686 dant
3055 633 3129 687 illi
3160 650 3367 705 pmnas.
3401 637 3517 696 Non

1914 723 2104 778 parum
2136 723 2315 769 autem
2349 714 2451 770 hoc
2492 726 2595 772 cst.
2632 717 2697 775 Ut
2724 721 2867 775 enim
2897 724 3069 791 stulti,
3100 736 3155 781 ut
3197 727 3409 796 furiosi,
3458 742 3517 787 ut

1910 802 2064 870 pueri
2117 819 2223 858 non
2271 804 2403 861 dant
2451 822 2638 877 pinnas
2659 852 2672 873 ,
2705 811 2783 866 sic
2816 829 2992 883 neque
3022 815 3074 870 hi
3110 835 3123 871 :
3154 833 3341 875 eorum
3369 824 3513 877 enim

1907 906 2027 961 qua:
2056 893 2350 952 inSeienter
2391 907 2508 952 acta
2539 912 2706 967 sunt,
2740 918 2902 958 nemo
2934 915 3039 959 tam
3073 908 3309 965 crudelis
3338 923 3423 967 est
3453 925 3513 969 u-t

1908 997 2094 1052 poenas
2121 996 2350 1056 repetat.
2379 989 2522 1060 Ergo
2554 1004 2842 1061 peccantes
2869 998 3039 1053 multo
3064 998 3303 1056 deterius
3333 1002 3510 1061 allecti

1905 1089 2091 1132 sumus
2135 1093 2300 1149 quam
2340 1079 2687 1141 daemoniaci.
2734 1086 2847 1143 Sed
2875 1106 2981 1146 non
3027 1108 3376 1163 spumamus,
3412 1114 3510 1156 nec

1905 1166 2134 1237 pupillas
2156 1168 2559 1242 distorquemus
2581 1175 2661 1231 vel
2691 1181 2926 1235 manus?
2956 1181 3165 1239 Utinam
3192 1186 3293 1242 hoe
3322 1188 3506 1246 incor-

1904 1272 2033 1327 pore
2081 1270 2423 1330 pateremur,
2459 1279 2563 1333 non
2608 1267 2659 1321 iu
2710 1271 2887 1326 anima
2918 1273 3045 1328 lVis
3092 1277 3186 1331 tihi
3219 1282 3503 1337 ostendam

1898 1349 2131 1404 animam
2179 1364 2542 1424 spumantem,
2590 1358 2881 1430 impuram,
2909 1374 2963 1419 et
3011 1366 3273 1426 distortus
3319 1374 3508 1430 oculos

1899 1440 2132 1496 mentis?
2172 1441 2357 1515 Cogita
2386 1446 2552 1504 iratos
2591 1461 2647 1517 _ct
2697 1454 2876 1510 furore
2918 1457 3122 1523 ebrios,
3158 1478 3263 1532 qua
3314 1480 3504 1536 spuma

1898 1548 2003 1587 non
2058 1535 2414 1595 immnndiora
2460 1543 2739 1612 proferunt
2783 1548 2984 1604 verba?
3040 1552 3292 1611 Profecto
3342 1535 3495 1629 quasi

1896 1622 2141 1680 timidum
2187 1639 2403 1698 sputum
2440 1634 2713 1691 emittunt.
2756 1639 2823 1694 Et
2871 1640 3013 1697 sicut
3060 1643 3135 1701 illi
3180 1622 3386 1704 nullum
3434 1666 3502 1706 ex

1896 1723 2253 1790 praesentibus
2281 1738 2504 1796 norunt,
2536 1731 2615 1788 sic
2646 1749 2822 1805 neque
2850 1736 2924 1793 hi.
2956 1740 3320 1800 Obteuebrata
3347 1747 3493 1803 enim

1895 1811 2109 1867 illorum
2146 1826 2328 1872 mente
2354 1826 2409 1873 et
2434 1819 2675 1879 distortis
2702 1828 2878 1883 oculis
2902 1872 2917 1898 ,
2946 1847 3052 1888 non
3084 1838 3315 1892 amicum
3342 1882 3357 1904 ,
3391 1856 3498 1897 nun

1895 1902 2193 1973 inimicum,
2227 1923 2334 1963 non
2366 1915 2732 1973 venerabilem
2764 1962 2777 1985 ,
2812 1936 2915 1976 non
2944 1923 3372 2000 despiciendum,
3403 1936 3498 1989 sed

1891 2009 2081 2050 omnes
2112 2013 2218 2053 uno
2264 1999 2461 2059 intuitu
2488 2020 2738 2063 cernunt.
2767 2010 2883 2068 Non
2917 2015 3068 2071 vides
3112 2018 3211 2074 hos
3260 1999 3496 2079 tremere

1887 2278 2073 2336 staret,
2106 2288 2209 2327 non
2241 2278 2517 2346 pateretur
2538 2272 2627 2338 illa
2654 2300 2774 2355 qua:
2804 2291 3025 2359 patitur.
3065 2297 3257 2353 Annon
3298 2301 3489 2358 viden-

1888 2367 1973 2416 tur
2023 2363 2115 2418 tibi
2148 2365 2371 2436 abjectae
2404 2385 2526 2427 csse
2567 2376 2761 2433 anima:
2784 2421 2800 2446 ,
2829 2396 2948 2452 quae
2979 2385 3306 2456 vigilantiam
3338 2408 3491 2449 suam

1886 2453 2196 2522 perdiderit,
2226 2473 2287 2514 ea
2317 2475 2436 2531 qua:
2466 2464 2541 2519 illi
2568 2464 2752 2523 dicunt
2784 2481 2836 2525 et
2869 2453 3074 2531 faciunt
3099 2479 3283 2535 animo
3308 2482 3492 2541 ebrii?

1883 2545 1979 2600 Est
2028 2556 2083 2602 et
2130 2550 2275 2605 aliud
2319 2553 2512 2611 furoris
2560 2573 2732 2629 genus
2784 2560 2889 2619 hoc
2921 2568 3157 2636 gravius.
3207 2572 3489 2640 Quodnam

1884 2636 2012 2692 illud
2034 2638 2058 2693 ?
2080 2640 2305 2709 Quando
2322 2660 2499 2717 neque
2521 2651 2657 2705 iram
2680 2655 2879 2711 remitti
2909 2659 3199 2731 sustinent,
3224 2636 3318 2720 sed
3346 2669 3488 2737 apud

1880 2743 1941 2784 se
1967 2729 2155 2801 alunt,
2183 2737 2332 2805 quasi
2367 2738 2731 2799 domesticum
2761 2749 3071 2808 carniﬁcem
3107 2729 3400 2814 ulciscendi
3428 2775 3489 2816 se

1880 2824 2247 2893 cupiditatem.
2306 2831 2432 2887 Illos
2476 2836 2620 2891 enim
2672 2839 2877 2908 primos
2929 2844 3045 2901 hmc
3091 2848 3360 2919 cupiditas
3398 2852 3486 2911 hic

1880 2919 2076 2990 perdit,
2159 2932 2216 2979 ut
2257 2925 2433 2982 futura
2481 2943 2821 3000 praeteream.
2853 2936 2988 2993 Nam
3017 2954 3277 3011 quantum
3325 2945 3492 3015 p'utas-

1877 3028 2001 3070 esse
2056 3026 2379 3077 tormentum
2429 3023 2664 3082 hominis
2714 3031 2896 3085 animo
2950 3036 3207 3104 perculsi,
3257 3040 3484 3112 singulis

1876 3105 2070 3163 diebus
2097 3111 2411 3169 meditantis
2438 3156 2455 3184 ,
2484 3132 2595 3187 quo
2625 3129 2785 3188 pacto
2814 3122 3093 3182 inimicum
3143 3105 3480 3190 ulciscaiur?

1876 3194 2061 3255 Primo
2120 3201 2360 3273 seipsum
2408 3208 2581 3277 punit,
2640 3219 2695 3266 et
2746 3212 2988 3271 inﬂatum
3034 3218 3239 3289 plectit,
3295 3234 3482 3281 contra

1874 3290 2111 3362 seipsmn
2136 3310 2375 3366 pugnans
2396 3307 2451 3353 et
2474 3300 2746 3358 incensus.
2772 3305 3005 3364 Necesse
3025 3312 3168 3367 enim
3190 3322 3275 3370 est
3301 3316 3479 3387 ignem

1872 3396 2090 3455 semper
2135 3387 2187 3441 in
2238 3398 2290 3444 te
2314 3391 2507 3449 ardere
2541 3411 2555 3448 :
2591 3406 2647 3450 et
2677 3395 2869 3453 febrim
2903 3398 3109 3458 tantum
3158 3406 3478 3472 intendens.

1873 3486 1981 3527 non
2012 3474 2147 3531 sinis
2167 3476 2503 3548 decrescere,
2529 3495 2794 3559 pntasque
2826 3498 2878 3545 te
2906 3491 2980 3546 illi
3010 3495 3209 3551 malum
3238 3498 3437 3557 inferre
3462 3520 3479 3568 ;

1870 3561 1989 3633 ipse
2019 3570 2410 3639 vcroteipsum
2440 3575 2714 3644 tabcfacis,
2747 3578 3018 3638 ﬂammam
3044 3600 3264 3658 semper
3296 3592 3479 3664 vigen-

1874 3664 1980 3711 tem
2005 3668 2241 3728 gestans,
2266 3679 2369 3720 nec
2394 3665 2581 3723 sinens
2617 3671 2852 3728 animam
2881 3677 3183 3747 quiescere,
3220 3685 3314 3739 sed
3343 3686 3479 3743 εσθ-

1871 3759 2021 3805 ratus
2047 3766 2282 3821 semper,
2306 3764 2360 3809 ct
2387 3756 2437 3811 in
2466 3760 2874 3828 perturbatione
2894 3774 2952 3823 et
2972 3779 3291 3843 tempestate
3322 3792 3478 3833 men—

1872 3848 1978 3895 tem
2020 3843 2285 3901 retinens.

1942 3932 1995 3989 5.
2031 3934 2168 4002 Quid
2210 3936 2309 3994 hoc
2337 3940 2517 3999 furore
2546 3943 2803 4016 deterius,
2827 3964 3043 4023 semper
3062 3955 3131 4011 ita
3154 3957 3360 4027 dolere,
3392 3963 3473 4019 in-

1870 4022 2009 4093 ﬂari,
2034 4028 2261 4087 ardere?
2286 4032 2441 4088 Tales
2466 4037 2611 4093 enim
2635 4052 2756 4096 sunt
2780 4044 3066 4103 vindictam
3096 4051 3477 4113 meditantiumv

1869 4119 2062 4175 animae
2092 4139 2105 4176 :
2139 4124 2225 4178 ubi
2256 4125 2487 4183 viderint
2511 4145 2657 4198 eum,
2690 4150 2850 4205 quem
2880 4140 3063 4196 ulcisci
3091 4146 3334 4215 cupiunt,
3362 4160 3473 4204 sta-

1871 4211 1964 4265 tim
1995 4217 2369 4284 concitantur;
2412 4221 2456 4276 si
2488 4239 2675 4281 voeem
2704 4228 2994 4299 audierint,
3029 4235 3304 4305 decidunt,
3353 4250 3465 4299 tre-

1869 4313 2060 4372 munt;
2100 4308 2145 4362 si
2193 4309 2245 4363 in
2277 4311 2417 4367 lecto
2441 4314 2783 4387 decumbant,
2826 4324 2974 4380 mille
3020 4327 3123 4383 sibi
3169 4329 3467 4404 depingunt

1869 4398 2089 4454 ultionis
2116 4416 2334 4471 genera,
2368 4409 2783 4479 suspendentes,
2827 4424 3141 4489 torquentes
3185 4398 3464 4487 inimicum

1870 4487 2016 4543 illum
2047 4506 2061 4543 :
2092 4491 2158 4545 ad
2191 4492 2327 4562 haec,
2358 4497 2403 4552 si
2435 4497 2584 4555 illum
2616 4502 2821 4560 clarum
2848 4518 2903 4563 et
2931 4487 3282 4580 conspicuum
3310 4520 3465 4578 vidc-

1868 4582 1996 4648 rint,
2032 4598 2205 4654 papre,
2234 4593 2493 4658 quantum
2521 4594 2841 4664 supplicium
2872 4602 2885 4655 l
2922 4601 3141 4663 Dimitte
3167 4607 3243 4664 illi
3276 4626 3469 4681 pecca-

1871 4680 2004 4741 tum,
2036 4684 2195 4746 teque
2222 4693 2250 4731 a
2285 4688 2552 4738 tormento
2589 4686 2785 4745 exime.
2816 4689 2927 4747 Cur
2953 4709 3172 4768 semper
3197 4680 3477 4763 cruciatus

1869 4781 2199 4836 perseveras,
2232 4781 2288 4827 ut
2314 4774 2461 4830 illum
2491 4781 2658 4836 semel
2688 4783 2963 4844 ulciscaris
2986 4799 3041 4846 et
3079 4797 3312 4863 punias?-
3334 4804 3474 4872 quid

1869 4875 2025 4928 paras
2050 4863 2142 4918 tibi
2171 4864 2436 4924 hecticum
2468 4873 2716 4929 morbum
2734 4876 2762 4930 ἲ
2782 4894 2879 4933 cur
2898 4882 3135 4940 animum
3164 4897 3312 4947 tuum
3334 4863 3471 4951 libe—

1866 4954 1973 5007 rari
2014 4956 2283 5015 volentem
2312 4960 2569 5019 detines?
2618 4966 2697 5024 Ne
2734 4987 2904 5043 usque
2934 4977 2999 5032 ad
3032 4995 3314 5053 vesperam
3353 5004 3473 5044 ma-

1866 5054 2013 5112 neat,
2048 5046 2221 5119 inquit
2258 5051 2455 5108 Paulus
2486 5055 2699 5128 (Epltcs.
2734 5063 2788 5118 4.
2817 5065 2931 5136 26).
2964 5046 3286 5132 Sicut—enim
3318 5079 3467 5138 tabes

1863 5138 2109 5206 quaedam
2140 5150 2197 5196 et
2235 5144 2397 5213 tinea,
2445 5148 2523 5204 sic
2555 5155 2751 5209 mentis
2782 5168 2980 5214 nostrae
3022 5164 3265 5223 radicem
3302 5171 3464 5228 rodit.

1864 5229 1974 5286 Cur
2002 5232 2169 5289 feram
2210 5236 2443 5296 includis
2488 5241 2541 5297 in
2588 5246 2887 5305 visceribus
2920 5253 3071 5310 tuis?
3101 5256 3291 5317 Melius
3317 5278 3471 5323 esset

1864 5336 2168 5396 serpentem
2216 5339 2269 5385 et
2300 5331 2540 5400 viperam
2588 5336 2638 5392 in
2682 5340 2845 5396 corde
2881 5357 3023 5413 esse,
3052 5363 3216 5419 quam
3246 5354 3381 5412 iram
3407 5368 3468 5415 et

1865 5417 2154 5475 ulciscendi
2186 5422 2532 5492 cupiditatem
2564 5446 2576 5481 :
2608 5444 2729 5485 nam
2754 5431 2840 5487 illa
2868 5417 3084 5507 reptilia
3099 5444 3279 5500 statim
3308 5462 3339 5502 a
3362 5465 3461 5504 no-

1865 5510 1947 5565 bis
1970 5509 2355 5582 abscederent;
2385 5515 2503 5572 hatc
2530 5526 2708 5576 autem
2750 5538 2965 5595 semper
3000 5541 3202 5598 manet,
3244 5550 3463 5607 semper

1864 5604 2118 5661 dentibus
2148 5607 2334 5674 laniat,
2377 5612 2523 5668 virus
2573 5613 2832 5685 immittit,
2864 5621 3211 5680 molestarum
3251 5604 3461 5700 cogita-

1865 5699 2068 5755 tionum
2097 5703 2391 5759 exercitum
2421 5706 2685 5775 producit.
2716 5711 2786 5765 At
2811 5712 2925 5769 hare
2945 5713 3105 5784 facio,
3135 5699 3365 5791 inquies,
3393 5742 3466 5783 ne

1864 5806 1953 5845 me
1971 5792 2170 5858 rideat,
2202 5809 2269 5849 ne
2315 5807 2645 5854 contemnat.
2676 5801 2838 5861 Miser
2863 5806 3025 5863 homo
3053 5820 3108 5865 et
3128 5828 3458 5883 mrumnosc,

1863 5898 1968 5937 non
1994 5900 2070 5936 vis
2095 5902 2123 5939 a
2152 5900 2412 5944 conservo
2440 5889 2673 5962 irrideri,
2698 5892 2796 5952 sed
2814 5896 2939 5953 odio
2963 5898 3151 5959 haberi
3173 5922 3201 5959 a
3232 5904 3471 5966 Domino
