4076 6534
583 457 690 514 295

586 582 676 625 tuo
705 564 762 620 ’ἲ
791 576 893 618 non
924 558 1003 615 vis
1028 555 1229 627 despici
1257 570 1286 609 a
1317 566 1600 615 conservo,
1631 544 2035 605 scdDominum
2058 541 2152 597 de-

584 651 1000 729 spicis‘ldespici
1042 648 1111 703 ab
1154 646 1245 702 illo
1282 660 1386 700 non
1426 641 1644 712 pateris,
1687 639 1959 729 Deumque
1984 634 2155 729 putas

587 725 694 804 non
739 743 1020 813 indignari,
1058 738 1203 809 quod
1255 738 1426 807 ipsum
1472 731 1739 795 derideas,
1788 726 1927 798 quod
1983 725 2155 793 ipsum

584 820 826 909 spernas,
855 833 981 887 dum
1010 846 1113 885 non
1146 828 1223 882 vis
1254 826 1350 896 ipsi
1372 818 1776 892 obtemperare?
1805 815 1955 884 Quod
1978 824 2155 867 autem

587 902 673 985 ille
698 943 805 983 non
837 935 889 981 te
916 922 1191 984 deridebit,
1226 918 1350 971 hinc
1378 911 1719 970 manifestum
1754 918 1853 963 est.
1901 905 1956 961 Si
1987 913 2039 959 te
2074 902 2156 957 ul-

585 1019 824 1081 ciscaris,
848 1016 969 1070 hinc
988 1024 1209 1080 magnus
1228 1008 1387 1073 risus,
1412 1017 1632 1073 magnus
1646 1004 1978 1066 contemptus
1998 1012 2012 1058 ;
2036 1010 2157 1048 nam

590 1104 1032 1180 pusillanimitatis
1060 1108 1142 1157 est
1170 1113 1304 1168 opus
1334 1113 1348 1150 :
1378 1096 1422 1151 si
1449 1088 1889 1149 verodimiseris.
1910 1098 2158 1155 magnum

589 1176 937 1258 miraculum;
972 1187 1421 1263 magnanimitatis
1448 1184 1590 1240 enim
1633 1181 1737 1236 hoc
1781 1192 1915 1249 opus
1942 1185 2043 1232 est.
2092 1176 2160 1229 At

590 1292 700 1355 ille,
731 1286 956 1356 inquies,
993 1283 1044 1337 id
1072 1283 1298 1351 ignorat.
1329 1276 1474 1332 Sciat
1502 1273 1664 1337 Deus,
1688 1280 1746 1324 ut
1778 1267 2033 1338 majorem
2064 1263 2159 1318 ha-

590 1381 716 1434 hcas
741 1374 1062 1432 mercedem.
1090 1371 1143 1426 in
1176 1371 1348 1423 {mnus
1387 1364 1531 1430 date,
1562 1361 1751 1431 inquit,
1784 1359 1870 1423 iis,
1912 1372 1942 1411 a
1972 1356 2162 1423 quibus

592 1471 723 1525 nihil
764 1470 1004 1539 accipere
1045 1462 1270 1534 speratis
1300 1458 1449 1533 (Luc.
1484 1456 1569 1511 ﬂ.
1603 1442 1710 1523 η).
1769 1452 1857 1507 Sic
1906 1448 2161 1539 beneficia

594 1536 903 1631 praestemus
947 1557 1031 1621 iis,
1062 1554 1150 1624 qui
1200 1567 1305 1607 non
1347 1549 1584 1604 sentiunt
1613 1558 1671 1598 se
1697 1540 1973 1597 beneﬂciis
1999 1536 2159 1603 affici,

594 1663 652 1707 ut
680 1668 744 1707 ne
770 1652 855 1706 vel
880 1648 1091 1704 laudem
1116 1645 1199 1700 vel
1221 1639 1418 1712 aliquid
1440 1636 1581 1693 aliud
1608 1635 1763 1691 nobis
1784 1631 2161 1704 rependentes,

593 1742 892 1799 mercedem
921 1738 1072 1793 nobis
1101 1736 1357 1790 minuant.
1392 1730 1525 1785 Cum
1556 1726 1697 1781 enim
1730 1724 1858 1779 nihil
1886 1724 1953 1777 ab
1990 1720 2163 1774 homi-

597 1835 752 1889 nibus
772 1830 1083 1899 accipimus,
1107 1834 1234 1881 tunc
1251 1822 1452 1893 majora
1479 1836 1505 1874 a
1531 1819 1643 1873 Deo
1666 1815 2005 1885 accipiemus.
2029 1810 2164 1879 Quid

596 1935 770 1980 autem
799 1924 907 1987 risu
938 1920 1168 1990 dignius,
1196 1915 1322 1986 quid
1350 1912 1590 1982 frigidius
1613 1909 1787 1963 anima
1813 1920 1932 1977 qum
1956 1917 2168 1972 semper

598 2014 841 2069 irascitur
868 2020 922 2066 et
953 2026 1010 2065 se
1040 2007 1151 2062 vult
1180 2005 1363 2061 ulcisci
1387 2003 1409 2055 ἲ
1437 2001 1689 2057 Muliebre
1727 2013 1790 2051 ac
1820 1995 2021 2066 puerile
2048 2007 2170 2063 pro-

599 2104 825 2176 positum
848 2109 947 2157 est.
976 2097 1106 2153 Nam
1132 2106 1188 2150 ut
1211 2095 1298 2149 illa
1324 2101 1508 2148 contra
1542 2089 1825 2144 inanimata
1872 2086 2029 2140 etiam
2066 2084 2171 2137 ira-

598 2173 784 2258 scitur,
816 2188 939 2245 etsi
975 2187 1331 2257 pavimentum
1360 2197 1463 2236 non
1498 2178 1778 2250 percutiat,
1812 2191 1917 2231 non
1951 2173 2173 2230 remittit

597 2283 729 2338 iram
759 2298 772 2334 :
808 2280 876 2334 ita
906 2288 960 2333 et
985 2276 1038 2331 hi
1066 2289 1178 2340 eos,
1206 2274 1295 2344 qui
1319 2287 1375 2328 se
1401 2270 1721 2333 afﬂixerunt,
1747 2266 1929 2321 ulcisci
1961 2264 2167 2319 volunt.

597 2370 737 2441 Ergo
776 2380 829 2423 et
866 2366 967 2437 ipsi
1015 2366 1126 2420 risu
1152 2362 1296 2433 digni
1328 2379 1341 2416 :
1382 2376 1503 2415 nam
1552 2360 1643 2414 ira:
1690 2357 1989 2425 subjectum
2028 2369 2170 2419 esse,

600 2460 820 2530 piterilis
848 2467 930 2513 cst
971 2456 1165 2519 animi;
1207 2456 1300 2509 irze
1344 2453 1626 2522 imperare,
1675 2450 1878 2504 strenui
1924 2448 2022 2502 viri
2067 2457 2169 2502 est.

603 2552 745 2622 Ergo
774 2566 877 2605 non
923 2563 1019 2603 nos
1050 2545 1357 2611 irridemur,
1405 2544 1448 2597 si
1501 2539 1798 2611 phil050phi
1846 2538 2033 2601 simus,
2078 2535 2171 2591 sed

604 2644 701 2699 illi.
727 2641 842 2697 Non
874 2646 955 2695 est
985 2636 1113 2692 illud
1152 2632 1627 2702 contemptibilium
1658 2629 1954 2694 hominum,
1984 2642 2015 2681 a
2055 2642 2173 2697 pas-

601 2733 755 2789 sione
782 2746 891 2786 non
917 2728 1055 2783 vinci
1088 2744 1100 2779 :
1132 2723 1605 2794 contemptibilium
1634 2718 1907 2774 hominum
1928 2725 2011 2773 est
2026 2724 2180 2771 exte-

601 2839 782 2878 rerum
830 2822 995 2876 risum
1049 2819 1257 2882 timere,
1301 2818 1370 2871 ita
1401 2824 1458 2869 ut
1496 2814 1616 2869 ideo
1663 2810 1958 2876 extollaris,
2014 2808 2175 2863 animi

602 2914 791 2971 morbo
845 2911 1162 2982 subjiciaris,
1212 2910 1378 2964 Deum
1407 2906 1666 2969 offendas,
1714 2914 1767 2960 et
1804 2913 1854 2959 te
1882 2902 2174 2958 ulciscaris.
2196 2888 2227 2908 ί

601 3006 727 3062 llaec
752 3020 876 3061 vere
913 3013 1036 3059 sunt
1064 3004 1171 3057 risu
1198 3001 1375 3072 digna.
1408 2998 1533 3053 Haec
1557 3011 1685 3067 ergo
1712 2995 1993 3065 fugiamus.
2027 2993 2178 3048 Dicat

600 3111 681 3163 se,
712 3097 800 3166 qui
832 3110 930 3150 nos
956 3094 1222 3149 sexcentis
1268 3090 1530 3161 impetivit
1572 3088 1744 3154 malis,
1790 3086 1919 3142 nihil
1964 3101 2176 3155 passum

602 3203 722 3244 esse
750 3187 874 3241 mali
904 3204 918 3240 :
949 3185 1090 3239 dicat
1128 3199 1208 3251 se,
1249 3184 1297 3236 si
1326 3182 1378 3236 in
1428 3196 1526 3235 nos
1571 3180 1761 3234 iterum
1803 3177 2177 3240 debacchetur,

605 3279 737 3336 nihil
764 3293 884 3333 esse
911 3291 1208 3348 passurum.
1252 3273 1365 3329 Non
1406 3274 1562 3329 aliter
1602 3280 1838 3327 nostram
1870 3268 2183 3340 praedicaret

604 3369 873 3432 virtutem,
923 3382 1030 3421 non
1061 3366 1161 3419 alia
1206 3371 1471 3435 quaereret
1512 3361 1691 3427 verba,
1740 3360 1786 3415 si
1834 3374 1931 3415 nos
1966 3357 2182 3413 laudare

604 3460 787 3521 vellet,
822 3474 978 3527 quam
1009 3457 1146 3523 haec,
1176 3470 1293 3526 quae
1323 3466 1380 3509 ut
1422 3469 1520 3507 nos
1551 3452 1789 3507 mordeat
1813 3449 2031 3522 profert.
2062 3450 2181 3505 Uti-

607 3566 728 3605 nam
754 3564 943 3604 omnes
969 3548 1084 3603 hmc
1118 3547 1187 3603 de
1220 3561 1306 3602 me
1334 3546 1575 3601 dicerent
1614 3562 1628 3598 :
1673 3544 1917 3614 Frigidus
1946 3544 2106 3597 homo
2131 3550 2185 3597 et

609 3643 771 3699 miser
794 3650 874 3696 cst
907 3660 922 3697 :
953 3654 1141 3696 omnes
1171 3640 1268 3711 ipsi
1300 3637 1675 3695 contumeliam
1704 3636 1957 3699 inferunt,
1988 3645 2042 3690 et
2072 3635 2186 3706 ipse

608 3732 740 3797 fert;
760 3746 947 3787 omnes
973 3730 1230 3795 insiliunt,
1258 3738 1312 3785 et
1331 3730 1421 3785 ille
1446 3742 1551 3784 non
1574 3742 1635 3783 se
1656 3727 1947 3782 ulciscitur.
1972 3725 2185 3782 Utinam

608 3824 865 3878 adderent
890 3838 905 3877 :
937 3820 1119 3891 Neque
1148 3822 1192 3875 si
1221 3819 1365 3885 velit,
1398 3826 1574 3889 potest
1599 3833 1613 3883 ;
1648 3825 1703 3871 ut
1733 3815 1861 3870 mihi
1896 3814 2012 3870 laus
2042 3825 2186 3870 esset

608 3930 637 3966 a
666 3914 791 3973 Deo,
816 3922 870 3967 et
900 3927 1003 3966 non
1032 3911 1098 3966 ab
1137 3908 1461 3964 hominibus.
1503 3908 1670 3971 Dicat,
1706 3903 1844 3976 quo'd
1891 3905 1960 3960 ob
1985 3904 2189 3959 timidi-

615 4013 774 4057 tatem
825 4018 932 4057 non
974 4016 1073 4057 nos
1106 4000 1431 4057 ulciscimur.
1478 3998 1619 4054 Nihil
1664 3998 1767 4052 hoc
1810 3996 1965 4051 nobis
2010 4003 2188 4061 nocet,

612 4094 825 4164 quando
856 4094 994 4149 Deus
1018 4094 1152 4159 scit;
1186 4091 1279 4149 sed
1316 4091 1626 4147 thesaurum
1654 4098 1891 4145 nostrum
1921 4088 1972 4143 in
2005 4086 2189 4157 majori

615 4249 842 4373 de;
858 4249 1045 4310 legunt,
1086 4246 1171 4298 sed
1192 4245 1303 4298 odio
1326 4244 1493 4297 haberi
1528 4256 1560 4294 ο
1583 4243 1783 4295 Damno
1811 4248 1922 4301 tuo,
1945 4247 1991 4293 et
2013 4240 2072 4292 ab
2090 4240 2195 4306 ipso

1384 443 1444 501 S.
1470 436 1741 496 JOANNIS
1776 426 2247 491 CIIRYSOSTOMI
2284 424 2598 482 ARCIIIEP.
2639 422 3166 482 CONSTANTINOP.

3774 419 3886 474 296

2260 540 2407 609 ponit
2434 537 2693 593 custodia.
2727 538 2784 593 Si
2816 538 2937 593 illos
2961 546 3287 607 spectemus,
3320 534 3389 589 ab
3422 534 3690 591 omnibus
3722 530 3885 587 exci-

2257 630 2467 685 demus.
2495 628 2572 684 Ne
2602 628 2883 684 videamus
2922 628 3050 699 quid
3089 627 3290 693 dicant,
3329 626 3428 681 sed
3467 625 3594 696 quid
3628 639 3749 680 nos
3778 622 3888 676 de-

2258 731 2395 777 ceat.
2422 724 2493 775 At
2538 721 2635 786 illi,
2665 719 2744 775 Ne
2773 736 2858 774 me
2882 722 3006 790 quis
3034 720 3273 785 irrideat,
3316 719 3588 789 inquiunt,
3626 733 3712 772 ne
3749 714 3886 787 qui-

2259 812 2381 865 dam
2412 810 2725 882 glorientur.
2757 809 2802 867 Ο
2840 810 3116 866 stultitiam
3144 811 3157 863 l
3186 808 3353 865 Nemo
3380 810 3473 879 qui
3515 825 3603 865 me
3656 807 3892 863 laeserit

2262 918 2346 957 me
2384 902 2570 967 irrisit,
2618 902 2899 973 inquiunt;
2934 901 2985 956 id
3024 910 3127 966 est,
3165 900 3309 956 ultus
3334 917 3454 957 sum
3485 902 3666 956 illum.
3700 899 3890 969 Atqui

2268 994 2366 1049 hac
2395 994 2462 1051 de
2508 1008 2669 1050 causa
2726 993 3029 1048 irridendus
3072 1008 3162 1059 es,
3203 993 3326 1063 quia
3378 994 3551 1061 ipsum
3596 992 3769 1047 ultus
3799 1005 3890 1043 es.

2266 1085 2541 1142 Undenam
2586 1084 2701 1139 hare
2731 1084 2892 1139 verba
2924 1083 3137 1139 inducta
3177 1092 3323 1148 sunt,
3367 1084 3540 1153 turpia
3580 1092 3638 1137 et
3678 1080 3892 1152 perni-

2263 1176 2429 1243 ciosa,
2459 1191 2577 1247 qua:
2605 1176 2768 1230 vitam
2818 1184 3055 1230 nostram
3101 1182 3157 1230 et
3199 1173 3582 1244 rempublicam
3626 1173 3893 1228 subver-

2267 1266 2419 1321 tunt?
2449 1280 2646 1333 nonne,
2679 1266 2801 1335 quia
2834 1266 2944 1321 Deo
2970 1264 3308 1321 adversantia
3352 1264 3624 1334 loquimur
3647 1265 3675 1318 Υ
3707 1264 3889 1332 Quod

2264 1358 2408 1413 enim
2449 1356 2555 1411 Deo
2583 1356 2760 1411 reddit
2784 1357 3063 1427 aequalem,
3095 1370 3286 1426 nempe
3326 1370 3432 1411 non
3460 1370 3520 1410 se
3545 1355 3777 1419 ulcisci,
3829 1355 3889 1410 id

2266 1459 2321 1505 tu
2349 1450 2511 1504 risum
2537 1457 2752 1517 reputas
2776 1462 2915 1503 esse.
2943 1447 3131 1503 Nonne
3162 1447 3281 1503 ideo
3319 1447 3429 1503 risu
3459 1448 3607 1519 digni
3643 1463 3887 1511 sumus.

2265 1552 2320 1595 et
2343 1540 2481 1612 apud
2508 1554 2607 1596 nos
2633 1540 2779 1611 ipsos
2818 1549 2873 1596 et
2898 1538 3037 1611 apud
3066 1540 3316 1610 gentiles,
3358 1539 3500 1611 quod
3548 1541 3623 1595 ita
3666 1551 3888 1595 contra

2270 1631 2432 1686 Deum
2466 1631 2789 1700 loquamur?

2348 1721 2573 1777 Historia
2610 1722 2796 1792 reperti
2842 1722 3084 1777 thesauri.
3114 1752 3183 1762 —
3212 1721 3345 1777 Volo
3384 1723 3660 1793 quidpiam
3702 1738 3889 1779 enar-

2270 1829 2390 1870 rare
2416 1814 2555 1885 apud
2583 1824 2791 1869 veteres
2827 1824 3056 1884 gestum,
3086 1829 3191 1869 non
3222 1816 3363 1870 circa
3406 1814 3561 1881 iram,
3590 1816 3687 1870 sed
3719 1817 3886 1870 circa

2272 1907 2572 1974 pecuniam.
2612 1905 2741 1959 Erat
2770 1904 2981 1960 cuidam
3010 1906 3289 1975 praedium,
3320 1907 3589 1962 occulunn
3632 1909 3885 1963 thesau-

2271 2014 2387 2052 rum
2418 1998 2639 2063 habens,
2684 1997 2851 2052 inscio
2882 1998 3118 2061 domino,
3149 1998 3289 2068 quod
3320 1999 3409 2054 ille
3435 2000 3676 2055 vendidit
3703 2020 3719 2054 :
3754 2017 3888 2055 ern-

2274 2097 2395 2158 ptor
2423 2104 2552 2143 vero
2580 2104 2698 2143 cum
2728 2089 2952 2152 foderet,
2978 2100 3034 2143 ut
3060 2089 3323 2158 plantaret
3345 2100 3400 2145 et
3426 2100 3660 2156 curaret,
3693 2092 3886 2160 depo-

2274 2182 2431 2236 situm
2460 2181 2765 2236 thesaurum
2807 2181 3029 2236 invenit.
3057 2182 3207 2249 Quod
3236 2198 3356 2237 cum
3387 2182 3665 2238 didicisset
3695 2185 3745 2238 is
3778 2185 3883 2254 qui

2272 2272 2605 2336 vendiderat,
2638 2272 2858 2328 veniens
2882 2282 3180 2342 emptorem
3210 2273 3433 2342 cogebat
3462 2283 3517 2328 ut
3547 2273 3880 2328 thesaurum

2277 2362 2545 2427 redderet,
2577 2362 2758 2418 dicens
2786 2378 2844 2417 se
2865 2362 3123 2432 prandium
3148 2362 3469 2429 vendidisse,
3501 2380 3607 2417 non
3638 2363 3878 2418 thesau-

2277 2474 2416 2512 rum.
2448 2456 2541 2510 llle
2568 2465 2752 2510 contra
2791 2456 3077 2525 repellebat
3121 2470 3243 2510 eum
3273 2455 3475 2523 dicens,
3507 2470 3567 2511 se
3598 2456 3877 2526 praedium

2276 2550 2397 2606 cum
2428 2549 2677 2604 thesauro
2701 2549 2917 2613 emisse,
2945 2556 3000 2602 ct
3040 2562 3099 2603 se
3126 2548 3226 2603 hoc
3254 2548 3384 2603 nihil
3412 2563 3620 2603 curare.
3654 2549 3770 2604 Res
3819 2550 3877 2603 in

2278 2641 2425 2696 litem
2451 2641 2592 2695 inter
2631 2640 2819 2694 ambos
2850 2653 3003 2694 versa
3034 2648 3138 2705 est,
3188 2638 3282 2693 illo
3308 2638 3455 2693 reddi
3496 2639 3596 2695 sibi
3622 2640 3875 2706 volente,

2278 2732 2554 2801 alteroque
2606 2739 2852 2800 negante.
2904 2729 3204 2786 lncidcntes
3260 2739 3439 2785 autem
3491 2732 3544 2785 in
3588 2732 3876 2788 hominem

2228 2870 2253 2887 ,
2280 2823 2581 2894 quempiam
2614 2820 2923 2891 litigabant;
2950 2820 3250 2891 deindeque
3272 2821 3663 2891 iuterrogaruut
3685 2823 3873 2889 illum,

2279 2916 2365 2971 cui
2393 2915 2618 2971 deberet
2664 2913 2944 2969 thesaurus
2991 2914 3304 2984 adjudicari.
3333 2914 3428 2971 Ille
3456 2932 3583 2971 vero
3605 2931 3711 2971 non
3742 2932 3878 2971 sen-

2282 3010 2499 3077 tentiam
2531 3008 2671 3073 tulit,
2700 3007 2937 3078 dixitque
2965 3022 3023 3063 se
3052 3009 3200 3062 litem
3224 3009 3521 3063 soluturum
3550 3025 3692 3073 esse,
3720 3009 3875 3080 quod

2283 3102 2396 3173 ipse
2424 3100 2669 3155 dominus
2696 3108 2857 3155 esset.
2890 3099 2956 3154 Et
2981 3100 3087 3154 illis
3116 3100 3473 3155 aunuentibus
3504 3110 3725 3171 accepto
3748 3102 3876 3156 the-

2284 3210 2466 3261 sauro,
2495 3196 2773 3250 innumera
2804 3196 2997 3251 deinde
3032 3195 3167 3249 mala
3197 3210 3385 3265 passus
3421 3204 3527 3261 est,
3558 3204 3614 3249 et
3638 3210 3697 3250 re
3722 3194 3874 3250 didi-
3954 3184 3969 3203 ¹

2284 3289 2377 3353 cit,
2404 3288 2526 3358 jure
2556 3288 2675 3343 illos
2704 3288 2771 3343 ab
2812 3288 2913 3343 hoc
2948 3288 3287 3343 abstinuisse.
3324 3287 3435 3343 Hoc
3476 3298 3531 3342 et
3556 3287 3702 3342 circa
3732 3288 3876 3342 iram

2288 3379 2399 3434 fieri
2444 3387 2679 3449 oportet,
2712 3387 2769 3432 ut
2806 3388 2860 3433 ct
2890 3393 2987 3433 nos
3035 3378 3443 3447 contendamus,
3475 3394 3583 3433 non
3620 3393 3738 3432 esse
3779 3393 3874 3432 su-

2286 3472 2532 3529 mendam
2557 3471 2831 3535 ultionem,
2852 3478 2906 3525 et
2926 3469 3013 3539 qui
3046 3469 3301 3524 lzeserunt
3325 3468 3673 3533 contendant,
3704 3484 3875 3537 opor-

2289 3573 2401 3619 tere
2426 3578 2486 3619 se
2508 3577 2693 3633 poenas
2720 3563 2867 3617 dare.
2901 3563 3004 3618 Sed
3034 3562 3215 3617 forsan
3242 3563 3357 3617 haec
3395 3562 3616 3617 ridicula
3648 3563 3878 3617 videan—

2291 3666 2395 3711 tur.
2424 3655 2649 3723 Quando
2669 3654 2811 3710 enim
2840 3655 2952 3709 hznc
2980 3654 3184 3709 insania
3203 3654 3489 3709 admodum
3512 3663 3759 3723 occupat,
3781 3654 3879 3723 qui

2292 3747 2531 3803 modeste
2559 3755 2723 3817 agunt
2746 3745 3054 3811 irridentur,
3078 3753 3132 3799 et
3152 3744 3288 3799 inter
3305 3745 3631 3799 insanientes
3654 3744 3879 3810 multos,

2290 3838 2379 3907 qui
2407 3851 2515 3891 non
2544 3837 2741 3890 insanit
2785 3835 2991 3891 videtur
3032 3835 3286 3889 insanire.
3323 3834 3682 3902 Quamobrem
3712 3835 3883 3891 obse-

2293 3944 2406 3994 cro,
2434 3930 2686 3994 feramus,
2715 3942 2919 3997 nosque
2960 3927 3350 3994 contineamus,
3378 3935 3433 3980 ut
3471 3927 3740 3995 possimus
3775 3926 3885 3982 hoc

2298 4018 2597 4089 pernicioso
2640 4016 2829 4072 morbo
2874 4016 3047 4084 liberi,
3092 4032 3314 4086 regnum
3359 4017 3609 4071 caelorum
3641 4018 3883 4086 assequi,

2295 4110 2462 4182 gratia
2492 4118 2547 4165 et
2576 4108 3008 4164 miserationibus
3035 4106 3291 4178 unigeniti
3321 4106 3461 4172 Filii,
3489 4107 3703 4175 quicum
3736 4107 3887 4161 Patri

2298 4212 2348 4256 et
2380 4198 2603 4270 Spiritui
2640 4207 2825 4253 sancto
2868 4198 3058 4269 gloria,
3094 4198 3395 4267 imperium,
3443 4197 3631 4261 honor,
3661 4213 3799 4253 nunc
3831 4207 3892 4254 et

2298 4306 2530 4361 semper,
2558 4299 2613 4346 et
2641 4290 2693 4345 in
2724 4289 2917 4344 saecula
2947 4288 3285 4342 saeculorum.
3313 4288 3505 4342 Amen.

622 4416 3877 4443 Μ

1955 4497 2298 4559 HOMILIA
2339 4497 2536 4559 XLII.

618 4654 747 4709 Cn.
786 4651 867 4707 l9.
900 4666 949 4703 v.
982 4649 1072 4704 2i.
1124 4646 1221 4703 His
1264 4656 1431 4702 autem
1468 4646 1697 4717 expletis,
1745 4644 2002 4715 proposuit
2054 4641 2193 4696 Pau-

692 4749 773 4801 lus
799 4746 848 4797 in
879 4742 1094 4813 Spiritu,
1127 4740 1339 4794 transito
1385 4736 1688 4791 Macedonia
1726 4746 1772 4789 et
1800 4735 1989 4789 Achaia
2015 4734 2089 4788 ire
2107 4732 2200 4787 Ie-

695 4834 1020 4904 rosolymam,
1052 4832 1220 4885 dicens
1244 4845 1263 4882 :
1306 4828 1578 4899 Postquam
1608 4828 1751 4896 [uero
1776 4826 1861 4893 ibi,
1900 4834 2093 4895 Oportet
2121 4840 2199 4878 me

698 4936 743 4981 et
777 4926 987 4979 Romam
1016 4922 1202 4975 videre.
1225 4918 1315 4973 22.
1346 4918 1557 4973 Mittens
1583 4927 1748 4972 autem
1772 4918 1824 4970 in
1854 4916 2199 4971 Macedoniam

700 5019 827 5070 duos
855 5030 918 5069 ea:
943 5011 1335 5066 ministrantibus
1375 5011 1467 5065 sibi
1496 5010 1813 5064 Timotheum
1851 5020 1897 5065 et
1938 5010 2197 5072 Erastum,

697 5110 808 5179 ipse
828 5105 1062 5161 remansit
1086 5104 1154 5158 ad
1174 5113 1368 5173 tempus
1388 5109 1438 5156 in
1472 5103 1611 5156 Asia.
1632 5102 1723 5157 25.
1757 5101 1914 5156 Facta
1940 5112 2009 5156 est
2036 5110 2202 5155 autem

698 5199 788 5254 filo
814 5208 1033 5268 tempore
1056 5195 1275 5249 turbatio
1303 5211 1400 5247 non
1430 5194 1638 5247 minima
1666 5194 1728 5247 de
1747 5194 1845 5246 via.

700 5291 753 5345 l.
797 5288 937 5343 Satis
964 5296 1202 5340 moratus
1234 5285 1287 5339 in
1318 5286 1406 5339 illa
1448 5284 1684 5350 civitate,
1723 5284 1835 5338 vult
1866 5283 2053 5338 iterum
2098 5281 2202 5337 alio

629 5381 899 5451 migrare:
926 5378 1048 5432 ideo
1079 5378 1239 5430 mittit
1274 5376 1615 5431 Timotheum
1643 5385 1696 5431 et
1722 5377 1968 5430 Erastum
2001 5376 2052 5429 in
2094 5374 2203 5429 Ma-

629 5472 929 5537 cedoniam,
960 5471 1075 5541 ipse
1103 5485 1233 5525 vero
1255 5476 1438 5524 manet
1458 5469 1677 5539 Ephesi.
1708 5468 1983 5536 Quomodo
2001 5478 2200 5532 autem,

632 5564 784 5617 initio
810 5564 997 5618 volens
1019 5563 1070 5617 in
1096 5562 1306 5632 Syriam
1340 5560 1511 5627 abire,
1558 5560 1611 5615 in
1641 5559 1997 5614 Macedoniam
2026 5575 2205 5615 revera

634 5654 799 5706 titur?
824 5653 893 5708 Ut
926 5652 1173 5708 ostendat
1200 5666 1257 5706 se
1299 5668 1406 5706 non
1448 5652 1625 5707 omnia
1672 5666 1735 5706 ex
1766 5652 1975 5720 propria
2007 5652 2203 5705 virtute

636 5741 831 5795 facere.
856 5741 970 5796 Jam
1000 5740 1281 5809 prophetat
1312 5740 1496 5795 dicens
1528 5759 1541 5794 :
1574 5740 1779 5809 Oportet
1808 5757 1886 5794 me
1914 5750 1957 5792 et
1988 5739 2202 5794 Romam

635 5830 821 5885 videre.
855 5829 969 5886 Hoc
993 5845 1120 5887 vero
1165 5829 1392 5885 fortasse
1427 5831 1570 5896 dicit,
1598 5840 1651 5885 ut
1679 5831 1981 5886 consoletur
2007 5845 2121 5900 eos,
2147 5844 2206 5888 ut

2304 4642 2393 4712 qui
2432 4655 2536 4696 non
2583 4636 2795 4696 maneat
2823 4641 3059 4711 quidem,
3090 4642 3183 4697 sed
3234 4656 3419 4699 rursus
3449 4644 3663 4701 vicinus
3700 4660 3894 4701 eorum

2306 4732 2511 4787 futurus
2536 4734 2627 4797 sit,
2656 4739 2709 4787 et
2738 4732 3015 4802 prophetia
3035 4732 3414 4803 discipulorum
3438 4738 3647 4791 animos
3668 4738 3897 4794 excitat.

2307 4823 2440 4879 Ilinc
2468 4823 2598 4879 mihi
2629 4823 2838 4879 videtur
2876 4823 3073 4893 Ephesi
3103 4824 3398 4880 Corinthiis
3439 4826 3676 4882 scribere
3715 4842 3780 4883 ac
3805 4830 3897 4884 di-

2304 4933 2426 4973 cere
2460 4935 2472 4972 :
2510 4916 2647 4971 Nolo
2689 4934 2774 4971 vos
2810 4918 3045 4988 ignorare
3084 4918 3148 4972 de
3191 4919 3511 4975 tribulatione
3550 4930 3745 4989 nostra,
3781 4939 3897 4992 qua

2308 5012 2441 5079 facta
2468 5021 2541 5065 est
2568 5011 2620 5064 in
2650 5010 2769 5064 Asia
2799 5009 2875 5080 (2.
2909 5008 3026 5064 Cor.
3051 5011 3103 5065 i.
3132 5010 3207 5082 8).
3237 5012 3371 5080 Quia
3400 5014 3542 5069 enim
3568 5015 3893 5085 promiserat

2306 5116 2363 5156 se
2393 5102 2707 5157 Corinthum
2750 5118 2869 5157 esse
2898 5111 3204 5172 venturum,
3251 5106 3395 5175 quod
3446 5121 3624 5161 moras
3668 5110 3895 5164 traxerit

2308 5208 2430 5249 sese
2460 5204 2666 5265 purgat,
2712 5204 2765 5250 et
2794 5196 3140 5251 tcntationem
3186 5206 3479 5263 memorat,
3530 5216 3649 5268 qua:
3698 5201 3894 5257 Deme-

2311 5286 2470 5341 trium
2498 5294 2742 5356 spectant
2773 5301 3051 5342 enarrans.
3087 5288 3237 5345 Hunc
3266 5290 3409 5346 enim
3442 5290 3749 5349 subindicat
3772 5310 3894 5350 cum

2308 5375 2435 5431 dicit
2457 5376 2813 5432 turbationem
2842 5393 2949 5432 non
2995 5378 3267 5433 minimam
3299 5379 3367 5436 de
3394 5380 3499 5435 via.
3524 5379 3730 5437 Russus
3756 5386 3892 5455 peri-

2308 5469 2510 5535 culum,
2540 5482 2723 5523 rursus
2754 5470 3007 5524 turbatio.
3034 5470 3224 5526 Viden'
3250 5488 3411 5542 quam
3437 5472 3507 5528 sit
3526 5476 3895 5544 conspicuus?

2308 5559 2471 5614 Facta
2509 5572 2631 5615 sunt
2664 5561 2810 5629 signa
2840 5560 3071 5631 duplicia
3105 5580 3118 5617 :
3152 5562 3225 5617 illi
3263 5577 3390 5618 vero
3434 5566 3890 5623 contradiccbant.

2309 5650 2397 5706 Sic
2430 5668 2523 5721 per
2550 5652 2725 5706 omnia
2768 5669 2856 5709 res
2895 5663 3271 5712 contexuntur.
3302 5657 3392 5711 24.
3438 5656 3729 5714 Demetrius
3768 5662 3897 5715 enim

2309 5742 2515 5811 quidam
2563 5742 2780 5807 nomine,
2828 5746 3176 5813 argentarius,
3224 5747 3413 5814 faciens
3460 5747 3597 5801 a‘des
3637 5762 3894 5820 argenteas

2312 5833 2513 5899 Dianw,
2550 5838 2819 5903 prwstabat
2856 5838 3133 5907 artiﬁcibus
3168 5854 3279 5908 non
3325 5839 3579 5894 modicum
3624 5852 3886 5912 qua-stunt.
