4076 6552
226 551 314 605 997

224 666 300 723 25.
334 663 465 730 Quos
489 670 794 721 convocans,
821 662 865 708 et
895 668 977 707 cos
1022 651 1108 717 qui
1151 644 1443 719 hujusmodi
1468 650 1607 696 erant
1634 639 1787 710 Opiﬁ-

222 775 313 819 ces.
361 755 486 810 dixit
510 768 530 808 :
569 751 696 816 Viri,
742 748 883 803 scitis
918 746 1037 815 quia
1067 758 1131 797 ea:
1161 744 1255 800 hoc
1282 738 1500 806 artiﬁcio
1537 744 1609 789 est
1647 733 1791 787 nobis

222 858 422 917 quastus
459 862 479 901 :
513 844 604 899 26.
650 852 696 896 et
736 839 911 893 videtis
954 846 1001 891 et
1052 834 1278 895 auditis,
1324 830 1444 900 quia
1486 843 1590 881 non
1627 823 1792 879 solum

223 940 414 1011 Ephesi,
438 937 527 992 sed
552 937 702 990 etiam
730 937 833 1004 fere
860 930 1013 984 totius
1050 926 1204 987 Asia,
1240 921 1439 976 Paulus
1462 919 1544 973 hic
1575 918 1794 971 suadens

210 1032 380 1086 avertit
410 1031 606 1084 turbam
633 1027 857 1087 multam,
892 1022 1061 1075 dicens
1088 1033 1107 1072 :
1140 1017 1261 1072 Non
1296 1024 1413 1070 sunt
1430 1011 1523 1075 dii,
1554 1020 1643 1081 qui
1680 1024 1791 1061 ma-

219 1124 349 1176 nibus
374 1120 608 1174 humanis
646 1119 793 1187 ﬁunt.
831 1114 922 1170 27.
968 1111 1089 1167 Νοη
1129 1110 1292 1164 solum
1321 1116 1486 1160 autem
1516 1105 1622 1157 hazc
1658 1103 1786 1172 peri.

218 1213 458 1267 clitabitur
484 1211 627 1265 nobis
651 1224 791 1279 pars,
821 1223 885 1261 ne
906 1206 962 1260 in
991 1202 1401 1275 confutationem.
1418 1197 1606 1261 ueniat,
1638 1194 1727 1249 sed
1745 1202 1793 1247 et

218 1321 274 1360 ne
303 1319 495 1375 magna
530 1302 639 1355 deus
681 1299 861 1352 Diana:
899 1295 1139 1366 templum
1179 1308 1271 1361 pro
1311 1289 1473 1345 nihilo
1510 1293 1790 1357 reputatur,

218 1397 581 1464 destruetuqu
616 1392 857 1461 majestas
880 1389 1011 1459 ejus,
1034 1401 1185 1453 quam
1211 1393 1316 1438 tota
1342 1382 1467 1436 Asia
1490 1390 1536 1436 et
1557 1378 1691 1434 orbis
1715 1394 1795 1432 co-

214 1486 287 1541 lit.
312 1484 547 1549 Faciens,
567 1483 758 1554 inquit,
780 1480 913 1535 cedes
932 1488 1195 1548 argenteas
1220 1476 1421 1529 Diana.
1442 1474 1508 1528 Et
1523 1473 1793 1543 quomodo

216 1586 429 1649 possunt
481 1575 626 1631 sedes
668 1581 940 1644 argentea:
991 1568 1149 1624 ﬁeri?
1194 1568 1358 1623 Forte
1398 1565 1549 1636 quasi
1588 1563 1791 1618 ciboria

215 1686 403 1740 parva:
435 1684 658 1740 magnus
686 1666 827 1722 enim
866 1664 963 1734 ipsi
998 1662 1172 1716 honor
1199 1668 1318 1716 erat
1347 1657 1567 1727 Ephesi,
1597 1656 1684 1711 ubi
1730 1655 1794 1709 il-

216 1762 376 1817 lorum
402 1762 622 1816 incenso
651 1758 849 1828 templo
876 1758 947 1811 ita
980 1755 1225 1817 doluere,
1252 1762 1310 1807 ut
1336 1767 1404 1807 ne
1433 1764 1629 1805 nomen
1669 1748 1790 1818 qui-

213 1850 327 1907 dem
351 1851 491 1921 ejus,
537 1850 627 1921 qui
670 1847 1046 1912 suecenderat,
1090 1843 1317 1915 proferri
1349 1842 1623 1913 juberent.
1658 1838 1794 1894 Vide

214 1943 400 2013 ubique
426 1940 783 1997 idololatriam
814 1954 843 1994 a
876 1937 1119 2009 pecuniis
1148 1946 1420 1991 constare.
1454 1933 1521 1988 Et
1564 1930 1639 1986 illi
1668 1944 1793 2001 pro-

212 2045 325 2105 pter
366 2036 640 2107 pecunias,
694 2042 749 2088 et
785 2032 873 2089 hic
910 2042 1133 2103 propter
1178 2027 1473 2100 pecunias:
1504 2040 1610 2079 non
1639 2024 1790 2095 quasi

214 2128 459 2197 religione
508 2126 877 2197 periclitante,
928 2122 1021 2178 sed
1067 2121 1217 2191 quasi
1258 2127 1465 2191 qumstu
1512 2116 1790 2171 materiam

212 2234 312 2274 non
342 2219 589 2275 habente.
635 2218 702 2273 Et
751 2216 1022 2289 perpende
1066 2215 1165 2270 viri
1210 2212 1618 2284 malignitatem.
1649 2209 1794 2279 Opu-

214 2312 379 2368 lentus
423 2313 513 2368 ille
542 2322 679 2377 erat,
711 2321 765 2368 et
794 2310 921 2365 hinc
948 2310 1023 2365 illi
1058 2324 1163 2363 non
1196 2316 1398 2362 tantum
1426 2305 1681 2364 damnum
1714 2304 1795 2358 fu-

212 2412 381 2457 turum
408 2413 561 2469 erat;
606 2404 711 2458 illis
752 2416 903 2464 vero,
951 2409 1140 2471 utpote
1183 2398 1511 2470 pauperibus
1538 2396 1789 2461 multum,

210 2496 295 2565 qui
322 2495 515 2551 diurno
554 2503 761 2568 quaestu
800 2495 1000 2549 victum
1036 2491 1593 2563 pa‘rarent.‘Attamcn
1629 2488 1683 2542 hi
1716 2486 1799 2541 ni-

212 2587 283 2643 hil
331 2588 535 2655 dicunt,
589 2588 688 2644 sed
735 2587 827 2643 ille
871 2595 1074 2641 tantum
1110 2600 1123 2637 :
1156 2585 1292 2639 artis
1323 2597 1451 2639 vero
1495 2580 1629 2637 socii
1671 2594 1792 2635 cum

211 2687 425 2746 essent,
473 2678 731 2734 tumultus
775 2684 1056 2733 consortes
1095 2675 1343 2730 assumit.
1391 2671 1595 2728 Deinde
1632 2670 1793 2726 etiam

212 2768 498 2839 periculum
528 2771 891 2840 exaggeravit,
921 2767 1143 2823 dicens:
1171 2764 1299 2820 Hcce
1320 2764 1633 2835 periclitatur
1654 2760 1797 2815 nobis

210 2879 345 2931 pars,
388 2878 451 2916 ne
477 2864 532 2915 in
570 2861 966 2931 canfutationem
1009 2858 1222 2913 incidat.
1269 2857 1380 2911 Hoc
1404 2856 1549 2911 enim
1580 2853 1693 2909 fere
1718 2853 1795 2907 si-

210 2951 458 3019 gniﬁcat:
488 2950 570 3007 Ab
598 2952 698 3007 hac
739 2958 854 3006 arte
882 2951 935 3004 in
976 2948 1171 3003 famem
1202 2946 1377 3002 delabi
1412 2944 1794 3015 periclitamur.

212 3044 366 3113 Atqui
397 3051 649 3113 poterant
696 3040 835 3097 dicta
868 3041 958 3097 illa
986 3042 1132 3110 ipsos
1176 3038 1244 3093 ad
1290 3038 1433 3108 piam
1482 3036 1797 3107 religionem

212 3134 473 3191 adducere
499 3151 515 3201 ;
548 3133 643 3190 sed
676 3134 858 3190 miseri
887 3147 950 3189 ac
978 3133 1111 3187 viles
1134 3148 1257 3186 cum
1285 3138 1487 3195 essent,
1518 3133 1800 3198 insurgunt

214 3228 397 3300 magis,
432 3244 532 3285 nec
556 3229 815 3300 cogitant,
844 3228 889 3282 si
919 3226 1008 3281 hic
1037 3225 1199 3280 homo
1227 3225 1347 3279 talia
1386 3225 1574 3294 possit,
1604 3232 1662 3277 ut
1685 3237 1803 3276 om-

214 3333 306 3374 nes
333 3327 620 3375 convertat
645 3326 698 3373 et
737 3318 811 3373 dii
849 3318 1239 3388 periclitentur,
1268 3325 1505 3385 quantus
1544 3314 1615 3370 sit
1658 3315 1801 3369 illius

215 3411 351 3467 Deus
384 3431 398 3466 :
428 3422 486 3469 et
512 3410 657 3483 quod
685 3410 853 3467 multo
881 3411 1049 3482 magis
1078 3412 1195 3480 ipse
1220 3409 1377 3465 nobis
1399 3409 1487 3463 illa
1516 3408 1680 3473 dabit,
1705 3418 1802 3477 pro

216 3505 401 3574 quibus
442 3507 718 3561 timemus.
766 3504 885 3560 1am
928 3500 1414 3576 praeoccupaverat
1437 3502 1647 3556 illorum
1688 3501 1801 3555 ani-

216 3610 326 3651 mos
352 3638 369 3663 ,
414 3597 604 3653 dicens
633 3614 647 3651 :
698 3594 820 3651 Non
875 3606 993 3650 sunt
1040 3596 1147 3662 dii,
1179 3597 1264 3666 qui
1292 3596 1525 3649 manibus
1566 3595 1803 3648 humanis

217 3687 363 3753 ﬁunt.
398 3687 533 3743 Vide
583 3702 682 3757 pro
719 3704 821 3759 qua
860 3702 920 3743 re
968 3687 1310 3758 indignentur
1359 3686 1587 3760 gentiles
1626 3704 1640 3740 :
1678 3688 1801 3757 quia

220 3778 428 3833 dixerat
456 3796 470 3832 :
498 3778 601 3846 Qui
629 3780 692 3834 ab
720 3778 1006 3834 hantinibus
1053 3777 1173 3849 facti
1225 3787 1362 3845 sunt,
1409 3794 1511 3832 non
1543 3786 1661 3831 sunt
1707 3776 1799 3831 dii.

220 3866 424 3939 Ubique
452 3869 506 3924 in
536 3883 709 3925 artem
750 3885 1056 3925 sermonem
1087 3869 1374 3924 convertit.
1420 3868 1621 3924 Deinde
1662 3867 1802 3937 quod

217 3963 446 4018 maxime
477 3965 530 4018 in
563 3978 818 4034 angorem
848 3964 1116 4031 conjicere
1142 3970 1373 4033 poterat,
1400 3962 1548 4027 dicit,
1582 3959 1704 4015 Non
1722 3976 1805 4015 so-

218 4051 320 4107 lum
345 4054 455 4109 hcce
474 4071 597 4126 pars
628 4054 944 4123 periclitatur
960 4069 981 4118 ,'
1010 4054 1062 4108 id
1092 4062 1197 4119 est,
1226 4052 1455 4108 aliorum
1481 4052 1636 4107 nobis
1660 4051 1805 4107 nulla

216 4160 339 4201 cura
362 4157 468 4213 est,
501 4146 596 4202 sed
624 4147 764 4216 quod
811 4162 1015 4217 magna:
1041 4146 1157 4202 dea:
1200 4146 1380 4201 Diana:
1412 4147 1668 4216 templum
1706 4146 1805 4202 de-

216 4239 347 4293 strui
380 4240 738 4310 periclitetur.
772 4239 973 4294 Deinde
996 4254 1064 4294 ne
1086 4238 1331 4294 videatur
1354 4239 1482 4294 lucri
1508 4221 1808 4294 causalitec

216 4330 413 4398 dicere,
445 4330 572 4386 vide
594 4330 718 4400 quid
739 4330 899 4385 addat
923 4349 936 4385 :
960 4330 1123 4398 Quam
1148 4332 1283 4385 orbis
1304 4332 1443 4385 colit.
1469 4330 1657 4385 Vidcn'
1677 4346 1810 4400 quo-

218 4421 376 4476 modo
401 4422 663 4492 majorem
681 4422 927 4482 ostendat
946 4422 1096 4476 Pauli
1116 4422 1389 4488 virtutem,
1407 4436 1594 4477 omnes
1613 4438 1810 4476 ternm-

218 4529 377 4571 nosos
401 4524 459 4571 et
514 4515 741 4570 miseros
766 4516 887 4570 illos
928 4515 1238 4582 ostendens,
1284 4516 1329 4570 si
1357 4514 1519 4569 homo
1549 4515 1732 4585 pulsus
1755 4522 1810 4569 et

221 4608 577 4662 tentoriorum
604 4607 796 4661 artifex
824 4607 948 4661 talia
980 4607 1195 4677 potem?
1236 4605 1369 4661 \‘ide
1400 4606 1705 4662 testimonia
1742 4605 1810 4660 de

218 4701 478 4770 apostolis
504 4701 575 4755 ab
603 4700 733 4772 ipsis
763 4700 993 4755 inimicis
1022 4700 1251 4755 reddita.
1288 4700 1399 4756 Illic
1424 4700 1639 4771 quidem
1660 4699 1809 4755 dice-

219 4790 343 4846 bant
369 4810 383 4846 :
414 4792 551 4848 Ecce
573 4793 793 4863 impletis
815 4791 1100 4847 Jerusalem
1125 4791 1359 4846 doctrina
1384 4802 1546 4846 vestra
1568 4791 1707 4861 (Act.
1748 4792 1805 4847 5.

220 4882 342 4953 28);
368 4884 476 4950 hic,
509 4884 765 4938 Futurum
793 4894 886 4951 est,
915 4893 970 4937 ut
995 4883 1288 4938 destruatur
1313 4882 1499 4937 Diana:
1524 4885 1763 4955 majestas
1791 4899 1812 4937 .'

224 4977 688 5038 tunciaudiebant,
720 4976 822 5044 Qui
850 4975 1195 5031 subuerterant
1224 4975 1395 5030 orbem
1424 4985 1694 5039 terrarum,
1731 4976 1813 5028 hic

222 5071 405 5127 adsunt
437 5070 604 5137 (Ibid.
639 5071 721 5125 l7.
779 5072 877 5139 6);
931 5085 1094 5136 nunc,
1141 5068 1470 5124 Periclitatur
1515 5070 1658 5124 nobis
1706 5068 1813 5124 hate

226 5179 341 5231 pars
362 5165 417 5218 in
448 5164 844 5234 oonfutationem
869 5163 1055 5217 uenire.
1086 5161 1178 5218 Sic
1204 5161 1374 5217 Judaei
1404 5161 1472 5217 de
1497 5162 1710 5216 Christo
1728 5162 1814 5216 di-

224 5254 461 5311 cebant:
502 5254 681 5310 Videte
722 5255 857 5325 quod
906 5254 1127 5309 mundus
1177 5263 1289 5324 post
1331 5254 1499 5326 ipsum
1523 5253 1706 5319 vadat;
1735 5263 1811 5319 et,

238 5344 441 5402 Venient
464 5348 707 5403 Romani.
728 5359 775 5401 et
794 5348 968 5401 tollent
988 5357 1211 5403 nostram
1240 5348 1487 5402 civitatem
1518 5346 1697 5415 (Joan.
1726 5349 1811 5403 1‘3.

229 5439 315 5495 19.
338 5452 386 5496 et
419 5443 507 5497 11.
541 5440 657 5513 48).
692 5440 790 5496 llis
817 5453 983 5497 autem
1009 5442 1219 5509 auditis,
1265 5442 1446 5513 repleti
1473 5452 1589 5496 sunt
1622 5446 1812 5513 furore.

230 5530 379 5587 Unde
403 5532 558 5587 furor
584 5532 671 5588 ille
691 5534 715 5585 τ
739 5533 961 5599 Quando
985 5532 1053 5588 de
1080 5534 1245 5587 Diana
1265 5533 1569 5597 audierunt,
1602 5533 1818 5603 quando

228 5622 295 5677 de
324 5623 457 5679 lucri
480 5623 713 5694 jactura.
742 5623 888 5679 Talis
916 5623 1057 5680 enim
1103 5624 1397 5679 forensium
1435 5638 1551 5679 mos
1580 5634 1684 5692 est,
1711 5624 1815 5679 levi

229 5713 295 5769 de
318 5729 480 5770 causa
509 5714 681 5784 abripi
711 5725 763 5770 et
794 5716 1033 5772 accendt.
1062 5716 1265 5771 Idcirco
1284 5732 1404 5771 cum
1426 5718 1675 5772 examine
1702 5732 1818 5771 om-

232 5808 314 5863 nia
358 5819 490 5865 sunt
537 5809 765 5879 agenda.
799 5810 931 5865 Vide
974 5819 1151 5866 autem
1178 5826 1335 5881 quam
1368 5810 1695 5882 despiciendi
1724 5827 1813 5865 es-

230 5913 367 5965 sent,
391 5902 482 5973 qui
511 5902 582 5957 ab
600 5902 847 5959 omnibus
872 5914 1359 5961 commoverentur.
1384 5906 1477 5961 28.
1508 5904 1607 5961 His
1631 5906 1818 5959 auditis

231 5994 404 6063 repleti
428 6004 549 6051 sunt
579 5994 677 6063 ira,
706 6004 753 6050 et
772 5996 1194 6066 exclamaverunt,
1228 5995 1419 6069 Magna
1445 5997 1612 6053 Diana
1644 5997 1817 6072 Ephe‘

1204 529 1269 585 IN
1302 526 1485 583 ACTA
1532 515 2054 579 APOSTODORUM.
2096 514 2323 571 ηολιη..
2367 511 2523 569 XL".

3383 512 3490 569 298

1893 634 2225 691 siarum!29.
2255 632 2319 687 Et
2345 633 2553 700 impleta
2578 641 2648 683 est
2684 631 2861 685 ciuitas
2887 631 3191 703 confusione
3213 649 3233 687 :
3259 646 3304 685 ct
3330 636 3492 702 impe-

1895 740 1998 782 tum
2028 731 2251 798 fecerunt
2278 744 2379 779 uno
2406 726 2576 778 animo
2600 724 2651 777 in
2672 723 2945 778 theatrum.
2972 724 3140 793 Rapta
3168 734 3336 778 autem
3361 724 3491 779 Gaio

1896 834 1939 874 et
1963 820 2254 874 Aristarcho
2288 815 2671 878 Macedonibus,
2728 814 2881 870 Pauli
2908 816 3196 882 comitibus,
3224 825 3493 871 traxerunt

1894 920 2031 964 :tias.

1964 1003 2017 1056 9..
2037 1003 2166 1058 Sine
2194 1018 2355 1058 causa
2374 1018 2561 1058 rursus
2587 1001 2846 1057 invadunt
2862 1003 3001 1057 sicut
3017 1002 3268 1058 iasonem
3289 1002 3488 1067 Judaei,

1896 1104 1950 1147 et
1976 1095 2170 1164 ubique
2186 1096 2503 1166 suntparati
2532 1111 2547 1150 :
2577 1097 2645 1150 ita
2670 1096 2882 1150 nullam-
2896 1096 2979 1150 vel
3010 1095 3200 1165 gloria:
3228 1094 3313 1150 vel
3336 1095 3495 1149 lania:

1897 1187 2161 1241 rationein
2194 1187 2483 1242 habebant.
2517 1187 2609 1243 50.
2660 1186 2827 1241 Paulo
2860 1199 3028 1242 autem
3076 1187 3273 1242 uolente
3301 1188 3497 1240 intrare

1896 1280 1950 1333 in
1988 1284 2255 1349 populum,
2307 1297 2409 1334 non
2453 1282 2786 1350 permiserunt
2834 1281 3094 1350 discipuli.
3134 1282 3225 1337 51.
3271 1281 3495 1349 Quidam

1895 1383 2065 1426 autem
2094 1374 2159 1427 de
2179 1375 2313 1427 Asia:
2336 1374 2788 1445 princip‘ibns,qui
2812 1385 2955 1428 erant
2984 1375 3093 1444 ejns
3119 1375 3290 1438 amici,
3336 1376 3493 1431 mise-

1895 1476 2014 1518 runt
2043 1465 2112 1518 ad
2140 1482 2254 1519 eunt
2281 1477 2535 1537 vagantes,
2569 1483 2632 1519 ne
2656 1484 2708 1521 se
2726 1469 2868 1521 daret
2896 1468 2949 1521 in
2978 1469 3253 1524 theatrum.
3283 1469 3498 1541 Rogant

1896 1559 2019 1626 quia
2071 1558 2338 1612 incondita
2385 1558 2538 1613 turba
2577 1569 2713 1627 erat,
2738 1575 2857 1633 qua;
2880 1575 3027 1617 casco
3071 1562 3271 1633 impetu
3312 1565 3491 1619 omnia

1897 1651 2149 1706 audebat.
2193 1651 2261 1707 Et
2299 1650 2498 1708 Paulus
2542 1630 2881 1723 obtempera.“
2925 1630 3161 1725 :neque'
3191 1658 3334 1711 enim
3377 1668 3497 1713 erat

1897 1758 2050 1798 vanas
2072 1744 2257 1813 glorias
2302 1745 2532 1814 cupidus
2574 1746 2658 1799 vel
2705 1746 3041 1801 ambitiosus.
3070 1747 3159 1802 ‘52.
3189 1748 3293 1803 Alii
3328 1750 3497 1819 itaque

1896 1835 2043 1889 aliud
2070 1836 2355 1890 clamabant
2384 1853 2403 1891 :
2428 1846 2535 1890 erat
2556 1838 2743 1907 quippe
2758 1839 3119 1909 incompositus
3152 1853 3329 1896 castus.
3352 1842 3497 1898 Talis

1895 1935 1982 1981 est
2003 1927 2155 1981 turba
2176 1929 2388 1997 populi:
2420 1937 2621 1984 temere
2643 1932 2901 2001 sequitur,
2922 1932 3060 1986 sicut
3088 1934 3225 2003 ignis
3252 1934 3305 1988 in
3335 1935 3498 2005 stipu-

1899 2017 2005 2072 lam
2030 2019 2289 2074 incidens.
2320 2019 2563 2091 Plerique
2593 2032 2759 2076 autem
2791 2023 3077 2078 nesciebant
3106 2044 3197 2079 cur
3229 2030 3495 2084 convenis-

1896 2110 2129 2164 sent.35.
2153 2108 2393 2163 Deturba
2405 2121 2572 2165 autem
2601 2112 2928 2168 detraxerunt
2970 2115 3339 2186 Alexandrum,
3375 2138 3494 2189 pro-

1898 2202 2201 2271 pellentibus
2234 2219 2347 2263 eum
2372 2200 2590 2258 ludatis.
2624 2206 3001 2277 Propellebaut
3026 2210 3195 2266 Judaei
3223 2229 3286 2269 ex
3315 2214 3494 2270 divina

1898 2294 2322 2363 dispensatione,
2374 2304 2431 2350 ut
2482 2296 2615 2350 nihil
2658 2309 2877 2367 possent
2917 2301 3055 2356 ultra
3100 2297 3495 2363 contradicere.

1900 2386 2000 2440 llic
2030 2388 2368 2457 propellitur,
2399 2389 2651 2461 loquitur,
2685 2404 2738 2447 et
2760 2395 2886 2464 quid
2914 2395 3056 2452 dicat
3080 2399 3229 2456 andi.
3264 2401 3497 2458 Aleman-

1899 2480 1992 2534 dcr
2017 2490 2182 2534 autem
2210 2498 2366 2535 manu
2391 2484 2589 2538 silentio
2636 2486 2913 2555 postulato,
2936 2489 3133 2545 volebat
3173 2492 3388 2549 reddere
3410 2514 3499 2551 ra-

1900 2570 2087 2624 tionem
2114 2571 2325 2641 populo.
2349 2573 2439 2627 54.
2473 2572 2632 2641 Quem
2656 2585 2711 2629 ut
2738 2592 3077 2650 cognoverunt
3100 2582 3344 2641 Judaeum
3364 2604 3495 2656 esse,

1897 2677 2000 2715 vox
2038 2664 2173 2733 facta
2212 2674 2287 2717 est
2332 2681 2434 2718 una
2475 2668 2723 2735 omnium,
2751 2672 2901 2741 quasi
2926 2672 2996 2725 ad
3022 2673 3150 2728 duas
3198 2676 3352 2733 horas
3391 2680 3500 2735 cla-

1899 2758 2147 2810 amntium
2179 2772 2199 2811 :
2242 2757 2432 2830 Magna
2471 2758 2645 2815 Diana
2688 2761 3065 2832 Ephesiorum!
3091 2767 3321 2826 Puerilis
3372 2788 3501 2829 vero

1900 2860 2057 2904 mens
2089 2865 2104 2903 :
2131 2852 2284 2920 quasi
2332 2852 2604 2919 timentes,
2645 2870 2712 2909 ne
2757 2857 3187 2928 cxstingueretur
3205 2864 3501 2921 eultuseo-

1901 2955 2048 3008 rum,
2072 2942 2381 3013 frequenter
2395 2944 2720 3001 clamabant.
2748 2946 2828 3002 Ad
2856 2947 2991 3004 duos
3020 2965 3193 3008 annos
3211 2953 3317 3011 illic
3336 2955 3499 3024 sedit,

1901 3044 1959 3091 et
1987 3034 2109 3091 vide
2152 3046 2281 3107 quot
2309 3038 2486 3092 adhuc
2519 3038 2769 3109 gentiles.
2799 3041 2891 3097 55.
2919 3041 3046 3097 Cum
3082 3056 3253 3100 autem
3277 3049 3503 3105 sedasset

1902 3127 2071 3180 scriba
2118 3129 2311 3195 turbas,
2349 3129 2477 3184 dixit
2508 3146 2527 3184 :
2556 3129 2666 3185 Viri
2711 3121 2944 3204 Ephesii,
2987 3137 3101 3206 quis
3124 3149 3196 3193 est
3241 3140 3503 3198 hominum

1902 3219 1990 3289 qui
2002 3218 2553 3288 nesciat,Ephesiorunt
2572 3222 2822 3278 ciuitatem
2843 3243 3042 3297 magna!
3062 3226 3246 3285 Diana:
3258 3248 3367 3287 esse
3382 3251 3507 3289 neo-

1905 3326 2079 3365 coram
2115 3322 2164 3365 et
2183 3311 2414 3383 Diopetis
2438 3314 2465 3368 2
2487 3314 2601 3371 Hoc
2628 3319 2856 3386 primum
2888 3320 3125 3378 furorem
3156 3325 3371 3383 illorum
3399 3344 3501 3385 ex-

1906 3402 2114 3457 stinxit.
2144 3401 2215 3458 Et
2236 3403 2487 3475 Diopetis.
2520 3407 2635 3463 Hoc
2662 3410 2831 3478 dicit,
2860 3428 2985 3470 cum
3015 3430 3121 3471 non
3166 3420 3236 3474 sit
3275 3437 3361 3477 res
3388 3440 3506 3478 ina-

1907 3495 2122 3553 nifesta.
2174 3501 2334 3556 Aliud
2375 3516 2589 3558 sacrum
2640 3506 2710 3560 ita
2754 3510 3050 3565 vocabatur
3091 3513 3343 3584 Diopetes
3376 3537 3389 3572 :
3418 3521 3505 3576 vel

1908 3591 2108 3646 idolum
2138 3592 2321 3650 Diana:
2353 3596 2603 3665 Di0pcles
2634 3601 2917 3669 vocabant,
2949 3605 3092 3674 quod
3119 3622 3183 3661 ex
3210 3608 3345 3665 Jove
3373 3622 3506 3668 testa

1908 3681 1999 3736 illa
2047 3682 2265 3754 delapsa
2308 3697 2474 3751 esset,
2506 3704 2607 3744 nec
2632 3690 2699 3746 ab
2727 3692 2943 3748 homine
2992 3697 3125 3751 facta
3151 3698 3340 3757 fuisset
3374 3721 3388 3757 :
3420 3705 3507 3759 vel

1909 3774 2051 3869 aliud
2082 3776 2282 3833 idolum
2313 3780 2453 3848 apud
2498 3782 2617 3846 illos
2645 3786 2725 3839 sic
2748 3788 3061 3844 vocabatur.
3092 3791 3183 3847 56.
3215 3793 3342 3848 Cum
3387 3815 3510 3869 ergo

1911 3866 1988 3920 his
2016 3868 2297 3922 contradici
2332 3888 2435 3925 non
2485 3875 2661 3941 possit,
2695 3887 2889 3944 oportet
2919 3895 3006 3933 vos
3048 3883 3251 3939 sedatos
3300 3903 3428 3953 esse,
3444 3866 3510 3944 “et

1911 3959 2042 4013 nihil
2061 3970 2243 4016 temere
2263 3978 2429 4034 agere.
2465 3965 2555 4019 57.
2580 3966 2881 4023 Adduxistis
2902 3972 3034 4025 enim
3063 3975 3196 4029 viros
3239 3977 3331 4031 hos
3353 3998 3512 4050 neque

1910 4052 2204 4124 sacrilegos,
2238 4072 2398 4125 neque
2441 4056 2845 4128 blasphemantes
2889 4064 3036 4119 deant
3076 4078 3311 4126 uestram.
3343 4074 3507 4146 Atqui

1912 4153 2080 4200 telum
2108 4147 2443 4204 mendacium
2461 4158 2580 4205 est.
2608 4152 2706 4207 ista
2727 4162 2904 4209 autem
2933 4157 2998 4210 ad
3021 4161 3275 4229 populum
3291 4179 3511 4237 compe-

1912 4238 2168 4293 scendam
2194 4239 2344 4299 dixit.
2364 4242 2453 4298 58.
2501 4244 2651 4312 Quod
2675 4247 2719 4301 si
2747 4246 3033 4305 Demetrius
3054 4293 3068 4315 ,
3097 4264 3145 4309 et
3176 4256 3265 4325 qui
3298 4275 3413 4313 cunt
3448 4280 3508 4316 eo

1912 4341 2029 4384 sunt
2053 4334 2293 4402 artiﬁces,
2319 4334 2504 4390 habent
2531 4338 2772 4394 adversus
2788 4342 3010 4411 aliquant
3035 4363 3265 4415 causam,
3290 4368 3510 4408 conven-

1913 4431 1993 4475 tus
2018 4424 2239 4493 forenses
2255 4434 2493 4496 aguntur,
2509 4436 2555 4482 et
2580 4434 2907 4499 proconsules
2931 4446 3052 4490 sunt
3083 4454 3103 4492 :
3126 4453 3363 4497 accusent
3380 4446 3505 4500 inui-

1915 4528 2040 4567 cem.
2056 4514 2145 4569 59.
2166 4515 2229 4571 Si
2246 4518 2372 4587 quid
2384 4530 2554 4573 autem
2579 4521 2643 4575 de
2661 4524 2777 4577 aliis
2794 4525 2941 4581 rebus
2954 4531 3199 4600 quaeritis,
3214 4535 3267 4588 in
3284 4535 3511 4608 legitimo

1914 4618 2156 4661 conventu
2168 4610 2407 4665 solvetur.
2424 4614 2513 4668 40.
2535 4613 2675 4669 Nam
2692 4628 2738 4671 et
2764 4620 3113 4688 periclitamur
3130 4630 3281 4700 argui
3301 4633 3513 4689 seditio-

1915 4702 1993 4754 nis
2014 4702 2289 4769 hodiernte,
2310 4722 2425 4760 cum
2446 4708 2589 4763 nulla
2602 4710 2667 4764 sit
2683 4728 2855 4779 causa,
2880 4716 3014 4771 unde
3031 4720 3284 4786 possimus
3302 4725 3516 4783 reddere

1915 4795 2161 4849 rationem
2206 4798 2357 4867 hujus
2399 4802 2663 4857 tnntultus.
2706 4803 2772 4859 Et
2817 4807 2897 4863 his
2921 4810 3069 4867 dictis
3112 4823 3295 4871 ctutum
3341 4820 3511 4878 soluit.

1916 4885 2234 4957 Legitimum
2261 4905 2586 4950 conventum
2624 4897 2773 4953 dicit.
2816 4899 2949 4956 Nam
2999 4907 3294 4964 secundum
3336 4912 3509 4982 legem

1919 4989 2031 5037 tres
2085 4997 2383 5040 conventus
2431 4987 2629 5044 ﬁebant
2668 4993 2891 5063 singulis
2918 5000 3195 5057 mensibus
3223 5019 3240 5059 :
3270 5002 3357 5061 hic
3383 5023 3517 5063 vero

1918 5086 2218 5133 conventus
2268 5080 2578 5151 illegitimus
2620 5096 2754 5140 erat.
2791 5089 2999 5145 Deinde
3043 5095 3399 5156 terruit'illos
3431 5102 3515 5157 di-

1918 5182 2049 5222 cens
2080 5186 2093 5221 :
2128 5168 2424 5226 Periculum
2469 5185 2573 5239 est,
2622 5193 2686 5231 ne
2733 5194 3030 5235 accusemur
3068 5184 3353 5243 seditionis.
3403 5190 3510 5246 Sed

1920 5261 2167 5330 superius
2193 5261 2334 5317 dicta
2363 5274 2687 5334 repetamus.
2730 5268 2827 5325 His
2854 5275 3136 5343 completis,
3160 5278 3354 5349 inquit,
3388 5300 3514 5351 pro-

1922 5355 2088 5422 posuit
2114 5354 2315 5410 Paulus
2336 5358 2386 5409 in
2412 5358 2631 5426 Spiritu,
2658 5365 2871 5417 transitu
2902 5365 3206 5424 Macedonia
3226 5381 3275 5426 et
3293 5372 3515 5442 Achaia,

1919 5448 1993 5501 ire
2019 5446 2415 5519 Jerosolymam.
2445 5450 2557 5505 Non
2593 5452 2702 5522 jam
2736 5454 2968 5512 humana
3008 5462 3217 5517 ratione
3259 5466 3388 5535 agit,
3417 5470 3516 5523 sel

1922 5537 2257 5625 gpiritunpto
2291 5543 2519 5598 transire
2540 5544 2781 5601 decrevit
2813 5569 2826 5601 :
2856 5549 2905 5603 id
2932 5552 3072 5605 enim
3099 5553 3198 5609 sibi
3222 5557 3335 5610 vult
3359 5559 3509 5625 illud,

1925 5618 2223 5701 Proposuit,
2252 5642 2308 5688 et
2348 5634 2437 5691 hic
2482 5646 2566 5692 est
2606 5638 2871 5696 dictorum
2916 5658 3128 5701 sensus.
3182 5646 3293 5704 Cur
3337 5618 3514 5709 autem

1924 5722 2101 5777 mittat
2146 5724 2487 5783 Timotheum
2520 5739 2574 5785 et
2616 5731 2887 5800 Erastum,
2939 5752 3044 5790 non
3089 5738 3265 5795 dicit:
3300 5744 3515 5800 videtur

1925 5824 2102 5871 autem
2148 5817 2277 5872 mihi
2322 5820 2482 5875 etiam
2530 5822 2595 5877 de
2644 5824 2747 5879 hoc
2786 5827 2912 5893 dici,
2942 5828 3011 5883 In
3037 5830 3259 5901 Spiritu.
3295 5836 3518 5908 Propter

1923 5910 2059 5978 quod
2098 5927 2201 5966 non
2244 5916 2541 5972 sustinentes
2581 5921 2821 5989 amplius,
2848 5923 3041 5993 placuit
3080 5928 3222 5984 nobis
3260 5948 3517 5989 remanere

1930 6002 2157 6074 Athenis,
2189 6009 2309 6064 solis
2336 6007 2413 6079 (l.
2455 6008 2629 6067 Thess.
2665 6014 2717 6069 5.
2757 6017 2829 6087 t).
2866 6015 2934 6071 Ει
2980 6019 3121 6086 vide,
3152 6021 3287 6081 duos
3318 6041 3383 6083 ex
3415 6029 3514 6083 mi-
