4070 6528
611 593 793 651 nistris
822 592 933 648 suis
960 590 1127 657 misit,
1147 598 1202 644 ut
1228 598 1283 645 et
1308 588 1590 643 adventum
1618 602 1770 642 suum
1801 586 2177 640 annuntiarent

607 697 660 742 cl
681 686 1033 756 promptiores
1050 684 1167 738 illos
1196 681 1511 737 redderent.
1534 681 1758 734 Maxime
1778 682 1827 732 in
1852 679 1974 733 Asia
1994 692 2176 731 versa-

611 789 695 831 tur
715 794 730 835 :
749 788 805 832 et
830 777 1022 831 merito
1049 794 1061 825 :
1092 776 1197 830 illic
1214 774 1352 828 enim
1371 783 1719 842 eratmagnus
1741 770 2174 840 philosophorum

605 880 799 925 coetus.
830 870 892 925 Et
916 869 1165 933 veniens,
1198 880 1382 921 rursus
1409 866 1527 920 illos
1548 864 1914 935 alloquebatur
1943 883 1956 918 :
1985 879 2175 934 magna

607 964 801 1033 quippe
828 962 934 1015 illic
957 971 1071 1017 erat
1091 960 1418 1029 superstitio.
1462 957 1745 1013 Demetrius
1773 959 1907 1011 enim
1942 959 2171 1026 quidam,

608 1054 797 1123 inquit,
828 1050 1139 1119 argentarius
1163 1049 1383 1103 collectis
1410 1049 1554 1102 istius
1574 1050 1697 1101 artis
1717 1046 1981 1115 opiﬁcibus
2010 1048 2176 1101 dixit:

616 1144 743 1210 Viri,
772 1143 911 1198 scitis
940 1150 986 1195 ct
1008 1141 1184 1195 videtis
1210 1152 1259 1194 et
1287 1140 1509 1203 auditis;
1544 1140 1614 1192 ita
1652 1138 1989 1192 manifestum
2042 1134 2173 1190 illud

604 1244 718 1288 erat
749 1249 762 1285 :
793 1232 927 1301 quod
955 1231 1036 1283 hic
1071 1228 1263 1283 Paulus
1295 1229 1511 1283 suadens
1550 1228 1783 1282 subvertit
1828 1228 2039 1281 multam
2067 1237 2174 1279 tur-

604 1326 733 1377 bam.
763 1322 940 1391 itaque
963 1337 1065 1375 non
1091 1322 1369 1384 violenter,
1394 1320 1437 1373 si
1461 1320 1627 1373 suasit
1656 1338 1671 1375 ε
1705 1319 1774 1374 ita
1806 1318 2171 1388 persuadenda

602 1412 789 1467 civitas
816 1422 916 1467 est.
948 1412 1145 1466 Deinde
1174 1410 1387 1463 adducit
1427 1410 1499 1472 id,
1529 1409 1669 1478 quod
1712 1410 1827 1463 illos
1856 1408 2168 1463 mordebat:

605 1503 754 1570 Quod
776 1520 875 1555 non
904 1510 1018 1555 sunt
1038 1501 1127 1565 dii,
1152 1500 1235 1569 qui
1256 1499 1485 1555 manibus
1505 1500 1734 1554 humanis
1760 1501 1909 1569 fiunt.
1932 1500 2068 1567 Quid
2090 1510 2170 1555 est

606 1594 739 1648 hoc?
765 1593 1053 1656 Subvertit,
1082 1590 1272 1660 inquit,
1296 1600 1462 1645 artem
1492 1598 1751 1644 nostram.
1775 1590 1851 1646 Ne
1871 1606 2000 1645 vero
2024 1591 2169 1661 cogi-

602 1696 775 1741 tarent
800 1696 855 1740 et
881 1686 1139 1749 dicereut,
1172 1684 1312 1753 quod
1358 1683 1507 1737 solus
1535 1681 1694 1737 homo
1741 1682 1862 1737 talia
1893 1682 2087 1753 possit;
2115 1690 2168 1737 et

600 1779 761 1848 quod,
792 1780 835 1832 si
862 1787 1066 1831 tantum
1092 1778 1278 1847 possit,
1304 1776 1377 1830 illi
1406 1776 1625 1845 obsequi
1642 1784 1885 1845 oporteat
1905 1793 1917 1829 :
1938 1775 2162 1829 addidit:

604 1870 768 1933 Quam
810 1878 912 1922 tota
942 1870 1060 1921 Asia
1098 1877 1144 1920 et
1181 1866 1312 1921 orbis
1337 1866 1472 1919 colit.
1505 1864 1702 1921 Vocem
1734 1880 1881 1921 suam
1912 1866 2167 1935 putabant

596 1963 776 2017 divino
817 1962 1034 2029 Spiritui
1062 1961 1381 2023 obfuturum,
1418 1975 1540 2013 cum
1572 1957 1744 2014 Graeci
1786 1960 1934 2029 pueri
1960 1966 2161 2015 essent.

598 2056 672 2109 Ex
705 2055 823 2120 hoc,
855 2055 1040 2123 inquit,
1083 2052 1293 2121 opificio
1332 2052 1619 2107 lucramur.
1650 2052 1716 2107 Et
1743 2052 1788 2106 si
1817 2065 1883 2106 ex
1912 2051 2013 2107 hoc
2042 2052 2161 2121 opi-

596 2146 716 2200 licio
744 2144 893 2197 vobis
937 2143 1137 2197 lucrum
1165 2147 1254 2208 sit,
1286 2143 1555 2213 quomodo
1601 2142 1762 2197 homo
1782 2142 1904 2197 vilis
1930 2142 2161 2198 suadere

594 2237 796 2306 potuit?
822 2235 1088 2305 quomodo
1113 2243 1270 2289 unus
1294 2233 1665 2289 consuetudini
1691 2233 1969 2303 praevaluit
1989 2234 2013 2286 ‘l
2032 2234 2159 2303 quid

592 2328 736 2393 fecit,
766 2327 891 2397 quid
920 2326 1087 2381 dixit?
1112 2322 1226 2379 Non
1252 2334 1335 2380 est
1362 2324 1532 2389 Pauli,
1574 2339 1679 2378 non
1708 2333 1790 2380 est
1814 2323 1935 2379 viri.
1966 2324 2034 2379 Et
2061 2329 2161 2380 hoc

591 2417 789 2473 sufficit
811 2417 1031 2482 dixisse,
1064 2414 1185 2469 Non
1214 2425 1329 2469 sunt
1348 2416 1436 2469 dii.
1472 2416 1527 2471 Si
1552 2430 1679 2486 ergo
1700 2416 1769 2469 ita
1792 2415 1946 2471 facile
1968 2416 2160 2486 depre-

590 2506 845 2566 henditur
871 2507 1028 2576 impia
1056 2506 1263 2575 religio,
1290 2505 1399 2574 jam
1440 2505 1568 2559 olim
1596 2505 1898 2559 damnatam
1941 2514 2157 2575 oporte-

586 2594 705 2666 bat;
733 2601 778 2656 si
802 2614 929 2654 vero
948 2597 1117 2652 solida
1148 2598 1237 2661 sit,
1271 2612 1376 2651 non
1407 2605 1513 2651 tam
1540 2598 1647 2650 cito
1676 2596 1791 2650 tolli
1816 2605 2010 2667 potest.
2034 2596 2156 2651 Non

584 2692 734 2746 modo
764 2699 951 2755 autem,
985 2689 1174 2757 inquit,
1200 2690 1294 2741 hoc
1314 2688 1627 2757 periclitatur
1649 2687 1811 2741 nobis.
1839 2687 1999 2755 Quasi
2029 2687 2155 2757 quid

588 2784 757 2853 majus
782 2782 990 2844 dicens,
1020 2779 1121 2833 hoc
1145 2778 1400 2834 subdidit.
1439 2777 1533 2833 llis
1560 2778 1749 2831 auditis
1775 2780 1954 2849 repleti
1984 2781 2157 2849 furore

585 2873 869 2927 clamabant
909 2887 928 2925 :
969 2869 1158 2939 Magna
1201 2868 1370 2921 Diana
1426 2865 1793 2937 Ephesiorum!
1834 2868 1892 2922 In
1933 2868 2154 2937 singulis

582 2962 725 3019 enim
753 2960 1056 3016 civitatibus
1076 2958 1147 3011 dii
1170 2957 1369 3027 proprii
1392 2964 1563 3011 erant.
1584 2959 1663 3011 Ac
1683 2957 1761 3011 sic
1778 2956 1950 3011 aﬂ'ecti
1976 2966 2149 3023 erant,

580 3052 729 3124 quasi
756 3066 885 3106 voce
915 3063 1007 3103 sua
1038 3049 1236 3102 cultum
1267 3047 1381 3117 ejus
1408 3047 1765 3113 restituerent,
1793 3056 1849 3103 et
1874 3063 1991 3117 qua:
2016 3048 2150 3103 facta

582 3156 733 3202 erant
758 3144 1129 3200 dissolverent.

652 3240 705 3293 '5.
734 3235 865 3291 Vide
898 3232 1220 3289 inconditam
1259 3230 1485 3286 turbam.
1520 3230 1687 3287 Paulo
1712 3242 1879 3286 autem
1901 3271 1917 3297 ,
1950 3233 2149 3304 inquit,

584 3329 775 3381 volente
802 3328 991 3379 intrare
1017 3326 1069 3377 in
1097 3323 1338 3396 pupulum
1359 3362 1374 3387 ,
1407 3338 1507 3377 non
1535 3323 1865 3392 permiserunt
1894 3326 2146 3395 discipuli.

585 3418 780 3475 Paulus
801 3418 959 3486 igitur
980 3414 1180 3483 ingredi
1200 3413 1411 3467 volebat
1432 3413 1779 3467 concionaudi
1807 3430 1964 3469 causa
1993 3435 2005 3471 :
2031 3430 2150 3485 per-

580 3507 923 3579 sequutiones
951 3507 1091 3559 enim
1130 3504 1195 3557 ad
1224 3504 1518 3558 doctrinam
1544 3504 1819 3573 captabat;
1860 3506 1953 3561 sed
1982 3508 2146 3563 disci-

580 3600 690 3671 puli
721 3614 823 3652 non
859 3594 1252 3666 permittebant.
1289 3594 1562 3664 Perpende
1595 3604 1791 3664 quanta
1819 3611 1941 3667 erga
1973 3598 2145 3667 ipsum

578 3705 789 3761 semper
811 3686 1136 3760 providentia
1157 3694 1387 3740 utantur.
1411 3686 1475 3740 Et
1494 3685 1561 3740 ab
1580 3685 1731 3740 initio
1754 3687 1926 3756 ipsum
1947 3688 2147 3744 eduxe-

578 3792 733 3848 runt,
772 3797 839 3836 ne
872 3779 1085 3835 letalem
1128 3778 1395 3847 acciperet
1422 3778 1623 3847 plagam
1654 3794 1670 3831 :
1696 3793 2017 3851 quamquam
2051 3797 2145 3838 au-

578 3874 802 3934 dierant,
818 3869 955 3939 quod
974 3877 1241 3937 oporteret
1257 3869 1425 3938 ipsum
1440 3869 1659 3923 Romam
1680 3869 1890 3939 videre;
1906 3882 2143 3931 attamen

577 3961 877 4034 prohibent.
907 3958 1021 4014 Non
1048 3958 1163 4014 sine
1190 3958 1515 4029 providentia
1539 3970 1716 4015 autem
1743 3965 2138 4032 praenuntiavit,

577 4071 643 4110 ne
669 4055 735 4109 de
756 4069 815 4109 re
838 4061 983 4123 gesta
1012 4052 1369 4105 turbarentur.
1404 4047 1475 4105 Ita
1500 4053 1747 4109 nolebant
1774 4054 1921 4111 illum
1942 4058 2141 4128 aliquid

573 4147 700 4215 pati.
734 4144 801 4199 Et
829 4145 1031 4212 quidam
1068 4144 1351 4211 principum
1377 4143 1537 4210 Asiae,
1572 4145 1775 4215 inquit,
1800 4150 2042 4219 rogabant
2069 4154 2137 4205 il~

578 4240 703 4302 lum,
729 4256 790 4293 ne
814 4239 1020 4291 intraret
1042 4237 1091 4289 in
1125 4237 1391 4290 theatrum.
1425 4238 1733 4308 Promptum
1764 4242 1880 4309 ejus
1904 4245 2136 4301 animum

574 4329 813 4383 videntes
835 4327 1181 4382 obsecrabant
1210 4348 1222 4383 :
1248 4329 1380 4381 adeo
1402 4329 1544 4383 illum
1574 4330 1758 4386 fideles
1784 4348 1969 4388 omnes
1996 4352 2141 4391 ama-

582 4420 728 4474 bant.
779 4419 847 4473 Et
884 4433 1007 4484 cur,
1054 4420 1288 4487 inquies,
1331 4420 1628 4475 Alexander
1668 4422 1833 4478 voluit
1879 4428 2136 4484 ratioiiem

568 4511 834 4567 reddere?
862 4526 985 4563 num
1010 4521 1063 4562 et
1084 4511 1196 4578 ipse
1222 4514 1596 4566 accusabatur?
1622 4515 1686 4569 Ut
1712 4518 1918 4571 inventa
1944 4534 2138 4591 Oppor-

572 4603 795 4656 tunitate
827 4611 990 4654 totum
1019 4600 1369 4669 subverteret,
1396 4614 1447 4656 et
1476 4607 1647 4674 populi
1683 4606 1911 4664 furorem
1934 4615 2136 4668 exstin-

570 4704 775 4763 gueret.
829 4693 1073 4747 Vidistin’
1122 4693 1351 4746 furorem
1408 4697 1829 4753 tumultuosum?
1889 4702 2028 4757 Bene
2081 4714 2135 4759 et

575 4785 889 4853 increpantis
919 4798 1065 4836 more
1094 4784 1264 4837 scriba
1294 4801 1307 4836 :
1334 4784 1457 4849 Quis
1489 4797 1582 4849 est,
1616 4787 1804 4857 inquit,
1834 4793 1921 4860 qui
1950 4795 2135 4847 nesciat

576 4874 908 4942 Ephesiorum
932 4875 1215 4926 civitatem?
1240 4874 1327 4928 Sic
1351 4875 1495 4938 dicit,
1525 4877 1591 4931 de
1620 4893 1723 4947 quo
1756 4882 2041 4948 timebant;
2073 4900 2135 4939 ac

571 4966 615 5018 si
644 4964 863 5027 diceret,
893 4961 1076 5016 Nonne
1104 4965 1276 5017 colitis
1304 4966 1482 5018 illam?
1511 4967 1691 5036 Neque
1715 4969 1865 5036 dixit,
1899 4972 2027 5039 Quis
2055 4986 2133 5029 est

571 5058 657 5125 qui
696 5071 798 5109 non
843 5056 1048 5108 noverit
1097 5056 1357 5108 Dianam?
1394 5058 1516 5122 sed,
1558 5058 1815 5114 Civitatem
1859 5074 2130 5129 nostram,

570 5151 687 5201 illos
712 5162 1081 5215 compescens.
1114 5145 1237 5200 Cant
1267 5163 1382 5217 ergo
1413 5149 1489 5201 his
1518 5153 1789 5205 contradici
1816 5171 1913 5207 non
1944 5158 2129 5223 possit,

568 5251 760 5309 Oportet
799 5255 883 5291 vos
910 5240 1105 5291 sedatos
1130 5255 1253 5292 esse.
1287 5239 1359 5293 De
1387 5239 1470 5293 his
1500 5241 1798 5311 redarguit,
1826 5260 1885 5299 ac
1914 5248 1957 5299 si
1986 5248 2132 5301 dice.

570 5339 690 5385 ret:
717 5333 850 5396 Quid
884 5343 1008 5396 ergo
1038 5331 1307 5397 quzeritis,
1349 5332 1496 5399 quasi
1536 5331 1648 5386 hmc
1682 5334 1876 5389 incerta
1918 5341 2132 5393 essent?

569 5424 741 5491 palam
774 5430 886 5486 est,
913 5422 1285 5474 contumeliam
1316 5424 1367 5475 in
1394 5423 1546 5477 deam
1579 5425 1719 5481 illam
1750 5430 1992 5484 transire.
2030 5432 2127 5485 lle-

569 5514 775 5581 ligionis
795 5511 1013 5566 obtentu
1032 5510 1230 5565 lucrum
1248 5528 1398 5565 suum
1421 5514 1629 5572 firmare
1647 5520 1907 5575 volebant.
1932 5524 2131 5579 Deinde

569 5604 756 5658 leniter
778 5602 1081 5672 perstringit
1104 5618 1226 5668 eos;
1261 5606 1547 5660 ostendens
1570 5608 1687 5664 illos
1706 5612 1904 5681 absque
1928 5618 2131 5672 ratione

564 5689 897 5746 convenisse.
930 5690 997 5745 Et
1024 5693 1167 5756 nihil,
1202 5695 1389 5765 inquit,
1428 5706 1607 5752 temere
1635 5717 1799 5771 agere.
1830 5705 2127 5763 Ostendeus

568 5800 661 5840 eos
683 5785 974 5855 petulanter
1002 5786 1191 5854 egisse,
1226 5786 1325 5841 hoc
1354 5790 1502 5846 dixit.
1536 5791 1681 5857 Quod
1702 5796 1742 5848 si
1773 5794 2054 5851 Demetrius
2082 5810 2128 5852 et

567 5878 649 5945 qui
678 5893 789 5930 cum
807 5892 863 5930 eo
886 5890 1025 5943 siml,
1054 5879 1231 5933 habent
1258 5884 1491 5937 adversus
1520 5886 1734 5957 aliquem
1756 5906 1979 5957 causam,
2010 5909 2125 5962 pro.

1320 476 1372 531 S.
1409 472 1682 530 JOANNIS
1728 468 2200 527 CHRYSOSTOMI
2250 468 2564 526 ARCHIEP.
2603 468 3133 526 CONSTANTINOP.

3753 468 3853 524 300

2282 584 2510 637 consules
2544 594 2678 637 sunt.
2711 583 2822 637 llac
2864 585 2933 638 de
2985 600 3044 639 re
3091 583 3303 654 culpat,
3334 594 3389 639 et
3417 582 3706 638 ostendens
3748 598 3850 636 non

2281 685 2528 744 oportere
2550 676 2879 745 privatormu
2900 677 3181 731 criminum
3202 690 3359 731 musa
3382 690 3717 731 communem
3743 678 3851 731 fieri

2279 775 2618 821 conventum.
2651 764 2791 818 Nam
2817 767 3098 833 periculum
3123 776 3214 831 est,
3246 766 3436 836 inquit,
3458 783 3520 820 rte
3542 782 3850 820 accusantur.

2280 855 2391 911 Hac
2417 872 2474 911 re
2503 856 2621 910 illos
2645 858 2695 909 in
2722 858 2993 927 angustias
3017 859 3255 927 conjicit.
3279 857 3403 913 Cum
3423 858 3565 911 nulla
3590 859 3655 912 sit
3676 875 3851 920 causa.

2279 950 2478 1019 inquit,
2522 950 2586 1003 de
2621 966 2719 1019 qua
2746 951 2996 1018 possimus
3024 952 3178 1019 hujus
3205 952 3445 1006 tumultus
3469 951 3713 1004 rationem
3740 950 3852 1003 ml-

2278 1044 2414 1095 dere.
2456 1042 2587 1096 Vide
2632 1057 2789 1111 quam
2842 1042 3132 1111 prudenter
3176 1043 3259 1098 vel
3309 1042 3546 1099 infideles
3593 1044 3850 1096 rationem

2278 1132 2523 1195 reddant,
2566 1143 2621 1187 et
2660 1149 2818 1203 quam
2849 1135 3139 1203 sapienter.
3186 1135 3277 1189 Sic
3318 1137 3548 1190 furorem
3577 1135 3849 1189 exstinxit.

2279 1220 2346 1277 lit
2364 1229 2506 1277 enim
2532 1223 2685 1278 facile
2707 1225 3034 1289 accenditur,
3061 1226 3277 1294 perinde
3299 1225 3453 1281 facile
3477 1226 3847 1295 exstinguitur.

2276 1310 2345 1365 Et
2387 1314 2466 1366 his
2506 1316 2653 1368 dictis
2696 1326 2875 1369 cetum
2904 1316 3069 1369 solvit.
3111 1314 3296 1370 Viden’
3330 1316 3493 1371 Deum
3534 1318 3852 1372 tentationes

2278 1404 2608 1471 permittere.
2641 1421 2703 1460 ac
2732 1423 2825 1474 per
2854 1407 2968 1460 illas
3006 1406 3297 1475 discipulos
3324 1407 3556 1461 excitare
3583 1417 3635 1461 et
3666 1406 3851 1477 vigiles

2274 1496 2531 1565 reddere,
2574 1514 2635 1553 ac
2680 1499 3030 1555 ferventiores
3073 1501 3320 1555 efﬁcere?
3348 1500 3425 1555 Ne
3448 1516 3576 1571 ergo
3603 1500 3853 1555 concida-

2272 1600 2390 1640 mus
2418 1587 2469 1641 in
2503 1590 2887 1645 tentationibus
2913 1608 2926 1644 :
2953 1592 3066 1661 ipse
3102 1605 3331 1661 namque
3360 1592 3559 1647 exitum
3586 1590 3763 1659 dabit,
3793 1600 3852 1648 ut

2270 1680 2534 1747 possimus
2562 1682 2847 1737 sustinuere.

2337 1768 2598 1825 Afrumna
2620 1776 2809 1829 andcos
2838 1775 3068 1829 devincit.
3093 1776 3415 1845 Comparatio
3440 1777 3622 1831 domus
3646 1778 3849 1848 nuptia-

2267 1876 2381 1912 rum
2413 1878 2529 1915 cum
2573 1864 2724 1918 domo
2775 1865 3210 1922 luctus.—Nihil
3254 1868 3323 1921 ita
3366 1868 3569 1923 amicos
3613 1868 3848 1924 devincit

2265 1960 2322 2006 et
2362 1955 2637 2026 conjungit
2672 1966 2730 2011 ut
2767 1974 3034 2021 aerumna;
3072 1959 3202 2014 nihil
3245 1961 3317 2015 ita
3361 1959 3593 2015 fidelium
3637 1962 3845 2017 animos

2263 2048 2577 2119 constringit
2604 2060 2661 2105 et
2687 2052 2929 2123 colligat;
2973 2054 3105 2109 nihil
3138 2055 3293 2111 nobis
3320 2056 3625 2111 doctoribus
3646 2070 3847 2126 oppor-

2263 2136 2464 2203 tunius,
2497 2150 2553 2194 ut
2580 2140 2719 2196 dicta
2750 2153 2931 2197 nostra
2952 2144 3254 2201 audiantur.
3278 2146 3505 2201 Auditor
3528 2147 3671 2201 enim
3700 2155 3845 2201 tran-

2267 2228 2433 2297 quille
2457 2245 2623 2300 agens
2663 2235 2837 2289 mollis
2862 2244 2947 2291 est
2973 2244 3029 2291 et
3066 2238 3316 2305 ignavus,
3356 2249 3411 2293 et
3448 2238 3672 2294 moleste
3700 2237 3843 2294 ferre

2261 2318 2468 2375 videtur
2490 2334 2789 2389 oratorem;
2824 2326 2875 2380 in
2903 2329 3161 2382 {erumnis
3184 2344 3312 2383 vero
3335 2339 3391 2384 et
3410 2328 3678 2398 angustiis.
3696 2330 3841 2399 posi-

2262 2416 2364 2473 tus,
2395 2411 2445 2465 in
2471 2414 2691 2469 multum
2716 2416 2968 2472 audiendi
2989 2417 3313 2474 desiderium
3336 2420 3537 2475 incidit.
3560 2419 3689 2475 Nam
3714 2435 3842 2475 cum

2258 2502 2469 2571 angitur
2499 2504 2732 2572 animus,
2765 2507 2999 2577 undique
3026 2509 3446 2565 consolationem
3473 2512 3698 2577 amarit;
3730 2526 3842 2568 non

2263 2592 2535 2649 minimam
2582 2607 2761 2654 autem
2815 2614 2994 2655 sentio
3043 2600 3199 2657 ani-rt
3244 2601 3683 2658 consolationem.
3732 2604 3845 2661 Cur

2258 2696 2406 2751 ergo,
2439 2684 2667 2755 inquies,
2699 2686 2871 2742 Judaei
2897 2704 3017 2743 cum
3043 2689 3424 2761 afﬂigerentur,
3466 2707 3533 2748 ex
3566 2690 3841 2762 pusillani-

2257 2772 2445 2829 mitate
2484 2792 2590 2830 non
2636 2779 2962 2835 audiebant?
3003 2780 3135 2849 Quia
3173 2782 3344 2838 Judaei
3383 2793 3573 2849 erant,
3624 2801 3842 2855 semper

2258 2862 2551 2921 imbecilles
2570 2878 2623 2922 et
2647 2870 2826 2925 miseri
2853 2872 3123 2942 :alioquin
3147 2889 3272 2929 vero
3293 2890 3481 2945 magna
3505 2876 3572 2930 ibi
3596 2880 3839 2947 angustia

2254 2965 2400 3021 erat;
2434 2958 2588 3013 nobis
2606 2970 2783 3015 autem
2803 2962 2871 3017 de
2893 2963 3145 3019 mediocri
3168 2974 3250 3020 est
3270 2980 3467 3023 sermo.
3489 2967 3618 3023 Vide
3639 2985 3837 3039 porro:

2254 3048 2639 3115 exspecmbant
2683 3050 2757 3105 illi
2800 3051 3013 3107 liberari
3041 3069 3070 3107 a
3100 3056 3253 3110 malis
3280 3060 3631 3126 prementibus
3651 3100 3664 3121 ,
3698 3070 3751 3114 et
3781 3062 3835 3116 in

2254 3136 2497 3203 graviora
2524 3138 2801 3195 innumera
2830 3142 3170 3199 incidebant:
3196 3148 3295 3201 hoc
3323 3158 3498 3203 autem
3522 3166 3624 3204 non
3648 3150 3839 3207 leviter

2253 3227 2488 3282 animum
2530 3230 2580 3283 in
2622 3248 2907 3288 mmrorem
2938 3236 3117 3290 trahit.
3148 3237 3425 3295 Erumnte
3456 3256 3555 3297 nos
3579 3244 3647 3299 ab
3676 3246 3838 3314 hujus

2254 3319 2437 3373 mundi
2464 3319 2654 3375 alfectu
2684 3324 3001 3380 abstrahunt
3027 3346 3040 3380 :
3062 3330 3240 3383 statim
3272 3346 3399 3386 vero
3437 3345 3661 3390 mortem
3693 3338 3836 3404 peti-

2253 3422 2403 3472 mus,
2439 3425 2537 3464 nec
2578 3428 2761 3467 sumus
2788 3418 3030 3485 corporis
3056 3428 3349 3487 amatores;
3377 3425 3517 3493 quod
3551 3437 3632 3482 est
3660 3428 3835 3497 philo-

2250 3499 2455 3569 sophia:
2483 3517 2605 3570 pars
2632 3505 2886 3572 maxima,
2914 3523 3017 3562 non
3046 3509 3282 3580 deditum
3307 3530 3406 3569 nec
3424 3516 3687 3573 addictum
3711 3536 3835 3579 esse

2251 3594 2497 3661 praesenti
2529 3597 2670 3650 vitae.
2705 3596 2912 3653 Afﬂicta
2940 3602 3116 3656 anima
3141 3621 3244 3658 non
3267 3607 3379 3661 vult
3399 3611 3579 3664 multis
3602 3612 3831 3684 lizerere,

2250 3684 2344 3739 sed
2372 3690 2761 3744 recreationem
2786 3700 2988 3748 tantum
3014 3697 3298 3766 quamdam
3324 3708 3379 3755 ct
3396 3702 3627 3769 quietem
3653 3718 3832 3765 amat:

2247 3784 2393 3845 optat
2421 3792 2449 3829 a
2480 3781 2834 3847 pmsentibus
2862 3784 3033 3855 eripi,
3065 3787 3274 3843 etiamsi
3302 3792 3433 3847 nihil
3466 3794 3607 3849 aliud
3640 3800 3727 3853 sit.
3757 3798 3833 3858 Ut

2247 3880 2438 3935 corpus
2465 3869 2810 3941 defatigatum
2859 3884 2913 3929 et
2958 3876 3010 3929 in
3056 3880 3267 3934 miseria
3297 3897 3543 3950 versans,
3578 3904 3683 3942 non
3717 3894 3831 3950 vult

2247 3970 2426 4012 amare
2455 3974 2553 4015 nec
2585 3964 2756 4016 ventri
2782 3966 3005 4031 servire,
3038 3970 3133 4023 sed
3161 3973 3437 4040 quiescere
3462 3984 3516 4030 et
3548 3980 3831 4051 tranquille

2244 4063 2404 4117 agere
2437 4069 2448 4102 :
2478 4052 2556 4106 sic
2594 4064 2649 4107 et
2686 4056 2860 4108 anima
2904 4058 3198 4115 innumeris
3238 4077 3501 4120 macerata
3544 4070 3724 4133 malis,
3754 4076 3826 4128 ad

2243 4140 2474 4208 quietem
2496 4154 2549 4195 et
2577 4147 3014 4214 tranquillitatem
3044 4149 3277 4207 festinat.
3301 4152 3415 4221 illa,
3435 4174 3554 4226 quae
3570 4160 3623 4214 in
3644 4162 3829 4230 quiete

2241 4233 2368 4301 agit,
2402 4235 2609 4304 stupida
2634 4247 2733 4301 est,
2769 4240 3034 4306 turbatur,
3057 4244 3300 4300 sublimis
3328 4250 3522 4316 fertur;
3556 4252 3670 4310 hzcc
3694 4271 3830 4313 vero

2244 4325 2374 4379 nihil
2419 4326 2483 4380 ad
2538 4329 2677 4397 quod
2730 4330 2936 4394 inhiet,
2990 4335 3119 4389 nihil
3167 4336 3365 4393 fluxum
3417 4341 3659 4411 habens,
3708 4356 3822 4401 tota

2242 4420 2652 4488 constringitur,
2693 4438 2793 4476 nec
2821 4425 3047 4480 sublime
3073 4430 3213 4497 sapit
3237 4450 3248 4481 :
3274 4441 3327 4484 et
3356 4433 3442 4487 illa
3470 4436 3674 4504 fortior,
3704 4439 3826 4495 haec

2243 4508 2493 4575 puerilior
2532 4521 2645 4574 est;
2693 4514 2777 4565 illa
2817 4518 3061 4584 gravior,
3115 4520 3227 4575 bare
3272 4523 3459 4578 levior.
3502 4525 3571 4581 Et
3604 4528 3741 4585 sicut
3772 4532 3823 4587 si

2242 4601 2364 4669 quid
2393 4601 2451 4655 in
2480 4603 2788 4671 profundam
2812 4624 3000 4675 aquam
3026 4612 3245 4681 incidat,
3270 4619 3311 4669 si
3337 4618 3455 4672 leve
3474 4619 3543 4675 sit
3563 4619 3822 4681 ﬂuctuat:

2242 4693 2318 4745 sic
2348 4703 2401 4747 et
2428 4696 2600 4749 anima
2646 4701 2695 4751 in
2726 4701 2972 4768 gmdium
3016 4707 3239 4761 multum
3282 4710 3541 4768 incidens.
3587 4714 3830 4774 Maxima

2242 4798 2369 4838 vero
2393 4798 2601 4853 peccata
2630 4806 2657 4841 a
2686 4791 2850 4844 multa
2876 4794 3145 4862 voluptate
3174 4799 3325 4855 nobis
3348 4804 3475 4857 oriri
3501 4805 3685 4864 videre
3708 4825 3819 4872 ess.

2241 4874 2334 4939 Et,
2385 4878 2426 4930 si
2480 4880 2683 4946 placet.
2732 4884 2921 4937 domos
2970 4887 3102 4941 duas
3147 4891 3550 4961 describamus;
3591 4900 3818 4957 alteram

2240 4966 2580 5034 nuptiarum,
2628 4972 2851 5026 alterum
2887 4975 3094 5044 luctus:
3124 4980 3171 5032 in
3207 4992 3485 5055 utramque
3516 5000 3695 5046 mente
3734 4995 3819 5049 it:-

2238 5057 2537 5121 grcdiamur
2564 5079 2574 5113 :
2601 5062 2874 5117 videamus
2904 5078 3015 5120 utra
3063 5071 3131 5123 sit
3160 5074 3366 5129 melior.
3399 5075 3595 5135 Luctus
3618 5082 3817 5143 domus

2239 5145 2536 5201 ἱηωιιῑρ-ῐυι·
2563 5151 2898 5222 ριιὶιοδοιιιιὶει
2926 5159 3097 5225 plena,
3129 5162 3319 5217 domus
3348 5183 3475 5221 vero
3507 5175 3815 5242 nuptiarum

2238 5240 2583 5307 turpitL..inc.
2624 5243 2753 5300 Vide
2796 5259 3251 5325 namque:lurpia
3298 5260 3404 5314 illic
3450 5240 3607 5318 verba
3653 5282 3815 5333 sunt,

2236 5328 2374 5380 risus
2421 5330 2745 5401 inconditus,
2784 5354 2995 5407 gressus
3038 5343 3395 5415 incmnpositi,
3442 5356 3600 5408 testis
3636 5368 3690 5411 et
3731 5328 3816 5412 in:

2233 5432 2415 5472 cessus
2452 5424 2774 5490 turpitudine
2803 5430 3018 5496 plenus,
3048 5446 3229 5503 gestus
3261 5438 3464 5495 insania
3498 5454 3551 5498 et
3579 5447 3814 5503 stultitia

2234 5513 2395 5566 multa
2425 5532 2435 5567 :
2463 5516 2512 5569 in
2557 5533 2759 5573 summa
2793 5523 2924 5578 nihil
2970 5526 3062 5588 ibi,
3112 5543 3269 5597 quam
3311 5532 3451 5589 risus
3495 5546 3548 5589 et
3586 5538 3814 5596 dcrisio.

2234 5600 2346 5655 Non
2400 5605 2465 5658 de
2507 5607 2633 5675 ipsis
2674 5614 2871 5682 nuptiis
2911 5615 3063 5680 dico,
3108 5619 3273 5686 absit;
3315 5624 3408 5678 sed
3447 5625 3513 5681 de
3552 5627 3647 5693 iis,
3689 5650 3815 5701 qua:

2236 5698 2443 5765 nuptias
2484 5704 2823 5759 comitantur.
2875 5709 3023 5764 Tunc
3064 5724 3247 5767 natura
3290 5715 3647 5774 debacchatur
3675 5698 3816 5793 :‘qni

2234 5786 2427 5841 adsunt
2460 5808 2519 5842 ex
2596 5797 2855 5851 munibus
2892 5802 3041 5855 bruta
3082 5804 3250 5869 fiunt,
3295 5808 3382 5861 alii
3428 5820 3484 5862 ul.
3520 5813 3640 5882 equi
3685 5786 3814 5870 ili-ll-

2241 5877 2407 5947 niunl,
2430 5883 2515 5938 alii
2541 5902 2587 5939 ltl
2616 5889 2743 5942 asini
2769 5892 3039 5947 calcitrant
3060 5912 3073 5950 :
3094 5912 3280 5967 magna
3302 5899 3596 5970 dissolutio,
3620 5920 3817 5978 magna

3700 6518 3725 6521 ἡ
3792 6518 4065 6528 ﬂia
