4070 6498
210 471 315 529 299

224 588 492 656 Ἀχαΐαν,
535 584 899 655 πορεύεσθαι
937 586 1025 651 εις
1078 582 1490 651 Ἰεροσόλυμα.
1522 579 1637 632 Οὐκ
1681 575 1763 630 ἔτι
1794 577 1894 631 ἁν-

212 676 501 748 θρωπίνως
534 676 772 731 ἐνταῦθα
795 678 956 737 ποιεῖ,
986 673 1123 727 άλλά
1156 672 1436 741 Πνεύματι
1462 710 1479 735 ,
1506 664 1552 739 ᾧ
1577 669 1674 723 καὶ
1704 666 1894 740 προεί-

209 765 335 817 λετο
360 763 613 818 διελθεῖν.
646 763 816 817 Τοῦτο
850 762 959 833 γάρ
984 764 1099 814 ἐστι
1123 760 1212 824 τὸ,
1248 758 1479 825 Ἔθετο,
1511 757 1609 811 καὶ
1635 755 1891 829 τοιαύτην

208 854 238 906 ό
265 851 425 921 λόγος
453 852 665 906 ἔννοιαν
690 851 823 923 ἔχει.
853 850 1011 913 Τίνος
1052 850 1110 902 δέ
1145 849 1331 902 ἕνεκεν
1374 846 1697 901 ἀποστέλλει
1725 844 1895 915 Τιμό-

210 938 333 993 θεον
367 940 465 994 καὶ
488 941 785 1010 Ἔραστον,
830 940 893 992 οὐ
939 937 1121 1007 λέγει·
1159 938 1283 1009 ἐμοὶ
1332 936 1391 991 δὲ
1429 936 1578 990 δοκεῖ
1620 935 1715 988 καὶ
1765 935 1895 1003 περὶ

206 1027 405 1081 τούτου
432 1029 607 1081 εἰπεῖν
631 1027 712 1091 τὸ,
768 1028 871 1081 Ἐν
906 1027 1227 1095 Πνεύματι.
1276 1025 1377 1079 Διὸ
1398 1022 1613 1093 μηκέτι
1641 1020 1893 1092 στέγον-

207 1132 331 1182 τες.
363 1114 785 1183 εὐδοκήσαμεν
803 1113 1275 1183 καταλειφθῆναι
1298 1113 1369 1166 ἐν
1399 1111 1676 1177 Ἀθήναις
1694 1112 1891 1181 μόνοι.

210 1203 323 1257 Kal
348 1204 472 1271 ὅρα,
502 1202 596 1256 δύο
620 1203 730 1256 τῶν
757 1202 1153 1256 διακονούντων
1186 1201 1337 1271 αὐτῷ
1363 1198 1675 1263 ἀπέστειλε,
1706 1200 1806 1269 τήν
1833 1214 1895 1250 τε

208 1291 520 1361 παρουσίαν
592 1291 925 1358 ἀπαγγεῖλαι
997 1289 1091 1343 καὶ
1149 1288 1592 1360 προθυμοτέρους
1640 1287 1891 1359 ποιῆσαι.

210 1380 467 1436 Μάλιστα
506 1381 724 1435 πάντων
761 1382 829 1452 τῇ
864 1378 1020 1450 Ἀσία
1046 1378 1406 1450 ἐνδιατρίϐει·
1461 1378 1726 1440 εἰκότως·
1778 1378 1898 1431 ἐκεῖ

209 1469 322 1538 γάρ
368 1464 439 1541 ἦν
484 1471 517 1539 ἡ
559 1466 728 1539 πολλὴ
764 1466 967 1537 φατρία
1010 1466 1122 1520 τῶν
1172 1466 1497 1535 φιλοσόφων.
1552 1465 1663 1518 Kal
1698 1463 1892 1532 ἐλθὼν,

206 1560 375 1612 πάλιν
411 1559 597 1621 αὐτοῖς
636 1558 905 1627 διελέγετο
926 1575 940 1588 ·
985 1558 1080 1612 καὶ
1108 1558 1218 1629 γὰρ
1246 1557 1415 1629 πολλὴ
1437 1553 1504 1629 ἦν
1538 1558 1657 1610 ἐκεῖ
1683 1559 1716 1628 ἡ
1740 1556 1897 1610 δεισι-

204 1645 481 1716 δαιμονία.
538 1646 867 1716 Δημήτριος
927 1646 1038 1715 γάρ
1087 1664 1197 1712 τις,
1227 1648 1416 1717 φησὶν,
1456 1647 1893 1717 ἀργυροκόπος,

206 1736 625 1803 συναθροίσας
654 1735 795 1800 τοὺς
819 1735 955 1803 περὶ
990 1736 1062 1789 τὰ
1094 1736 1342 1791 τοιαῦτα
1384 1736 1663 1806 ἐργάτας,
1688 1736 1891 1789 εἷπεν·

211 1822 486 1890 Ἄνδρες,
511 1822 844 1878 ἐπίστασθε
863 1822 964 1877 καί
1007 1823 1274 1893 θεωρεῖτε
1313 1824 1411 1878 καί
1435 1823 1688 1878 ἀκούετε
1706 1840 1722 1856 ·
1749 1820 1895 1876 οὕτω

206 1912 511 1982 κατάδηλον
557 1906 626 1982 ἦν
681 1910 744 1964 τὸ
798 1912 1116 1982 γινόμενον·
1170 1912 1305 1969 Ὀτι
1360 1908 1563 1979 οὗτος,
1617 1912 1806 1982 φησὶν,
1856 1914 1892 1965 ό

207 2000 457 2062 Παῦλος
488 2000 711 2066 πείσας
735 2000 1122 2070 μετέστησεν
1142 2000 1355 2054 Ικανὸν
1390 2000 1598 2067 ὄχλον.
1634 2000 1800 2052 Ὥστε
1832 1999 1895 2059 οὐ

209 2086 424 2157 βιαίως,
449 2090 497 2141 εἰ
527 2088 767 2141 ἔπεισεν·
791 2087 934 2142 οὕτω
966 2088 1049 2141 δεῖ
1070 2086 1279 2141 πείθειν
1310 2088 1489 2141 πόλιν.
1520 2082 1656 2149 Εἶτα
1692 2086 1890 2155 ἐπάγει

205 2177 349 2246 ὅπερ
368 2176 547 2229 αὐτῶν
582 2175 916 2250 καθήπτετο,
937 2176 1019 2229 ὅτι
1045 2176 1168 2230 Οὐκ
1192 2174 1312 2229 είσί
1335 2174 1457 2229 θεοί
1478 2177 1533 2228 οί
1553 2173 1653 2227 διὰ
1679 2172 1896 2244 χειρῶν

206 2264 533 2333 γινόμενοι.
558 2264 623 2315 Τί
649 2265 764 2316 ἐστι
793 2262 985 2328 τοῦτο;
1025 2262 1369 2335 ’Δνατρέπει,
1401 2262 1557 2331 φησὶ,
1579 2261 1679 2333 τὴν
1698 2260 1896 2332 τέχνην

204 2350 310 2421 τὴν
344 2350 641 2421 ἡμετέραν.
694 2350 805 2403 Kal
849 2350 937 2403 ἵνα
968 2352 1044 2422 μὴ
1068 2352 1385 2419 ἐννοήσωσι,
1418 2351 1513 2403 καὶ
1536 2347 1785 2413 εἴπωσιν,
1813 2348 1897 2401 ὅτι

209 2436 375 2505 μόνος
399 2436 685 2507 ἄνθρωπος
710 2436 937 2491 τοιαῦτα
982 2437 1179 2508 ἰσχύει,
1212 2438 1309 2490 καὶ
1339 2438 1387 2490 εἰ
1416 2434 1669 2490 τοσοῦτον
1698 2434 1894 2507 ἰσχύει,

206 2523 363 2594 αὐτῷ
383 2524 467 2578 δεῖ
494 2524 797 2590 πείθεσθαι,
816 2524 1127 2597 ἐπήγαγεν·
1155 2527 1263 2583 Ἠν
1298 2525 1412 2594 ὅλη
1447 2526 1486 2594 η
1516 2525 1690 2579 Ἀσία
1721 2524 1823 2579 καί
1856 2526 1897 2594 ἠ

204 2612 532 2681 οίκουμένη
582 2612 839 2667 σέϐεται.
876 2612 988 2685 Τὴν
1013 2614 1197 2687 φωνὴν
1224 2613 1406 2667 αὐτῶν
1433 2613 1603 2684 ῷοντο
1634 2613 1900 2683 ἐπιτειχί-

207 2700 329 2764 ζειν
358 2700 437 2771 τῷ
467 2700 745 2770 Πνεύματι
775 2700 853 2771 τῷ
892 2700 1044 2772 θείῳ,
1079 2701 1232 2765 ὄντες
1265 2701 1455 2764 παῖδες
1472 2700 1757 2772 Ἕλληνες.
1802 2700 1899 2753 Ἐκ

206 2786 415 2857 ταύτης
468 2788 568 2858 τῆς
615 2788 901 2859 ἐργασίας,
955 2790 1144 2860 φησιν,
1200 2790 1500 2859 ἡεύπορία
1550 2789 1710 2860 ἡμῶν
1760 2789 1899 2842 ἐστι.

210 2874 326 2928 Kal
372 2876 420 2927 εί
468 2874 577 2928 ἀπὺ
604 2876 811 2945 ταύτης
836 2875 939 2945 τῆς
969 2876 1233 2948 ἐργασίας
1256 2876 1490 2948 εὐπορία
1519 2875 1649 2947 ὑμῖν
1683 2874 1904 2945 περιγί-

208 2977 390 3024 νεται,
432 2961 550 3026 πῶς
577 2962 799 3016 ἔπεισεν
831 2962 1120 3033 ἅνθρωπος
1162 2964 1422 3035 εὐτελήςς
1477 2963 1596 3027 πῶς
1632 2965 1902 3034 τοσαύτης

209 3050 490 3120 ἐκράτησε
534 3050 856 3123 συνηθείας;
900 3050 951 3105 τί
996 3051 1167 3105 ποιῶν
1216 3052 1250 3122 ἡ
1278 3053 1331 3105 τί
1368 3053 1579 3121 λέγωνς
1635 3052 1749 3105 Οὐκ
1784 3050 1901 3105 ἐστι

211 3138 455 3202 Παύλου,
490 3137 591 3191 οὐκ
624 3138 772 3192 ἐστιν
819 3139 1033 3211 ἀνδρός.
1088 3140 1198 3194 Kal
1241 3139 1400 3194 τοῦτο
1429 3142 1591 3211 ἀρκεῖ
1613 3140 1675 3192 τὸ
1702 3140 1901 3205 εἰπεῖν,

209 3228 297 3281 ὅτι
329 3228 454 3280 Οὐκ
495 3226 617 3280 εἰσί
646 3228 792 3282 θεοί.
818 3228 882 3281 Εἰ
912 3228 1012 3299 μιν
1040 3223 1134 3282 οὖν
1164 3228 1340 3293 οὕτως
1371 3227 1689 3301 εὐφώρατον
1709 3229 1773 3283 τὸ
1803 3230 1904 3300 τῆς

209 3310 715 3374 tuam-mam
748 3312 1346 3383 καταγνωσθῆναιῐδει·
1375 3314 1423 3365 εἰ
1447 3311 1503 3365 δέ
1536 3312 1778 3384 ἰσχυρὸν,
1804 3314 1905 3384 οὐχ

210 3398 397 3464 οὕτως
426 3401 787 3471 ἀναιρεθῆναι
815 3402 1047 3473 ταχέως.
1084 3404 1167 3455 Οὐ
1192 3403 1388 3470 μόνον
1416 3400 1506 3463 δὲ,
1544 3403 1699 3470 φησὶ,
1726 3400 1905 3455 τοῦτο

212 3488 555 3543 κινδυνεύει
590 3489 739 3559 ἡμῖν
782 3489 850 3544 τὸ
886 3491 1092 3560 μέρος.
1131 3490 1219 3554 Ὦς
1244 3490 1309 3561 δὴ
1352 3490 1406 3543 τί
1446 3507 1576 3544 ποτε
1610 3492 1795 3562 μεῖζον
1819 3490 1904 3543 λέ-

212 3593 351 3645 γων.
385 3576 543 3629 τοῦτο
572 3578 872 3648 ἐπήγαγεν.
904 3578 1309 3645 Ἀκούσαντες
1338 3577 1409 3631 δὲ
1466 3578 1564 3631 καὶ
1594 3580 1903 3649 γενόμενοι

212 3661 472 3729 πλήρεις
493 3666 683 3735 θυμοῦ
713 3666 993 3735 ἔκραζον·
1042 3666 1287 3737 Mart/tn
1344 3668 1384 3735 ἡ
1436 3666 1705 3737 Ἄρτεμις
1736 3668 1905 3736 Ἐφεο

212 3753 391 3806 σίων.
430 3753 589 3807 Κατὰ
625 3753 780 3807 πόλιν
829 3754 938 3826 γὰρ
968 3742 1152 3819 αὐτοῖς
1176 3749 1318 3825 ἦσαν
1346 3754 1477 3808 θεοί.
1524 3756 1633 3807 Kal
1652 3754 1796 3808 οὕτω
1826 3756 1907 3808 δι-

215 3839 451 3904 έκειντο,
480 3842 555 3905 ὡς
580 3842 669 3895 διὰ
695 3842 793 3913 τῆς
820 3843 1005 3914 φωνῆς
1029 3842 1407 3914 ἀνακτώμενοι
1433 3843 1494 3896 τὸ
1526 3842 1691 3909 σέϐας
1711 3844 1901 3915 αὐτῆς,

215 3930 313 3983 καὶ
340 3929 407 3982 τὰ
433 3929 776 4000 γεγενημένα
806 3930 1153 3995 ἀναλύοντες.

288 4016 511 4087 γ’.”ορα
541 4018 773 4071 ἄτακτον
809 4017 1030 4088 πλῆθος.
1060 4018 1173 4072 Τοῦ
1194 4016 1263 4070 δὲ
1282 4018 1551 4084 Παύλου,
1583 4018 1739 4089 φησί,
1760 4019 1905 4083 ﬂav-

215 4104 482 4171 λομένου
506 4104 804 4158 εἰσελθεῖν
831 4108 919 4171 εἰς
951 4106 1059 4159 τὸν
1087 4104 1303 4175 δῆμον,
1328 4107 1441 4159 οὐκ
1461 4106 1601 4159 ειων
1630 4106 1817 4161 αὐτὸν
1847 4110 1903 4162 οί

210 4192 497 4262 μαθηταί.
530 4191 589 4244 Ὀ
614 4193 713 4262 μὲν
737 4188 831 4245 οῦν
858 4192 1074 4257 Παῦλος
1098 4193 1352 4247 ἐϐούλετο
1378 4193 1642 4248 εἰσελθεῖν
1668 4195 1904 4267 δημηγο-

220 4280 389 4349 ρῆσαι
411 4296 423 4307 ·
446 4277 594 4350 [321]
618 4281 743 4343 τοὺς
770 4282 878 4351 γὰρ
909 4280 1183 4349 διωγμοὺς
1210 4282 1518 4352 ἐλάμϐανεν
1546 4284 1624 4345 εἰς
1644 4283 1905 4337 διδασκα-

216 4368 342 4421 λίαν
360 4383 373 4395 ’
398 4367 515 4420 ἀλλ’
540 4368 590 4420 οἰ
617 4367 858 4438 μαθηταὶ
878 4370 978 4421 οὐκ
1004 4370 1130 4422 εῐων
1147 4368 1329 4422 αὐτόν.
1358 4370 1581 4435 Σκόπει,
1607 4370 1749 4445 πόσῃ
1775 4373 1905 4443 περὶ

218 4456 385 4510 αὐτὸν
402 4455 625 4527 προνοίᾳ
654 4457 948 4527 κέχρηνται
982 4458 1280 4528 πανταχοῦ.
1304 4458 1417 4512 Kal
1443 4458 1501 4525 ἐξ
1524 4460 1701 4530 ἀρχῆς
1736 4462 1902 4515 αὐτὸν

216 4544 510 4615 ἐξήγαγον,
544 4544 683 4597 ῶστε
717 4546 790 4616 μὴ
816 4548 944 4616 περί
974 4547 1041 4599 τά
1064 4548 1255 4618 καίρια
1308 4546 1496 4599 λαϐεῖν
1523 4548 1621 4616 τὴν
1650 4550 1864 4619 πληγήν
1884 4562 1897 4577 ’

218 4632 399 4685 καίτοι
433 4649 495 4700 γε
546 4634 805 4703 ἡκουσαν,
858 4635 941 4687 ὃτι
992 4634 1073 4687 δεῖ
1130 4636 1225 4687 καὶ
1270 4634 1489 4705 Ῥώμην
1541 4634 1699 4687 ἰδεῖν·
1751 4636 1902 4708 ὅμως

218 4719 542 4773 κωλύουσιν.
603 4722 977 4799 Οἰκονομικῶς
1031 4722 1086 4775 δέ
1134 4722 1517 4793 προαγορεύει,
1579 4722 1664 4775 ἵνα
1698 4724 1771 4793 μὴ
1824 4722 1901 4793 τῷ

216 4808 501 4879 γενομένῳ
530 4808 923 4879 θορυϐηθῶσιν.
953 4809 1141 4873 Οὕτως
1174 4809 1295 4863 οὐδέ
1341 4810 1573 4879 πάσχειν
1627 4828 1679 4863 τι
1737 4811 1901 4864 αὐτὸν

218 4896 504 4949 ἐϐούλοντο
535 4897 584 4949 ιι.
611 4898 722 4950 Kal
758 4896 877 4951 τῶν
910 4896 1216 4966 ἀσιαρχῶν
1245 4896 1312 4951 δέ
1334 4914 1496 4963 τινες
1518 4898 1902 4965 παρεκάλουν

218 4986 431 5049 αὐτόν,
462 4987 615 5055 φησὶ,
662 4986 749 5055 μὴ
804 4986 1102 5041 είσελθεῖν
1142 4989 1229 5051 είς
1275 4986 1341 5039 τὸ
1374 4988 1640 5055 θέατρον.
1686 4987 1901 5051 Είδότες

219 5072 391 5125 αὐτοῦ
422 5074 520 5144 τὴν
548 5073 880 5144 προθυμίαν,
910 5074 1255 5143 παρεκάλουν
1275 5091 1289 5105 ·
1339 5075 1482 5129 οὕτω
1510 5076 1711 5139 πάντες
1736 5075 1899 5129 αὐτὸν

220 5160 440 5226 ἐφίλουν
483 5162 530 5213 οί
573 5161 775 5214 πιστοί.
810 5162 916 5214 Kal
966 5162 1111 5226 τίνος
1140 5163 1347 5226 ἕνεκεν,
1378 5164 1615 5233 φησὶν,ὁ
1645 5164 1899 5228 Ἀλέξαν-

218 5248 351 5317 δρος
396 5248 641 5301 ἐϐούλετο
672 5250 1102 5318 ἀπολογεῖσθαιζ
1138 5252 1212 5322 μὴ
1243 5252 1351 5321 γὰρ
1396 5252 1559 5315 αὐτὸς
1593 5252 1897 5323 ἐνεκλήθης

220 5339 388 5389 Ὠστε
434 5338 621 5408 καιρὸν
671 5339 868 5409 εὑρεῖν,
901 5340 995 5391 καὶ
1026 5338 1086 5391 τὸ
1120 5340 1226 5392 πᾶν
1258 5340 1632 5411 καταστρέψαι
1681 5342 1775 5394 καὶ
1808 5345 1901 5395 ὲκ·-

218 5424 424 5478 καῦσαι
454 5424 547 5477 τοῦ
598 5426 771 5497 δήμου
821 5427 912 5479 τὸν
957 5425 1148 5496 θυμόν.
1210 5424 1362 5490 Εἶδες
1409 5427 1579 5497 θυμὸν
1632 5428 1898 5495 ἀτακτον;

218 5512 421 5575 Καλῶς
447 5513 540 5565 καὶ
564 5514 959 5583 ἐπιτιμητικῶς
994 5517 1021 5567 ό
1058 5518 1445 5586 γραμματεὺς,
1476 5518 1572 5582 Τίς
1605 5516 1757 5579 ἐστι.
1791 5536 1899 5589 φης

219 5601 332 5663 σὶν,
384 5599 451 5667 ὃς
505 5602 577 5655 οὐ
634 5600 914 5671 γινώσκει
962 5601 1077 5671 τὴν
1126 5603 1419 5671 Ἐφεσίων
1455 5606 1672 5667 πόλιν;
1713 5604 1901 5670 Οὕτως

219 5685 395 5739 εἰπών
441 5690 568 5760 περὶ
606 5680 666 5741 οὕ
697 5689 1017 5759 ἐφοϐοῦντο·
1047 5690 1182 5743 ώσεὶ
1233 5691 1437 5758 ἔλεγεν·
1471 5693 1545 5745 Οὐ
1572 5694 1898 5764 θεραπεύετε

218 5776 427 5839 αὐτήνς
472 5778 581 5830 Kal
617 5777 717 5831 οὐκ
746 5776 888 5844 εἶπε,
930 5779 1029 5842 Τίς
1065 5781 1174 5851 γάρ
1228 5780 1397 5843 ἐστιν,
1433 5780 1491 5843 ὃς
1523 5780 1583 5833 οὐ
1640 5781 1901 5850 γινώσκει

216 5866 325 5931 τὴν
363 5863 655 5935 Ἀρτεμιν;
697 5866 854 5928 ἀλλὰ.
886 5867 1005 5936 Τὴν
1028 5869 1209 5921 πόλιν
1254 5867 1354 5938 τὴν
1394 5870 1698 5939 ἡμετέραν·
1743 5868 1902 5942 θερα·

217 5949 409 6003 πεύων
464 5952 679 6017 αὐτούς.
729 5955 1200 6031 Ἀναντιρῤήτων
1237 5952 1352 6011 οὖν
1412 5958 1639 6012 τούτων
1688 5959 1899 6026 όντων,

275 6086 314 6158 ’⁸
342 6084 476 6133 Unus
494 6086 656 6158 τὸτῆς
678 6087 936 6158 εὐσεβείας.
1002 6091 1030 6133 b
1060 6089 1195 6141 Idem
1243 6090 1582 6153 θορυϐηθῶσιν·
1607 6089 1710 6140 ἀλλ’
1748 6092 1899 6150 οὕτως

216 6150 429 6210 τιατ-χειν
450 6165 494 6197 τι
514 6150 656 6199 αὐτὸν
679 6151 913 6202 ἐϐούλετο.

1308 464 1377 521 1N
1418 460 1600 519 ACTA
1640 450 2184 516 APOSTOLORUBI.
2220 447 2457 506 HOSHL.
2496 448 2659 504 XLH.

3590 442 3699 500 300

1996 570 2141 626 δέον
2176 568 2351 625 ἐστιν
2398 565 2557 636 ὑμᾶς
2590 561 3119 634 κατεσταλμένους
3161 562 3479 632 ὑπάρχειν.
3508 558 3697 613 Ταῦτα

1995 659 2157 731 δῆθεν
2176 657 2420 727 ἐγκαλεῖ,
2459 655 2741 728 μονονουχὶ
2778 654 2955 723 λέγων
2975 670 2990 686 ·
3045 652 3112 706 Τί
3138 651 3319 706 τοίνυν
3351 651 3568 720 ζητεῖτε
3619 648 3699 715 ὡς

1998 747 2213 818 ἀδήλων
2244 746 2453 811 ὅντωνς
2508 744 2766 815 φανερόν,
2797 742 2874 806 ὡς
2916 744 2951 814 ἡ
2980 741 3141 814 ὕϐρις
3171 741 3252 804 εἰς
3277 740 3379 811 τὴν
3410 738 3532 793 θεὸν
3576 737 3697 792 δια-

1999 836 2201 890 ϐαίνει.
2257 834 2565 906 Πρόσίημα
2615 834 2714 904 τὴν
2749 830 3032 886 εὐσέϐειαν
3064 829 3349 883 ἐϐούλοντο
3379 829 3557 882 ποιεῖν
3602 825 3697 881 τοῦ

1996 922 2409 996 χρηματισμοῦ.
2441 917 2577 975 Εἶτα
2619 920 2807 991 ἡρέμα
2839 919 3181 973 καθάπτεται
3206 917 3410 983 αὐτῶν,
3457 916 3698 979 δεικνὺς,

1994 1016 2079 1068 ὅτι
2108 1011 2415 1080 ἀλογίστως
2461 1010 2745 1080 συνῆλθον.
2787 1009 2899 1063 Kal
2950 1008 3170 1078 μηδὲν,
3205 1007 3363 1077 φησὶ,
3402 1003 3699 1075 προπετὲς

1993 1099 2301 1170 σφάττειν.
2355 1100 2605 1162 Δεικνῦς,
2637 1100 2719 1152 ὅτι
2754 1097 3047 1171 προπετῶς
3102 1094 3365 1169 ἔπραξαν,
3414 1094 3577 1147 τοῦτο
3612 1090 3697 1147 εἷ-

1996 1205 2121 1243 πεν.
2150 1190 2220 1243 ΕΙ
2244 1187 2364 1259 μὲν
2392 1184 2507 1243 οὖν
2542 1186 2873 1257 Δημήτριος
2901 1187 3001 1240 καὶ
3050 1188 3105 1240 οι
3129 1184 3255 1239 σὺν
3280 1181 3443 1248 αὐτῷ
3483 1184 3701 1253 ἔχουσι

1995 1277 2150 1346 πρός
2194 1294 2331 1332 τινα
2362 1281 2573 1349 λόγον,
2628 1278 2966 1332 ἀνθύπατοί
3010 1278 3151 1329 εισι.
3187 1274 3300 1327 Kal
3358 1270 3520 1325 τοῦτο
3551 1271 3700 1338 λέγει

1996 1366 2271 1436 ἐγκαλῶν,
2297 1367 2392 1421 καὶ
2408 1368 2623 1429 δεικνὺς
2644 1367 2728 1419 ὅτι
2754 1367 2856 1419 οὐκ
2878 1366 2985 1418 ἔδει
3013 1363 3301 1419 ἰδιωτικῶν
3327 1360 3699 1432 ἐγκλημάτων

1996 1456 2187 1511 ἕνεκεν
2226 1454 2410 1526 κοινὴν
2444 1454 2745 1525 ἐκκλησίαν
2779 1454 3077 1508 ποιεῖσθαι.
3118 1452 3231 1505 Kal
3258 1451 3368 1521 γὰρ
3390 1449 3703 1503 κινδυνεύ-

1995 1561 2163 1615 ομεν,
2205 1543 2393 1614 φησὶν,
2429 1542 2835 1611 ἐγκαλεῖσθαι.
2872 1541 3060 1612 Τούτῳ
3110 1540 3319 1611 σφόδρα
3369 1538 3569 1601 αὐτοὺς
3622 1536 3703 1589 δι-

1994 1633 2301 1703 ηπόρησεν.
2354 1630 2617 1695 Οὐδενὸς
2647 1632 2863 1694 αίτίου,
2894 1632 3082 1700 φησὶν,
3124 1626 3530 1696 ὑπάρχοντος,
3564 1624 3702 1693 περὶ

1995 1714 2070 1775 οὗ
2105 1718 2492 1789 δυνησόμεθα
2524 1722 2714 1789 λόγον
2765 1718 2980 1773 δοῦναι
3019 1717 3129 1787 τῆς
3170 1713 3532 1785 συστροφῆς
3560 1714 3702 1768 ταύ-

1994 1823 2126 1874 της.
2163 1809 2306 1879 ὐρα
2356 1808 2475 1871 πῶς
2524 1810 2573 1861 οἰ
2616 1808 2837 1862 ἄπιστοι
2884 1807 3170 1878 φρονίμως
3218 1803 3619 1873 ἀπολογοῦνται
3647 1812 3697 1867 ε,

1996 1898 2115 1961 πῶς
2161 1899 2421 1962 συνετῶς.
2456 1899 2644 1963 Οὕτως
2693 1898 2886 1952 ἐσϐεσε
2931 1898 3025 1951 τὸν
3088 1896 3283 1969 θυμόν.
3337 1896 3553 1968 Ὥσπερ
3580 1892 3701 1965 γὰρ·

1998 1985 2199 2059 ῥαδίως
2260 1987 2582 2054 ἐξάπτεται,
2638 1985 2782 2041 οὕτω
2833 1988 2928 2041 καὶ
2962 1986 3164 2058 ῥᾳδίως
3208 1983 3518 2038 σϐέννυται.
3586 1980 3701 2036 Kal

1996 2074 2186 2129 ταῦτα
2216 2074 2423 2141 εἰπὼν,
2453 2077 2732 2132 ἀπέλυσε
2757 2076 2874 2146 τὴν
2905 2075 3271 2143 ἐκκλησίαν,
3304 2071 3491 2145 φησίν.
3533 2070 3699 2143 Ὁρᾷς

1992 2162 2088 2216 τὸν
2130 2164 2264 2218 Θεὸν
2320 2164 2714 2237 συγχωροῦντα
2765 2166 2894 2229 τούς
2948 2162 3320 2237 ⁸πειρασμοῑις,
3357 2160 3453 2215 καὶ
3500 2158 3702 2228 διεγεί-

1998 2268 2164 2323 ροντα
2190 2252 2285 2307 καὶ
2305 2253 2682 2322 ἀφυπνίζοντα
2701 2255 2828 2318 τοὺς
2856 2252 3103 2325 μαθητὰς
3125 2251 3337 2314 τούτοις
3357 2250 3452 2304 καὶ
3475 2247 3701 2319 σφοδρο-

1996 2341 2194 2411 τέρους
2221 2340 2626 2414 ἐργαζόμενονς
2687 2341 2780 2413 Μὴ
2808 2342 2875 2413 δὴ
2902 2341 3343 2411 καταπίπτωμεν
3368 2340 3483 2401 τοῖς
3504 2350 3702 2407 πειρα-

2001 2431 2161 2499 σμοῖς
2178 2444 2194 2461 ·
2235 2430 2401 2495 αὐτὸς
2426 2430 2535 2501 γὰρ
2572 2431 2787 2501 ποιὴσει
2812 2430 2906 2484 καί⁵
2930 2428 3029 2501 τὴν
3056 2427 3280 2483 ἑκϐασιν
3312 2425 3408 2481 τοῦ
3438 2424 3701 2480 δύνασθαι

1999 2516 2347 2587 ὑπενεγκεῖν.

2071 2604 2238 2657 Οὐδὲν
2266 2604 2411 2659 οὕτω
2454 2605 2646 2676 φίλους
2686 2608 2833 2660 ποιεῖ
2866 2607 2963 2660 καὶ
2998 2607 3325 2679 συγκροτεῖ,
3366 2603 3443 2668 ώς
3467 2602 3647 2672 θλῖψις
3681 2617 3696 2632 ⁶

2000 2691 2153 2744 οὐδέν
2173 2690 2318 2746 οὕτω
2342 2694 2524 2747 συνδεῖ
2553 2694 2645 2748 καὶ
2667 2694 3112 2764 ἐπισφίγγειθτῶν
3130 2693 3343 2748 πιστῶν
3362 2692 3464 2755 τὰς
3479 2690 3660 2762 ψυχάς
3678 2705 3696 2722 ⁸

2000 2779 2153 2833 οὐδὲν
2181 2781 2314 2851 ἡμῖν
2332 2784 2446 2846 τοῖς
2475 2781 2819 2847 διδασκάλοις
2843 2782 3018 2846 οὕτως
3050 2782 3357 2855 ἐπιτήδειον
3390 2779 3529 2852 πρὸς
3554 2778 3703 2832 τδτά

2002 2870 2133 2939 παρ’
2155 2871 2312 2941 ἡμῶν
2334 2870 2612 2942 λεγόμενα
2632 2872 2950 2927 ἀκούεσθαι.
2988 2874 3077 2927 Ἑν
3101 2872 3202 2944 μὲν
3222 2871 3333 2942 γὰρ
3356 2871 3543 2925 ἀνέσει
3565 2885 3699 2937 τυγ-

2001 2958 2183 3026 χάνων
2230 2959 2529 3031 ἀκροατὴς,
2595 2960 2797 3032 χαῦνός
2846 2962 2907 3015 τέ
2974 2964 3091 3016 ἐστι
3146 2959 3241 3014 καὶ
3288 2958 3560 3031 ῥᾴθυμος,
3604 2955 3702 3010 καὶ

2002 3046 2340 3115 ἐνοχλεῖσθαι
2373 3048 2524 3102 δοκεῖ
2562 3051 2719 3123 παρά
2753 3048 2850 3103 τοῦ
2879 3050 3129 3119 λέγοντος
3164 3065 3179 3079 ·
3214 3049 3274 3103 ἐν
3301 3048 3359 3101 δέ
3392 3046 3573 3117 θλίψει
3605 3044 3702 3099 καὶ

2004 3136 2346 3207 στενοχωρίᾳ
2376 3138 2458 3200 εἰς
2482 3136 2686 3209 πολλὴν
2720 3137 3019 3209 ἐπιθυμίαν
3052 3137 3376 3209 ἀκροάσεως
3409 3134 3699 3205 ἐμπίπτει.

2004 3220 2528 3294 Στενοχωρούμενος
2575 3224 2687 3295 γὰρ
2726 3224 2826 3295 τὴν
2876 3224 3057 3295 ψυχὴν
3080 3264 3096 3289 ,
3146 3221 3490 3295 πανταχόθεν
3546 3220 3703 3293 ζητεῖ

2006 3310 2368 3381 παραμυθίαν
2412 3312 2513 3381 τῆς
2552 3311 2785 3381 θλίψεως
2823 3313 3005 3383 εὑρεῖν
3038 3329 3051 3342 ·
3075 3312 3138 3365 οὐ
3188 3312 3392 3382 μικρὰν
3442 3308 3500 3362 δέ
3544 3310 3702 3381 φέρει

2014 3394 2175 3464 λόγος
2215 3398 2597 3469 παραμυθίαν.
2655 3399 2721 3453 Τί
2770 3396 2886 3465 οὖν,
2940 3398 3129 3471 φησὶν,
3181 3400 3231 3452 οἰ
3277 3398 3553 3466 Ἰουδαῖοι;
3582 3395 3703 3462 πῶς

2006 3481 2315 3555 θλιϐόμενοι
2352 3486 2463 3540 ἀπὸ
2485 3486 2587 3558 τῆς
2614 3486 2971 3559 όλιγοψυχίας
2996 3488 3099 3542 οὐκ
3129 3487 3367 3559 ἢκουονς
3410 3488 3533 3563 ξὐτι
3569 3486 3703 3539 Ἰου-

2004 3570 2144 3624 δαῖοι
2182 3567 2346 3643 ἦσαν,
2378 3574 2428 3626 οἰ
2462 3574 2551 3627 ἀεὶ
2585 3574 2837 3639 ἀσθενεῖς
2876 3576 2971 3629 καὶ
3006 3576 3349 3646 ταλαίπωροι
3380 3591 3397 3609 ·
3429 3574 3609 3639 ἄλλως
3638 3591 3702 3629 τε

2005 3660 2101 3712 καὶ
2118 3660 2201 3713 ὅτι
2222 3660 2317 3713 καὶ
2334 3664 2452 3715 ἐκεῖ
2462 3662 2631 3733 πολλὴ
2645 3663 2677 3733 ἡ
2693 3661 2871 3733 θλῖψις
2896 3650 2988 3735 ἦν,
3010 3665 3144 3735 ἡμῖν
3166 3662 3223 3717 δὲ
3242 3661 3395 3737 [522]
3420 3663 3550 3735 περὶ
3572 3680 3703 3735 συμ-

2008 3750 2209 3819 μέτρου
2238 3749 2267 3801 ό
2288 3748 2617 3823 λόγος.”ορα
2652 3751 2781 3823 γάρ·
2815 3751 3227 3823 προσεδόκησαν
3260 3750 3701 3806 ἀπαλλάττεσθαι

2004 3837 2116 3891 τῶν
2138 3841 2483 3911 κατεχόντων
2516 3843 2715 3907 αὐτοὺς
2744 3842 2934 3895 κακῶν
2959 3844 3182 3908 ἐκεῖνοι,
3217 3843 3314 3895 καὶ
3354 3841 3570 3913 μυρίοις
3596 3858 3699 3894 πε-

2009 3927 2258 3999 ριέπεσον
2296 3930 2497 4001 μᾶλλον
2532 3932 2727 3994 δεινοῖς
2755 3947 2770 3962 ·
2805 3928 2965 3985 τοῦτο
3002 3932 3059 3985 δέ
3099 3932 3199 4001 οὐχ
3238 3930 3314 3995 ὡς
3341 3932 3532 4001 ἔτυχεν
3561 3930 3698 3983 ἀπο-

2009 4018 2092 4108 ρεῖ
2112 4015 2312 4108 ψυχὴν.
2340 4018 2410 4108 Δί
2434 4016 2643 4108 θλίψεις
2691 4018 3084 4108 ἀποσχίξουσιν
3347 4019 3445 4089 τῆς
3480 4035 3697 4108 συμπα-

2006 4102 2157 4167 θείας
2181 4104 2280 4173 τῆς
2316 4104 2456 4175 πρὸς
2490 4106 2583 4158 τὸν
2625 4106 2874 4175 παρόντα
2901 4106 3109 4177 κόσμον
3138 4123 3152 4136 ·
3191 4102 3394 4170 ε’ὐθέως
3445 4105 3580 4174 γοῦν
3604 4107 3696 4159 τὸν

2004 4189 2236 4245 θάνατον
2276 4192 2577 4262 αίτοῦμεν,
2613 4195 2710 4247 καὶ
2749 4194 2849 4247 οὐκ
2887 4194 3057 4265 ἐσμὲν
3100 4194 3472 4265 φιλοσώματοι
3510 4211 3523 4225 ·
3556 4195 3696 4265 ὅπερ

2008 4278 2269 4348 μέγιστον
2314 4280 2638 4349 φιλοσοφίας
2705 4282 2875 4353 μέρος
2912 4283 3051 4349 ἐστὶ,
3106 4283 3181 4356 μὴ
3234 4284 3523 4353 κεχηνέναι
3558 4283 3695 4353 μηδὲ

2006 4366 2395 4437 προσδεδέσθαι
2426 4373 2494 4441 τῇ
2535 4369 2789 4442 παρούσῃ
2828 4371 2963 4441 ζωῇ.
3004 4370 3072 4423 Ἠ
3113 4371 3407 4441 θλιϐομένη
3444 4371 3592 4443 ψυχὴ
3631 4372 3693 4424 οὐ

2018 4454 2271 4525 βούλεται
2331 4457 2465 4527 περὶ⁵
2522 4457 2693 4511 πολλά
2741 4454 2904 4523 εἶναι,
2970 4458 3085 4511 ἀλλ’
3143 4459 3504 4522 ἀναπαύσεώς
3549 4477 3694 4525 τινος

2008 4545 2170 4612 μόνον
2197 4545 2290 4597 καὶ
2315 4545 2546 4614 ἡσυχίας
2577 4547 2679 4617 ἐρᾷ
2705 4562 2718 4576 ·
2748 4547 3036 4616 ἀγαπητὸν
3072 4546 3209 4618 αὐτῇ
3254 4549 3363 4600 τῶν
3407 4548 3693 4619 παρόντων

2004 4632 2410 4702 ἀπαλλαγῆναι,
2469 4634 2575 4686 κᾶν
2641 4633 2810 4705 μηδὲν
2870 4634 3057 4703 ἕτερον
3214 4635 3484 4707 Καθάπερ
3534 4636 3694 4705 σῶμα

2004 4721 2315 4791 πεπονηκὸς
2376 4721 2471 4774 καὶ
2525 4721 2945 4792 ταλαιπωρηθὲν
3009 4722 3110 4775 οὐκ
3153 4723 3285 4793 ἐρᾷν
3330 4720 3598 4792 βούλεται,
3628 4724 3688 4777 οὐ

2003 4808 2415 4879 γαστρίζεσθαι,
2446 4809 2565 4863 ἀλλ’
2609 4809 2991 4863 ἀναπαύεσθαι
3048 4812 3146 4865 καὶ
3190 4812 3367 4882 ἡσυχῇ
3416 4812 3635 4866 κεῖσθαι
3672 4828 3687 4843 ·

2003 4894 2148 4948 οὕτω
2178 4897 2273 4949 καὶ
2318 4896 2464 4968 ψυχὴ
2514 4898 2732 4969 μυρίοις
2790 4898 3179 4969 ταριχευθεῖσα
3220 4897 3245 4936 ά
3281 4901 3493 4964 κακοῖς,
3551 4899 3689 4970 πρὸς

2003 4986 2315 5038 ἀνάπαυσιν
2350 4987 2444 5039 καὶ
2473 4986 2702 5056 ἡσυχίαν
2750 4988 3035 5054 ἐπείγεται
3090 4984 3249 5051 εἰναι.
3286 4990 3349 5041 Ἦ
3408 4990 3466 5040 ἐν
3504 4988 3689 5041 ἀνέσει

2004 5068 2139 5125 οὖσα
2169 5074 2451 5144 ἐπτόηται,
2491 5072 2872 5145 τεθορύϐηται,
2911 5074 3186 5145 μετέωρός
3235 5077 3385 5153 ἐστιν
3411 5093 3423 5105 ⁸
3452 5076 3594 5147 αὕτη
3629 5077 3688 5130 δὲ

2005 5160 2157 5212 οὐδὲν
2181 5162 2409 5231 κεχηνὸς
2432 5162 2630 5230 ἔχουσα
2676 5162 2798 5215 οὐδὲ
2840 5162 3115 5234 διαρρέον,
3172 5164 3267 5235 ὅλη
3293 5166 3688 5235 συνέσφιγκται

2005 5249 2099 5299 καὶ
2126 5249 2279 5317 μένει
2313 5250 2718 5320 ἀμετεώριστος
2764 5266 2778 5281 ·
2818 5253 2905 5304 καί
2940 5254 2973 5322 ἡ
3026 5252 3123 5322 μὲν
3162 5253 3534 5327 ἀνδρειοτέρα,
3565 5258 3598 5327 ἡ
3630 5256 3686 5310 δὲ

2005 5336 2375 5408 παιδικωτέρα
2404 5338 2518 5389 ἐστί
2554 5354 2567 5369 ·
2606 5339 2698 5390 καὶ
2721 5340 2754 5408 ἡ
2780 5339 2877 5409 μὲν
2907 5338 3201 5412 βαρυτέρα,
3226 5342 3337 5413 ἡδὲ
3362 5346 3683 5416 κουφοτέρα.

2006 5424 2116 5476 Kal
2146 5424 2400 5495 καθάπερ
2449 5428 2505 5477 ἐν
2545 5425 2725 5496 πολλῷ
2766 5426 2917 5479 ὕδατι
2971 5430 3212 5499 ἐμπεσόν
3256 5448 3307 5484 τι
3352 5432 3554 5501 κοῦφον
3586 5450 3686 5485 σα-

2003 5508 2222 5562 λεύεται
2250 5526 2265 5541 ·
2300 5510 2443 5563 οὕτω
2471 5513 2569 5565 καὶ
2608 5514 2689 5576 εἰς
2712 5514 2911 5584 πολλὴν
2952 5518 3128 5587 χαρὰν
3162 5519 3481 5587 ἐμπεσοῦσα
3515 5520 3683 5591 ψυχή.

2003 5598 2115 5652 Καὶ
2134 5599 2203 5652 τὰ
2230 5599 2464 5670 μέγιστα
2500 5602 2557 5655 δὲ
2586 5605 2715 5673 ἡμῖν
2758 5605 3133 5676 ἁμαρτήματα
3182 5609 3290 5661 ἀπὸ
3336 5608 3540 5679 πολλῆς
3564 5610 3685 5679 ἡδο-

2004 5686 2105 5756 νῆς
2136 5688 2480 5759 γεγενημένα
2536 5690 2631 5743 ῐδοι
2666 5709 2749 5754 τις
2796 5692 2882 5747 ἄν.
2935 5696 3045 5748 Kal
3093 5697 3144 5749 εἰ
3193 5696 3470 5766 βούλεσθε,
3506 5698 3685 5759 οἰκίας

2006 5775 2420 5848 ὐπογράψωμεν
2440 5778 2552 5845 δύο,
2584 5780 2683 5848 τὴν
2711 5782 2808 5852 μὲν
2840 5783 3184 5853 γαμούντων,
3213 5788 3311 5854 τὴν
3343 5786 3398 5838 δὲ
3430 5786 3687 5839 πενθούν-

2004 5879 2114 5916 των
2143 5879 2156 5891 ·
2194 5864 2525 5935 εἰσέλθωμεν
2573 5867 2652 5938 τῷ
2686 5869 2829 5941 λόγῳ
2852 5872 2990 5941 πρὸς
3024 5874 3322 5945 ἑκατέρους
3343 5890 3356 5902 ο
3378 5872 3577 5944 ἴδωμεν
3602 5872 3685 5937 τίς

2004 5951 2149 6017 τίνος
2184 5952 2422 6023 βελτίων.
2456 5954 2830 6028 Εὐρεθὴσεται
2863 5960 2970 6032 γάρ
2998 5963 3031 6031 ἡ
3057 5963 3149 6015 τοῦ
3191 5961 3515 6026 πενθοῦντος
3542 5962 3686 6031 φιλο-

2010 6045 2201 6113 σοφίας
2258 6047 2524 6116 γέμουσα,
2579 6052 2612 6121 ἡ
2670 6052 2727 6104 δε
2782 6052 2877 6105 τοῦ
2925 6054 3229 6124 γαμοῦντος
3272 6052 3680 6124 ἀσχημοσύνης,

2075 6152 2099 6183 ³
2137 6150 2504 6215 Ἀπώογοῦνται
2526 6155 2670 6208 deest
2692 6160 2739 6207 in
2764 6159 3069 6219 quibusdam.
3166 6160 3193 6199 ά
3216 6159 3357 6213 Alius
3374 6159 3671 6221 ταραχθεῖσα.
