4070 6526
431 467 528 523 301

428 580 571 653 Ὅρα
625 581 730 649 γάρ
761 595 773 606 ·
807 578 1006 649 αἰσχρά
1071 580 1186 632 ἐκεῖ
1217 591 1243 620 ι
1295 581 1534 651 ῥήματα,
1584 578 1756 646 γέλως
1815 577 2070 642 ἄτακτος,

430 670 646 740 βήματα
668 668 1022 738 ἀτακτότερα,
1067 667 1229 737 στολὴ
1285 667 1379 720 καὶ
1435 665 1643 736 βάδισις
1690 663 2075 735 ἀσχημοσύνης

425 758 686 827 γέμουσα,
745 758 999 826 σχήματα
1050 755 1247 826 πολλῆς
1297 755 1481 818 ἀνοίας
1529 757 1625 808 καὶ
1665 754 1874 825 μωρίας
1920 771 1934 785 ο
1978 757 2072 807 καὶ

425 846 560 906 ὅλως
584 843 732 896 οὐδὲν
753 845 938 914 ἕτερον
983 843 1017 914 ἢ
1070 843 1243 896 πάντα
1297 842 1469 911 γέλως
1510 842 1605 895 καὶ
1655 841 1968 909 κατάγελως
2002 839 2070 893 τά

425 935 559 986 ἐκεῖ.
589 933 700 1003 Οὐχ
728 935 757 986 ὁ
805 933 1002 1004 γάμος,
1056 931 1215 1000 λέγω,
1261 933 1335 1002 μὴ
1381 933 1590 1001 γένοιτο
1621 947 1634 961 ·
1669 930 1806 986 ἀλλά
1857 931 1924 982 τά
1947 929 2076 1001 περὶ

422 1019 511 1072 τὸν
549 1020 744 1090 γάμον.
789 1018 1210 1088 Ἐκϐακχεύεται
1255 1019 1378 1072 τότε
1415 1021 1448 1089 ἡ
1494 1019 1684 1087 φύσις,
1735 1019 1907 1085 άλογα
1953 1019 2074 1070 ἀντι

421 1105 726 1176 ἀνθρώπων
754 1106 803 1157 οί
827 1105 1091 1176 παρόντες
1121 1105 1379 1174 γίνονται,
1428 1108 1475 1160 οί
1524 1107 1619 1176 μὲν
1654 1104 1728 1166 ὡς
1764 1107 1920 1159 ῖπποι
1944 1121 2072 1175 χρε-

423 1194 746 1263 μετίζουσιν,
767 1194 816 1245 οί
839 1192 894 1245 δὲ
924 1193 1002 1256 ὡς
1029 1194 1138 1246 δνοι
1159 1192 1464 1258 λακτίζουσι
1485 1209 1499 1224 ·
1521 1193 1688 1264 πολλὴ
1709 1193 2001 1264 ὴδιάχυσις
2020 1191 2068 1255 δ,

422 1281 589 1350 πολλὴ
623 1283 656 1351 ὴ
690 1281 951 1344 διάλυσις,
1009 1281 1162 1334 οὐδὲν
1225 1281 1530 1345 σπουδαῖον,
1593 1281 1745 1334 οὐδὲν
1773 1282 2018 1349 γενναῖον
2051 1296 2065 1312 ·

418 1369 584 1439 πολλὴ
608 1371 725 1422 ἐκεῖ
749 1368 842 1422 τοῦ
875 1369 1119 1422 διαϐόλου
1146 1370 1179 1440 ὴ
1209 1369 1425 1440 πομπὴ,
1459 1368 1732 1438 κύμϐαλα,
1768 1367 1942 1431 αὐλοὶ,
1974 1368 2065 1421 καὶ

415 1455 632 1528 ᾅσματα
659 1458 917 1527 πορνείας
940 1458 1173 1527 γέμοντα
1197 1459 1290 1509 καί
1318 1457 1578 1527 μοιχείας.
1618 1456 1764 1510 Ἀλλ’
1790 1456 1889 1509 οὐκ
1918 1457 2064 1523 ἐκεῖ,

414 1544 543 1597 ἔνθα
563 1545 623 1597 τὸ
640 1544 853 1610 πένθος,
874 1544 1011 1598 ἀλλά
1035 1545 1211 1598 πάντα
1236 1545 1473 1598 εὐτακτα
1492 1561 1505 1574 ·
1539 1543 1703 1613 πολλὴ
1725 1543 1834 1613 γάρ
1857 1545 1889 1615 ἡ
1914 1543 2060 1614 σιγὴ,

411 1632 584 1702 πολλὴ
624 1634 903 1704 ήὴσυχία,
946 1632 1111 1702 πολλὴ
1159 1633 1191 1702 ἡ
1241 1632 1566 1703 καταστολὴ,
1611 1632 1760 1685 οὐδὲν
1808 1633 2061 1698 ἄτακτον,

413 1719 566 1772 οὐδὲν
593 1720 868 1789 ἄρρυθμον
892 1736 905 1750 ο
930 1719 982 1771 εἰ
1009 1718 1091 1782 τίς
1111 1736 1163 1771 τι
1207 1720 1299 1771 καὶ
1338 1717 1656 1786 ἐφθέγξατο,
1703 1718 1882 1771 πάντα
1923 1717 2066 1786 φιλο-

415 1802 603 1873 σοφίας
633 1805 868 1874 γέμοντα
908 1807 1127 1876 ῥήματα
1158 1805 1459 1874 ἐφθέγξατο
1490 1820 1504 1834 °
1537 1807 1631 1858 καὶ
1659 1805 1720 1857 τὸ
1746 1805 1810 1874 δὴ
1852 1803 2064 1874 θαυμα-

413 1895 558 1956 στὸν,
585 1894 666 1944 ὅτι
701 1893 841 1962 παρ’
866 1893 1072 1946 ἐκεῖνον
1116 1894 1206 1946 τὸν
1251 1894 1438 1963 καιρὸν
1487 1893 1586 1946 οὐκ
1637 1893 1828 1962 ἀνδρες
1879 1892 2059 1962 μόνον,

411 1980 546 2034 ἀλλά
569 1980 662 2032 καὶ
682 1981 870 2036 οἰκεῖοι
893 1981 986 2040 καὶ
1010 1983 1264 2049 γυναῖκες
1302 1980 1668 2049 φιλοσοφοῦσι.
1699 1981 1931 2048 Τοιαύτη
1953 1981 2060 2050 γάρ

408 2067 557 2138 ἡτοῦ
584 2068 810 2129 πένθους
843 2067 1022 2135 φύσις.
1057 2068 1167 2121 Καὶ
1206 2069 1419 2121 δοκοῦσι
1467 2069 1566 2136 μὲν
1610 2067 1944 2138 παρακαλεῖν
1968 2067 2058 2120 τὸν

407 2152 725 2216 πενθοῦντα,
765 2155 931 2225 μυρία
978 2153 1034 2208 δὲ
1090 2153 1414 2222 φθέγγονται
1453 2153 1695 2222 δόγματα
1741 2153 2058 2222 φιλοσοφίας

410 2241 584 2311 μεστά
613 2257 626 2270 °
656 2241 811 2316 εὐχαὶ
850 2240 1051 2304 εὐθέως
1091 2239 1232 2294 ὥστε
1272 2240 1432 2310 μέχρι
1465 2239 1653 2292 τούτου
1690 2241 1906 2309 στῆναι,
1964 2241 2058 2294 καὶ

409 2331 584 2384 ἱκανοὶ
613 2331 662 2383 οῖ
695 2331 786 2384 τὸν
830 2331 1174 2400 πεπονηκότα
1238 2329 1738 2399 παραμυθούμενοι,
1795 2329 1890 2382 καὶ
1951 2330 2056 2383 ἀπ-

408 2419 735 2488 αριθμήσεις
761 2417 867 2470 τῶν
882 2418 1102 2471 τοιαῦτα
1125 2416 1460 2470 πενθούντων
1481 2416 1690 2488 μυρίαι.
1706 2417 1770 2468 Τί
1787 2417 1894 2487 γάρ
1910 2418 2056 2469 ἐστιν

403 2508 721 2577 ἄνθρωποςς
756 2505 866 2576 Τῆς
894 2506 1104 2573 φύσεως
1136 2499 1384 2567 ἐξέτασις
1401 2505 1498 2573 τῆς
1516 2503 1806 2574 ἡμετέρας.

471 2595 533 2648 δ’.
548 2595 612 2646 Τί
626 2595 802 2647 τοίνυν
817 2594 960 2646 ἐστὶν
977 2592 1278 2663 άνθρωπος;
1296 2591 1399 2644 Τοῦ
1418 2591 1530 2661 βίου
1549 2590 1746 2659 καὶτῆς
1762 2589 2033 2652 εὐτελείας

405 2679 557 2756 [525]
594 2681 756 2735 αὐτοῦ
787 2680 1108 2752 κατηγορία,
1142 2679 1444 2748 ἀνάμνησις
1484 2677 1592 2730 τῶν
1623 2679 1679 2729 ἐν
1701 2676 1778 2745 τῷ
1808 2676 2054 2745 μέλλοντι

405 2769 766 2840 πραγμάτων,
813 2769 911 2837 τῆς
948 2766 1201 2835 κρίσεως.
1227 2765 1494 2826 Ἕκαστος
1548 2762 1727 2816 οἴκαδε
1762 2764 2051 2834 ἀναχωρεῖ,

407 2856 514 2908 ἀπὸ
547 2856 644 2924 μὲν
674 2855 849 2924 γάμου
883 2852 1234 2922 λυπούμενος,
1293 2853 1374 2904 ὃτι
1421 2851 1486 2922 δὴ
1542 2850 1703 2912 αὐτὸς
1757 2851 1830 2919 μὴ
1863 2852 1921 2900 ἐν
1959 2851 2052 2902 εὐ-

400 2942 612 3017 πραγίᾳ
655 2943 800 2994 ἐστίν
838 2957 854 2973 ·
903 2940 1010 2994 ἀπὸ
1044 2940 1100 2992 δὲ
1142 2938 1370 3000 πένθους
1403 2937 1704 3006 ἀνειμένος,
1759 2936 1841 2988 δτι
1873 2936 1936 3006 δὴ
1977 2936 2051 3007 μὴ

398 3031 620 3084 τοιαῦτα
676 3029 866 3093 ἔπαθε,
925 3028 1018 3081 καὶ
1057 3025 1156 3094 τὴν
1209 3025 1514 3095 φλεγμονὴν
1567 3023 1766 3084 σϐέσας
1835 3023 2052 3076 ἃπασαν

399 3117 660 3188 ἀπῆλθεν.
709 3116 871 3168 Ἀλλά
925 3113 1014 3178 τί;
1067 3112 1242 3176 θέλεις
1289 3113 1357 3164 τά
1407 3112 1785 3181 δεσμωτήρια,
1837 3113 1931 3163 καὶ
1983 3111 2052 3163 τά

401 3204 603 3273 θέατρα
651 3201 1123 3269 ἀντεξετάσωμεν;
1173 3199 1229 3250 '0
1283 3200 1380 3269 μὲν
1444 3197 1550 3266 γάρ
1611 3196 1857 3265 θλίψεως,
1922 3199 1950 3249 ό
1997 3198 2054 3250 δὲ

400 3292 590 3360 ἡδονῆς
619 3290 797 3352 τόπος.
830 3288 962 3358 Φέρε
1019 3282 1145 3350 οῦν,
1196 3286 1391 3354 ῖδωμεν
1422 3283 1488 3336 τά
1527 3283 1584 3348 ἐξ
1609 3283 1882 3353 ἑκατέρων
1917 3300 2054 3352 συμ-

401 3382 672 3437 ϐαίνοντα.
719 3381 867 3434 Ἐκεῖ
912 3377 1194 3448 φιλοσοφία
1242 3376 1407 3444 πολλή
1443 3392 1456 3404 ο
1498 3374 1624 3427 ἔνθα
1671 3374 1779 3444 γάρ
1822 3376 2048 3444 ἀθυμία,

400 3470 494 3525 καὶ
524 3469 806 3538 φιλοσοφία
832 3468 1066 3526 πάντως.
1083 3465 1141 3516 'U
1169 3463 1273 3532 πρὸ
1295 3461 1482 3514 τούτου
1506 3461 1766 3526 πλουτῶν,
1788 3465 1815 3514 ὁ
1842 3464 2048 3532 μεγάλα

399 3557 604 3629 φυσῶν,
631 3556 725 3609 καὶ
765 3554 856 3605 τοῦ
915 3553 1167 3622 τυχόντος
1215 3549 1462 3612 ἀνέξεται
1506 3545 1888 3618 διαλεγομένου
1916 3551 2050 3620 πρὸς

395 3645 578 3706 αὐτὸν,
605 3643 697 3696 τοῦ
729 3642 892 3710 φόϐου
924 3641 1016 3692 καὶ
1043 3639 1140 3708 τῆς
1171 3637 1407 3706 ἀθυμίας
1431 3636 1676 3706 καθάπερ
1705 3637 1847 3699 τινὸς
1879 3639 2049 3707 πυρός

399 3730 748 3803 σφοδροτέρου
783 3727 1132 3789 ἐπιπεσόντος
1177 3723 1342 3779 αὐτοῦ
1383 3727 1450 3794 τῇ
1493 3723 1674 3794 ψυχῇ,
1715 3726 1810 3779 καὶ
1846 3726 2041 3796 μαλάτ.

395 3835 575 3880 τοντος
605 3817 664 3869 :0
693 3815 922 3885 σκληρόν
949 3829 964 3844 ·
999 3814 1118 3866 τότε
1151 3813 1402 3874 ταπεινὸς
1423 3812 1647 3880 γίνεται,
1667 3814 1784 3865 τότε
1812 3813 2051 3884 σκυθρω-

399 3909 497 3967 1:0;
527 3917 574 3969 ο,
597 3905 716 3958 τότε
765 3905 863 3972 τῆς
923 3901 1219 3972 μεταϐολῆς
1287 3901 1598 3955 αἰσθάνεται
1630 3902 1738 3973 ,τῆς
1767 3901 2044 3972 βιωτικῆς,

395 3997 514 4048 τότε
555 3994 812 4064 καρτερεῖ
853 3990 988 4060 πρὸς
1047 3988 1240 4042 πάντα.
1283 3989 1373 4042 Ἐν
1420 3989 1476 4041 δὲ
1527 3989 1737 4059 θεάτρῳ
1770 3991 1947 4043 πάντα
1980 3993 2047 4046 τά

395 4081 631 4142 ἐναντία,
663 4080 854 4148 γέλως,
883 4076 1193 4147 αἰσχρότης,
1227 4076 1418 4145 πομπὴ
1443 4076 1738 4146 διαϐολικὴ,
1777 4077 2042 4146 διάχυσις,

393 4170 652 4239 ἀνάλωμα
680 4167 894 4238 χρόνου,
935 4167 1028 4218 καὶ
1053 4165 1264 4234 δαπάνη
1302 4165 1523 4236 ἡμερῶν
1557 4165 1805 4236 περιττὴ,
1858 4167 2044 4220 ἐπιθυ-

399 4259 524 4331 μίας
552 4256 749 4311 ἀτόπου
778 4253 1110 4323 κατασκευὴ,
1139 4254 1381 4322 μοιχείας
1406 4253 1625 4322 μελέτη,
1667 4255 1915 4324 πορνείας
1946 4271 2044 4322 γυ-

398 4349 639 4421 μνάσιον,
658 4346 944 4407 ἀκολασίας
967 4343 1350 4405 διδασκαλεῖον,
1374 4341 1652 4413 προτροπὴ
1669 4345 2040 4413 αίσχρότητος,

395 4437 628 4506 γέλωτος
672 4433 944 4498 ὑπόθεσις,
993 4433 1372 4501 ἀσχημοσύνης
1425 4431 1863 4501 παραδείγματα.
1904 4431 2042 4483 Ἀλλ’

394 4525 455 4574 οὐ
480 4522 538 4574 :0
568 4520 937 4590 δεσμωτήριον
961 4516 1195 4570 τοιοῦτον
1222 4531 1236 4545 '
1260 4517 1374 4570 ἀλλ’
1410 4518 1524 4569 ἐκεῖ
1549 4517 2039 4588 ταπεινοφροσύνη.

393 4611 757 4684 παράκλησις,
781 4607 1094 4678 φιλοσοφίας
1132 4604 1435 4676 προτροπὴ,
1479 4606 1749 4674 ὑπεροψία
1774 4605 1883 4660 τῶν
1923 4608 2042 4675 βιω·

393 4700 560 4753 τικῶν
611 4714 624 4729 ⁸
679 4698 852 4750 πάντα
881 4696 1188 4763 πεπάτηται
1243 4694 1335 4747 καὶ
1395 4695 1894 4766 καταπεφρόνηται,
1950 4698 2042 4749 καὶ

397 4785 644 4855 καθάπερ
693 4783 886 4852 παιδίῳ
926 4779 1272 4847 παιδαγωγὸς
1315 4781 1343 4832 ό
1379 4779 1544 4847 φόϐος
1582 4781 1868 4850 ἐφέστηκε,
1906 4784 2040 4852 πρὸς

397 4874 572 4925 πάντα
589 4871 656 4923 τά
684 4869 867 4921 δέοντα
895 4868 1171 4937 ῥυθμίζων
1192 4867 1373 4920 αὐτόν.
1416 4867 1552 4921 Ἀλλ’
1576 4870 1622 4921 εί
1650 4868 1849 4938 βούλει,
1879 4871 2040 4924 πάλιν

398 4961 596 5029 ἑτέρως
649 4956 988 5023 ἐξετάσωμεν
1011 4957 1133 5017 τοὺς
1187 4955 1381 5017 αὐτοὺς
1438 4956 1652 5018 τόπους.
1715 4956 2043 5030 Ἐϐουλόμην

398 5046 672 5114 συντυχεῖν
721 5041 988 5115 ἀνθρώπῳ
1039 5041 1144 5092 ἀπὸ
1196 5041 1420 5111 θεάτρου
1472 5043 1729 5104 κατιόντι,
1783 5049 1874 5100 καὶ
1901 5049 2043 5117 ἀλλῳ

393 5130 501 5184 ἀπὸ
537 5124 904 5197 δεσμωτηρίου
953 5123 1169 5188 ἐξιόντι,
1216 5126 1310 5176 καὶ
1366 5120 1503 5186 εἶδες
1553 5125 1618 5177 ἀν
1674 5127 1766 5180 τοῦ
1819 5131 1915 5197 μὲν
1938 5132 2036 5201 τὴν

393 5217 571 5290 ψυχὴν
607 5213 965 5283 ἐπτοημένην,
1019 5211 1480 5283 τεθορυϐημένην,
1530 5212 1822 5285 δεδεμένην
1850 5220 2036 5283 ὅντως,

395 5305 488 5358 τοῦ
516 5304 571 5357 δὲ
595 5300 1240 5371 ἀνειμένην,λελυμένην,
1267 5300 1672 5372 ἐπτερωμένην.
1717 5304 1772 5356 Ὀ
1798 5307 1894 5373 μὲν
1936 5311 2042 5378 γάρ

400 5393 506 5446 ἀπὸ
528 5390 619 5443 τοῦ
651 5388 877 5459 θεάτρου
905 5387 1189 5456 ἀναχωρεῖ,
1225 5391 1344 5450 ταῖς
1373 5388 1528 5458 ὄψεσι
1557 5389 1666 5440 τῶν
1707 5392 1824 5444 ἐκεῖ
1847 5412 2039 5460 γυναι-

399 5480 512 5535 κῶν
562 5477 889 5551 προσδεθεὶς,
940 5477 1135 5539 παντὸς
1191 5477 1410 5546 σιδήρου
1463 5478 1814 5550 χαλεπώτερα
1862 5487 2041 5553 φέρων

397 5567 591 5637 δεσμὰ,
624 5570 745 5630 τοὺς
765 5566 959 5628 τόπους
986 5566 1110 5627 τοὺς
1132 5565 1348 5630 ἐκεῖ,τά
1368 5567 1606 5636 ῥήματα,
1640 5567 1708 5619 τὰ
1745 5572 2000 5639 σχήματα
2027 5596 2036 5607 ·

399 5660 429 5712 ὁ
465 5658 520 5710 δὲ
546 5656 651 5709 ἀπὺ
677 5653 1067 5726 δεσμωτηρίου,
1098 5653 1310 5706 πάντων
1356 5653 1583 5718 ἀνεθεὶς,
1610 5656 1709 5708 οὐκ
1741 5657 1819 5710 ἔτι
1847 5661 2041 5732 ηγησε-

398 5763 489 5799 ται
512 5746 737 5814 πάσχειν
763 5758 813 5792 τι
835 5740 1023 5801 δεινὸν,
1055 5742 1165 5803 τοῖς
1192 5741 1297 5793 τῶν
1336 5740 1538 5809 ἐτέρων
1573 5743 1640 5793 τά
1671 5744 1832 5798 αὐτοῦ
1869 5765 2043 5820 παρα-

400 5831 626 5888 ϐάλλων.
662 5830 780 5883 Ὀτι
809 5830 868 5881 οὐ
894 5829 1122 5892 δέδεται,
1167 5831 1324 5899 χάριν
1381 5829 1585 5881 εἵσεται
1636 5829 1840 5897 λοιπὸν,
1871 5853 2039 5892 κατα-

401 5919 654 5991 φρονήσει
685 5916 792 5969 τῶν
836 5916 1188 5988 ἀνθρωπίνων
1226 5919 1583 5988 πραγμάτων,
1617 5919 1846 5984 πολλοὺς
1883 5926 2043 5980 πλου.

465 6017 489 6043 α
519 6003 646 6074 Ἐκεῖ
678 6004 825 6074 _d_gest
867 6009 927 6074 ἱῐι⁸
974 6020 1086 6074 υιιο.
1187 6007 1211 6043 δ’
1258 6009 1306 6058 In
1336 6010 1505 6059 eodem
1537 6010 1685 6066 πο))·ἠ
1739 6010 1768 6063 ἠ
1829 6011 2040 6074 διάχυσις

404 6068 562 6121 deest.
628 6071 647 6095 ‘
663 6069 798 6120 Alius
818 6070 1213 6132 σκυθρωπότερος.

1191 462 1248 520 S.
1287 460 1567 519 JOANNIS
1601 457 2088 519 CHRYSOSTOMI
2128 459 2447 518 ARCIIIEP.
2487 461 3031 520 CONSTANTINOP.

3732 466 3840 520 309

2178 577 2402 642 τοῦντας
2423 579 2565 650 όρῶν
2594 581 2651 632 ἐν
2684 585 3012 652 συμφοραῖς,
3046 579 3214 634 πολλά
3243 581 3335 636 καὶ
3369 581 3579 651 μεγάλα
3605 580 3839 652 δυναμέ-

2178 681 2300 727 νους
2325 667 2416 718 καὶ
2445 666 2757 737 δεδεμένους
2785 670 2902 722 ἐκεῖ
2926 685 2940 699 ’
2969 668 3069 722 κάν
3089 668 3286 732 ἀδίκως
3304 686 3357 720 τι
3387 671 3554 740 πάθῃ,
3583 671 3676 723 καὶ
3700 669 3836 738 πρὸς

2177 749 2334 803 τοῦτο
2383 754 2712 822 καρτερήσει
2756 770 2770 783 ο
2812 756 2906 807 καὶ
2942 754 3051 825 γάρ
3092 755 3183 808 καὶ
3216 755 3406 807 τούτου
3439 755 3607 807 πολλά
3629 758 3742 808 ἐκεῖ
3765 755 3837 806 τά

2180 837 2543 907 ύποδείγματα
2572 857 2586 870 ’
2621 843 2702 904 είς
2725 840 2932 895 ἔννοιαν
2965 842 3242 895 ἐλεύσεται
3272 846 3371 914 τῆς
3401 843 3698 912 μελλούσης
3722 842 3836 910 κρί-

2176 941 2333 988 σεως,
2371 927 2463 979 καὶ
2499 927 2677 997 φρίξει
2709 930 2837 992 τοὺς
2858 930 3059 992 τόπους
3093 930 3326 982 ἐνταῦθα
3368 930 3526 1000 ὁρῶν.
3562 930 3834 998 Καθάπερ

2173 1011 2280 1080 γάρ
2308 1013 2540 1068 ἐνταῦθα
2570 1017 2628 1068 ἐν
2656 1015 3014 1086 δεσμωτηρίῳ
3047 1018 3554 1088 συγκεκλεισμένος,
3584 1015 3833 1086 ἐπιεικὴς

2171 1101 2308 1170 1:90;
2341 1102 2546 1165 πάντας
2586 1103 2733 1155 ἐστίν
2778 1119 2792 1133 ο
2837 1103 2980 1156 οὓτω
3013 1103 3251 1156 κάκεῖνοι
3281 1105 3388 1174 πρὸ
3429 1105 3530 1174 τῆς
3570 1105 3830 1175 κρίσεως,

2171 1188 2280 1258 πρὸ
2305 1190 2404 1259 τῆς
2438 1190 2735 1259 μελλούσης
2764 1193 2996 1261 ἡμέρας,
3017 1191 3152 1262 πρὸς
3179 1196 3430 1260 γυναῖκα,
3453 1195 3590 1262 πρὸς
3620 1193 3830 1254 παιδία,

2170 1275 2305 1344 πρὸς
2337 1278 2463 1339 τοὺς
2494 1277 2713 1340 οἰκέτας
2738 1278 2949 1330 έσονται
2980 1279 3392 1349 ἐπιεικέστεροι.
3428 1279 3580 1332 Ἀλλ’
3604 1281 3712 1332 ἀπὸ
3733 1280 3832 1333 τοῦ

2169 1361 2398 1434 θεάτρου
2419 1363 2516 1432 οὐχ
2537 1362 2732 1426 οῦτως,
2756 1364 2873 1417 ἀλλ’
2895 1365 3222 1437 ἀηδέστερον
3244 1367 3430 1434 ὄψεται
3451 1370 3552 1437 τὴν
3574 1371 3831 1435 γυναῖκα,

2166 1448 2259 1500 καὶ
2283 1449 2547 1520 δυσχερὴς
2571 1451 2707 1521 πρὸς
2737 1452 2864 1514 τοὺς
2897 1453 3129 1515 οίκείους
3157 1453 3330 1517 ἔσται,
3358 1436 3832 1524 παροξῦνθήσεται

2165 1537 2304 1607 πρὸς
2334 1537 2405 1590 τά
2446 1538 2652 1602 παιδία,
2683 1540 3150 1611 ἐκθηριωθήσεται
3173 1544 3308 1612 πρὸς
3339 1543 3566 1607 πάντας.
3601 1545 3832 1611 Μεγάλα

2164 1625 2308 1678 κακά
2351 1625 2423 1678 τὰ
2488 1626 2690 1696 θέατρα
2738 1630 3147 1698 παρασκευάζει
3185 1633 3304 1692 ταῖς
3346 1629 3554 1692 πόλεσι,
3589 1632 3829 1700 μεγάλα,

2165 1715 2258 1765 καὶ
2285 1713 2403 1766 οὐδὲ
2428 1713 2587 1767 τοῦτο
2615 1715 2770 1784 ῖσμεν
2807 1717 2888 1768 ὃτι
2920 1717 3150 1786 μεγάλα.
3188 1717 3249 1769 Εἰ
3271 1717 3325 1769 δὲ
3359 1717 3458 1770 οὐκ
3486 1719 3828 1788 άπεκάμετε,

2163 1799 2502 1870 ἐξετάσωμεν
2528 1800 2675 1872 [524]
2703 1803 2942 1866 καὶτοὺς
2969 1803 3061 1856 τοῦ
3083 1803 3314 1872 γέλωτος
3343 1807 3557 1868 τόπους,
3585 1806 3655 1857 τά
3692 1823 3831 1875 συμ-

2162 1887 2327 1940 πόσια
2365 1887 2524 1954 λέγω,
2569 1889 2696 1941 ἔνθα
2737 1891 3027 1960 παράσιτοι
3074 1893 3166 1944 καὶ
3195 1892 3423 1953 κόλακες
3453 1894 3546 1946 καὶ
3585 1892 3754 1963 πολλὴ
3792 1896 3829 1966 ἡ

2159 1976 2360 2045 τρυφὴ,
2396 1977 2490 2028 καὶ
2517 1977 2711 2039 τόπους
2742 1979 2977 2050 ἐτέρους,
3010 1979 3138 2032 ἔνθα
3179 1980 3340 2049 χωλοὶ
3386 1982 3482 2033 καὶ
3531 1981 3825 2051 άνάπηροι.

2160 2062 2325 2116 Πάλιν
2347 2066 2464 2116 ἐκεῖ
2484 2064 2582 2133 μὲν
2615 2064 2755 2134 μέθη
2777 2067 2872 2119 καὶ
2897 2066 3076 2137 τρυφὴ
3102 2068 3197 2120 κα)⁸
3220 2067 3485 2137 διάχυσις,
3515 2067 3747 2120 ἐνταῦθα
3763 2068 3828 2121 δὲ

2157 2150 2488 2208 τούναντίον.
2513 2152 2654 2220 Ὅρα
2680 2154 2773 2204 καὶ
2793 2154 2886 2204 ἐπὶ
2915 2152 3008 2205 τοῦ
3038 2154 3311 2223 σώματος,
3335 2156 3461 2208 ὅταν
3493 2153 3824 2226 φλεγμαίνει,

2159 2237 2286 2289 ὅταν
2308 2238 2538 2309 εὐπαθῇ,
2570 2241 2830 2311 ταχίστην
2879 2240 2991 2311 ἔχει
3045 2241 3178 2311 πρὸς
3221 2243 3374 2296 νόσον
3427 2243 3774 2313 μετάπτωσιν
3808 2261 3821 2274 ·

2160 2326 2286 2381 ὅταν
2313 2330 2368 2381 δὲ
2396 2331 2828 2399 κατεσταλμένον
2852 2327 2918 2404 ᾗ,
2954 2332 3051 2400 οὐχ
3091 2331 3284 2395 οὕτως.
3312 2333 3424 2385 Ἷνσ
3462 2333 3518 2385 δὲ
3554 2335 3825 2400 σαφέστε-

2159 2433 2251 2491 ρον
2277 2419 2404 2487 ὑμῖν
2429 2418 2456 2470 ὅ
2476 2420 2618 2485 λέγω
2650 2422 2860 2489 ποιήσω
2888 2420 2913 2458 ἀ
2941 2458 2955 2482 ,
2986 2420 3126 2471 ἐστω
3157 2420 3314 2488 σῶμα
3363 2419 3484 2489 ἕχον
3517 2421 3648 2472 πολὺ
3681 2417 3826 2489 αἷμα

2156 2504 2250 2557 καί
2277 2504 2486 2574 σάρκας
2536 2505 2734 2569 πολλάς
2775 2507 2870 2559 καὶ
2925 2507 3172 2575 σφριγῶν
3202 2523 3214 2535 ·
3250 2505 3404 2560 τοῦτο
3453 2511 3546 2560 καὶ⁵
3578 2508 3684 2560 ἀπὸ
3717 2509 3824 2577 τῆς

2156 2592 2424 2660 τυχούσης
2469 2591 2677 2661 τροφῆς
2713 2594 2948 2664 πυρετὸν
2993 2593 3282 2662 δυνήσεται
3309 2597 3507 2658 τεκεῖν,
3545 2595 3610 2647 ἀν
3638 2594 3824 2658 άπὶῶς

2155 2680 2392 2750 ἀργήσῃ.
2440 2681 2621 2734 Ἔστω
2661 2682 2718 2734 δὲ
2767 2683 2951 2752 ἕτερον
2999 2681 3142 2751 λιμῷ
3198 2682 3395 2751 μᾶλλον
3459 2682 3679 2733 παλαῖον
3725 2683 3826 2735 καλ

2156 2765 2331 2834 θλίψει
2369 2783 2382 2796 ·
2426 2767 2582 2820 τοῦτο
2621 2767 2926 2820 δυσάλωτον
2981 2769 3074 2821 καὶ
3131 2767 3630 2835 δυσκαταγώνιστον
3683 2770 3823 2837 πρὸς

2154 2853 2486 2922 ἀρρωστίαν.
2511 2851 2657 2923 Αἷμα
2687 2856 2790 2908 κᾶν
2824 2856 2979 2923 ὐγιὲς
3081 2856 3139 2906 ἐν
3169 2857 3300 2924 ἡμῖν
3326 2895 3342 2920 ,
3365 2855 3441 2922 τῷ
3472 2855 3662 2924 πλήθει
3687 2856 3823 2907 πολ-

2153 2937 2308 3002 λάκις
2327 2940 2476 2993 νόσον
2534 2942 2719 2994 ἔτεκεν
2759 2958 2772 2970 ο
2811 2944 2877 2994 ἀν
2937 2944 2993 2995 δὲ
3049 2943 3228 3010 ὀλίγον
3277 2938 3347 3016 ᾖ,
3405 2942 3505 2996 κᾶν
3539 2943 3612 3012 μὴ
3643 2943 3820 3010 ὑγιὲς,

2151 3028 2383 3091 εὐκόλως
2411 3030 2845 3100 κατεργασθῆναι
2863 3031 3102 3083 δύναται.
3132 3031 3290 3083 Οὕτω
3306 3032 3368 3100 δὴ
3389 3031 3480 3083 καὶ
3497 3033 3587 3082 ἐπὶ
3613 3030 3818 3099 ψυχῆς,

2153 3123 2186 3189 ἡ
2209 3120 2305 3188 μέν
2332 3121 2389 3171 ἐν
2422 3120 2601 3171 ἀνέσει
2627 3121 2719 3172 καὶ
2745 3123 2925 3189 τρυφῇ
2951 3119 3286 3188 ὀξυρρόπους
3317 3121 3429 3189 ἔχει
3455 3120 3589 3188 πρὸς
3638 3121 3823 3191 ἀμαρ-

2151 3208 2269 3258 τίαν
2285 3207 2382 3269 τάς
2410 3209 2584 3276 ὁρμάς
2603 3223 2615 3235 ·
2641 3206 2855 3276 καὶγὰρ
2878 3208 3129 3267 ἀπονοίας
3147 3207 3307 3274 ἐγγὺς
3327 3209 3356 3274 η
3379 3207 3596 3276 τοιαύτη
3617 3209 3820 3276 ἔστηκε

2153 3294 2246 3346 καὶ
2293 3293 2486 3362 ἡδονῆς
2526 3294 2617 3345 καὶ
2653 3293 2957 3356 κενοδοξίας
2998 3294 3094 3345 καὶ
3142 3293 3335 3360 φθόνου
3386 3295 3478 3346 καὶ
3514 3293 3821 3348 ἐπιϐουλῶν

2151 3381 2246 3432 καὶ
2277 3379 2647 3448 συκοφαντιῶν
2679 3397 2690 3409 ·
2721 3379 2836 3432 ἀλλ’
2869 3382 2965 3449 οὐχ
3014 3382 3046 3449 ἡ
3083 3381 3140 3430 ὲν
3170 3379 3343 3450 θλίψει
3371 3382 3460 3433 καὶ
3493 3378 3815 3451 αὐταρκείᾳ,

2149 3467 2286 3522 ἀλλά
2334 3469 2550 3520 πάντων
2594 3469 2798 3520 τούτων
2856 3469 3217 3537 ἀπήλλακται.
3267 3469 3394 3521 Ἰδοὺ
3459 3469 3619 3538 ἡλίκη
3660 3469 3817 3531 πόλις

2149 3558 2288 3626 ἡμῖν
2317 3559 2464 3609 ἐστιν
2489 3559 2520 3626 ἡ
2552 3556 2760 3625 μεγάλη
2784 3555 2943 3626 αῦτη.
2969 3557 3137 3608 Πόθεν
3161 3553 3254 3608 οὖν
3277 3556 3518 3609 τίκτεται
3544 3558 3613 3608 τὰ
3635 3557 3813 3622 κακάς

2147 3645 2249 3697 οὐκ
2297 3643 2403 3696 ἀπὸ
2444 3645 2549 3696 τῶν
2599 3643 3000 3708 πλουτούντων;
3041 3645 3140 3696 οὐκ
3182 3643 3290 3696 ἀπὸ
3319 3644 3429 3696 τῶν
3473 3646 3812 3715 χαιρόντων;

2149 3731 2306 3792 Τίνες
2329 3733 2406 3792 εἰς
2429 3729 2748 3800 δικαστήρια
2803 3729 3054 3795 ἐλκουσι;
3105 3730 3248 3794 τίνες
3283 3730 3470 3808 οὐσίας
3505 3731 3826 3786 διασπαθῶ-

2151 3833 2268 3882 σινς
2302 3819 2351 3868 οἱ
2410 3816 2741 3885 ταλαίπωροι
2789 3817 2882 3870 καὶ
2934 3818 3357 3887 ἀπερριμμένοι,
3417 3818 3451 3887 ἢ
3506 3820 3556 3871 οἱ
3599 3818 3815 3887 μεγάλα

2151 3904 2428 3973 φυσῶντες
2457 3905 2549 3956 καὶ
2581 3904 2896 3974 χαίροντες;
2923 3905 3039 3957 Οὐκ
3061 3905 3207 3956 ἔστιν
3239 3904 3346 3957 ἀπὸ
3375 3905 3552 3975 ψυχῆς
3584 3906 3814 3976 τεθλιμ-

2152 3993 2318 4061 μένης
2379 3994 2633 4058 γενέσθαι
2693 4007 2745 4044 τι
2798 3993 2988 4046 κακόν.
3056 3990 3207 4045 Οἶδεν
3258 3993 3430 4061 αὐτῆς
3461 3994 3525 4046 :0
3566 3995 3817 4064 κέρδοςό

2149 4078 2357 4139 Παῦλος
2390 4093 2402 4106 ο
2434 4078 2522 4130 διὰ
2550 4078 2707 4130 τοῦτό
2746 4094 2928 4148 φησιν·
2974 4079 3043 4131 'Il
3087 4080 3288 4146 θλῖψις
3316 4081 3628 4149 ὑπομονὴν
3667 4100 3817 4136 κατ-

2145 4165 2456 4234 εργάζεται,
2511 4167 2548 4232 ἠ
2587 4166 2656 4218 δὲ
2712 4168 2982 4234 ὑπομονὴ
3039 4166 3317 4234 δοκιμὴν,
3370 4170 3408 4236 ἠ
3459 4167 3528 4221 δὲ
3589 4169 3810 4240 δοκιμὴ

2143 4252 2382 4316 ἐλπίδα,
2404 4255 2440 4319 ἠ
2465 4251 2531 4304 δὲ
2562 4253 2738 4315 ἐλπὶς
2767 4256 2838 4304 οὐ
2886 4257 3294 4321 καταισχίνει.
3331 4257 3426 4326 Μὴ
3468 4256 3531 4325 δὴ
3572 4259 3812 4309 καταπί-

2146 4357 2368 4410 πτωμεν
2393 4341 2450 4390 ἐν
2479 4343 2596 4401 ταῖς
2626 4341 2885 4406 θλίψεσιν,
2916 4341 3027 4392 ἀλλ’
3063 4345 3120 4394 ἐν
3145 4344 3346 4395 ἀπασιν
3373 4331 3808 4414 εὐχαριστῶμεν,

2148 4427 2231 4479 ἵνα
2259 4443 2311 4479 τι
2341 4427 2688 4496 κερδάνωμεν
2732 4429 2894 4495 μέγα,
2941 4428 3027 4479 ἴνα
3061 4427 3508 4500 εὐδοκιμήσωμεν
3542 4436 3694 4502 παρά
3724 4436 3810 4504 τῷ

2145 4515 2263 4585 Θεῷ
2291 4513 2368 4584 τῷ
2397 4515 2492 4575 τάς
2517 4514 2719 4582 θλίψεις
2755 4515 3143 4586 συγχωροῦντι.
3172 4518 3330 4588 Μέγα
3359 4518 3534 4587 θλίψις
3558 4522 3763 4589 ἀγαθόν
3792 4545 3807 4556 ·

2147 4603 2419 4656 καὶτοῦτο
2446 4602 2552 4655 ἀπὸ
2577 4603 2684 4655 τῶν
2724 4603 2924 4657 παίδων
2965 4603 3071 4658 τῶν
3107 4607 3385 4676 ἡμετέρων
3415 4608 3757 4680 μανθάνομεν
3793 4629 3805 4641 ·

2145 4691 2311 4761 χωρὶς
2341 4689 2449 4760 γὰρ
2479 4689 2705 4757 θλίψεως
2729 4689 2880 4742 οὐδὲν
2911 4690 2976 4742 ἀν
3003 4691 3161 4760 μάθοι
3194 4695 3482 4765 χρήσιμον.
3537 4698 3721 4768 Ἡμεῖς
3746 4701 3808 4754 δὲ

2149 4781 2346 4848 μᾶλλον
2402 4779 2578 4832 αὐτῶν
2627 4779 2861 4848 δεόμεθα
2913 4778 3171 4848 θλίψεωςτ
3227 4783 3290 4834 El
3345 4784 3451 4854 γάρ
3490 4788 3671 4839 ὲκείνα
3694 4789 3808 4840 τῶν

2146 4867 2332 4920 παθῶν
2377 4866 2722 4938 ἠρεμούντων
2789 4867 2975 4930 αὐτοῖς
3009 4868 3188 4921 θάλλει
3242 4879 3299 4934 ο,
3352 4872 3534 4942 πολλῷ
3601 4875 3808 4942 μᾶλλον

2146 4959 2326 5024 ἡμεῖς,
2363 4955 2455 5006 καὶ
2479 4956 2710 5024 μάλιστα
2735 4954 3010 5016 τοσούτοις
3067 4957 3432 5026 συνεχόμενοι.
3479 4960 3616 5013 Ἀλλ’
3653 4965 3807 5032 ἡμᾶς

2149 5046 2344 5115 μᾶλλον
2381 5043 2760 5108 παιδαγωγοὺς
2798 5038 2938 5111 έχείν
2975 5046 3142 5114 ἐχρῆν
3179 5063 3192 5075 ο
3235 5048 3386 5118 παρά
3427 5050 3526 5118 μὲν
3553 5049 3660 5123 γάρ
3690 5055 3808 5108 τῶν

2146 5136 2348 5186 παίδων
2376 5133 2442 5185 τά
2471 5132 2839 5201 ἁμαρτήματα
2880 5134 2979 5186 οὐκ
3019 5134 3084 5185 ἀν
3117 5136 3327 5203 μεγάλα
3367 5137 3596 5204 γένοιτο,
3651 5145 3808 5211 παρὰ

2144 5223 2198 5276 δὲ
2223 5222 2377 5293 ἡμῶν
2409 5221 2606 5289 σφόδρα
2637 5221 2862 5288 μεγάλα.
2903 5221 3248 5289 ῐιαιδαγωγὸς
3269 5223 3324 5275 δὲ
3350 5227 3506 5294 ἡμῶν
3540 5231 3571 5298 η
3601 5229 3804 5300 θλῖψις·

2144 5313 2297 5380 Μήτε
2330 5306 2419 5361 οῦν
2451 5307 2806 5372 ἐπισπώμεθα
2843 5308 3031 5378 αὐτὴν,
3074 5311 3166 5361 καὶ
3217 5312 3495 5381 παροῦσαν
3538 5320 3808 5385 γενναίως

2146 5402 2418 5469 φέρωμεν,
2465 5397 2550 5448 ἀεὶ
2589 5397 2796 5465 μυρίων
2846 5393 3012 5447 οὖσαν
3064 5398 3284 5465 ἀγαθῶν
3339 5393 3540 5466 αἰτίαν,
3578 5406 3664 5460 ῖνα
3705 5412 3807 5461 καὶ

2143 5490 2238 5555 τῆς
2266 5484 2416 5555 παρά
2442 5483 2534 5536 τοῦ
2573 5482 2705 5535 Θεοῦ
2741 5484 2913 5554 ῥοπῆς
2943 5484 3362 5554 ἀπολαύσωμεν,
3398 5491 3490 5545 καὶ
3529 5493 3635 5544 τῶν
3667 5496 3810 5548 ἀπο-

2145 5577 2408 5645 κειμένων
2461 5572 2674 5639 ἀγαθῶν
2729 5576 2836 5633 τοίς
2893 5575 3174 5641 ἀγαπῶσιν
3227 5577 3403 5640 αὐτὸν,
3477 5581 3533 5631 ἐν
3581 5580 3807 5654 Χριστῷ

2155 5662 2326 5730 Ἰησοῦ
2345 5661 2420 5730 τῷ
2452 5659 2636 5728 Κυρίῳ
2660 5661 2834 5729 ἡμῶν,
2874 5661 2972 5729 μεθ
2992 5661 3003 5677 “
3030 5657 3089 5716 οὐ
3111 5662 3188 5731 τῷ
3213 5665 3383 5734 [Ιατρὶ
3413 5665 3526 5734 ἅμα
3554 5668 3628 5736 τῷ
3658 5669 3808 5740 ἁγίῳ

2145 5751 2415 5820 Πνεύματι
2445 5748 2586 5812 δόξα,
2616 5751 2836 5817 κράτος,
2879 5752 3031 5821 τιμὴ,
3061 5750 3154 5804 νῦν
3195 5754 3288 5804 καὶ
3312 5752 3418 5819 ἀεὶ,
3445 5754 3540 5807 καὶ
3565 5757 3645 5818 εἰς
3668 5760 3802 5822 τοὺς

2144 5838 2343 5900 αἰῶνας
2371 5837 2476 5911 τιῖψ
2499 5837 2730 5891 αἰώνων.
2776 5840 2967 5908 Ἀμήν.

2204 6021 2416 6091 ξι-ίέῐιυς,
2443 6023 2949 6091 οῦοως.ηέ;αφὲστεροιι
2989 6026 3070 6076 οὖν
3122 6027 3232 6091 ὑμῖν
3275 6026 3463 6074 ποήσω
3516 6023 3599 6074 τὸν
3631 6025 3783 6091 λύγον

2151 6100 2172 6124 ε
2203 6086 2332 6134 [dum
2360 6085 2501 6132 αὐτοῦ
2549 6086 2757 6146 canina.
