4076 6512
204 458 305 517 δοι

200 570 660 629 confusioznihil
705 576 1017 631 strenuum,
1063 562 1198 617 nihil
1244 550 1795 630 generosumzmulta

202 664 369 720 isthic
394 662 594 717 diaboli
620 676 832 731 pompa,
855 656 1118 730 cymbala,
1144 653 1308 718 tibiae,
1332 648 1539 705 cantica
1567 642 1799 702 fornica-

202 756 370 811 tionis
398 767 455 810 et
484 753 730 809 adulterii
754 752 931 820 plena.
957 750 1024 801 At
1055 747 1138 799 ubi
1170 747 1343 799 luctus
1364 752 1465 801 est.
1501 754 1606 791 non
1640 736 1797 793 item,

198 846 299 902 sed
328 849 515 900 omnia
545 846 682 900 bene
711 842 953 897 ordinata
981 857 995 893 :
1019 854 1267 907 magnum
1292 834 1585 895 silentium,
1610 840 1795 896 magna

198 939 394 1008 quies,
450 952 637 1006 magna
676 932 967 997 demissio;
1006 930 1137 985 nihil
1180 925 1627 997 incompositum,
1669 916 1798 971 nihil

200 1032 575 1085 inordinatum
606 1046 622 1082 :
648 1026 694 1081 si
738 1027 858 1097 quis
902 1026 1188 1094 loquatur,
1235 1020 1395 1075 verba
1444 1010 1798 1087 philOSOphia:

201 1124 360 1193 plena
407 1120 612 1187 fundit;
643 1118 888 1190 quodque
928 1117 1118 1171 mirum
1150 1122 1259 1177 est,
1295 1111 1385 1165 illo
1417 1119 1657 1176 tempore
1688 1116 1798 1157 non

198 1213 300 1267 viri
335 1214 541 1278 solum,
577 1211 669 1266 sed
698 1211 857 1265 etiam
886 1206 1165 1262 domestici
1195 1213 1248 1259 et
1279 1198 1532 1257 mulieres
1563 1196 1797 1268 philoso-

198 1304 467 1375 phantur.
512 1303 658 1357 Talis
696 1301 837 1356 enim
875 1311 955 1354 est
988 1298 1164 1352 luctus
1191 1306 1400 1349 natura.
1447 1287 1797 1375 Et‘videntur

192 1396 422 1465 quidem
455 1397 723 1465 lugentem
758 1392 1060 1457 consolari,
1093 1390 1317 1460 plurima
1342 1394 1520 1441 autem
1548 1383 1794 1452 dogmata

194 1486 487 1556 proferunt
528 1484 875 1554 philosOphize
914 1484 1091 1552 plena.
1132 1481 1326 1536 Preces
1366 1476 1578 1539 statim,
1614 1481 1675 1527 ut
1706 1471 1795 1526 hic

193 1582 354 1634 sistat
380 1578 626 1642 afﬂictio,
661 1578 917 1647 multique
943 1583 1068 1630 sunt
1097 1573 1183 1641 qui
1212 1571 1469 1625 afﬂictum
1504 1564 1792 1621 consolan-

194 1683 304 1739 tur,
335 1681 386 1725 et
420 1671 854 1725 enumerationes
883 1667 1031 1720 mille
1055 1664 1189 1718 fiunt
1206 1678 1415 1727 eorum,
1439 1658 1529 1730 qui
1552 1655 1794 1711 similiter

194 1765 403 1835 lugent.
457 1762 595 1829 Quid
637 1771 718 1817 est
755 1761 899 1815 enim
942 1757 1140 1812 homo?
1184 1756 1396 1811 Natura:
1438 1761 1637 1807 nostra:
1670 1762 1792 1817 per-

191 1855 436 1924 quisitio.

262 1950 318 2004 4.
357 1947 533 2001 Homo
553 1948 673 2019 quid
693 1948 776 2000 sit.
804 1944 1137 1999 Theatrorum
1168 1940 1525 2011 turpitudo.——
1540 1934 1676 2004 Quid
1706 1941 1791 1988 est

190 2056 325 2111 ergo
349 2039 559 2094 homo?
584 2038 716 2092 Vitm
742 2050 792 2092 et
821 2037 1043 2091 vilitatis
1071 2036 1187 2103 ejus
1215 2032 1515 2095 accusatio,
1547 2040 1788 2082 comme-

192 2132 426 2187 moratio
479 2132 777 2185 futurarum
825 2144 1002 2183 rerum
1048 2136 1104 2180 et
1155 2124 1364 2195 judicii.
1414 2119 1789 2188 Unusquisque

189 2236 372 2280 autem
401 2224 611 2279 recedit
631 2224 848 2278 domum
877 2241 891 2276 :
922 2221 1009 2291 qui
1038 2235 1067 2272 a
1102 2218 1301 2287 nuptiis
1323 2258 1338 2283 ,
1369 2223 1615 2279 maestus,
1644 2209 1787 2281 quod

195 2334 303 2377 non
335 2336 427 2376 res
456 2334 712 2389 prospera
741 2319 844 2381 sit;
873 2316 963 2386 qui
991 2331 1021 2369 a
1053 2314 1226 2378 luctu,
1256 2310 1513 2366 remissus
1542 2317 1595 2363 et
1632 2305 1786 2375 quie-

192 2422 310 2477 tus,
342 2414 469 2482 quia
502 2427 607 2465 non
649 2410 841 2463 similia
887 2421 1074 2478 passus
1101 2415 1217 2470 εει,
1261 2412 1317 2458 ει
1341 2401 1488 2457 omni
1520 2400 1786 2454 exstincto

192 2504 387 2559 ardore
414 2502 687 2557 discessit.
738 2500 844 2556 Sed
890 2497 1055 2569 quid?
1101 2497 1180 2551 vis
1209 2508 1457 2551 carceres
1493 2501 1549 2547 et
1580 2490 1785 2546 theatra

188 2596 580 2651 conferamus?
627 2594 723 2649 ille
766 2608 993 2662 namque
1040 2604 1330 2653 atrumnze,
1362 2587 1451 2642 hic
1498 2584 1785 2655 voluptatis

191 2698 271 2743 est
305 2688 479 2742 locus.
516 2690 625 2754 Age
655 2684 1088 2754 ergo,videamus
1145 2696 1263 2751 qua:
1294 2695 1361 2735 ex
1388 2678 1628 2747 utrisque
1654 2690 1785 2730 con-

192 2782 419 2851 tingant.
467 2778 578 2833 Illic
610 2776 945 2847 philosophia
986 2775 1148 2828 nmlta
1180 2791 1192 2826 :
1224 2773 1313 2827 ubi
1351 2771 1494 2827 enim
1540 2784 1741 2825 mceror
1763 2809 1779 2835 ,

193 2871 263 2924 ibi
295 2872 521 2924 omnino
554 2868 912 2939 philosophia.
963 2867 1064 2931 Qui
1109 2875 1267 2919 antea
1312 2863 1464 2918 dives
1493 2871 1644 2927 erat,
1690 2860 1781 2929 qui

192 2962 478 3016 admodum
507 2961 725 3015 inﬂatus
748 3004 763 3025 ,
800 2959 911 3029 jam
939 2973 969 3013 e
1010 2957 1168 3027 vulgo
1208 2955 1449 3025 quemvis
1478 2968 1537 3007 se
1584 2952 1781 3021 alloqui

192 3056 504 3123 permittet,
561 3061 705 3108 metu
756 3067 1095 3119 mceroreque
1145 3050 1265 3119 igne
1308 3046 1686 3102 vehementius
1724 3044 1778 3097 in

194 3149 423 3203 animam
451 3149 571 3219 ejus
596 3148 866 3202 incidente
890 3157 943 3201 et
975 3146 1224 3200 duritiem
1271 3142 1580 3197 emolliente
1609 3159 1623 3194 ;
1654 3149 1781 3193 tunc

195 3238 408 3294 humilis
432 3282 447 3307 ,
480 3250 605 3294 tunc
636 3246 859 3294 maestus
889 3237 1115 3300 evadet,
1150 3245 1274 3289 tunc
1317 3233 1628 3287 saecularem
1658 3246 1781 3283 mu-

198 3331 453 3403 tationem
481 3331 706 3393 sentiet,
744 3340 869 3383 tunc
895 3328 1047 3382 fortis
1073 3327 1175 3381 erit
1201 3324 1267 3379 ad
1294 3324 1494 3377 omnia.
1524 3321 1581 3375 In
1620 3321 1779 3374 thea-

197 3430 277 3475 tro
325 3434 503 3477 autem
538 3422 714 3476 omnia
748 3421 1013 3477 contraria
1060 3426 1214 3483 sunt,
1261 3418 1427 3480 risus,
1460 3412 1735 3485 turpitudo
1757 3453 1775 3479 ,

197 3527 382 3584 pompa
432 3514 696 3569 diabolica
717 3556 733 3581 ,
769 3512 992 3578 eﬂusio,
1023 3510 1314 3579 insumptiu
1347 3508 1603 3578 temporis
1625 3549 1640 3573 ,
1675 3508 1777 3560 im-

198 3618 355 3671 pensa
426 3606 639 3661 dierum
708 3605 941 3669 inutilis,
1000 3610 1286 3672 apparatus
1354 3598 1419 3655 ad
1487 3598 1774 3653 absurdam

197 3698 682 3766 concupiscentiam
710 3736 726 3762 ,
775 3695 1020 3750 adulterii
1066 3695 1339 3749 meditatio
1367 3737 1382 3758 ,
1436 3692 1777 3746 scortationis

198 3791 560 3857 gymnasium,
612 3788 1037 3859 intemperantia:
1082 3787 1303 3850 schola,
1353 3784 1660 3840 adhortatio
1707 3783 1777 3837 ad

201 3883 613 3952 turpitudinem,
659 3885 799 3937 risus
843 3882 1089 3947 occasio,
1144 3880 1400 3937 foeditatis
1445 3878 1773 3946 exemplum.

199 3974 265 4025 At
289 3989 393 4029 non
426 3977 548 4031 talis
575 3984 659 4031 est
685 3991 905 4041 carcer;
938 3974 1032 4029 sed
1080 3974 1185 4027 illic
1230 3972 1531 4035 humilitas,
1579 3969 1776 4024 exhor-

202 4066 325 4118 tatio
348 4109 362 4132 ,
394 4069 646 4123 stimulus
675 4069 740 4123 ad
792 4067 1180 4137 philosophiam
1204 4108 1217 4131 ,
1255 4065 1589 4120 saecularium
1639 4079 1774 4118 con-

205 4166 425 4227 temptus
452 4180 464 4215 :
507 4160 686 4214 omnia
716 4161 1115 4223 conculcantur,
1139 4158 1316 4211 omnia
1352 4164 1698 4227 spernuntur,
1720 4162 1774 4207 et

205 4259 369 4307 metus
420 4254 571 4322 quasi
622 4268 789 4323 puero
841 4254 1159 4323 ptedagogus
1210 4252 1398 4317 adest,
1450 4251 1516 4304 ad
1576 4250 1772 4304 decora

202 4343 367 4397 omnia
394 4346 543 4400 illum
572 4346 876 4400 instituens.
910 4344 1014 4399 Sed
1044 4345 1088 4399 si
1114 4344 1192 4398 vis
1221 4344 1413 4397 iterum
1440 4342 1627 4396 eadem
1655 4341 1769 4395 loca

205 4431 295 4485 alia
326 4437 531 4493 ratione
560 4438 923 4507 exploremus.
971 4437 1174 4490 Vellem
1203 4450 1517 4490 occurreres
1554 4435 1670 4488 viro
1695 4449 1765 4487 ex

204 4522 400 4583 theatro
436 4531 706 4597 venienti,
734 4540 789 4585 et
811 4530 901 4584 alii
934 4529 1163 4599 cuipiam
1195 4544 1226 4583 e
1262 4544 1479 4583 carcere
1505 4528 1719 4582 exeunti
1753 4544 1765 4579 :

206 4615 508 4691 videresque
558 4622 698 4675 illius
745 4622 977 4675 animam
1023 4620 1415 4685 fastidientem,
1458 4618 1766 4683 turbatam,

204 4720 317 4762 vere
339 4712 602 4778 vinctam;
629 4713 786 4779 hujus
806 4727 933 4767 vero
955 4696 1207 4781 quietam,
1236 4712 1461 4765 solutam
1486 4751 1498 4773 ,
1524 4710 1765 4764 liberam.

205 4794 289 4851 llle
319 4818 542 4873 namque
574 4820 638 4858 ex
685 4804 894 4858 theatro
921 4803 1154 4866 recedit,
1184 4804 1353 4856 oculis
1380 4813 1565 4870 captus
1613 4801 1767 4855 thea-

207 4891 398 4947 tralium
438 4912 625 4952 amore
664 4897 983 4961 mulierum,
1035 4894 1177 4949 ferro
1207 4894 1509 4949 durioribus
1538 4892 1766 4946 vinculis

205 4986 507 5044 Constrictus
533 5031 549 5055 ,
584 4990 633 5043 id
685 5000 801 5053 est,
846 4988 980 5042 locis
1024 4989 1186 5058 ipsis,
1230 4989 1407 5042 verbis
1430 5030 1444 5053 ,
1481 4986 1719 5058 gestibus
1751 5003 1764 5039 :

206 5072 282 5137 ‘lui
311 5086 479 5133 autem
508 5094 541 5135 e
562 5094 779 5134 carcere
809 5080 951 5143 exit,
982 5079 1228 5133 omnibus
1256 5079 1463 5132 solutus
1483 5118 1496 5138 .
1528 5091 1632 5130 non
1657 5076 1766 5145 jam

205 5177 257 5217 se
285 5180 422 5235 putat
448 5173 721 5244 quidpiam
755 5174 894 5243 pati,
927 5189 1021 5228 sua
1058 5188 1177 5226 cum
1205 5172 1394 5226 alienis
1424 5185 1762 5239 comparans.

204 5252 343 5324 Quod
379 5279 480 5321 non
522 5267 734 5321 vinctus
778 5267 879 5333 sit,
928 5267 980 5320 id
1028 5283 1124 5337 pro
1166 5266 1335 5337 gratia
1384 5266 1635 5329 habebit,
1682 5281 1767 5320 res

211 5342 446 5412 humanas
470 5358 765 5429 despiciet,
797 5360 993 5413 divites
1021 5360 1215 5413 multus
1246 5359 1432 5413 videns
1460 5361 1513 5413 in
1543 5358 1768 5412 calami-

210 5442 422 5515 tatibus,
452 5456 542 5524 qui
586 5470 706 5509 cum
755 5455 921 5508 multa
968 5468 1263 5524 magnaque
1313 5455 1554 5523 possint,
1610 5452 1764 5506 isthic

208 5528 449 5603 ligantur:
479 5547 687 5604 etiamsi
716 5548 839 5619 quid
872 5548 1065 5619 injuste
1092 5548 1323 5619 patiatur
1342 5590 1358 5616 ,
1388 5546 1441 5603 id
1470 5548 1717 5602 tolerabit
1747 5564 1761 5601 :

1176 443 1241 500 IN
1278 441 1457 498 ACTA
1497 429 2023 493 APOSTOLORUM.
2066 432 2296 490 HOMIL.
2340 434 2499 491 XLII.

3408 436 3523 498 ὅτε

1905 546 2127 619 hujusce
2154 564 2383 620 namque
2413 552 2490 606 rei
2521 550 2687 607 multa
2714 551 2877 607 habet
2911 553 3155 622 exempla
3184 571 3197 608 :
3231 559 3493 611 memoria

1910 648 2122 710 repetet
2146 642 2381 697 futurum
2404 640 2668 712 judicium
2690 686 2705 708 ,
2742 654 2797 699 et
2835 643 3188 700 exborrescet
3208 687 3222 709 ,
3251 646 3376 701 dum
3415 648 3503 701 illa

1910 731 2024 786 loca
2069 732 2339 802 respiciet.
2386 733 2535 787 Sicut
2568 734 2711 788 enim
2746 734 2833 788 hic
2878 735 2929 787 in
2967 750 3185 790 carcere
3229 735 3503 796 inclusus,

1908 822 2054 875 mitis
2082 837 2207 893 erga
2236 839 2426 878 omnes
2451 832 2571 879 est:
2600 824 2680 880 sic
2709 834 2764 879 et
2788 824 2865 879 illi
2895 836 3021 880 ante
3046 826 3306 894 judicium
3332 867 3349 894 ,
3378 838 3504 881 ante

1907 912 2139 967 futuram
2193 916 2340 969 illam
2372 915 2515 971 diem
2537 957 2551 979 ,
2580 931 2705 986 erga
2734 933 2991 981 uxorem,
3020 933 3145 988 erga
3174 917 3341 985 ﬁlios,
3374 935 3499 990 erga

1907 1004 2232 1060 domesticos
2262 1015 2421 1070 erunt
2466 1008 2881 1061 mansuetiores.
2912 1008 3017 1063 Sed
3059 1024 3087 1062 a
3138 1010 3350 1063 theatro
3391 1026 3499 1064 non

1906 1096 1983 1151 sic
2012 1106 2395 1164 revertuntur;
2424 1098 2517 1154 sed
2543 1100 2625 1153 vir
2651 1100 2994 1170 iniucundius
3018 1102 3219 1157 videbit
3248 1117 3497 1167 uxorem,

1904 1187 2069 1244 durus
2096 1191 2199 1245 erit
2221 1206 2345 1262 erga
2368 1191 2696 1248 domesticos
2717 1235 2730 1259 ,
2759 1210 2881 1266 erga
2910 1194 3049 1249 filios
3079 1211 3239 1265 asper
3258 1237 3275 1262 ,
3307 1194 3500 1251 eﬂ’era-

1904 1281 2049 1337 hitur
2074 1283 2333 1342 adversus
2374 1301 2584 1343 onmes.
2618 1288 2809 1357 Magna
2842 1290 2978 1344 mala
3005 1290 3312 1345 civitatibus
3341 1290 3496 1345 thea-

1906 1382 1984 1427 tra
2014 1378 2262 1444 pariunt;
2310 1392 2500 1448 magna
2523 1421 2537 1440 ,
2574 1394 2675 1434 nec
2718 1381 2928 1435 scimus
2958 1390 3180 1451 quanta.
3232 1382 3287 1438 Si
3314 1392 3491 1437 autem

1903 1479 2009 1518 non
2044 1464 2340 1535 fatigamini
2363 1509 2379 1534 ,
2407 1469 2779 1525 examinemus
2827 1471 2915 1525 illa
2948 1472 3090 1526 risus
3118 1472 3235 1527 loca
3259 1512 3275 1536 ,
3306 1476 3489 1527 convi-

1900 1559 1984 1612 via
2017 1559 2137 1615 dico
2161 1603 2177 1627 ,
2208 1561 2298 1615 ubi
2326 1563 2544 1630 parasiti
2580 1572 2635 1617 et
2664 1563 2975 1620 adulatores
3006 1573 3061 1619 et
3098 1581 3308 1636 magna:
3353 1566 3497 1621 deli-

1899 1648 1997 1703 ciae
2020 1667 2033 1715 ;
2059 1661 2112 1705 et
2140 1652 2255 1706 loca
2284 1652 2386 1707 alia
2407 1694 2423 1720 ,
2449 1655 2538 1709 ubi
2570 1655 2745 1709 claudi
2774 1666 2829 1710 et
2853 1658 3047 1711 mutili.
3080 1658 3195 1725 Illic
3221 1659 3489 1723 ebrietas,

1898 1741 2107 1796 delicize
2127 1784 2142 1803 .
2187 1743 2414 1810 effusio;
2448 1744 2535 1799 hic
2560 1761 2689 1801 vero
2717 1749 3009 1801 contraria.
3044 1747 3180 1804 Vide
3210 1758 3265 1803 et
3293 1750 3343 1803 in
3374 1766 3495 1804 eor-

1900 1846 2030 1901 pore
2050 1874 2065 1898 ,
2095 1835 2311 1904 quando
2360 1837 2555 1907 pingue
2593 1849 2648 1892 et
2676 1848 2924 1909 vegetum
2956 1850 3033 1895 est
3063 1882 3078 1908 ,
3111 1851 3237 1896 tunc
3266 1843 3494 1897 celerius

1898 1925 1951 1979 in
1993 1926 2236 1979 morbum
2281 1926 2455 1992 cadit;
2504 1943 2626 1983 eum
2673 1945 2802 1985 vero
2846 1932 3161 2001 castigatum
3210 1942 3327 1995 est,
3384 1949 3491 1986 non

1897 2014 2045 2069 item.
2074 2014 2145 2072 Ut
2172 2026 2349 2071 autem
2382 2019 2431 2072 id
2458 2020 2609 2074 vobis
2637 2020 2833 2075 clarius
2859 2023 3123 2091 explicem
3152 2064 3170 2090 ,
3202 2024 3270 2078 sit
3296 2041 3495 2096 corpus

1895 2108 2156 2178 sanguine
2206 2119 2261 2163 et
2304 2110 2557 2165 carnibus
2602 2111 2737 2167 bene
2784 2113 3103 2167 instructum
3150 2130 3211 2168 ac
3256 2116 3485 2184 vigens:

1894 2199 1996 2255 hoc
2025 2201 2110 2255 vel
2152 2217 2218 2256 ex
2247 2202 2353 2256 levi
2398 2204 2519 2258 cibo
2553 2205 2750 2273 poterit
2796 2205 2847 2258 in
2892 2204 3083 2259 febrim
3133 2206 3370 2262 incidere
3395 2249 3409 2271 ,
3442 2210 3487 2261 si

1892 2293 2107 2364 quidem
2133 2294 2185 2348 in
2212 2295 2321 2347 otio
2343 2294 2432 2348 sit.
2468 2294 2549 2349 Sit
2570 2303 2624 2349 et
2652 2294 2795 2349 aliud
2819 2338 2833 2361 ,
2864 2295 3005 2367 quod
3034 2312 3154 2350 cum
3185 2296 3327 2352 fame
3354 2312 3484 2352 eon-

1892 2394 2063 2439 certet
2106 2394 2161 2439 et
2209 2386 2502 2439 aerumnis:
2552 2385 2682 2439 illud
2732 2385 2802 2440 ab
2846 2386 3165 2457 :rgritudine
3215 2387 3487 2446 difficilius

1890 2478 2102 2547 capitur
2127 2486 2183 2533 et
2211 2487 2519 2547 superatur.
2545 2476 2774 2548 Sanguis
2800 2478 2925 2533 licet
2949 2494 3115 2533 sanus
3142 2480 3211 2533 sit
3231 2480 3283 2533 in
3308 2482 3482 2542 nobis,

1890 2583 1955 2623 ex
1986 2570 2339 2624 redundantia
2389 2584 2533 2640 Saepe
2576 2571 2796 2626 morbos
2828 2572 3068 2640 peperit;
3110 2571 3155 2627 si
3202 2582 3379 2627 autem
3415 2576 3487 2627 sit

1890 2661 2133 2717 modicus
2155 2704 2170 2729 ,
2202 2678 2302 2718 nec
2332 2671 2511 2717 tamen
2543 2677 2728 2727 sanus,
2763 2662 2917 2717 facile
2946 2662 3127 2718 curari
3158 2673 3356 2733 potest.
3396 2664 3486 2719 Sic

1889 2763 1944 2810 et
1988 2754 2054 2809 de
2101 2754 2275 2808 anima
2308 2754 2632 2809 dicendum:
2667 2769 2786 2825 qua:
2833 2755 2885 2808 in
2932 2754 3043 2808 otio
3091 2764 3144 2808 et
3192 2756 3245 2808 in
3276 2753 3485 2809 deliciis

1888 2856 2003 2911 est,
2050 2846 2117 2901 ad
2164 2856 2382 2916 peccata
2430 2846 2684 2917 proclivis
2733 2846 2946 2911 fertur:
2992 2862 3116 2901 nam
3162 2850 3484 2918 arrogantiae

1887 2940 2062 2995 vicina
2118 2951 2236 3007 est,
2282 2941 2581 3010 voluptati,
2629 2956 2780 2997 vana:
2835 2942 3058 3013 gloriae,
3091 2942 3345 3009 invidiae,
3396 2943 3481 2996 in-

1886 3033 2039 3103 sidiis
2060 3076 2075 3099 ,
2109 3034 2475 3105 sycophantiis
2508 3052 2520 3087 :
2554 3044 2609 3088 at
2637 3049 2742 3087 non
2770 3049 2867 3097 ea,
2903 3050 3023 3103 qua:
3049 3034 3102 3089 in
3146 3035 3404 3090 aerumnis
3428 3046 3484 3090 et

1886 3126 2191 3198 frugalitate
2216 3127 2395 3198 degit;
2420 3128 2536 3183 haec
2561 3128 2705 3183 enim
2734 3126 2802 3181 ab
2826 3128 2890 3183 iis
2920 3128 3169 3182 erunibus
3198 3128 3483 3183 liberatur.

1886 3219 1966 3273 En
2011 3234 2171 3289 quam
2217 3218 2392 3290 ampla
2424 3228 2507 3273 est
2535 3227 2718 3274 nostra
2757 3219 2966 3273 civitas.
3001 3218 3154 3275 Unde
3197 3220 3356 3290 igitur
3382 3233 3482 3273 na-

1885 3320 2111 3365 scuntur
2141 3312 2323 3365 mala?
2373 3326 2552 3366 nonne
2581 3326 2611 3363 a
2640 3310 2934 3365 divitibus?
2960 3325 3203 3365 annona
3235 3311 3478 3380 gauden-

1886 3406 2067 3460 tibus?
2098 3405 2327 3473 Quinam
2358 3404 2425 3458 ad
2450 3404 2737 3459 tribunalia
2769 3404 2987 3458 trahunt
3009 3445 3025 3469 ,
3061 3404 3279 3473 quinam
3305 3402 3476 3458 facul«

1886 3508 2022 3553 tates
2066 3496 2409 3567 dilapidant?
2459 3511 2527 3551 an
2569 3496 2753 3551 miseri
2783 3504 2838 3550 et
2882 3494 3114 3565 abjecti,
3164 3510 3233 3549 an
3265 3494 3339 3548 illi
3386 3496 3480 3562 qui

1883 3591 2108 3645 inultum
2140 3589 2395 3643 inflantur
2423 3597 2479 3643 et
2502 3588 2773 3659 gaudent?
2815 3587 2897 3641 Ab
2925 3588 3103 3641 anima
3137 3587 3187 3639 in
3220 3590 3476 3640 aerumnis

1882 3692 2134 3736 versante
2161 3696 2266 3735 non
2296 3688 2475 3750 potest
2497 3679 2697 3749 aliquid
2730 3680 2851 3732 mali
2883 3677 3037 3732 oriri.
3090 3677 3238 3731 Illius
3266 3677 3478 3730 lucrum‘

1882 3773 2034 3827 novit
2086 3772 2319 3837 Paulus;
2367 3770 2597 3841 ideoque
2626 3770 2797 3824 dicit:
2840 3768 3125 3822 Tribulatio
3180 3770 3480 3838 patientiam

1881 3876 2152 3937 operatur,
2186 3865 2432 3936 patientia
2464 3864 2811 3935 probationem
2838 3903 2852 3925 ,
2888 3861 3119 3931 probatio
3148 3877 3267 3913 vero
3295 3876 3434 3927 spem
3458 3902 3474 3924 ,

1879 3975 1993 4028 spes
2020 3968 2191 4011 autem
2218 3973 2319 4010 non
2346 3955 2612 4026 confundit
2658 3956 2675 4023 (
2711 3952 2861 4007 Rom.
2894 3953 2947 4007 5.
2976 3954 3053 4006 5-
3073 3952 3107 4007 5
3139 3950 3181 4021 ).
3224 3951 3304 4006 Ne
3349 3966 3477 4021 ergo

1880 4048 2228 4104 Concidamus
2276 4049 2331 4102 in
2378 4049 2663 4113 aerumnis,
2714 4044 2809 4099 sed
2854 4046 2908 4098 in
2939 4043 3205 4104 omnibus
3274 4043 3475 4113 gratias

1879 4158 2135 4211 agamus,
2186 4152 2243 4195 ut
2299 4140 2527 4195 multum
2577 4139 2886 4203 lucremur;
2947 4146 3005 4191 ut
3049 4135 3259 4207 probati
3307 4135 3477 4189 simus

1878 4232 2019 4303 apud
2050 4233 2217 4289 Deum
2238 4273 2251 4296 ,
2274 4234 2361 4302 qui
2390 4245 2660 4285 erumnas
2692 4228 2971 4299 permittit.
2999 4227 3247 4297 Magnum
3285 4233 3367 4281 est
3387 4224 3468 4278 af-

1878 4325 2044 4380 ﬂictio
2069 4325 2267 4381 bonum
2296 4343 2308 4377 :
2337 4332 2393 4379 et
2420 4324 2521 4378 hoc
2546 4338 2573 4376 a
2601 4321 2783 4393 pueris
2805 4320 3005 4375 nostris
3033 4318 3327 4382 discimus;
3354 4316 3491 4369 nam'

1878 4418 1998 4470 sine
2035 4416 2382 4487 castigatione
2414 4413 2545 4468 nihil
2570 4414 2704 4469 utile
2730 4427 2864 4483 puer
2887 4410 3156 4466 didicerit.
3203 4408 3313 4464 Nos
3344 4423 3474 4461 vero

1877 4508 2049 4578 magis
2071 4524 2229 4576 quam
2258 4506 2334 4561 illi
2362 4505 2654 4560 afflictione
2676 4519 2813 4574 opus
2834 4503 3114 4558 habemus.
3143 4501 3276 4555 Nam
3300 4500 3345 4554 si
3375 4500 3472 4565 illi,

1877 4614 1997 4654 cmn
2030 4598 2193 4653 animi
2235 4606 2413 4651 motus
2440 4594 2611 4650 sedati
2642 4602 2801 4659 sunt,
2831 4594 3068 4657 ﬂorent;
3102 4591 3274 4644 multo
3299 4591 3473 4659 magis

1878 4706 1977 4745 nos
2005 4733 2022 4758 ,
2054 4707 2175 4746 cum
2220 4689 2453 4745 maxime
2505 4696 2583 4742 tot
2633 4686 2900 4755 tantisque
2945 4682 3305 4738 detineamur.
3368 4680 3474 4737 Sed

1875 4798 1977 4838 nos
2004 4784 2171 4853 magis
2220 4781 2524 4853 pmdagogis
2549 4793 2770 4849 egemus
2796 4795 2810 4831 :
2838 4790 3127 4845 puerorum
3157 4774 3298 4829 enim
3343 4789 3463 4841 pec-

1875 4885 1993 4929 cata
2041 4891 2147 4929 non
2195 4882 2338 4927 tanta
2380 4880 2536 4935 sunt,
2570 4879 2753 4925 nostra
2794 4882 2925 4922 vero
2956 4876 3174 4937 peccata
3212 4866 3469 4919 maxima.

1876 4966 2203 5035 Pardagogus
2234 4971 2417 5017 noster
2456 4972 2539 5017 εει
2586 4959 2823 5015 alﬂicﬁo.
2860 4957 2939 5013 Ne
2967 4959 3147 5028 itaque
3191 4957 3335 5011 illam
3384 4966 3467 5009 at-

1876 5056 2151 5110 trahamus
2172 5096 2187 5121 ,
2214 5063 2267 5109 et
2297 5061 2617 5125 praesentem
2644 5051 2851 5105 fortiter
2876 5050 3116 5104 feramus
3137 5089 3154 5115 ,
3177 5062 3297 5118 qua:
3321 5062 3467 5101 sem-

1874 5165 1969 5219 per
2013 5157 2096 5202 est
2134 5148 2536 5202 innumerorum
2589 5158 2748 5197 causa
2804 5142 3110 5204 bonorum;
3160 5147 3222 5193 ut
3268 5147 3323 5193 et
3375 5138 3469 5193 Dei

1873 5239 2044 5307 gratia
2078 5238 2353 5304 fruamur,
2381 5247 2435 5290 et
2479 5234 2634 5289 bouis
2664 5249 2784 5303 qua:
2815 5232 3046 5300 reposita
3090 5238 3215 5284 sunt
3245 5229 3343 5295 iis,
3376 5229 3470 5298 qui

1873 5324 2100 5400 diligunt
2131 5331 2281 5383 illum
2306 5370 2321 5393 ,
2350 5329 2402 5382 in
2430 5328 2649 5382 Christo
2676 5325 2803 5380 Jesu
2836 5326 3063 5378 Domino
3092 5331 3277 5377 nostro
3300 5364 3315 5387 ,
3346 5324 3469 5389 qui-

1872 5437 1999 5475 cum
2055 5421 2202 5475 l’atri
2254 5428 2308 5473 et
2356 5418 2581 5489 Spiritui
2633 5428 2859 5481 sancto,
2902 5416 3067 5485 gloria
3096 5455 3110 5479 ,
3145 5415 3468 5481 imperium,

1876 5513 2049 5567 honor
2076 5556 2092 5573 ,
2126 5530 2267 5567 nunt;
2301 5521 2358 5566 et
2395 5527 2643 5583 semper,
2686 5520 2741 5565 et
2788 5510 2838 5563 in
2883 5509 3077 5563 sa'cula
3122 5508 3467 5561 smculurutn.

1872 5606 2064 5663 Amen.
