4070 6484
575 427 683 495 ωδ

583 556 1115 577 ﬁt”

1122 556 1390 571 ...ι-ισ-

1305 422 1362 476 ε.
1399 420 1673 477 J0.\N.\'l$
1708 418 2175 476 CllllYSOSTOMI
2216 419 2531 477 ARCHIEP.
2574 425 3097 485 CONSTANTINOP.
3726 440 3831 497 3M

3812 472 3838 499 U

1407 552 3808 587 Ἦ

1904 625 2252 688 HOMILIA
2297 627 2521 691 XLIII.

576 766 699 821 the.
726 762 815 819 50.
847 778 899 817 ν.
930 763 983 818 I.
1026 761 1298 829 Postquam
1326 766 1489 809 autem
1519 755 1727 807 cessauit
1756 752 2025 815 tumultus,
2055 766 2142 804 t'o-

641 855 767 910 catis
798 854 993 908 Paulus
1023 851 1287 921 discipulis
1327 849 1485 918 iisque
1510 846 1761 909 salutatis,
1795 845 2050 915 profectus
2075 851 2147 897 est

642 958 697 999 ut
727 948 817 1000 iret
838 946 889 998 in
922 943 1295 997 Macedoniam.

644 1040 697 1093 l.
737 1037 893 1091 Multa
937 1050 1070 1103 opus
1108 1041 1221 1086 erat
1255 1028 1622 1085 consolatione
1662 1038 1779 1097 post
1817 1036 2017 1079 tantum
2064 1035 2147 1079 tu-

577 1132 817 1183 multum.
860 1128 969 1180 lloe
1001 1125 1086 1178 ille
1114 1134 1295 1186 curat,
1328 1134 1380 1177 et
1412 1131 1467 1175 ut
1495 1121 1786 1190 discipulos
1817 1120 2143 1181 consoletur,

576 1223 763 1291 migrat
792 1220 845 1273 it)
872 1216 1229 1272 Macedoniam
1254 1254 1270 1279 ,
1304 1211 1498 1268 deinde
1526 1214 1579 1267 in
1605 1211 1881 1267 Cra-ciam.
1913 1210 1980 1263 Et
2006 1208 2145 1279 quod

572 1314 792 1366 multum
832 1309 949 1364 illos
988 1307 1289 1362 conSolatus
1314 1305 1404 1370 sit,
1427 1305 1569 1358 audi.
1599 1305 1654 1358 2.
1688 1302 1809 1355 Cum
1835 1312 1999 1354 autem
2026 1318 2145 1368 ροντ-

570 1404 870 1456 ambulasset
898 1410 1065 1471 partes
1092 1400 1229 1464 illas,
1258 1408 1306 1451 et
1334 1398 1626 1451 exhortatus
1656 1397 1829 1463 {uisset
1864 1410 1945 1446 cos
1987 1397 2144 1445 multo

568 1510 814 1555 sermone,
842 1493 976 1547 venit
1011 1492 1063 1545 in
1093 1489 1363 1544 Gratiam.
1395 1490 1447 1543 5.
1477 1488 1543 1541 Et
1567 1504 1679 1539 cum
1708 1488 1772 1539 ibi
1803 1488 1978 1555 fuisset
2006 1502 2145 1537 men-

568 1587 704 1638 sibus
734 1585 920 1648 tribus,
963 1601 1074 1637 cum
1116 1591 1276 1635 essent
1304 1581 1384 1632 illi
1415 1588 1617 1633 structw
1659 1579 1858 1631 insidia:
1884 1595 1914 1629 a
1948 1576 2144 1631 Jnda'is

558 1679 865 1745 navigatura
902 1677 952 1727 in
987 1674 1189 1743 Syriam
1211 1713 1225 1735 ,
1256 1670 1527 1724 consilium
1568 1671 1707 1732 iniit,
1739 1680 1792 1721 ut
1823 1680 2145 1721 reverteretur

570 1785 657 1834 per
686 1765 1059 1821 Macedoniam.
1088 1764 1140 1817 4.
1170 1762 1446 1816 Comitatus
1476 1772 1547 1815 est
1577 1771 1742 1815 autent
1774 1778 1889 1813 eum
1913 1777 2065 1827 usque
2093 1760 2143 1811 in

566 1860 736 1912 Asiam
765 1858 985 1924 Sopater
1011 1856 1306 1917 Berazensis,
1341 1854 1865 1908 Thessalonicensium
1892 1871 2004 1907 vero
2025 1854 2141 1905 Ari-

566 1952 793 2001 starc‘rtts
834 1959 878 2001 et
918 1948 1185 2001 Secundus
1220 1957 1265 1999 et
1296 1944 1457 2015 Gajus
1488 1946 1724 1999 Derbtcus
1751 1956 1797 1998 et
1826 1944 2138 2007 Timotheus,

567 2043 742 2096 Αδὶαιιί
772 2058 885 2093 vero
919 2039 1167 2109 Tychicus
1192 2048 1237 2091 et
1265 2036 1593 2103 Traphimus.
1705 2035 1773 2088 lli
1797 2053 1908 2089 cum
1932 2052 2143 2104 pra'ces-

563 2134 765 2196 sissent,
788 2148 877 2184 nos
918 2138 1267 2196 mpectarunt
1296 2129 1346 2180 in
1374 2126 1589 2181 Troade.
1622 2128 1822 2181 llnrsus
1847 2143 2141 2196 persequu-

564 2225 701 2276 tionc
736 2240 761 2277 tt
810 2225 1004 2291 patitur
1047 2239 1073 2275 a
1120 2221 1356 2287 Jttdzt‘is,
1389 2231 1438 2274 et
1484 2221 1631 2274 venit
1660 2221 1711 2273 in
1755 2220 2138 2273 Macedoniam.

565 2314 842 2382 Quomodo
880 2326 1056 2367 autem
1094 2312 1437 2367 Timotheum
1482 2311 2013 2367 Thessalonicensem
2057 2310 2139 2363 di-

564 2407 679 2458 cit?
712 2407 824 2459 Non
858 2405 962 2459 hoc
983 2404 1112 2458 dicit
1144 2420 1158 2467 ;
1192 2403 1309 2467 sed,
1337 2404 1422 2467 lli,
1454 2404 1642 2472 inquit,
1674 2412 2063 2472 prmcesserunt
2089 2403 2139 2455 in

568 2495 866 2559 Troadem,
926 2495 1063 2547 viam
1094 2494 1170 2547 illi
1196 2504 1464 2562 parantes.
1502 2494 1553 2546 6.
1594 2492 1707 2545 Nos
1739 2509 1852 2545 vero
1878 2494 2137 2563 navigavi-

565 2606 677 2639 mus
712 2596 821 2655 post
863 2587 971 2640 dies
1012 2587 1314 2656 .lzymorum
1352 2601 1384 2637 a
1416 2583 1706 2654 Philippis,
1748 2594 1795 2637 et
1823 2586 2044 2638 venimus
2074 2585 2142 2637 ad

563 2697 645 2733 eos
685 2679 937 2733 Troadem
980 2680 1033 2731 iu
1070 2679 1243 2732 diebus
1275 2680 1527 2747 quinque,
1570 2676 1653 2731 ubi
1686 2678 1933 2730 demorati
1970 2694 2141 2732 sumus

563 2770 735 2823 diebus
779 2780 988 2837 septem.
1036 2768 1164 2822 Nam
1211 2769 1421 2823 videtur
1460 2768 1588 2822 mihi
1630 2768 1777 2821 illum
1820 2767 1936 2822 dies
1979 2767 2142 2824 festos

565 2860 858 2929 transigere
885 2858 1153 2912 curavisse
1193 2859 1246 2912 in
1278 2858 1485 2927 magnis
1523 2856 1764 2912 urbibus.
1808 2858 1849 2911 Α
1882 2857 2140 2929 Philippis

562 2952 792 3022 navigat,
817 2952 903 3005 ubi
925 2966 1013 3007 res
1036 2950 1121 3006 illa
1150 2952 1292 3005 circa
1312 2965 1584 3005 carcerem
1610 2949 1928 3019 contigerat.
1958 2949 2137 3006 Tertia

562 3054 739 3096 autem
767 3042 886 3096 vice
916 3043 965 3095 in
997 3041 1359 3097 Macedoniam
1406 3041 1583 3107 venit,
1614 3051 1667 3095 et
1695 3042 1919 3095 multum
1952 3042 2140 3096 testiﬁ-

559 3142 713 3185 catur
750 3131 819 3187 de
862 3130 1339 3201 Pbilippensibus;
1384 3129 1611 3200 ideoque
1658 3129 1767 3185 illic
1810 3130 2139 3187 demoratur.

560 3224 616 3278 Ἰ.
650 3222 768 3279 Una
791 3233 959 3277 autem
982 3225 1322 3289 sabbatorum,
1346 3240 1462 3277 cum
1482 3224 1887 3279 convenissemus
1910 3224 1980 3277 ad
2000 3226 2143 3294 fran-

562 3314 780 3383 gendum
815 3332 1017 3385 panem,
1047 3313 1243 3369 Paulus
1285 3315 1575 3383 disputabat
1631 3333 1747 3369 cum
1781 3317 1850 3371 eis
1878 3321 2139 3388 profectu-

561 3423 649 3460 rus
676 3423 695 3471 ς
723 3409 1068 3477 protraxitque
1098 3424 1376 3462 sermonem
1401 3425 1558 3478 usque
1592 3410 1645 3461 in
1671 3408 1890 3462 mediam
1922 3422 2138 3463 noctem.

565 3495 697 3550 Vide
737 3497 1006 3567 quomodo
1040 3497 1217 3551 omnia
1263 3497 1711 3568 poSIhaberentur
1742 3498 2131 3569 praedicationi.

562 3586 875 3642 Pentecoste
910 3596 1037 3643 tunc
1082 3599 1231 3653 erat,
1264 3598 1318 3644 et
1365 3589 1479 3644 dies
1531 3589 1804 3644 Dominica
1836 3607 1848 3654 ;
1894 3591 1984 3645 ille
2012 3606 2139 3647 vero

561 3694 727 3748 usque
754 3679 818 3732 ad
842 3680 1011 3734 noctis
1029 3678 1306 3735 dimidium
1335 3695 1637 3736 sermonem
1668 3683 1929 3751 protraxit
1954 3700 1968 3748 ;
2002 3684 2139 3739 adeo

562 3768 941 3837 discipulorum
978 3771 1205 3826 salutem
1235 3771 1508 3840 cupiebat,
1544 3784 1600 3827 ut
1636 3789 1704 3827 ne
1734 3785 1894 3829 noctu
1922 3776 2137 3846 quidem

564 3870 802 3921 taceret;
834 3860 940 3917 'uno
971 3872 1093 3916 tunc
1130 3863 1295 3930 magis
1323 3865 1634 3930 dissereret,
1667 3867 1807 3935 quod
1833 3870 1986 3939 quies
2015 3879 2139 3924 tunc

560 3962 730 4007 esset.
753 3953 877 4008 Vide
895 3970 1049 4023 quam
1074 3956 1293 4009 multum
1315 3956 1624 4024 dissereret,
1644 3960 1803 4013 etiam
1827 3970 1946 4029 post
1968 3962 2137 4031 ipsum

561 4058 730 4099 emine
759 4056 982 4114 tempus.
1012 4045 1114 4101 Sed
1146 4046 1338 4101 festum
1381 4048 1612 4104 turbavit
1638 4050 1898 4117 diabolus,
1927 4068 2025 4107 nec
2056 4064 2136 4107 ta-

561 4150 682 4188 men
715 4137 1011 4203 prtevaluit,
1044 4152 1163 4191 cum
1195 4138 1490 4193 auditorem
1524 4140 1579 4194 iu
1606 4155 1853 4196 somnum
1879 4142 2137 4198 demersit

562 4236 616 4281 et
641 4226 835 4294 deiecit
868 4248 879 4282 :
913 4228 1053 4298 quod
1077 4240 1133 4284 ut
1157 4231 1459 4301 contigerit,
1482 4232 1559 4287 sic
1585 4244 1797 4288 enarrat
1825 4236 2134 4306 pergendo:

563 4318 614 4372 8.
654 4316 816 4371 Erant
840 4331 1002 4373 autem
1020 4321 1278 4391 lampades
1297 4324 1513 4391 capioste
1535 4326 1583 4377 in
1608 4327 1882 4393 caenaculo,
1918 4328 2001 4381 ubi
2026 4346 2138 4381 era-

563 4426 674 4461 unus
699 4414 1006 4481 congregati.
1032 4412 1084 4465 9.
1111 4412 1300 4466 Sedens
1322 4426 1489 4467 autem
1508 4417 1712 4484 quidam
1733 4419 2021 4471 adolescens
2049 4436 2139 4472 no-

562 4503 695 4555 mine
720 4501 981 4572 Eutychus
1010 4521 1161 4573 super
1186 4506 1475 4573 fenestram,
1498 4524 1609 4559 sum
1636 4520 1941 4577 mergeretur
1963 4527 2137 4564 somno

562 4596 701 4667 gravi
720 4637 734 4659 ,
768 4597 1053 4667 disputante
1087 4598 1175 4649 diu
1208 4597 1407 4662 Paulo,
1446 4598 1624 4651 ductus
1662 4616 1833 4653 somno
1875 4604 2050 4655 cecidit
2078 4607 2139 4655 de

565 4688 707 4742 tertio
738 4689 992 4742 cwuaculo
1022 4688 1251 4741 deorsum
1272 4731 1287 4754 ,
1318 4700 1364 4742 et
1394 4691 1617 4743 sublatus
1663 4701 1733 4743 est
1769 4704 2011 4746 mortuus.
2048 4695 2133 4748 ω.

562 4778 689 4831 Cum
720 4780 1047 4833 descendisset
1081 4780 1291 4844 Paulus,
1325 4784 1545 4836 incubuit
1574 4802 1724 4851 super
1755 4802 1900 4849 eum,
1929 4798 1975 4839 et
2003 4805 2138 4840 cont-

565 4871 739 4940 plexus
770 4871 895 4921 dixit
926 4886 942 4923 :
984 4870 1153 4922 Nolite
1180 4874 1369 4925 turbari
1392 4892 1406 4935 ;
1437 4878 1605 4926 anima
1634 4877 1763 4927 enim
1798 4879 1907 4945 ejus
1946 4880 1995 4930 in
2027 4879 2136 4945 ipso

560 4970 653 5014 est.
677 4960 697 5013 I
716 4960 762 5023 ι.
787 4961 1069 5015 Ascendens
1090 4971 1271 5025 autem,
1298 4968 1625 5034 [tangensque
1645 4984 1823 5034 panem
1842 4980 1886 5020 et
1903 4981 2135 5038 gustatis,

559 5054 779 5123 satisque
817 5052 1101 5121 alloquutus
1133 5072 1287 5123 usque
1328 5057 1380 5107 in
1420 5058 1607 5122 lucem,
1652 5061 1724 5112 sic
1760 5065 2011 5130 profectus
2041 5076 2138 5121 est.

562 5145 649 5199 i2.
680 5144 1016 5198 Adduxeruut
1050 5157 1214 5199 autem
1248 5166 1457 5216 puerum
1494 5153 1733 5205 viventem
1755 5195 1770 5219 ,
1801 5164 1848 5207 et
1891 5157 2136 5209 consolati

560 5247 675 5290 sunt
700 5254 799 5290 non
824 5240 1046 5291 minime.
1064 5238 1212 5303 Vide,
1230 5256 1429 5309 quaeso,
1455 5242 1739 5309 theatrum,
1770 5254 1826 5299 ut
1851 5257 2001 5301 erant
2032 5263 2137 5302 una

562 5327 1122 5399 coacti:Congregatis
1144 5331 1280 5384 cuitu
1308 5331 1598 5401 discipulis,
1645 5335 1846 5405 inquit;
1868 5340 2140 5410 etiamque

566 5420 771 5487 signum
821 5423 973 5490 quale
1014 5422 1168 5475 fuerit
1208 5426 1587 5493 perpendezin
1636 5430 1863 5484 fenestra
1908 5448 2141 5502 namque

564 5510 819 5574 sedebat,
852 5514 1055 5581 inquit,
1086 5523 1140 5567 et
1184 5514 1493 5585 intempesta
1537 5531 1712 5576 nocte.
1746 5522 1975 5578 Tantum
2020 5537 2136 5581 erat

563 5600 861 5656 auditorum
898 5604 1241 5659 desiderium.
1276 5606 1660 5664 Erubescamns
1691 5628 1820 5678 nos,
1848 5617 1932 5683 qui
1963 5632 2135 5686 neque

566 5691 615 5743 in
645 5691 731 5745 die
760 5691 860 5745 hoc
888 5692 1130 5749 facimus.
1165 5694 1267 5749 Sed
1300 5696 1511 5761 Paulus,
1546 5701 1768 5770 inquies,
1804 5717 1930 5760 tum.
1959 5707 2132 5763 disse-

562 5784 731 5838 rebat.
758 5783 893 5850 Quid
922 5785 1253 5842 dicis?Nunc
1282 5804 1489 5860 quoque
1519 5792 1709 5847 Paulus
1740 5795 1990 5862 disserit,
2026 5801 2133 5852 imo

562 5890 685 5930 vero
711 5893 879 5949 neque
910 5888 1031 5933 tunc
1057 5895 1225 5951 neque
1262 5896 1405 5939 nunc
1434 5884 1642 5954 Paulus,
1673 5888 1763 5944 sed
1787 5890 2046 5959 Christus,
2082 5903 2131 5947 rt

2254 769 2410 808 nemo
2444 754 2607 811 audit.
2643 755 2758 813 Non
2785 760 3023 819 fenestra
3056 782 3196 821 nunc
3222 779 3324 837 est,
3357 786 3461 825 non
3503 772 3691 841 fames,
3724 792 3834 830 non

2249 860 2467 900 somnus
2508 848 2867 919 interturbat;
2914 867 2965 911 et
3015 867 3191 914 tamen
3234 878 3338 917 non
3385 865 3675 921 audimus:
3722 883 3834 922 non

2249 947 2333 994 est
2358 942 2594 1011 angustia
2626 942 2756 1011 loci,
2790 962 2893 1001 non
2924 948 3066 1004 aliud
3098 952 3367 1024 quidpiam
3396 957 3591 1013 simile.
3635 959 3821 1027 Quod-

2248 1045 2352 1099 que
2377 1033 2566 1088 mirum
2598 1046 2680 1088 est
2708 1038 2921 1094 etiamsi
2948 1040 3261 1098 adolescens
3286 1059 3449 1114 (κει-ι,
3476 1065 3578 1104 non
3608 1060 3725 1105 erat
3753 1054 3836 1120 pi-

2248 1137 2361 1191 ger,
2379 1135 2432 1178 et
2449 1141 2634 1181 somno
2658 1142 2904 1198 gravatus
2930 1148 3033 1187 non
3062 1134 3327 1201 discessit,
3345 1156 3515 1209 neque
3537 1144 3835 1212 periculum

2249 1216 2573 1285 formidavit,
2596 1238 2661 1276 ne
2684 1222 2971 1280 laberetur.
2996 1227 3149 1296 Quod
3165 1231 3209 1284 si
3231 1230 3527 1289 dormitans
3550 1235 3836 1303 deciderit,

2250 1324 2317 1363 nc
2348 1310 2597 1378 mireris;
2640 1331 2812 1383 neque
2839 1320 2983 1373 enim
3015 1336 3079 1376 ex
3122 1324 3325 1393 ignavia
3355 1325 3706 1397 domitabat,
3735 1331 3836 1385 sed

2248 1416 2311 1455 ex
2338 1414 2538 1458 natura:
2567 1407 2906 1465 necessitate.
2931 1410 3008 1465 Tu
3036 1429 3163 1468 vero
3190 1417 3517 1485 consideres,
3550 1421 3733 1487 velim,
3763 1422 3835 1476 il-

2248 1492 2329 1548 los
2361 1505 2505 1549 tanto
2532 1498 2709 1551 Studia
2737 1510 2913 1557 motos
2944 1502 3108 1559 fuisse
3129 1546 3145 1572 ,
3177 1516 3232 1561 ut
3260 1509 3420 1563 etiam
3451 1510 3501 1564 in
3544 1511 3700 1566 tertio
3721 1527 3839 1569 c0:-

2247 1588 2440 1642 nacnlo
2477 1602 2696 1659 essent;
2737 1595 2970 1651 nondum
3022 1598 3163 1653 enim
3204 1611 3320 1655 erat
3359 1604 3504 1659 eccle
3542 1608 3606 1657 ἰ.
3656 1604 3840 1662 Nolite

2246 1682 2459 1745 turbari,
2486 1684 2693 1753 inquit;
2724 1689 2893 1741 «Anima
2914 1691 3046 1744 enim
3073 1690 3182 1757 eius
3204 1694 3256 1747 in
3279 1695 3392 1765 ipso
3414 1709 3507 1751 est.
3534 1698 3648 1752 Nm
3672 1698 3833 1762 dixit,

2244 1770 2537 1842 Resurgct,
2588 1779 2856 1834 suscitabo
2895 1783 3038 1835 enim
3090 1784 3278 1853 illum;
3311 1788 3403 1842 sed
3436 1788 3559 1859 quid
3590 1790 3612 1841 ?
3654 1789 3839 1846 Nolite

2245 1866 2455 1917 turbari.
2488 1867 2619 1923 Vide
2656 1887 2812 1939 quam
2844 1874 2911 1927 sit
2938 1889 2966 1927 a
2995 1874 3133 1930 fastu
3164 1878 3391 1946 alienus,
3425 1897 3580 1952 quam
3604 1882 3667 1937 ad
3695 1899 3837 1938 con-

2244 1957 2522 2012 solandum
2555 1978 2771 2030 pronus.
2800 1965 3110 2035 Ascendens,
3147 1970 3337 2041 inquit,
3370 1984 3416 2027 et
3458 1978 3697 2047 frangens
3738 1995 3840 2044 pa-

2245 2064 2354 2100 nem
2379 2061 2421 2102 et
2442 2062 2667 2119 gttslatts.
2696 2054 2804 2109 lloc
2819 2072 3120 2113 sermonem
3146 2061 3519 2132 interpellavit,
3546 2084 3645 2123 nec
3670 2070 3832 2124 ltcsit.

2246 2137 2431 2194 Viden‘
2455 2158 2622 2198 mente
2655 2144 3056 2218 frugalitatem?
3082 2152 3151 2207 Et
3169 2165 3379 2225 gustans
3399 2200 3413 2223 ,
3446 2159 3615 2230 inquit
3636 2203 3649 2224 ,
3679 2163 3834 2217 satis-

2243 2250 2288 2301 q.
2314 2251 2339 2284 e
2361 2236 2649 2305 alloquutns
2681 2258 2833 2310 usque
2854 2244 2921 2296 ad
2940 2246 3124 2313 lucem,
3148 2248 3221 2304 sic
3247 2252 3500 2321 profectus
3520 2265 3610 2309 est.
3641 2256 3836 2312 Vidcn‘

2243 2327 2515 2392 quomodo
2541 2341 2921 2398 pernoctarent
2942 2338 2965 2389 ‘t
2988 2336 3145 2393 Tales
3166 2351 3318 2395 erant
3339 2358 3558 2408 mensa,
3580 2356 3638 2400 ut
3662 2349 3833 2404 sobrii

2242 2416 2485 2485 discipuli
2512 2420 2739 2487 abirent,
2766 2435 2818 2479 et
2844 2426 2909 2480 ad
2926 2428 3250 2486 audiendum
3283 2438 3535 2505 prompti.
3569 2439 3702 2505 Quid
3731 2457 3834 2496 nos

2241 2524 2269 2560 a
2298 2510 2518 2564 canibus
2546 2512 2889 2572 dill'erimus?
2918 2518 3103 2577 Videte
3132 2534 3387 2593 quantum
3416 2528 3486 2583 sit
3514 2530 3829 2590 discrimen.

2242 2600 2577 2656 Adduxcrunt
2603 2615 2768 2659 autem
2793 2626 3004 2678 puerum
3030 2614 3272 2670 virentem
3299 2623 3339 2681 ⁸,
3373 2630 3419 2672 et
3441 2621 3687 2676 consolati
3710 2637 3831 2678 sunt

2242 2707 2341 2744 non
2380 2695 2602 2749 minimc.
2645 2699 2887 2769 Magnam
2927 2705 3194 2775 accipiunt
3233 2712 3675 2777 consolationem,
3715 2728 3829 2771 tum

2241 2785 2360 2851 quia
2389 2786 2563 2843 vivum
2595 2803 2934 2862 acceperunt,
2962 2806 3071 2851 tum
3100 2801 3223 2869 quia
3250 2802 3461 2871 signum
3493 2802 3690 2861 factum
3722 2804 3827 2863 est.

2243 2876 2329 2929 15.
2355 2874 2464 2932 Nos
2481 2890 2644 2935 autem
2662 2886 2983 2943 mentientes
3003 2892 3187 2957 navim,
3210 2896 3553 2965 navigavimus
3568 2900 3620 2953 in
3639 2900 3828 2970 Assan,

2240 2968 2359 3022 inde
2396 2976 2677 3043 suscepturi
2718 2973 2942 3034 Paulum
2984 2996 3005 3036 :
3031 2984 3104 3038 sic
3144 2987 3278 3040 enim
3322 2989 3641 3060 disposuerat
3684 2968 3827 3063 ipse,

2241 3259 2270 3341 a
2301 3245 2576 3341 discipulis
2604 3266 2931 3324 segregatur.
2968 3258 3107 3316 Ecce
3136 3277 3367 3335 namque
3403 3266 3512 3336 jam
3539 3245 3634 3324 ille
3660 3272 3828 3341 pedes

2243 3336 2346 3393 iter
2371 3337 2521 3430 facit,
2555 3342 2630 3397 illi
2661 3360 2790 3400 vero
2825 3348 2947 3405 navi
2972 3367 2986 3402 :
3018 3352 3160 3422 quod
3190 3354 3361 3411 levius
3390 3368 3507 3413 erat
3537 3360 3639 3417 illis
3658 3336 3821 3430 cedit,

2240 3429 2381 3497 quod
2413 3432 2688 3491 molestius
2704 3436 2818 3508 ipse
2834 3442 3078 3497 assumit.
3101 3443 3271 3502 Pedes
3292 3448 3424 3515 ibat,
3443 3458 3553 3507 tum
3578 3462 3635 3508 ut
3658 3429 3824 3510 mttlta

2239 3520 2593 3593 dispensaret,
2619 3536 2729 3582 tum
2759 3540 2815 3584 ut
2834 3531 3056 3593 doceret
3077 3537 3217 3605 illos,
3242 3555 3310 3594 ne
3334 3540 3403 3596 ab
3425 3556 3485 3597 se
3508 3559 3823 3614 separaren-

2240 3618 2345 3666 tur.
2380 3614 2466 3669 15.
2498 3615 2565 3670 Et
2593 3618 2711 3673 inde
2736 3623 3047 3694 navigantes,
3076 3632 3301 3695 sequenti
3336 3632 3419 3687 die
3442 3635 3669 3691 uenimus
3693 3654 3820 3691 con-

2239 3712 2318 3757 tra
2344 3706 2523 3760 Chium
2552 3726 2569 3772 ,'
2592 3714 2817 3778 sequenti
2837 3730 2951 3770 vero
2971 3721 3265 3787 appulimus
3284 3723 3521 3791 Samum,
3545 3738 3594 3782 et
3614 3747 3827 3784 ntanen-

2241 3808 2311 3852 tes
2338 3798 2565 3871 Trogylii
2582 3844 2597 3867 ,
2623 3807 2851 3875 sequenti
2876 3808 2960 3861 die
2986 3812 3209 3866 venimus
3241 3813 3492 3871 Miletum.
3526 3818 3660 3877 Vide
3686 3838 3825 3893 quo-

2242 3890 2401 3943 modo
2443 3892 2727 3950 festinante
2758 3896 2925 3953 Paulo
2965 3912 3220 3973 pergunt,
3250 3920 3348 3961 nec
3377 3924 3555 3965 moras
3584 3890 3823 3981 trahunt,

2240 3980 2332 4034 sed
2371 3992 2697 4051 prartereunt
2726 3986 2945 4045 insulas.
2978 3992 3064 4048 l6.
3094 3993 3440 4065 Proposuerat
3469 4004 3601 4057 enim
3627 3980 3826 4061 Paulus

2241 4075 2621 4145 transnavigare
2662 4076 2922 4149 Ephesum
2944 4122 2961 4147 ,
3006 4094 3062 4137 ut
3092 4103 3252 4157 neque
3294 4106 3436 4144 mora
3476 4092 3556 4146 illi
3601 4107 3729 4151 esset
3770 4100 3825 4152 in

2239 4164 2377 4254 iisin.
2411 4165 2703 4224 Festinabat
2743 4184 2912 4227 autem
2950 4175 2995 4229 si
3033 4180 3269 4246 possibile
3297 4182 3394 4237 sibi
3422 4196 3567 4254 esset,
3598 4197 3653 4241 ut
3689 4190 3825 4245 diem

2239 4253 2560 4313 Pcutecostes
2582 4272 2751 4331 ageret
2773 4263 3125 4338 Jerosolymis.

2308 4348 2362 4400 9..
2404 4349 2533 4417 Quae
2565 4352 2679 4407 lucc
2720 4354 3033 4412 festinatio?
3065 4360 3179 4417 Non
3219 4376 3437 4436 propter
3469 4368 3683 4435 festum,
3726 4373 3822 4429 sed

2241 4449 2456 4507 propter
2483 4443 2893 4503 multitudinem.
2924 4450 3090 4507 Simul
3120 4455 3334 4511 Judteos
3350 4474 3413 4513 ex
3441 4475 3507 4516 eo
3531 4463 3817 4530 alliciebat,

2239 4531 2376 4599 quod
2426 4532 2737 4593 festivitates
2776 4541 3016 4609 coleret;
3049 4546 3207 4601 simul
3246 4561 3302 4603 et
3348 4551 3591 4607 inimicos
3633 4572 3827 4625 rapere

2239 4622 2337 4676 sibi
2362 4625 2604 4694 cupiens,
2630 4628 3146 4693 festinabatverbum
3164 4644 3505 4700 annuntiare.
3530 4646 3665 4703 Vide
3690 4622 3826 4719 ergo

2239 4728 2492 4785 quantum
2537 4720 2734 4776 factum
2774 4725 2843 4779 sit
2885 4727 3126 4794 lucrum,
3172 4734 3421 4790 omnibus
3448 4742 3818 4807 prmsentibus.

2240 4808 2385 4863 Alias
2408 4824 2553 4873 vero,
2577 4828 2642 4867 ne
2669 4814 2883 4882 Ephesii
2917 4821 3328 4889 negligerentur,
3360 4828 3465 4881 alio
3491 4829 3819 4901 dispensavit

2240 4902 2418 4955 modo.
2449 4903 2553 4959 Sed
2576 4910 2819 4976 superius
2847 4912 2984 4967 dicta
3006 4928 3331 4983 repetamus.
3362 4920 3425 4975 Et
3447 4925 3705 4991 salutatis,
3734 4928 3819 4981 in-

2239 4994 2371 5061 quit,
2397 4996 2655 5068 discipulis
2673 5042 2689 5066 ,
2713 5004 2970 5073 profectus
2998 5016 3104 5073 est,
3134 5021 3188 5061 ut
3212 5011 3305 5064 iret
3331 5015 3387 5067 in
3418 5014 3774 5071 Macedoniam
3805 5060 3819 5083 ,

2240 5094 2284 5137 et
2312 5087 2608 5144 exhortatus
2638 5109 2721 5147 eos
2746 5112 2972 5149 sermone
3011 5101 3190 5167 multo,
3214 5105 3346 5157 venit
3370 5106 3423 5159 in
3452 5106 3723 5162 Erucium.
3756 5112 3824 5166 Et

2240 5176 2317 5230 sic
2348 5195 2556 5235 rursum
2591 5188 2885 5250 recreavit,
2932 5204 3175 5259 magnam
3208 5194 3341 5249 dans
3368 5199 3816 5256 consolationem.

2243 5266 2372 5323 Vide
2418 5273 2610 5344 ubique
2658 5276 2806 5329 illum
2866 5294 3112 5338 sermone
3169 5287 3347 5340 omnia
3406 5289 3817 5357 perlicientem,

2240 5378 2348 5417 non
2395 5382 2519 5420 vero
2558 5369 2746 5437 signis.
2782 5367 3175 5443 navigaturum,
3206 5378 3302 5441 ait,
3330 5380 3383 5432 in
3417 5380 3643 5451 Syriam.
3674 5384 3816 5439 Con-

2241 5455 2388 5509 tinno
2416 5458 2567 5511 nobis
2607 5461 2750 5514 illum
2783 5466 3014 5519 ostendit
3037 5466 3377 5525 festinantem
3409 5472 3463 5527 in
3492 5474 3719 5545 Syriam.
3765 5478 3825 5530 In

2239 5564 2391 5602 causa
2421 5564 2531 5605 erat
2558 5552 2791 5607 Ecclesia
2819 5565 2872 5609 et
2898 5556 3231 5631 Jerosolyma
3256 5579 3270 5625 ;
3299 5566 3377 5619 sic
3404 5566 3741 5623 desiderabat
3766 5584 3821 5625 et

2238 5655 2353 5707 qua:
2381 5641 2485 5695 illic
2509 5653 2661 5696 erant
2682 5646 2949 5701 ordinare.
2979 5650 3140 5719 Atqui
3168 5668 3274 5709 nou
3294 5671 3483 5727 magna
3511 5658 3679 5713 Troas
3702 5676 3780 5715 ρει
3804 5681 3823 5725 ι

2236 5840 2481 5950 Ηξὶιιωξ.
2504 5843 2824 5951 1Adduatcrtmt
2850 5856 3007 5901 autem
3039 5865 3251 5917 pueran
3290 5855 3517 5909 uirentem
3538 5899 3551 5917 ,
3569 5860 3748 5912 desunt
3776 5868 3820 5912 iu

2253 5918 2311 5951 λιτ
2342 5919 2425 5950 HL".
2446 5920 2501 5951 till
2529 5941 2536 5951 .

2253 5918 2536 5965 ptrtvusuaui.

3544 6348 4070 6484 seu
