4076 6520
217 500 319 556 305

212 634 311 671 cur
339 627 464 685 ergo
509 610 605 684 per
645 617 849 679 septem
892 605 1005 661 dies
1038 604 1146 659 illic
1176 602 1432 657 manent?
1464 599 1645 668 Magna
1674 597 1785 649 for-

217 722 359 761 tasse
381 715 495 758 erat
530 700 820 758 secundum
849 696 1081 752 ﬁdelium
1110 708 1409 749 numerum.
1447 692 1654 745 Etcum
1682 687 1796 741 dies

214 810 421 869 septem
444 797 516 850 ibi
540 794 843 856 mansisset,
868 787 1113 858 sequenti
1138 796 1347 840 noctem
1378 784 1427 837 in
1455 780 1697 836 docendo
1720 779 1795 831 in-

215 868 483 958 sumpsit:
512 888 582 939 ita
611 899 752 953 aegre
783 884 897 951 ipse
926 880 993 933 ab
1035 879 1137 933 illis
1158 917 1174 942 ,
1208 877 1284 931 illi
1322 874 1389 929 ab
1426 873 1547 942 ipso"
1577 868 1797 925 divelle-

1170 487 1236 543 ΙΝ
1275 485 1450 541 ACTA
1494 478 2016 539 APOSTULORUM.
2061 476 2290 533 llOMlL.
2331 471 2512 530 XLIII.

3389 466 3494 520 506

1902 591 2169 659 iri/irruat“?
2192 592 2306 662 quis
2332 586 2714 645 scandalizatur
2734 627 2747 650 ,
2790 594 2837 638 et
2878 600 2969 654 ego
2996 600 3095 637 non
3122 599 3243 636 uror
3272 582 3346 651 (‘2.
3373 581 3494 639 Cor.

1908 683 2146 752 “.99)?

1974 779 2025 832 3.
2056 777 2241 830 Omnia
2288 784 2493 846 prapter
2542 776 2728 843 fratres
2786 770 3071 825 subamara.
3109 772 3245 822 Dum
3289 768 3498 822 retribu-

1905 871 1976 924 tio
2012 868 2266 933 diﬁ't'rtur,
2300 877 2513 937 augetur
2534 866 2820 919 donum.—
2843 862 2968 917 l’lafc
2995 872 3049 918 et
3069 877 3168 915 nos
3189 902 3203 926 ,
3236 861 3463 914 obsecro
3480 898 3497 923 ,

218 950 430 1035 bantur.
462 974 587 1032 Cum
630 950 1026 1029 convenissem”
1048 1010 1063 1035 ,
1112 967 1317 1038 inquit,
1364 964 1431 1017 ad
1460 960 1797 1033 frangendum
1889 962 2067 1020 «οι-δι
2097 975 2368 1015 seetemur
2390 1001 2405 1026 .
2453 967 2507 1015 et
2555 967 2773 1027 propter
2804 956 2997 1008 fratres
3028 962 3241 1007 nostros
3272 952 3324 1005 in
3357 950 3500 1021 peri-

217 1088 421 1143 panem.
462 1069 542 1123 Ab
570 1070 687 1136 ipso
717 1078 955 1135 tempore
976 1106 989 1127 ,
1030 1078 1136 1133 quo
1161 1061 1367 1115 esurire
1402 1064 1802 1111 monstrabatur

218 1166 346 1233 (nec
374 1172 489 1216 erat
519 1161 646 1214 illud
677 1153 1159 1227 intempestivum),
1184 1164 1363 1207 sermo
1383 1161 1591 1217 coeptus
1614 1158 1799 1199 exten-

214 1274 308 1309 aus
339 1265 457 1309 est:
492 1257 560 1307 ita
605 1263 660 1306 nt
700 1267 819 1306 cum
861 1265 963 1303 non
1003 1246 1269 1316 praecipue
1309 1242 1688 1299 convenissent
1727 1238 1797 1291 ad

212 1348 535 1407 doctrinam,
568 1345 661 1399 sed
688 1343 753 1396 ad
788 1338 1134 1410 frangendum
1160 1352 1370 1406 panem,
1402 1334 1489 1387 ubi
1516 1334 1566 1385 in
1594 1344 1799 1386 sermo-

214 1454 341 1493 nem
395 1436 614 1501 incidit,
669 1434 966 1489 doctrinam
1022 1430 1280 1485 extendit.
1341 1426 1474 1480 Vide
1530 1421 1800 1493 quomodo

215 1545 419 1584 mensa:
445 1529 591 1583 Pauli
624 1541 812 1579 omnes
843 1523 1129 1593 participes
1157 1528 1356 1575 essent.
1390 1517 1612 1571 Videtur
1635 1514 1760 1568 mihi
1782 1554 1797 1579 ,

215 1622 391 1689 ipsum
424 1620 488 1672 ad
523 1633 761 1671 mensam
792 1616 1066 1670 sedentem
1094 1613 1426 1675 disseruisse,
1461 1624 1559 1663 nos
1598 1608 1799 1662 docen-

214 1721 321 1764 tom
370 1710 451 1764 his
482 1709 657 1762 oomia
705 1722 825 1762 esse
866 1703 1253 1775 postponenda.
1297 1700 1659 1772 lmaginamini
1699 1700 1800 1754 do-

213 1818 362 1856 mum
397 1802 540 1855 illam
561 1842 576 1866 ,
610 1799 661 1853 in
690 1815 790 1869 qua
837 1796 1111 1865 lampades
1141 1804 1332 1859 erant,
1363 1793 1451 1847 ubi
1495 1792 1679 1855 turba,
1712 1791 1800 1844 ubi

213 1896 411 1951 Paulus
442 1894 648 1948 medius
677 1892 1001 1955 disserebat,
1034 1890 1123 1943 ubi
1152 1889 1412 1944 fenestras
1448 1886 1599 1940 multi
1636 1901 1800 1940 occu-

215 1988 448 2057 pabant,
493 1997 549 2039 ut
574 1985 752 2039 tubam
784 1984 925 2037 illam
957 1982 1238 2046 audirent,
1277 1990 1333 2035 et
1359 1980 1651 2049 gratiosum
1682 1976 1801 2031 vul-

214 2089 327 2131 tum
357 2078 696 2145 inspicerent.
732 2075 926 2144 Quales
955 2074 1118 2128 fuisse
1148 2072 1439 2136 auditores,
1471 2080 1523 2124 et
1550 2079 1802 2140 quantam

215 2170 341 2223 hinc
391 2169 663 2237 accepisse
721 2168 1047 2235 Voluptatem
1106 2163 1290 2233 putas?
1338 2160 1445 2215 Cur
1475 2171 1654 2214 autem
1707 2175 1803 2213 no-

213 2270 300 2315 ctu
343 2260 679 2314 diswreliat?
719 2259 848 2323 Quia
892 2258 1212 2324 migraturus
1251 2265 1364 2309 erat
1390 2295 1405 2319 ,
1431 2264 1619 2307 etnon
1668 2252 1801 2305 ultra

215 2352 391 2419 ipsum
425 2351 589 2403 visuri
618 2358 773 2403 erant
801 2367 813 2400 :
850 2364 1033 2401 verum
1068 2347 1168 2399 hoc
1198 2360 1301 2399 non
1336 2346 1474 2407 illis,
1509 2353 1695 2413 utpote
1726 2344 1805 2396 ine

216 2442 566 2505 firmioribus,
598 2441 746 2502 dicit,
778 2440 869 2493 sed
897 2441 1013 2494 aliis
1041 2438 1275 2496 dicebat.
1301 2437 1436 2504 Quin
1458 2447 1511 2490 et
1539 2444 1804 2503 patratum

215 2534 533 2589 miraculum
575 2533 625 2587 id
671 2532 935 2587 efficiebat
956 2574 969 2595 ,
1001 2540 1057 2583 ut
1082 2544 1295 2598 semper
1324 2530 1494 2583 noctis
1523 2528 1664 2581 illius
1690 2542 1805 2581 me-

216 2626 446 2679 moriam
479 2634 775 2678 servarent.
822 2622 1008 2693 Magna
1036 2621 1337 2676 auditorum
1367 2619 1610 2688 voluptas
1634 2660 1646 2682 ,
1686 2634 1806 2689 qua:

216 2717 379 2772 etiam
422 2699 771 2773 interlurbata
818 2716 984 2783 magis
1019 2713 1239 2767 adaucta
1283 2712 1409 2775 fuit;
1441 2721 1601 2781 atque
1632 2712 1703 2764 ita
1753 2711 1804 2763 in

217 2808 458 2862 doctoris
477 2808 706 2878 gratiam
727 2822 882 2860 casus
905 2805 993 2860 ille
1014 2806 1211 2860 evenit.
1237 2804 1486 2874 Alioquin
1512 2818 1640 2857 vero
1658 2803 1809 2872 igna-

220 2916 315 2953 vos
342 2915 534 2953 omnes
558 2899 651 2952 ille
678 2897 1049 2966 inerepaturus
1076 2905 1211 2961 erat,
1244 2895 1334 2965 qui
1362 2902 1603 2948 mortuus
1627 2904 1729 2957 est,
1754 2903 1810 2947 ut

224 2991 448 3044 I‘anltttn
479 2990 709 3042 audiret.
741 2988 803 3043 Et
828 3005 944 3045 cur.
970 2988 1178 3058 inquies
1198 3028 1211 3049 ,
1244 2986 1451 3055 singula
1481 2994 1728 3039 recenset
1756 2992 1810 3037 et

222 3083 363 3137 unde
392 3083 656 3145 venerint,
688 3094 742 3137 et
768 3080 1203 3151 quo-migrarint,
1235 3089 1290 3134 et
1314 3094 1480 3148 quare
1512 3078 1600 3133 ille
1624 3079 1809 3131 demo-

224 3185 370 3229 ratus
397 3176 500 3239 sit,
544 3190 605 3227 ac
644 3190 773 3243 quas
812 3174 970 3228 etiam
1000 3181 1174 3241 partes
1216 3168 1711 3239 prmternavigarit?
1744 3168 1811 3223 Ut

224 3267 440 3319 interim
472 3264 819 3327 ostenderet,
868 3262 1015 3315 illum
1048 3261 1273 3315 lentiore
1302 3275 1461 3313 cursu
1492 3259 1806 3327 navigasse,

225 3359 385 3428 idque
425 3358 655 3411 humana
683 3355 909 3420 ratione,
941 3363 1099 3423 atque
1122 3352 1282 3406 etiam
1314 3350 1806 3421 prieternavigasse.

228 3449 572 3517 Proposuerat
616 3447 749 3500 enim
800 3446 1226 3514 prmternavigare
1280 3441 1573 3511 Ephesum,
1619 3451 1672 3493 ut
1721 3457 1811 3493 nec

227 3557 399 3601 mora,
446 3540 647 3607 inquit,
678 3538 754 3589 illi
784 3546 909 3589 esset
938 3536 990 3587 in
1017 3535 1157 3587 Asia.
1189 3533 1373 3589 Bene:
1404 3548 1508 3585 non
1550 3533 1689 3586 enim
1719 3547 1813 3599 po-

231 3632 417 3685 tuisset
438 3673 453 3696 ,
485 3631 528 3682 si
558 3630 647 3682 illo
669 3628 924 3691 venisset,
955 3626 1420 3696 prmternavigare,
1452 3624 1574 3692 quia
1607 3623 1811 3677 noluis-

229 3731 310 3775 set
328 3722 649 3775 contristare
680 3719 818 3783 illos,
843 3718 929 3788 qui
958 3718 1128 3787 ipsum
1160 3715 1421 3787 precaturi
1447 3725 1598 3769 erant
1624 3723 1679 3768 ut
1702 3731 1814 3769 ma-

232 3825 398 3868 neret.
436 3812 534 3865 Vel
572 3812 670 3865 hac
713 3810 780 3865 de
820 3825 979 3865 causa
1008 3819 1190 3873 certe,
1220 3808 1301 3861 vel
1330 3808 1469 3875 quod
1515 3805 1810 3861 festinaret.

236 3904 525 3959 Festinabat
553 3905 706 3968 enii..,
740 3903 938 3972 inquit,
970 3912 1025 3953 ut
1048 3898 1483 3968 sipossibileesset
1513 3898 1644 3952 diem
1672 3896 1814 3952 Pen-

232 4008 438 4050 tecoste:
476 3994 1039 4065 ageretJerosolymis.
1088 3991 1213 4045 Ideo
1254 3992 1412 4061 igitur
1450 4006 1668 4046 manere
1708 4007 1814 4046 non

233 4098 459 4160 poterat.
494 4086 627 4140 Vide
670 4087 813 4139 illum
857 4086 1016 4139 etiam
1064 4082 1295 4137 humana
1327 4083 1529 4136 ratione
1568 4083 1813 4147 moveri,

233 4196 449 4248 cupere,
483 4178 759 4242 festinare,
783 4185 839 4231 et
860 4191 1003 4244 stepe
1029 4186 1267 4244 optatum
1302 4187 1406 4226 non
1432 4172 1666 4241 assequi.
1694 4172 1817 4229 Ideo

232 4282 406 4325 autem
443 4270 557 4322 lnrc
591 4268 740 4331 fiunt,
771 4278 825 4320 ut
864 4281 931 4321 ne
962 4275 1207 4335 putemus
1236 4279 1296 4319 ea
1329 4263 1491 4317 fuisse
1519 4279 1678 4332 supra
1716 4263 1816 4315 hii-

237 4378 447 4415 nianam
498 4373 763 4414 naturam.
810 4358 991 4411 Sancti
1041 4358 1237 4425 quippe
1272 4364 1328 4408 et
1372 4354 1549 4423 tnagni
1599 4355 1674 4408 illi
1719 4355 1816 4409 viri

234 4456 475 4527 ejusdem
508 4461 694 4513 erant.
724 4454 876 4518 cujus
907 4466 1036 4515 nos,
1083 4459 1321 4510 naturze;
1354 4447 1592 4518 ejusdem
1622 4447 1818 4501 volun-

237 4550 356 4602 tatis
393 4564 498 4601 non
545 4547 669 4600 item
699 4564 710 4599 :
745 4544 971 4613 ideoque
1014 4558 1157 4610 saepe
1197 4540 1420 4610 gratiam
1454 4540 1813 4595 attrahebant.

236 4641 367 4695 Vide
392 4655 546 4709 ergo,
579 4647 772 4707 quanta
806 4654 899 4705 per
922 4637 1126 4704 seipsos
1150 4636 1481 4704 provideant.
1516 4634 1640 4690 Ideo
1668 4634 1816 4689 dice¢

236 4731 321 4785 bat
348 4749 360 4782 :
397 4729 482 4783 Ne
519 4729 695 4782 demus
724 4727 1053 4795 o/feusionem
1082 4726 1357 4779 volentibus
1388 4726 1465 4795 (9..
1490 4725 1606 4780 Cor.
1629 4726 1681 4781 6.
1714 4728 1772 4796 3)
1797 4743 1811 4791 ;

237 4832 557 4883 ctrnrsnm,
609 4821 675 4875 Ut
720 4836 818 4872 non
862 4820 1166 4888 vituperetur
1196 4817 1524 4871 ministerium
1566 4828 1815 4872 nostrum.

238 4912 374 4966 Ecce
399 4924 447 4967 et
482 4904 744 4979 inculpata
777 4910 903 4973 vita,
934 4921 988 4963 et
1014 4912 1176 4963 multa
1210 4908 1553 4976 indulgentia.
1582 4908 1691 4963 [loc
1720 4924 1815 4978 ap-

240 5004 462 5074 pellatur
502 5003 838 5064 azconomia,
895 5001 945 5055 in
979 5000 1213 5054 culmine
1254 5008 1309 5055 et
1350 4999 1563 5069 fastigio
1605 5000 1818 5056 virtutis

238 5112 383 5160 esse,
415 5106 467 5150 et
495 5096 852 5149 humilitatem
886 5094 1163 5149 exhibere.
1199 5092 1264 5147 Et
1290 5093 1413 5147 audi
1442 5094 1711 5163 quomodo
1740 5092 1814 5160 is,

237 5188 323 5255 qui
353 5198 618 5257 prmcepta
657 5186 855 5240 Christi
896 5186 1333 5249 transcenderet,
1368 5188 1605 5239 omnium
1637 5193 1817 5241 tamen

239 5278 569 5331 humillimus
594 5286 759 5333 esset.
794 5278 1035 5331 Omnibus
1064 5277 1233 5330 omnia
1257 5280 1419 5348 factus
1448 5293 1591 5343 sum,
1625 5277 1815 5346 inquit,

237 5381 288 5423 ut
316 5386 482 5424 omnes
514 5370 833 5439 lucrifaciam
862 5370 939 5438 (l.
968 5368 1089 5421 Cor.
1126 5369 1179 5423 9.
1220 5369 1335 5438 ἓξ).
1374 5368 1515 5423 Idem
1561 5370 1720 5424 etiam
1763 5371 1817 5425 in

239 5462 463 5529 pericula
496 5478 557 5515 se
594 5461 847 5525 immisit,
891 5470 949 5513 ut
973 5461 1099 5514 alibi
1129 5462 1239 5515 ait:
1268 5460 1336 5514 In
1367 5463 1606 5530 patientia
1627 5464 1813 5525 multa,

242 5555 294 5607 in
312 5553 733 5615 tribulationibus,
760 5552 811 5605 iu
839 5552 1229 5613 necessitatibus,
1260 5553 1312 5604 in
1334 5552 1602 5621 angustiis,
1632 5553 1684 5605 iu
1708 5552 1817 5619 pla-

238 5644 329 5710 gis,
360 5646 413 5696 in
438 5646 723 5697 carceribus
751 5643 838 5712 (‘2.
866 5643 981 5698 Cor.
1017 5644 1069 5697 6.
1103 5645 1154 5698 4.
1190 5644 1268 5711 5).
1304 5644 1525 5713 Magnus
1551 5647 1675 5698 item
1702 5654 1817 5699 erat

237 5734 349 5803 ejus
370 5752 520 5790 amor
549 5752 672 5807 erga
696 5736 987 5791 Christum.
1014 5734 1123 5790 Nisi
1144 5738 1285 5790 enim
1314 5739 1381 5789 ita
1406 5738 1611 5799 fuisset,
1636 5737 1816 5792 omnia

240 5828 499 5895 superﬂua
525 5827 701 5881 futura
729 5837 901 5892 erant,
926 5836 977 5880 ct
1001 5826 1445 5896 dispensationcs,
1474 5836 1527 5882 et
1554 5827 1815 5897 inculpata

238 5920 371 5976 vita.
406 5933 454 5977 et
491 5921 744 5993 pericula.
783 5921 905 5986 Quis
936 5920 1237 5989 inlinuntur,
1273 5921 1476 5993 inquit,
1510 5931 1553 5975 et
1590 5938 1678 5994 ego
1716 5940 1813 5976 non

1898 1053 2023 1104 cola
2052 1066 2149 1104 nos
2174 1049 2543 1118 conjiciamus.
2590 1046 2715 1102 Sive
2747 1044 2883 1115 ignis
2909 1086 2924 1109 ,
2955 1044 3069 1097 sive
3096 1042 3294 1097 ferrum
3320 1040 3498 1117 adsit,

1908 1145 2133 1214 teipsum
2165 1144 2373 1210 conjice
2394 1181 2409 1206 ,
2444 1141 2668 1199 dilecte.
2703 1150 2758 1193 ut
2785 1138 3087 1192 membrum
3120 1145 3267 1189 tuum
3290 1143 3452 1185 eruas
3483 1146 3500 1184 :

1905 1238 2109 1304 eonjice
2156 1248 2247 1302 te,
2296 1251 2363 1289 ne
2410 1234 2616 1288 timeas.
2676 1232 2979 1302 Discipulus
3023 1244 3082 1285 es
3132 1227 3366 1291 Christi,
3407 1225 3498 1293 qui

1908 1336 2124 1397 propter
2170 1326 2369 1380 fratres
2400 1340 2526 1378 suos
2566 1324 2799 1378 animam
2850 1323 3027 1392 posuit
3058 1341 3071 1376 :
3104 1316 3501 1387 condiscipulos

1907 1435 1965 1473 es
2012 1419 2179 1482 Pauli,
2210 1418 2299 1488 qui
2346 1417 2507 1471 millia
2568 1417 2671 1469 nati
2720 1414 2891 1469 voluit
2934 1429 3031 1483 pro
3080 1411 3307 1465 inimicis
3350 1418 3404 1463 et
3442 1422 3501 1462 se

1908 1508 2337 1577 impugnantilms
2358 1528 2371 1561 :
2394 1507 2510 1560 zelo
2534 1504 2789 1575 replearis
2809 1547 2822 1567 ,
2846 1505 3057 1557 imitare
3078 1502 3334 1572 Moysem.
3360 1498 3503 1552 Vidit

1908 1602 1996 1654 ille
2042 1601 2239 1669 injuste
2271 1599 2455 1653 laesum
2483 1607 2538 1651 et
2566 1597 2709 1649 ultus
2737 1604 2819 1650 est
2847 1612 2859 1647 :
2895 1593 3067 1665 regias
3099 1592 3321 1647 delicias
3365 1606 3501 1644 con-

1909 1694 2159 1762 tempsit,
2209 1700 2265 1746 et
2312 1700 2532 1761 propter
2578 1688 2809 1743 afflictos
2862 1686 3123 1758 profugus
3172 1685 3303 1747 fuit,
3340 1698 3501 1747 erro,

1905 1785 2145 1853 Cognatis
2193 1782 2482 1837 deStitutus
2512 1790 2567 1835 et
2605 1780 2767 1835 domo
2798 1796 2810 1833 :
2846 1781 2896 1832 in
2944 1778 3117 1832 aliena
3168 1787 3311 1831 terra
3354 1774 3503 1844 degit

1909 1887 2055 1932 tanto
2103 1886 2379 1945 tempore,
2440 1889 2539 1929 nec
2592 1876 2829 1943 seipsum
2888 1869 3269 1940 reprehendit,
3326 1883 3503 1937 neque

1906 1969 2038 2023 dixit
2071 1986 2083 2019 :
2116 1967 2252 2033 Quid
2283 1968 2383 2021 hoc
2403 1968 2522 2020 est?
2552 1965 2795 2035 Regnum
2824 1963 3075 2033 despexi;
3108 1970 3312 2015 tantum
3335 1960 3505 2014 hono-

1907 2077 2019 2115 rem
2066 2071 2121 2116 et
2165 2059 2386 2131 gloriam
2420 2077 2434 2113 :
2466 2059 2629 2112 malui
2681 2058 2839 2112 lmsos
2885 2056 3105 2120 ulcisci,
3156 2056 3315 2124 idque
3364 2056 3505 2109 Deus

1907 2152 2185 2221 deslmxit,
2237 2167 2408 2221 neque
2459 2149 2619 2204 modo
2670 2166 2756 2204 me
2804 2150 2855 2203 in
2907 2149 3190 2218 pristinum
3242 2148 3502 2201 honorem

1909 2260 2013 2299 non
2058 2244 2308 2308 reduxit,
2338 2242 2433 2305 sed
2464 2243 2627 2298 etiam
2672 2240 3023 2310 quadraginta
3064 2239 3219 2293 annis
3251 2238 3301 2292 in
3332 2238 3507 2293 aliena

1910 2348 2047 2391 terra
2074 2336 2231 2406 dego.
2264 2336 2403 2390 Bene
2432 2334 2638 2389 scilicet
2667 2352 2679 2387 :
2710 2349 2815 2387 non
2844 2335 2986 2389 enim
3019 2333 3323 2387 mercedem
3351 2348 3509 2387 acce-

1910 2430 1982 2500 pi.
2015 2428 2121 2484 Sed
2168 2429 2299 2482 nihil
2350 2428 2539 2482 horum
2591 2427 2673 2481 vel
2702 2427 2868 2491 dixit,
2903 2428 2987 2480 vel
3020 2427 3293 2496 cogitavit.
3339 2426 3427 2479 Sic
3453 2434 3508 2479 et

1910 2532 1966 2576 tu
2004 2522 2160 2575 facito
2195 2538 2208 2573 :
2241 2519 2483 2586 etiamsi,
2512 2518 2639 2573 dum
2692 2517 2949 2572 beneficia
3001 2525 3255 2587 pra-stas,
3304 2517 3506 2587 aliquid

1911 2613 2129 2683 patiaris
2151 2655 2166 2679 ,
2199 2612 2406 2667 etiamsi
2440 2611 2505 2665 ad
2538 2611 2763 2665 multum
2813 2620 3057 2679 tempus,
3108 2626 3174 2665 ne
3217 2610 3508 2665 oll'enilaris

1912 2719 2085 2773 neque
2116 2703 2348 2758 turberis
2381 2721 2394 2756 :
2428 2704 2651 2755 omnino
2695 2702 3001 2757 mercedem
3045 2702 3137 2755 tibi
3174 2702 3315 2757 Deus
3346 2704 3505 2757 retri-

1913 2796 2059 2851 buet.
2088 2798 2299 2863 Quanto
2330 2796 2497 2865 magis
2537 2794 2820 2849 retributio
2848 2794 3093 2849 dill'crtur
3113 2836 3127 2859 ,
3160 2804 3309 2849 tanto
3338 2795 3508 2863 magis

1912 2900 2173 2962 augentur
2204 2889 2428 2946 ftenora.
2464 2890 2767 2943 Habeamus
2805 2903 2934 2958 ergo
2960 2889 3193 2943 animam
3224 2890 3506 2943 cmumise-

1914 2982 2107 3036 rationi
2156 2982 2389 3036 deditam
2418 3022 2433 3048 ,
2480 2980 2771 3035 condolere
2824 2980 3084 3036 scientem
3125 2998 3138 3035 :
3179 2980 3310 3034 nihil
3369 2980 3509 3050 apud

1916 3088 2013 3128 nos
2034 3073 2100 3127 sit
2123 3072 2469 3128 inhumanum
2493 3073 2577 3128 vel
2598 3072 2835 3128 crudele.
2860 3072 2915 3127 Si
2943 3073 3073 3127 nihil
3097 3075 3270 3143 possis
3292 3072 3506 3138 afferre,

1915 3166 2211 3236 lacrymare
2236 3206 2251 3229 ,
2300 3164 2620 3235 ingemisce,
2668 3166 2735 3222 de
2779 3164 2842 3218 iis
2872 3180 2989 3233 quae
3034 3163 3169 3218 fiunt
3195 3164 3316 3218 dole
3350 3183 3363 3219 :
3395 3164 3513 3219 hac

1922 3272 2028 3310 non
2060 3258 2153 3311 tibi
2185 3257 2381 3311 frustra
2411 3256 2624 3311 cedent.
2651 3255 2706 3311 Si
2736 3256 2799 3309 iis
2819 3298 2834 3322 ,
2860 3256 2950 3327 qui
2983 3272 3011 3308 a
3042 3255 3153 3309 Deo
3183 3256 3477 3325 puniuntur
3497 3296 3511 3318 ,

1917 3349 2207 3405 condolere
2252 3358 2498 3418 Oportet,
2532 3349 2701 3402 multo
2742 3350 2911 3418 magis
2940 3349 3002 3401 iis
3022 3390 3037 3413 ,
3070 3348 3159 3419 qui
3187 3348 3253 3402 ab
3284 3347 3515 3402 hornini-

1918 3445 2017 3499 bus
2061 3444 2255 3512 injuste
2312 3444 2605 3511 patiuntur.
2657 3439 2782 3495 Non
2839 3441 3261 3511 egrediebantur,
3312 3442 3511 3510 inquit,

1919 3536 1991 3589 Αἰ
2000 3553 2100 3589 nan
2127 3537 2194 3587 ad
2238 3530 2543 3605 plorandum
2572 3534 2780 3588 domum
2811 3550 2958 3587 suam
2984 3535 3223 3587 vicinam.
3252 3533 3515 3605 Accipient

1919 3628 2147 3683 dolorem
2190 3646 2279 3695 pro
2325 3645 2414 3694 eo,
2468 3628 2605 3697 quod
2646 3627 3033 3695 adi/icaverunt
3074 3627 3141 3679 ad
3190 3626 3513 3682 derisionem.

1920 3718 2031 3775 llac
2058 3718 2126 3774 de
2155 3734 2213 3774 re
2240 3704 2455 3774 accusat
2486 3717 2737 3773 Ezechiel
2761 3758 2777 3783 ,
2804 3716 2945 3788 quod
2976 3732 3080 3772 non
3112 3716 3482 3773 eondolnerint
3501 3759 3514 3771 .

1919 3811 2057 3877 Quid
2088 3810 2256 3875 dicis,
2304 3808 2611 3880 pmpheta?
2663 3808 2803 3863 Deus
2832 3808 3014 3877 punit,
3056 3818 3108 3862 et
3133 3823 3232 3878 ego
3262 3809 3518 3863 condole—

1921 3918 2035 3958 rem
2082 3901 2181 3966 iis,
2227 3902 2315 3970 qni
2361 3900 2691 3969 puniuntur?
2722 3900 2898 3955 Etiam
2936 3918 2949 3953 :
2985 3901 3088 3955 hoc
3130 3900 3275 3955 enim
3322 3902 3433 3956 vult
3471 3904 3517 3955 is

1923 3996 2036 4065 ipse
2059 3994 2149 4065 qui
2179 3993 2331 4063 punit
2357 4011 2369 4047 :
2396 4007 2571 4063 neque
2595 3994 2738 4048 enim
2764 3993 2855 4047 ille
2883 3993 3154 4063 puniendo
3176 3994 3479 4048 oblectatur
3500 4036 3514 4054 .

1922 4088 2031 4142 imo
2062 4087 2237 4157 potius
2259 4085 2425 4140 dolet.
2461 4084 2593 4152 Quia
2626 4084 2787 4155 igitur
2816 4086 2906 4140 ille
2936 4088 3025 4156 qui
3055 4086 3208 4155 punit
3238 4102 3342 4140 non
3367 4087 3516 4140 laeta.

1925 4187 2043 4243 tur,
2075 4192 2251 4247 neque
2284 4186 2337 4231 tu
2383 4176 2602 4231 linteris.
2632 4175 2740 4231 Sed
2772 4176 2816 4230 si
2858 4176 3033 4246 juste,
3079 4175 3288 4247 inquies
3311 4219 3323 4242 ,
3361 4181 3517 4247 puni-

1925 4280 2086 4326 untur
2104 4314 2119 4339 ,
2146 4286 2251 4325 non
2277 4270 2460 4325 dolere
2487 4278 2719 4339 oportet.
2752 4269 2925 4325 Etiam
2955 4279 3175 4340 propter
3200 4270 3303 4326 hoc
3331 4272 3519 4327 dolen-

1928 4364 2085 4429 dum,
2137 4362 2280 4433 quod
2331 4361 2477 4431 digni
2524 4361 2788 4431 supplicio
2832 4360 2932 4415 visi
2980 4360 3197 4415 fuerint.
3252 4362 3345 4416 Dic
3390 4378 3519 4417 vero

1925 4454 2086 4517 mihi,
2123 4452 2470 4525 cum\videris
2500 4451 2668 4506 filium
2703 4460 2849 4505 tuum
2879 4453 2960 4506 uri
2989 4453 3073 4507 vel
3102 4454 3272 4507 secari
3300 4496 3313 4516 ,
3340 4470 3519 4510 noone

1924 4546 2114 4602 doles?
2139 4544 2297 4602 Certe
2324 4546 2474 4602 doles
2494 4586 2509 4609 ,
2541 4556 2594 4601 et
2620 4562 2726 4599 non
2757 4545 2892 4601 dicis
2917 4545 3012 4601 tibi
3040 4546 3138 4616 ipsi
3168 4562 3183 4597 :
3214 4546 3348 4614 Quid
3378 4547 3521 4602 hoc?

1924 4639 1991 4693 ad
2019 4638 2301 4693 sanitatem
2349 4638 2517 4693 sectio
2566 4646 2810 4707 spectat,
2858 4646 2913 4692 et
2941 4654 3040 4708 pro
3088 4638 3406 4694 liberatione
3436 4652 3521 4695 est

1924 4731 2066 4785 ustio
2095 4748 2107 4784 :
2136 4738 2373 4784 attamen
2422 4745 2542 4783 cum
2573 4730 2728 4783 audis
2770 4728 3063 4783 ululantem
3090 4771 3105 4796 ,
3159 4744 3258 4784 uec
3303 4730 3520 4785 dolores

1925 4821 2223 4887 ferentem,
2267 4820 2462 4885 doles;
2510 4836 2608 4876 nec
2652 4820 2849 4875 sufticit
2878 4821 2966 4875 illa
2995 4822 3239 4876 sanitatis
3288 4837 3410 4891 spes
3451 4824 3517 4877 ad

1926 4911 2215 4968 tollendam
2253 4920 2459 4967 natura:
2509 4911 2993 4981 perturbationem.
3046 4912 3122 4966 Ita
3167 4922 3221 4967 et
3268 4913 3318 4967 in
3366 4913 3517 4978 istis,

1926 5004 2135 5059 etiamsi
2176 5002 2241 5058 ad
2279 5004 2565 5058 sanitatem
2611 5004 2930 5073 puniantur,
2962 5013 3195 5058 attamen
3227 5006 3368 5061 circa
3402 5007 3522 5062 illos

1926 5096 2220 5151 fraternum
2243 5094 2489 5150 allectum
2518 5094 2899 5163 exhibeamus,
2927 5095 3315 5167 paternamque’
3332 5099 3522 5153 volun-

1926 5198 2110 5243 tatem.
2134 5187 2414 5243 Seetiones
2442 5197 2496 5242 et
2522 5186 2761 5242 ustiones
2788 5197 2912 5243 sunt
2937 5203 3111 5258 pcena:
3132 5204 3160 5241 a
3187 5190 3296 5245 Deo
3318 5191 3479 5245 illata:
3502 5210 3518 5257 ;

1926 5279 2019 5333 sed
2051 5279 2171 5334 ideo
2214 5278 2344 5333 flere
2381 5277 2673 5339 debemus,
2723 5278 2864 5346 quod
2913 5281 3330 5349 :egrotaveriut,
3379 5283 3520 5351 quod

1925 5370 2015 5423 tali
2046 5384 2181 5439 opus
2226 5370 2509 5425 habuerint
2552 5369 2839 5423 medicina.
2887 5370 2942 5425 Si
2989 5372 3109 5440 quis
3162 5388 3260 5441 pro
3304 5375 3519 5427 coronis

1926 5465 2027 5518 hoc
2057 5464 2287 5532 patiatur
2311 5504 2324 5527 ,
2356 5472 2483 5515 tunc
2516 5478 2584 5517 ne
2625 5462 2844 5528 doleas,
2886 5475 2941 5515 ut
2972 5464 3171 5519 Paulus
3203 5474 3256 5519 et
3282 5466 3473 5521 Petrus
3507 5487 3519 5522 :

1924 5555 2136 5624 quando
2167 5562 2342 5609 autem
2370 5554 2492 5623 jure
2520 5553 2609 5608 dat
2639 5568 2848 5623 prunas,
2885 5564 3011 5609 tunc
3041 5556 3358 5625 lacrymarc,
3393 5568 3523 5612 tunc

1925 5646 2233 5715 ingemisce.
2267 5645 2427 5699 Tales
2470 5655 2624 5698 erant
2670 5647 2965 5715 prophetm.
3009 5646 3351 5715 Quapropter
3382 5666 3519 5703 llllllS

1926 5740 2137 5793 illorum
2178 5738 2312 5791 dixit
2341 5756 2353 5789 :
2388 5737 2485 5791 ΙΙεὶ
2517 5738 2678 5803 mihi,
2710 5738 2947 5801 Domine,
2988 5739 3174 5792 delebis
3204 5752 3256 5793 tu
3286 5722 3524 5810 reliquias

1928 5829 2091 5884 Israel
2126 5831 2143 5900 (
2177 5829 2365 5885 Ezeclt.
2397 5830 2449 5885 9.
2481 5830 2597 5901 8)?
2640 5831 2944 5887 Ilomicidas
2983 5842 3037 5887 et
3077 5835 3333 5887 scelestos
3380 5850 3525 5902 saepe

1930 5924 2084 5993 plecti
2117 5922 2357 5980 videmus
2381 5963 2397 5991 ,
2429 5932 2482 5979 et
2525 5923 2828 5980 cruciamur
2865 5924 3236 5997 dolemuSque.
3281 5925 3357 5983 Nc
3390 5924 3523 5978 ullt'a
