4076 6476
613 431 721 489 307

616 550 827 604 nimium
856 540 1152 613 philosophi
1179 538 1352 594 simus
1369 541 1384 570 ¹
1404 582 1418 607 ,
1445 540 1535 595 sed
1558 533 1961 595 misericordes,
1994 536 2053 582 ut
2078 525 2178 579 mi—

614 634 957 692 sericordiam
978 644 1364 700 consequamur
1387 645 1400 679 :
1427 625 1553 680 nihil
1582 624 1704 677 huic
1729 623 1869 675 bono
1894 636 1987 689 par
2010 635 2023 672 :
2050 618 2181 670 nihil

613 730 683 783 ita
713 726 998 780 lnnnanum
1026 720 1256 777 ostendit
1279 721 1640 773 characterem
1659 755 1675 778 ,
1705 723 1761 766 ut
1788 708 2177 765 misericordia.

614 818 739 873 Ideo
785 816 930 883 leges
976 811 1310 866 carniﬁcibus
1357 806 1532 861 omnia
1580 804 1921 873 permittunt,
1950 798 2179 867 judieem

611 918 865 979 cogentes
906 915 1108 959 tantum
1154 916 1319 971 usque
1358 897 1423 952 ad
1465 898 1778 951 sententiam
1811 892 1989 946 ulcisci
2017 907 2031 953 ;
2062 889 2182 942 illos

615 1013 743 1053 vero
785 996 850 1051 ad
897 1010 1030 1064 Opus
1076 993 1327 1046 educunt.
1378 988 1453 1042 Ita
1498 988 1597 1042 etsi
1639 988 1780 1052 juste
1812 984 1935 1045 fiat,
1966 995 2070 1033 non
2098 988 2181 1033 est

611 1092 777 1144 animi
825 1085 1124 1157 philosophi
1160 1084 1371 1153 punire,
1418 1081 1510 1136 sed
1562 1080 1670 1134 alio
1715 1092 1852 1145 opus
1899 1082 2026 1129 est:
2059 1087 2179 1125 nam

615 1195 787 1247 neque
835 1178 972 1233 Dens
1014 1191 1108 1245 per
1147 1175 1379 1243 seipsum
1425 1171 1611 1239 punit,
1668 1168 1761 1222 sed
1805 1181 1899 1235 per
1939 1164 2177 1233 angelos.

608 1269 896 1324 Carnilices
940 1280 1069 1335 ergo
1108 1272 1233 1318 sunt
1272 1260 1485 1331 angeli?
1530 1258 1708 1321 Absit,
1748 1272 1852 1310 non
1882 1254 1983 1308 hoc
2019 1254 2177 1316 dico;

609 1358 707 1412 sed
744 1357 959 1410 ultrices
997 1362 1288 1425 potestates
1327 1358 1469 1404 sunt.
1499 1347 1632 1403 Cum
1662 1345 1893 1410 Sodoma
1925 1342 2176 1396 subversa

608 1457 725 1509 est,
772 1461 866 1516 per
912 1446 1029 1499 illos
1076 1441 1253 1498 omnia
1297 1438 1434 1494 facta
1479 1446 1640 1499 sunt;
1686 1432 1899 1505 quando
1958 1447 2077 1502 qua:
2124 1429 2175 1484 in

608 1538 841 1609 Algypto
879 1535 1217 1597 acciderunt,
1264 1546 1360 1601 per
1400 1530 1522 1583 illos
1568 1528 1715 1581 item.
1765 1524 2174 1587 Immissionem,

615 1631 819 1698 inquit,
851 1644 939 1697 per
964 1626 1167 1696 angelos
1192 1623 1351 1676 malas
1377 1619 1559 1693 (Psal.
1594 1619 1682 1672 77.
1708 1616 1836 1687 49).
1878 1616 2012 1669 Cum
2053 1630 2179 1682 ergo

606 1734 825 1776 scrvare
845 1726 1083 1786 oportet,
1112 1717 1209 1785 per
1229 1714 1461 1782 seipsum
1490 1710 1591 1765 hoc
1620 1710 1741 1763 facit
1765 1727 1779 1762 :
1809 1708 1879 1763 ita
1902 1718 1956 1762 et
1984 1705 2174 1762 Filium

608 1825 765 1864 suum
796 1782 936 1863 misit
974 1782 1041 1862 ad
1080 1782 1306 1862 salutem
1349 1802 1561 1877 generis
1592 1802 1779 1857 nostri.
1814 1800 1882 1855 Et
1918 1815 2129 1853 rursum
2160 1814 2176 1850 :

614 1899 787 1965 Tunc,
832 1900 1026 1967 inquit,
1074 1898 1237 1953 dicam
1280 1897 1473 1969 angelis
1500 1912 1518 1949 :
1546 1894 1854 1965 Congregatc
1894 1892 2017 1946 mihi
2056 1908 2175 1955 eos,

605 1991 698 2060 qui
726 1990 917 2061 faciunt
938 1989 1274 2058 iniquitatem,
1303 2000 1348 2041 et
1370 1988 1551 2041 mittite
1580 1987 1631 2039 in
1660 1984 1911 2038 caminum
1947 1985 1964 2052 (
1988 1982 2174 2037 Matth.

615 2082 704 2135 l3.
732 2082 820 2135 ll.
848 2082 917 2136 l2
937 2084 975 2151 ).
1011 2082 1085 2137 De
1107 2081 1265 2150 justis
1292 2094 1417 2133 vero
1448 2094 1553 2132 non
1580 2078 1657 2132 sic
1675 2118 1691 2143 ,
1723 2076 1817 2130 sed
1838 2118 1853 2143 ,
1886 2074 1985 2141 Qui
2004 2075 2178 2144 recipit

610 2189 734 2238 eos,
780 2189 857 2225 me
888 2172 1061 2243 recipit
1101 2170 1233 2242 (ld.
1285 2172 1373 2227 10.
1412 2171 1480 2226 40
1505 2172 1563 2242 );
1613 2181 1667 2227 et
1702 2188 1944 2237 rursum,
2002 2169 2179 2241 Ligate

669 2306 685 2336 ⁸
714 2304 785 2353 Ita
803 2305 937 2354 ‘uxta
959 2304 1099 2354 Savil.
1118 2304 1381 2368 legendum
1405 2308 1500 2364 est,
1523 2312 1678 2354 recte.
1696 2304 1752 2353 in
1765 2302 1959 2353 Mentel.
1981 2309 2033 2352 et
2048 2302 2181 2354 Com-

669 2365 781 2413 elui.
799 2322 1083 2413 legitur”...
1129 2365 1404 2413 cruciamur
1448 2365 1770 2413 dolenmsaue.
1794 2379 1881 2413 nec
1925 2364 2132 2413 dicimus
2158 2377 2178 2413 :

608 2364 1083 2428 melin.legitur.....
1129 2364 1404 2417 cr'uciamur
1448 2365 1770 2428 doleamque,
1794 2379 1881 2416 nec
1925 2364 2132 2417 dicinsus
2158 2377 2178 2415 :

614 2434 680 2477 Nc
706 2426 829 2476 ultra
850 2426 1060 2477 modunn
1081 2463 1094 2477 .
1116 2457 1127 2471 ο
1148 2460 1164 2475 .
1188 2462 1236 2477 ...

1348 425 1406 479 S.
1435 419 1711 479 JOANNIS
1747 410 2219 472 CllRVSOSTOMl
2258 408 2569 464 ARClllEP.
2610 405 3137 463 CONSTANTlNOP.

3754 406 3852 459 308

2281 540 2461 576 maims
2498 524 2609 589 ejus
2646 530 2692 574 et
2734 522 2911 589 pedes,
2952 530 2999 576 et
3035 520 3211 575 mittite
3245 520 3297 573 in
3334 522 3560 575 tenebras
3587 523 3855 576 acta-iores

2285 615 2509 687 (Matth.
2547 612 2637 667 es.
2673 614 2791 682 ts).
2820 613 2957 667 Vide
2995 613 3101 667 illic
3140 628 3355 676 servos,
3398 613 3489 682 qui
3531 596 3853 668 ministrant.

2282 706 2415 759 Cum
2440 715 2619 757 autem
2654 703 2913 757 beneﬁcia
2945 703 3239 772 praestanda
3265 745 3281 769 ,
3314 703 3427 772 ipse
3456 714 3709 772 prmstat,
3742 704 3856 771 ipse

2284 808 2436 849 vocat
2464 816 2476 849 :
2523 794 2963 861 Venite,be'tedicti
2988 794 3162 849 Patris
3190 796 3285 847 mei
3304 838 3317 857 ,
3350 796 3593 877 percipite‘
3620 806 3856 865 paratum

2285 889 2421 941 vobis
2466 903 2675 957 regnum
2720 884 2859 957 (Id.
2904 884 2995 940 25.
3037 885 3169 955 3i).
3238 886 3464 953 Quando
3529 886 3851 955 loquendum

2282 987 2367 1034 est
2410 994 2530 1033 cum
2579 976 2881 1042 Abraham,
2932 976 3044 1046 ipse
3087 976 3274 1030 venit:
3315 976 3528 1045 quando
3572 978 3860 1031 Sodomam

2283 1070 2429 1123 abire
2474 1079 2715 1137 oportet,
2766 1082 2953 1122 servos
3003 1067 3167 1122 mittit
3206 1066 3367 1137 (Gen.
3422 1067 3505 1121 l9.
3558 1070 3677 1137 1),
3724 1069 3863 1122 sicut

2278 1160 2437 1230 judex
2480 1160 2568 1230 qui
2612 1160 2899 1214 exsuscth
2943 1160 3237 1229 punituros.
3271 1160 3339 1214 Et
3382 1174 3592 1214 rursum
3629 1178 3644 1214 :
3680 1160 3857 1231 Euge,

2284 1266 2420 1304 serve
2443 1252 2569 1303 bone
2605 1261 2650 1303 et
2682 1250 2879 1317 ﬁdelis,
2906 1251 3025 1319 quia
3062 1267 3215 1317 super
3256 1266 3422 1321 pauca
3469 1251 3610 1320 fuisti
3658 1251 3859 1318 ﬁdelis,

2282 1358 2434 1412 super
2464 1340 2626 1394 multa
2655 1350 2701 1394 te
2724 1344 3023 1395 constituam
3048 1341 3261 1412 (Matth.
3290 1343 3387 1398 25.
3413 1342 3477 1396 21
3509 1343 3548 1408 ).
3576 1342 3714 1397 Iluic
3744 1344 3865 1413 qui-

2282 1435 2402 1490 dem
2435 1436 2548 1505 ipse
2576 1434 2878 1495 benedicit;
2910 1435 3057 1487 illum
3087 1448 3211 1488 vero
3246 1434 3541 1503 improbum
3574 1450 3683 1489 non
3714 1437 3863 1505 ipse,

2284 1526 2375 1580 sed
2405 1525 2545 1579 servi
2590 1525 2771 1594 ligant.
2802 1524 2927 1579 Hmc
2970 1538 3088 1579 cum
3120 1524 3387 1591 sciamus,
3420 1541 3488 1579 ne
3534 1526 3865 1592 gaudeamus

2283 1616 2351 1672 de
2374 1617 2436 1670 iis
2460 1658 2473 1680 ,
2499 1616 2587 1685 qui
2618 1616 2906 1686 puniuntur
2923 1657 2938 1679 ,
2963 1616 3058 1670 sed
3083 1615 3358 1671 doleamus
3383 1634 3395 1670 :
3428 1616 3524 1670 hos
3548 1616 3826 1686 lugeamus
3845 1658 3861 1680 ,

2287 1709 2386 1765 bos
2413 1708 2635 1765 ﬂeamus
2658 1750 2673 1773 ,
2707 1718 2764 1761 ut
2788 1719 2843 1762 et
2868 1707 2991 1764 ideo
3022 1708 3321 1763 mercedem
3370 1708 3682 1764 habeamus.
3714 1708 3866 1765 Nunc

2284 1818 2414 1859 vero
2441 1803 2591 1858 multi
2632 1800 2792 1857 etiam
2820 1800 2887 1856 de
2926 1802 3030 1869 iis,
3061 1801 3152 1871 qui
3179 1801 3376 1871 injuste
3416 1802 3552 1885 mala
3592 1801 3867 1870 patiuntur

2281 1897 2531 1968 gaudent.
2576 1896 2680 1952 Sed
2708 1910 2814 1949 non
2846 1896 2915 1949 ita
2940 1908 3035 1948 nos
3057 1893 3331 1960 faciamus,
3363 1908 3685 1963 omnemque
3711 1909 3864 1947 com-

2283 1991 2678 2045 miserationem
2701 1987 3072 2049 exltibeamus,
3102 1996 3160 2040 ut
3184 1996 3235 2040 et
3252 1986 3349 2056 ipsi
3381 2001 3409 2039 a
3429 1986 3539 2040 Deo
3557 1987 3863 2041 misericor-

2284 2082 2424 2137 diam
2457 2094 2883 2150 consequamur,
2931 2079 3095 2148 gratia
3135 2086 3191 2133 et
3231 2078 3557 2147 benignitate
3597 2076 3868 2144 Unigeniti

2284 2175 2418 2245 ejus,
2450 2172 2661 2241 quicum
2703 2172 2848 2227 Patri
2883 2179 2937 2225 et
2970 2170 3188 2239 Spiritui
3229 2178 3414 2224 sancto
3446 2169 3613 2239 gloria
3635 2208 3652 2235 ,
3693 2170 3868 2236 impe-

2285 2267 2440 2331 rium,
2473 2265 2647 2319 honor
2671 2304 2685 2328 ,
2717 2279 2856 2318 nunc
2881 2273 2935 2317 et
2971 2276 3184 2331 semper
3201 2302 3218 2328 ,
3245 2269 3303 2317 et
3338 2261 3393 2317 in
3419 2260 3616 2317 mula
3637 2261 3871 2316 saeculo-

2283 2372 2423 2411 rum.
2455 2358 2645 2411 Amen.

1972 2621 2316 2682 HOMILIA
2358 2622 2580 2683 XLIV.

608 2766 725 2821 Car
773 2766 860 2820 20.
888 2782 939 2819 ν.
981 2767 1066 2821 17.
1091 2767 1130 2819 Α
1176 2766 1350 2820 Mileto
1378 2776 1544 2820 autent
1574 2768 1772 2822 mittens
1795 2767 2073 2838 Ephesum,
2101 2783 2190 2820 vo-

690 2861 819 2912 cavit
847 2859 1157 2930 presbyteros
1185 2856 1440 2914 Ecclesia'.
1468 2862 1552 2915 18.
1590 2862 1690 2924 Qui
1719 2878 1828 2913 cum
1853 2862 2098 2914 venissent
2122 2858 2189 2911 ad

688 2967 820 3015 cunt,
852 2951 977 3003 dixit
1002 2950 1073 3004 eis
1097 2966 1116 3004 .'
1150 2949 1249 3004 Vos
1273 2952 1410 3005 scitis
1434 2970 1464 3004 a
1494 2952 1659 3021 prima
1684 2953 1784 3012 die,
1809 2969 1907 3023 qua
1935 2952 2187 3022 ingressus

685 3058 800 3095 sum
842 3043 894 3094 in
940 3042 1130 3104 Asiam,
1159 3042 1375 3111 qualiter
1422 3044 1675 3096 vobiscum
1706 3060 1793 3113 per
1821 3061 1968 3097 omne
1994 3054 2187 3113 tempus

689 3134 891 3202 fuerim,
915 3132 1002 3186 19.
1024 3134 1238 3186 serviens
1268 3132 1486 3186 Domino
1510 3133 1761 3187 vobiscum
1789 3150 1902 3187 cum
1928 3134 2064 3187 omni
2094 3135 2189 3187 hu-

685 3222 901 3276 militate
927 3231 973 3277 et
1002 3223 1173 3289 multis
1200 3224 1436 3293 lacrumis
1464 3233 1509 3278 et
1535 3223 1908 3289 tentatianibus,
1930 3241 2045 3295 quia
2066 3224 2189 3277 mihi

686 3311 980 3365 acciderunt
1003 3329 1065 3367 es
1098 3314 1293 3370 insidiis
1319 3314 1639 3382 Iudaeorum,
1667 3316 1757 3371 20.
1784 3318 2031 3388 quomodo
2061 3316 2187 3370 nihil

690 3403 1021 3457 subtraxerim
1046 3405 1263 3467 utilium,
1290 3406 1411 3473 quin
1448 3407 1797 3459 annuntiarem
1823 3408 1979 3473 vobis,
2016 3417 2062 3462 et
2088 3408 2184 3461 do-

692 3509 852 3547 cerem
880 3509 963 3545 ros
991 3494 1188 3562 publice
1225 3503 1273 3547 et
1304 3511 1393 3563 per
1431 3495 1641 3560 domos;
1669 3497 1759 3551 2|.
1790 3499 2060 3565 testiﬁcaris
2088 3497 2185 3552 Ju-

689 3583 818 3637 daris
849 3594 996 3653 atque
1020 3583 1286 3656 gentilibus
1311 3584 1363 3637 in
1390 3582 1554 3638 Deum
1593 3587 1950 3655 penitentiam,
1967 3599 2012 3642 et
2034 3590 2187 3659 ﬁdem

687 3676 746 3729 in
769 3675 1037 3729 Dominum
1063 3686 1288 3731 nostrum
1312 3676 1489 3731 Iesum
1513 3676 1785 3732 Christum.

693 3770 745 3824 1.
781 3768 933 3823 Pauli
958 3771 1218 3823 modestia.
1249 3800 1320 3810 —
1353 3770 1477 3824 Vide
1503 3786 1659 3841 quam
1700 3780 1886 3841 urgeat
1928 3772 1995 3828 ad
2046 3790 2186 3842 pra:-

617 3859 1090 3929 Iernavigandum,
1144 3875 1241 3914 nec
1286 3862 1536 3931 negligat,
1579 3862 1684 3915 imo
1712 3863 1959 3918 omnibus
2007 3866 2184 3935 provi-

615 3950 765 4013 deat,
798 3964 1075 4005 accersens
1104 3950 1383 4021 principes,
1410 3963 1601 4007 etcum
1633 3954 1736 4009 illis
1763 3970 2064 4010 sermonem
2094 3956 2187 4010 ha-

618 4043 773 4096 Itcns.
804 4043 863 4096 Et
890 4042 1236 4096 admiratione
1260 4042 1473 4111 dignum
1504 4052 1603 4108 est,
1629 4045 1894 4113 quomodo
1920 4046 1969 4099 in
1999 4062 2184 4101 neces-

617 4136 776 4187 sitate
808 4132 1005 4202 positus
1035 4149 1216 4204 magna
1247 4136 1485 4204 qumdam
1513 4135 1577 4189 de
1607 4151 1665 4189 se.
1694 4136 1925 4201 dicendi,
1965 4150 2185 4193 conetur

620 4226 878 4278 snmlestia
905 4226 996 4277 uti.
1020 4224 1161 4280 Sicut
1193 4228 1332 4295 enim
1351 4226 1563 4281 Samuel
1589 4228 1876 4283 traditurus
1904 4230 2180 4300 imperium

618 4317 789 4379 Sat'tli,
817 4314 1011 4371 ludat-is
1029 4317 1156 4370 dicit
1182 4336 1193 4369 :
1229 4314 1367 4372 Num
1386 4320 1643 4387 quidpiam
1665 4338 1696 4373 a
1723 4320 1857 4375 vobis
1880 4324 2070 4391 accepi,
2099 4338 2182 4375 vos

618 4420 767 4463 testes
792 4412 907 4462 estis
935 4419 979 4461 et
1008 4410 1140 4464 Deus
1168 4410 1243 4481 (l.
1270 4410 1396 4480 Reg.
1418 4410 1503 4465 l2.
1528 4412 1611 4480 5);
1637 4423 1687 4465 et
1715 4412 1877 4466 David
1904 4428 2022 4465 cum
2053 4412 2183 4467 ﬁdes

619 4519 725 4556 non
753 4502 1034 4557 haberetur
1054 4504 1124 4567 ei,
1153 4504 1254 4558 ait:
1280 4502 1344 4557 In
1365 4505 1481 4557 ouili
1504 4521 1643 4559 erant
1668 4521 1873 4573 pascens
1898 4523 2007 4559 oves
2029 4508 2183 4576 patris

615 4598 752 4660 mei;
792 4609 837 4649 ct
870 4615 979 4649 cum
1029 4598 1159 4650 venit
1208 4614 1390 4663 ursus,
1459 4600 1687 4651 manibus
1730 4600 1895 4667 ipsum
1943 4602 2184 4671 discerpsi

614 4689 704 4749 (1.
736 4687 856 4758 lleg.
890 4690 973 4742 17.
1004 4690 1089 4744 54.
1128 4689 1218 4757 35)
1245 4706 1255 4742 :
1287 4698 1339 4743 ct
1383 4690 1495 4757 ipse
1542 4691 1733 4743 Paulus
1760 4691 2049 4746 Corinthiis
2074 4695 2178 4746 ait:

624 4777 878 4846 [nsipiens
901 4781 972 4849 fui
993 4798 1012 4833 .·
1039 4796 1123 4833 vos
1160 4797 1237 4834 me
1270 4782 1498 4851 coegistis
1524 4781 1598 4851 (2.
1631 4782 1748 4835 Cor.
1784 4783 1868 4837 l2.
1904 4784 2013 4851 10).
2045 4786 2182 4839 Deus

618 4885 831 4938 quoque
874 4871 1095 4937 idipsnm
1123 4870 1265 4927 facit.
1307 4882 1413 4925 non
1454 4874 1768 4940 simpliciter
1806 4873 1872 4929 de
1901 4874 2077 4943 seipso
2104 4875 2185 4930 di-

618 4979 751 5015 a-cns
780 4979 791 5013 :
826 4962 915 5015 sed
944 4962 1151 5029 quando
1180 4964 1225 5017 ei
1258 4978 1362 5015 non
1396 4964 1643 5028 creditur,
1675 4967 1929 5021 beneficia
1961 4967 2180 5035 profert.

528 5057 532 5063 '
617 5051 755 5105 Vide
782 5068 906 5119 ergo
947 5052 1067 5119 quid
1098 5051 1185 5105 hic
1217 5055 1412 5108 iaciat:
1467 5055 1636 5121 primo
1685 5057 1895 5109 illorum
1942 5060 2180 5112 testimo-

611 5146 763 5197 nium
792 5142 964 5208 affert,
990 5159 1054 5197 ne
1081 5154 1230 5211 putes
1262 5146 1373 5199 lucc
1422 5146 1485 5199 ad
1515 5145 1703 5199 fastum
1736 5147 1859 5213 dici,
1888 5158 1941 5202 et
1968 5150 2180 5203 audito-

622 5251 705 5289 res
729 5235 991 5288 dictorum
1019 5246 1181 5290 testes
1204 5238 1443 5303 advocat,
1466 5239 1603 5307 quod
1631 5240 1849 5293 minime
1879 5241 2007 5308 ipsis
2034 5258 2180 5296 men-

611 5330 795 5381 tiatur.
848 5326 969 5381 llasc
1018 5328 1251 5381 doctoris
1307 5330 1474 5381 virtus
1514 5339 1619 5394 est,
1664 5330 1876 5399 quando
1920 5332 2177 5388 bonorum

611 5434 834 5485 operum
863 5428 1025 5473 testes
1051 5419 1206 5473 habet
1234 5418 1539 5487 discipulos.
1568 5422 1824 5490 Quodque
1855 5423 2046 5476 mirum
2076 5435 2175 5487 est,

612 5523 721 5561 non
741 5525 894 5562 unam
912 5520 965 5565 et
985 5512 1205 5565 alteram
1224 5512 1361 5566 diem
1386 5514 1435 5565 in
1459 5511 1559 5565 hoc
1576 5513 1877 5582 insumpsit,
1895 5516 1987 5569 sed
2011 5532 2179 5571 annos

614 5601 893 5668 plurimos.
931 5600 1028 5655 Vos
1054 5605 1181 5656 enim
1229 5605 1387 5663 scitis.
1418 5605 1607 5673 inquit,
1637 5608 1883 5673 quomodo
1928 5608 2181 5662 vobiscum

620 5708 707 5756 νον
736 5708 881 5745 omne
910 5704 1103 5762 tempus
1132 5694 1329 5762 fuerint.
1363 5695 1489 5748 Vult
1533 5696 1688 5764 igitur
1720 5696 1861 5764 ipsos
1893 5698 2090 5752 hortari
2126 5709 2180 5753 ut

615 5784 823 5839 fortiter
844 5784 1013 5838 ferant
1046 5787 1242 5845 omnia.
1260 5800 1310 5841 ct
1328 5790 1715 5855 separationem
1738 5804 1883 5841 suam
1904 5804 1953 5844 et
1976 5793 2177 5846 lutnras

620 5879 975 5945 mutationes;
1000 5884 1062 5931 ut
1082 5876 1145 5933 de
1170 5876 1345 5949 Moyse
1366 5889 1414 5934 ct
1437 5879 1501 5936 de
1526 5879 1650 5936 Jcsu
1678 5880 1919 5951 legimus.
1944 5882 2006 5935 Et
2032 5882 2173 5952 vide,

2293 2768 2417 2838 quid
2467 2768 2625 2821 addat
2677 2784 2691 2820 :
2743 2768 3003 2835 Quomodo
3062 2768 3311 2823 vobiscum
3364 2786 3451 2838 per
3493 2784 3641 2822 omne
3680 2780 3873 2832 tempus

2296 2860 2499 2929 fuerim,
2528 2859 2747 2912 serviens
2790 2859 3007 2911 Domino
3054 2876 3166 2911 cum
3212 2860 3351 2913 omni
3381 2861 3682 2913 humilitate.
3717 2859 3869 2923 Vide,

2294 2949 2419 3019 quid
2450 2951 2680 3004 maxime
2726 2950 2993 3019 principes
3022 2949 3209 3003 doceat
3235 2967 3248 3002 :
3281 2948 3537 3015 0dienles,
3567 2951 3759 3019 inquit,
3788 2969 3872 3003 su-

2294 3040 2539 3109 perbiam.
2572 3039 2625 3094 Id
2670 3039 2811 3110 quod
2855 3041 3084 3095 maxime
3127 3039 3450 3109 principibus
3493 3042 3770 3110 competit,
3806 3060 3871 3097 eo

2294 3130 2437 3202 quod
2484 3130 2734 3185 facillime
2763 3132 2814 3185 in
2862 3132 3219 3202 arrogantiam
3246 3132 3519 3188 tollantur.
3550 3131 3675 3187 Ηιιεο
3704 3134 3871 3188 virtus

2293 3230 2378 3277 est
2407 3222 2668 3277 bonorum
2694 3220 3024 3294 liypothesis,
3044 3235 3101 3277 ut
3122 3234 3176 3277 et
3198 3222 3439 3278 Christus
3458 3223 3667 3279 dicebat
3687 3241 3704 3279 :
3726 3224 3873 3280 Beati

2291 3331 2539 3385 pauperes
2581 3315 2768 3385 spiritu
2800 3312 3009 3385 (Matth.
3052 3315 3105 3369 5.
3140 3313 3217 3385 ὅ).
3249 3314 3354 3369 Nec
3382 3314 3574 3377 solum.
3602 3314 3736 3370 Cum
3765 3316 3864 3370 htt-

2292 3407 2537 3473 militate,
2556 3406 2726 3472 dixit;
2756 3408 2872 3474 sed,
2892 3408 3019 3463 Cum
3037 3410 3174 3462 omni
3199 3407 3498 3462 humilitate.
3524 3408 3705 3464 multa:
3724 3410 3867 3465 enim

2289 3506 2413 3551 sunt
2437 3499 2643 3566 species
2685 3498 3034 3552 humilitatis:
3065 3509 3148 3553 est
3176 3497 3451 3553 humilitas
3494 3500 3546 3552 in
3583 3501 3770 3564 verbo,
3814 3502 3867 3554 in

2292 3603 2474 3657 opere,
2504 3603 2629 3657 erga
2676 3588 2961 3657 principes,
3007 3602 3132 3657 erga
3179 3588 3439 3642 subditos.
3473 3588 3645 3643 Vultis
3693 3590 3867 3644 dicunt

2289 3680 2443 3735 vobis
2470 3679 2786 3734 humilitatis
2812 3679 3037 3734 modos?
3066 3680 3201 3733 Sunt
3224 3680 3311 3749 qui
3339 3695 3462 3750 erga
3492 3680 3719 3735 humiles
3741 3690 3871 3736 sunt

2292 3771 2541 3836 humiles,
2573 3787 2697 3841 erga
2729 3772 2981 3825 sublimes
3030 3786 3159 3827 vero
3206 3770 3463 3826 sublimes
3490 3788 3504 3825 :
3537 3771 3640 3826 hoc
3685 3785 3867 3827 autem

2294 3877 2396 3915 non
2421 3872 2503 3916 est
2534 3862 2823 3915 humilitas.
2848 3860 2982 3916 Sunt
3007 3864 3168 3916 etiam
3192 3863 3278 3916 alii
3307 3878 3412 3917 non
3442 3863 3595 3929 tales,
3620 3864 3713 3919 sed
3741 3880 3865 3934 erga

2293 3964 2543 4024 utrosque
2568 3952 2917 4007 humilitatem
2945 3962 2997 4007 et
3023 3954 3404 4010 suhlimitatem
3435 3965 3649 4011 servant
3678 3973 3692 4009 :
3719 3955 3867 4027 quod

2294 4046 2448 4099 etiam
2499 4046 2726 4100 maxime
2770 4044 3082 4100 humilitatis
3111 4057 3215 4101 est.
3269 4046 3528 4102 Docturus
3566 4063 3693 4117 ergo
3740 4048 3868 4103 illos

2292 4138 2439 4203 talia,
2476 4145 2533 4191 nt
2562 4153 2629 4193 ne
2676 4136 2948 4192 videretur
2985 4150 3295 4208 arroganter
3320 4138 3518 4203 efferri,
3556 4142 3704 4210 prius
3742 4139 3867 4194 fun-

2290 4231 2593 4285 damentnm
2626 4231 2794 4298 ponit,
2827 4230 3188 4299 suspicionem
3230 4230 3445 4284 tollens.
3476 4230 3608 4284 Nam
3651 4233 3695 4284 si
3740 4248 3865 4285 eum

2288 4320 2431 4374 omni
2463 4320 2760 4374 humilitate
2804 4322 2894 4385 fui,
2924 4322 3114 4389 inquit,
3155 4336 3258 4374 non
3286 4337 3349 4376 ex
3398 4324 3697 4391 arrogantia
3747 4324 3868 4378 haec

2291 4411 2428 4465 dico.
2458 4412 2660 4465 Deinde
2692 4410 3151 4466 mansuetudinem
3182 4413 3435 4466 declarat.
3464 4412 3750 4479 Vobiscum,
3780 4415 3866 4469 in-

2290 4508 2423 4576 quit,
2456 4508 2880 4574 fuerinnserviens
2911 4506 3143 4569 Domino,
3176 4508 3295 4560 illos
3326 4508 3447 4561 boni
3478 4510 3657 4576 operis
3686 4509 3865 4563 socios

2289 4596 2600 4651 ostendens.
2632 4597 2721 4650 Sic
2765 4597 2959 4662 ubique
2987 4598 3217 4652 societas
3243 4598 3377 4651 bona
3416 4608 3517 4652 est.
3544 4598 3863 4654 Communia

2290 4704 2416 4759 ergo
2453 4688 2576 4741 facit
2605 4688 2741 4741 bona
2771 4702 2953 4756 opera,
2986 4697 3039 4741 et
3069 4688 3198 4741 nihil
3234 4688 3334 4741 sibi
3366 4689 3547 4742 tribuit
3576 4689 3859 4743 eximium.

2289 4781 2425 4847 Quid
2456 4782 2619 4845 enim,
2648 4780 2896 4848 inquies?
2940 4795 3005 4832 an
3035 4792 3220 4833 contra
3252 4781 3416 4833 Deum
3445 4796 3703 4851 arrogans
3741 4797 3865 4839 esse

2289 4874 2494 4943 potuit?
2526 4873 2679 4940 Atqui
2708 4872 2858 4926 multi
2907 4882 3051 4936 sunt,
3081 4873 3167 4941 qui
3197 4881 3377 4925 contra
3420 4872 3563 4925 illum
3607 4888 3864 4944 arrogan-

2291 4976 2370 5018 tes
2398 4976 2518 5019 sunt
2543 4983 2553 5017 :
2601 4964 2687 5018 hic
2716 4980 2845 5017 vero
2874 4978 2939 5016 ne
2966 4945 3148 5017 contra
3175 4963 3458 5032 discipulos
3486 4980 3613 5019 suos
3642 4966 3859 5033 quidem

2289 5071 2541 5125 arrogans
2562 5066 2696 5109 erat.
2722 5056 2833 5109 Hoc
2860 5056 3054 5107 bonum
3078 5057 3309 5108 doctoris
3334 5065 3414 5108 est
3439 5071 3593 5123 opus,
3614 5072 3681 5109 ex
3706 5058 3862 5111 bonis

2287 5149 2536 5216 operibus
2562 5149 2671 5201 suis
2697 5148 2987 5216 discipulos
3028 5147 3309 5201 moderari.
3345 5148 3541 5203 Deinde
3586 5148 3857 5204 fortitudi-

2288 5255 2408 5293 nem
2458 5256 2606 5293 snam
2655 5238 2905 5300 ostendit,
2948 5253 3103 5306 quam
3147 5239 3369 5306 carptim
3427 5241 3684 5306 pra‘tcrit.
3733 5240 3859 5293 Cum

2288 5330 2455 5384 multis
2500 5332 2735 5401 lacrymis
2779 5341 2823 5383 et
2857 5331 3224 5394 tentationibus,
3260 5346 3374 5399 qua
3413 5332 3536 5383 mihi
3566 5334 3859 5387 acciderunt

2288 5440 2349 5476 ex
2379 5424 2574 5475 insidiis
2604 5421 2919 5474 Judworum.
2954 5421 3140 5475 Viden‘
3166 5421 3434 5490 quomodo
3460 5424 3525 5476 dc
3565 5425 3730 5493 gestis
3756 5425 3857 5478 do-

2286 5514 2430 5569 leat?
2480 5515 2573 5567 llic
2602 5529 2729 5567 \ero
2756 5514 3271 5567 commiserationem
3300 5530 3446 5567 suum
3475 5514 3688 5572 videtur
3716 5517 3857 5570 indi-

2282 5622 2405 5659 care
2439 5622 2449 5656 :
2482 5606 2741 5659 mmrebat
2769 5607 2908 5657 enim
2941 5620 3035 5675 pro
3067 5606 3431 5673 pereuntibus,
3464 5622 3561 5675 pro
3592 5609 3857 5662 facinoro~

2284 5697 2355 5748 sis
2391 5714 2403 5747 :
2452 5712 2569 5749 nam
2610 5696 2676 5750 de
2723 5696 2820 5749 sibi
2867 5696 3021 5749 illatis
3055 5696 3207 5749 malis
3240 5697 3685 5767 gaudebat.Erat
3710 5700 3853 5753 enim

2282 5805 2344 5844 ex
2392 5789 2596 5842 illorum
2633 5789 2817 5854 choro,
2845 5790 2932 5858 qui
2978 5790 3297 5859 gaudebant,
3330 5808 3448 5861 quia
3494 5792 3638 5861 digni
3690 5793 3851 5848 habiti

2279 5890 2432 5937 erant
2457 5896 2551 5950 pro
2574 5880 2926 5937 nomineJesu
2952 5881 3325 5937 contumeliam
3353 5884 3463 5953 pati
3490 5885 3624 5957 (.lct.
3652 5884 3707 5941 5.
3734 5884 3848 5955 ﬂ).
