4076 6522
229 631 300 686 Et
345 641 532 683 rursus
574 625 698 680 alibi
742 623 911 679 dicit:
947 621 1102 674 Nunc
1153 619 1350 688 gaudeo
1391 617 1445 669 in
1491 611 1808 682 passionibus

229 723 352 776 meis
382 737 474 789 pro
501 719 638 772 nobis
662 716 792 781 (Col.
820 717 871 769 l.
893 712 1018 783 24);
1042 721 1096 765 ct
1121 725 1332 764 rursum
1359 724 1372 761 :
1408 705 1562 760 Nune
1585 720 1813 757 momen-

227 824 378 867 lanea
399 810 579 866 levitas
605 807 939 862 tribulationis
960 821 1115 865 supra
1146 803 1351 854 modum
1371 809 1611 852 aeternum
1633 795 1812 864 gloria:

223 907 427 972 pondus
453 912 691 975 aperatur
729 900 870 954 nobis
899 897 976 964 (2.
1005 897 1122 951 Cor.
1149 896 1203 950 4.
1237 896 1345 962 l7).
1374 890 1568 946 Verum
1599 890 1712 943 hmc
1743 903 1807 942 ex

229 997 486 1051 modestia
510 995 658 1049 dicit.
677 993 772 1047 Hic
794 1001 968 1044 autem
992 987 1224 1044 ostendit
1247 983 1606 1040 fortitudinem
1630 996 1804 1045 suam,

228 1108 329 1146 nec
353 1101 457 1145 tam
483 1087 865 1150 fortitudinem,
890 1099 1048 1154 quam
1073 1081 1400 1152 patientiam,
1418 1093 1480 1133 ac
1506 1077 1549 1132 si
1571 1076 1803 1130 diceret'

227 1184 362 1238 Male
394 1181 650 1251 patiebar,
680 1178 772 1232 sed
813 1177 1084 1229 vobiscum
1119 1191 1132 1227 :
1165 1173 1412 1242 quodque
1458 1167 1673 1239 gravius
1702 1175 1803 1230 est,

223 1291 252 1327 a
284 1273 503 1329 .ludzeis.
532 1271 626 1325 llic
657 1269 776 1323 vide
796 1268 1160 1322 characterem
1189 1263 1452 1317 doctrina:
1486 1278 1499 1314 :
1530 1269 1582 1314 et
1608 1258 1804 1312 carita-

226 1377 335 1420 tum
367 1365 514 1435 ponit
537 1373 593 1418 et
621 1362 1004 1417 fortitudinem.
1042 1358 1194 1425 Quod
1228 1355 1356 1408 nihil
1393 1351 1803 1422 subterfugerim,

225 1457 396 1528 inquit
419 1472 433 1517 ;
463 1455 672 1523 copiam
698 1453 852 1506 simul
880 1460 933 1505 et
961 1448 1296 1504 sedulitatem
1325 1443 1579 1500 ostendit.
1613 1442 1806 1495 Eorum

221 1564 340 1618 qua:
367 1547 512 1600 utilia
533 1554 714 1599 essent.
744 1543 889 1597 Bene
917 1550 1064 1596 certe
1103 1539 1238 1594 dixit
1268 1559 1281 1594 :
1324 1546 1478 1592 erant
1515 1533 1658 1590 enim
1688 1549 1807 1602 qua:

223 1641 435 1692 discere
475 1653 580 1691 non
612 1634 909 1707 oportebat.
946 1631 1014 1688 Ut
1053 1647 1182 1686 vero
1226 1629 1469 1699 quadam
1513 1626 1804 1709 occultare,

223 1731 444 1785 invidia:
474 1731 678 1789 fuisset,
708 1728 784 1780 sic
828 1726 1004 1780 omnia
1031 1723 1210 1778 dicere
1247 1721 1488 1776 stultitia:
1517 1737 1529 1772 :
1563 1717 1685 1772 ideo
1715 1716 1808 1769 ad—

220 1823 380 1886 didit,
431 1821 623 1875 Eorum
668 1835 779 1889 qua:
827 1817 975 1870 utilia
1026 1813 1547 1870 essent:ostendens
1595 1825 1653 1864 se
1699 1822 1805 1861 non

222 1915 386 1968 tnodo
416 1913 634 1976 dixisse,
665 1910 759 1964 sed
783 1910 940 1962 etiam
971 1907 1247 1969 docuisse;
1279 1920 1376 1962 nec
1405 1901 1556 1973 quasi
1591 1899 1806 1970 perfun-

219 2008 411 2061 ctorie.
444 2003 595 2072 Quod
646 2010 822 2055 autem
869 1999 970 2054 hoc
1014 1996 1296 2067 signiﬁcet,
1333 1994 1458 2049 audi
1501 1991 1800 2062 sequentia,

220 2097 435 2150 Publice
465 2107 509 2148 et
539 2111 628 2166 per
657 2094 875 2155 domos;
914 2101 969 2145 et
1010 2105 1259 2159 magnum
1314 2087 1552 2141 laborem
1600 2094 1655 2138 et
1693 2094 1806 2136 stu-

219 2191 366 2243 dium
393 2187 953 2260 persevcrantiamque
970 2183 1267 2237 declarans.
1288 2179 1584 2247 Testiﬁcans
1604 2175 1802 2228 Judteis

217 2295 370 2352 atque
380 2281 666 2352 gentilibus.
684 2278 798 2333 Non
811 2276 962 2330 vobis
978 2275 1174 2340 solum,
1192 2273 1382 2342 inquit,
1399 2270 1492 2325 sed
1507 2269 1666 2324 etiam
1683 2282 1806 2337 gen-

219 2377 421 2430 tilibus.
440 2374 535 2429 llic
553 2371 798 2442 loquendi
818 2371 1032 2425 libertas
1046 2367 1226 2421 adest:
1248 2363 1465 2420 Etiamsi
1485 2363 1616 2416 nihil
1637 2362 1798 2430 proli-

221 2473 448 2528 ciamus,
465 2468 557 2523 ait.
573 2466 752 2519 dicere
772 2473 946 2518 tamen
962 2468 1208 2529 oportet:
1234 2457 1365 2512 illud
1382 2457 1524 2512 enim
1544 2465 1627 2509 est
1650 2455 1800 2508 testi-

220 2561 390 2621 ﬁcari,
407 2559 620 2628 quando
640 2573 742 2611 non
763 2553 1158 2615 attendentibus
1178 2549 1473 2622 loquimur:
1496 2562 1616 2602 nam
1643 2547 1797 2600 testi-

217 2655 364 2709 ﬁcari
385 2653 487 2706 hoc
504 2661 559 2704 ut
577 2650 859 2719 plurimum
876 2643 1361 2716 signiﬁcat.Testor,
1383 2638 1798 2710 inquitMoyses,

215 2747 399 2801 uelum
422 2754 673 2798 etterram
701 2740 860 2813 (Dan.
879 2736 1076 2810 4.26);
1105 2747 1152 2791 ct
1180 2749 1323 2789 nunc
1344 2732 1570 2789 Paulus:
1601 2730 1804 2799 Testift-

217 2858 340 2895 cans
366 2837 570 2893 ludatis
599 2848 747 2905 atque
772 2833 1039 2905 gentilibus
1065 2833 1117 2885 in
1144 2829 1309 2884 Deum
1359 2828 1725 2900 paenitentiam.

283 2931 341 2985 2.
379 2928 517 2996 Quid
565 2925 893 2981 testiﬁcoris?
923 2923 991 2980 Ut
1017 2923 1136 2976 vit-.e
1159 2921 1394 2974 studium
1426 2919 1714 2979 habeatur,
1741 2925 1801 2970 ut

215 3019 582 3094 ptenitentiam
607 3027 833 3088 agantet
855 3016 920 3070 ad
953 3017 1116 3069 Deum
1144 3011 1420 3077 accedant.
1441 3010 1625 3080 Neque
1653 3010 1799 3066 enim

213 3117 379 3172 Judaai
428 3123 689 3169 noverant
732 3113 899 3174 illum,
951 3110 1092 3182 quod
1124 3109 1315 3163 Filium
1364 3109 1689 3178 ignorarent,
1748 3113 1802 3161 et

215 3207 354 3276 quod
385 3221 486 3258 nec
511 3219 671 3274 opera
704 3204 963 3258 baberent
989 3217 1088 3256 nec
1129 3200 1285 3255 ﬁdem
1319 3201 1369 3254 in
1401 3201 1680 3255 Dominum
1706 3199 1800 3254 Je-

214 3315 354 3353 sum.
400 3297 512 3352 Cur
553 3313 679 3367 ergo
712 3295 826 3350 haec
850 3294 1023 3349 dicis?
1066 3310 1162 3348 cur
1207 3293 1323 3348 h.ec
1370 3291 1800 3347 commemoras?

214 3390 337 3460 quid
389 3389 588 3443 factum
639 3387 761 3440 est?
811 3401 878 3439 an
931 3385 1054 3454 quid
1111 3384 1473 3439 accusandum
1525 3383 1799 3453 suppetit?

215 3483 501 3552 Postquam
529 3481 744 3534 illorum
771 3488 1006 3532 mentem
1036 3477 1357 3546 exagitavit,
1403 3485 1529 3535 tunc
1568 3474 1749 3543 adjicit
1782 3491 1796 3528 :

219 3592 237 3623 ι
273 3574 363 3628 22.
399 3575 467 3628 Et
493 3588 629 3627 nunc
651 3587 777 3627 ecce
803 3571 1045 3640 alligatus
1067 3587 1166 3639 ego
1192 3569 1416 3638 Spiritu,
1449 3567 1585 3622 vado
1627 3570 1677 3624 in
1704 3567 1789 3623 Je-

214 3667 473 3730 rusalem,
505 3681 624 3735 qua:
656 3665 706 3718 in
735 3681 796 3719 ea
824 3674 1046 3718 ventura
1073 3673 1196 3716 sunt
1223 3655 1352 3717 mihi
1377 3664 1627 3734 ignorans
1661 3680 1675 3716 :
1703 3663 1796 3718 2'5.

215 3757 313 3814 nisi
341 3757 484 3829 quod
510 3757 739 3828 Spiritus
763 3765 978 3810 sanctus
1001 3769 1097 3824 per
1125 3756 1370 3810 civitates
1398 3755 1525 3809 mihi
1557 3757 1799 3811 testiﬁca-

217 3860 320 3916 tur,
368 3851 577 3914 dicens,
625 3846 877 3918 quoniam
934 3846 1144 3900 vincula
1185 3855 1239 3901 et
1287 3847 1662 3902 trihttlationes
1712 3863 1798 3902 me

217 3951 449 3994 manent.
474 3939 567 3993 24.
592 3940 662 3993 At
686 3938 811 3992 nihil
846 3937 1033 3991 horum
1049 3951 1259 4002 vereor,
1283 3953 1458 4007 neque
1484 3938 1553 3992 ita
1565 3939 1798 3992 animam

216 4047 382 4086 meam
413 4032 703 4102 pretiosam
730 4030 886 4097 facio,
914 4041 972 4084 ut
991 4045 1361 4086 consummare
1376 4046 1590 4086 cursum
1618 4048 1793 4086 meum

214 4139 332 4178 cum
354 4124 570 4194 gaudio,
603 4133 656 4176 et
701 4123 1076 4188 ministerium,
1120 4123 1260 4191 quod
1301 4125 1482 4193 accepi
1511 4139 1540 4178 a
1570 4125 1796 4179 Domino

215 4214 360 4276 desit,
395 4225 451 4268 ut
476 4213 727 4268 testiﬁcor
751 4215 1085 4282 evangelium
1114 4213 1300 4284 gratia:
1334 4215 1448 4271 Dei.
1490 4234 1510 4269 ι
1545 4217 1800 4272 Cur-lucc

215 4308 379 4361 dicit?
415 4306 482 4362 Ut
511 4307 628 4360 illos
658 4321 873 4376 semper
917 4316 1132 4376 paratos
1164 4307 1350 4362 reddat
1374 4308 1441 4362 ad
1485 4306 1714 4379 pericula
1746 4318 1802 4363 et

215 4397 417 4451 occulta
470 4407 527 4452 et
573 4396 883 4460 manifesta;
946 4399 1014 4452 ita
1075 4408 1131 4451 ut
1177 4398 1229 4453 in
1276 4401 1526 4455 omnibus
1579 4401 1799 4470 Spiritui

217 4489 608 4559 obtemperent.
635 4489 881 4545 Ostendit
927 4501 1106 4546 autem
1147 4508 1206 4547 se
1252 4493 1317 4547 ad
1366 4509 1554 4564 magna
1583 4494 1795 4548 adduci.

221 4578 334 4634 Nisi
368 4581 504 4648 quod
544 4581 772 4651 Spiritus
810 4592 1030 4642 sanctus.
1062 4583 1250 4652 inquit,
1284 4601 1374 4652 per
1415 4586 1635 4639 civitates
1678 4587 1801 4640 ini/ti

219 4674 533 4740 testificatur,
567 4675 756 4726 dicens.
795 4673 860 4728 Ut
882 4674 1126 4729 oStendat
1162 4690 1219 4729 se
1245 4676 1516 4731 lubentem
1547 4677 1715 4742 abire,
1748 4688 1802 4732 et

221 4779 285 4819 ne
303 4760 567 4819 vinculum
591 4777 682 4818 aut
704 4767 1072 4821 necessitatem
1098 4782 1216 4821 esse
1240 4778 1412 4836 putes,
1436 4767 1539 4822 Per
1555 4770 1796 4836 civitates,

221 4857 362 4912 dicit.
394 4859 597 4913 Deinde
634 4859 844 4928 subjicit
879 4879 890 4913 :
928 4859 1047 4912 Non
1087 4863 1158 4912 ita
1201 4863 1471 4930 pretiosam
1521 4863 1652 4927 facio
1683 4863 1798 4916 ani-

221 4967 350 5003 ntant
377 4969 540 5004 nteant
581 4961 632 5003 ut
665 4968 1013 5005 consummare
1033 4969 1234 5005 cursum
1261 4970 1422 5005 meum
1445 4971 1558 5006 cum
1589 4956 1794 5023 gaudio,

222 5051 265 5093 et
291 5043 620 5096 ministerium
636 5042 789 5106 verbi,
809 5043 946 5113 quod
966 5045 1135 5112 accepi
1153 5061 1184 5094 ιι
1216 5043 1431 5098 Domino
1451 5046 1592 5098 Jcsu.
1625 5047 1801 5100 Viden‘

226 5147 326 5209 non
354 5133 695 5188 lamentantis
725 5149 845 5188 esse
873 5135 1055 5195 verba,
1091 5135 1182 5189 sed
1221 5136 1462 5190 modeste
1483 5139 1710 5206 agentis,
1742 5155 1802 5193 ac

225 5223 456 5279 docentis
479 5225 624 5292 illos,
654 5235 706 5280 et
729 5227 1167 5295 compatieutisin
1198 5227 1260 5281 iis
1287 5245 1405 5294 qua:
1433 5227 1662 5282 ﬁebant?
1691 5230 1801 5283 Non

224 5317 371 5380 dixit,
402 5320 681 5387 Angimur,
732 5320 824 5373 sed
871 5321 1008 5373 ferre
1050 5335 1271 5375 necesse
1292 5330 1412 5386 est;
1465 5322 1557 5375 sed
1609 5338 1799 5390 neque,

225 5410 444 5465 Censeo.
471 5412 587 5466 Hoc
615 5413 738 5465 item
765 5413 913 5479 dicit,
953 5429 1058 5467 non
1087 5429 1207 5468 sese
1231 5415 1496 5469 extollens
1521 5458 1534 5479 ,
1568 5416 1659 5469 sed
1685 5417 1803 5470 illos

227 5500 438 5566 docens,
491 5519 587 5572 per
634 5505 808 5573 priora
864 5504 1076 5574 quidem
1126 5505 1498 5573 lntmilitatem,
1551 5522 1646 5576 per
1690 5506 1804 5562 htcc

227 5606 350 5647 vero
374 5593 738 5649 fortitudinem
761 5605 816 5650 et
843 5596 1092 5665 loquendi
1122 5597 1420 5652 libertatem
1454 5615 1467 5650 :
1497 5613 1559 5651 ac
1585 5614 1628 5652 sn
1655 5597 1803 5653 dice-

230 5695 308 5740 ret
339 5705 351 5740 :
379 5687 493 5741 Non
539 5703 664 5744 amo
691 5689 833 5742 illam
864 5705 972 5757 pra:
991 5687 1093 5742 hac
1127 5707 1140 5742 :
1167 5690 1451 5758 pretiosius
1480 5689 1650 5743 habeo
1675 5705 1808 5744 eon-

231 5793 496 5835 summare
513 5798 730 5836 cursum
763 5791 815 5836 et
843 5782 1135 5836 teatilicari.
1165 5781 1271 5838 Nec
1297 5783 1448 5848 dixit,
1478 5783 1802 5851 Praedicare,

233 5870 461 5938 Docere;
491 5875 583 5929 sed
612 5873 783 5945 quid?
808 5872 1093 5942 Testiﬁcari
1135 5876 1444 5942 evangelium
1469 5879 1648 5945 gratia
1685 5876 1802 5930 Dei.

231 5963 364 6033 Quid
389 5969 932 6025 molestiusdicturus
955 5977 1038 6023 est
1071 5987 1084 6022 :
1117 5966 1345 6022 Mundus
1371 5985 1461 6042 ego
1491 5987 1651 6024 sunta
1679 5989 1803 6027 san-

1181 503 1245 558 IN
1283 499 1460 559 ACTA
1503 493 2028 555 APOSTOLORUM.
2071 493 2304 549 llOMlL.
2346 491 2534 551 XLIV.

3411 497 3519 552 510

1920 608 2074 679 guiue
2101 609 2369 662 omnium:
2403 609 2522 664 ideo
2554 619 2822 681 pra-parat
2862 617 2914 664 et
2943 609 3177 665 ostendit
3220 593 3515 668 nihil'reli-

1921 716 2084 768 quum
2113 716 2251 756 esse.
2285 700 2419 768 Quia
2451 703 2610 773 igitur
2631 704 2736 760 illis
2770 715 2936 758 totum
2966 720 3101 759 onus
3148 715 3200 760 et
3244 711 3512 766 sarcinam

1923 792 2271 863 impositurus
2311 805 2447 861 erat,
2494 796 2641 865 prius
2685 797 2897 854 illorum
2941 801 3179 857 animum
3225 804 3508 876 emolbvit,

1923 883 2108 939 dicens
2139 902 2150 937 :
2179 885 2268 941 25.
2302 887 2457 942 Nune
2480 906 2591 942 ecce
2617 906 2706 960 ego
2726 892 2832 946 scio
2851 933 2864 956 ,
2893 894 3028 962 quod
3056 911 3160 949 non
3188 899 3406 968 amplius
3438 900 3513 954 vi-

1930 973 2107 1028 debitis
2129 976 2309 1043 facient
2334 995 2516 1032 meam.
2547 980 2749 1036 Deinde
2771 985 3007 1038 subdidit
3039 1004 3052 1039 :
3083 987 3310 1044 Mundus
3333 1009 3446 1044 sunt
3472 1010 3506 1047 a

1920 1066 2167 1135 sanguine
2213 1069 2457 1125 omnium.
2490 1069 2692 1140 Duplex
2737 1083 2819 1127 est
2846 1073 3022 1139 dolor,
3050 1080 3271 1148 etquod
3315 1079 3506 1136 faciem

1920 1157 2035 1225 ejus
2062 1173 2166 1212 non
2195 1170 2380 1215 essent
2403 1161 2591 1230 visuri,
2622 1175 2676 1219 et
2705 1167 2846 1235 quod
2879 1168 2954 1222 illi
2982 1185 3191 1238 omnes.
3240 1171 3359 1226 Non
3389 1192 3507 1228 ant-

1919 1250 2074 1319 plius,
2135 1254 2323 1323 inquit,
2372 1256 2600 1312 videbitis
2643 1261 2824 1330 faciem
2873 1279 3036 1316 nteant
3081 1280 3168 1319 vos
3196 1281 3386 1328 omnes,
3415 1286 3508 1339 per

1917 1357 2043 1412 quos
2067 1345 2272 1399 transivi
2301 1348 2586 1414 prtedicans
2612 1369 2842 1422 regnum.
2874 1353 2963 1408 26.
2994 1356 3174 1427 Itaque
3194 1359 3316 1427 jure
3357 1363 3508 1414 testi-

1921 1435 2053 1490 ﬁcor
2080 1430 2250 1504 vobis,
2285 1449 2469 1510 utpote
2495 1458 2599 1497 nou
2635 1444 2771 1500 ultra
2801 1447 3102 1511 adfuturus,
3128 1451 3260 1516 Quia
3285 1455 3506 1507 mundus

1921 1543 2033 1580 sunt
2086 1545 2117 1582 a
2158 1536 2403 1601 sanguine
2447 1536 2692 1589 ontnium.
2722 1537 2811 1594 27.
2851 1537 2971 1594 Non
3011 1543 3142 1596 enim
3197 1543 3500 1614 subterfugi,

1917 1622 2184 1687 quominus
2230 1627 2584 1680 annuntiarent
2627 1629 2763 1682 vobis
2811 1648 3009 1685 omnem
3038 1636 3340 1690 voluntatem
3387 1637 3500 1692 Dei.

1923 1714 2101 1781 Vides,
2123 1719 2393 1786 quomodo
2425 1729 2607 1784 terret,
2636 1733 2686 1776 ct
2719 1724 3025 1786 laborantes
3055 1728 3265 1784 illorum
3295 1731 3506 1784 animas

1918 1806 2252 1879 afllictasque
2301 1812 2524 1866 atterit?
2575 1814 2738 1880 Bene,
2787 1818 2908 1886 quia
2965 1822 3320 1875 necessarium
3364 1833 3499 1877 erat.

1919 1897 2041 1952 Non
2067 1901 2198 1954 enim
2224 1902 2534 1974 subterfugi,
2587 1906 2787 1976 inquit,
2838 1912 3103 1974 quominus
3147 1917 3503 1969 annuntiarem

1916 1992 2050 2045 vobis
2079 2009 2274 2046 omnent
2303 1996 2610 2050 voluntatem
2638 1997 2750 2053 Dei.
2786 2000 2927 2070 Ergo
2949 2004 3045 2071 qui
3068 2019 3173 2058 non
3197 2004 3347 2071 dicit,
3379 2010 3505 2061 rcus

1913 2094 1997 2138 est
2027 2088 2337 2156 sanguinis;
2393 2089 2444 2143 id
2474 2100 2576 2153 est,
2610 2093 2789 2147 cmdis.
2832 2094 2974 2149 Nihil
3029 2095 3131 2151 hoc
3186 2101 3496 2155 terribilius.

1915 2175 2293 2248 Ostenditeos,
2327 2182 2369 2235 si
2405 2198 2510 2236 non
2543 2183 2592 2236 id
2625 2183 2870 2248 fecerint,
2900 2204 3024 2242 rcos
3052 2205 3173 2246 esse
3203 2194 3498 2262 sanguinis.

1916 2267 1984 2322 Et
2013 2268 2219 2324 videtur
2264 2272 2482 2343 quidem
2528 2277 2788 2336 rationem
2836 2279 3098 2346 reddere,
3148 2283 3267 2337 illos
3319 2284 3500 2340 autem

1916 2369 2099 2416 terret.
2134 2361 2223 2418 28.
2256 2366 2514 2420 Altendite
2549 2369 2704 2438 igitur
2726 2371 2863 2425 vobis
2897 2383 2942 2424 et
2981 2375 3209 2429 universo
3246 2379 3386 2446 gregi
3404 2420 3416 2438 ,
3446 2379 3500 2432 in

1913 2471 2012 2524 quo
2043 2471 2127 2509 vos
2150 2457 2375 2526 Spiritus
2395 2470 2597 2516 sanctus
2626 2466 2792 2531 posuit
2820 2466 3100 2537 episcopos,
3139 2479 3194 2522 ut
3231 2475 3502 2539 paseeretis

1909 2542 2190 2598 Ecclesium
2210 2546 2326 2609 Dei,
2346 2566 2498 2619 quam
2519 2554 2774 2622 acquisivit
2796 2571 2885 2623 per
2906 2559 3165 2625 proprium
3179 2563 3495 2630 sanguinem.

1913 2634 2119 2690 Vides?
2168 2640 2279 2692 Duo
2327 2643 2601 2712 prmcepit.
2654 2645 2817 2714 Igitur
2860 2664 3032 2715 neque
3061 2652 3196 2704 alios
3226 2655 3500 2724 corrigere

1910 2727 2082 2782 solum
2115 2729 2276 2785 habet
2302 2733 2572 2802 quidpiam
2606 2735 2737 2791 lucri
2773 2737 2969 2807 (Timeo
3004 2743 3146 2796 enim
3169 2784 3186 2808 ,
3214 2745 3402 2815 inquit,
3435 2765 3502 2802 ne

1909 2819 2025 2873 aliis
2053 2823 2358 2888 prmdicans,
2391 2826 2499 2894 ipse
2524 2827 2764 2895 reprobus
2784 2829 2968 2899 efﬁciar
2994 2829 3070 2902 [l.
3097 2832 3212 2887 Cor.
3245 2837 3297 2888 9.
3332 2835 3497 2909 ‘27));

1909 2926 2082 2982 neque
2123 2915 2202 2968 sui
2231 2915 2395 2969 solius
2440 2932 2619 2973 curam
2663 2920 2880 2976 habere.
2935 2923 3068 2978 Nam
3122 2927 3212 2995 qui
3259 2929 3498 2997 seipsum

1909 3016 2072 3069 amat,
2103 3022 2221 3075 qua:
2251 3023 2345 3062 sua
2364 3020 2486 3064 sunt
2519 3021 2719 3066 tantum
2760 3015 2972 3084 qua-rit,
3005 3027 3060 3072 et
3092 3019 3282 3074 similis
3311 3030 3391 3077 est
3420 3023 3497 3089 ei,

1909 3097 1998 3165 qui
2028 3097 2284 3154 talentum
2311 3101 2533 3156 defodit.
2568 3102 2693 3159 Haec
2723 3104 2868 3167 dicit,
2902 3123 3006 3161 non
3035 3111 3177 3179 quod
3206 3113 3499 3181 pretiosior

1907 3191 1976 3244 sit
2003 3203 2182 3246 nostra
2207 3194 2352 3248 salus
2382 3211 2540 3265 quam
2570 3199 2747 3267 gregis
2773 3216 2786 3261 ;
2819 3199 2912 3253 sed
2941 3201 3085 3268 quia,
3109 3205 3153 3256 si
3184 3203 3335 3259 nobis
3367 3205 3496 3275 ipsis

1907 3282 2271 3349 attendamus,
2305 3295 2432 3339 tunc
2462 3296 2515 3340 et
2544 3303 2675 3357 grex
2712 3289 2919 3343 lucrum
2954 3292 3132 3346 habet.
3175 3292 3241 3346 In
3267 3313 3366 3366 quo
3408 3312 3496 3352 vos

1909 3373 2134 3441 Spiritus
2155 3385 2362 3430 sanctus
2398 3381 2565 3448 posuit
2606 3381 2887 3450 episcenos,
2926 3394 2979 3435 ut
3011 3387 3278 3452 pasceretis
3317 3386 3497 3443 Eccle-

1904 3465 2034 3519 siain
2053 3466 2168 3520 Dei.
2195 3467 2330 3524 Vide
2354 3479 2563 3538 quanta:
2596 3473 2956 3529 necessitates.
2986 3477 3027 3530 A
3055 3477 3254 3547 Spiritu
3281 3481 3505 3535 ordina-

1907 3557 2110 3614 tionem
2142 3559 2369 3628 habetis,
2403 3564 2574 3634 inquit
2603 3583 2615 3618 :
2649 3565 2698 3619 id
2728 3567 2872 3620 enim
2902 3568 3003 3622 sibi
3049 3571 3160 3624 vult
3199 3573 3350 3635 illud,
3386 3573 3493 3628 Po-

1906 3652 2027 3704 suit.
2083 3650 2193 3707 Una
2237 3652 2351 3708 ba'c
2395 3664 2477 3709 est
2533 3657 2866 3711 necessitas:
2902 3657 3113 3722 deinde,
3167 3661 3234 3716 Ut
3273 3666 3498 3732 pascatis

1908 3743 2191 3800 Ecclesium
2239 3746 2350 3800 Dei.
2391 3748 2531 3804 Ecce
2579 3758 2634 3804 et
2680 3751 2914 3805 secunda
2947 3762 3039 3807 :et
3090 3756 3272 3818 tertia,
3327 3758 3492 3821 Quam

1907 3839 2169 3906 acquisivit
2189 3840 2438 3910 sanguine
2462 3857 2577 3906 suo,
2606 3843 2798 3911 inquit.
2830 3842 3052 3899 Multum
3074 3847 3329 3909 Ostendit.
3363 3849 3492 3903 dum

1908 3930 2038 3985 dicit
2068 3935 2354 3999 pretiosam
2388 3946 2538 3998 rem;
2572 3950 2670 3988 nec
2701 3935 2767 3990 de
2794 3937 2970 4006 parvis
3000 3937 3160 3992 rebus
3189 3954 3310 3994 esse
3342 3942 3486 4010 peri-

1907 4021 2110 4085 culum,
2144 4023 2408 4092 siquidem
2457 4025 2710 4080 Dominus
2754 4042 2849 4096 pro
2880 4028 3118 4083 Ecclesia
3150 4046 3323 4100 neque
3369 4047 3494 4086 san~

1907 4117 2052 4185 guini
2085 4130 2184 4169 suo
2211 4117 2472 4185 pepercit,
2503 4133 2601 4172 nos
2641 4129 2818 4174 autem
2847 4119 3069 4178 fratrum
3108 4127 3333 4179 salutem
3365 4143 3497 4181 con-

1907 4208 2218 4261 temnimus.
2243 4207 2310 4261 Et
2338 4208 2429 4262 ille
2452 4209 2689 4280 quidem,
2720 4222 2775 4265 ut
2803 4213 3050 4270 inimicos
3080 4219 3485 4286 rec0nciliaret,

1907 4301 2219 4372 sanguinem
2266 4301 2486 4368 cll'ndit;
2533 4313 2586 4358 tu
2642 4320 2770 4360 vero
2809 4322 2983 4377 neque
3028 4310 3230 4364 amicos
3260 4314 3493 4369 retinere

1907 4405 2080 4463 potes.
2107 4394 2199 4450 29.
2231 4394 2339 4466 Ego
2384 4397 2515 4450 enim
2544 4400 2648 4452 scio
2677 4399 2804 4466 hoc,
2835 4402 2969 4469 quod
3003 4403 3347 4474 ingredientur
3383 4417 3497 4475 post

1907 4488 2262 4541 discessionent
2293 4504 2455 4540 meam
2495 4489 2603 4558 lupi
2640 4505 2816 4559 graves
2862 4493 2912 4544 in
2942 4508 3048 4556 vos,
3098 4511 3199 4548 non
3235 4507 3496 4565 parcentes

1907 4582 2064 4650 gregi.
2111 4579 2315 4634 Rursus
2346 4580 2453 4632 alio
2504 4583 2663 4633 modo
2717 4582 2836 4636 illos
2880 4595 3092 4652 versat,
3122 4601 3149 4637 a
3185 4586 3404 4642 futuris:
3438 4601 3494 4645 ut

1908 4670 2121 4740 quando
2150 4671 2273 4724 alibi
2310 4671 2442 4724 dicit
2472 4688 2484 4722 :
2520 4669 2640 4723 Non
2668 4681 2740 4724 est
2765 4672 2907 4727 nobis
2944 4674 3080 4728 lucta
3105 4678 3344 4732 adversus
3373 4697 3496 4733 san-

1909 4765 2108 4833 guinent
2139 4773 2186 4816 et
2213 4778 2413 4816 carnem
2441 4763 2457 4833 (
2496 4762 2682 4833 Eplti's.
2711 4763 2763 4819 6.
2798 4763 2864 4818 12
2965 4765 3097 4831 Quia
3125 4769 3492 4838 ingredientur,

1911 4857 2101 4926 inquit,
2126 4866 2238 4926 post
2255 4857 2607 4910 discessionem
2635 4875 2796 4911 meam
2830 4857 2936 4930 lupi
2961 4876 3134 4929 graves
3155 4863 3206 4914 in
3245 4881 3348 4917 vos.
3383 4865 3491 4919 Du-

1910 4950 2028 5020 plex
2059 4949 2254 5002 malum
2287 4965 2299 5001 :
2331 4947 2471 5016 quod
2503 4949 2616 5018 ipse
2657 4964 2761 5002 non
2790 4951 2948 5015 adsit,
2979 4961 3033 5005 et
3079 4954 3218 5022 quod
3261 4955 3494 5012 futurqu

1909 5041 1980 5094 sit
2003 5053 2057 5092 ut
2081 5041 2168 5094 alii
2204 5041 2422 5094 instent.
2456 5040 2565 5093 Cur
2590 5056 2718 5110 ergo
2753 5041 2888 5108 abis,
2939 5043 2981 5096 si
3031 5044 3132 5099 hoc
3164 5048 3496 5115 pr:evidisti?

1911 5134 2142 5200 Spiritus
2164 5148 2248 5185 me
2281 5132 2463 5198 trahit,
2487 5132 2675 5203 inquit.

1983 5228 2032 5279 5.
2083 5225 2146 5278 Et
2183 5226 2323 5288 vide,
2362 5241 2462 5278 non
2510 5225 2826 5295 simpliciter
2856 5227 3009 5293 dixit,
3037 5228 3193 5300 Lupi,
3225 5232 3320 5287 sed
3350 5233 3502 5288 addi-

1911 5319 2007 5378 dit,
2037 5317 2242 5382 Graves,
2278 5317 2902 5372 illorumvehementiam
2930 5330 2983 5374 ct
3006 5323 3353 5390 petulantiam
3377 5327 3506 5380 sub-

1913 5411 2184 5476 indicans;
2214 5411 2459 5480 quodque
2497 5412 2711 5481 gravius
2736 5421 2838 5474 est,
2871 5411 2968 5465 hos
2995 5428 3060 5468 ex
3091 5414 3194 5469 illis
3222 5416 3349 5486 ipsis
3382 5431 3504 5471 Sur-

1914 5513 2155 5558 rccturos
2182 5519 2301 5558 esse
2320 5505 2447 5558 dicit
2473 5522 2486 5557 :
2517 5503 2657 5573 quod
2683 5516 2830 5557 certe
2857 5507 3229 5572 gravissimum
3261 5520 3363 5574 est,
3384 5527 3506 5566 cum

1913 5597 2072 5651 civile
2117 5598 2382 5650 excitatur
2433 5596 2653 5651 bellum.
2704 5596 2770 5651 Et
2813 5608 2958 5652 recte
3011 5599 3166 5662 dicit,
3218 5602 3504 5670 Attcntlite,

1914 5690 2203 5746 ostendens
2226 5707 2334 5745 rem
2364 5691 2593 5746 maxime
2609 5691 2897 5745 curandam
2927 5709 3048 5748 esse
3072 5693 3332 5763 (Ecclesia
3357 5713 3506 5750 nam-

1913 5797 2018 5855 qttc
2048 5780 2179 5849 est),
2207 5792 2259 5835 et
2279 5796 2529 5851 magnum
2559 5783 2852 5851 periculum
2883 5785 3161 5850 (sanguine
3186 5787 3328 5838 enim
3358 5787 3503 5841 illam

1916 5874 2186 5945 redemit),
2226 5891 2290 5930 ac
2333 5875 2558 5929 multum
2597 5875 2899 5945 duplexque
2948 5877 3165 5932 bellum.
3211 5879 3334 5933 Hace
3375 5895 3504 5952 ergo

1916 5967 2255 6041 signiﬁcavit,
2296 5965 2483 6025 dicens
2505 5985 2515 6020 :
2537 5967 2630 6025 50.
2663 5968 2724 6023 Et
2750 5985 2811 6022 ex
2841 5968 2978 6022 vobis
3013 5969 3135 6039 ipsis
3177 5982 3383 6041 surgent
3414 5971 3510 6029 viri
