4076 6494
608 479 707 535 3H

612 604 860 668 lociscum
908 606 1163 660 perversa.
1208 597 1263 641 ut
1310 583 1559 636 abducant
1607 572 1890 668 discipulos
1933 575 2044 637 post
2092 579 2165 616 se.

617 660 834 751 lieiudc,
860 684 981 755 quia
1008 678 1291 735 admodum
1325 676 1440 731 illos
1472 669 1681 733 terruit,
1709 660 2030 765 cumolzupos

610 797 692 834 ves
721 751 958 841 dixit,vet
998 788 1064 828 ex
1097 771 1222 840 ipsis
1250 774 1587 823 surrecturos
1621 771 1741 814 esse
1769 752 1858 851 qui
1888 751 2175 851 loqueren-

614 886 698 925 tur
730 882 977 940 perversa
1000 884 1014 920 :
1037 866 1185 934 quasi
1212 860 1434 930 quodam
1462 858 1751 916 currente,
1773 842 2167 946 Quom-otio..ng-

614 934 743 1016 ιιιτὲ
787 970 841 1015 et
888 974 1005 1029 qua:
1048 953 1284 1011 custodia
1336 948 1472 1003 erit?
1515 943 1696 1013 adjicit
1738 959 1750 995 ε
1794 937 1882 1039 se.
1939 934 2175 1039 Vigilqte,

613 1070 853 1108 memores
880 1050 1011 1118 quod
1041 1066 1127 1118 per
1156 1043 1423 1100 triennium
1458 1055 1557 1093 non
1583 1032 1871 1089 cessaverim
1904 1039 2047 1083 nocte
2073 1030 2178 1082 die-

612 1164 708 1216 que
726 1161 840 1200 cum
857 1141 1117 1213 lacrymis'
1150 1152 1349 1192 monere
1373 1140 1769 1199 unumquemque
1790 1133 2023 1177 vestrum.
2050 1123 2179 1178 Vide

615 1252 772 1306 quam
817 1234 1023 1287 insolita
1058 1230 1235 1284 dicat:
1267 1242 1387 1283 cum
1425 1222 1700 1318 lacrymis,
1747 1216 2177 1318 nocte‘dieque,

616 1338 1060 1397 unmuquemque.
1091 1321 1205 1376 Non
1237 1320 1379 1375 enim
1405 1317 1449 1371 si
1486 1316 1681 1369 multos
1714 1310 1956 1408 vidisset,
1984 1310 2062 1361 eis

619 1421 895 1491 nescisset,
936 1415 1031 1471 sed
1070 1413 1271 1468 sciebat
1306 1410 1464 1465 etiam
1502 1421 1597 1476 pro
1641 1419 1745 1458 una
1787 1402 1961 1456 anima
1999 1402 2177 1491 omnia

614 1489 732 1569 esse
776 1508 1036 1565 facienda.
1075 1506 1163 1561 Sic
1201 1517 1328 1573 ergo
1376 1502 1494 1555 illos
1532 1499 1691 1554 etiam
1736 1490 2027 1562 conjunxit.
2068 1489 2179 1544 lloc

612 1618 741 1660 vero
766 1600 1063 1672 signiﬁcat:
1093 1596 1233 1652 Satis
1270 1604 1395 1647 sunt
1422 1607 1483 1646 ea
1504 1632 1518 1654 ,
1562 1584 1857 1686 quas-ieci;
1892 1598 1984 1652 per
2012 1582 2180 1686 trien-

614 1699 762 1754 nium
805 1693 1012 1756 mansi;
1062 1685 1361 1745 conﬁrmati
1405 1693 1548 1746 sunt,
1591 1677 1924 1735 sufﬁcienter
1972 1674 2180 1728 radices

618 1792 865 1845 fixerunt.
894 1782 1019 1838 Cum
1055 1780 1313 1850 lacryntis,
1347 1775 1533 1845 inquit.
1564 1770 1747 1827 Viden’
1770 1770 2034 1868 lacrymas
2062 1764 2182 1868 ideo

616 1876 912 1934 fundendus
938 1874 1094 1928 esse?
1122 1872 1248 1926 [hcc
1271 1876 1325 1923 et
1350 1881 1445 1921 nos
1467 1865 1741 1920 faciamus.
1772 1860 1887 1915 Non
1913 1858 2056 1914 dolet
2083 1858 2181 1909 im-

614 1971 809 2040 probus
833 1985 847 2020 :
871 1966 991 2020 dole
1016 1974 1105 2026 tu;
1141 1961 1278 2015 forte
1316 1968 1371 2015 et
1396 1959 1509 2028 ipse
1532 1954 1755 2049 dolebit.
1783 1951 2008 2049 lit-cum.
2038 1946 2181 2049 videt

615 2039 754 2131 inger
786 2058 1049 2112 medicum
1083 2054 1259 2107 cibum
1288 2046 1813 2140 sumcntem,_etiam
1852 2042 1964 2111 ipse
1994 2039 2183 2140 incita-

617 2129 701 2206 tur
727 2166 741 2202 :
772 2149 840 2202 ita
878 2158 931 2201 et
962 2145 1048 2199 hic
1084 2144 1218 2208 erit;
1250 2142 1292 2196 si
1324 2152 1373 2195 te
1407 2138 1599 2196 viderit
1625 2138 1909 2205 lugentem,
1940 2129 2180 2187 emollie-

617 2251 737 2305 tur;
778 2239 947 2294 bonus
982 2235 1063 2292 vir
1108 2244 1164 2291 et
1203 2233 1347 2287 initis
1383 2231 1507 2287 erit.
1541 2226 1805 2294 Nesciens,
1849 2224 2039 2293 inquit,
2069 2234 2184 2289 qua

618 2334 738 2388 mihi
762 2340 996 2386 eventura
1018 2329 1137 2383 sint.
1174 2326 1311 2393 Quid
1336 2323 1505 2395 ergo?
1542 2322 1730 2377 ideone
1759 2320 1907 2376 abis?
1931 2316 2143 2374 Minime
2164 2329 2181 2380 ς

617 2428 710 2482 sed
759 2425 924 2497 probe
961 2423 1107 2484 scio,
1158 2418 1299 2490 quod
1337 2415 1546 2472 vincula
1593 2424 1648 2470 et
1690 2413 2057 2469 tribulationes
2095 2423 2182 2465 me

617 2525 882 2573 maneant.
912 2513 1062 2583 Quod
1084 2512 1404 2568 tentationes
1422 2524 1510 2566 me
1534 2507 1991 2579 exspectent,novl
2010 2522 2026 2572 ;
2046 2521 2182 2577 qua-

615 2608 694 2663 les
733 2620 878 2671 vero,
918 2604 1120 2670 nescio,
1160 2601 1210 2658 id
1255 2600 1398 2672 quod
1436 2600 1650 2670 gravius
1686 2608 1823 2653 erat.
1866 2596 1945 2655 Ne
1984 2598 2181 2668 putetis

615 2714 743 2769 ergo
764 2712 848 2753 me
869 2696 1231 2767 deplorantem
1254 2693 1369 2748 haec
1391 2692 1603 2756 dicere;
1626 2706 1733 2747 non
1762 2700 1867 2745 tam
1892 2690 2181 2761 pretiosam

618 2791 789 2845 habeo
828 2789 1059 2843 animant
1096 2801 1290 2841 meam.
1328 2784 1395 2841 Ut
1429 2784 1636 2839 illorum
1675 2783 1910 2838 animum
1950 2782 2181 2849 excitet,

619 2882 720 2937 hoc
750 2882 910 2944 dicit;
948 2889 1109 2949 utque
1134 2878 1353 2933 suadeat
1389 2878 1492 2932 illis
1521 2891 1625 2931 non
1655 2876 1814 2931 modo
1842 2891 1947 2930 non
1974 2874 2178 2946 fugere,

618 2974 710 3028 sed
741 2973 899 3027 etiam
938 2970 1149 3026 fortiter
1188 2970 1346 3026 ferre.
1379 2968 1503 3025 Ideo
1540 2984 1653 3023 rem
1694 2968 1833 3022 illam
1863 2975 2019 3022 vocat
2059 2982 2181 3022 cur-

616 3080 731 3119 sum
772 3075 825 3119 et
865 3062 1233 3127 ministerium,
1281 3072 1390 3117 tum
1442 3069 1500 3117 nt
1535 3076 1601 3116 ex
1639 3074 1795 3115 cursu
1841 3060 2179 3129 splendorem

616 3158 889 3226 ostendat,
931 3166 1040 3209 tum
1091 3163 1149 3207 ut
1188 3169 1251 3208 ex
1298 3153 1592 3209 ministerio
1642 3152 1898 3207 oflicium.
1946 3152 2184 3208 Minister

619 3264 757 3308 sum,
793 3247 988 3315 inquit;
1022 3244 1150 3299 nihil
1178 3246 1293 3315 plus
1316 3245 1505 3300 habeo.
1539 3244 1659 3299 Illos
1676 3252 1853 3299 autem
1877 3244 2182 3312 consolans,

620 3355 687 3393 ne
716 3337 949 3401 doleant,
974 3337 1113 3406 quod
1132 3338 1245 3407 ipse
1269 3339 1407 3391 male
1434 3339 1680 3407 patiatur,
1711 3336 1797 3391 ubi
1828 3336 1960 3392 dixit
1985 3352 2043 3391 se
2069 3340 2183 3392 base

619 3444 738 3483 cum
763 3428 952 3497 gaudio
978 3429 1259 3493 sustinere,
1288 3438 1343 3482 et
1368 3428 1591 3483 fructum
1616 3429 1867 3496 ostendit,
1899 3439 2023 3483 tunc
2042 3428 2182 3499 quod

620 3520 897 3573 molestum
926 3527 1063 3583 erat,
1093 3519 1314 3573 inducit.
1348 3518 1460 3573 Hoc
1485 3529 1660 3573 autem
1687 3518 1837 3585 facit,
1881 3530 1936 3573 ut
1967 3536 2034 3575 ne
2062 3522 2181 3574 ani-

618 3625 756 3663 mam
788 3609 997 3663 illorum
1027 3609 1235 3663 obruat.
1270 3609 1545 3675 Quodnam
1572 3621 1750 3666 autem
1798 3611 1926 3665 illud
1957 3614 2079 3666 est?
2120 3612 2183 3666 Et

616 3716 679 3753 ea:
712 3699 844 3752 vobis
882 3700 1004 3768 ipsis
1040 3710 1303 3769 exsurgent
1344 3701 1439 3754 uiri
1472 3702 1726 3771 loquentes
1756 3718 2005 3772 perversa.
2045 3703 2180 3770 Quid

618 3808 765 3861 ergo,
789 3791 982 3846 dixerit
1008 3793 1289 3861 quispiam,
1323 3802 1595 3849 tantumne
1619 3803 1671 3850 te
1700 3794 1871 3865 ipsum
1913 3810 2085 3867 putas,
2127 3807 2185 3853 ut

619 3882 663 3935 si
693 3883 872 3945 abeas,
903 3898 1000 3937 nos
1028 3884 1350 3937 moriamur?
1374 3884 1489 3939 Non
1514 3885 1612 3940 hoc
1637 3886 1778 3953 dico,
1822 3889 2012 3958 inquit,
2041 3890 2183 3960 quod

619 3973 857 4027 absentia
887 3989 1001 4027 mea
1033 3974 1084 4029 id
1118 3974 1343 4042 efﬁciat;
1376 3977 1468 4032 sed
1497 3979 1658 4049 quid?
1677 3978 1958 4053 Insurgunt
1981 3985 2185 4052 quidam

621 4080 683 4117 ea:
716 4065 868 4118 vobis.
920 4065 1030 4120 Non
1081 4066 1242 4130 dixit.
1287 4068 1509 4138 Propter
1553 4070 1932 4129 discessionem
1972 4091 2181 4143 meam;

621 4156 737 4219 sed,
770 4156 890 4209 Post
926 4158 1277 4212 discessionem
1313 4176 1513 4226 nteant;
1538 4162 1590 4216 id
1630 4172 1731 4228 est,
1772 4164 2180 4234 profectionem.

620 4246 947 4315 Quamquam
982 4249 1090 4317 jam
1119 4250 1245 4305 illud
1292 4262 1575 4318 evenerat;
1618 4268 1661 4309 st
1692 4265 1869 4311 autem
1911 4268 2181 4326 evenerat,

624 4337 791 4389 multo
820 4339 985 4407 magis
1019 4349 1200 4409 postea
1242 4354 1555 4399 eventurum
1596 4355 1731 4400 erat.
1759 4346 1884 4403 il:ec
1912 4364 2072 4403 causa
2102 4365 2187 4406 se-

622 4429 820 4498 quitur,
876 4429 942 4485 Ut
968 4430 1216 4486 abducant
1235 4435 1508 4504 discipulos
1526 4446 1638 4507 post
1664 4454 1738 4491 se.
1768 4437 1948 4511 itaque
1973 4450 2188 4510 propter

625 4519 754 4573 nihil
798 4520 939 4574 aliud
985 4521 1216 4579 luereses
1262 4534 1403 4592 sunt,
1433 4543 1590 4597 quam
1638 4538 1856 4599 propter
1895 4529 2016 4587 hoc.
2064 4532 2191 4589 Post

625 4611 867 4678 sequitur
894 4614 1187 4669 consolatio
1212 4633 1227 4669 :
1256 4616 1419 4682 Quam
1438 4620 1720 4688 acquisivit,
1753 4622 1940 4693 inquit,
1965 4641 2053 4693 per
2078 4641 2189 4694 pro-

628 4703 789 4769 prium
817 4706 1127 4773 sanguinem.
1150 4705 1205 4761 Si
1229 4709 1443 4777 proprio
1464 4710 1721 4779 sanguine
1743 4715 2036 4783 acquisivit,
2066 4731 2192 4785 pm

626 4792 821 4845 valebit
843 4803 1009 4849 certe.
1043 4794 1204 4849 Nocte
1224 4806 1270 4850 et
1299 4799 1379 4851 die
1398 4816 1500 4854 non
1524 4802 1730 4867 cessavi,
1763 4803 1953 4874 inquit,
1984 4822 2096 4859 cum
2124 4806 2193 4861 la-

628 4888 812 4952 crymis
848 4902 1070 4940 monens.
1101 4888 1221 4943 [iure
1251 4891 1401 4945 nobis
1428 4893 1549 4961 jure
1576 4894 1851 4962 dicantur;
1881 4898 2194 4969 videturque

630 4978 840 5045 pmprie
866 4993 1041 5033 sermo
1070 4980 1315 5036 doctores
1343 4994 1602 5051 spectare,
1635 4998 1717 5043 est
1744 4998 1919 5044 autem
1956 5003 2008 5045 et
2035 4993 2195 5047 disci-

630 5068 769 5138 pulis
794 5072 1108 5124 communis.
1154 5072 1231 5126 Ad
1260 5074 1383 5142 quid
1422 5076 1562 5129 enim
1605 5093 1703 5146 ego
1733 5079 1943 5149 loquor,
1975 5100 2190 5145 moneo,

630 5161 894 5230 lacryntor
920 5161 1005 5215 die
1034 5177 1094 5216 ac
1122 5174 1295 5227 nocte,
1320 5166 1361 5218 si
1383 5166 1671 5235 discipulus
1698 5184 1801 5223 non
1826 5171 2197 5243 obtemperat?

630 5250 704 5305 Ne
728 5260 871 5319 putet
901 5256 1040 5308 enim
1063 5256 1177 5323 quis
1198 5256 1247 5309 id
1269 5259 1396 5312 satis
1417 5275 1535 5313 esse
1561 5261 1627 5314 ad
1648 5260 2030 5331 defensionem,
2055 5268 2196 5338 quod

634 5343 702 5393 sit
724 5342 1035 5410 discipulus,
1070 5346 1191 5401 licet
1218 5363 1323 5401 non
1363 5352 1547 5416 cedat;
1583 5351 1702 5407 ideo
1734 5366 2009 5425 postquam
2040 5359 2196 5427 dixit,

636 5428 917 5498 Testiﬁcor,
950 5435 1140 5503 pergit,
1173 5435 1291 5490 Non
1329 5440 1459 5492 eniut
1504 5442 1778 5513 subterfugi
1806 5449 2069 5507 quominus
2104 5466 2199 5502 an-

637 5524 917 5577 nuntiarem
953 5527 1105 5582 vobis.
1142 5527 1300 5599 Igitur
1332 5533 1431 5585 hoc
1474 5533 1645 5587 solum
1692 5536 1927 5592 doctonis
1965 5551 2065 5606 est,
2106 5557 2202 5595 an-

637 5617 901 5682 nuntiare,
935 5620 1238 5686 prmdiczire,
1260 5623 1470 5686 docere,
1503 5641 1608 5680 non
1630 5629 2015 5701 subterfugere,
2046 5646 2200 5691 nocte

635 5718 687 5762 ct
716 5708 800 5763 dic
832 5714 1142 5768 :umnntiare
1169 5730 1316 5769 :cunt
1338 5727 1513 5772 autem
1545 5719 1627 5775 his
1654 5725 1905 5793 peractis,
1934 5728 2058 5781 nihil
2085 5730 2200 5798 plus

707 5843 721 5873 ⁸
760 5842 899 5906 illud,
925 5856 1033 5894 cum
1058 5844 1297 5909 lacrymis,
1326 5849 1371 5897 in
1397 5864 1490 5901 uno
1508 5852 1668 5904 deest.

1330 464 1383 520 S.
1416 455 1687 517 JOANNIS
1722 438 2192 508 CllRYSOSTOMI
2228 438 2547 495 ARCIIIEP.
2582 437 3115 500 CONSTANTINOP.

3766 449 3872 509 319

2278 561 2470 627 agitur,
2498 566 2647 621 scitis
2673 568 2800 636 quid
2831 569 3091 641 reliquum
3134 572 3224 626 sit.
3253 571 3456 629 Deinde
3482 575 3585 631 alia
3624 580 3867 645 sequitur

2276 653 2518 710 defensio
2543 672 2558 710 :
2587 656 2760 713 Purus
2787 677 2901 715 sunt
2938 679 2970 715 a
2997 665 3244 734 sanguine
3280 667 3525 721 omnium.
3561 669 3639 724 Ne
3668 673 3869 741 putetis

2282 762 2407 801 vero
2426 746 2541 802 hac
2556 749 2712 804 nobis
2734 760 2940 808 tantum
2967 753 3071 810 dici
3093 774 3108 825 ;
3136 772 3257 813 nam
3281 774 3374 815 vos
3393 762 3555 815 etiam
3579 762 3666 818 hic
3686 780 3867 819 sermo

2278 848 2501 907 spectat,
2522 842 2749 899 utdictis
2761 847 3070 913 attendatis,
3086 856 3144 903 ut
3166 865 3232 907 ne
3249 867 3278 906 a
3296 856 3554 910 concione
3571 858 3860 913 recedatis.

2350 931 2538 987 Contra
2556 934 2827 991 theatrales
2852 939 3001 995 ludos
3024 950 3073 995 et
3100 953 3280 999 contra
3290 924 3600 1015 juranienta.
3630 979 3706 990 —
3726 950 3864 1017 Quid

2283 1022 2509 1078 faciam?
2548 1025 2687 1083 Ecce
2713 1030 2954 1100 quotidie
2993 1032 3277 1090 clamando
3314 1037 3593 1112 dirumpor
3622 1044 3864 1100 :Absce-

2280 1113 2393 1171 dite
2417 1130 2447 1171 a
2480 1116 2738 1187 theatris;
2768 1132 2823 1177 et
2846 1124 2995 1179 multi
3022 1140 3121 1183 nos
3151 1127 3375 1185 irrident
3400 1114 3706 1193 {abstinete
3730 1153 3759 1192 a
3778 1139 3866 1208 ju-

2283 1211 2560 1280 ramentis,
2600 1213 2672 1269 ab
2697 1216 2917 1272 avaritia
2943 1236 2957 1273 :
2980 1218 3257 1278 innumera
3289 1238 3589 1294 monemus,
3621 1240 3678 1286 et
3704 1247 3865 1287 nemo

2281 1301 2451 1356 audit.
2484 1305 2553 1358 At
2594 1315 2755 1362 noctu
2787 1306 2888 1365 hoc
2926 1325 3035 1367 non
3072 1314 3215 1384 ago-i
3246 1314 3447 1372 Vellem
3493 1320 3655 1375 etiam
3700 1333 3862 1377 noctu

2285 1391 2387 1447 hoc
2408 1392 2603 1462 facere,
2644 1405 2702 1453 et
2723 1397 2792 1454 ad
2820 1415 3037 1458 mensas
3068 1414 3297 1475 vestras,
3332 1409 3378 1463 si
3404 1410 3617 1479 quidem
3647 1413 3857 1480 liceret,

2282 1492 2336 1538 et
2352 1484 2478 1540 dum
2502 1502 2531 1541 a
2562 1488 2806 1559 plurimis
2833 1491 3045 1550 divisim
3076 1496 3320 1555 detinear
3345 1501 3559 1567 adesse.
3584 1514 3640 1560 et
3662 1520 3760 1560 vos
3787 1509 3867 1563 al-

2285 1572 2463 1646 loqui;
2499 1578 2598 1634 sed
2626 1580 2694 1647 si,
2725 1595 2846 1638 cum
2872 1584 2957 1641 vel
2982 1586 3152 1643 semel
3178 1588 3233 1644 iu
3266 1588 3601 1648 hebdomada
3638 1610 3736 1650 vos
3764 1612 3864 1648 vo-

2283 1682 2488 1734 camus,
2518 1686 2714 1740 segnes
2751 1675 2902 1745 estis,
2947 1687 3001 1735 et
3027 1679 3121 1735 alii
3144 1681 3358 1752 quidem
3391 1699 3495 1741 non
3524 1689 3740 1755 venitis,
3772 1691 3860 1746 alii

2287 1776 2414 1818 vero
2437 1763 2568 1821 nihil
2589 1764 2719 1823 lucri
2742 1768 3039 1828 referentes
3070 1772 3269 1830 abitis:
3295 1777 3422 1848 quid
3453 1794 3560 1835 non
3587 1779 3860 1849 faceretis,

2285 1852 2330 1907 si
2360 1853 2687 1927 frequentius
2713 1859 2816 1916 hoc
2838 1867 3160 1933 ageremus?
3193 1867 3331 1935 Quid
3365 1868 3662 1929 faciemus?
3690 1875 3863 1944 Multi,

2286 1951 2344 1997 ut
2370 1944 2508 2002 bene
2549 1950 2691 2015 novi,
2733 1966 2832 2008 nos
2862 1952 3107 2025 irrident,
3137 1959 3282 2030 quod
3319 1961 3389 2018 de
3432 1964 3622 2021 iisdem
3652 1985 3867 2039 semper

2284 2051 2591 2097 sermonem
2626 2040 3053 2105 habeamuszita
3100 2066 3288 2109 sumus
3332 2056 3385 2112 in
3412 2056 3649 2117 fastidio.
3696 2062 3868 2132 Hujus

2285 2139 2462 2188 autem
2500 2134 2579 2191 rei
2622 2151 2731 2193 non
2766 2153 2865 2197 nos
2902 2140 2956 2198 in
2994 2156 3153 2201 causa
3180 2161 3389 2218 sumus,
3428 2153 3525 2208 sed
3569 2154 3860 2212 auditores.

2286 2221 2419 2317 {iam
2447 2224 2539 2297 qui
2565 2227 2701 2285 bene
2742 2232 2871 2302 agit,
2916 2248 3132 2307 semper
3171 2240 3368 2309 gaudet
3395 2241 3585 2300 eadem
3615 2243 3728 2317 ipsa
3766 2264 3863 2302 au-

2288 2314 2459 2382 diens,
2497 2333 2563 2376 ac
2602 2321 2648 2377 si
2674 2322 2860 2381 laudes
2896 2339 3023 2383 suas
3063 2329 3273 2387 audiret
3299 2333 3425 2405 :qui
3457 2349 3584 2391 vero
3621 2314 3731 2393 non
3757 2341 3867 2394 vult

2287 2417 2435 2465 recte
2458 2424 2640 2479 agere.
2671 2413 2914 2471 molestia
2940 2432 3003 2474 se
3028 2418 3210 2490 impeti
3232 2432 3383 2493 putat
3399 2465 3415 2487 .
3442 2434 3499 2481 et
3522 2428 3566 2481 si
3589 2426 3670 2483 bis
3689 2429 3863 2484 solum

2284 2497 2484 2564 audiat,
2515 2501 2712 2572 saepius
2734 2504 2950 2563 audisse
2977 2507 3081 2565 sibi
3103 2510 3335 2569 videtur.
3362 2512 3592 2572 Mundus
3621 2534 3758 2589 sunt,
3788 2520 3868 2575 in-

2285 2589 2421 2661 quit,
2444 2608 2479 2646 a
2506 2595 2751 2665 sanguine
2772 2599 3017 2657 omnium.

2357 2682 2412 2739 ι.
2454 2683 2567 2741 iloc
2613 2685 2793 2745 dicere
2834 2690 3001 2749 Paulo
3036 2698 3405 2767 competehat;
3453 2716 3554 2759 nos
3591 2713 3773 2763 autem
3816 2708 3865 2763 id

2286 2771 2532 2843 proferre
2552 2792 2655 2832 non
2684 2780 2966 2851 audemus,
2991 2787 3135 2858 quod
3169 2790 3457 2848 multorum
3482 2795 3639 2853 nobis
3664 2802 3867 2857 conscii

2287 2864 2474 2955 simus.
2523 2868 2615 2925 ille
2639 2872 2835 2943 quippe
2872 2876 2964 2945 qui
2991 2890 3206 2949 semper
3232 2882 3481 2953 vigilabat
3508 2896 3565 2943 et
3596 2888 3867 2955 adstabat,

2287 2954 2377 3027 qui
2419 2959 2596 3015 omnia
2645 2976 2744 3031 pro
2796 2964 2967 3023 salute
3010 2967 3398 3041 discipulorum
3444 2979 3762 3045 sustinebat,
3817 2954 3867 3037 id

2286 3059 2643 3144 congruenter
2670 3052 2851 3111 dicere
2876 3067 3114 3128 poterat;
3144 3077 3244 3118 nos
3282 3074 3462 3125 autem
3492 3068 3623 3125 illud
3667 3071 3868 3144 Moysis

2288 3138 2525 3197 dicemus
2549 3161 2563 3197 :
2590 3142 2764 3201 Iratus
2790 3158 2864 3203 est
2883 3152 3010 3206 milii
3035 3152 3289 3214 Dominus
3310 3172 3516 3230 propter
3542 3180 3649 3232 vos,
3672 3138 3793 3236 quia
3817 3170 3867 3222 in

2288 3232 2450 3291 multa
2470 3250 2676 3308 peccata
2701 3242 2954 3299 adducitis
2993 3248 3144 3302 etiam
3172 3267 3263 3306 nos
3291 3252 3468 3322 (Deut.
3507 3256 3561 3312 3.
3588 3232 3703 3327 26).
3731 3259 3868 3316 Cum

2289 3337 2467 3382 autem
2493 3330 2673 3385 animo
2708 3331 2989 3392 deﬁcimus
3016 3338 3261 3398 videntes
3296 3360 3391 3400 vos
3419 3348 3549 3402 nihil
3580 3351 3864 3419 proiicere.

2288 3433 2464 3475 annon
2495 3421 2667 3491 major
2699 3440 2821 3495 pars
2854 3429 3045 3486 virium
3075 3442 3381 3492 nostrarum
3425 3442 3700 3498 concidit?
3728 3445 3867 3512 Quid

2289 3513 2451 3577 enim,
2478 3529 2681 3585 qureso,
2714 3516 2911 3575 factum
2941 3525 3063 3579 est?
3090 3525 3229 3585 Ecce
3259 3545 3356 3600 per
3386 3535 3613 3603 gratiam
3645 3536 3739 3593 Dei
3769 3556 3870 3594 nos

2286 3618 2498 3675 quoque
2535 3607 2819 3667 triennium
2867 3613 2975 3685 jam
3020 3616 3276 3678 habemus
3304 3623 3444 3697 (a),
3487 3642 3595 3683 non
3651 3632 3870 3701 quidem

2289 3711 2444 3755 nocte
2472 3710 2527 3756 et
2552 3703 2639 3759 die
2682 3705 2981 3778 hortantes,
3008 3713 3102 3767 sed
3129 3725 3250 3785 post
3278 3726 3386 3774 tres
3414 3736 3559 3792 saepe
3594 3724 3731 3789 dies,
3771 3729 3869 3784 ali-

2287 3795 2500 3862 quando
2527 3808 2647 3867 post
2691 3813 2896 3872 septem
2926 3805 3028 3863 hoc
3052 3809 3327 3868 facientes.
3360 3816 3499 3882 Quid
3529 3821 3757 3891 amplius
3788 3824 3872 3878 fa-

2288 3896 2431 3940 ctum
2476 3891 2594 3943 est?
2621 3891 3011 3967 Olijnrgamus,
3062 3902 3437 3977 increpamns,
3486 3911 3869 3984 lacrymamur,

2290 3978 2552 4051 dolemus,
2583 3985 2683 4041 etsi
2712 4002 2817 4043 non
2843 3990 3039 4060 palam,
3066 4003 3123 4050 at
3151 3996 3203 4051 in
3230 4000 3410 4056 corde.
3449 4001 3557 4057 Illae
3578 3978 3757 4060 autem
3786 4009 3873 4062 la-

2291 4084 2485 4141 crymie
2508 4072 2590 4129 his
2616 4076 2783 4132 multo
2812 4079 3043 4139 leviores
3070 4095 3196 4140 sunt
3214 4103 3228 4145 :
3249 4088 3353 4144 illae
3385 4106 3613 4161 namque
3637 4098 3873 4164 aliquam

2291 4159 2592 4221 dolentibus
2614 4167 2843 4226 aﬂ'erunt
2871 4176 3325 4245 consolationem;
3361 4181 3443 4235 hae
3470 4159 3600 4239 vero
3625 4159 3873 4245 dolorem

2290 4266 2485 4327 augent
2527 4268 2581 4315 et
2612 4264 3002 4335 constringunt.
3030 4268 3120 4324 Sic
3147 4273 3359 4339 quando
3386 4276 3503 4343 quis
3544 4277 3595 4331 in
3638 4294 3875 4337 ma:er

2292 4345 2456 4417 degit,
2490 4367 2588 4406 nec
2616 4363 2791 4422 potest
2812 4356 3055 4415 dolorem
3081 4361 3291 4427 efferre,
3320 4381 3388 4422 ne
3408 4367 3654 4425 videatur
3683 4388 3875 4428 vanam

2294 4436 2516 4505 gloriam
2543 4453 2815 4512 appetere,
2856 4451 3057 4517 majora
3092 4456 3311 4524 patitur,
3342 4474 3501 4528 quam
3531 4462 3575 4516 si
3608 4462 3757 4518 illum
3794 4468 3879 4521 ef-

2297 4528 2479 4585 ferret.
2510 4533 2618 4589 Nisi
2650 4538 2768 4605 quis
2810 4556 2896 4597 me
2925 4554 3130 4612 putaret
3172 4563 3357 4605 auram
3408 4554 3732 4622 superfluam
3779 4574 3875 4610 cn-

2294 4631 2465 4691 ptare,
2498 4628 2742 4693 quotidie
2763 4646 2847 4687 me
2876 4634 3086 4692 videres
3128 4637 3303 4696 fontes
3330 4642 3688 4714 lacrymarum
3719 4650 3879 4704 emit-

2297 4721 2446 4771 tere:
2475 4721 2659 4775 barum
2694 4738 2820 4779 vero
2863 4729 3092 4784 conscizn
3134 4744 3257 4787 sunt
3286 4733 3607 4791 domuncula
3653 4747 3709 4793 et
3747 4742 3878 4795 soli-

2300 4807 2445 4864 tudo.
2467 4809 2679 4867 Credite
2701 4830 2929 4885 namque
2955 4820 3103 4887 utihi,
3136 4822 3202 4877 de
3229 4825 3399 4881 salute
3428 4842 3545 4881 mea
3566 4827 3878 4900 desperavi.

2300 4911 2352 4953 et
2380 4900 2506 4955 dum
2536 4914 2710 4959 vestra
2739 4906 2915 4977 lugeo,
2950 4926 3053 4965 non
3087 4923 3240 4969 vacat
3267 4917 3403 4972 mala
3436 4934 3551 4974 mea
3579 4922 3873 4993 plangere:

2300 4992 2377 5044 sic
2402 5007 2495 5046 vos
2522 4994 2650 5047 mihi
2682 4998 2859 5051 omnia
2906 5001 3054 5056 estis.
3106 5003 3161 5057 Si
3199 5008 3424 5062 sentiam
3457 5025 3550 5066 vos
3597 5011 3651 5065 in
3681 4992 3880 5070 virtute

2303 5088 2501 5153 augeri,
2533 5103 2641 5156 pra:
2670 5090 2939 5159 voluptate
2970 5094 3103 5148 mala
3148 5112 3263 5152 mea
3296 5115 3399 5154 non
3430 5103 3636 5169 sentio;
3686 5105 3768 5159 sin
3799 5110 3883 5161 ui-

2306 5174 2376 5230 bil
2402 5178 2662 5245 proﬁcere
2684 5182 2915 5249 videam,
2943 5202 3049 5253 prce
3079 5203 3309 5247 maerore
3339 5210 3549 5249 rursum
3574 5214 3689 5253 mea
3719 5202 3880 5254 missa

2303 5264 2439 5321 facio
2463 5286 2475 5320 :
2498 5269 2649 5325 [fetus
2677 5274 2891 5342 quidem
2914 5276 2981 5332 de
3006 5278 3156 5335 bonis
3180 5286 3389 5351 vestris,
3420 5287 3540 5340 licet
3563 5290 3706 5345 mille
3729 5294 3885 5347 malis

2304 5368 2559 5425 onustus;
2593 5374 2814 5420 mestus
2858 5366 2923 5423 de
2965 5372 3229 5441 tristibus,
3274 5392 3390 5445 qua:
3417 5378 3569 5434 vobis
3610 5384 3882 5449 accidunt,

2306 5451 2401 5503 etsi
2430 5451 2706 5507 innumera
2738 5467 2915 5513 essent
2942 5464 3195 5529 przeclare
3223 5478 3367 5536 gesta
3412 5469 3561 5523 mihi.
3592 5472 3725 5538 Qua:
3761 5490 3886 5545 spes

2306 5543 2445 5597 enim
2474 5544 2699 5610 doctori,
2725 5563 2885 5620 grege
2914 5558 3204 5623 commto?
3229 5561 3399 5629 qualis
3434 5564 3558 5630 vita,
3590 5568 3765 5636 qualis
3793 5543 3888 5623 ex-

2308 5638 2604 5703 spectatio?
2632 5654 2751 5693 cum
2781 5657 2880 5711 qua
2914 5645 3105 5701 ﬁducia
3150 5652 3309 5706 stabit
3354 5664 3477 5709 ante
3506 5657 3713 5713 Deum?
3760 5662 3889 5731 quid

2308 5727 2481 5784 dicet?
2512 5731 2774 5788 Ponamus
2803 5739 2944 5794 enim
2972 5740 3141 5809 ipsum
3187 5758 3291 5799 non
3334 5748 3679 5821 reprehendi,
3714 5769 3891 5828 neque

2376 5865 2448 5929 (a)
2474 5876 2563 5919 Per
2589 5871 2843 5926 triennium
2870 5878 3143 5939 przedicavit
3166 5882 3548 5948 Chrysostomus.

3618 6484 3651 6489 ἡ
3716 6484 3771 6491 7~—¢
3824 6484 4063 6494 τ-πη-γ-ε-
