4076 6506
194 461 298 521 τις

1235 460 1299 514 IN
1339 456 1522 514 ACTA
1568 445 2107 508 APOSTOLORUM.
2154 443 2398 500 HOMIL.
2437 441 2619 500 XLIV.

3577 439 3684 494 312

187 577 368 645 ἐστι),
410 575 504 628 καὶ
552 576 636 629 ὅτι
690 577 866 646 μέγας
915 581 945 634 6
986 577 1231 640 κίνδυνος
1279 575 1511 645 (αἵματι
1567 571 1677 640 γὰρ
1710 566 1885 636 αὑτὴν
1991 565 2161 637 μηδὲν
2190 565 2352 617 πλέον
2380 563 2630 633 γένηται,
2666 561 2781 611 ίστε
2806 557 2865 611 τὸ
2886 557 3246 646 λειπόμενον.
3289 549 3423 608 Εἶτα
3458 555 3695 646 καὶέτέ-

187 663 594 735 ἐλυτρώσατο),
635 665 734 718 καὶ
782 666 866 718 ὃτι
910 667 1078 727 πολὺς
1127 667 1157 716 6
1210 664 1450 732 πόλεμος
1505 661 1600 712 καὶ
1633 654 1878 717 διπλοῦς.

187 751 376 804 Ταῦτα
415 752 598 804 τοίνυν
637 752 928 822 ἐδήλωσεν,
968 751 1172 805 εἰπών·
1233 751 1345 804 Καὶ
1377 751 1446 814 ἐξ
1480 746 1649 817 ὑμῶν
1680 743 1882 799 αὐτῶν

183 839 646 904 ἀναστήσονται
709 839 931 908 ἄνδρες
995 839 1338 905 λαλοῦντες
1393 835 1840 905 διεστραμμένα
1862 875 1878 899 ,

183 929 294 982 τοῦ
319 930 615 998 ἀποσπᾷν
642 932 784 996 τοὺς
802 932 1075 1000 μαθητὰς
1097 932 1291 986 ὀπίσω
1313 929 1532 984 αὐτῶν.
1568 925 1702 980 Εἶτα
1731 929 1882 978 ἐπειο

181 1018 248 1088 δὴ
277 1019 486 1090 σφόδρα
513 1020 710 1082 αὑτοὺς
737 1020 973 1091 ἐφόϐησε
1020 1020 1099 1091 τῷ
1141 1022 1318 1074 εἰπεῖν
1369 1020 1609 1082 Λύκους
1641 1014 1878 1084 βαρεῖς,

184 1108 281 1160 καὶ
308 1107 368 1172 ἐξ
396 1109 576 1161 αὑτῶν
605 1109 905 1179 ἀναστῆναι
931 1110 1057 1174 τοὺς
1090 1108 1159 1162 τὰ
1189 1107 1604 1180 διεστραμμένα
1638 1103 1880 1158 λαλοῦν-

182 1213 308 1259 τας,
337 1196 527 1267 ῶσπερ
557 1197 662 1250 ὑπό
693 1213 838 1262 τινος
875 1197 1251 1268 διαπορηθεὶς,
1289 1197 1406 1259 πῶς
1435 1193 1569 1259 οὖνς
1603 1193 1877 1256 εἰπόντος,

181 1284 277 1335 καὶ
306 1285 390 1347 τίς
434 1283 588 1337 ἔσται
636 1286 892 1356 φυλακὴ;
947 1287 1166 1353 ἐπάγει,
1225 1284 1432 1353 λέγων·
1497 1286 1546 1336 Γ
1542 1282 1876 1352 ρηἸὉρδῖτθν

173 1372 682 1439 μνημονεύοντες,
729 1373 820 1426 ὅτι
855 1375 1112 1442 τριετίαν
1143 1374 1334 1428 νύκτα
1365 1372 1462 1426 καὶ
1504 1371 1734 1441 ἡμέραν
1763 1373 1876 1424 οὐκ

180 1459 554 1536 ἐπαυσάμην
585 1462 736 1529 μετά
768 1461 1047 1529 δακρύων
1075 1461 1377 1518 νουθετῶν
1400 1460 1510 1515 ἕνα
1538 1458 1691 1533 [554]
1732 1459 1873 1513 ἕκα-

176 1560 355 1599 στον.
380 1545 525 1618 Ὅρα
545 1549 709 1601 πόσαι
730 1548 1049 1621 ὑπερϐολαί·
1079 1549 1219 1620 μετὰ
1245 1549 1497 1620 δακρύων
1512 1561 1561 1614 II,
1583 1549 1676 1602 καὶ
1703 1547 1876 1602 νύκτα

177 1633 278 1686 καὶ
296 1634 530 1705 ἡμέραν,
553 1637 646 1689 καὶ
661 1636 757 1690 ἕνα
779 1637 1030 1691 ἕκαστον.
1052 1639 1126 1691 Οὑ
1140 1637 1249 1708 γάρ
1273 1638 1322 1690 εί
1351 1638 1580 1700 πολλοὺς
1598 1633 1730 1698 εἶδε,
1749 1637 1872 1690 τότε

175 1725 442 1794 ἐφείδετο,
472 1727 588 1780 ἀλλ’
617 1726 736 1798 ᾔδει
765 1729 860 1782 καὶ
904 1727 1048 1798 ὑπὲρ
1081 1730 1210 1797 μιᾶς
1236 1727 1417 1797 ψυχῆς
1448 1727 1627 1782 πάντα
1674 1729 1870 1781 ποιεῖν.

175 1813 340 1872 Οὕτω
370 1814 501 1882 γοῦν
535 1814 734 1877 αὑτοὺς
760 1815 854 1868 καὶ
882 1817 1299 1887 συνεκρότησεν.
1339 1819 1405 1870 Ὃ
1433 1817 1488 1870 δὲ
1512 1817 1683 1884 λέγει,
1714 1816 1873 1869 τοῦτό

175 1903 330 1954 ἐστιν
352 1919 365 1931 ·
407 1903 594 1972 ’Δρκεῖ
648 1901 718 1955 τά
757 1904 887 1974 παρ’
922 1903 1058 1972 ἐμοῦ
1080 1919 1094 1932 ·
1143 1905 1386 1970 τριετίαν
1421 1904 1633 1974 ἔμεινα,
1669 1904 1872 1968 ίκανῶς

175 1988 612 2060 ἐστερεώθησαν,
649 1990 853 2053 ίκανῶς
905 1992 1304 2062 ἐρῤιζώθησαν.
1362 1992 1525 2046 Μετὰ
1569 1991 1867 2060 δακρύων,

127 2059 134 2065 ’
174 2059 364 2146 φησίν.
408 2077 574 2146 Ὁρᾷς
597 2077 678 2130 ὅτι
711 2077 778 2130 τά
805 2059 1014 2147 δάκρυ-α
1044 2079 1135 2132 διὰ
1170 2059 1364 2143 τοῦτος
1405 2081 1589 2134 Ταῦτα
1628 2059 1868 2150 ποιῶμεν

174 2164 271 2215 καὶ
303 2165 487 2233 ἡμεῖς.
515 2165 628 2217 Οὐκ
654 2165 809 2232 ἀλγεῖ
833 2168 861 2219 6
893 2166 1061 2229 κακός
1083 2183 1094 2194 ·
1131 2168 1371 2238 ἀλγησον
1402 2170 1488 2234 σὺ,
1523 2168 1652 2231 ἴσως
1699 2169 1869 2239 ἀλγή-

173 2268 260 2304 σει
291 2255 559 2317 κάκεῖνος.
615 2254 878 2326 Καθάπερ
923 2257 1052 2308 ὅταν
1087 2256 1169 2327 ἴδῃ
1203 2260 1231 2310 ό
1265 2259 1489 2327 κάμνων
1541 2259 1634 2310 τὸν
1681 2259 1868 2330 ίατρόν

169 2339 522 2407 λαμδάνοντα
572 2347 767 2407 σιτίου,
828 2344 920 2395 καὶ
955 2345 1118 2409 αὐτὸς
1153 2345 1559 2416 προτρέπεται·
1608 2346 1754 2400 οὕτω
1801 2349 1864 2421 δὴ

171 2429 271 2481 καὶ
337 2429 572 2482 ἐνταῦθα
631 2430 820 2484 ἔσται·
882 2431 948 2485 ἂν
1009 2433 1091 2504 ίδῃ
1158 2451 1218 2487 σε
1287 2435 1637 2504 ὀδυρόμενον,
1692 2438 1866 2506 μαλα-

168 2516 455 2588 χθήσεται,
475 2519 709 2589 χρηστὸς
728 2519 866 2590 ἀνὴρ
888 2521 979 2573 καὶ
1002 2521 1174 2590 πρᾶος
1191 2523 1501 2593 γενήσεται.
1531 2527 1652 2577 Οὐκ
1673 2525 1866 2592 εἰδὼς,

171 2611 332 2679 φησὶ,
351 2609 422 2664 τὰ
447 2613 908 2678 συναντήσοντὰ
919 2630 1043 2681 μοι.
1066 2613 1130 2666 Τί
1155 2611 1248 2667 οῦν
1270 2631 1284 2678 ;
1311 2614 1399 2667 διὰ
1430 2614 1587 2668 τοῦτο
1615 2617 1865 2690 ἀπέρχῃ;

171 2697 476 2768 Οὑδαμῶς·
535 2698 672 2753 ἀλλά
707 2703 801 2753 καὶ
849 2701 1055 2771 σφόδρα
1089 2703 1366 2770 γινώσκω,
1422 2704 1504 2757 ὅτι
1546 2705 1722 2775 δεσμά
1772 2708 1868 2760 καὶ

171 2785 383 2856 θλίψεις
417 2804 483 2855 με
512 2788 786 2856 μένουσιν.
814 2789 934 2841 ’Ὁτι
967 2789 1064 2858 μὲν
1104 2785 1197 2842 οῦν
1227 2795 1527 2862 πειρασμοὶ
1555 2795 1869 2866 ἐκδέχονταί

174 2890 266 2943 με,
300 2869 438 2940 οἶδα,
465 2875 640 2927 ὁποῖοι
667 2876 744 2936 δὲ,
770 2877 869 2928 οὐκ
894 2872 1039 2930 οἶδα·
1078 2879 1214 2948 ὅπερ
1236 2874 1304 2950 ἦν
1341 2879 1740 2953 χαλεπώτερον.
1775 2885 1868 2956 Μὴ

171 2957 355 3010 τοίνυν
387 2957 650 3029 νομίσητέ
700 2977 766 3030 με
826 2960 1233 3033 ἀποδυρόμενον
1279 2965 1454 3017 ταῦτα
1504 2966 1719 3035 λέγειν·
1769 2970 1870 3023 οὑκ

171 3043 284 3116 ἔχω
310 3046 500 3116 τιμίαν
536 3046 636 3117 τὴν
674 3048 916 3117 ἐμαυτοῦ
941 3048 1143 3120 ψυχήν.
1201 3054 1316 3105 Ἵνα
1365 3054 1650 3127 ἀναστήσῃ
1685 3057 1869 3110 αὑτῶν

169 3133 270 3204 τὴν
303 3134 564 3199 διάνοιαν,
617 3135 792 3190 ταῦτά
825 3154 978 3206 φησι,
1010 3140 1105 3192 καὶ
1138 3141 1299 3212 πείσῃ
1328 3143 1402 3213 μὴ
1441 3143 1602 3212 μόνον
1633 3143 1709 3215 μὴ
1739 3146 1870 3215 φεύ-

172 3239 313 3290 γειν,
347 3223 482 3275 ἀλλὰ
513 3224 607 3276 καὶ
633 3225 900 3291 γενναίως
953 3226 1160 3297 φέρειν.
1189 3229 1289 3282 Διά
1336 3232 1494 3284 τοῦτο
1524 3231 1723 3303 δρόμον
1774 3238 1870 3288 καὶ

169 3310 451 3363 διακονίαν
465 3310 528 3362 τὸ
555 3313 788 3382 πρᾶγμα
817 3313 1006 3367 καλεῖ·
1039 3315 1101 3368 τὸ
1123 3317 1242 3386 μὲν,
1279 3317 1494 3382 δεικνὺς
1521 3321 1583 3374 τὸ
1614 3321 1868 3391 λαμπρὸν

172 3397 283 3451 ἀπὸ
320 3397 413 3452 τοῦ
444 3399 668 3470 δρόμου,
713 3401 774 3454 τὸ
804 3401 880 3466 δὲ,
912 3403 974 3455 τὸ
1027 3403 1375 3476 ὀφειλόμενον
1421 3409 1529 3461 ἀπὸ
1559 3411 1658 3480 τῆς
1685 3410 1869 3463 διακο-

169 3484 312 3549 νίας.
345 3487 602 3551 Διάκονός
627 3490 762 3552 εἰμι,
798 3489 963 3560 φησίν
987 3506 1002 3520 ·
1044 3490 1197 3544 οὐδὲν
1225 3493 1388 3546 πλέον
1427 3493 1551 3564 ἔχω.
1598 3497 1867 3568 Παραμυ-

171 3574 480 3646 θησάμενος
514 3575 569 3628 δὲ
601 3577 819 3640 αὑτοὺς,
869 3579 956 3630 ἴνα
1012 3578 1084 3650 μὴ
1116 3579 1356 3647 ἀλγῶσιν
1409 3585 1493 3650 ἐφ’
1529 3578 1610 3647 οἷς
1668 3587 1868 3654 πάσχει

169 3663 382 3727 κακῶς,
426 3663 521 3717 καὶ
549 3663 738 3728 είπὼν,
762 3666 844 3718 ὅτι
878 3667 1017 3737 μετὰ
1047 3671 1222 3739 χαρᾶς
1257 3669 1431 3724 ταῦτα
1462 3671 1743 3742 ὑπομένει,
1774 3677 1869 3728 καί

167 3752 264 3805 τὸν
311 3753 522 3822 καρπὸν
551 3753 754 3820 δείξας,
785 3756 908 3808 τότε
941 3756 1002 3809 τὸ
1036 3757 1280 3828 λυπηρὸν
1315 3761 1532 3829 ἐπάγει.
1577 3762 1748 3815 Τοῦτο
1809 3765 1866 3816 δὲ

169 3843 336 3900 ποιεῖ,
366 3841 452 3894 ἵνα
505 3860 580 3913 μη
614 3842 910 3916 καταχώσῃ
961 3845 1144 3898 αὑτῶν
1178 3848 1278 3916 τὴν
1309 3847 1570 3902 διάνοιαν.
1612 3852 1768 3904 Ποῖον
1810 3853 1867 3906 δὲ

167 3926 331 3980 τοῦτό
377 3930 527 3992 ἐστι;
573 3930 668 3992 Τὸ,
710 3931 818 3984 Καὶ
854 3931 924 3994 ἐξ
958 3933 1124 4000 ὑμῶν
1165 3934 1366 3989 αὐτῶν
1410 3936 1867 4004 ἀναστήσονται

165 4015 390 4084 ἄνδρες
433 4017 772 4085 λαλοῦντες
825 4019 1288 4092 διεστραμμένα.
1338 4025 1402 4077 Τί
1437 4023 1552 4088 οῦν,
1591 4028 1735 4081 είποι
1782 4048 1867 4094 τις

167 4104 262 4169 ἂν,
304 4104 559 4159 τοσοῦτον
587 4108 783 4161 σαυτὸν
817 4111 950 4179 ἡγῇ,
976 4112 1089 4169 καὶ,
1127 4111 1193 4163 ἂν
1223 4112 1491 4186 ἀπέλθῃς,
1524 4115 1868 4188 ἀποθνήσκο-

171 4209 310 4262 μεν;
348 4193 422 4245 Οὑ
455 4193 617 4246 τοῦτο
645 4193 811 4263 λέγω,
839 4198 1026 4266 φησὶν,
1069 4199 1151 4250 ὅτι
1203 4201 1234 4270 ἡ
1278 4201 1386 4271 ἐμὴ
1436 4203 1674 4257 ἀπουσία
1707 4207 1866 4260 τοῦτο

168 4284 351 4335 ποιεῖ·
388 4281 525 4336 ἀλλὰ
567 4283 653 4348 τί;
702 4284 822 4338 Ὅτι
850 4287 1323 4358 ἐπαναστήσονταί
1371 4308 1514 4355 τινες
1543 4293 1693 4364 ὑμῖν.
1750 4298 1866 4350 Οὑκ

167 4364 315 4430 εἷπε,
351 4369 450 4423 Διά
471 4371 570 4440 τὴν
591 4371 774 4440 ἄφιξίν
807 4391 941 4443 μου·
978 4375 1136 4438 ἀλλὰ,
1172 4377 1331 4431 Μετὰ
1354 4377 1470 4446 τὴν
1493 4381 1860 4452 (159,511,100-

166 4458 441 4523 τουτέστι,
471 4459 568 4530 τὴν
595 4461 904 4532 ἀποδημίαν
925 4479 938 4492 ·
980 4464 1154 4518 καίτοι
1181 4467 1274 4518 καὶ
1316 4468 1418 4538 ἤδη
1449 4470 1640 4538 γέγονε
1669 4472 1828 4525 τοῦτο
1848 4492 1860 4502 ·

167 4547 239 4630 είῌ
273 4545 329 4597 δὲ
368 4546 580 4614 γέγονε,
641 4549 821 4620 πολλῷ
879 4551 1082 4620 μᾶλλον
1137 4555 1276 4623 μετά
1313 4555 1489 4609 ταῦτα
1544 4560 1860 4630 γενήσεται.

168 4627 310 4686 Εἶτα
344 4633 494 4704 καὶὴ
526 4635 694 4700 αἰτία,
727 4637 839 4692 Τοῦ
865 4637 1158 4706 ἀποσπᾷν
1183 4642 1325 4708 τοὺς
1359 4645 1634 4713 μαθητὰς
1666 4627 1863 4702 οπΐσω

165 4715 392 4805 αύτῶν.
413 4719 577 4773 Ὥστε
613 4722 681 4775 δι’
709 4723 864 4778 οὐδὲν
886 4726 1074 4798 ἕτερον
1109 4714 1172 4781 αι’
1194 4731 1458 4801 αἱρέσεις,
1498 4733 1531 4805 ἡ
1556 4735 1646 4788 διά
1677 4735 1856 4794 τοῦτο.

167 4802 306 4894 Εἶτα
329 4807 424 4894 καὶ
461 4809 818 4882 παραμυθία·
871 4816 978 4868 Ἦν
1026 4802 1530 4886 περιεποιήσατο.-
1572 4825 1728 4894 φησὶ,
1763 4828 1861 4882 διὰ

165 4893 278 4947 τοῦ
303 4893 457 4948 ἰδίου
477 4898 748 4967 αζματος.
773 4901 836 4954 Εί
863 4901 920 4955 δὲ
941 4902 1020 4973 τῷ
1043 4904 1157 4976 ίδίῳ
1179 4907 1373 4978 αἵματι
1406 4893 1858 4984 περιεποιήσατο,

167 4983 541 5070 προστήσεται
595 4987 834 5051 πάντως.
874 4992 1097 5056 Νύκτα,
1151 4997 1306 5066 φησὶ,
1349 4999 1447 5070 καί
1487 4983 1719 5070 ἡμέραν
1747 5007 1862 5059 οὐκ

164 5069 530 5165 έπαυσιίμὴν
787 5076 1063 5148 δακρύων
1116 5068 1447 5142 νουθετῶνί
1497 5068 1682 5144 Ταῦτα
1723 5093 1860 5165 πρὸς

164 5157 317 5226 ἡμᾶς
346 5159 571 5224 είκότως
602 5162 670 5215 ἂν
696 5162 936 5232 λέγοιτο·
993 5169 1088 5221 καὶ
1119 5171 1269 5225 δοκεῖ
1298 5175 1397 5243 μὲν
1425 5171 1562 5231 εἶναι
1609 5157 1794 5244 ίδικῶς
1830 5180 1858 5219 δ

164 5333 700 5426 τοῦς-μαθητάςιτί
731 5340 861 5410 γάρ,
899 5342 966 5395 ἂν
991 5345 1102 5414 ἐγὼ
1133 5347 1234 5417 μὲν
1260 5349 1403 5420 λέγω
1431 5354 1524 5407 καὶ
1552 5333 1856 5426 παρακαλῶ

165 5421 264 5514 καὶ
295 5420 516 5492 δακρύω
565 5424 734 5479 νύκτα
769 5429 864 5480 καὶ
898 5431 1135 5503 ἡμέραν,
1171 5438 1200 5490 6
1228 5438 1283 5490 δὲ
1317 5439 1567 5513 μαθητὴς
1616 5420 1690 5514 μὴ
1733 5449 1856 5500 πεί-

166 5506 357 5599 θηται;
387 5509 510 5599 Ἵνα
538 5513 647 5584 γάρ
699 5514 774 5588 μὴ
800 5517 998 5590 νομίσῃ
1027 5538 1110 5584 τις
1135 5525 1294 5578 τοῦτο
1321 5506 1628 5598 ἀρκεῖννείς
1659 5506 1856 5599 ἀπολο-

165 5597 310 5690 γίαν.
353 5595 599 5690 τδ-είναι
651 5605 920 5675 μαθητὴν,
955 5609 1047 5660 καὶ
1099 5612 1173 5684 μὴ
1218 5595 1487 5683 ὑπείκειν,
1533 5595 1623 5675 διά
1673 5595 1852 5690 τοῦτο,

167 5685 849 5786 Διαμαρτύρομαιὶείπὼν,
873 5698 1173 5766 ἐπήγαγεν·
1211 5705 1284 5755 Οὐ
1312 5706 1420 5777 γὰρ
1445 5685 1853 5786 ὑπεστειλάμην

167 5771 258 5870 ⁶τοῦ
288 5775 718 5870 μὴῄάναγγεῖλαι
745 5783 893 5852 ὑμῖν.
935 5788 1076 5857 ’.ἐρα
1107 5789 1266 5844 τοῦτο
1308 5771 1630 5852 διδασκάλου
1667 5771 1849 5870 μόνον,

169 5858 503 5951 ἀναγγεῖλαι,
532 5865 788 5938 κηρῦξαι,
822 5869 1052 5938 διδάξαι,
1090 5876 1164 5947 μὴ
1198 5858 1851 5951 ὑποστείλασθαι,“νύκτα

94 5959 99 5980 ι
171 5946 256 6000 καὶ
277 5949 490 6022 ἡμέραν
512 5955 878 6023 παρακαλεῖν·
904 5957 1058 6034 [355]
1079 5946 1209 6018 ὅταν
1234 5967 1288 6020 δὲ
1317 5969 1520 6024 τούτων
1547 5946 1850 6047 γινομένων

231 6097 253 6126 ⁸
289 6101 423 6149 Μετά
450 6102 671 6150 δακρύων
693 6105 840 6155 deest
861 6109 908 6156 in
932 6123 1032 6159 uno
1118 6113 1146 6153 δ
1173 6115 1599 6178 ΑΙὶιις,ζδιωτικὸς.

523 6185 799 6247 Ριτιιοι.
846 6187 967 6248 Gn.
1015 6191 1144 6253 LX.

1991 670 2059 722 ρα
2084 650 2352 719 ἀπολογία
2372 668 2386 680 ·
2421 651 2504 703 ὅτι
2527 645 2782 717 Καθαρὸς
2805 645 2916 713 ἐγὼ
2939 647 3049 699 ἀπὸ
3072 644 3164 698 τοῦ
3185 645 3417 715 αἵματος
3444 645 3687 698 πάντων.

1991 741 2085 811 Μὴ
2103 741 2168 811 δὴ
2195 739 2457 810 νομίσητε
2492 737 2630 808 πρὸς
2657 737 2807 806 ἡμᾶς
2847 734 3024 789 ταῦτα
3049 733 3308 803 λέγεσθαι
3344 732 3508 803 μόνον
3531 749 3546 763 ·
3594 732 3695 786 καὶ

1990 829 2101 900 γάρ
2144 831 2238 882 καὶ
2293 828 2431 899 πρὸς
2487 827 2633 896 ὑμᾶς
2680 827 2709 877 6
2742 824 2903 894 λόγος
2940 818 3099 888 οὑτός
3135 825 3309 887 ἐστιν,
3332 825 3476 880 ὥστε
3503 839 3694 893 προσκ

1985 922 2132 994 έχειν
2165 926 2277 985 τοῖς
2325 919 2663 989 λεγομένοις,
2709 917 2858 970 ὥστε
2915 917 2990 988 μὴ
3032 915 3327 987 ἀποπηδᾷν
3384 915 3487 985 τῆς
3519 915 3692 983 ἀκρον

1985 1010 2184 1072 ἀσεως.

2055 1097 2121 1148 Τί
2153 1095 2396 1165 ποιήσως
2437 1093 2568 1147 Ἰδοὺ
2602 1092 2724 1145 καθ’
2759 1091 3000 1162 ἑκάστην
3034 1091 3250 1163 ἡμέραν
3278 1090 3690 1162 διαρῤἡγνυμαι

1985 1181 2158 1250 βοῶν·
2212 1181 2489 1251 ἀπόστητε
2551 1178 2661 1230 τῶν
2713 1176 2961 1249 θεάτρων
2985 1195 3000 1207 ·
3053 1177 3150 1230 καὶ
3208 1176 3398 1228 πολλοὶ
3454 1173 3690 1243 γελῶσιν

1983 1271 2167 1340 ἡμᾶς·
2224 1269 2508 1338 ἀπόστητε
2556 1265 2653 1319 τοῦ
2691 1265 2942 1336 ὀμνύειν,
2966 1262 3063 1318 τοῦ
3096 1264 3476 1318 πλεονεκτεῖν·
3519 1262 3688 1333 μυρία

1983 1354 2382 1428 παραινοῦμεν,
2415 1356 2512 1408 καὶ
2552 1353 2730 1416 οὐδεὶς
2787 1354 2817 1405 ό
2868 1350 3106 1405 ἀκούων.
3148 1351 3288 1404 Ἀλλ’
3336 1353 3395 1404 ἐν
3439 1353 3598 1403 νυκτὶ
3625 1349 3688 1403 οὑ

1978 1443 2336 1514 διαλέγομαι;
2378 1441 2718 1511 Ἐϐουλόμην
2753 1441 2847 1492 καὶ
2871 1441 2929 1493 ἐν
2956 1438 3114 1493 νυκτὶ
3147 1438 3308 1492 τοῦτο
3350 1441 3548 1501 ποιεῖν,
3594 1438 3691 1490 καὶ

1979 1527 2037 1578 ἐν
2068 1528 2189 1588 ταῖς
2246 1525 2552 1597 τραπέζαις
2601 1526 2724 1586 ταῖς
2749 1523 3070 1594 ὑμετέραις,
3109 1524 3164 1576 εί
3207 1539 3272 1590 γε
3315 1521 3445 1592 ἐνῆν
3466 1521 3563 1574 καὶ
3607 1521 3690 1584 ιίς

1981 1612 2153 1683 μυρία
2187 1611 2481 1681 σχισθέντα
2545 1609 2953 1680 παραγίνεσθαι
2986 1611 3116 1680 ὑμῖν
3163 1609 3260 1662 καὶ
3305 1607 3684 1677 διαλέγεσθαι·

1975 1700 2090 1754 ἀλλ’
2120 1702 2168 1753 εί
2203 1701 2302 1770 τῆς
2323 1699 2618 1770 ἑϐδομάδος
2643 1697 2795 1764 άπαξ
2821 1698 3099 1768 καλοῦμεν
3131 1699 3300 1768 ὑμᾶς,
3327 1698 3425 1751 καὶ
3449 1697 3685 1762 ὀκνεῖτε,
3796 1683 3801 1692 ’

1975 1792 2069 1844 καὶ
2098 1792 2150 1843 οἱ
2176 1791 2275 1862 μὲν
2305 1791 2426 1844 οὑδὲ
2460 1789 2857 1858 παραγίνεσθε,
2892 1791 2942 1842 οί
2971 1789 3029 1842 δὲ
3071 1789 3504 1860 παραγινόμενοι
3533 1786 3687 1840 οὐδὲν

1974 1877 2139 1930 πλέον
2170 1876 2533 1948 κερδάναντες
2572 1876 2737 1929 ἀπιτε
2757 1894 2769 1906 ·
2811 1877 2866 1929 τί
2897 1877 2998 1928 οὑκ
3031 1877 3097 1929 ἂν
3127 1878 3448 1946 ἐποιήσατε,
3482 1875 3528 1927 εί
3570 1891 3686 1927 συν-

1973 1961 2114 2031 εχῶς
2140 1963 2300 2016 τοῦτο
2337 1964 2720 2034 ἐπράττομενς
2769 1963 2834 2016 Τί
2872 1967 3208 2034 ποιήσομεν;
3258 1963 3449 2015 Πολλοὶ
3479 1956 3576 2016 οἶδ’
3604 1963 3687 2016 ὅτι

1973 2053 2068 2104 καὶ
2106 2051 2461 2121 διασύρουσιν
2500 2054 2668 2122 ἡμᾶς,
2694 2051 2782 2105 διὰ
2809 2053 2872 2105 τὸ
2907 2053 3035 2123 περὶ
3057 2052 3167 2104 τῶν
3199 2051 3379 2103 αὐτῶν
3402 2050 3491 2102 ἀεὶ
3511 2048 3689 2102 διαλέ-

1971 2139 2166 2206 γεσθαι
2188 2156 2201 2169 ·
2259 2140 2403 2193 οῦτω
2431 2143 2738 2210 γεγόναμεν
2775 2144 3128 2211 προσκορεῖς.
3189 2139 3365 2192 Αἵτιοι
3399 2139 3458 2190 δέ
3490 2139 3685 2190 τούτου

1968 2229 2068 2297 οὐχ
2118 2228 2297 2299 ὑμεῖς,
2346 2228 2462 2280 ἀλλ’
2485 2230 2641 2282 αὑτοὶ
2668 2232 2716 2282 οἱ
2747 2228 3061 2292 ἀκούοντες.
3108 2229 3168 2281 Ὀ
3203 2228 3301 2298 μὲν
3332 2227 3443 2298 γὰρ
3497 2242 3686 2294 κατορ-

1971 2313 2103 2380 θῶν,
2129 2316 2218 2368 ἀεὶ
2244 2317 2422 2387 χαίρει
2449 2318 2516 2368 τά
2543 2317 2688 2368 αὐτὰ
2709 2317 2947 2382 ἀκούων,
2978 2317 3171 2387 ὥσπερ
3198 2315 3495 2387 ἐγκωμίων
3515 2313 3685 2368 αὑτοῦ

1970 2403 2300 2474 λεγομένων·
2363 2407 2391 2458 6
2444 2405 2500 2457 δέ
2557 2405 2634 2476 μὴ
2697 2404 3022 2476 βουλόμενος
3083 2404 3404 2477 κατορθοῦν,
3459 2405 3555 2457 καὶ
3602 2407 3688 2458 ἐν-

1969 2491 2248 2559 οχλείσθαι
2297 2492 2468 2553 δοκεῖ,
2521 2493 2626 2546 κᾶν
2658 2494 2913 2566 δεύτερον
2946 2494 3159 2568 ἀκούσῃ
3185 2495 3368 2564 μόνον,
3424 2494 3685 2557 πολλάκις

1971 2581 2123 2634 δοκεῖ
2150 2581 2395 2637 ἀκούειν.
2443 2582 2716 2651 Καθαρὸς
2743 2585 2862 2653 ἐγὼ
2909 2584 3031 2638 ἀπὸ
3089 2584 3199 2637 τοῦ
3231 2584 3481 2652 αἵματος
3528 2581 3686 2636 πάν-

1971 2687 2112 2734 των,
2152 2671 2306 2741 φησί.

2043 2761 2108 2813 δ’.
2127 2759 2299 2813 Τοῦτο
2313 2761 2511 2831 Παύλῳ
2528 2761 2627 2830 μὲν
2642 2761 2918 2831 ἥρμοττεν
2937 2763 3304 2833 εἰπεῖν,ἡμεῖς
3325 2761 3380 2814 δὲ
3396 2761 3456 2813 οὑ
3473 2758 3688 2829 τολμῶ-

1975 2867 2075 2921 μεν
2117 2850 2275 2903 τοῦτο
2318 2853 2528 2913 εἰπεῖν,
2594 2851 2766 2920 μυρία
2812 2852 3118 2915 συνειδότες
3173 2853 3410 2914 ἑαυτοῖς.
3483 2850 3685 2920 Διόπερ

1971 2938 2167 3009 ἐκείνῳ
2224 2939 2302 3008 τῷ
2355 2940 2651 3002 διαπαντὸς
2705 2941 3080 3010 ἀγρυπνοῦντι
3132 2942 3226 2994 καὶ
3267 2940 3561 3009 ἐφεστῶτι,
3605 2940 3686 3010 τῷ

1972 3027 2154 3080 πάντα
2196 3027 2338 3098 ὑπὲρ
2362 3027 2464 3095 τῆς
2492 3029 2772 3099 σωτηρίας
2796 3029 2906 3083 τῶν
2958 3030 3424 3101 μαθητευομένων
3471 3030 3684 3100 ὑπομέ-

1971 3131 2138 3176 νοντι,
2163 3115 2404 3185 ἡρμοττε
2428 3116 2610 3182 λέγειν
2629 3135 2642 3146 ·
2678 3118 2841 3186 ἡμεῖς
2862 3117 2922 3169 δὲ
2952 3117 3013 3171 τὸ
3035 3118 3284 3182 Μωσέως
3312 3119 3569 3189 ἐροῦμεν,
3600 3120 3683 3172 ὅτι

1985 3202 2272 3271 Ὠργισθη
2308 3221 2413 3272 μοι
2449 3205 2670 3271 Κύριος
2706 3203 2784 3256 δι’
2809 3204 2986 3274 ὑμᾶς,
3020 3205 3110 3260 ὅτι
3132 3207 3216 3273 είς
3253 3208 3463 3261 πολλὰ
3495 3208 3686 3277 ἁμαρ·

1969 3290 2208 3361 τήματα
2254 3292 2548 3364 προάγετε
2600 3293 2703 3346 καί
2752 3293 2934 3365 ἡμᾶς.
2984 3297 3156 3350 Ὅταν
3211 3298 3322 3369 γὰρ
3378 3299 3684 3370 ἀθυμῶμεν

1969 3379 2207 3450 ὁρῶντες
2234 3380 2381 3452 ὑμᾶς
2435 3383 2498 3435 οὑ
2555 3383 2994 3453 προκόπτοντας,
3027 3386 3090 3438 οὑ
3117 3386 3178 3438 τὸ
3211 3387 3374 3441 πλέον
3425 3389 3558 3458 ἡμῖν
3584 3389 3680 3460 τῆς

1974 3468 2156 3536 ίσχύος
2182 3470 2550 3536 καταπίπτει;
2584 3472 2650 3523 Τί
2686 3472 2816 3543 γάρ,
2849 3473 2971 3526 είπέ
3001 3489 3113 3543 μοι,
3152 3475 3410 3543 γέγονεν;
3442 3476 3574 3530 Ἰδοὺ
3613 3480 3680 3548 τῇ

1969 3557 2155 3628 χάριτι
2194 3558 2289 3611 τοῦ
2329 3558 2467 3612 Θεοῦ
2501 3561 2594 3613 καὶ
2629 3563 2791 3630 ἡμεῖς
2819 3562 3008 3614 λοιπὸν
3059 3566 3307 3635 τριετίαν
3333 3564 3555 3636 ἔχομεν,
3589 3566 3683 3620 νύ-

1970 3662 2076 3699 κτα
2107 3646 2208 3716 μὲν
2238 3649 2334 3700 καὶ
2381 3648 2598 3718 ἡμέραν
2651 3650 2710 3701 οὑ
2741 3651 3215 3720 παρακαλοῦντες,
3267 3653 3356 3707 διὰ
3405 3654 3576 3723 τριῶν
3623 3654 3682 3709 δέ

1971 3734 2234 3799 πολλάκις
2263 3737 2545 3808 ἡμερῶνῆ
2579 3740 2647 3792 δι’
2682 3739 2822 3792 ἑπτά
2857 3739 3016 3792 τοῦτο
3046 3739 3350 3804 ποιοῦντες.
3395 3742 3460 3794 Τί
3485 3743 3680 3810 γέγονε

1971 3823 2169 3889 πλέον;
2229 3825 2628 3896 Ἐγκαλυῦμεν,
2669 3827 3042 3898 ἐπιτιμῶμεν,
3090 3827 3425 3900 δακρύομεν,
3481 3831 3673 3884 ὀδυνώ-

1973 3911 2134 3979 μεθα,
2169 3913 2217 3964 εί
2248 3914 2342 3965 καὶ
2376 3913 2451 3984 μὴ
2481 3915 2757 3986 φανερῶς,
2793 3915 2932 3970 ἀλλά
2985 3917 3128 3971 κατά
3157 3919 3410 3990 καρδίαν.
3463 3921 3680 3974 Ἐκεῖνα

1967 3997 2023 4049 δὲ
2061 3997 2199 4052 πολὺ
2235 3998 2443 4052 τούτων
2469 4001 2536 4054 τά
2564 4001 2776 4074 δάκρυα
2812 4005 3158 4077 κουφότερα·
3195 4004 3370 4060 ταῦτα
3424 4007 3523 4077 μὲν
3568 4007 3679 4079 γὰρ

1969 4086 2127 4156 φέρει
2177 4086 2302 4140 τινά
2338 4090 2452 4151 τοῖς
2485 4089 2757 4160 ἀθυμοῦσι
2787 4093 3171 4162 παραμυθίαν,
3204 4095 3390 4148 ἐκεῖνα
3417 4095 3473 4148 δὲ
3507 4097 3679 4169 αὑτὴν

1968 4173 2232 4228 ἐπιτείνει
2265 4176 2358 4228 καὶ
2397 4177 2708 4247 συσφίγγει.
2748 4179 2905 4233 Οὕτω
2937 4182 3032 4235 καὶ
3054 4182 3185 4236 ὅταν
3209 4191 3234 4222 ⁸
3262 4183 3322 4237 ἐν
3347 4184 3560 4256 ἀθυμίᾳ
3593 4202 3677 4249 τις

1967 4257 2022 4334 ᾖ,
2065 4263 2265 4334 καὶμὴ
2305 4264 2533 4335 δύνηται
2566 4267 2878 4336 ἐξενεγκεῖν
2932 4268 3032 4341 τὴν
3086 4271 3382 4342 ἀλγηδόνα,
3409 4271 3555 4325 ὥστε
3599 4274 3678 4344 μὴ

1966 4350 2116 4414 δόξαι
2146 4352 2425 4417 κενόδοξος
2442 4349 2607 4418 εἶναι,
2644 4357 2870 4425 μείζονα
2897 4357 3009 4428 ἀρα
3058 4359 3281 4428 πάσχει,
3314 4359 3348 4430 ἢ
3375 4359 3442 4414 ἂν
3469 4361 3679 4430 ταύτην

1967 4437 2285 4507 ἐξήνεγκεν.
2317 4440 2380 4492 EE
2407 4441 2481 4512 μή
2520 4442 2588 4512 μέ
2613 4459 2698 4506 τις
2726 4441 2910 4512 ἔκρινε
2936 4445 3252 4516 φιλοτιμίας
3285 4448 3571 4517 περιττῆς,
3597 4443 3676 4502 εἴ·

1965 4524 2052 4588 δες
2086 4525 2154 4578 ἂν
2186 4525 2308 4579 καθ’
2344 4528 2585 4600 ἑκάστην
2623 4532 2840 4602 ἡμέραν
2888 4533 3075 4602 πηγὰς
3108 4533 3363 4606 δακρύων
3401 4536 3636 4604 ἀφιέντα
3657 4555 3670 4568 ·

1965 4613 2170 4677 ταύτας
2188 4613 2250 4666 δέ
2279 4633 2372 4685 μοι
2403 4617 2644 4671 σύνοιδεν
2671 4621 2699 4671 6
2725 4621 2971 4684 οἰκίσκος
3001 4623 3097 4675 καὶ
3121 4625 3154 4693 ἡ
3177 4623 3406 4694 ἐρημία.
3445 4623 3676 4679 Πιστεύο

1968 4718 2097 4754 σατε
2127 4704 2236 4774 γάρ
2276 4721 2389 4773 μοι,
2429 4705 2530 4776 τῆς
2566 4707 2665 4777 μὲν
2698 4709 2938 4778 ἐμαυτοῦ
2984 4715 3263 4784 σωτηρίας
3292 4713 3571 4783 ἀπέγνων,
3605 4716 3677 4770 τὰ

1965 4790 2023 4844 δὲ
2055 4790 2299 4862 ὑμέτερα
2324 4792 2562 4864 θρηνῶν,
2593 4797 2716 4848 οὑδὲ
2750 4798 2946 4868 σχολὴν
2977 4799 3086 4870 ἔχω
3123 4801 3193 4854 τά
3245 4801 3488 4873 ἐμαυτοῦ
3528 4805 3678 4858 κακὰ

1967 4878 2220 4932 πενθεῖν·
2268 4878 2415 4935 οὕτω
2464 4900 2557 4953 μοι
2599 4885 2780 4938 πάντα
2831 4887 2994 4957 ὑμεῖς
3024 4890 3171 4943 ἐστε.
3212 4891 3334 4944 Κάν
3389 4892 3674 4965 αἴσθωμαι

1966 4965 2306 5032 ἐπιδιδόντας
2328 4969 2496 5039 ὑμᾶς,
2541 4970 2643 5024 οὑκ
2687 4971 3019 5045 αἰσθάνομαι
3051 4977 3162 5031 τῶν
3194 4979 3440 5050 ἐμαυτοῦ
3483 4982 3683 5038 κακῶν.

1966 5053 2072 5106 ὑπὸ
2095 5054 2197 5125 τῆς
2218 5055 2442 5128 ἡδονῆς·
2485 5057 2589 5112 κᾶν
2616 5059 2712 5113 ίδω
2749 5060 2824 5132 μὴ
2857 5062 3216 5131 ἐπιδιδόντας,
3251 5067 3359 5121 ὑπὸ
3387 5069 3486 5139 τῆς
3530 5069 3670 5123 ἀθυ-

1967 5142 2098 5212 μίας
2127 5145 2292 5199 πάλιν
2323 5148 2770 5221 παραπέμπομαι
2796 5152 2867 5206 τά
2897 5153 3008 5223 ἐμά
3029 5170 3041 5181 ·
3079 5155 3308 5227 φαιδρὸς
3335 5158 3436 5228 μὲν
3467 5158 3543 5212 ῶν
3574 5161 3672 5214 ἐπὶ

1963 5234 2073 5297 τοῖς
2101 5233 2389 5305 ὑμετέροις
2425 5237 2971 5314 ἀγαθοῖς,[356]κᾶν
3004 5243 3178 5315 μυρία
3209 5245 3320 5316 έχω
3335 5245 3506 5308 δεινὰ,
3541 5265 3670 5302 σκυ·

1965 5318 2188 5390 θρωπὸς
2221 5321 2280 5374 δὲ
2311 5321 2406 5375 ἐπὶ
2425 5327 2538 5386 τοῖς
2564 5325 2857 5398 ὑμετέροις
2897 5329 3193 5402 λυπηροῖς,
3229 5333 3333 5387 κᾶν
3362 5336 3536 5406 μυρία
3573 5353 3667 5406 μοι

1964 5407 2447 5495 κατορθώματα
2473 5413 2572 5475 Τίς
2604 5415 2714 5486 γὰρ
2743 5417 2900 5482 ἐλπὶς
2921 5419 3252 5494 διδασκάλῳ,
3281 5423 3377 5477 τοῦ
3407 5427 3666 5495 ποιμνίου

1961 5494 2362 5566 διεφθαρμένου
2387 5515 2402 5562 ;
2430 5500 2563 5554 ποία
2592 5501 2731 5574 ζωὴ,
2756 5505 2888 5559 ποία
2925 5509 3305 5578 προσδοκίαάς
3329 5512 3469 5580 μετά
3506 5494 3668 5580 ποίας

1963 5587 2223 5675 στήσεται
2259 5590 2578 5661 παρρησίας
2615 5594 2751 5664 πρὸς
2785 5595 2875 5648 τὸν
2915 5595 3080 5664 Θεόν;
3139 5598 3195 5652 τί
3251 5601 3398 5672 ἐρεῖ;
3468 5603 3668 5675 Θῶμεν

1961 5672 2091 5744 γάρ,
2136 5674 2219 5727 ὃτι
2249 5677 2372 5730 οὐδὲ
2403 5679 2738 5747 ἐγκαλεῖται,
2767 5684 2890 5738 οὑδὲ
2917 5685 3105 5741 δίδωσι
3157 5688 3339 5762 δίκην,
3391 5692 3507 5746 ἀλλ’
3548 5672 3664 5748 ἐστι

1959 5763 2202 5834 καθαρὸς
2250 5765 2359 5817 ἀπὸ
2390 5767 2484 5820 τοῦ
2515 5769 2749 5838 αἵματος
2803 5775 3056 5829 πάντων·
3095 5779 3193 5832 καὶ
3235 5779 3411 5844 οὕτως
3468 5783 3664 5838 ἀνίατα

1957 5851 2206 5904 πείσεται
2228 5869 2241 5881 ·
2283 5854 2410 5906 ἐπεὶ
2461 5857 2557 5908 καὶ
2587 5859 2823 5929 πατέρες
2857 5864 3000 5934 ὑπὲρ
3036 5867 3246 5922 παίδων
3275 5870 3337 5923 οὑ
3370 5870 3663 5940 μέλλοντες

1952 5940 2333 6008 ἐγκαλεῖσθαι,
2363 5944 2514 6015 ὅμως
2548 5947 2777 6018 ἀλγοῦσι
2811 5953 2907 6006 καὶ
2933 5954 3249 6014 δάκνονται.

2019 6066 2235 6137 '~‘_ldem.
2272 6073 2541 6137 συσφίγγιι.
2579 6075 2713 6124 Ἐπεὶ
2759 6079 2891 6128 ὅταν.

1961 6130 1982 6144 .
2019 6083 2541 6153 ιἰαρῐὶι;“φσφιγγιι.
2580 6083 2713 6124 Ἐπεί
2759 6083 2891 6128 ὅταν.
3000 6083 3026 6122 ἀ
3066 6085 3264 6147 MoreL,
3310 6089 3426 6139 ποία
3471 6089 3656 6153 ἀπροσε

1958 6131 2117 6190 Boxh,
2143 6131 2422 6192 perperam.

3102 6225 3183 6287 ‘20
