4076 6568
208 512 304 571 315

209 638 386 700 pinnas
411 620 562 685 dare,
591 615 688 673 sed
715 629 841 671 esse
867 608 1125 668 mundum
1152 624 1185 664 a
1211 609 1471 700 sanguine
1504 603 1745 661 omnium
1776 623 1790 659 :

209 699 271 773 ita
295 726 508 784 quoque
533 706 847 764 incurabilia
876 703 1106 774 patietur
1136 718 1151 759 :
1184 701 1311 770 quia
1340 699 1466 754 licet
1491 708 1674 769 patres
1700 712 1797 767 pro

211 805 325 860 tiliis
352 817 459 856 non
489 795 767 854 iucusandi
798 795 927 859 sint,
957 803 1137 847 tamen
1164 789 1352 845 dolent
1377 798 1432 845 et
1466 788 1793 843 cruciantur.

274 895 437 962 Quam
488 899 625 947 curet
675 887 1066 959 Chrysostomtu
1117 882 1285 954 gregis
1332 881 1571 936 salutem.
1599 908 1673 919 —-
1698 877 1796 934 Ni-

209 988 364 1048 hilne,
410 984 641 1055 inquies,
688 980 822 1049 ipsis
856 977 1079 1048 prodest
1110 976 1195 1030 vel
1230 974 1620 1046 patrocinatur,
1651 971 1795 1043 quod

208 1077 297 1145 ipsi
337 1075 560 1149 vigilent
590 1086 686 1141 pro
728 1070 1013 1124 animabus
1060 1065 1302 1122 nostris?
1340 1062 1448 1121 Sed
1487 1064 1710 1133 vigilant
1738 1071 1796 1117 ut

207 1166 459 1220 rationem
504 1160 763 1218 reddituri
796 1158 979 1231 (Hebr.
1010 1158 1097 1212 15.
1134 1157 1223 1227 17)
1250 1174 1263 1209 :
1288 1156 1431 1225 quod
1474 1153 1793 1223 quibusdam

207 1256 407 1311 videtur
432 1269 551 1310 esse
579 1251 851 1315 terribile;
882 1248 1010 1304 mihi
1043 1258 1221 1302 autem
1250 1246 1353 1301 hoc
1378 1260 1524 1300 cura:
1554 1259 1661 1300 non
1687 1254 1792 1310 est,

206 1351 246 1403 si
284 1363 374 1402 vos
412 1345 665 1414 pereatis.
694 1343 846 1407 Dcm,
897 1355 1002 1396 non
1033 1339 1158 1395 dem
1208 1338 1470 1393 rationem
1506 1336 1575 1392 de
1620 1336 1792 1401 vobis,

206 1440 327 1495 nihil
360 1438 490 1493 mihi
522 1436 652 1490 utile
694 1445 798 1490 est.
846 1433 1058 1489 Utinam
1104 1431 1257 1487 vobis
1311 1430 1541 1485 salutem
1597 1429 1791 1493 nactis,

205 1532 320 1587 dem
370 1544 472 1601 ego
525 1527 593 1583 de
642 1526 798 1581 vobis
854 1525 1157 1589 rationem,
1215 1532 1270 1578 et
1323 1537 1550 1577 accuser
1580 1562 1597 1588 ,
1652 1518 1794 1590 quod

204 1624 431 1680 ofﬁcium
485 1638 664 1679 meum
729 1636 836 1675 non
902 1619 1256 1689 impleverim.
1324 1615 1440 1671 Non
1510 1618 1653 1670 enim
1722 1615 1796 1669 ita

203 1730 348 1781 curo,
386 1725 444 1770 ut
488 1730 583 1785 per
617 1729 704 1769 me
730 1727 828 1769 vos
854 1711 1167 1774 servemini,
1220 1719 1276 1763 ut
1309 1724 1440 1763 curo
1466 1748 1479 1771 ,
1512 1716 1627 1761 uta
1659 1722 1792 1777 quo-

204 1809 287 1864 vis
333 1808 642 1863 servemini.
700 1805 819 1861 Non
884 1804 1057 1859 nostis
1124 1801 1480 1872 spiritualium
1549 1810 1793 1869 parlunm

203 1899 559 1969 tyrannidem,
590 1896 861 1969 quomodo
901 1896 966 1960 is,
999 1897 1091 1965 qui
1124 1896 1195 1949 ita
1227 1895 1475 1964 parturit,
1507 1892 1701 1947 millies
1742 1892 1793 1945 in

202 1988 363 2045 lmsta
391 1989 605 2046 concidi
628 1996 895 2059 peroptat,
928 1987 1106 2058 potius
1129 2000 1291 2057 quam
1321 2000 1484 2040 unum
1512 1998 1578 2039 ex
1602 1982 1796 2054 genitis

202 2083 373 2150 perire
398 2082 484 2138 vel
512 2081 785 2151 corrumpi
826 2078 1038 2136 videat?
1079 2078 1363 2135 Undenam
1413 2078 1465 2132 id
1491 2076 1644 2132 vobis
1672 2091 1797 2146 pcr-

201 2173 586 2229 suadebimus?
610 2172 725 2228 Non
750 2171 859 2227 alio
885 2169 1068 2235 modo,
1100 2184 1259 2238 quam
1284 2183 1349 2225 ex
1379 2168 1463 2234 iis,
1493 2183 1613 2239 quae
1644 2166 1795 2221 vobis

200 2266 537 2337 contingunt,
564 2263 924 2319 absolvemur.
950 2262 1246 2318 Possumus
1265 2269 1318 2316 et
1349 2274 1447 2315 nos
1468 2260 1669 2324 dicere,
1698 2271 1797 2312 nos

200 2356 330 2412 nihil
360 2355 778 2427 subterfugisse;
806 2362 1043 2411 attamen
1072 2353 1354 2409 dolemus:
1375 2361 1429 2407 et
1454 2350 1596 2423 quod
1624 2351 1798 2406 dolea-

198 2468 319 2508 mus
349 2452 474 2507 hinc
502 2451 674 2522 palam
693 2458 795 2515 est,
824 2448 971 2520 quod
1003 2456 1145 2503 tanta
1174 2460 1427 2517 paremus
1451 2454 1507 2501 et
1526 2446 1799 2515 excogite-

200 2559 338 2599 mus.
362 2544 695 2614 Quamquam
718 2542 1077 2612 potuissemus
1096 2540 1249 2595 vobis
1270 2539 1452 2595 dicere
1473 2555 1487 2594 :
1506 2538 1645 2608 Quid
1667 2537 1798 2594 mihi

198 2652 342 2693 cura;
386 2636 505 2692 est?
540 2652 641 2707 ego
682 2635 826 2707 quod
867 2650 1047 2691 meum
1089 2644 1206 2691 erat
1252 2633 1385 2697 ieci;
1429 2647 1529 2704 ego
1566 2632 1800 2687 mundus

200 2742 316 2783 sum
358 2744 388 2782 a
429 2728 808 2800 sanguinezat
838 2730 942 2783 hoc
984 2742 1090 2783 non
1135 2724 1337 2781 sufficit
1376 2725 1445 2781 ad
1473 2724 1799 2781 consolatio-

200 2836 343 2877 nem.
371 2821 426 2878 Si
460 2830 641 2893 posset
665 2835 760 2877 cor
784 2830 1029 2877 nostrum
1058 2819 1289 2875 discindi
1326 2827 1380 2874 et
1408 2826 1615 2890 patere,
1646 2817 1799 2873 vide-

200 2916 329 2970 retis
356 2930 453 2971 vos
484 2930 673 2970 omnes
716 2915 824 2970 illic
866 2929 988 2970 esse
1027 2915 1080 2969 in
1112 2928 1305 2985 magna
1332 2912 1635 2979 latitudine,
1683 2927 1802 2966 mu-

200 3006 379 3073 lieres,
423 3007 582 3071 ﬁlios,
613 3007 757 3064 viros
780 3025 793 3061 :
819 3014 965 3064 tanta
996 3007 1195 3079 quippe
1232 3016 1315 3063 est
1340 3006 1577 3063 caritatis
1607 3006 1799 3071 virtus,

199 3100 432 3155 animam
455 3101 592 3158 calo
614 3100 860 3156 latiorem
888 3099 1083 3157 reddit.
1115 3099 1294 3170 Capite
1320 3116 1434 3162 nos,
1468 3098 1638 3169 inquit
1660 3097 1800 3153 Pau-

1126 493 1192 552 ΙΝ
1233 492 1417 553 ACTA
1457 490 2234 550 APOSTOLORUMJlOMIL.
2277 486 2439 547 XLV.

3407 486 3514 543 3H

1903 611 2021 669 lus;
2050 606 2301 658 neminem
2342 605 2569 658 lasinttts
2613 600 2691 673 (2.
2723 601 2846 657 Cor.
2875 603 2928 656 't'.
2950 598 3033 670 2),
3066 617 3168 654 non
3204 614 3420 672 anguste
3461 604 3514 657 in

1902 697 2043 751 nobis
2072 697 2191 751 estis
2224 693 2243 764 (
2276 693 2412 749 Ibid.
2438 694 2493 750 6.
2527 694 2596 750 ιε
2631 694 2671 763 ).
2702 693 2814 748 Hoc
2848 701 2905 749 et
2944 706 3046 748 nos
3069 708 3213 749 nunc
3240 693 3471 751 dicimus
3500 714 3514 727 ·

1900 791 2089 860 Capite
2119 806 2240 846 nos.
2280 790 2471 846 Totam
2504 790 2558 845 in
2588 805 2649 846 se
2687 786 3013 845 Corinthum
3043 788 3135 844 ille
3167 788 3425 855 habebat,
3461 800 3517 843 et

1902 882 2117 938 dicebat
2155 899 2169 937 :
2210 882 2514 937 Dilatamini
2557 890 2605 937 et
2656 897 2744 937 vos
2785 895 2805 935 :
2847 898 2950 936 non
2999 881 3055 936 in
3105 881 3347 950 angustia
3394 880 3517 934 estis

1902 975 1919 1043 (
1951 972 2088 1028 Ibid.
2110 990 2153 1028 υ.
2202 975 2289 1030 15.
2320 974 2391 1029 l2
2415 975 2461 1043 ).
2502 974 2612 1031 Sed
2642 973 2746 1029 hoc
2777 989 2883 1028 non
2914 987 3015 1043 ego
3046 972 3229 1028 dicere
3260 986 3475 1041 possem
3501 989 3516 1027 :

1902 1078 2025 1119 nam
2049 1064 2187 1120 bene
2213 1065 2359 1131 novi,
2393 1064 2535 1135 quod
2560 1079 2655 1120 vos
2679 1080 2766 1120 me
2785 1064 3021 1135 diligatis
3048 1073 3103 1119 et
3127 1063 3376 1133 capiatis.
3405 1061 3515 1118 Sed

1904 1156 2033 1228 quid
2062 1158 2194 1213 lucri
2227 1158 2313 1213 vel
2338 1173 2407 1214 ex
2434 1172 2552 1213 mea
2581 1158 2667 1213 vel
2694 1173 2760 1212 cx
2794 1165 2973 1213 vestra
2999 1156 3250 1220 caritate,
3292 1155 3516 1226 quando

1900 1265 1986 1315 ea,
2020 1266 2140 1322 quae
2164 1251 2255 1306 Dei
2279 1260 2427 1316 sunt,
2458 1253 2513 1306 in
2537 1252 2691 1306 vobis
2714 1265 2819 1306 non
2846 1260 2997 1307 recte
3019 1250 3355 1318 procedunt?
3378 1249 3517 1307 llinc

1901 1343 2123 1413 majoris
2164 1358 2325 1399 causa
2353 1343 2577 1407 doloris,
2629 1344 2850 1413 majoris
2881 1343 3138 1412 perniciei
3176 1342 3411 1398 occasio.
3457 1340 3515 1397 ln

1904 1436 2051 1491 nullo
2082 1450 2303 1506 possum
2327 1451 2425 1491 vos
2450 1436 2701 1491 incusare
2733 1455 2747 1490 :
2769 1435 2954 1491 Testor
2973 1436 3107 1489 enim
3131 1436 3293 1501 vobis,
3322 1435 3516 1506 quia,si

1902 1529 2014 1597 ﬁeri
2056 1529 2301 1598 potuisset
2326 1570 2341 1593 ,
2392 1527 2568 1584 oculos
2608 1538 2800 1583 vestros
2852 1528 3109 1582 eruissetis
3156 1537 3204 1582 et
3250 1527 3516 1583 dedissetis

1901 1623 2029 1677 mihi
2055 1622 2199 1696 (Gal.
2235 1623 2289 1679 b.
2322 1622 2434 1695 l5).
2466 1611 2716 1678 Vicissim
2743 1620 2995 1678 daremus
3027 1637 3132 1676 non
3163 1621 3325 1676 modo
3350 1637 3515 1677 cvan-

1900 1717 2118 1789 gelium,
2148 1716 2242 1773 sed
2273 1717 2436 1773 etiam
2466 1716 2677 1772 animas
2714 1727 2945 1773 nostras.
2982 1718 3240 1771 Amamur
3288 1727 3339 1770 et
3388 1717 3513 1771 red-

1901 1823 2147 1863 amamus
2172 1825 2184 1861 :
2212 1816 2269 1863 at
2289 1823 2395 1863 non
2423 1806 2529 1864 hoc
2556 1808 2837 1879 qua-ritur.
2888 1810 3147 1862 Amemus
3174 1824 3306 1879 ergo
3346 1808 3513 1862 Chri-

1903 1913 2044 1959 stum
2078 1905 2295 1975 primo:
2325 1902 2557 1956 Primum
2600 1902 2800 1973 quippe
2838 1903 3140 1955 mandatum
3181 1914 3253 1956 est
3279 1919 3294 1955 :
3320 1902 3515 1974 Diliges

1902 1996 2183 2053 Dominum
2216 1996 2379 2051 Deum
2415 2007 2583 2051 tuum.
2616 1994 2914 2050 Secundum
2952 2002 3121 2047 autem
3152 1994 3271 2048 huic
3306 1995 3474 2049 simile
3497 2010 3516 2048 :

1907 2090 1972 2145 Et
2005 2092 2297 2162 proximum
2332 2100 2477 2144 tuum
2520 2090 2652 2143 sicut
2678 2088 2895 2157 teipsum
2936 2087 2954 2157 (
2984 2086 3173 2141 Matth.
3206 2085 3295 2143 22.
3323 2087 3512 2142 57ο59.

1905 2184 2072 2240 Marc.
2106 2185 2194 2241 12.
2228 2184 2341 2255 50).
2383 2182 2690 2240 Secundum
2722 2192 2991 2246 tenemus,
3022 2180 3199 2250 primo
3246 2180 3401 2234 nobis
3429 2191 3513 2234 cst

1903 2293 2070 2348 opus;
2118 2277 2292 2347 primo
2327 2272 2619 2330 admodum
2666 2287 2806 2343 apus
2846 2282 2949 2335 est,
2994 2280 3050 2327 et
3089 2271 3219 2326 mihi
3252 2270 3516 2326 et‘vobis.

1906 2369 2176 2424 llabemns
2218 2365 2369 2431 illud,
2397 2366 2490 2421 sed
2540 2382 2645 2419 non
2694 2373 2751 2418 ut
2795 2370 3091 2433 oporteret.
3124 2364 3418 2435 Diligamns
3456 2363 3518 2417 il-

1906 2463 2014 2517 lum
2047 2480 2061 2517 :
2090 2461 2241 2517 scitis
2268 2467 2465 2531 quanta
2495 2458 2729 2529 reposita
2776 2458 2848 2513 sit
2874 2472 3084 2513 merces
3116 2457 3199 2520 iis,
3244 2456 3333 2526 qui
3361 2454 3518 2510 Citri-

1904 2564 2048 2609 stum
2078 2552 2311 2621 diligunt
2339 2569 2353 2604 :
2381 2564 2627 2605 amemus
2656 2549 2811 2605 illum
2838 2564 2962 2604 cum
2992 2547 3204 2604 fervore
3235 2548 3422 2614 animi,
3460 2558 3519 2603 ut

1905 2639 2023 2709 ejus
2051 2637 2425 2693 benevolentia
2455 2633 2724 2701 fruentes,
2754 2634 3035 2703 praesentis
3064 2633 3190 2688 vitae
3221 2643 3518 2701 tempesta-

1908 2740 2013 2785 tem
2056 2728 2345 2802 fugiamus,
2395 2736 2452 2783 et
2502 2727 2769 2797 promissa
2808 2725 3162 2797 diligentibus
3205 2740 3328 2780 eum
3377 2725 3517 2780 bona

1906 2821 2166 2890 consequi
2195 2819 2506 2891 dignemur,
2537 2818 2708 2891 gratia
2754 2827 2810 2873 et
2852 2817 3227 2873 misericordia
3260 2816 3521 2887 unigeniti

1908 2914 2027 2985 ejus
2053 2913 2197 2979 Filii,
2227 2913 2446 2985 quicum
2478 2912 2624 2969 Patri
2664 2919 2721 2969 et
2752 2910 2975 2982 Spiritui
3003 2922 3191 2967 sancto
3216 2911 3522 2982 gloriamu-

1909 3007 2142 3078 perium,
2187 3004 2387 3073 honor,
2414 3019 2559 3062 nunc
2598 3013 2654 3061 et
2692 3018 2931 3076 semper,
2959 3012 3015 3060 et
3045 3004 3099 3060 in
3128 3004 3327 3061 sa-cula
3356 3017 3519 3060 siccu-

1910 3098 2108 3153 lorum.
2142 3098 2340 3154 Amen.

1534 3310 1879 3372 HOMlLIA
1923 3310 2121 3372 XLV.

201 3461 329 3519 Csr.
358 3462 453 3518 20.
479 3476 536 3515 v.
564 3458 656 3515 52.
686 3458 751 3514 Et
775 3474 911 3514 nunc
930 3500 945 3525 ,
978 3461 1164 3529 fratres
1183 3498 1198 3524 ,
1236 3454 1531 3511 commenda
1562 3469 1649 3507 vos
1698 3451 1807 3507 Deo

272 3565 321 3613 et
350 3556 500 3612 verba
526 3552 703 3626 gratia:
739 3552 921 3626 ipsius,
961 3551 1048 3625 qui
1082 3558 1244 3622 potest
1282 3548 1577 3621 ludiﬁcare,
1612 3554 1657 3603 et
1682 3546 1805 3603 dare

277 3650 608 3707 hereditatem
634 3648 770 3702 vobis
794 3647 848 3701 in
875 3644 1211 3712 sanctiﬁcatis
1254 3642 1508 3697 omnibus.

276 3742 327 3797 1.
362 3741 467 3796 Per
510 3742 730 3812 gratiam
774 3739 994 3792 salutem
1050 3736 1426 3807 consequimur.
1459 3765 1529 3775 -—
1556 3733 1711 3802 Quod
1758 3735 1810 3787 in

202 3836 485 3906 epistolis,
517 3834 619 3888 hoc
648 3842 704 3887 et
728 3833 781 3885 in
815 3831 1060 3887 consiliis
1085 3832 1193 3901 agit
1228 3849 1240 3883 :
1269 3830 1336 3883 ab
1363 3829 1731 3885 admonitione
1759 3830 1811 3882 in

202 3928 511 3983 orationem
544 3924 762 3981 desinit.
803 3922 939 3991 Quia
966 3922 1109 3977 enim
1142 3922 1264 3977 illos
1291 3921 1445 3976 valde
1473 3921 1697 3985 terruit,
1733 3919 1815 3973 di—

202 4033 336 4074 cens
373 4038 387 4071 :
417 4017 561 4089 Lupi
582 4032 757 4087 graves
779 4016 830 4069 in
858 4031 945 4069 vos
972 4014 1319 4085 ingredientur
1342 4030 1356 4078 ;
1400 4028 1469 4068 ne
1497 4020 1815 4067 consterna-

203 4120 289 4166 ret
341 4119 399 4167 et
447 4110 702 4180 perderet
756 4106 1003 4170 animos,
1060 4104 1183 4160 vide
1239 4105 1689 4160 consolationem.
1748 4103 1817 4157 Et

202 4218 380 4270 nunc,
439 4200 633 4271 inquit.
685 4198 761 4254 ita
803 4197 973 4263 dixit,
1022 4196 1148 4252 hinc
1205 4194 1502 4252 ostendens
1548 4211 1608 4251 se
1660 4196 1813 4266 quasi

204 4308 427 4365 semper
482 4294 586 4347 hoc
615 4306 794 4362 agere.
824 4287 1135 4345 Commendo
1179 4303 1300 4356 vos,
1348 4288 1567 4355 fratres,
1608 4285 1719 4341 Deo
1772 4297 1820 4340 et

203 4387 355 4441 uerbo
401 4385 590 4458 gratia:
637 4384 833 4455 ipsius,
863 4382 914 4436 id
962 4390 1083 4447 est,
1115 4382 1301 4451 gratiae
1351 4380 1489 4451 ejus.
1528 4383 1704 4451 Atque
1748 4381 1819 4434 ita

208 4479 347 4533 bene
377 4478 521 4532 dixit
552 4497 563 4530 :
596 4483 817 4530 noverat
846 4474 990 4527 enim
1013 4513 1028 4538 ,
1056 4471 1199 4543 quod
1232 4473 1407 4543 gratia
1438 4472 1615 4527 salvos
1640 4472 1818 4526 faciat.

206 4571 555 4642 Frequenter
583 4570 712 4640 ipsis
742 4568 965 4638 gratiam
996 4577 1425 4632 commemorat,
1469 4574 1529 4621 ut
1550 4564 1823 4621 debitores

206 4666 575 4721 studiosiores
599 4662 833 4717 reddens
859 4671 913 4716 et
944 4660 1219 4715 conlidere
1250 4660 1502 4715 suadens.
1536 4659 1637 4728 Qui
1663 4670 1825 4729 potest

205 4772 295 4812 vos
318 4755 766 4827 superwdiﬁcare.
788 4751 902 4807 Non
932 4751 1101 4819 dixit,
1123 4750 1450 4817 JEdilicare;
1480 4751 1597 4819 sed,
1627 4751 1826 4821 Super-

206 4851 522 4920 mli/imre,
581 4846 874 4901 ostendens
931 4846 1079 4916 ipsos
1137 4846 1249 4915 jam
1298 4846 1592 4901 aaditicatos
1638 4845 1821 4901 fuisse.

208 4942 421 5001 Deinde
458 4940 658 4995 fatone
706 4939 820 5009 Spei
866 4938 1112 5019 meminit
1154 4937 1385 4992 dicens:
1422 4934 1485 4990 Et
1526 4938 1649 4991 dare
1690 4937 1827 4992 vobis

208 5038 554 5093 hereditatem
595 5035 647 5087 in
697 5034 1027 5102 sanctiﬁcatis
1072 5032 1325 5087 omnibus.
1374 5032 1565 5087 Postea
1612 5047 1825 5087 rursum

206 5130 521 5187 admonitio
572 5145 585 5180 :
639 5127 729 5181 55.
773 5128 1089 5198 Argentum,
1131 5126 1330 5197 inquit.
1374 5126 1451 5180 vel
1494 5143 1678 5180 aurum
1707 5168 1721 5188 ,
1754 5128 1831 5182 vel

208 5234 399 5278 vestem
446 5218 649 5274 nullius
696 5219 976 5288 concupivi.
1024 5217 1281 5273 Radicem
1332 5217 1594 5273 malarum
1650 5217 1827 5284 tollit,

209 5314 525 5368 avaritiam.
566 5310 889 5380 Argentum,
924 5308 1124 5378 inquit,
1154 5310 1230 5363 vel
1278 5326 1481 5362 eurum.
1516 5308 1630 5362 Non
1662 5309 1830 5372 dixit,

216 5405 337 5460 Non
405 5404 633 5471 accepi,
687 5400 820 5465 sed,
874 5398 1054 5471 Neque
1098 5402 1385 5471 concupiui.
1431 5400 1680 5456 Nondum
1731 5400 1835 5457 hoc

212 5513 478 5569 magnum
512 5505 629 5560 est,
676 5494 769 5547 sed
818 5493 963 5563 quod
1014 5495 1256 5563 sequitur
1296 5510 1570 5566 magnum.
1612 5496 1701 5550 3t.
1735 5493 1836 5549 Vos

212 5594 389 5655 scitis,
421 5588 552 5656 quia
579 5586 957 5640 necessitatibus
987 5588 1112 5641 meis
1138 5598 1183 5641 et
1209 5588 1301 5653 iis,
1330 5591 1414 5659 qui
1458 5606 1653 5643 mecum
1678 5599 1794 5642 sunt
1818 5630 1834 5655 ,

215 5683 649 5736 miniata-atterunt
688 5695 877 5751 manus
916 5679 1047 5733 istas.
1091 5680 1181 5735 55.
1216 5680 1401 5734 Omnia
1430 5681 1628 5735 ostendi
1663 5683 1799 5735 vobis
1822 5720 1836 5743 ,

215 5774 469 5841 quoniam
490 5772 570 5823 sic
597 5767 881 5822 laborantes
906 5780 1102 5837 oportet
1128 5770 1380 5840 suscipere
1426 5773 1679 5837 inﬁrmos.
1710 5771 1842 5827 Vide

219 5864 375 5922 illum
402 5875 584 5934 Opere
621 5875 876 5915 manuum
910 5870 1171 5928 utentem,
1202 5878 1301 5919 uec
1331 5864 1541 5931 leviter,
1575 5864 1669 5919 sed
1700 5864 1844 5920 labo-

225 5962 473 6010 rantem.
504 5950 910 6010 Necessitatibus
954 5954 1077 6009 meis
1105 5965 1152 6008 et
1179 5956 1243 6009 iis
1270 5998 1283 6024 ,
1330 5956 1417 6027 qui
1466 5973 1657 6011 mecum
1688 5968 1805 6013 sunt
1826 6000 1841 6026 ,

1918 3453 2338 3506 ministraverunt
2380 3468 2563 3508 manus
2598 3454 2729 3509 ἰδίω.
2770 3453 2883 3509 Iloc
2926 3454 3270 3510 admonendo
3312 3456 3527 3512 dicitur.

1918 3543 1987 3603 Et
2016 3544 2139 3601 vide
2165 3560 2287 3602 cum
2326 3555 2525 3618 quanta
2574 3546 2879 3620 dignitate;
2931 3563 3037 3604 non
3080 3549 3225 3605 enim
3257 3549 3426 3613 dixit,
3462 3551 3533 3607 Ut

1920 3641 2162 3711 pecuniis
2190 3642 2499 3710 superiores
2531 3641 2674 3708 sint;
2704 3641 2801 3697 sed
2848 3642 3021 3713 quid?
3058 3642 3335 3715 Suscipere
3384 3644 3533 3713 inﬁr-

1918 3750 2046 3788 mos.
2077 3733 2192 3788 Non
2220 3733 2389 3801 dixit,
2420 3732 2624 3791 Omnes
2656 3776 2671 3800 ,
2704 3734 2833 3801 sed,
2865 3734 3133 3804 Inﬁrmos.
3176 3734 3244 3789 Et
3274 3737 3535 3791 recordari
3616 3778 3640 3799 ,.

1921 3826 2055 3880 verbi
2108 3824 2354 3893 Domini,
2385 3826 2524 3895 quod
2560 3826 2693 3880 dixit
2740 3842 2761 3879 :
2801 3825 3012 3881 Beatius
3060 3836 3132 3880 est
3174 3828 3330 3892 dare,
3380 3845 3537 3897 quam

1923 3918 2171 3986 accipere.
2219 3917 2297 3972 Ne
2325 3918 2444 3989 quis
2476 3926 2690 3988 putaret
2715 3918 2782 3972 ad
2815 3918 2939 3974 illos
2966 3918 3167 3973 dictum
3198 3935 3320 3975 esse
3344 3962 3358 3985 ,
3395 3930 3448 3975 et
3477 3936 3537 3976 se

1922 4010 2199 4081 exemplar
2243 4010 2350 4066 illis
2389 4009 2549 4075 dare,
2592 4021 2652 4065 ut
2694 4010 2819 4065 alibi
2862 4011 2935 4065 ait
2979 4027 2993 4063 :
3029 4010 3311 4081 Exemplar
3358 4012 3539 4068 dantes
3602 4006 3605 4007 ⁷

1923 4103 2062 4157 vobis
2095 4100 2374 4175 (Philipp.
2409 4103 2463 4157 5.
2497 4102 2623 4172 17);
2657 4101 2839 4159 subdit
2863 4104 3187 4157 sententiam
3222 4104 3419 4158 Christi
3448 4104 3538 4157 di—

1924 4193 2096 4248 ceutis
2121 4211 2135 4248 :
2161 4191 2371 4248 Beatius
2392 4203 2464 4249 est
2489 4194 2632 4259 dare,
2658 4210 2813 4262 quam
2842 4196 3091 4265 accipere.
3118 4196 3301 4249 Oravit
3322 4210 3541 4268 quoque

1926 4303 2089 4358 super
2132 4288 2240 4343 illis
2270 4303 2533 4353 monens,
2576 4287 2820 4359 illudque
2844 4303 3013 4359 opere
3043 4290 3301 4347 ostendit.
3347 4290 3437 4346 56.
3471 4289 3541 4345 Et

1925 4396 2041 4434 cum
2081 4380 2192 4435 htec
2235 4381 2482 4446 dixisset,
2529 4380 2706 4451 positis
2737 4381 2951 4452 genibus
2996 4398 3112 4436 cum
3157 4382 3389 4436 omnibus
3436 4382 3542 4437 illis

1928 4476 2107 4529 oravit.
2133 4474 2318 4530 Oravit
2344 4518 2359 4541 ,
2388 4492 2495 4531 non
2529 4486 2820 4546 utcumque
2842 4518 2856 4541 ,
2886 4477 2980 4531 sed
3012 4492 3132 4531 cum
3173 4480 3339 4533 multa
3381 4493 3537 4533 com-

1929 4568 2241 4637 punetione.
2275 4567 2464 4638 Magna
2492 4568 2827 4634 consolatio;
2859 4580 2914 4623 et
2955 4584 3077 4623 cum
3107 4570 3347 4635 diceret,
3380 4570 3538 4625 Com-

1928 4660 2112 4715 mendo
2143 4677 2228 4715 vos
2260 4659 2516 4729 Domino,
2548 4659 2955 4717 consolabatur.
2998 4663 3088 4717 57.
3124 4663 3345 4734 Magnus
3373 4674 3543 4717 autem

1930 4756 2081 4824 ﬂetus
2113 4756 2279 4825 factus
2304 4762 2376 4808 est
2405 4756 2707 4815 omnium,et
2737 4755 3121 4824 procumbentes
3157 4772 3314 4824 super
3355 4757 3547 4809 collum

1938 4845 2110 4909 Pauli,
2133 4846 2497 4899 osculabantur
2518 4862 2655 4911 eum,
2682 4845 2773 4901 58.
2790 4846 3033 4913 dolentes,
3061 4849 3283 4901 ntaxime
3302 4849 3353 4901 in
3378 4850 3546 4908 verba,

1931 4942 2068 5010 quod
2107 4940 2308 4994 dixerat
2336 4981 2351 5003 ,
2396 4940 2535 5011 quod
2584 4939 2811 5010 amplius
2855 4940 3036 5011 faciem
3075 4943 3186 5011 ejus
3232 4958 3334 4994 non
3384 4951 3552 4995 essent
3627 4968 3635 4976 -

1934 5034 2110 5087 visuri.
2146 5032 2214 5087 Et
2259 5033 2578 5089 deducebant
2618 5050 2732 5087 eum
2771 5032 2840 5086 ad
2876 5050 3075 5091 navem.
3109 5033 3294 5098 Dixit,
3341 5033 3553 5089 Veniant

1936 5127 2047 5194 lupi
2094 5142 2309 5196 graves;
2356 5124 2529 5192 dixit,
2565 5124 2793 5180 Mundus
2822 5143 2915 5197 ego
2959 5143 3070 5180 sum
3099 5145 3131 5179 a
3160 5128 3411 5197 sanguine
3440 5144 3553 5183 om-

1938 5218 2079 5271 nium
2106 5234 2125 5271 :
2153 5218 2267 5272 haec
2294 5227 2523 5289 utraque
2553 5218 2833 5281 terribilia,
2866 5234 2985 5288 quae
3014 5230 3235 5289 possent
3259 5236 3554 5275 maerorem

1939 5311 2167 5378 afferre;
2219 5313 2451 5367 maxime
2482 5322 2662 5366 autem
2704 5313 2806 5366 hoc
2833 5314 3073 5368 omnium
3108 5328 3202 5368 eos
3240 5314 3550 5376 cruciabat,

1940 5402 2094 5471 quod
2114 5402 2391 5458 audissent
2412 5445 2425 5467 ,
2454 5418 2514 5459 se
2553 5419 2659 5458 non
2702 5404 2843 5458 ultra
2868 5405 3080 5459 visuros
3106 5405 3279 5475 ipsum
3311 5422 3432 5461 esse
3464 5423 3475 5457 :
3503 5416 3558 5459 ct

1943 5493 2067 5548 hinc
2094 5510 2228 5564 agon
2259 5495 2629 5566 gravissimus.
2663 5493 3028 5562 Deducebant,
3065 5497 3240 5568 inquit
3265 5541 3277 5561 ,
3312 5499 3459 5551 illum
3486 5498 3555 5550 ad

1943 5602 2144 5641 navem.
2173 5586 2264 5642 Sic
2285 5588 2539 5642 atnabant
2564 5588 2735 5653 illum,
2759 5589 2839 5642 sic
2859 5587 3036 5643 allecti
3059 5605 3182 5660 erga
3204 5590 3355 5643 illum
3378 5599 3558 5644 erant.

1947 5676 2101 5749 (Cap.
2134 5676 2243 5742 2|.)
2282 5679 2333 5732 l.
2366 5678 2494 5734 Cum
2523 5688 2692 5733 autem
2718 5680 2913 5748 factum
2943 5691 3092 5745 esset,
3120 5692 3173 5735 ut
3204 5684 3559 5752 navigaremus

1948 5774 2194 5825 abstracti
2220 5773 2281 5825 ab
2320 5776 2413 5841 eis,
2444 5785 2577 5828 recto
2605 5791 2756 5828 cursu
2785 5777 3010 5829 venimus
3036 5777 3221 5841 Coum,
3255 5788 3300 5829 et
3333 5779 3561 5835 sequenti

1949 5866 2032 5919 die
2075 5863 2349 5932 Rhodum,
2406 5880 2453 5921 et
2507 5868 2627 5921 inde
2674 5867 2941 5923 Pataram.
2984 5868 3039 5923 2.
3074 5868 3143 5922 Et
3193 5871 3395 5923 iuventa
3448 5876 3562 5923 naui

1953 5960 2237 6028 trajicicntr
2260 5962 2311 6014 in
2342 5959 2654 6037 Phanicen,
2682 5979 2740 6016 ea
2766 5978 3039 6016 conscensa
3080 5964 3322 6016 solvimus
3371 5964 3424 6018 '5.
3456 5965 3555 6017 Ubi
