4076 6494
576 427 677 482 315

573 549 739 591 autem
766 534 1004 607 apparuit
1031 530 1250 601 Cyprus,
1285 531 1455 584 relicta
1482 525 1573 581 illa
1597 522 1663 576 ad
1689 522 1967 584 sinistram,
2000 517 2143 571 navi-

576 648 751 702 gamus
776 630 826 682 in
855 627 1061 697 Syriam
1080 666 1095 691 ,
1128 636 1174 677 et
1201 624 1424 677 venimus
1460 617 1672 690 Tyrum.
1706 613 1837 668 Vide
1865 631 1878 665 :
1909 610 2053 666 venit
2096 610 2148 663 in

576 722 815 792 Lyciam,
848 726 902 772 et
949 714 1219 785 trajiciens
1250 714 1301 766 in
1334 710 1619 767 Phcenicen
1641 748 1658 772 ,
1706 705 1891 761 relicta
1938 703 2144 772 Cypro,

576 814 772 883 'l'yrnm
832 808 1131 877 navigavit;
1177 818 1301 859 nam
1332 802 1437 857 illic
1466 800 1615 853 navis
1643 793 1982 852 exoneranda
2009 800 2147 847 erat.

577 904 700 957 llaec
742 916 902 955 causa
944 899 1043 953 fuit
1071 914 1166 951 cur
1194 895 1394 966 Tyrum
1433 893 1589 947 irent.
1621 890 1673 943 ι.
1718 885 1941 941 Inventis
1982 892 2150 935 autem

575 992 857 1061 discipulis,
883 991 1157 1043 mansimus
1182 986 1250 1040 ibi
1277 984 1449 1038 diebus
1472 990 1661 1051 septem
1688 996 1707 1033 :
1727 978 1811 1048 qui
1830 975 1993 1031 Paulo
2013 974 2153 1027 dice-

581 1085 701 1137 bant
728 1099 817 1152 per
844 1082 1121 1153 Spiritum,
1152 1093 1213 1130 ne
1237 1074 1525 1130 ascenderet
1558 1070 1952 1139 Jerosolgntam.
1984 1062 2149 1125 Vide,

580 1173 903 1243 prophetam
929 1172 1001 1225 illi
1026 1168 1363 1224 altlictiones.
1394 1162 1674 1219 Provisum
1717 1168 1894 1213 autem
1926 1155 2054 1220 luit,
2099 1161 2154 1205 ut

578 1277 633 1322 et
664 1266 734 1320 illi
762 1264 1001 1319 dicerent
1028 1301 1042 1325 ,
1088 1276 1155 1315 ne
1194 1258 1315 1328 quis
1357 1263 1567 1327 putaret
1609 1252 1725 1307 haec
1760 1249 1953 1305 frustra
1979 1254 2034 1301 et
2067 1246 2151 1315 ja-

585 1358 758 1411 claudi
783 1369 939 1409 causa
958 1353 1176 1408 Paulum
1199 1351 1417 1405 dixisse.
1439 1348 1633 1401 lterum
1662 1351 1839 1398 autem
1866 1341 1971 1394 illic
1997 1353 2157 1392 oran-

584 1463 680 1512 tes,
710 1462 767 1501 sc
792 1456 976 1500 tntttuo
1006 1444 1359 1513 reliquerunt.
1389 1439 1439 1494 5.
1474 1436 1536 1489 Et
1575 1434 1783 1505 expletis
1815 1431 1989 1483 diebus
2033 1441 2155 1497 pro-

583 1541 699 1609 fecti
737 1539 931 1593 ibamus
955 1578 969 1602 ,
1002 1533 1360 1589 deducentibus
1386 1546 1477 1585 nos
1501 1528 1730 1581 omnibus
1766 1540 1878 1577 cum
1916 1522 2157 1575 uxoribus

578 1649 625 1684 et
647 1630 766 1699 [iliis
793 1645 949 1699 usque
973 1631 1112 1699 foras
1141 1625 1385 1678 civitatem
1412 1637 1430 1676 :
1462 1629 1509 1674 et
1537 1616 1712 1687 positis
1743 1616 1794 1669 in
1827 1615 1992 1667 littore
2016 1610 2158 1682 geni—

578 1723 670 1773 bus
719 1720 987 1772 oravimus.
1032 1717 1084 1771 6.
1140 1714 1206 1768 Et
1265 1729 1380 1765 cum
1446 1708 1848 1778 valefecissemus
1913 1703 2155 1766 invicem,

585 1813 898 1864 ascendimus
928 1809 978 1861 in
1020 1806 1184 1859 navim
1223 1821 1241 1857 :
1274 1802 1353 1856 illi
1380 1817 1494 1855 vero
1536 1799 1793 1853 redierunt
1836 1796 1903 1850 ad
1929 1793 2154 1865 propria.

584 1905 635 1956 7.
669 1903 779 1956 Nos
807 1913 976 1955 autem
1015 1898 1333 1970 navigatione
1364 1895 1564 1964 expleta
1592 1910 1622 1944 a
1650 1890 1784 1960 Tyro
1812 1888 2159 1942 descendimus

586 1995 952 2049 Ptolemaidem
972 2012 989 2059 ,'
1016 2002 1064 2047 et
1087 1990 1317 2047 salutatis
1343 1987 1606 2060 fratribus,
1634 1985 1910 2037 mansimus
1935 1982 2017 2033 die
2059 1996 2160 2032 uno

586 2088 724 2154 apud
745 2086 880 2139 illos.
913 2085 967 2141 8.
996 2082 1237 2155 Sequenti
1268 2096 1380 2133 vero
1406 2078 1488 2131 die
1511 2076 1723 2146 profecti
1750 2074 1971 2127 venimus
1996 2070 2161 2125 (Σανδα-

586 2194 746 2244 ream,
790 2186 836 2229 et
864 2174 1078 2243 ingressi
1110 2175 1161 2226 in
1189 2171 1392 2225 domum
1432 2166 1663 2236 Philippi
1689 2164 2009 2233 evangelista:
2028 2204 2042 2227 ,
2076 2161 2160 2229 qui

588 2279 693 2321 erat
713 2284 841 2322 unus
867 2283 929 2322 ea:
955 2275 1163 2336 septem,
1183 2262 1460 2317 mansimus
1482 2261 1621 2329 apud
1642 2258 1804 2311 illum.
1838 2257 2158 2319 Caesaream,

592 2359 781 2427 inquit,
813 2357 1108 2419 venientes,
1140 2354 1276 2423 apud
1307 2351 1631 2420 Philippum,
1666 2347 1752 2418 qui
1783 2356 1901 2401 erat
1924 2361 2058 2399 unus
2097 2360 2163 2399 ex

585 2458 817 2517 septem,
841 2447 1155 2502 mansimus.
1180 2443 1232 2499 9.
1267 2442 1402 2495 Huic
1428 2450 1595 2494 autem
1621 2448 1761 2491 erant
1798 2446 2012 2507 quatuor
2040 2435 2165 2504 filia:

590 2540 969 2608 prop/tetantes.
1009 2537 1111 2592 Sed
1158 2550 1263 2589 non
1306 2532 1423 2587 ista:
1468 2530 1763 2601 praedicunt
1804 2527 1967 2582 Paulo
1991 2568 2005 2591 ,
2040 2526 2165 2579 licet

590 2632 990 2701 prophetarent,
1022 2630 1117 2683 sed
1143 2628 1353 2697 Agabus
1384 2642 1396 2677 :
1428 2632 1484 2680 et
1508 2622 1776 2693 quomodo
1808 2620 1951 2675 audi.
1982 2618 2069 2674 10.
2099 2616 2163 2670 Et

588 2740 701 2774 cum
733 2737 1043 2775 maneremus
1068 2736 1156 2789 per
1190 2719 1295 2771 dies
1334 2717 1558 2785 aliquot,
1587 2714 1715 2767 venit
1745 2729 1775 2764 a
1811 2711 1995 2765 Judaza
2040 2726 2162 2777 pro—

590 2819 737 2886 pheta
758 2858 773 2882 ,
819 2816 1018 2868 nomine
1066 2811 1265 2881 Agabus
1296 2826 1312 2862 :
1346 2810 1430 2863 ll.
1463 2819 1508 2861 et
1540 2822 1652 2859 cum
1694 2807 1903 2859 venisset
1930 2805 1997 2856 ad
2042 2818 2163 2867 nos,

589 2911 700 2961 tulit
728 2922 905 2959 zonam
929 2904 1114 2957 Pauli:
1132 2912 1179 2956 et
1198 2902 1412 2973 alligem
1434 2899 1527 2953 sibi
1552 2900 1702 2967 pedes
1720 2908 1765 2951 et
1782 2914 1977 2962 manus,
2003 2898 2167 2949 dixit:

593 3001 717 3053 lleec
742 3000 862 3052 dicit
892 2997 1112 3066 Spiritus
1135 3005 1337 3049 sanctus
1361 3010 1378 3047 :
1410 2991 1603 3059 Virum,
1625 2992 1767 3061 cujus
1787 3000 1860 3044 est
1883 3006 2011 3043 zona
2036 2991 2162 3056 liter,

596 3096 665 3144 sic
692 3088 972 3160 alligabunt
1002 3088 1052 3141 in
1077 3084 1361 3140 Jerusalem
1386 3082 1579 3147 Iudici,
1612 3093 1657 3135 et
1689 3082 1885 3134 tradent
1905 3082 1955 3134 in
1988 3097 2165 3134 manus

589 3184 827 3249 gentium.
846 3179 944 3246 Qui
967 3178 1094 3231 olim
1116 3176 1307 3230 famem
1336 3174 1675 3244 praedixerat,
1693 3173 1779 3226 hic
1804 3174 1878 3225 ait
1907 3189 1919 3224 :
1962 3171 2162 3235 Virum,

592 3273 736 3339 cujus
776 3280 847 3323 est
892 3286 1022 3323 zona
1065 3268 1202 3333 hac,
1240 3267 1312 3321 sic
1353 3266 1651 3335 alligabunt.
1697 3264 1848 3331 Quod
1895 3266 2167 3335 propheta:

593 3362 855 3414 faciebant
874 3402 887 3425 ,
918 3360 1087 3414 oculis
1126 3358 1301 3413 futura
1332 3357 1692 3413 describentes
1721 3399 1734 3424 ,
1757 3372 1878 3412 cum
1908 3356 1976 3412 de
2001 3358 2168 3426 capti-

593 3454 751 3504 vitate
773 3452 1021 3506 dicebant
1048 3463 1103 3505 ut
1129 3449 1372 3504 Ezechiel
1400 3468 1413 3502 :
1446 3452 1544 3504 hoc
1566 3458 1620 3504 et
1646 3449 1745 3503 iste
1767 3448 1909 3504 fecit.
1940 3449 2000 3503 Et
2026 3448 2167 3517 quod

592 3560 749 3610 grave
780 3554 893 3599 erat
918 3561 931 3597 :
963 3543 1028 3598 In
1062 3560 1241 3598 manus
1264 3542 1486 3613 gentium
1517 3543 1735 3594 tradent.
1770 3541 1856 3594 12.
1885 3542 2033 3608 Quod
2056 3558 2169 3594 cum

599 3637 911 3689 audissemus
929 3677 942 3698 ,
976 3635 1279 3705 rogabamus
1307 3649 1397 3686 nos
1424 3641 1471 3686 et
1498 3633 1583 3703 qui
1614 3631 1710 3685 loci
1739 3631 1877 3685 illius
1906 3641 2075 3693 erant,
2109 3648 2171 3684 ne

594 3728 877 3779 ascenderet
907 3726 1296 3795 Jerosolymam.
1334 3725 1395 3778 Et
1425 3724 1572 3777 multi
1606 3723 1846 3784 orabant.
1880 3738 1946 3778 ne
1973 3723 2164 3787 abiret,

595 3834 762 3885 neque
788 3818 865 3871 sic
891 3816 1109 3870 audivit.
1156 3817 1241 3870 i5.
1278 3814 1557 3883 Respondit
1584 3831 1698 3868 vero
1725 3814 1921 3869 Paulus
1964 3832 1980 3868 :
2033 3814 2169 3881 Quid

600 3910 767 3977 tacitis
794 3908 967 3973 ﬂentes
997 3916 1041 3959 et
1082 3906 1350 3974 aﬂligentes
1375 3922 1463 3958 cor
1491 3905 1696 3957 meum?
1738 3904 1845 3973 Ego
1888 3904 2018 3956 enim
2070 3920 2169 3956 non

595 4001 757 4051 solum
787 3999 1022 4067 alligari,
1076 3997 1162 4049 sed
1202 3998 1353 4049 etiam
1393 3998 1519 4050 mori
1550 3998 1600 4049 in
1628 3995 1915 4050 Jerusalem
1964 4008 2170 4065 paratus

593 4109 700 4143 sum
729 4106 819 4158 pro
849 4091 1049 4143 nomine
1075 4088 1283 4143 Domini
1311 4088 1456 4144 Jesu.
1490 4090 1577 4143 H.
1612 4088 1675 4141 Et
1717 4105 1831 4141 cum
1870 4089 1913 4141 ei
1958 4088 2170 4142 suadere

595 4199 695 4233 non
737 4197 992 4249 possemus
1016 4221 1033 4244 ,
1076 4180 1352 4250 quievimus
1378 4180 1598 4234 dicentes
1625 4196 1641 4235 :
1674 4178 1919 4235 Voluntas
1963 4178 2169 4233 Domini

592 4277 704 4341 ﬁat.

662 4366 715 4417 ‘2.
764 4365 960 4419 Vides?
1000 4366 1067 4422 Ut
1092 4382 1157 4421 ne
1180 4366 1402 4422 audiens
1419 4377 1569 4437 putes
1596 4383 1658 4423 ex
1692 4353 2012 4423 necessitate
2039 4370 2169 4425 illud

594 4472 734 4519 esse,
766 4457 1020 4525 Alligatus
1048 4456 1245 4526 Spiritu
1273 4460 1399 4512 vado
1422 4478 1440 4523 ;
1469 4475 1606 4515 neve
1637 4462 1809 4530 ipsum
1840 4462 2168 4531 ignorantem

596 4546 844 4601 incidisse
873 4546 1093 4611 credas;
1128 4548 1245 4602 ideo
1274 4549 1387 4603 haec
1428 4550 1805 4618 przcdicuntur.
1842 4554 1909 4605 At
1956 4552 2025 4605 illi
2054 4556 2169 4623 qui-

592 4636 714 4691 dem
746 4637 938 4691 flebant
968 4652 981 4701 ;
1016 4636 1105 4690 hic
1135 4652 1259 4692 vero
1290 4638 1663 4693 consolabatur
1686 4641 1874 4695 dolens
1900 4644 1965 4696 de
1994 4643 2169 4714 lacry-

595 4729 694 4781 mis
733 4744 940 4782 eorum.
989 4727 1126 4793 Quid
1163 4730 1351 4798 facitis,
1386 4730 1576 4799 inquit,
1607 4732 1784 4799 [lentes
1816 4740 1857 4783 et
1902 4734 2171 4805 amigentes

596 4838 680 4872 cor
709 4838 873 4874 meum
904 4823 927 4874 ἴ)
953 4820 1094 4875 Nihil
1137 4820 1300 4875 Paulo
1327 4822 1588 4875 amantius
1620 4838 1633 4874 :
1666 4826 1787 4892 quia
1819 4822 2172 4894 lacrymantes

595 4914 808 4969 videbat
830 4957 843 4979 ,
873 4914 1119 4981 dolebat,
1151 4916 1237 4984 qui
1270 4916 1320 4968 in
1363 4916 1590 4985 prepriis
1621 4917 1997 4971 tentationibus
2041 4918 2171 4971 nihil

598 5005 911 5073 patiebatur.
936 5005 1017 5059 Me
1058 5006 1109 5060 in
1150 5006 1251 5061 hoc
1278 5006 1467 5060 Leditis
1492 5047 1506 5073 ,
1538 5008 1740 5076 inquit:
1778 5008 2030 5077 numquid
2074 5024 2172 5078 ego

596 5094 800 5147 doleo?
830 5093 978 5149 Tunc
1008 5096 1324 5163 quieverunt
1349 5138 1363 5161 ,
1392 5096 1602 5163 quando
1636 5096 1768 5151 dixit
1794 5114 1804 5149 :
1844 5099 1979 5164 Quid
2007 5101 2172 5168 facitis

595 5186 865 5254 amigentes
894 5202 981 5238 cor
1012 5187 1219 5239 meum?
1248 5186 1417 5256 Super
1449 5188 1594 5242 vobis
1626 5190 1808 5258 ploro,
1839 5192 2027 5259 inquit,
2063 5207 2166 5244 non

597 5292 755 5344 super
788 5277 1121 5345 passionibus
1168 5279 1301 5331 meis
1336 5297 1346 5329 :
1383 5295 1473 5347 pro
1507 5278 1609 5333 illis
1639 5282 1799 5333 etiam
1846 5281 1978 5333 mori
2027 5283 2168 5334 volo.

597 5371 700 5424 Sed
728 5386 884 5438 supra
926 5372 1065 5425 dicta
1099 5382 1417 5440 repetamus.
1450 5372 1721 5441 Argentum
1762 5375 1836 5426 vel
1876 5391 2055 5425 aurum
2098 5376 2172 5427 vel

596 5473 777 5514 vestem
808 5464 997 5517 nullius
1023 5464 1286 5531 concupiui
1310 5505 1327 5529 ,
1360 5464 1526 5532 inquit
1556 5480 1569 5517 :
1598 5479 1681 5517 vos
1720 5466 1892 5527 scitis,
1924 5464 2041 5533 quia
2080 5482 2170 5518 ne-

595 5552 907 5605 cessitatibus
937 5561 1057 5607 mets
1083 5564 1129 5607 et
1156 5555 1237 5620 iis,
1270 5555 1355 5623 qui
1380 5571 1571 5606 mecum
1597 5564 1731 5618 sunt,
1766 5557 2172 5609 ministraverunt

600 5659 779 5695 manus
801 5643 926 5697 istte.
957 5644 1070 5697 Non
1102 5661 1226 5713 ergo
1246 5644 1485 5698 Corinthi
1516 5654 1716 5698 tantum
1759 5645 1856 5701 hoc
1885 5646 2121 5701 fecerunt
2152 5687 2167 5711 ,

597 5735 683 5803 qui
715 5737 1129 5803 corrumpebant
1155 5736 1459 5804 discipulos,
1483 5737 1574 5792 sed
1606 5740 1761 5791 etiam
1787 5738 1836 5791 in
1869 5739 2013 5793 Asia.
2038 5738 2173 5792 Nus-

596 5842 753 5895 quam
802 5828 901 5881 hoc
950 5828 1192 5896 Ephesiis
1240 5831 1577 5900 improperat.
1624 5830 1844 5898 Quare?
1887 5831 2022 5901 Quia
2065 5847 2170 5886 non

1210 418 1266 473 S.
1307 412 1583 473 JOANNIS
1618 406 2093 467 CIIRYSOSTOMI
2133 402 2448 459 ARCIIIEI’.
2492 397 3026 455 CUNSTANTINOP.

3736 393 3838 447 316

2262 514 2442 567 incidit
2475 512 2526 565 in
2565 510 2958 564 necessitatem.
3000 506 3101 561 Sed
3133 515 3185 560 et
3206 503 3496 559 Corinthiis
3524 503 3690 559 dicit:
3719 503 3840 558 Non

2256 604 2472 674 infracta
2499 610 2571 655 est
2596 600 2831 672 gloriatio
2860 614 2968 651 mea
2995 600 3046 651 in
3068 595 3354 666 regionibus
3384 596 3593 647 Achaia.-
3618 596 3692 661 (2.
3720 598 3841 648 Cor.

2260 697 2344 749 tt.
2378 695 2443 747 lli
2467 691 2506 763 ).
2538 691 2646 746 Nec
2669 690 2826 755 dixit,
2842 688 2958 744 Non
2987 688 3209 743 dedistis
3234 686 3394 751 mihi;
3425 686 3539 746 sed,
3566 687 3847 756 Argentum

2258 788 2333 839 vel
2355 802 2537 837 aurum
2566 784 2643 838 vel
2682 792 2863 837 vestem
2902 798 3003 833 non
3047 779 3347 847 concupiui;
3391 793 3457 832 ne
3487 776 3764 831 videretur
3790 778 3845 829 id

2258 892 2375 932 esse
2404 892 2489 941 eo,
2514 874 2655 943 quod
2687 875 2760 927 illi
2792 888 2897 926 non
2920 872 3217 927 dedissent.
3242 870 3425 939 Neque
3452 868 3605 931 dixit,
3639 866 3848 920 Nullius

2258 968 2533 1037 concup'ni
2564 964 2903 1028 necessaria;
2936 972 2993 1016 ut
3020 978 3086 1017 ne
3116 961 3389 1015 videretur
3419 960 3690 1014 accusatio
3723 959 3844 1010 illo-

2259 1075 2375 1113 rum
2397 1074 2515 1113 esse
2538 1075 2553 1116 ;
2584 1056 2678 1111 sed
2708 1055 2836 1110 illud
2863 1053 3185 1118 subindicat,
3217 1068 3278 1107 se
3296 1053 3417 1122 jure
3439 1068 3544 1108 non
3568 1051 3846 1119 accepisse

2258 1151 2346 1219 qui
2383 1159 2435 1203 et
2465 1150 2598 1202 alios
2628 1146 2875 1200 nutriret.
2907 1144 3040 1197 Vide
3067 1158 3225 1213 quam
3265 1143 3504 1197 studiose
3532 1152 3850 1211 Operaretor

2260 1252 2415 1297 nocte
2440 1250 2493 1294 et
2522 1241 2609 1294 die
2635 1239 2947 1309 colloquens
2971 1252 3092 1290 cum
3138 1235 3390 1305 lacrymis
3421 1277 3436 1301 ,
3467 1236 3710 1305 singulos
3750 1236 3846 1287 atl-

2262 1349 2501 1388 monens.
2526 1333 2709 1386 Omnia
2731 1332 2925 1385 ostendi
2948 1330 3104 1396 vobis,
3130 1330 3321 1397 inquit,
3351 1328 3589 1397 quoniam
3610 1329 3684 1380 sic
3708 1328 3850 1381 labo-

2260 1438 2428 1481 rantes
2456 1436 2650 1495 oportet
2688 1425 2945 1491 suscipere
2986 1423 3237 1490 inﬁrmos.
3283 1422 3393 1474 lloc
3421 1435 3542 1473 cum
3572 1420 3799 1474 dixisset
3831 1461 3848 1484 ,

2263 1521 2451 1574 iterum
2482 1520 2722 1571 timorem
2750 1513 2987 1569 incussit.
3014 1512 3126 1568 Hoc
3144 1522 3321 1566 autem
3347 1511 3543 1566 indicat
3565 1530 3579 1563 :
3603 1509 3721 1564 Non
3751 1526 3850 1580 po-

2263 1612 2412 1666 testis
2430 1611 2495 1664 ad
2518 1609 2869 1679 ignorantiam
2897 1606 3188 1674 confugere
3215 1622 3228 1656 :
3256 1604 3508 1674 operibus
3536 1602 3748 1658 ostendi
3772 1603 3849 1656 sie

2264 1716 2513 1774 oprrlere
2529 1702 2790 1757 laborare.
2812 1701 2919 1755 Nec
2937 1699 3075 1754 dixit
3092 1698 3287 1753 malum
3300 1711 3419 1751 esse
3435 1697 3711 1767 accipere;
3730 1696 3849 1759 sed,

2265 1797 2454 1851 melius
2484 1811 2604 1849 esse
2635 1811 2741 1848 non
2773 1793 3037 1861 accipere.
3068 1790 3320 1843 Memores
3350 1805 3475 1851 esse,
3512 1789 3707 1858 inquit,
3739 1804 3852 1841 scr—

2266 1889 2424 1942 monis
2444 1886 2652 1941 Domini
2673 1928 2686 1951 ,
2714 1902 2861 1953 quem
2883 1884 3011 1936 dixit
3034 1899 3052 1936 :
3085 1881 3286 1936 Beatius
3314 1891 3383 1935 est
3410 1881 3551 1947 dare,
3584 1898 3738 1949 quant
3764 1898 3853 1934 ac-

2264 1980 2445 2053 cipere.
2480 1978 2543 2032 Et
2580 1977 2792 2031 ubinam
2819 1975 2995 2029 dixit?
3023 1973 3182 2029 Forte
3218 1973 3344 2027 illud
3374 1974 3488 2027 sine
3518 1974 3721 2043 scripto
3744 1983 3854 2027 trao

2264 2072 2513 2126 diderunt
2557 2068 2826 2141 apostoli;
2860 2069 2940 2121 vel
2984 2082 3048 2121 ex
3079 2066 3197 2120 aliis
3224 2067 3343 2136 quis
3369 2066 3623 2136 colligere
3660 2068 3847 2135 possit.

2268 2164 2475 2219 Etenim
2505 2162 2737 2218 ostendit
2793 2160 3038 2214 liduciam
3073 2159 3123 2213 in
3169 2158 3422 2229 periculis
3448 2198 3463 2223 ,
3505 2160 3856 2212 commisera-

2268 2258 2463 2313 tionem
2491 2272 2617 2326 erga
2648 2254 2910 2318 subditos,
2940 2252 3236 2307 doctrinam
3262 2266 3385 2306 cum
3410 2250 3661 2321 loquendi
3693 2246 3857 2305 liber-

2270 2357 2395 2412 tate,
2432 2347 2808 2411 humilitatem,
2840 2354 3205 2415 paupertatem
3234 2360 3248 2395 :
3282 2342 3382 2396 hoc
3411 2352 3587 2396 autem
3614 2350 3699 2395 est
3727 2356 3858 2410 pau-

2269 2451 2472 2511 pet-tate
2508 2442 2699 2509 majus.
2732 2438 2861 2494 Nam
2890 2440 2930 2491 si
2963 2438 3071 2491 illic
3103 2436 3207 2502 ait,
3248 2434 3420 2488 Vende
3457 2451 3569 2505 qua:
3597 2434 3772 2497 habes,
3815 2433 3858 2485 si

2268 2535 2339 2587 vis
2378 2538 2625 2603 perfectus
2672 2548 2779 2587 esse
2818 2530 3030 2601 (Matth.
3072 2528 3157 2583 l9.
3186 2528 3282 2596 21)
3319 2543 3332 2580 ;
3374 2544 3495 2582 cum
3542 2543 3647 2581 non
3696 2526 3858 2580 modo

2268 2625 2399 2679 nihil
2442 2626 2687 2693 accipiat,
2717 2622 2809 2677 sed
2846 2621 3006 2676 etiam
3036 2620 3169 2673 alios
3201 2619 3438 2684 nutriat,
3468 2616 3595 2687 quid
3622 2618 3746 2670 huic
3780 2618 3854 2670 rei

2269 2716 2648 2770 conferendum
2667 2715 2689 2768 τ
2711 2714 2922 2769 Primus
2941 2712 3136 2782 gradus
3158 2711 3317 2780 igitur
3337 2718 3439 2772 est,
3464 2724 3555 2763 sua
3584 2709 3854 2777 abjiccre;

2270 2808 2532 2863 secundus
2555 2850 2569 2872 ,
2598 2806 2701 2861 sibi
2725 2804 2973 2860 sufficere
3000 2822 3013 2868 ;
3043 2804 3251 2868 tertius,
3272 2802 3390 2855 aliis
3415 2816 3627 2871 quoque
3651 2818 3665 2865 ;
3696 2817 3856 2870 quar-

2272 2911 2373 2965 tns,
2409 2900 2783 2970 prmdicantem
2817 2909 2869 2951 et
2900 2906 3218 2967 potestatem
3241 2895 3537 2965 accipiendi
3570 2896 3853 2950 habentem

2271 2994 2400 3047 nihil
2429 2994 2692 3062 accipere.
2732 2992 2911 3061 Itaque
2967 2990 3030 3043 iis
3057 3030 3069 3053 ,
3116 2990 3204 3059 qui
3250 2988 3378 3042 nihil
3421 2988 3720 3053 haberent,
3772 2990 3855 3043 hic

2270 3086 2437 3140 multo
2468 3086 2657 3139 melior
2684 3094 2818 3139 erat.
2858 3085 2933 3137 Ac
2964 3090 3109 3137 recte
3135 3082 3309 3147 dixit,
3344 3080 3435 3135 Sic
3469 3091 3665 3151 Oportet
3698 3083 3851 3135 susci-

2272 3194 2387 3249 pere
2424 3177 2675 3245 inﬁrmos.
2730 3176 2841 3231 Hoc
2882 3176 3023 3231 enim
3073 3182 3157 3229 est
3204 3174 3687 3230 commiserationis
3732 3188 3853 3243 erga

2273 3270 2533 3335 infirmos,
2562 3286 2628 3326 ex
2661 3270 2890 3339 propriis
2918 3270 3044 3325 dare
3071 3269 3374 3333 laboribus;
3404 3283 3469 3323 ex
3496 3267 3687 3321 alienis
3710 3283 3851 3329 vero.

2273 3376 2378 3417 non
2412 3361 2572 3416 modo
2613 3376 2717 3414 non
2760 3360 2955 3415 bonum
2981 3402 2995 3425 ,
3030 3358 3122 3415 sed
3170 3358 3330 3413 etiam
3375 3358 3756 3429 periculosum.
3790 3356 3856 3411 Et

2272 3452 2650 3522 procumbentes
2686 3468 2841 3520 super
2888 3452 3072 3504 collum
3112 3451 3243 3521 ejus,
3285 3450 3471 3519 inquit,
3504 3450 3711 3518 ﬂebant.
3746 3449 3855 3504 Hoc

2275 3545 2484 3598 illorum
2517 3558 2639 3613 erga
2672 3542 2847 3612 ipsum
2878 3541 3125 3595 an‘cctum
3159 3539 3495 3601 ostendebat.
3527 3538 3855 3593 Procumbe-

2276 3638 2399 3690 baut
2420 3645 2596 3690 autem
2626 3636 2677 3689 in
2696 3634 2915 3699 collum,
2943 3642 3121 3701 utpote
3146 3631 3235 3701 qui
3260 3640 3557 3700 postremos
3578 3631 3858 3699 amplexus

2274 3725 2498 3787 darent,
2529 3736 2581 3779 et
2621 3725 2839 3779 multam
2872 3738 2935 3776 ex
2978 3723 3237 3776 concione
3261 3720 3607 3775 dilectionem
3651 3721 3862 3774 hausis-

2274 3816 2783 3871 sentetamicitiam.
2816 3815 2944 3867 Nam
2972 3815 3017 3868 si
3042 3828 3159 3876 nos,
3185 3828 3304 3867 cum
3333 3813 3491 3883 vulgo
3511 3812 3859 3878 discedimus,

2276 3910 2693 3978 ingemiscimus,
2723 3906 2822 3961 etsi
2850 3910 3083 3959 sciamus
3127 3920 3223 3959 nos
3255 3906 3446 3959 iterum
3474 3913 3855 3967 conventuros,

2275 4000 2542 4071 quomodo
2574 4000 2643 4054 illi
2680 4015 2784 4053 non
2830 3998 2947 4053 sine
2974 3997 3173 4052 doloris
3199 3998 3388 4053 affectu
3430 4013 3459 4051 a
3491 3997 3657 4053 Paulo
3691 3999 3862 4052 avulsi

2279 4095 2516 4147 fuissent.
2546 4093 2655 4161 Ego
2679 4091 2896 4147 Paulum
2926 4104 3137 4160 quoque
3169 4090 3380 4145 flevisse
3409 4098 3555 4159 puto.
3584 4091 3860 4156 Abstracti,

2278 4187 2462 4255 inquit.
2498 4186 2818 4241 Violentiam
2848 4194 3132 4249 monstrat,
3165 4200 3285 4239 cum
3323 4184 3453 4240 dicit
3477 4228 3490 4247 ,
3523 4186 3777 4240 Abstracti
3799 4187 3863 4241 ab

2276 4274 2364 4325 eis.
2404 4271 2469 4326 Et
2494 4271 2685 4325 merito
2713 4286 2728 4333 ;
2760 4270 2810 4323 in
2858 4270 3032 4322 navim
3065 4269 3206 4322 enim
3236 4270 3311 4323 illi
3339 4269 3705 4323 conscendere
3752 4287 3861 4325 non

2277 4371 2539 4432 poterant.
2569 4361 2704 4429 Quid
2731 4370 2833 4426 est,
2869 4359 3023 4413 Recto
3050 4376 3197 4412 cursu
3227 4362 3450 4414 venimus
3478 4361 3529 4413 in
3555 4359 3714 4412 Count
3741 4362 3766 4414 2
3787 4365 3863 4417 Α(-

2274 4458 2321 4511 si
2346 4456 2565 4519 diceret,
2589 4455 2701 4507 Non
2724 4454 3085 4516 circuivimus,
3109 4468 3279 4520 neque
3305 4453 3423 4506 aliis
3454 4453 3503 4505 in
3528 4453 3661 4507 locis
3683 4469 3863 4507 moras

2279 4550 2554 4605 traximus.
2586 4548 2827 4616 Sequenti
2855 4562 2969 4599 vero
3003 4547 3083 4599 die
3110 4545 3368 4600 Rhodum.

2355 4640 2821 4711 Peregrinationum
2871 4639 3021 4691 Pauli
3061 4638 3307 4692 recensio.
3332 4669 3400 4678 —
3428 4637 3561 4693 Vide
3606 4638 3865 4693 festinan-

2280 4744 2404 4786 tem.
2449 4730 2517 4784 Et
2560 4734 2756 4783 inventa
2797 4730 2911 4782 navi
2940 4730 3218 4798 trajiciente
3260 4730 3313 4782 in
3365 4727 3655 4783 Phamicen.
3702 4730 3865 4785 Forte

2280 4827 2427 4880 navis
2458 4825 2562 4879 illic
2591 4835 2713 4877 tunc
2742 4833 2857 4877 erat
2884 4863 2900 4889 ,
2933 4830 2987 4876 et
3016 4822 3066 4875 in
3094 4836 3214 4875 eam
3255 4821 3683 4876 conscenderunt
3710 4864 3724 4883 .
3755 4839 3863 4876 non

2281 4922 2491 4973 inventa
2521 4918 2642 4981 alia,
2672 4932 2790 4984 quae
2817 4917 2919 4968 iret
2938 4914 3261 4969 Caesaream.
3298 4912 3393 4969 Ubi
3420 4924 3589 4967 autem
3618 4918 3862 4984 apparuit

2281 5009 2478 5079 Cyprus
2498 5049 2513 5073 ,
2560 5009 2733 5061 relicta
2760 5007 2852 5059 illa
2878 5006 2943 5057 ad
2967 5006 3249 5058 sinistram.
3282 5005 3390 5060 lloc
3427 5022 3531 5060 non
3556 5007 3670 5060 sine
3698 5022 3863 5061 causa

2278 5103 2474 5155 dictum
2502 5110 2603 5166 est,
2637 5100 2729 5155 sed
2761 5109 2815 5153 ut
2838 5098 3165 5162 ostenderet,
3192 5114 3257 5152 ne
3287 5114 3449 5169 prope
3473 5100 3688 5168 quidem
3718 5101 3864 5154 illaut

2280 5193 2533 5247 accedere
2554 5193 2785 5245 voluisse
2806 5233 2820 5255 ,
2853 5204 2973 5243 cmn
3006 5199 3149 5243 recto
3174 5205 3329 5244 cursu
3359 5192 3409 5243 in
3440 5190 3648 5261 Syriam
3678 5206 3869 5260 perge-

2282 5294 2398 5336 rent
2429 5301 2441 5337 :
2476 5283 2543 5336 ita
2573 5297 2765 5350 nempe
2802 5279 3103 5334 festinabat.
3137 5280 3338 5334 Deinde
3379 5278 3618 5333 Venimus
3646 5280 3866 5349 Tyrum,

2283 5374 2472 5445 inquit;
2500 5375 2809 5441 inventisque
2832 5374 3112 5443 discipulis,
3148 5375 3423 5426 mansimus
3443 5387 3559 5425 cum
3584 5373 3707 5425 illis.
3731 5372 3867 5427 Cum

2282 5476 2457 5521 essent
2506 5481 2669 5534 pr0pe
2712 5464 3096 5535 Jerosolymam
3124 5507 3138 5530 ,
3185 5481 3291 5518 non
3328 5466 3437 5532 jam
3468 5475 3729 5529 currunt,
3770 5464 3868 5519 sed

2282 5558 2438 5611 etiam
2471 5566 2688 5610 manent
2717 5556 2855 5624 apud
2898 5558 3086 5610 fratres
3115 5567 3324 5625 septem
3354 5554 3563 5610 diebus.
3600 5554 3731 5609 Vide
3754 5556 3866 5625 jsm

2281 5648 2395 5702 dies
2435 5655 2733 5702 enumerat.
2783 5647 2910 5701 Post
2955 5650 3154 5718 Azyma
3206 5648 3258 5701 in
3300 5647 3561 5702 Troadem
3601 5656 3871 5703 venerunt

2282 5740 2468 5795 diebus
2512 5742 2791 5811 quinque;
2822 5740 3017 5795 deinde
3061 5740 3129 5793 ibi
3169 5738 3284 5794 dies
3328 5750 3575 5809 septem;
3634 5750 3869 5809 suntque

2285 5830 2396 5887 dies
2430 5831 2711 5886 duodecim
2746 5848 2757 5883 :
2792 5830 2982 5886 deinde
3010 5831 3063 5885 in
3090 5831 3307 5897 Assum,
3334 5830 3638 5902 Mitylenen,
3674 5840 3866 5887 contra
