  <div class='ocr_page' id='page_1' title='image "/cluster/home/n/w/nwhite01/storage/ocr_20150623/60/uva.x004246612/322.png"; bbox 0 0 4070 6498; ppageno 0'>
   <div class='ocr_carea' id='block_1_1' title="bbox 291 464 406 524">
    <p class='ocr_par' dir='ltr' id='par_1_1' title="bbox 291 464 406 524">
     <span class='ocr_line' id='line_1_1' title="bbox 291 464 406 524; baseline 0.035 -4"><span class='ocrx_word' id='word_1_1' title='bbox 291 464 406 524; x_wconf 70' lang='grc'><em>515</em></span> 
     </span>
    </p>
   </div>
   <div class='ocr_carea' id='block_1_2' title="bbox 295 670 1981 752">
    <p class='ocr_par' dir='ltr' id='par_1_2' title="bbox 295 670 1981 752">
     <span class='ocr_line' id='line_1_2' title="bbox 295 670 1981 752; baseline 0.007 -30"><span class='ocrx_word' id='word_1_2' title='bbox 295 670 532 725; x_wconf 79' lang='grc' dir='ltr'><em>σαίνειν</em></span> <span class='ocrx_word' id='word_1_3' title='bbox 550 674 742 728; x_wconf 82' lang='grc' dir='ltr'><em>αὑτὸν</em></span> <span class='ocrx_word' id='word_1_4' title='bbox 786 679 875 742; x_wconf 80' lang='grc' dir='ltr'><em>είς</em></span> <span class='ocrx_word' id='word_1_5' title='bbox 914 677 1332 747; x_wconf 84' lang='grc' dir='ltr'><em>Ἰερουσαλήμ.</em></span> <span class='ocrx_word' id='word_1_6' title='bbox 1369 680 1534 751; x_wconf 80' lang='grc' dir='ltr'><em>Ὅρα.</em></span> <span class='ocrx_word' id='word_1_7' title='bbox 1574 681 1981 752; x_wconf 75' lang='grc' dir='ltr'><em>προφητεύουσι</em></span> 
     </span>
    </p>
   </div>
   <div class='ocr_carea' id='block_1_3' title="bbox 293 760 1975 836">
    <p class='ocr_par' dir='ltr' id='par_1_3' title="bbox 293 760 1975 836">
     <span class='ocr_line' id='line_1_3' title="bbox 293 760 1975 836; baseline 0.006 -26"><span class='ocrx_word' id='word_1_8' title='bbox 293 760 544 812; x_wconf 83' lang='grc' dir='ltr'><em>κάκεῖνοι</em></span> <span class='ocrx_word' id='word_1_9' title='bbox 596 761 696 826; x_wconf 75' lang='grc' dir='ltr'><em>τὰς</em></span> <span class='ocrx_word' id='word_1_10' title='bbox 762 763 989 832; x_wconf 80' lang='grc' dir='ltr'>θλίψεις.</span> <span class='ocrx_word' id='word_1_11' title='bbox 1055 767 1431 836; x_wconf 79' lang='grc' dir='ltr'><em>Οἰκονομεῖται</em></span> <span class='ocrx_word' id='word_1_12' title='bbox 1482 769 1574 821; x_wconf 78' lang='grc' dir='ltr'><em>καὶ</em></span> <span class='ocrx_word' id='word_1_13' title='bbox 1625 770 1691 822; x_wconf 90' lang='grc' dir='ltr'><em>δι’</em></span> <span class='ocrx_word' id='word_1_14' title='bbox 1751 770 1975 822; x_wconf 75' lang='grc' dir='ltr'><em>ἐκείνων</em></span> 
     </span>
    </p>
   </div>
   <div class='ocr_carea' id='block_1_4' title="bbox 294 844 1978 926">
    <p class='ocr_par' dir='ltr' id='par_1_4' title="bbox 294 844 1978 926">
     <span class='ocr_line' id='line_1_4' title="bbox 294 844 1978 926; baseline 0.007 -28"><span class='ocrx_word' id='word_1_15' title='bbox 294 844 577 918; x_wconf 81' lang='grc' dir='ltr'><em>λεχθῆναι,</em></span> <span class='ocrx_word' id='word_1_16' title='bbox 615 850 700 903; x_wconf 84' lang='grc' dir='ltr'><em>ἵνα</em></span> <span class='ocrx_word' id='word_1_17' title='bbox 747 852 822 922; x_wconf 78' lang='grc' dir='ltr'><em>μή</em></span> <span class='ocrx_word' id='word_1_18' title='bbox 855 870 939 916; x_wconf 87' lang='grc' dir='ltr'><em>τις</em></span> <span class='ocrx_word' id='word_1_19' title='bbox 986 853 1186 926; x_wconf 84' lang='grc' dir='ltr'><em>νομίσῃ</em></span> <span class='ocrx_word' id='word_1_20' title='bbox 1231 855 1420 920; x_wconf 85' lang='grc' dir='ltr'><em>άπλῶς</em></span> <span class='ocrx_word' id='word_1_21' title='bbox 1461 856 1632 910; x_wconf 82' lang='grc' dir='ltr'><em>ταῦτα</em></span> <span class='ocrx_word' id='word_1_22' title='bbox 1674 857 1853 926; x_wconf 86' lang='grc' dir='ltr'><em>λέγειν</em></span> <span class='ocrx_word' id='word_1_23' title='bbox 1885 857 1978 911; x_wconf 75' lang='grc' dir='ltr'><em>τὸν</em></span> 
     </span>
    </p>
   </div>
   <div class='ocr_carea' id='block_1_5' title="bbox 295 934 1978 1016">
    <p class='ocr_par' dir='ltr' id='par_1_5' title="bbox 295 934 1978 1016">
     <span class='ocr_line' id='line_1_5' title="bbox 295 934 1978 1016; baseline 0.007 -30"><span class='ocrx_word' id='word_1_24' title='bbox 295 934 514 991; x_wconf 71' lang='grc' dir='ltr'><em>Παῦλον</em></span> <span class='ocrx_word' id='word_1_25' title='bbox 535 938 629 992; x_wconf 82' lang='grc' dir='ltr'><em>καὶ</em></span> <span class='ocrx_word' id='word_1_26' title='bbox 685 940 1012 1009; x_wconf 80' lang='grc' dir='ltr'><em>κομπάζειν,</em></span> <span class='ocrx_word' id='word_1_27' title='bbox 1061 943 1230 997; x_wconf 82' lang='grc' dir='ltr'><em>Πάλιν</em></span> <span class='ocrx_word' id='word_1_28' title='bbox 1283 944 1338 996; x_wconf 84' lang='grc' dir='ltr'><em>δὲ</em></span> <span class='ocrx_word' id='word_1_29' title='bbox 1388 947 1508 998; x_wconf 85' lang='grc' dir='ltr'><em>ἐκεῖ</em></span> <span class='ocrx_word' id='word_1_30' title='bbox 1551 945 1978 1016; x_wconf 81' lang='grc' dir='ltr'><em>προσευχόμενοι</em></span> 
     </span>
    </p>
   </div>
   <div class='ocr_carea' id='block_1_6' title="bbox 293 1021 1980 1102">
    <p class='ocr_par' dir='ltr' id='par_1_6' title="bbox 293 1021 1980 1102">
     <span class='ocr_line' id='line_1_6' title="bbox 293 1021 1980 1102; baseline 0.009 -30"><span class='ocrx_word' id='word_1_31' title='bbox 293 1021 606 1078; x_wconf 75' lang='grc' dir='ltr'><em>διαλύονται</em></span> <span class='ocrx_word' id='word_1_32' title='bbox 644 1026 750 1078; x_wconf 87' lang='grc' dir='ltr'><em>ἀπ’</em></span> <span class='ocrx_word' id='word_1_33' title='bbox 779 1027 1048 1097; x_wconf 75' lang='grc' dir='ltr'><em>ἀλλήλων.</em></span> <span class='ocrx_word' id='word_1_34' title='bbox 1086 1031 1223 1084; x_wconf 86' lang='grc' dir='ltr'><em>Ὅτε</em></span> <span class='ocrx_word' id='word_1_35' title='bbox 1254 1031 1324 1084; x_wconf 80' lang='grc' dir='ltr'><em>δὲ</em></span> <span class='ocrx_word' id='word_1_36' title='bbox 1352 1031 1587 1101; x_wconf 74' lang='grc' dir='ltr'><em>ἐγένετο</em></span> <span class='ocrx_word' id='word_1_37' title='bbox 1629 1032 1790 1102; x_wconf 75' lang='grc' dir='ltr'><em>ἡμᾶς</em></span> <span class='ocrx_word' id='word_1_38' title='bbox 1807 1032 1980 1102; x_wconf 74' lang='grc' dir='ltr'><em>ἐξαρ-</em></span> 
     </span>
    </p>
   </div>
   <div class='ocr_carea' id='block_1_7' title="bbox 293 1109 1976 1192">
    <p class='ocr_par' dir='ltr' id='par_1_7' title="bbox 293 1109 1976 1192">
     <span class='ocr_line' id='line_1_7' title="bbox 293 1109 1976 1192; baseline 0.009 -30"><span class='ocrx_word' id='word_1_39' title='bbox 293 1109 465 1164; x_wconf 87' lang='grc' dir='ltr'><em>τίσαι</em></span> <span class='ocrx_word' id='word_1_40' title='bbox 485 1112 590 1178; x_wconf 87' lang='grc' dir='ltr'><em>τὰς</em></span> <span class='ocrx_word' id='word_1_41' title='bbox 613 1113 838 1182; x_wconf 73' lang='grc' dir='ltr'><em>ἡμέρας</em></span> <span class='ocrx_word' id='word_1_42' title='bbox 855 1155 868 1179; x_wconf 91' lang='grc'><em>,</em></span> <span class='ocrx_word' id='word_1_43' title='bbox 900 1117 1255 1184; x_wconf 75' lang='grc' dir='ltr'><em>ἐξελθόντες</em></span> <span class='ocrx_word' id='word_1_44' title='bbox 1284 1119 1689 1189; x_wconf 78' lang='grc' dir='ltr'><em>ἐπορευόμεθα</em></span> <span class='ocrx_word' id='word_1_45' title='bbox 1717 1133 1976 1192; x_wconf 79' lang='grc' dir='ltr'><em>προπεμ⁸</em></span> 
     </span>
    </p>
   </div>
   <div class='ocr_carea' id='block_1_8' title="bbox 293 1198 1978 1276">
    <p class='ocr_par' dir='ltr' id='par_1_8' title="bbox 293 1198 1978 1276">
     <span class='ocr_line' id='line_1_8' title="bbox 293 1198 1978 1276; baseline 0.009 -28"><span class='ocrx_word' id='word_1_46' title='bbox 293 1198 539 1250; x_wconf 81' lang='grc' dir='ltr'><em>πόντων</em></span> <span class='ocrx_word' id='word_1_47' title='bbox 565 1199 724 1269; x_wconf 74' lang='grc' dir='ltr'><em>ἡμᾶς</em></span> <span class='ocrx_word' id='word_1_48' title='bbox 749 1203 993 1258; x_wconf 86' lang='grc' dir='ltr'><em>πάντων</em></span> <span class='ocrx_word' id='word_1_49' title='bbox 1027 1205 1150 1258; x_wconf 88' lang='grc' dir='ltr'><em>σὺν</em></span> <span class='ocrx_word' id='word_1_50' title='bbox 1188 1207 1427 1275; x_wconf 68' lang='grc' dir='ltr'><em>γυναιξί</em></span> <span class='ocrx_word' id='word_1_51' title='bbox 1461 1208 1560 1261; x_wconf 85' lang='grc' dir='ltr'><em>καί</em></span> <span class='ocrx_word' id='word_1_52' title='bbox 1591 1208 1830 1274; x_wconf 82' lang='grc' dir='ltr'><em>τέκνοις</em></span> <span class='ocrx_word' id='word_1_53' title='bbox 1867 1209 1978 1276; x_wconf 81' lang='grc' dir='ltr'><em>ἕως</em></span> 
     </span>
    </p>
   </div>
   <div class='ocr_carea' id='block_1_9' title="bbox 291 1283 1977 1364">
    <p class='ocr_par' dir='ltr' id='par_1_9' title="bbox 291 1283 1977 1364">
     <span class='ocr_line' id='line_1_9' title="bbox 291 1283 1977 1364; baseline 0.006 -26"><span class='ocrx_word' id='word_1_54' title='bbox 291 1283 416 1348; x_wconf 77' lang='grc' dir='ltr'><em>ἔξω</em></span> <span class='ocrx_word' id='word_1_55' title='bbox 444 1284 555 1354; x_wconf 82' lang='grc' dir='ltr'><em>τῆς</em></span> <span class='ocrx_word' id='word_1_56' title='bbox 608 1291 863 1356; x_wconf 86' lang='grc' dir='ltr'><em>πόλεως,</em></span> <span class='ocrx_word' id='word_1_57' title='bbox 917 1293 1016 1346; x_wconf 89' lang='grc' dir='ltr'><em>καί</em></span> <span class='ocrx_word' id='word_1_58' title='bbox 1073 1292 1280 1361; x_wconf 83' lang='grc' dir='ltr'><em>θέντες</em></span> <span class='ocrx_word' id='word_1_59' title='bbox 1319 1295 1393 1348; x_wconf 82' lang='grc' dir='ltr'><em>τὰ</em></span> <span class='ocrx_word' id='word_1_60' title='bbox 1448 1297 1672 1364; x_wconf 72' lang='grc' dir='ltr'><em>γόνατα</em></span> <span class='ocrx_word' id='word_1_61' title='bbox 1721 1296 1820 1350; x_wconf 73' lang='grc' dir='ltr'><em>ἐπὶ</em></span> <span class='ocrx_word' id='word_1_62' title='bbox 1869 1297 1977 1350; x_wconf 81' lang='grc' dir='ltr'><em>τὸν</em></span> 
     </span>
    </p>
   </div>
   <div class='ocr_carea' id='block_1_10' title="bbox 289 1373 1976 1452">
    <p class='ocr_par' dir='ltr' id='par_1_10' title="bbox 289 1373 1976 1452">
     <span class='ocr_line' id='line_1_10' title="bbox 289 1373 1976 1452; baseline 0.015 -30"><span class='ocrx_word' id='word_1_63' title='bbox 289 1373 600 1438; x_wconf 76' lang='grc' dir='ltr'><em>αἰγιαλὸν,</em></span> <span class='ocrx_word' id='word_1_64' title='bbox 632 1377 1125 1448; x_wconf 75' lang='grc' dir='ltr'><em>προσηυξάμεθα.</em></span> <span class='ocrx_word' id='word_1_65' title='bbox 1170 1382 1282 1435; x_wconf 82' lang='lat' dir='ltr'><em>Kal</em></span> <span class='ocrx_word' id='word_1_66' title='bbox 1333 1381 1758 1452; x_wconf 76' lang='grc' dir='ltr'><em>ἀσπασάμενοι</em></span> <span class='ocrx_word' id='word_1_67' title='bbox 1791 1383 1976 1448; x_wconf 71' lang='grc' dir='ltr'><em>ἀλλή-</em></span> 
     </span>
    </p>
   </div>
   <div class='ocr_carea' id='block_1_11' title="bbox 288 1461 1972 1540">
    <p class='ocr_par' dir='ltr' id='par_1_11' title="bbox 288 1461 1972 1540">
     <span class='ocr_line' id='line_1_11' title="bbox 288 1461 1972 1540; baseline 0.008 -29"><span class='ocrx_word' id='word_1_68' title='bbox 288 1463 468 1525; x_wconf 89' lang='grc' dir='ltr'><em>λους,</em></span> <span class='ocrx_word' id='word_1_69' title='bbox 504 1461 797 1532; x_wconf 81' lang='grc' dir='ltr'><em>ἐνέϐημεν</em></span> <span class='ocrx_word' id='word_1_70' title='bbox 823 1468 909 1531; x_wconf 82' lang='grc' dir='ltr'><em>εις</em></span> <span class='ocrx_word' id='word_1_71' title='bbox 931 1466 997 1519; x_wconf 79' lang='grc' dir='ltr'><em>τὸ</em></span> <span class='ocrx_word' id='word_1_72' title='bbox 1036 1468 1255 1522; x_wconf 83' lang='grc' dir='ltr'><em>πλοῖον</em></span> <span class='ocrx_word' id='word_1_73' title='bbox 1277 1486 1294 1503; x_wconf 78' lang='grc' dir='ltr'><strong><em>ο</em></strong></span> <span class='ocrx_word' id='word_1_74' title='bbox 1318 1470 1540 1524; x_wconf 82' lang='grc' dir='ltr'><em>ἐκεῖνοι</em></span> <span class='ocrx_word' id='word_1_75' title='bbox 1576 1470 1644 1523; x_wconf 82' lang='grc' dir='ltr'><em>δὲ</em></span> <span class='ocrx_word' id='word_1_76' title='bbox 1679 1470 1972 1540; x_wconf 76' lang='grc' dir='ltr'><em>ὑπέστρε-</em></span> 
     </span>
    </p>
   </div>
   <div class='ocr_carea' id='block_1_12' title="bbox 286 1549 1974 1625">
    <p class='ocr_par' dir='ltr' id='par_1_12' title="bbox 286 1549 1974 1625">
     <span class='ocr_line' id='line_1_12' title="bbox 286 1549 1974 1625; baseline 0.009 -27"><span class='ocrx_word' id='word_1_77' title='bbox 286 1549 421 1613; x_wconf 63' lang='grc' dir='ltr'><em>⁴ιίταν</em></span> <span class='ocrx_word' id='word_1_78' title='bbox 449 1550 538 1616; x_wconf 77' lang='grc' dir='ltr'><em>εις</em></span> <span class='ocrx_word' id='word_1_79' title='bbox 575 1551 645 1604; x_wconf 87' lang='grc' dir='ltr'><em>τὰ</em></span> <span class='ocrx_word' id='word_1_80' title='bbox 673 1551 814 1608; x_wconf 80' lang='grc' dir='ltr'><em>[δια.</em></span> <span class='ocrx_word' id='word_1_81' title='bbox 851 1553 1052 1624; x_wconf 81' lang='grc' dir='ltr'><em>Ἡμεῖς</em></span> <span class='ocrx_word' id='word_1_82' title='bbox 1085 1556 1154 1608; x_wconf 83' lang='grc' dir='ltr'><em>δὲ</em></span> <span class='ocrx_word' id='word_1_83' title='bbox 1201 1557 1309 1610; x_wconf 84' lang='grc' dir='ltr'><em>τὸν</em></span> <span class='ocrx_word' id='word_1_84' title='bbox 1343 1558 1546 1612; x_wconf 90' lang='grc' dir='ltr'><em>πλοῦν</em></span> <span class='ocrx_word' id='word_1_85' title='bbox 1572 1558 1974 1625; x_wconf 79' lang='grc' dir='ltr'><em>διανύσαντες</em></span> 
     </span>
    </p>
   </div>
   <div class='ocr_carea' id='block_1_13' title="bbox 285 1634 1973 1717">
    <p class='ocr_par' dir='ltr' id='par_1_13' title="bbox 285 1634 1973 1717">
     <span class='ocr_line' id='line_1_13' title="bbox 285 1634 1973 1717; baseline 0.008 -31"><span class='ocrx_word' id='word_1_86' title='bbox 285 1634 411 1687; x_wconf 78' lang='grc' dir='ltr'><em>ἀπὸ</em></span> <span class='ocrx_word' id='word_1_87' title='bbox 476 1639 684 1706; x_wconf 82' lang='grc' dir='ltr'><em>Τύρου,</em></span> <span class='ocrx_word' id='word_1_88' title='bbox 739 1643 1206 1713; x_wconf 80' lang='grc' dir='ltr'><em>κατηντήσαμεν</em></span> <span class='ocrx_word' id='word_1_89' title='bbox 1254 1647 1342 1712; x_wconf 84' lang='grc' dir='ltr'><em>είς</em></span> <span class='ocrx_word' id='word_1_90' title='bbox 1389 1647 1764 1717; x_wconf 75' lang='grc' dir='ltr'><em>Πτολεμαΐδα</em></span> <span class='ocrx_word' id='word_1_91' title='bbox 1808 1665 1821 1676; x_wconf 94' lang='grc'><strong>·</strong></span> <span class='ocrx_word' id='word_1_92' title='bbox 1873 1647 1973 1701; x_wconf 76' lang='grc' dir='ltr'><em>καὶ</em></span> 
     </span>
    </p>
   </div>
   <div class='ocr_carea' id='block_1_14' title="bbox 284 1722 1974 1805">
    <p class='ocr_par' dir='ltr' id='par_1_14' title="bbox 284 1722 1974 1805">
     <span class='ocr_line' id='line_1_14' title="bbox 284 1722 1974 1805; baseline 0.009 -30"><span class='ocrx_word' id='word_1_93' title='bbox 284 1722 714 1793; x_wconf 76' lang='grc' dir='ltr'><em>ἀσπασάμενοι</em></span> <span class='ocrx_word' id='word_1_94' title='bbox 775 1730 917 1797; x_wconf 87' lang='grc' dir='ltr'><em>τοὺς</em></span> <span class='ocrx_word' id='word_1_95' title='bbox 978 1732 1285 1802; x_wconf 75' lang='grc' dir='ltr'><em>ἀδελφοὺς</em></span> <span class='ocrx_word' id='word_1_96' title='bbox 1309 1776 1324 1800; x_wconf 96' lang='grc'><em>,</em></span> <span class='ocrx_word' id='word_1_97' title='bbox 1375 1735 1698 1804; x_wconf 79' lang='grc' dir='ltr'><em>ἐμείναμεν</em></span> <span class='ocrx_word' id='word_1_98' title='bbox 1741 1735 1974 1805; x_wconf 75' lang='grc' dir='ltr'><em>ἡμέραν</em></span> 
     </span>
    </p>
   </div>
   <div class='ocr_carea' id='block_1_15' title="bbox 277 1811 1966 1892">
    <p class='ocr_par' dir='ltr' id='par_1_15' title="bbox 277 1811 1966 1892">
     <span class='ocr_line' id='line_1_15' title="bbox 277 1811 1966 1892; baseline 0.011 -31"><span class='ocrx_word' id='word_1_99' title='bbox 277 1811 437 1878; x_wconf 84' lang='grc' dir='ltr'><em>μίαν</em></span> <span class='ocrx_word' id='word_1_100' title='bbox 487 1817 635 1882; x_wconf 85' lang='grc' dir='ltr'><em>παρ’</em></span> <span class='ocrx_word' id='word_1_101' title='bbox 697 1817 924 1884; x_wconf 84' lang='grc' dir='ltr'><em>αὐτοῖς.</em></span> <span class='ocrx_word' id='word_1_102' title='bbox 996 1818 1074 1889; x_wconf 75' lang='grc' dir='ltr'><em>Τῇ</em></span> <span class='ocrx_word' id='word_1_103' title='bbox 1121 1820 1190 1873; x_wconf 88' lang='grc' dir='ltr'><em>δὲ</em></span> <span class='ocrx_word' id='word_1_104' title='bbox 1240 1822 1532 1892; x_wconf 75' lang='grc' dir='ltr'><em>ἐπαύριον</em></span> <span class='ocrx_word' id='word_1_105' title='bbox 1586 1823 1966 1892; x_wconf 81' lang='grc' dir='ltr'><em>ἐξελθόντες,</em></span> 
     </span>
    </p>
   </div>
   <div class='ocr_carea' id='block_1_16' title="bbox 286 1898 1973 1980">
    <p class='ocr_par' dir='ltr' id='par_1_16' title="bbox 286 1898 1973 1980">
     <span class='ocr_line' id='line_1_16' title="bbox 286 1898 1973 1980; baseline 0.009 -26"><span class='ocrx_word' id='word_1_106' title='bbox 286 1898 559 1969; x_wconf 78' lang='grc' dir='ltr'><em>ἤλθομεν</em></span> <span class='ocrx_word' id='word_1_107' title='bbox 603 1905 691 1969; x_wconf 83' lang='grc' dir='ltr'><em>είς</em></span> <span class='ocrx_word' id='word_1_108' title='bbox 728 1905 1095 1974; x_wconf 81' lang='grc' dir='ltr'><em>Καισάρειαν</em></span> <span class='ocrx_word' id='word_1_109' title='bbox 1120 1925 1135 1938; x_wconf 86' lang='grc'><strong>·</strong></span> <span class='ocrx_word' id='word_1_110' title='bbox 1164 1910 1264 1962; x_wconf 84' lang='grc' dir='ltr'><em>καί</em></span> <span class='ocrx_word' id='word_1_111' title='bbox 1313 1913 1699 1980; x_wconf 72' lang='grc' dir='ltr'><em>εἰσελθόντες</em></span> <span class='ocrx_word' id='word_1_112' title='bbox 1752 1916 1839 1980; x_wconf 83' lang='grc' dir='ltr'><em>είς</em></span> <span class='ocrx_word' id='word_1_113' title='bbox 1867 1913 1973 1969; x_wconf 85' lang='grc' dir='ltr'><em>τὸν</em></span> 
     </span>
    </p>
   </div>
   <div class='ocr_carea' id='block_1_17' title="bbox 283 1985 1973 2069">
    <p class='ocr_par' dir='ltr' id='par_1_17' title="bbox 283 1985 1973 2069">
     <span class='ocr_line' id='line_1_17' title="bbox 283 1985 1973 2069; baseline 0.01 -28"><span class='ocrx_word' id='word_1_114' title='bbox 283 1985 460 2043; x_wconf 79' lang='grc' dir='ltr'><em>οἶκον</em></span> <span class='ocrx_word' id='word_1_115' title='bbox 505 1994 809 2049; x_wconf 73' lang='grc' dir='ltr'><em>φιλίππου</em></span> <span class='ocrx_word' id='word_1_116' title='bbox 864 1997 969 2050; x_wconf 90' lang='grc' dir='ltr'><em>τοῦ</em></span> <span class='ocrx_word' id='word_1_117' title='bbox 1024 2001 1458 2069; x_wconf 72' lang='grc' dir='ltr'><em>εὐαγγελιστοῦ</em></span> <span class='ocrx_word' id='word_1_118' title='bbox 1513 2002 1690 2069; x_wconf 82' lang='grc' dir='ltr'><em>ὄντος</em></span> <span class='ocrx_word' id='word_1_119' title='bbox 1734 2003 1803 2057; x_wconf 82' lang='grc' dir='ltr'><em>ἐκ</em></span> <span class='ocrx_word' id='word_1_120' title='bbox 1854 2003 1973 2058; x_wconf 89' lang='grc' dir='ltr'><em>τῶν</em></span> 
     </span>
    </p>
   </div>
   <div class='ocr_carea' id='block_1_18' title="bbox 280 2075 1967 2163">
    <p class='ocr_par' dir='ltr' id='par_1_18' title="bbox 280 2075 1967 2163">
     <span class='ocr_line' id='line_1_18' title="bbox 280 2075 1967 2163; baseline 0.01 -35"><span class='ocrx_word' id='word_1_121' title='bbox 280 2075 457 2140; x_wconf 73' lang='grc' dir='ltr'><em>ἑπτὰ,</em></span> <span class='ocrx_word' id='word_1_122' title='bbox 492 2078 813 2152; x_wconf 71' lang='grc' dir='ltr'><em>ἐμείναμεν</em></span> <span class='ocrx_word' id='word_1_123' title='bbox 845 2087 995 2154; x_wconf 72' lang='grc' dir='ltr'><em>παρ’</em></span> <span class='ocrx_word' id='word_1_124' title='bbox 1021 2086 1202 2152; x_wconf 82' lang='grc' dir='ltr'><em>αὐτῷ.</em></span> <span class='ocrx_word' id='word_1_125' title='bbox 1250 2089 1345 2151; x_wconf 78' lang='grc' dir='ltr'><em>Εἰς</em></span> <span class='ocrx_word' id='word_1_126' title='bbox 1381 2090 1743 2161; x_wconf 76' lang='grc' dir='ltr'><em>Καισάρειαν,</em></span> <span class='ocrx_word' id='word_1_127' title='bbox 1776 2094 1967 2163; x_wconf 77' lang='grc' dir='ltr'><em>φησὶν,</em></span> 
     </span>
    </p>
   </div>
   <div class='ocr_carea' id='block_1_19' title="bbox 280 2163 1963 2251">
    <p class='ocr_par' dir='ltr' id='par_1_19' title="bbox 280 2163 1963 2251">
     <span class='ocr_line' id='line_1_19' title="bbox 280 2163 1963 2251; baseline 0.011 -36"><span class='ocrx_word' id='word_1_128' title='bbox 280 2163 556 2230; x_wconf 75' lang='grc' dir='ltr'><em>ἐλθόντες,</em></span> <span class='ocrx_word' id='word_1_129' title='bbox 584 2171 732 2240; x_wconf 89' lang='grc' dir='ltr'><em>παρά</em></span> <span class='ocrx_word' id='word_1_130' title='bbox 767 2172 1024 2243; x_wconf 81' lang='grc' dir='ltr'><em>Φιλίππῳ</em></span> <span class='ocrx_word' id='word_1_131' title='bbox 1076 2175 1154 2245; x_wconf 87' lang='grc' dir='ltr'><em>τῷ</em></span> <span class='ocrx_word' id='word_1_132' title='bbox 1195 2178 1258 2229; x_wconf 85' lang='grc' dir='ltr'><em>ἐκ</em></span> <span class='ocrx_word' id='word_1_133' title='bbox 1303 2176 1411 2231; x_wconf 88' lang='grc' dir='ltr'><em>τῶν</em></span> <span class='ocrx_word' id='word_1_134' title='bbox 1451 2179 1592 2232; x_wconf 77' lang='grc' dir='ltr'><em>ἐπτά</em></span> <span class='ocrx_word' id='word_1_135' title='bbox 1643 2179 1963 2251; x_wconf 87' lang='grc' dir='ltr'><em>ἐμείναμεν.</em></span> 
     </span>
    </p>
   </div>
   <div class='ocr_carea' id='block_1_20' title="bbox 286 2254 1966 2337">
    <p class='ocr_par' dir='ltr' id='par_1_20' title="bbox 286 2254 1966 2337">
     <span class='ocr_line' id='line_1_20' title="bbox 286 2254 1966 2337; baseline 0.011 -31"><span class='ocrx_word' id='word_1_136' title='bbox 286 2254 487 2320; x_wconf 81' lang='grc' dir='ltr'><em>Τούτῳ</em></span> <span class='ocrx_word' id='word_1_137' title='bbox 509 2256 578 2308; x_wconf 80' lang='grc' dir='ltr'><em>δὲ</em></span> <span class='ocrx_word' id='word_1_138' title='bbox 603 2254 768 2326; x_wconf 81' lang='grc' dir='ltr'><em>ἦσαν</em></span> <span class='ocrx_word' id='word_1_139' title='bbox 789 2262 1110 2330; x_wconf 74' lang='grc' dir='ltr'><em>θυγατέρες</em></span> <span class='ocrx_word' id='word_1_140' title='bbox 1132 2265 1430 2334; x_wconf 84' lang='grc' dir='ltr'><em>τέσσαρες</em></span> <span class='ocrx_word' id='word_1_141' title='bbox 1455 2269 1966 2337; x_wconf 68' lang='grc' dir='ltr'><em>προφητεύουσαι.</em></span> 
     </span>
    </p>
   </div>
   <div class='ocr_carea' id='block_1_21' title="bbox 293 2338 1966 2428">
    <p class='ocr_par' dir='ltr' id='par_1_21' title="bbox 293 2338 1966 2428">
     <span class='ocr_line' id='line_1_21' title="bbox 293 2338 1966 2428; baseline 0.011 -36"><span class='ocrx_word' id='word_1_142' title='bbox 293 2340 437 2393; x_wconf 82' lang='grc' dir='ltr'><em>Ἀλλ’</em></span> <span class='ocrx_word' id='word_1_143' title='bbox 467 2343 564 2414; x_wconf 78' lang='grc' dir='ltr'><em>οὐχ</em></span> <span class='ocrx_word' id='word_1_144' title='bbox 592 2338 751 2398; x_wconf 75' lang='grc' dir='ltr'><em>αὗται</em></span> <span class='ocrx_word' id='word_1_145' title='bbox 784 2348 1112 2417; x_wconf 83' lang='grc' dir='ltr'><em>προλέγουσι</em></span> <span class='ocrx_word' id='word_1_146' title='bbox 1164 2353 1241 2422; x_wconf 83' lang='grc' dir='ltr'><em>τῷ</em></span> <span class='ocrx_word' id='word_1_147' title='bbox 1286 2354 1505 2425; x_wconf 82' lang='grc' dir='ltr'><em>Παύλῳ,</em></span> <span class='ocrx_word' id='word_1_148' title='bbox 1542 2356 1717 2409; x_wconf 85' lang='grc' dir='ltr'><em>καίτοι</em></span> <span class='ocrx_word' id='word_1_149' title='bbox 1753 2374 1966 2428; x_wconf 73' lang='grc' dir='ltr'><em>προφη·</em></span> 
     </span>
    </p>
   </div>
   <div class='ocr_carea' id='block_1_22' title="bbox 274 2426 1971 2512">
    <p class='ocr_par' dir='ltr' id='par_1_22' title="bbox 274 2426 1971 2512">
     <span class='ocr_line' id='line_1_22' title="bbox 274 2426 1971 2512; baseline 0.012 -35"><span class='ocrx_word' id='word_1_150' title='bbox 274 2426 557 2494; x_wconf 87' lang='grc' dir='ltr'><em>τεύουσαι,</em></span> <span class='ocrx_word' id='word_1_151' title='bbox 587 2430 715 2483; x_wconf 88' lang='grc' dir='ltr'><em>ἀλλ’</em></span> <span class='ocrx_word' id='word_1_152' title='bbox 741 2433 982 2501; x_wconf 83' lang='grc' dir='ltr'><em>Ἀγαϐος</em></span> <span class='ocrx_word' id='word_1_153' title='bbox 1026 2453 1038 2466; x_wconf 86' lang='grc'>·</span> <span class='ocrx_word' id='word_1_154' title='bbox 1080 2440 1174 2492; x_wconf 78' lang='grc' dir='ltr'><em>καὶ</em></span> <span class='ocrx_word' id='word_1_155' title='bbox 1203 2439 1370 2505; x_wconf 81' lang='grc' dir='ltr'><em>ὅπως,</em></span> <span class='ocrx_word' id='word_1_156' title='bbox 1404 2441 1610 2498; x_wconf 76' lang='grc' dir='ltr'><em>ἄκουε..</em></span> <span class='ocrx_word' id='word_1_157' title='bbox 1633 2443 1971 2512; x_wconf 82' lang='grc' dir='ltr'><em>Ἐπιμενόν-</em></span> 
     </span>
    </p>
   </div>
   <div class='ocr_carea' id='block_1_23' title="bbox 276 2509 1970 2593">
    <p class='ocr_par' dir='ltr' id='par_1_23' title="bbox 276 2509 1970 2593">
     <span class='ocr_line' id='line_1_23' title="bbox 276 2509 1970 2593; baseline 0.011 -31"><span class='ocrx_word' id='word_1_158' title='bbox 276 2526 400 2562; x_wconf 83' lang='grc' dir='ltr'><em>των</em></span> <span class='ocrx_word' id='word_1_159' title='bbox 424 2509 492 2563; x_wconf 81' lang='grc' dir='ltr'><em>δὲ</em></span> <span class='ocrx_word' id='word_1_160' title='bbox 516 2512 687 2581; x_wconf 78' lang='grc' dir='ltr'><em>ἡμῶν</em></span> <span class='ocrx_word' id='word_1_161' title='bbox 715 2515 939 2584; x_wconf 74' lang='grc' dir='ltr'><em>ἡμέρας</em></span> <span class='ocrx_word' id='word_1_162' title='bbox 981 2521 1265 2588; x_wconf 84' lang='grc' dir='ltr'><em>πλείους,</em></span> <span class='ocrx_word' id='word_1_163' title='bbox 1309 2519 1500 2592; x_wconf 86' lang='grc' dir='ltr'><em>ἦλθεν</em></span> <span class='ocrx_word' id='word_1_164' title='bbox 1529 2524 1647 2578; x_wconf 82' lang='grc' dir='ltr'><em>ἀπὸ</em></span> <span class='ocrx_word' id='word_1_165' title='bbox 1675 2509 1784 2593; x_wconf 79' lang='grc' dir='ltr'><em>τῆς</em></span> <span class='ocrx_word' id='word_1_166' title='bbox 1824 2526 1970 2581; x_wconf 84' lang='grc' dir='ltr'><em>Ἰου-</em></span> 
     </span>
    </p>
   </div>
   <div class='ocr_carea' id='block_1_24' title="bbox 272 2593 1970 2679">
    <p class='ocr_par' dir='ltr' id='par_1_24' title="bbox 272 2593 1970 2679">
     <span class='ocr_line' id='line_1_24' title="bbox 272 2593 1970 2679; baseline 0.009 -33"><span class='ocrx_word' id='word_1_167' title='bbox 272 2593 456 2661; x_wconf 81' lang='grc' dir='ltr'><em>δαίας</em></span> <span class='ocrx_word' id='word_1_168' title='bbox 495 2597 818 2667; x_wconf 71' lang='grc' dir='ltr'><em>προφήτης</em></span> <span class='ocrx_word' id='word_1_169' title='bbox 849 2602 1095 2672; x_wconf 81' lang='grc' dir='ltr'><em>ὀνόματι</em></span> <span class='ocrx_word' id='word_1_170' title='bbox 1137 2607 1388 2675; x_wconf 77' lang='grc' dir='ltr'><em>Ἄγαϐος</em></span> <span class='ocrx_word' id='word_1_171' title='bbox 1423 2623 1436 2637; x_wconf 92' lang='grc'><strong>·</strong></span> <span class='ocrx_word' id='word_1_172' title='bbox 1466 2608 1563 2662; x_wconf 79' lang='grc' dir='ltr'><em>καὶ</em></span> <span class='ocrx_word' id='word_1_173' title='bbox 1596 2607 1791 2662; x_wconf 87' lang='grc' dir='ltr'><em>ἐλθὼν</em></span> <span class='ocrx_word' id='word_1_174' title='bbox 1818 2609 1970 2679; x_wconf 89' lang='grc' dir='ltr'><em>πρὸς</em></span> 
     </span>
    </p>
   </div>
   <div class='ocr_carea' id='block_1_25' title="bbox 272 2685 1970 2764">
    <p class='ocr_par' dir='ltr' id='par_1_25' title="bbox 272 2685 1970 2764">
     <span class='ocr_line' id='line_1_25' title="bbox 272 2685 1970 2764; baseline 0.008 -25"><span class='ocrx_word' id='word_1_175' title='bbox 272 2685 457 2754; x_wconf 72' lang='grc' dir='ltr'><em>ἡμᾶς,</em></span> <span class='ocrx_word' id='word_1_176' title='bbox 486 2689 584 2742; x_wconf 81' lang='grc' dir='ltr'><em>καὶ</em></span> <span class='ocrx_word' id='word_1_177' title='bbox 613 2688 762 2758; x_wconf 80' lang='grc' dir='ltr'><em>ἄρας</em></span> <span class='ocrx_word' id='word_1_178' title='bbox 799 2690 918 2759; x_wconf 79' lang='grc' dir='ltr'><em>τὴν</em></span> <span class='ocrx_word' id='word_1_179' title='bbox 967 2691 1158 2762; x_wconf 83' lang='grc' dir='ltr'><em>ζώνην</em></span> <span class='ocrx_word' id='word_1_180' title='bbox 1211 2695 1317 2749; x_wconf 91' lang='grc' dir='ltr'><em>τοῦ</em></span> <span class='ocrx_word' id='word_1_181' title='bbox 1353 2697 1600 2750; x_wconf 77' lang='grc' dir='ltr'><em>Παύλου</em></span> <span class='ocrx_word' id='word_1_182' title='bbox 1621 2738 1637 2763; x_wconf 91' lang='grc'><em>,</em></span> <span class='ocrx_word' id='word_1_183' title='bbox 1670 2696 1869 2764; x_wconf 80' lang='grc' dir='ltr'><em>δήσας</em></span> <span class='ocrx_word' id='word_1_184' title='bbox 1905 2716 1970 2754; x_wconf 85' lang='grc' dir='ltr'><em>τε</em></span> 
     </span>
    </p>
   </div>
   <div class='ocr_carea' id='block_1_26' title="bbox 268 2773 1964 2857">
    <p class='ocr_par' dir='ltr' id='par_1_26' title="bbox 268 2773 1964 2857">
     <span class='ocr_line' id='line_1_26' title="bbox 268 2773 1964 2857; baseline 0.009 -32"><span class='ocrx_word' id='word_1_185' title='bbox 268 2773 465 2826; x_wconf 83' lang='grc' dir='ltr'><em>αὑτοῦ</em></span> <span class='ocrx_word' id='word_1_186' title='bbox 532 2775 734 2844; x_wconf 72' lang='grc' dir='ltr'><em>χεῖρας</em></span> <span class='ocrx_word' id='word_1_187' title='bbox 792 2779 892 2832; x_wconf 77' lang='grc' dir='ltr'><em>καὶ</em></span> <span class='ocrx_word' id='word_1_188' title='bbox 961 2782 1174 2849; x_wconf 84' lang='grc' dir='ltr'><em>πόδας,</em></span> <span class='ocrx_word' id='word_1_189' title='bbox 1232 2779 1365 2837; x_wconf 76' lang='grc' dir='ltr'><em>εἷπε</em></span> <span class='ocrx_word' id='word_1_190' title='bbox 1419 2801 1431 2813; x_wconf 88' lang='grc'><strong>·</strong></span> <span class='ocrx_word' id='word_1_191' title='bbox 1502 2784 1648 2838; x_wconf 86' lang='grc' dir='ltr'><em>Τάδε</em></span> <span class='ocrx_word' id='word_1_192' title='bbox 1693 2786 1857 2857; x_wconf 80' lang='grc' dir='ltr'><em>λέγει</em></span> <span class='ocrx_word' id='word_1_193' title='bbox 1901 2787 1964 2841; x_wconf 91' lang='grc' dir='ltr'><em>τὸ</em></span> 
     </span>
    </p>
   </div>
   <div class='ocr_carea' id='block_1_27' title="bbox 273 2862 1966 2945">
    <p class='ocr_par' dir='ltr' id='par_1_27' title="bbox 273 2862 1966 2945">
     <span class='ocr_line' id='line_1_27' title="bbox 273 2862 1966 2945; baseline 0.011 -33"><span class='ocrx_word' id='word_1_194' title='bbox 273 2862 522 2930; x_wconf 81' lang='grc' dir='ltr'><em>Πνεῦμα</em></span> <span class='ocrx_word' id='word_1_195' title='bbox 577 2865 642 2916; x_wconf 87' lang='grc' dir='ltr'><em>τὸ</em></span> <span class='ocrx_word' id='word_1_196' title='bbox 689 2865 862 2933; x_wconf 78' lang='grc' dir='ltr'><em>ἅγιον</em></span> <span class='ocrx_word' id='word_1_197' title='bbox 892 2883 907 2898; x_wconf 76' lang='grc'><strong><em>⁸</em></strong></span> <span class='ocrx_word' id='word_1_198' title='bbox 947 2869 1058 2923; x_wconf 88' lang='grc' dir='ltr'><em>Τὸν</em></span> <span class='ocrx_word' id='word_1_199' title='bbox 1114 2870 1325 2940; x_wconf 80' lang='grc' dir='ltr'><em>ἄνδρα,</em></span> <span class='ocrx_word' id='word_1_200' title='bbox 1377 2869 1450 2928; x_wconf 83' lang='grc' dir='ltr'><em>οὗ</em></span> <span class='ocrx_word' id='word_1_201' title='bbox 1498 2874 1682 2935; x_wconf 84' lang='grc' dir='ltr'><em>ἐστιν</em></span> <span class='ocrx_word' id='word_1_202' title='bbox 1732 2875 1770 2944; x_wconf 78' lang='grc' dir='ltr'><strong><em>ἡ</em></strong></span> <span class='ocrx_word' id='word_1_203' title='bbox 1817 2874 1966 2945; x_wconf 83' lang='grc' dir='ltr'><em>ζώνη</em></span> 
     </span>
    </p>
   </div>
   <div class='ocr_carea' id='block_1_28' title="bbox 269 2947 1965 3030">
    <p class='ocr_par' dir='ltr' id='par_1_28' title="bbox 269 2947 1965 3030">
     <span class='ocr_line' id='line_1_28' title="bbox 269 2947 1965 3030; baseline 0.009 -28"><span class='ocrx_word' id='word_1_204' title='bbox 269 2947 451 3015; x_wconf 83' lang='grc' dir='ltr'><em>αὕτη,</em></span> <span class='ocrx_word' id='word_1_205' title='bbox 503 2951 654 3004; x_wconf 80' lang='grc' dir='ltr'><em>οὕτω</em></span> <span class='ocrx_word' id='word_1_206' title='bbox 701 2952 1008 3020; x_wconf 79' lang='grc' dir='ltr'><em>δήσουσιν</em></span> <span class='ocrx_word' id='word_1_207' title='bbox 1056 2959 1143 3023; x_wconf 81' lang='grc' dir='ltr'><em>εις</em></span> <span class='ocrx_word' id='word_1_208' title='bbox 1201 2959 1605 3030; x_wconf 71' lang='grc' dir='ltr'><em>Ἰερουσαλὴμ</em></span> <span class='ocrx_word' id='word_1_209' title='bbox 1673 2962 1965 3028; x_wconf 82' lang='grc' dir='ltr'><em>Ἰουδαῖοι,</em></span> 
     </span>
    </p>
   </div>
   <div class='ocr_carea' id='block_1_29' title="bbox 271 3035 1967 3115">
    <p class='ocr_par' dir='ltr' id='par_1_29' title="bbox 271 3035 1967 3115">
     <span class='ocr_line' id='line_1_29' title="bbox 271 3035 1967 3115; baseline 0.01 -26"><span class='ocrx_word' id='word_1_210' title='bbox 271 3035 376 3089; x_wconf 73' lang='grc' dir='ltr'><em>καὶ</em></span> <span class='ocrx_word' id='word_1_211' title='bbox 417 3038 890 3106; x_wconf 78' lang='grc' dir='ltr'><em>παραδώσουσιν</em></span> <span class='ocrx_word' id='word_1_212' title='bbox 936 3047 1025 3111; x_wconf 84' lang='grc' dir='ltr'><em>είς</em></span> <span class='ocrx_word' id='word_1_213' title='bbox 1076 3047 1279 3115; x_wconf 84' lang='grc' dir='ltr'><em>χεῖρας</em></span> <span class='ocrx_word' id='word_1_214' title='bbox 1309 3049 1520 3104; x_wconf 82' lang='grc' dir='ltr'><em>ἐθνῶν.</em></span> <span class='ocrx_word' id='word_1_215' title='bbox 1575 3051 1634 3105; x_wconf 86' lang='grc'><em>’0</em></span> <span class='ocrx_word' id='word_1_216' title='bbox 1675 3052 1846 3107; x_wconf 87' lang='grc' dir='ltr'><em>πάλαι</em></span> <span class='ocrx_word' id='word_1_217' title='bbox 1874 3054 1967 3106; x_wconf 81' lang='grc' dir='ltr'><em>τὸν</em></span> 
     </span>
    </p>
   </div>
   <div class='ocr_carea' id='block_1_30' title="bbox 267 3122 1966 3208">
    <p class='ocr_par' dir='ltr' id='par_1_30' title="bbox 267 3122 1966 3208">
     <span class='ocr_line' id='line_1_30' title="bbox 267 3122 1966 3208; baseline 0.014 -34"><span class='ocrx_word' id='word_1_218' title='bbox 267 3122 432 3193; x_wconf 83' lang='grc' dir='ltr'><em>λιμὸν</em></span> <span class='ocrx_word' id='word_1_219' title='bbox 468 3127 733 3196; x_wconf 79' lang='grc' dir='ltr'><em>μηνύσας,</em></span> <span class='ocrx_word' id='word_1_220' title='bbox 764 3127 940 3195; x_wconf 78' lang='grc' dir='ltr'><em>οὗτος,</em></span> <span class='ocrx_word' id='word_1_221' title='bbox 980 3135 1092 3186; x_wconf 83' lang='grc' dir='ltr'><em>Τόν</em></span> <span class='ocrx_word' id='word_1_222' title='bbox 1129 3134 1341 3204; x_wconf 77' lang='grc' dir='ltr'><em>ἄνδρα,</em></span> <span class='ocrx_word' id='word_1_223' title='bbox 1399 3139 1557 3208; x_wconf 78' lang='grc' dir='ltr'><em>φησὶ,</em></span> <span class='ocrx_word' id='word_1_224' title='bbox 1599 3140 1838 3207; x_wconf 89' lang='grc' dir='ltr'><em>τοῦτον,</em></span> <span class='ocrx_word' id='word_1_225' title='bbox 1891 3137 1966 3197; x_wconf 84' lang='grc' dir='ltr'><em>οὗ</em></span> 
     </span>
    </p>
   </div>
   <div class='ocr_carea' id='block_1_31' title="bbox 265 3212 1964 3301">
    <p class='ocr_par' dir='ltr' id='par_1_31' title="bbox 265 3212 1964 3301">
     <span class='ocr_line' id='line_1_31' title="bbox 265 3212 1964 3301; baseline 0.012 -37"><span class='ocrx_word' id='word_1_226' title='bbox 265 3212 446 3266; x_wconf 83' lang='grc' dir='ltr'><em>ἐστιν</em></span> <span class='ocrx_word' id='word_1_227' title='bbox 471 3216 509 3283; x_wconf 80' lang='grc' dir='ltr'><strong><em>ἠ</em></strong></span> <span class='ocrx_word' id='word_1_228' title='bbox 533 3215 682 3285; x_wconf 80' lang='grc' dir='ltr'><em>ζώνη</em></span> <span class='ocrx_word' id='word_1_229' title='bbox 715 3219 889 3287; x_wconf 83' lang='grc' dir='ltr'><em>αὕτη,</em></span> <span class='ocrx_word' id='word_1_230' title='bbox 925 3222 1079 3275; x_wconf 82' lang='grc' dir='ltr'><em>οὔτω</em></span> <span class='ocrx_word' id='word_1_231' title='bbox 1105 3223 1430 3290; x_wconf 79' lang='grc' dir='ltr'><em>δήσουσιν.</em></span> <span class='ocrx_word' id='word_1_232' title='bbox 1464 3229 1643 3300; x_wconf 86' lang='grc' dir='ltr'><em>Ὅπερ</em></span> <span class='ocrx_word' id='word_1_233' title='bbox 1675 3231 1724 3283; x_wconf 86' lang='grc' dir='ltr'><em>οἱ</em></span> <span class='ocrx_word' id='word_1_234' title='bbox 1762 3232 1964 3301; x_wconf 79' lang='grc' dir='ltr'><em>προφῆ-</em></span> 
     </span>
    </p>
   </div>
   <div class='ocr_carea' id='block_1_32' title="bbox 267 3305 1964 3390">
    <p class='ocr_par' dir='ltr' id='par_1_32' title="bbox 267 3305 1964 3390">
     <span class='ocr_line' id='line_1_32' title="bbox 267 3305 1964 3390; baseline 0.011 -35"><span class='ocrx_word' id='word_1_235' title='bbox 267 3320 361 3356; x_wconf 85' lang='grc' dir='ltr'><em>ται</em></span> <span class='ocrx_word' id='word_1_236' title='bbox 396 3305 634 3368; x_wconf 77' lang='grc' dir='ltr'><em>ἐποίουν,</em></span> <span class='ocrx_word' id='word_1_237' title='bbox 665 3307 788 3378; x_wconf 71' lang='grc' dir='ltr'><em>δψει</em></span> <span class='ocrx_word' id='word_1_238' title='bbox 811 3311 879 3364; x_wconf 81' lang='grc' dir='ltr'><em>τὰ</em></span> <span class='ocrx_word' id='word_1_239' title='bbox 905 3312 1173 3382; x_wconf 87' lang='grc' dir='ltr'><em>γενόμενα</em></span> <span class='ocrx_word' id='word_1_240' title='bbox 1206 3315 1642 3386; x_wconf 70' lang='grc' dir='ltr'><em>ὑπογράφοντες,</em></span> <span class='ocrx_word' id='word_1_241' title='bbox 1676 3319 1805 3374; x_wconf 84' lang='grc' dir='ltr'><em>ὅταν</em></span> <span class='ocrx_word' id='word_1_242' title='bbox 1835 3321 1964 3390; x_wconf 73' lang='grc' dir='ltr'><em>περὶ</em></span> 
     </span>
    </p>
   </div>
   <div class='ocr_carea' id='block_1_33' title="bbox 265 3393 1965 3474">
    <p class='ocr_par' dir='ltr' id='par_1_33' title="bbox 265 3393 1965 3474">
     <span class='ocr_line' id='line_1_33' title="bbox 265 3393 1965 3474; baseline 0.009 -30"><span class='ocrx_word' id='word_1_243' title='bbox 265 3393 654 3463; x_wconf 77' lang='grc' dir='ltr'><em>αἰχμαλωσίας</em></span> <span class='ocrx_word' id='word_1_244' title='bbox 706 3397 911 3465; x_wconf 76' lang='grc' dir='ltr'><em>ἔλεγον,</em></span> <span class='ocrx_word' id='word_1_245' title='bbox 970 3399 1046 3463; x_wconf 82' lang='grc' dir='ltr'><em>ὡς</em></span> <span class='ocrx_word' id='word_1_246' title='bbox 1097 3403 1124 3454; x_wconf 85' lang='grc' dir='ltr'>ὁ</span> <span class='ocrx_word' id='word_1_247' title='bbox 1157 3402 1438 3474; x_wconf 77' lang='grc' dir='ltr'><em>Ἰεζεκιὴλ,</em></span> <span class='ocrx_word' id='word_1_248' title='bbox 1500 3405 1777 3460; x_wconf 71' lang='grc' dir='ltr'><em>τοῦτοκαὶ</em></span> <span class='ocrx_word' id='word_1_249' title='bbox 1810 3403 1965 3473; x_wconf 74' lang='grc' dir='ltr'><em>οὗτος</em></span> 
     </span>
    </p>
   </div>
   <div class='ocr_carea' id='block_1_34' title="bbox 267 3483 1966 3562">
    <p class='ocr_par' dir='ltr' id='par_1_34' title="bbox 267 3483 1966 3562">
     <span class='ocr_line' id='line_1_34' title="bbox 267 3483 1966 3562; baseline 0.011 -30"><span class='ocrx_word' id='word_1_250' title='bbox 267 3483 521 3552; x_wconf 77' lang='grc' dir='ltr'><em>ἐποίησε.</em></span> <span class='ocrx_word' id='word_1_251' title='bbox 556 3485 665 3538; x_wconf 86' lang='lat' dir='ltr'><em>Kal</em></span> <span class='ocrx_word' id='word_1_252' title='bbox 690 3485 752 3537; x_wconf 85' lang='grc' dir='ltr'><em>τὸ</em></span> <span class='ocrx_word' id='word_1_253' title='bbox 808 3485 871 3558; x_wconf 83' lang='grc' dir='ltr'><em>δὴ</em></span> <span class='ocrx_word' id='word_1_254' title='bbox 928 3487 1189 3556; x_wconf 71' lang='grc' dir='ltr'><em>χαλεπὸν,</em></span> <span class='ocrx_word' id='word_1_255' title='bbox 1243 3491 1327 3543; x_wconf 86' lang='grc' dir='ltr'><em>ὅτι</em></span> <span class='ocrx_word' id='word_1_256' title='bbox 1375 3495 1483 3556; x_wconf 85' lang='grc' dir='ltr'><em>Είς</em></span> <span class='ocrx_word' id='word_1_257' title='bbox 1533 3494 1736 3562; x_wconf 66' lang='grc' dir='ltr'><em>χεῷας</em></span> <span class='ocrx_word' id='word_1_258' title='bbox 1771 3495 1966 3551; x_wconf 83' lang='grc' dir='ltr'><em>ἐθνῶν</em></span> 
     </span>
    </p>
   </div>
   <div class='ocr_carea' id='block_1_35' title="bbox 266 3571 1963 3651">
    <p class='ocr_par' dir='ltr' id='par_1_35' title="bbox 266 3571 1963 3651">
     <span class='ocr_line' id='line_1_35' title="bbox 266 3571 1963 3651; baseline 0.009 -30"><span class='ocrx_word' id='word_1_259' title='bbox 266 3571 768 3637; x_wconf 78' lang='grc' dir='ltr'><em>παραδώσουσιν.</em></span> <span class='ocrx_word' id='word_1_260' title='bbox 824 3574 922 3640; x_wconf 85' lang='grc' dir='ltr'><em>Ὠς</em></span> <span class='ocrx_word' id='word_1_261' title='bbox 968 3574 1036 3628; x_wconf 88' lang='grc' dir='ltr'><em>δὲ</em></span> <span class='ocrx_word' id='word_1_262' title='bbox 1075 3577 1428 3646; x_wconf 76' lang='grc' dir='ltr'><em>ἠκούσαμεν</em></span> <span class='ocrx_word' id='word_1_263' title='bbox 1460 3580 1668 3644; x_wconf 89' lang='grc' dir='ltr'><em>ταῦτα,</em></span> <span class='ocrx_word' id='word_1_264' title='bbox 1704 3596 1963 3651; x_wconf 83' lang='grc' dir='ltr'><em>παρεκα-</em></span> 
     </span>
    </p>
   </div>
   <div class='ocr_carea' id='block_1_36' title="bbox 263 3657 1963 3737">
    <p class='ocr_par' dir='ltr' id='par_1_36' title="bbox 263 3657 1963 3737">
     <span class='ocr_line' id='line_1_36' title="bbox 263 3657 1963 3737; baseline 0.01 -27"><span class='ocrx_word' id='word_1_265' title='bbox 263 3657 500 3726; x_wconf 86' lang='grc' dir='ltr'><em>λοῦμεν</em></span> <span class='ocrx_word' id='word_1_266' title='bbox 524 3659 695 3728; x_wconf 79' lang='grc' dir='ltr'><em>ἡμεῖς</em></span> <span class='ocrx_word' id='word_1_267' title='bbox 727 3677 792 3713; x_wconf 90' lang='grc' dir='ltr'><em>τε</em></span> <span class='ocrx_word' id='word_1_268' title='bbox 823 3662 919 3714; x_wconf 86' lang='grc' dir='ltr'><em>καί</em></span> <span class='ocrx_word' id='word_1_269' title='bbox 961 3664 1020 3716; x_wconf 85' lang='grc' dir='ltr'><em>οί</em></span> <span class='ocrx_word' id='word_1_270' title='bbox 1040 3664 1328 3728; x_wconf 77' lang='grc' dir='ltr'><em>ἐντόπιοι,</em></span> <span class='ocrx_word' id='word_1_271' title='bbox 1351 3668 1458 3720; x_wconf 88' lang='grc' dir='ltr'><em>τοῦ</em></span> <span class='ocrx_word' id='word_1_272' title='bbox 1486 3670 1574 3737; x_wconf 78' lang='grc' dir='ltr'><em>μὴ</em></span> <span class='ocrx_word' id='word_1_273' title='bbox 1608 3672 1963 3726; x_wconf 81' lang='grc' dir='ltr'><em>ἀναϐαίνειν</em></span> 
     </span>
    </p>
   </div>
   <div class='ocr_carea' id='block_1_37' title="bbox 263 3746 1961 3833">
    <p class='ocr_par' dir='ltr' id='par_1_37' title="bbox 263 3746 1961 3833">
     <span class='ocr_line' id='line_1_37' title="bbox 263 3746 1961 3833; baseline 0.011 -36"><span class='ocrx_word' id='word_1_274' title='bbox 263 3746 458 3798; x_wconf 86' lang='grc' dir='ltr'><em>αὑτὸν</em></span> <span class='ocrx_word' id='word_1_275' title='bbox 488 3750 578 3814; x_wconf 84' lang='grc' dir='ltr'><em>είς</em></span> <span class='ocrx_word' id='word_1_276' title='bbox 618 3748 1041 3820; x_wconf 80' lang='grc' dir='ltr'><em>Ἰερουσαλήμ.</em></span> <span class='ocrx_word' id='word_1_277' title='bbox 1092 3753 1200 3806; x_wconf 88' lang='lat' dir='ltr'><em>Kal</em></span> <span class='ocrx_word' id='word_1_278' title='bbox 1253 3755 1442 3808; x_wconf 75' lang='grc' dir='ltr'><em>πολλοὶ</em></span> <span class='ocrx_word' id='word_1_279' title='bbox 1490 3760 1842 3830; x_wconf 80' lang='grc' dir='ltr'><em>παρεκάλουν</em></span> <span class='ocrx_word' id='word_1_280' title='bbox 1884 3763 1961 3833; x_wconf 85' lang='grc' dir='ltr'><em>μὴ</em></span> 
     </span>
    </p>
   </div>
   <div class='ocr_carea' id='block_1_38' title="bbox 265 3833 1962 3916">
    <p class='ocr_par' dir='ltr' id='par_1_38' title="bbox 265 3833 1962 3916">
     <span class='ocr_line' id='line_1_38' title="bbox 265 3833 1962 3916; baseline 0.011 -30"><span class='ocrx_word' id='word_1_281' title='bbox 265 3833 548 3898; x_wconf 70' lang='grc' dir='ltr'><em>ἀπελθεῖν,</em></span> <span class='ocrx_word' id='word_1_282' title='bbox 587 3838 680 3889; x_wconf 81' lang='grc' dir='ltr'><em>καὶ</em></span> <span class='ocrx_word' id='word_1_283' title='bbox 721 3838 845 3890; x_wconf 81' lang='grc' dir='ltr'>οὐδὲ</span> <span class='ocrx_word' id='word_1_284' title='bbox 885 3838 1061 3902; x_wconf 77' lang='grc' dir='ltr'><em>οὕτως</em></span> <span class='ocrx_word' id='word_1_285' title='bbox 1099 3843 1436 3912; x_wconf 76' lang='grc' dir='ltr'><em>ὑπήκουσεν.</em></span> <span class='ocrx_word' id='word_1_286' title='bbox 1486 3845 1807 3916; x_wconf 74' lang='grc' dir='ltr'><em>Ἀπεκρίθη</em></span> <span class='ocrx_word' id='word_1_287' title='bbox 1835 3849 1904 3901; x_wconf 83' lang='grc' dir='ltr'><em>δὲ</em></span> <span class='ocrx_word' id='word_1_288' title='bbox 1930 3854 1962 3904; x_wconf 87' lang='grc' dir='ltr'><em>ό</em></span> 
     </span>
    </p>
   </div>
   <div class='ocr_carea' id='block_1_39' title="bbox 263 3921 1961 4005">
    <p class='ocr_par' dir='ltr' id='par_1_39' title="bbox 263 3921 1961 4005">
     <span class='ocr_line' id='line_1_39' title="bbox 263 3921 1961 4005; baseline 0.012 -33"><span class='ocrx_word' id='word_1_289' title='bbox 263 3921 512 3988; x_wconf 86' lang='grc' dir='ltr'><em>Παῦλος</em></span> <span class='ocrx_word' id='word_1_290' title='bbox 541 3939 554 3954; x_wconf 71' lang='grc' dir='ltr'><strong><em>ο</em></strong></span> <span class='ocrx_word' id='word_1_291' title='bbox 599 3923 666 3978; x_wconf 87' lang='grc' dir='ltr'><em>Τί</em></span> <span class='ocrx_word' id='word_1_292' title='bbox 694 3926 918 3982; x_wconf 85' lang='grc' dir='ltr'><em>ποιεῖτε</em></span> <span class='ocrx_word' id='word_1_293' title='bbox 955 3932 1274 3996; x_wconf 85' lang='grc' dir='ltr'><em>κλαίοντες</em></span> <span class='ocrx_word' id='word_1_294' title='bbox 1321 3933 1419 3985; x_wconf 79' lang='grc' dir='ltr'><em>καὶ</em></span> <span class='ocrx_word' id='word_1_295' title='bbox 1467 3937 1961 4005; x_wconf 82' lang='grc' dir='ltr'><em>συνθρύπτοντές</em></span> 
     </span>
    </p>
   </div>
   <div class='ocr_carea' id='block_1_40' title="bbox 265 4007 1956 4093">
    <p class='ocr_par' dir='ltr' id='par_1_40' title="bbox 265 4007 1956 4093">
     <span class='ocr_line' id='line_1_40' title="bbox 265 4007 1956 4093; baseline 0.011 -32"><span class='ocrx_word' id='word_1_296' title='bbox 265 4007 425 4080; x_wconf 67' lang='grc' dir='ltr'><em>ίῦὖθ]</em></span> <span class='ocrx_word' id='word_1_297' title='bbox 448 4029 568 4077; x_wconf 87' lang='grc' dir='ltr'><em>μου</em></span> <span class='ocrx_word' id='word_1_298' title='bbox 593 4012 708 4081; x_wconf 81' lang='grc' dir='ltr'><em>τὴν</em></span> <span class='ocrx_word' id='word_1_299' title='bbox 739 4016 1023 4082; x_wconf 85' lang='grc' dir='ltr'><em>καρδι⁹αν;</em></span> <span class='ocrx_word' id='word_1_300' title='bbox 1056 4018 1204 4087; x_wconf 63' lang='grc' dir='ltr'><em>Ἐγὼ</em></span> <span class='ocrx_word' id='word_1_301' title='bbox 1230 4019 1340 4088; x_wconf 81' lang='grc' dir='ltr'><em>γὰρ</em></span> <span class='ocrx_word' id='word_1_302' title='bbox 1371 4023 1443 4074; x_wconf 83' lang='grc' dir='ltr'><em>οὺ</em></span> <span class='ocrx_word' id='word_1_303' title='bbox 1468 4024 1663 4090; x_wconf 88' lang='grc' dir='ltr'><em>μόνον</em></span> <span class='ocrx_word' id='word_1_304' title='bbox 1691 4023 1956 4093; x_wconf 82' lang='grc' dir='ltr'><em>δεθῆναι,</em></span> 
     </span>
    </p>
   </div>
   <div class='ocr_carea' id='block_1_41' title="bbox 263 4095 1960 4182">
    <p class='ocr_par' dir='ltr' id='par_1_41' title="bbox 263 4095 1960 4182">
     <span class='ocr_line' id='line_1_41' title="bbox 263 4095 1960 4182; baseline 0.009 -33"><span class='ocrx_word' id='word_1_305' title='bbox 263 4095 430 4150; x_wconf 81' lang='grc' dir='ltr'><em>ἀλλὰ</em></span> <span class='ocrx_word' id='word_1_306' title='bbox 446 4098 545 4150; x_wconf 77' lang='grc' dir='ltr'><em>καὶ</em></span> <span class='ocrx_word' id='word_1_307' title='bbox 562 4100 984 4169; x_wconf 70' lang='grc' dir='ltr'><em>ἀποθανεῖιιιείς</em></span> <span class='ocrx_word' id='word_1_308' title='bbox 1000 4104 1394 4177; x_wconf 77' lang='grc' dir='ltr'><em>Ἰερουσαλὴμ</em></span> <span class='ocrx_word' id='word_1_309' title='bbox 1411 4109 1657 4179; x_wconf 81' lang='grc' dir='ltr'><em>ἑτοίμως</em></span> <span class='ocrx_word' id='word_1_310' title='bbox 1674 4111 1706 4164; x_wconf 79' lang='grc' dir='ltr'><strong><em>ἔ</em></strong></span> <span class='ocrx_word' id='word_1_311' title='bbox 1708 4130 1793 4180; x_wconf 89' lang='grc' dir='ltr'><em>χω</em></span> <span class='ocrx_word' id='word_1_312' title='bbox 1808 4113 1960 4182; x_wconf 80' lang='grc' dir='ltr'><em>ὑπὲρ</em></span> 
     </span>
    </p>
   </div>
   <div class='ocr_carea' id='block_1_42' title="bbox 264 4185 1957 4274">
    <p class='ocr_par' dir='ltr' id='par_1_42' title="bbox 264 4185 1957 4274">
     <span class='ocr_line' id='line_1_42' title="bbox 264 4185 1957 4274; baseline 0.012 -35"><span class='ocrx_word' id='word_1_313' title='bbox 264 4185 376 4240; x_wconf 90' lang='grc' dir='ltr'><em>τοῦ</em></span> <span class='ocrx_word' id='word_1_314' title='bbox 415 4188 711 4257; x_wconf 85' lang='grc' dir='ltr'><em>ὀνόματος</em></span> <span class='ocrx_word' id='word_1_315' title='bbox 760 4192 868 4246; x_wconf 88' lang='grc' dir='ltr'><em>τοῦ</em></span> <span class='ocrx_word' id='word_1_316' title='bbox 910 4197 1133 4263; x_wconf 78' lang='grc' dir='ltr'><em>Κυρίου</em></span> <span class='ocrx_word' id='word_1_317' title='bbox 1175 4198 1402 4266; x_wconf 82' lang='grc' dir='ltr'><em>Ἰησοῦ.</em></span> <span class='ocrx_word' id='word_1_318' title='bbox 1453 4200 1551 4269; x_wconf 79' lang='grc' dir='ltr'><em>Μὴ</em></span> <span class='ocrx_word' id='word_1_319' title='bbox 1598 4204 1957 4274; x_wconf 81' lang='grc' dir='ltr'><em>πειθομένου</em></span> 
     </span>
    </p>
   </div>
   <div class='ocr_carea' id='block_1_43' title="bbox 263 4274 1958 4363">
    <p class='ocr_par' dir='ltr' id='par_1_43' title="bbox 263 4274 1958 4363">
     <span class='ocr_line' id='line_1_43' title="bbox 263 4274 1958 4363; baseline 0.013 -35"><span class='ocrx_word' id='word_1_320' title='bbox 263 4274 342 4328; x_wconf 78' lang='grc' dir='ltr'><em>δὲ</em></span> <span class='ocrx_word' id='word_1_321' title='bbox 371 4279 583 4344; x_wconf 85' lang='grc' dir='ltr'><em>αὐτοῦ,</em></span> <span class='ocrx_word' id='word_1_322' title='bbox 644 4281 1051 4356; x_wconf 78' lang='grc' dir='ltr'><em>ἡσυχάσαμεν</em></span> <span class='ocrx_word' id='word_1_323' title='bbox 1087 4288 1363 4354; x_wconf 84' lang='grc' dir='ltr'><em>εἰπόντες</em></span> <span class='ocrx_word' id='word_1_324' title='bbox 1397 4305 1409 4317; x_wconf 87' lang='grc'>·</span> <span class='ocrx_word' id='word_1_325' title='bbox 1460 4292 1527 4343; x_wconf 82' lang='grc' dir='ltr'><em>Τὸ</em></span> <span class='ocrx_word' id='word_1_326' title='bbox 1570 4290 1803 4363; x_wconf 89' lang='grc' dir='ltr'><em>θέλημα</em></span> <span class='ocrx_word' id='word_1_327' title='bbox 1847 4295 1958 4350; x_wconf 91' lang='grc' dir='ltr'><em>τοῦ</em></span> 
     </span>
    </p>
   </div>
   <div class='ocr_carea' id='block_1_44' title="bbox 263 4366 818 4438">
    <p class='ocr_par' dir='ltr' id='par_1_44' title="bbox 263 4366 818 4438">
     <span class='ocr_line' id='line_1_44' title="bbox 263 4366 818 4438; baseline 0.011 -20"><span class='ocrx_word' id='word_1_328' title='bbox 263 4366 491 4433; x_wconf 83' lang='grc' dir='ltr'><em>Κυρίου</em></span> <span class='ocrx_word' id='word_1_329' title='bbox 531 4368 818 4438; x_wconf 79' lang='grc' dir='ltr'><em>γενέσθω.</em></span> 
     </span>
    </p>
   </div>
   <div class='ocr_carea' id='block_1_45' title="bbox 339 4453 1952 4542">
    <p class='ocr_par' dir='ltr' id='par_1_45' title="bbox 339 4453 1952 4542">
     <span class='ocr_line' id='line_1_45' title="bbox 339 4453 1952 4542; baseline 0.014 -36"><span class='ocrx_word' id='word_1_330' title='bbox 339 4453 408 4522; x_wconf 84' lang='grc' dir='ltr'><em>β’.</em></span> <span class='ocrx_word' id='word_1_331' title='bbox 452 4455 647 4527; x_wconf 83' lang='grc' dir='ltr'><em>Ὀρᾷς;</em></span> <span class='ocrx_word' id='word_1_332' title='bbox 693 4459 779 4513; x_wconf 88' lang='grc' dir='ltr'><em>ῖνα</em></span> <span class='ocrx_word' id='word_1_333' title='bbox 801 4460 874 4531; x_wconf 80' lang='grc' dir='ltr'><em>μὴ</em></span> <span class='ocrx_word' id='word_1_334' title='bbox 895 4461 1133 4526; x_wconf 88' lang='grc' dir='ltr'><em>ἀκούσας</em></span> <span class='ocrx_word' id='word_1_335' title='bbox 1150 4465 1378 4538; x_wconf 79' lang='grc' dir='ltr'><em>νομίσῃς</em></span> <span class='ocrx_word' id='word_1_336' title='bbox 1413 4467 1662 4540; x_wconf 78' lang='grc' dir='ltr'><em>ἀνάγκης</em></span> <span class='ocrx_word' id='word_1_337' title='bbox 1691 4468 1832 4527; x_wconf 74' lang='grc' dir='ltr'><em>εἶναι</em></span> <span class='ocrx_word' id='word_1_338' title='bbox 1874 4475 1952 4542; x_wconf 84' lang='grc' dir='ltr'><em>τὺ,</em></span> 
     </span>
    </p>
   </div>
   <div class='ocr_carea' id='block_1_46' title="bbox 261 4542 1956 4631">
    <p class='ocr_par' dir='ltr' id='par_1_46' title="bbox 261 4542 1956 4631">
     <span class='ocr_line' id='line_1_46' title="bbox 261 4542 1956 4631; baseline 0.014 -36"><span class='ocrx_word' id='word_1_339' title='bbox 261 4542 590 4612; x_wconf 84' lang='grc' dir='ltr'><em>Δεδεμένος</em></span> <span class='ocrx_word' id='word_1_340' title='bbox 621 4546 703 4612; x_wconf 85' lang='grc' dir='ltr'><em>τῷ</em></span> <span class='ocrx_word' id='word_1_341' title='bbox 737 4550 1034 4619; x_wconf 84' lang='grc' dir='ltr'><em>Πνεύματι</em></span> <span class='ocrx_word' id='word_1_342' title='bbox 1089 4555 1446 4624; x_wconf 88' lang='grc' dir='ltr'><em>πορεύομαι,</em></span> <span class='ocrx_word' id='word_1_343' title='bbox 1487 4560 1622 4630; x_wconf 80' lang='grc' dir='ltr'><em>μηδὲ</em></span> <span class='ocrx_word' id='word_1_344' title='bbox 1655 4560 1956 4631; x_wconf 73' lang='grc' dir='ltr'><em>ἀγνοοῦντα</em></span> 
     </span>
    </p>
   </div>
   <div class='ocr_carea' id='block_1_47' title="bbox 259 4628 1955 4712">
    <p class='ocr_par' dir='ltr' id='par_1_47' title="bbox 259 4628 1955 4712">
     <span class='ocr_line' id='line_1_47' title="bbox 259 4628 1955 4712; baseline 0.013 -30"><span class='ocrx_word' id='word_1_345' title='bbox 259 4628 428 4682; x_wconf 75' lang='grc' dir='ltr'><em>αὑτὸν</em></span> <span class='ocrx_word' id='word_1_346' title='bbox 454 4631 743 4700; x_wconf 77' lang='grc' dir='ltr'><em>ἐμπεσεῖν,</em></span> <span class='ocrx_word' id='word_1_347' title='bbox 770 4634 858 4688; x_wconf 85' lang='grc' dir='ltr'><em>διὰ</em></span> <span class='ocrx_word' id='word_1_348' title='bbox 907 4636 1068 4690; x_wconf 81' lang='grc' dir='ltr'><em>τοῦτο</em></span> <span class='ocrx_word' id='word_1_349' title='bbox 1105 4639 1279 4693; x_wconf 78' lang='grc' dir='ltr'><em>ταῦτα</em></span> <span class='ocrx_word' id='word_1_350' title='bbox 1324 4628 1672 4712; x_wconf 84' lang='grc' dir='ltr'><em>προλέγεται.</em></span> <span class='ocrx_word' id='word_1_351' title='bbox 1705 4628 1882 4701; x_wconf 17' lang='grc' dir='ltr'><em>Ὕ⁹Λλλ⁹</em></span> <span class='ocrx_word' id='word_1_352' title='bbox 1906 4653 1955 4705; x_wconf 90' lang='grc' dir='ltr'><em>οἱ</em></span> 
     </span>
    </p>
   </div>
   <div class='ocr_carea' id='block_1_48' title="bbox 263 4717 1953 4809">
    <p class='ocr_par' dir='ltr' id='par_1_48' title="bbox 263 4717 1953 4809">
     <span class='ocr_line' id='line_1_48' title="bbox 263 4717 1953 4809; baseline 0.015 -41"><span class='ocrx_word' id='word_1_353' title='bbox 263 4717 368 4788; x_wconf 86' lang='grc' dir='ltr'><em>μὲν</em></span> <span class='ocrx_word' id='word_1_354' title='bbox 396 4718 630 4784; x_wconf 71' lang='grc' dir='ltr'><em>ἔκλαιον,</em></span> <span class='ocrx_word' id='word_1_355' title='bbox 664 4722 826 4786; x_wconf 80' lang='grc' dir='ltr'><em>αὐτὸς</em></span> <span class='ocrx_word' id='word_1_356' title='bbox 845 4722 902 4776; x_wconf 88' lang='grc' dir='ltr'><em>δὲ</em></span> <span class='ocrx_word' id='word_1_357' title='bbox 927 4727 1254 4796; x_wconf 83' lang='grc' dir='ltr'><em>παρεκάλει,</em></span> <span class='ocrx_word' id='word_1_358' title='bbox 1274 4729 1459 4797; x_wconf 82' lang='grc' dir='ltr'><em>ἀλγῶν</em></span> <span class='ocrx_word' id='word_1_359' title='bbox 1481 4733 1572 4785; x_wconf 78' lang='grc' dir='ltr'><em>ἐπὶ</em></span> <span class='ocrx_word' id='word_1_360' title='bbox 1591 4736 1704 4798; x_wconf 87' lang='grc' dir='ltr'><em>τοῖς</em></span> <span class='ocrx_word' id='word_1_361' title='bbox 1721 4735 1953 4809; x_wconf 87' lang='grc' dir='ltr'><em>δάκρυσι</em></span> 
     </span>
    </p>
   </div>
   <div class='ocr_carea' id='block_1_49' title="bbox 257 4807 1952 4892">
    <p class='ocr_par' dir='ltr' id='par_1_49' title="bbox 257 4807 1952 4892">
     <span class='ocr_line' id='line_1_49' title="bbox 257 4807 1952 4892; baseline 0.013 -32"><span class='ocrx_word' id='word_1_362' title='bbox 257 4809 375 4870; x_wconf 87' lang='grc' dir='ltr'><em>τοῖς</em></span> <span class='ocrx_word' id='word_1_363' title='bbox 414 4807 660 4861; x_wconf 89' lang='grc' dir='ltr'><em>ἐκείνων.</em></span> <span class='ocrx_word' id='word_1_364' title='bbox 717 4811 780 4864; x_wconf 96' lang='grc' dir='ltr'><em>Τί</em></span> <span class='ocrx_word' id='word_1_365' title='bbox 826 4812 1048 4868; x_wconf 85' lang='grc' dir='ltr'><em>ποιεῖτε</em></span> <span class='ocrx_word' id='word_1_366' title='bbox 1090 4815 1220 4886; x_wconf 83' lang='grc' dir='ltr'><em>γὰρ,</em></span> <span class='ocrx_word' id='word_1_367' title='bbox 1263 4819 1429 4888; x_wconf 78' lang='grc' dir='ltr'><em>φησὶ,</em></span> <span class='ocrx_word' id='word_1_368' title='bbox 1483 4824 1804 4892; x_wconf 82' lang='grc' dir='ltr'><em>κλαίοντες</em></span> <span class='ocrx_word' id='word_1_369' title='bbox 1832 4807 1952 4881; x_wconf 66' lang='grc' dir='ltr'><em>⁷καὶ</em></span> 
     </span>
    </p>
   </div>
   <div class='ocr_carea' id='block_1_50' title="bbox 258 4895 1953 4984">
    <p class='ocr_par' dir='ltr' id='par_1_50' title="bbox 258 4895 1953 4984">
     <span class='ocr_line' id='line_1_50' title="bbox 258 4895 1953 4984; baseline 0.013 -38"><span class='ocrx_word' id='word_1_370' title='bbox 258 4895 758 4964; x_wconf 80' lang='grc' dir='ltr'><em>συνθρύπτοντές</em></span> <span class='ocrx_word' id='word_1_371' title='bbox 782 4916 903 4967; x_wconf 92' lang='grc' dir='ltr'><em>μου</em></span> <span class='ocrx_word' id='word_1_372' title='bbox 941 4901 1058 4971; x_wconf 80' lang='grc' dir='ltr'><em>τὴν</em></span> <span class='ocrx_word' id='word_1_373' title='bbox 1086 4903 1382 4972; x_wconf 88' lang='grc' dir='ltr'><em>καρδίαν;</em></span> <span class='ocrx_word' id='word_1_374' title='bbox 1412 4907 1581 4961; x_wconf 85' lang='grc' dir='ltr'><em>Οὐδὲν</em></span> <span class='ocrx_word' id='word_1_375' title='bbox 1616 4911 1832 4966; x_wconf 87' lang='grc' dir='ltr'><em>Παύλου</em></span> <span class='ocrx_word' id='word_1_376' title='bbox 1865 4933 1953 4984; x_wconf 80' lang='grc' dir='ltr'><em>φι-</em></span> 
     </span>
    </p>
   </div>
   <div class='ocr_carea' id='block_1_51' title="bbox 259 4982 1950 5073">
    <p class='ocr_par' dir='ltr' id='par_1_51' title="bbox 259 4982 1950 5073">
     <span class='ocr_line' id='line_1_51' title="bbox 259 4982 1950 5073; baseline 0.014 -40"><span class='ocrx_word' id='word_1_377' title='bbox 259 4982 686 5056; x_wconf 82' lang='grc' dir='ltr'><em>λοστοργότερον</em></span> <span class='ocrx_word' id='word_1_378' title='bbox 725 5002 738 5016; x_wconf 89' lang='grc'><strong>·</strong></span> <span class='ocrx_word' id='word_1_379' title='bbox 776 4986 860 5041; x_wconf 82' lang='grc' dir='ltr'><em>ὅτι</em></span> <span class='ocrx_word' id='word_1_380' title='bbox 910 4988 1057 5061; x_wconf 85' lang='grc' dir='ltr'><em>ἐώρα</em></span> <span class='ocrx_word' id='word_1_381' title='bbox 1102 4990 1462 5064; x_wconf 90' lang='grc' dir='ltr'><em>δακρύοντας,</em></span> <span class='ocrx_word' id='word_1_382' title='bbox 1487 4997 1648 5068; x_wconf 72' lang='grc' dir='ltr'><em>ἤλγει</em></span> <span class='ocrx_word' id='word_1_383' title='bbox 1674 5002 1702 5054; x_wconf 86' lang='grc' dir='ltr'>ὁ</span> <span class='ocrx_word' id='word_1_384' title='bbox 1736 5001 1812 5073; x_wconf 84' lang='grc' dir='ltr'><em>μὴ</em></span> <span class='ocrx_word' id='word_1_385' title='bbox 1845 4982 1950 5057; x_wconf 75' lang='grc' dir='ltr'><em>πά-</em></span> 
     </span>
    </p>
   </div>
   <div class='ocr_carea' id='block_1_52' title="bbox 261 5071 1948 5157">
    <p class='ocr_par' dir='ltr' id='par_1_52' title="bbox 261 5071 1948 5157">
     <span class='ocr_line' id='line_1_52' title="bbox 261 5071 1948 5157; baseline 0.014 -36"><span class='ocrx_word' id='word_1_386' title='bbox 261 5085 411 5138; x_wconf 85' lang='grc' dir='ltr'><em>σχων</em></span> <span class='ocrx_word' id='word_1_387' title='bbox 434 5071 528 5125; x_wconf 68' lang='grc' dir='ltr'><em>ἐπὶ</em></span> <span class='ocrx_word' id='word_1_388' title='bbox 550 5075 662 5136; x_wconf 87' lang='grc' dir='ltr'><em>τοῖς</em></span> <span class='ocrx_word' id='word_1_389' title='bbox 687 5074 910 5140; x_wconf 73' lang='grc' dir='ltr'><em>οἰκείοις</em></span> <span class='ocrx_word' id='word_1_390' title='bbox 943 5083 1292 5151; x_wconf 83' lang='grc' dir='ltr'><em>πειρασμοῖς.</em></span> <span class='ocrx_word' id='word_1_391' title='bbox 1337 5083 1469 5155; x_wconf 83' lang='grc' dir='ltr'><em>Ἐμὲ</em></span> <span class='ocrx_word' id='word_1_392' title='bbox 1509 5071 1747 5142; x_wconf 83' lang='grc' dir='ltr'><em>ἀδικεῖτε</em></span> <span class='ocrx_word' id='word_1_393' title='bbox 1769 5071 1948 5157; x_wconf 77' lang='grc' dir='ltr'><em>τοῦτο,</em></span> 
     </span>
    </p>
   </div>
   <div class='ocr_carea' id='block_1_53' title="bbox 259 5157 1946 5248">
    <p class='ocr_par' dir='ltr' id='par_1_53' title="bbox 259 5157 1946 5248">
     <span class='ocr_line' id='line_1_53' title="bbox 259 5157 1946 5248; baseline 0.015 -39"><span class='ocrx_word' id='word_1_394' title='bbox 259 5157 730 5248; x_wconf 45' lang='grc' dir='ltr'><em>φιλικὴ-ποιοῦντες</em></span> <span class='ocrx_word' id='word_1_395' title='bbox 762 5178 775 5192; x_wconf 85' lang='grc'>⁶</span> <span class='ocrx_word' id='word_1_396' title='bbox 816 5163 890 5235; x_wconf 77' lang='grc' dir='ltr'><em>μὴ</em></span> <span class='ocrx_word' id='word_1_397' title='bbox 929 5164 1038 5238; x_wconf 88' lang='grc' dir='ltr'><em>γὰρ</em></span> <span class='ocrx_word' id='word_1_398' title='bbox 1069 5167 1180 5236; x_wconf 89' lang='grc' dir='ltr'><em>ἐγὼ</em></span> <span class='ocrx_word' id='word_1_399' title='bbox 1215 5170 1402 5239; x_wconf 87' lang='grc' dir='ltr'><em>ἀλγῶ;</em></span> <span class='ocrx_word' id='word_1_400' title='bbox 1436 5174 1570 5229; x_wconf 83' lang='grc' dir='ltr'><em>Τότε</em></span> <span class='ocrx_word' id='word_1_401' title='bbox 1615 5177 1946 5248; x_wconf 84' lang='grc' dir='ltr'><em>ἐπαύσαντο,</em></span> 
     </span>
    </p>
   </div>
   <div class='ocr_carea' id='block_1_54' title="bbox 255 5238 1946 5336">
    <p class='ocr_par' dir='ltr' id='par_1_54' title="bbox 255 5238 1946 5336">
     <span class='ocr_line' id='line_1_54' title="bbox 255 5238 1946 5336; baseline 0.015 -40"><span class='ocrx_word' id='word_1_402' title='bbox 255 5245 350 5298; x_wconf 79' lang='grc' dir='ltr'><em>ὅτε</em></span> <span class='ocrx_word' id='word_1_403' title='bbox 391 5238 512 5298; x_wconf 77' lang='grc' dir='ltr'><em>εἷπε</em></span> <span class='ocrx_word' id='word_1_404' title='bbox 542 5263 557 5277; x_wconf 79' lang='grc' dir='ltr'><strong>ο</strong></span> <span class='ocrx_word' id='word_1_405' title='bbox 595 5248 654 5301; x_wconf 88' lang='grc' dir='ltr'><em>Τί</em></span> <span class='ocrx_word' id='word_1_406' title='bbox 688 5250 909 5305; x_wconf 83' lang='grc' dir='ltr'><em>ποιεῖτε</em></span> <span class='ocrx_word' id='word_1_407' title='bbox 951 5238 1446 5326; x_wconf 84' lang='grc' dir='ltr'><em>συνθρύπτοντές</em></span> <span class='ocrx_word' id='word_1_408' title='bbox 1487 5278 1608 5330; x_wconf 92' lang='grc' dir='ltr'><em>μου</em></span> <span class='ocrx_word' id='word_1_409' title='bbox 1650 5263 1766 5333; x_wconf 82' lang='grc' dir='ltr'><em>τὴν</em></span> <span class='ocrx_word' id='word_1_410' title='bbox 1805 5238 1946 5336; x_wconf 54' lang='grc' dir='ltr'><em>καρλ</em></span> 
     </span>
    </p>
   </div>
   <div class='ocr_carea' id='block_1_55' title="bbox 254 5332 1944 5426">
    <p class='ocr_par' dir='ltr' id='par_1_55' title="bbox 254 5332 1944 5426">
     <span class='ocr_line' id='line_1_55' title="bbox 254 5332 1944 5426; baseline 0.014 -40"><span class='ocrx_word' id='word_1_411' title='bbox 254 5332 436 5398; x_wconf 71' lang='grc' dir='ltr'><em>διἀν;</em></span> <span class='ocrx_word' id='word_1_412' title='bbox 475 5336 590 5405; x_wconf 82' lang='grc' dir='ltr'><em>Ἐφ’</em></span> <span class='ocrx_word' id='word_1_413' title='bbox 631 5337 763 5408; x_wconf 83' lang='grc' dir='ltr'><em>ὑμῖν</em></span> <span class='ocrx_word' id='word_1_414' title='bbox 786 5340 976 5406; x_wconf 86' lang='grc' dir='ltr'><em>κλαίω,</em></span> <span class='ocrx_word' id='word_1_415' title='bbox 1016 5346 1202 5414; x_wconf 76' lang='grc' dir='ltr'><em>φησὶν,</em></span> <span class='ocrx_word' id='word_1_416' title='bbox 1238 5344 1339 5400; x_wconf 80' lang='grc' dir='ltr'><em>οὐκ</em></span> <span class='ocrx_word' id='word_1_417' title='bbox 1380 5348 1474 5401; x_wconf 77' lang='grc' dir='ltr'><em>ἐπὶ</em></span> <span class='ocrx_word' id='word_1_418' title='bbox 1519 5352 1633 5416; x_wconf 87' lang='grc' dir='ltr'><em>τοῖς</em></span> <span class='ocrx_word' id='word_1_419' title='bbox 1679 5332 1944 5426; x_wconf 71' lang='grc' dir='ltr'><em>παθήμα-⁵</em></span> 
     </span>
    </p>
   </div>
   <div class='ocr_carea' id='block_1_56' title="bbox 256 5423 1946 5514">
    <p class='ocr_par' dir='ltr' id='par_1_56' title="bbox 256 5423 1946 5514">
     <span class='ocr_line' id='line_1_56' title="bbox 256 5423 1946 5514; baseline 0.015 -40"><span class='ocrx_word' id='word_1_420' title='bbox 256 5439 347 5476; x_wconf 87' lang='grc' dir='ltr'><em>σιν</em></span> <span class='ocrx_word' id='word_1_421' title='bbox 375 5439 389 5452; x_wconf 78' lang='grc' dir='ltr'><strong><em>ο</em></strong></span> <span class='ocrx_word' id='word_1_422' title='bbox 422 5423 566 5495; x_wconf 79' lang='grc' dir='ltr'><em>ὑπὲρ</em></span> <span class='ocrx_word' id='word_1_423' title='bbox 590 5426 700 5498; x_wconf 90' lang='grc' dir='ltr'><em>γάρ</em></span> <span class='ocrx_word' id='word_1_424' title='bbox 723 5426 946 5482; x_wconf 85' lang='grc' dir='ltr'><em>ἐκείνων</em></span> <span class='ocrx_word' id='word_1_425' title='bbox 977 5431 1071 5484; x_wconf 71' lang='grc' dir='ltr'><em>καὶ</em></span> <span class='ocrx_word' id='word_1_426' title='bbox 1103 5433 1396 5488; x_wconf 81' lang='grc' dir='ltr'><em>ἀποθανεῖν</em></span> <span class='ocrx_word' id='word_1_427' title='bbox 1420 5423 1946 5514; x_wconf 77' lang='grc' dir='ltr'><em>βούλομαι.”1δωμεν</em></span> 
     </span>
    </p>
   </div>
   <div class='ocr_carea' id='block_1_57' title="bbox 253 5509 1951 5602">
    <p class='ocr_par' dir='ltr' id='par_1_57' title="bbox 253 5509 1951 5602">
     <span class='ocr_line' id='line_1_57' title="bbox 253 5509 1951 5602; baseline 0.014 -39"><span class='ocrx_word' id='word_1_428' title='bbox 253 5509 314 5563; x_wconf 77' lang='grc' dir='ltr'><em>δὲ</em></span> <span class='ocrx_word' id='word_1_429' title='bbox 346 5510 554 5602; x_wconf 61' lang='grc' dir='ltr'><em>ἀνωθεν</em></span> <span class='ocrx_word' id='word_1_430' title='bbox 575 5514 968 5602; x_wconf 14' lang='grc' dir='ltr'><em>τάνείρημένα.</em></span> <span class='ocrx_word' id='word_1_431' title='bbox 1013 5521 1324 5592; x_wconf 71' lang='grc' dir='ltr'><em>Ἀργυρίου</em></span> <span class='ocrx_word' id='word_1_432' title='bbox 1370 5525 1408 5594; x_wconf 80' lang='grc' dir='ltr'>ἢ</span> <span class='ocrx_word' id='word_1_433' title='bbox 1455 5509 1716 5595; x_wconf 86' lang='grc' dir='ltr'><em>χρυσίου</em></span> <span class='ocrx_word' id='word_1_434' title='bbox 1748 5531 1786 5601; x_wconf 77' lang='grc' dir='ltr'>ἢ</span> <span class='ocrx_word' id='word_1_435' title='bbox 1820 5509 1951 5602; x_wconf 80' lang='grc' dir='ltr'><em>ίμα-</em></span> 
     </span>
    </p>
   </div>
   <div class='ocr_carea' id='block_1_58' title="bbox 254 5599 1938 5689">
    <p class='ocr_par' dir='ltr' id='par_1_58' title="bbox 254 5599 1938 5689">
     <span class='ocr_line' id='line_1_58' title="bbox 254 5599 1938 5689; baseline 0.015 -40"><span class='ocrx_word' id='word_1_436' title='bbox 254 5599 498 5672; x_wconf 84' lang='grc' dir='ltr'><em>τισμοῦ,</em></span> <span class='ocrx_word' id='word_1_437' title='bbox 546 5601 736 5670; x_wconf 77' lang='grc' dir='ltr'><em>φησὶν,</em></span> <span class='ocrx_word' id='word_1_438' title='bbox 786 5605 1037 5674; x_wconf 84' lang='grc' dir='ltr'><em>οὐδενὸς</em></span> <span class='ocrx_word' id='word_1_439' title='bbox 1091 5610 1445 5681; x_wconf 82' lang='grc' dir='ltr'><em>ἐπεθύμησα</em></span> <span class='ocrx_word' id='word_1_440' title='bbox 1487 5631 1500 5646; x_wconf 79' lang='grc'><strong><em>⁸</em></strong></span> <span class='ocrx_word' id='word_1_441' title='bbox 1535 5617 1707 5671; x_wconf 86' lang='grc' dir='ltr'><em>αὺτοί</em></span> <span class='ocrx_word' id='word_1_442' title='bbox 1767 5599 1938 5689; x_wconf 61' lang='grc' dir='ltr'><em>γινώ-</em></span> 
     </span>
    </p>
   </div>
   <div class='ocr_carea' id='block_1_59' title="bbox 251 5687 1943 5777">
    <p class='ocr_par' dir='ltr' id='par_1_59' title="bbox 251 5687 1943 5777">
     <span class='ocr_line' id='line_1_59' title="bbox 251 5687 1943 5777; baseline 0.015 -40"><span class='ocrx_word' id='word_1_443' title='bbox 251 5699 458 5750; x_wconf 75' lang='grc' dir='ltr'><em>σκετε,</em></span> <span class='ocrx_word' id='word_1_444' title='bbox 490 5687 580 5743; x_wconf 87' lang='grc' dir='ltr'><em>ὅτι</em></span> <span class='ocrx_word' id='word_1_445' title='bbox 601 5691 731 5757; x_wconf 86' lang='grc' dir='ltr'><em>ταῖς</em></span> <span class='ocrx_word' id='word_1_446' title='bbox 758 5694 987 5763; x_wconf 80' lang='grc' dir='ltr'><em>χρείαις</em></span> <span class='ocrx_word' id='word_1_447' title='bbox 1010 5715 1132 5766; x_wconf 90' lang='grc' dir='ltr'><em>μου</em></span> <span class='ocrx_word' id='word_1_448' title='bbox 1175 5699 1272 5752; x_wconf 77' lang='grc' dir='ltr'><em>καὶ</em></span> <span class='ocrx_word' id='word_1_449' title='bbox 1305 5702 1430 5770; x_wconf 85' lang='grc' dir='ltr'><em>τοῖς</em></span> <span class='ocrx_word' id='word_1_450' title='bbox 1470 5703 1612 5758; x_wconf 85' lang='grc' dir='ltr'><em>οὖσι</em></span> <span class='ocrx_word' id='word_1_451' title='bbox 1639 5687 1943 5777; x_wconf 66' lang='grc' dir='ltr'><em>μετ’έμοῦ</em></span> 
     </span>
    </p>
   </div>
   <div class='ocr_carea' id='block_1_60' title="bbox 252 5774 1940 5868">
    <p class='ocr_par' dir='ltr' id='par_1_60' title="bbox 252 5774 1940 5868">
     <span class='ocr_line' id='line_1_60' title="bbox 252 5774 1940 5868; baseline 0.013 -40"><span class='ocrx_word' id='word_1_452' title='bbox 252 5774 651 5844; x_wconf 79' lang='grc' dir='ltr'><em>ὑπηρέτησαν</em></span> <span class='ocrx_word' id='word_1_453' title='bbox 687 5784 748 5836; x_wconf 89' lang='lat' dir='ltr'><em>al</em></span> <span class='ocrx_word' id='word_1_454' title='bbox 803 5800 996 5854; x_wconf 78' lang='grc' dir='ltr'><em>χειρες</em></span> <span class='ocrx_word' id='word_1_455' title='bbox 1047 5783 1244 5843; x_wconf 87' lang='grc' dir='ltr'><em>αὗται.</em></span> <span class='ocrx_word' id='word_1_456' title='bbox 1293 5791 1406 5844; x_wconf 80' lang='grc' dir='ltr'><em>Οὐκ</em></span> <span class='ocrx_word' id='word_1_457' title='bbox 1465 5794 1573 5864; x_wconf 82' lang='grc' dir='ltr'><em>ἄρα</em></span> <span class='ocrx_word' id='word_1_458' title='bbox 1603 5796 1660 5848; x_wconf 81' lang='grc' dir='ltr'><em>ἐν</em></span> <span class='ocrx_word' id='word_1_459' title='bbox 1691 5774 1940 5868; x_wconf 80' lang='grc' dir='ltr'><em>Κορίνθῳ</em></span> 
     </span>
    </p>
   </div>
   <div class='ocr_carea' id='block_1_61' title="bbox 250 5864 1937 5958">
    <p class='ocr_par' dir='ltr' id='par_1_61' title="bbox 250 5864 1937 5958">
     <span class='ocr_line' id='line_1_61' title="bbox 250 5864 1937 5958; baseline 0.017 -44"><span class='ocrx_word' id='word_1_460' title='bbox 250 5864 417 5917; x_wconf 74' lang='grc' dir='ltr'><em>τοῦτο</em></span> <span class='ocrx_word' id='word_1_461' title='bbox 443 5867 769 5934; x_wconf 77' lang='grc' dir='ltr'><em>εἰργάσαντο</em></span> <span class='ocrx_word' id='word_1_462' title='bbox 807 5874 967 5942; x_wconf 82' lang='grc' dir='ltr'><em>μόνυν</em></span> <span class='ocrx_word' id='word_1_463' title='bbox 998 5877 1044 5928; x_wconf 90' lang='grc' dir='ltr'><em>οἱ</em></span> <span class='ocrx_word' id='word_1_464' title='bbox 1067 5877 1472 5950; x_wconf 75' lang='grc' dir='ltr'><em>διαφθείροντες</em></span> <span class='ocrx_word' id='word_1_465' title='bbox 1507 5887 1634 5948; x_wconf 74' lang='grc' dir='ltr'><em>τοὺς</em></span> <span class='ocrx_word' id='word_1_466' title='bbox 1666 5886 1937 5958; x_wconf 79' lang='grc' dir='ltr'><em>μαθητὰς,</em></span> 
     </span>
    </p>
   </div>
   <div class='ocr_carea' id='block_1_62' title="bbox 250 5952 1936 6042">
    <p class='ocr_par' dir='ltr' id='par_1_62' title="bbox 250 5952 1936 6042">
     <span class='ocr_line' id='line_1_62' title="bbox 250 5952 1936 6042; baseline 0.016 -38"><span class='ocrx_word' id='word_1_467' title='bbox 250 5952 396 6004; x_wconf 70' lang='grc' dir='ltr'><em>ἀλλά</em></span> <span class='ocrx_word' id='word_1_468' title='bbox 449 5954 543 6007; x_wconf 77' lang='grc' dir='ltr'><em>καὶ</em></span> <span class='ocrx_word' id='word_1_469' title='bbox 590 5957 649 6009; x_wconf 84' lang='grc' dir='ltr'><em>ἐν</em></span> <span class='ocrx_word' id='word_1_470' title='bbox 695 5959 868 6029; x_wconf 77' lang='grc' dir='ltr'><em>Ἀσία.</em></span> <span class='ocrx_word' id='word_1_471' title='bbox 919 5965 1173 6034; x_wconf 73' lang='grc' dir='ltr'><em>Οὐδαμοῦ</em></span> <span class='ocrx_word' id='word_1_472' title='bbox 1229 5968 1388 6022; x_wconf 81' lang='grc' dir='ltr'><em>τοῦτο</em></span> <span class='ocrx_word' id='word_1_473' title='bbox 1437 5970 1689 6036; x_wconf 73' lang='grc' dir='ltr'><em>ὀνειδίζει</em></span> <span class='ocrx_word' id='word_1_474' title='bbox 1745 5989 1768 6015; x_wconf 71' lang='grc' dir='ltr'><em>ιι</em></span> <span class='ocrx_word' id='word_1_475' title='bbox 1824 5981 1936 6042; x_wconf 81' lang='grc' dir='ltr'><em>τοῖς</em></span> 
     </span>
    </p>
   </div>
   <div class='ocr_carea' id='block_1_63' title="bbox 272 6044 1933 6133">
    <p class='ocr_par' dir='ltr' id='par_1_63' title="bbox 272 6044 1933 6133">
     <span class='ocr_line' id='line_1_63' title="bbox 272 6044 1933 6133; baseline 0.014 -35"><span class='ocrx_word' id='word_1_476' title='bbox 272 6044 537 6112; x_wconf 73' lang='grc' dir='ltr'><em>Ἐφεσίοις</em></span> <span class='ocrx_word' id='word_1_477' title='bbox 562 6047 807 6119; x_wconf 55' lang='grc' dir='ltr'><em>γράσων.</em></span> <span class='ocrx_word' id='word_1_478' title='bbox 859 6051 922 6104; x_wconf 87' lang='grc' dir='ltr'><em>Τί</em></span> <span class='ocrx_word' id='word_1_479' title='bbox 954 6055 1186 6123; x_wconf 80' lang='grc' dir='ltr'><em>δήποτε;</em></span> <span class='ocrx_word' id='word_1_480' title='bbox 1237 6057 1360 6110; x_wconf 85' lang='grc' dir='ltr'><em>Ὅτι</em></span> <span class='ocrx_word' id='word_1_481' title='bbox 1408 6061 1508 6114; x_wconf 75' lang='grc' dir='ltr'><em>ουκ</em></span> <span class='ocrx_word' id='word_1_482' title='bbox 1552 6065 1805 6121; x_wconf 74' lang='grc' dir='ltr'><em>ἐνέπεσεν</em></span> <span class='ocrx_word' id='word_1_483' title='bbox 1855 6072 1933 6133; x_wconf 78' lang='grc' dir='ltr'><em>εἰς</em></span> 
     </span>
    </p>
   </div>
   <div class='ocr_carea' id='block_1_64' title="bbox 324 6131 1520 6205">
    <p class='ocr_par' dir='ltr' id='par_1_64' title="bbox 324 6131 1520 6205">
     <span class='ocr_line' id='line_1_64' title="bbox 324 6131 1520 6205; baseline 0.013 -24"><span class='ocrx_word' id='word_1_484' title='bbox 324 6133 348 6162; x_wconf 81' lang='grc'><strong><em>⁸</em></strong></span> <span class='ocrx_word' id='word_1_485' title='bbox 382 6131 533 6197; x_wconf 71' lang='grc' dir='ltr'><em>[ω.ιῆ</em></span> <span class='ocrx_word' id='word_1_486' title='bbox 554 6136 708 6190; x_wconf 81' lang='grc' dir='ltr'><em>Ἀσία·</em></span> <span class='ocrx_word' id='word_1_487' title='bbox 736 6141 840 6190; x_wconf 77' lang='grc' dir='ltr'><em>ἀλλ’</em></span> <span class='ocrx_word' id='word_1_488' title='bbox 866 6141 1075 6205; x_wconf 64' lang='grc' dir='ltr'><em>οὒδαμοῦ</em></span> <span class='ocrx_word' id='word_1_489' title='bbox 1096 6145 1237 6196; x_wconf 69' lang='grc' dir='ltr'><em>τοῦτο</em></span> <span class='ocrx_word' id='word_1_490' title='bbox 1267 6151 1520 6199; x_wconf 49' lang='lat' dir='ltr'><em>aus-:02».</em></span> 
     </span>
    </p>
   </div>
   <div class='ocr_carea' id='block_1_65' title="bbox 1373 437 2708 536">
    <p class='ocr_par' dir='ltr' id='par_1_65' title="bbox 1373 437 2708 536">
     <span class='ocr_line' id='line_1_65' title="bbox 1373 437 2708 536; baseline 0.005 -8"><span class='ocrx_word' id='word_1_491' title='bbox 1373 474 1439 529; x_wconf 79' lang='lat' dir='ltr'><em>IN</em></span> <span class='ocrx_word' id='word_1_492' title='bbox 1473 475 1655 531; x_wconf 80' lang='lat' dir='ltr'><em>ACTA</em></span> <span class='ocrx_word' id='word_1_493' title='bbox 1697 437 2256 536; x_wconf 60' lang='grc' dir='ltr'><em>Αροδτοιοιιυυξ</em></span> <span class='ocrx_word' id='word_1_494' title='bbox 2279 477 2514 536; x_wconf 63' lang='grc' dir='ltr'><em>ιιοιιιι..</em></span> <span class='ocrx_word' id='word_1_495' title='bbox 2552 477 2708 536; x_wconf 81' lang='lat' dir='ltr'><em>va.</em></span> 
     </span>
    </p>
   </div>
   <div class='ocr_carea' id='block_1_66' title="bbox 293 583 1984 663">
    <p class='ocr_par' dir='ltr' id='par_1_66' title="bbox 293 583 1984 663">
     <span class='ocr_line' id='line_1_66' title="bbox 293 583 1984 663; baseline 0.007 -29"><span class='ocrx_word' id='word_1_496' title='bbox 293 598 456 650; x_wconf 84' lang='grc' dir='ltr'><em>τινες</em></span> <span class='ocrx_word' id='word_1_497' title='bbox 484 583 562 648; x_wconf 82' lang='grc' dir='ltr'><em>τῷ</em></span> <span class='ocrx_word' id='word_1_498' title='bbox 597 588 817 654; x_wconf 86' lang='grc' dir='ltr'><em>Παύλῳ</em></span> <span class='ocrx_word' id='word_1_499' title='bbox 840 588 1055 658; x_wconf 79' lang='grc' dir='ltr'><em>ἔλεγον</em></span> <span class='ocrx_word' id='word_1_500' title='bbox 1082 589 1179 643; x_wconf 85' lang='grc' dir='ltr'><em>διὰ</em></span> <span class='ocrx_word' id='word_1_501' title='bbox 1205 591 1309 644; x_wconf 92' lang='grc' dir='ltr'><em>τοῦ</em></span> <span class='ocrx_word' id='word_1_502' title='bbox 1342 594 1688 662; x_wconf 87' lang='grc' dir='ltr'><em>Πνεύματος</em></span> <span class='ocrx_word' id='word_1_503' title='bbox 1725 593 1808 663; x_wconf 81' lang='grc' dir='ltr'><em>μὴ</em></span> <span class='ocrx_word' id='word_1_504' title='bbox 1840 594 1984 647; x_wconf 83' lang='grc' dir='ltr'><em>ἀνα-</em></span> 
     </span>
    </p>
   </div>
   <div class='ocr_carea' id='block_1_67' title="bbox 3665 477 3778 532">
    <p class='ocr_par' dir='ltr' id='par_1_67' title="bbox 3665 477 3778 532">
     <span class='ocr_line' id='line_1_67' title="bbox 3665 477 3778 532; baseline 0 -1"><span class='ocrx_word' id='word_1_505' title='bbox 3665 477 3778 532; x_wconf 69' lang='grc' dir='ltr'><em>δίίν</em></span> 
     </span>
    </p>
   </div>
   <div class='ocr_carea' id='block_1_68' title="bbox 2092 592 3770 667">
    <p class='ocr_par' dir='ltr' id='par_1_68' title="bbox 2092 592 3770 667">
     <span class='ocr_line' id='line_1_68' title="bbox 2092 592 3770 667; baseline -0.002 -20"><span class='ocrx_word' id='word_1_506' title='bbox 2092 595 2362 667; x_wconf 82' lang='grc' dir='ltr'><em>ἀνάγκην.</em></span> <span class='ocrx_word' id='word_1_507' title='bbox 2409 596 2571 649; x_wconf 77' lang='grc' dir='ltr'><em>Ἀλλά</em></span> <span class='ocrx_word' id='word_1_508' title='bbox 2594 596 2690 649; x_wconf 76' lang='grc' dir='ltr'><em>καὶ</em></span> <span class='ocrx_word' id='word_1_509' title='bbox 2721 592 3034 667; x_wconf 82' lang='grc' dir='ltr'><em>Κορινθίοις</em></span> <span class='ocrx_word' id='word_1_510' title='bbox 3059 592 3211 662; x_wconf 75' lang='grc' dir='ltr'><em>λέγει</em></span> <span class='ocrx_word' id='word_1_511' title='bbox 3244 609 3259 626; x_wconf 75' lang='grc' dir='ltr'><strong><em>ο</em></strong></span> <span class='ocrx_word' id='word_1_512' title='bbox 3294 593 3416 650; x_wconf 78' lang='grc' dir='ltr'><em>Οὐκ</em></span> <span class='ocrx_word' id='word_1_513' title='bbox 3441 592 3672 663; x_wconf 60' lang='grc' dir='ltr'><em>ἐρράγη</em></span> <span class='ocrx_word' id='word_1_514' title='bbox 3704 594 3770 645; x_wconf 85' lang='grc' dir='ltr'><em>τὸ</em></span> 
     </span>
    </p>
   </div>
   <div class='ocr_carea' id='block_1_69' title="bbox 2088 681 3773 755">
    <p class='ocr_par' dir='ltr' id='par_1_69' title="bbox 2088 681 3773 755">
     <span class='ocr_line' id='line_1_69' title="bbox 2088 681 3773 755; baseline -0.002 -19"><span class='ocrx_word' id='word_1_515' title='bbox 2088 685 2366 753; x_wconf 84' lang='grc' dir='ltr'><em>καύχημά</em></span> <span class='ocrx_word' id='word_1_516' title='bbox 2396 703 2511 755; x_wconf 87' lang='grc' dir='ltr'><em>μου</em></span> <span class='ocrx_word' id='word_1_517' title='bbox 2547 685 2618 738; x_wconf 85' lang='grc' dir='ltr'><em>ὲν</em></span> <span class='ocrx_word' id='word_1_518' title='bbox 2660 683 2786 750; x_wconf 87' lang='grc' dir='ltr'><em>τοῖς</em></span> <span class='ocrx_word' id='word_1_519' title='bbox 2821 688 3075 754; x_wconf 82' lang='grc' dir='ltr'><em>κλίμασι</em></span> <span class='ocrx_word' id='word_1_520' title='bbox 3102 681 3212 751; x_wconf 77' lang='grc' dir='ltr'><em>τῆς</em></span> <span class='ocrx_word' id='word_1_521' title='bbox 3253 683 3507 752; x_wconf 75' lang='grc' dir='ltr'><em>Ἀχαΐας.</em></span> <span class='ocrx_word' id='word_1_522' title='bbox 3532 681 3645 735; x_wconf 85' lang='lat' dir='ltr'><em>Kal</em></span> <span class='ocrx_word' id='word_1_523' title='bbox 3671 681 3773 733; x_wconf 84' lang='grc' dir='ltr'><em>οὐκ</em></span> 
     </span>
    </p>
   </div>
   <div class='ocr_carea' id='block_1_70' title="bbox 2089 768 3773 842">
    <p class='ocr_par' dir='ltr' id='par_1_70' title="bbox 2089 768 3773 842">
     <span class='ocr_line' id='line_1_70' title="bbox 2089 768 3773 842; baseline -0.002 -18"><span class='ocrx_word' id='word_1_524' title='bbox 2089 768 2267 838; x_wconf 81' lang='grc' dir='ltr'><em>εἶπεν,</em></span> <span class='ocrx_word' id='word_1_525' title='bbox 2299 773 2413 826; x_wconf 83' lang='grc' dir='ltr'><em>Ούκ</em></span> <span class='ocrx_word' id='word_1_526' title='bbox 2444 771 2680 826; x_wconf 81' lang='grc' dir='ltr'><em>ἐδώκατέ</em></span> <span class='ocrx_word' id='word_1_527' title='bbox 2730 790 2819 842; x_wconf 87' lang='grc' dir='ltr'><em>μοι</em></span> <span class='ocrx_word' id='word_1_528' title='bbox 2849 788 2864 801; x_wconf 69' lang='grc' dir='ltr'><strong>ο</strong></span> <span class='ocrx_word' id='word_1_529' title='bbox 2887 772 3045 836; x_wconf 75' lang='grc' dir='ltr'><em>ἀλλ’,</em></span> <span class='ocrx_word' id='word_1_530' title='bbox 3091 772 3398 842; x_wconf 73' lang='grc' dir='ltr'><em>Ἀργυρίου</em></span> <span class='ocrx_word' id='word_1_531' title='bbox 3427 769 3465 838; x_wconf 81' lang='grc' dir='ltr'><strong>ἢ</strong></span> <span class='ocrx_word' id='word_1_532' title='bbox 3505 769 3773 839; x_wconf 85' lang='grc' dir='ltr'><em>χρυσίου</em></span> 
     </span>
    </p>
   </div>
   <div class='ocr_carea' id='block_1_71' title="bbox 2088 858 3773 932">
    <p class='ocr_par' dir='ltr' id='par_1_71' title="bbox 2088 858 3773 932">
     <span class='ocr_line' id='line_1_71' title="bbox 2088 858 3773 932; baseline -0.004 -18"><span class='ocrx_word' id='word_1_533' title='bbox 2088 859 2128 928; x_wconf 79' lang='grc' dir='ltr'>ἢ</span> <span class='ocrx_word' id='word_1_534' title='bbox 2163 861 2487 932; x_wconf 75' lang='grc' dir='ltr'><em>ἱματισμοῦ</em></span> <span class='ocrx_word' id='word_1_535' title='bbox 2523 864 2637 916; x_wconf 79' lang='grc' dir='ltr'><em>οὐκ</em></span> <span class='ocrx_word' id='word_1_536' title='bbox 2670 863 3045 932; x_wconf 75' lang='grc' dir='ltr'><em>ἑπεθῦμησα,</em></span> <span class='ocrx_word' id='word_1_537' title='bbox 3105 861 3194 913; x_wconf 85' lang='grc' dir='ltr'><em>ἵνα</em></span> <span class='ocrx_word' id='word_1_538' title='bbox 3253 860 3331 930; x_wconf 85' lang='grc' dir='ltr'><em>μὴ</em></span> <span class='ocrx_word' id='word_1_539' title='bbox 3391 859 3517 929; x_wconf 76' lang='grc' dir='ltr'><em>δόξῃ</em></span> <span class='ocrx_word' id='word_1_540' title='bbox 3545 858 3773 911; x_wconf 78' lang='grc' dir='ltr'><em>ἐκείνων</em></span> 
     </span>
    </p>
   </div>
   <div class='ocr_carea' id='block_1_72' title="bbox 2085 939 3772 1019">
    <p class='ocr_par' dir='ltr' id='par_1_72' title="bbox 2085 939 3772 1019">
     <span class='ocr_line' id='line_1_72' title="bbox 2085 939 3772 1019; baseline -0.003 -22"><span class='ocrx_word' id='word_1_541' title='bbox 2085 939 2225 998; x_wconf 82' lang='grc' dir='ltr'><em>εἶναι</em></span> <span class='ocrx_word' id='word_1_542' title='bbox 2261 946 2323 999; x_wconf 81' lang='grc' dir='ltr'><em>τὸ</em></span> <span class='ocrx_word' id='word_1_543' title='bbox 2345 950 2419 1019; x_wconf 78' lang='grc' dir='ltr'><em>μὴ</em></span> <span class='ocrx_word' id='word_1_544' title='bbox 2449 947 2649 1001; x_wconf 72' lang='grc' dir='ltr'><em>δοῦναι.</em></span> <span class='ocrx_word' id='word_1_545' title='bbox 2685 948 2793 1000; x_wconf 80' lang='lat' dir='ltr'><em>Kal</em></span> <span class='ocrx_word' id='word_1_546' title='bbox 2836 948 2936 999; x_wconf 78' lang='grc' dir='ltr'><em>οὐκ</em></span> <span class='ocrx_word' id='word_1_547' title='bbox 2969 943 3153 1008; x_wconf 81' lang='grc' dir='ltr'><em>εἶπεν,</em></span> <span class='ocrx_word' id='word_1_548' title='bbox 3185 942 3414 1007; x_wconf 78' lang='grc' dir='ltr'><em>Οὐδενὸς</em></span> <span class='ocrx_word' id='word_1_549' title='bbox 3446 941 3772 1012; x_wconf 84' lang='grc' dir='ltr'><em>ἐπεθύμησα</em></span> 
     </span>
    </p>
   </div>
   <div class='ocr_carea' id='block_1_73' title="bbox 2083 1025 3772 1106">
    <p class='ocr_par' dir='ltr' id='par_1_73' title="bbox 2083 1025 3772 1106">
     <span class='ocr_line' id='line_1_73' title="bbox 2083 1025 3772 1106; baseline -0.002 -21"><span class='ocrx_word' id='word_1_550' title='bbox 2083 1033 2194 1087; x_wconf 87' lang='grc' dir='ltr'><em>τῶν</em></span> <span class='ocrx_word' id='word_1_551' title='bbox 2231 1035 2580 1102; x_wconf 85' lang='grc' dir='ltr'><em>ἀναγκαίων,</em></span> <span class='ocrx_word' id='word_1_552' title='bbox 2616 1036 2703 1088; x_wconf 80' lang='grc' dir='ltr'><em>ἴνα</em></span> <span class='ocrx_word' id='word_1_553' title='bbox 2747 1035 2821 1106; x_wconf 84' lang='grc' dir='ltr'><em>μὴ</em></span> <span class='ocrx_word' id='word_1_554' title='bbox 2874 1035 3001 1106; x_wconf 80' lang='grc' dir='ltr'><em>δόξῃ</em></span> <span class='ocrx_word' id='word_1_555' title='bbox 3049 1034 3212 1089; x_wconf 89' lang='grc' dir='ltr'><em>πάλιν</em></span> <span class='ocrx_word' id='word_1_556' title='bbox 3272 1029 3583 1102; x_wconf 75' lang='grc' dir='ltr'><em>κατηγορία</em></span> <span class='ocrx_word' id='word_1_557' title='bbox 3633 1025 3772 1082; x_wconf 72' lang='grc' dir='ltr'><em>εἶναι</em></span> 
     </span>
    </p>
   </div>
   <div class='ocr_carea' id='block_1_74' title="bbox 2081 1118 3774 1189">
    <p class='ocr_par' dir='ltr' id='par_1_74' title="bbox 2081 1118 3774 1189">
     <span class='ocr_line' id='line_1_74' title="bbox 2081 1118 3774 1189; baseline -0.002 -15"><span class='ocrx_word' id='word_1_558' title='bbox 2081 1121 2314 1175; x_wconf 84' lang='grc' dir='ltr'><em>ἐκείνων</em></span> <span class='ocrx_word' id='word_1_559' title='bbox 2349 1141 2360 1154; x_wconf 92' lang='grc'><strong>·</strong></span> <span class='ocrx_word' id='word_1_560' title='bbox 2401 1123 2538 1177; x_wconf 85' lang='grc' dir='ltr'><em>ἀλλά</em></span> <span class='ocrx_word' id='word_1_561' title='bbox 2580 1123 2742 1176; x_wconf 79' lang='grc' dir='ltr'><em>τοῦτο</em></span> <span class='ocrx_word' id='word_1_562' title='bbox 2776 1125 3098 1189; x_wconf 79' lang='grc' dir='ltr'><em>αἰνίττεται,</em></span> <span class='ocrx_word' id='word_1_563' title='bbox 3147 1124 3230 1177; x_wconf 82' lang='grc' dir='ltr'><em>ὅτι</em></span> <span class='ocrx_word' id='word_1_564' title='bbox 3265 1120 3500 1183; x_wconf 82' lang='grc' dir='ltr'><em>εἰκότως.</em></span> <span class='ocrx_word' id='word_1_565' title='bbox 3522 1119 3621 1172; x_wconf 78' lang='grc' dir='ltr'><em>οὐκ</em></span> <span class='ocrx_word' id='word_1_566' title='bbox 3651 1118 3774 1171; x_wconf 83' lang='grc' dir='ltr'><em>ἕλα-</em></span> 
     </span>
    </p>
   </div>
   <div class='ocr_carea' id='block_1_75' title="bbox 2083 1205 3774 1283">
    <p class='ocr_par' dir='ltr' id='par_1_75' title="bbox 2083 1205 3774 1283">
     <span class='ocr_line' id='line_1_75' title="bbox 2083 1205 3774 1283; baseline -0.001 -22"><span class='ocrx_word' id='word_1_567' title='bbox 2083 1208 2177 1262; x_wconf 86' lang='grc' dir='ltr'><em>ϐεν</em></span> <span class='ocrx_word' id='word_1_568' title='bbox 2200 1211 2368 1263; x_wconf 86' lang='grc' dir='ltr'><em>ὁπότε</em></span> <span class='ocrx_word' id='word_1_569' title='bbox 2425 1211 2518 1265; x_wconf 74' lang='grc' dir='ltr'><em>καὶ</em></span> <span class='ocrx_word' id='word_1_570' title='bbox 2581 1212 2802 1280; x_wconf 82' lang='grc' dir='ltr'><em>ἐτέρους</em></span> <span class='ocrx_word' id='word_1_571' title='bbox 2837 1210 3090 1283; x_wconf 73' lang='grc' dir='ltr'><em>ἔτρεφεν.</em></span> <span class='ocrx_word' id='word_1_572' title='bbox 3131 1212 3307 1282; x_wconf 90' lang='grc' dir='ltr'><em>Ὅρα,</em></span> <span class='ocrx_word' id='word_1_573' title='bbox 3342 1208 3460 1271; x_wconf 86' lang='grc' dir='ltr'><em>πῶς</em></span> <span class='ocrx_word' id='word_1_574' title='bbox 3485 1205 3774 1278; x_wconf 76' lang='grc' dir='ltr'><em>είργάζετο</em></span> 
     </span>
    </p>
   </div>
   <div class='ocr_carea' id='block_1_76' title="bbox 2083 1295 3775 1371">
    <p class='ocr_par' dir='ltr' id='par_1_76' title="bbox 2083 1295 3775 1371">
     <span class='ocr_line' id='line_1_76' title="bbox 2083 1295 3775 1371; baseline -0.002 -21"><span class='ocrx_word' id='word_1_575' title='bbox 2083 1296 2222 1366; x_wconf 87' lang='grc' dir='ltr'><em>μετά</em></span> <span class='ocrx_word' id='word_1_576' title='bbox 2246 1298 2486 1368; x_wconf 78' lang='grc' dir='ltr'><em>σπουδῆς</em></span> <span class='ocrx_word' id='word_1_577' title='bbox 2524 1299 2810 1371; x_wconf 82' lang='grc' dir='ltr'><em>ἄνθρωπος</em></span> <span class='ocrx_word' id='word_1_578' title='bbox 2851 1300 3024 1354; x_wconf 89' lang='grc' dir='ltr'><em>νύκτα</em></span> <span class='ocrx_word' id='word_1_579' title='bbox 3072 1300 3169 1354; x_wconf 76' lang='grc' dir='ltr'><em>καὶ</em></span> <span class='ocrx_word' id='word_1_580' title='bbox 3208 1298 3421 1370; x_wconf 80' lang='grc' dir='ltr'><em>ἡμέραν</em></span> <span class='ocrx_word' id='word_1_581' title='bbox 3452 1295 3775 1366; x_wconf 78' lang='grc' dir='ltr'><em>διαλεγόμε-</em></span> 
     </span>
    </p>
   </div>
   <div class='ocr_carea' id='block_1_77' title="bbox 2078 1385 3775 1459">
    <p class='ocr_par' dir='ltr' id='par_1_77' title="bbox 2078 1385 3775 1459">
     <span class='ocr_line' id='line_1_77' title="bbox 2078 1385 3775 1459; baseline -0.002 -20"><span class='ocrx_word' id='word_1_582' title='bbox 2078 1402 2169 1448; x_wconf 86' lang='grc' dir='ltr'><em>νος</em></span> <span class='ocrx_word' id='word_1_583' title='bbox 2207 1386 2345 1456; x_wconf 87' lang='grc' dir='ltr'><em>μετά</em></span> <span class='ocrx_word' id='word_1_584' title='bbox 2367 1387 2640 1459; x_wconf 83' lang='grc' dir='ltr'><em>δακρύων,</em></span> <span class='ocrx_word' id='word_1_585' title='bbox 2671 1389 2768 1442; x_wconf 74' lang='grc' dir='ltr'><em>ἕνα</em></span> <span class='ocrx_word' id='word_1_586' title='bbox 2807 1389 3039 1444; x_wconf 74' lang='grc' dir='ltr'><em>ἕκαστον</em></span> <span class='ocrx_word' id='word_1_587' title='bbox 3080 1388 3369 1442; x_wconf 85' lang='grc' dir='ltr'><em>νουθετῶν.</em></span> <span class='ocrx_word' id='word_1_588' title='bbox 3416 1385 3618 1442; x_wconf 77' lang='grc' dir='ltr'><em>Πάντα</em></span> <span class='ocrx_word' id='word_1_589' title='bbox 3662 1387 3775 1438; x_wconf 82' lang='grc' dir='ltr'><em>ὐπ-</em></span> 
     </span>
    </p>
   </div>
   <div class='ocr_carea' id='block_1_78' title="bbox 2078 1471 3773 1547">
    <p class='ocr_par' dir='ltr' id='par_1_78' title="bbox 2078 1471 3773 1547">
     <span class='ocr_line' id='line_1_78' title="bbox 2078 1471 3773 1547; baseline -0.001 -22"><span class='ocrx_word' id='word_1_590' title='bbox 2078 1471 2282 1537; x_wconf 80' lang='grc' dir='ltr'><em>ἐδειξα</em></span> <span class='ocrx_word' id='word_1_591' title='bbox 2301 1473 2462 1543; x_wconf 84' lang='grc' dir='ltr'><em>ὑμῖν,</em></span> <span class='ocrx_word' id='word_1_592' title='bbox 2482 1476 2570 1529; x_wconf 83' lang='grc' dir='ltr'><em>ὅτι</em></span> <span class='ocrx_word' id='word_1_593' title='bbox 2593 1477 2746 1530; x_wconf 85' lang='grc' dir='ltr'><em>οὕτω</em></span> <span class='ocrx_word' id='word_1_594' title='bbox 2765 1476 3101 1542; x_wconf 85' lang='grc' dir='ltr'><em>κοπιῶντας</em></span> <span class='ocrx_word' id='word_1_595' title='bbox 3117 1477 3212 1531; x_wconf 86' lang='grc' dir='ltr'><em>δεῖ</em></span> <span class='ocrx_word' id='word_1_596' title='bbox 3223 1475 3773 1547; x_wconf 82' lang='grc' dir='ltr'><em>ἀντιλαμϐάνεσθαι</em></span> 
     </span>
    </p>
   </div>
   <div class='ocr_carea' id='block_1_79' title="bbox 2076 1558 3774 1635">
    <p class='ocr_par' dir='ltr' id='par_1_79' title="bbox 2076 1558 3774 1635">
     <span class='ocr_line' id='line_1_79' title="bbox 2076 1558 3774 1635; baseline 0 -21"><span class='ocrx_word' id='word_1_597' title='bbox 2076 1558 2199 1614; x_wconf 87' lang='grc' dir='ltr'><em>τῶν</em></span> <span class='ocrx_word' id='word_1_598' title='bbox 2221 1560 2666 1618; x_wconf 82' lang='grc' dir='ltr'><em>ἀσθενούντων.</em></span> <span class='ocrx_word' id='word_1_599' title='bbox 2719 1564 2890 1618; x_wconf 73' lang='grc' dir='ltr'><em>Τοῦτο</em></span> <span class='ocrx_word' id='word_1_600' title='bbox 2935 1564 3127 1630; x_wconf 79' lang='grc' dir='ltr'><em>εἰπὼν,</em></span> <span class='ocrx_word' id='word_1_601' title='bbox 3167 1565 3334 1618; x_wconf 88' lang='grc' dir='ltr'><em>πάλιν</em></span> <span class='ocrx_word' id='word_1_602' title='bbox 3378 1564 3666 1635; x_wconf 84' lang='grc' dir='ltr'><em>ἐφόϐησεν.</em></span> <span class='ocrx_word' id='word_1_603' title='bbox 3708 1565 3774 1614; x_wconf 90' lang='grc' dir='ltr'><em>Ὅ</em></span> 
     </span>
    </p>
   </div>
   <div class='ocr_carea' id='block_1_80' title="bbox 2075 1651 3774 1726">
    <p class='ocr_par' dir='ltr' id='par_1_80' title="bbox 2075 1651 3774 1726">
     <span class='ocr_line' id='line_1_80' title="bbox 2075 1651 3774 1726; baseline -0.001 -21"><span class='ocrx_word' id='word_1_604' title='bbox 2075 1651 2133 1705; x_wconf 83' lang='grc' dir='ltr'><em>δὲ</em></span> <span class='ocrx_word' id='word_1_605' title='bbox 2166 1651 2333 1719; x_wconf 85' lang='grc' dir='ltr'><em>λέγει,</em></span> <span class='ocrx_word' id='word_1_606' title='bbox 2367 1653 2525 1706; x_wconf 79' lang='grc' dir='ltr'><em>τοῦτό</em></span> <span class='ocrx_word' id='word_1_607' title='bbox 2549 1657 2695 1707; x_wconf 76' lang='grc' dir='ltr'><em>ἐστιν</em></span> <span class='ocrx_word' id='word_1_608' title='bbox 2726 1671 2740 1686; x_wconf 75' lang='grc' dir='ltr'><strong>ο</strong></span> <span class='ocrx_word' id='word_1_609' title='bbox 2776 1657 2889 1709; x_wconf 77' lang='grc' dir='ltr'><em>Οὐκ</em></span> <span class='ocrx_word' id='word_1_610' title='bbox 2942 1655 3095 1726; x_wconf 78' lang='grc' dir='ltr'><em>ἔχετε</em></span> <span class='ocrx_word' id='word_1_611' title='bbox 3137 1658 3218 1719; x_wconf 89' lang='grc' dir='ltr'><em>εἰς</em></span> <span class='ocrx_word' id='word_1_612' title='bbox 3275 1656 3498 1725; x_wconf 82' lang='grc' dir='ltr'><em>ἄγνοιαν</em></span> <span class='ocrx_word' id='word_1_613' title='bbox 3527 1670 3774 1721; x_wconf 83' lang='grc' dir='ltr'><em>καταφυ-</em></span> 
     </span>
    </p>
   </div>
   <div class='ocr_carea' id='block_1_81' title="bbox 2075 1741 3775 1815">
    <p class='ocr_par' dir='ltr' id='par_1_81' title="bbox 2075 1741 3775 1815">
     <span class='ocr_line' id='line_1_81' title="bbox 2075 1741 3775 1815; baseline 0.002 -24"><span class='ocrx_word' id='word_1_614' title='bbox 2075 1741 2194 1807; x_wconf 91' lang='grc' dir='ltr'><em>γεῖν</em></span> <span class='ocrx_word' id='word_1_615' title='bbox 2221 1758 2234 1771; x_wconf 89' lang='grc'><strong>·</strong></span> <span class='ocrx_word' id='word_1_616' title='bbox 2271 1741 2526 1806; x_wconf 78' lang='grc' dir='ltr'><em>ὑπέδειξα</em></span> <span class='ocrx_word' id='word_1_617' title='bbox 2551 1743 2642 1796; x_wconf 87' lang='grc' dir='ltr'><em>διὰ</em></span> <span class='ocrx_word' id='word_1_618' title='bbox 2669 1744 2779 1796; x_wconf 89' lang='grc' dir='ltr'><em>τῶν</em></span> <span class='ocrx_word' id='word_1_619' title='bbox 2817 1744 3018 1815; x_wconf 78' lang='grc' dir='ltr'><em>ἔργων,</em></span> <span class='ocrx_word' id='word_1_620' title='bbox 3054 1747 3136 1798; x_wconf 85' lang='grc' dir='ltr'><em>ὅτι</em></span> <span class='ocrx_word' id='word_1_621' title='bbox 3161 1745 3306 1800; x_wconf 75' lang='grc' dir='ltr'><em>οὕτω</em></span> <span class='ocrx_word' id='word_1_622' title='bbox 3351 1743 3661 1808; x_wconf 87' lang='grc' dir='ltr'><em>κοπιῶντας</em></span> <span class='ocrx_word' id='word_1_623' title='bbox 3694 1743 3775 1796; x_wconf 82' lang='grc' dir='ltr'><em>δεῖ</em></span> 
     </span>
    </p>
   </div>
   <div class='ocr_carea' id='block_1_82' title="bbox 2075 1828 3769 1897">
    <p class='ocr_par' dir='ltr' id='par_1_82' title="bbox 2075 1828 3769 1897">
     <span class='ocr_line' id='line_1_82' title="bbox 2075 1828 3769 1897; baseline 0.004 -18"><span class='ocrx_word' id='word_1_624' title='bbox 2075 1828 2426 1897; x_wconf 77' lang='grc' dir='ltr'><em>ἐργάζεσθαι.</em></span> <span class='ocrx_word' id='word_1_625' title='bbox 2456 1832 2567 1884; x_wconf 73' lang='grc' dir='ltr'><em>Καὶ</em></span> <span class='ocrx_word' id='word_1_626' title='bbox 2587 1833 2686 1884; x_wconf 72' lang='grc' dir='ltr'><em>οὐκ</em></span> <span class='ocrx_word' id='word_1_627' title='bbox 2727 1829 2899 1897; x_wconf 80' lang='grc' dir='ltr'><em>εἶπεν,</em></span> <span class='ocrx_word' id='word_1_628' title='bbox 2937 1834 3019 1886; x_wconf 82' lang='grc' dir='ltr'><em>ὅτι</em></span> <span class='ocrx_word' id='word_1_629' title='bbox 3055 1834 3230 1887; x_wconf 75' lang='grc' dir='ltr'><em>κακὸν</em></span> <span class='ocrx_word' id='word_1_630' title='bbox 3267 1835 3328 1887; x_wconf 84' lang='grc' dir='ltr'><em>τὸ</em></span> <span class='ocrx_word' id='word_1_631' title='bbox 3361 1833 3579 1887; x_wconf 79' lang='grc' dir='ltr'><em>λαϐεῖν·</em></span> <span class='ocrx_word' id='word_1_632' title='bbox 3612 1833 3769 1894; x_wconf 81' lang='grc' dir='ltr'><em>ἀλλά,</em></span> 
     </span>
    </p>
   </div>
   <div class='ocr_carea' id='block_1_83' title="bbox 2078 1916 3768 1992">
    <p class='ocr_par' dir='ltr' id='par_1_83' title="bbox 2078 1916 3768 1992">
     <span class='ocr_line' id='line_1_83' title="bbox 2078 1916 3768 1992; baseline 0.003 -24"><span class='ocrx_word' id='word_1_633' title='bbox 2078 1916 2288 1986; x_wconf 87' lang='grc' dir='ltr'><em>βέλτιον</em></span> <span class='ocrx_word' id='word_1_634' title='bbox 2314 1920 2376 1971; x_wconf 79' lang='grc' dir='ltr'><em>τὸ</em></span> <span class='ocrx_word' id='word_1_635' title='bbox 2437 1921 2511 1990; x_wconf 81' lang='grc' dir='ltr'><em>μὴ</em></span> <span class='ocrx_word' id='word_1_636' title='bbox 2561 1920 2768 1976; x_wconf 83' lang='grc' dir='ltr'><em>λαϐεῖν.</em></span> <span class='ocrx_word' id='word_1_637' title='bbox 2817 1926 3233 1992; x_wconf 82' lang='grc' dir='ltr'><em>Μνημονεύειν</em></span> <span class='ocrx_word' id='word_1_638' title='bbox 3299 1940 3364 1977; x_wconf 86' lang='grc' dir='ltr'><em>τε</em></span> <span class='ocrx_word' id='word_1_639' title='bbox 3412 1923 3522 1976; x_wconf 79' lang='grc' dir='ltr'><em>τόν</em></span> <span class='ocrx_word' id='word_1_640' title='bbox 3554 1923 3768 1990; x_wconf 73' lang='grc' dir='ltr'><em>λόγον,</em></span> 
     </span>
    </p>
   </div>
   <div class='ocr_carea' id='block_1_84' title="bbox 2076 2007 3772 2080">
    <p class='ocr_par' dir='ltr' id='par_1_84' title="bbox 2076 2007 3772 2080">
     <span class='ocr_line' id='line_1_84' title="bbox 2076 2007 3772 2080; baseline 0 -18"><span class='ocrx_word' id='word_1_641' title='bbox 2076 2008 2233 2076; x_wconf 72' lang='grc' dir='ltr'><em>φησὶ,</em></span> <span class='ocrx_word' id='word_1_642' title='bbox 2259 2007 2365 2062; x_wconf 85' lang='grc' dir='ltr'><em>τοῦ</em></span> <span class='ocrx_word' id='word_1_643' title='bbox 2407 2009 2652 2076; x_wconf 70' lang='grc' dir='ltr'><em>Κυρίου,</em></span> <span class='ocrx_word' id='word_1_644' title='bbox 2687 2009 2759 2063; x_wconf 84' lang='grc' dir='ltr'><em>ὃν</em></span> <span class='ocrx_word' id='word_1_645' title='bbox 2788 2007 2920 2064; x_wconf 80' lang='grc' dir='ltr'><em>εἷπε</em></span> <span class='ocrx_word' id='word_1_646' title='bbox 2949 2029 2962 2042; x_wconf 91' lang='grc'><strong>·</strong></span> <span class='ocrx_word' id='word_1_647' title='bbox 2997 2011 3312 2080; x_wconf 85' lang='grc' dir='ltr'><em>Μακάριόν</em></span> <span class='ocrx_word' id='word_1_648' title='bbox 3355 2012 3487 2066; x_wconf 85' lang='grc' dir='ltr'><em>ἐστι</em></span> <span class='ocrx_word' id='word_1_649' title='bbox 3525 2009 3772 2080; x_wconf 82' lang='grc' dir='ltr'><em>μᾶλλον</em></span> 
     </span>
    </p>
   </div>
   <div class='ocr_carea' id='block_1_85' title="bbox 2075 2097 3772 2170">
    <p class='ocr_par' dir='ltr' id='par_1_85' title="bbox 2075 2097 3772 2170">
     <span class='ocr_line' id='line_1_85' title="bbox 2075 2097 3772 2170; baseline 0.001 -20"><span class='ocrx_word' id='word_1_650' title='bbox 2075 2097 2312 2151; x_wconf 83' lang='grc' dir='ltr'><em>διδόναι</em></span> <span class='ocrx_word' id='word_1_651' title='bbox 2347 2097 2385 2166; x_wconf 76' lang='grc' dir='ltr'>ἢ</span> <span class='ocrx_word' id='word_1_652' title='bbox 2418 2099 2774 2167; x_wconf 82' lang='grc' dir='ltr'><em>λαμϐάνειν.</em></span> <span class='ocrx_word' id='word_1_653' title='bbox 2802 2100 2910 2153; x_wconf 80' lang='grc' dir='ltr'><em>Καὶ</em></span> <span class='ocrx_word' id='word_1_654' title='bbox 2937 2101 3040 2154; x_wconf 80' lang='grc' dir='ltr'><em>ποῦ</em></span> <span class='ocrx_word' id='word_1_655' title='bbox 3070 2097 3257 2169; x_wconf 74' lang='grc' dir='ltr'><em>εἷπεν;</em></span> <span class='ocrx_word' id='word_1_656' title='bbox 3296 2100 3460 2164; x_wconf 84' lang='grc' dir='ltr'><em>Ἴσως</em></span> <span class='ocrx_word' id='word_1_657' title='bbox 3504 2101 3772 2170; x_wconf 79' lang='grc' dir='ltr'><em>ἀγράφως</em></span> 
     </span>
    </p>
   </div>
   <div class='ocr_carea' id='block_1_86' title="bbox 2077 2184 3772 2259">
    <p class='ocr_par' dir='ltr' id='par_1_86' title="bbox 2077 2184 3772 2259">
     <span class='ocr_line' id='line_1_86' title="bbox 2077 2184 3772 2259; baseline 0.001 -21"><span class='ocrx_word' id='word_1_658' title='bbox 2077 2185 2406 2256; x_wconf 84' lang='grc' dir='ltr'><em>παρέδωκαν</em></span> <span class='ocrx_word' id='word_1_659' title='bbox 2437 2187 2486 2238; x_wconf 88' lang='grc' dir='ltr'><em>οί</em></span> <span class='ocrx_word' id='word_1_660' title='bbox 2513 2187 2803 2241; x_wconf 85' lang='grc' dir='ltr'><em>ἀπόστολοι</em></span> <span class='ocrx_word' id='word_1_661' title='bbox 2833 2205 2844 2215; x_wconf 88' lang='grc'><strong>·</strong></span> <span class='ocrx_word' id='word_1_662' title='bbox 2889 2189 2921 2259; x_wconf 79' lang='grc' dir='ltr'>ἢ</span> <span class='ocrx_word' id='word_1_663' title='bbox 2959 2189 3020 2255; x_wconf 81' lang='grc' dir='ltr'><em>ἐξ</em></span> <span class='ocrx_word' id='word_1_664' title='bbox 3063 2184 3139 2246; x_wconf 80' lang='grc' dir='ltr'><em>ὧν</em></span> <span class='ocrx_word' id='word_1_665' title='bbox 3185 2192 3250 2244; x_wconf 84' lang='grc' dir='ltr'><em>ἀν</em></span> <span class='ocrx_word' id='word_1_666' title='bbox 3275 2208 3356 2254; x_wconf 87' lang='grc' dir='ltr'><em>τις</em></span> <span class='ocrx_word' id='word_1_667' title='bbox 3391 2189 3772 2258; x_wconf 83' lang='grc' dir='ltr'><em>συλλογίσαιτο</em></span> 
     </span>
    </p>
   </div>
   <div class='ocr_carea' id='block_1_87' title="bbox 2074 2273 3770 2350">
    <p class='ocr_par' dir='ltr' id='par_1_87' title="bbox 2074 2273 3770 2350">
     <span class='ocr_line' id='line_1_87' title="bbox 2074 2273 3770 2350; baseline 0.004 -24"><span class='ocrx_word' id='word_1_668' title='bbox 2074 2273 2252 2344; x_wconf 81' lang='grc' dir='ltr'><em>δῆλον.</em></span> <span class='ocrx_word' id='word_1_669' title='bbox 2287 2276 2398 2329; x_wconf 84' lang='lat' dir='ltr'><em>Kal</em></span> <span class='ocrx_word' id='word_1_670' title='bbox 2449 2276 2558 2347; x_wconf 83' lang='grc' dir='ltr'><em>γὰρ</em></span> <span class='ocrx_word' id='word_1_671' title='bbox 2609 2275 2777 2341; x_wconf 78' lang='grc' dir='ltr'><em>ἔδειξε</em></span> <span class='ocrx_word' id='word_1_672' title='bbox 2827 2277 2928 2347; x_wconf 81' lang='grc' dir='ltr'><em>τὴν</em></span> <span class='ocrx_word' id='word_1_673' title='bbox 2984 2278 3299 2350; x_wconf 77' lang='grc' dir='ltr'><em>παρρησίαν</em></span> <span class='ocrx_word' id='word_1_674' title='bbox 3331 2276 3430 2349; x_wconf 82' lang='grc' dir='ltr'><em>τὴν</em></span> <span class='ocrx_word' id='word_1_675' title='bbox 3473 2277 3612 2348; x_wconf 83' lang='grc' dir='ltr'><em>πρὸς</em></span> <span class='ocrx_word' id='word_1_676' title='bbox 3642 2280 3770 2340; x_wconf 76' lang='grc' dir='ltr'><em>τοὺς</em></span> 
     </span>
    </p>
   </div>
   <div class='ocr_carea' id='block_1_88' title="bbox 2074 2361 3768 2442">
    <p class='ocr_par' dir='ltr' id='par_1_88' title="bbox 2074 2361 3768 2442">
     <span class='ocr_line' id='line_1_88' title="bbox 2074 2361 3768 2442; baseline 0.004 -28"><span class='ocrx_word' id='word_1_677' title='bbox 2074 2361 2378 2426; x_wconf 88' lang='grc' dir='ltr'><em>κινδύνους,</em></span> <span class='ocrx_word' id='word_1_678' title='bbox 2419 2364 2521 2435; x_wconf 79' lang='grc' dir='ltr'><em>τὴν</em></span> <span class='ocrx_word' id='word_1_679' title='bbox 2553 2365 2902 2435; x_wconf 84' lang='grc' dir='ltr'><em>συμπάθειαν</em></span> <span class='ocrx_word' id='word_1_680' title='bbox 2925 2365 3024 2436; x_wconf 81' lang='grc' dir='ltr'><em>τὴν</em></span> <span class='ocrx_word' id='word_1_681' title='bbox 3060 2365 3198 2438; x_wconf 78' lang='grc' dir='ltr'><em>πρὸς</em></span> <span class='ocrx_word' id='word_1_682' title='bbox 3230 2367 3359 2429; x_wconf 83' lang='grc' dir='ltr'><em>τοὺς</em></span> <span class='ocrx_word' id='word_1_683' title='bbox 3403 2366 3768 2442; x_wconf 74' lang='grc' dir='ltr'><em>ἀρχομένους,</em></span> 
     </span>
    </p>
   </div>
   <div class='ocr_carea' id='block_1_89' title="bbox 2072 2450 3770 2524">
    <p class='ocr_par' dir='ltr' id='par_1_89' title="bbox 2072 2450 3770 2524">
     <span class='ocr_line' id='line_1_89' title="bbox 2072 2450 3770 2524; baseline 0.001 -21"><span class='ocrx_word' id='word_1_684' title='bbox 2072 2450 2174 2519; x_wconf 80' lang='grc' dir='ltr'><em>τὴν</em></span> <span class='ocrx_word' id='word_1_685' title='bbox 2205 2450 2559 2505; x_wconf 85' lang='grc' dir='ltr'><em>διδασκαλίαν</em></span> <span class='ocrx_word' id='word_1_686' title='bbox 2590 2452 2688 2522; x_wconf 79' lang='grc' dir='ltr'><em>τὴν</em></span> <span class='ocrx_word' id='word_1_687' title='bbox 2719 2453 2860 2523; x_wconf 84' lang='grc' dir='ltr'><em>μετά</em></span> <span class='ocrx_word' id='word_1_688' title='bbox 2906 2454 3243 2524; x_wconf 77' lang='grc' dir='ltr'><em>παρρησίας,</em></span> <span class='ocrx_word' id='word_1_689' title='bbox 3282 2454 3382 2524; x_wconf 85' lang='grc' dir='ltr'><em>τὴν</em></span> <span class='ocrx_word' id='word_1_690' title='bbox 3412 2470 3770 2522; x_wconf 77' lang='grc' dir='ltr'><em>ταπεινοφρο-</em></span> 
     </span>
    </p>
   </div>
   <div class='ocr_carea' id='block_1_90' title="bbox 2075 2537 3772 2612">
    <p class='ocr_par' dir='ltr' id='par_1_90' title="bbox 2075 2537 3772 2612">
     <span class='ocr_line' id='line_1_90' title="bbox 2075 2537 3772 2612; baseline 0 -21"><span class='ocrx_word' id='word_1_691' title='bbox 2075 2537 2260 2609; x_wconf 83' lang='grc' dir='ltr'><em>σύνην,</em></span> <span class='ocrx_word' id='word_1_692' title='bbox 2309 2540 2407 2610; x_wconf 83' lang='grc' dir='ltr'><em>τὴν</em></span> <span class='ocrx_word' id='word_1_693' title='bbox 2440 2540 2832 2610; x_wconf 82' lang='grc' dir='ltr'><em>ἀκτημοσύνην</em></span> <span class='ocrx_word' id='word_1_694' title='bbox 2868 2556 2882 2570; x_wconf 86' lang='grc'>⁶</span> <span class='ocrx_word' id='word_1_695' title='bbox 2919 2540 3080 2596; x_wconf 80' lang='grc' dir='ltr'><em>τοῦτο</em></span> <span class='ocrx_word' id='word_1_696' title='bbox 3125 2542 3182 2596; x_wconf 80' lang='grc' dir='ltr'><em>δὲ</em></span> <span class='ocrx_word' id='word_1_697' title='bbox 3229 2543 3323 2596; x_wconf 71' lang='grc' dir='ltr'><em>καὶ</em></span> <span class='ocrx_word' id='word_1_698' title='bbox 3381 2539 3772 2612; x_wconf 81' lang='grc' dir='ltr'><em>ἀκτημοσύνης</em></span> 
     </span>
    </p>
   </div>
   <div class='ocr_carea' id='block_1_91' title="bbox 2076 2625 3771 2700">
    <p class='ocr_par' dir='ltr' id='par_1_91' title="bbox 2076 2625 3771 2700">
     <span class='ocr_line' id='line_1_91' title="bbox 2076 2625 3771 2700; baseline 0.002 -22"><span class='ocrx_word' id='word_1_699' title='bbox 2076 2625 2283 2695; x_wconf 81' lang='grc' dir='ltr'><em>μεῖζον.</em></span> <span class='ocrx_word' id='word_1_700' title='bbox 2316 2627 2378 2678; x_wconf 82' lang='lat' dir='ltr'><strong><em>El</em></strong></span> <span class='ocrx_word' id='word_1_701' title='bbox 2415 2626 2523 2698; x_wconf 74' lang='grc' dir='ltr'><em>γὰρ</em></span> <span class='ocrx_word' id='word_1_702' title='bbox 2559 2629 2696 2692; x_wconf 90' lang='grc' dir='ltr'><em>ἐκεῖ,</em></span> <span class='ocrx_word' id='word_1_703' title='bbox 2732 2626 3032 2695; x_wconf 85' lang='grc' dir='ltr'><em>Πώλησόν</em></span> <span class='ocrx_word' id='word_1_704' title='bbox 3081 2643 3220 2694; x_wconf 91' lang='grc' dir='ltr'><em>σου,</em></span> <span class='ocrx_word' id='word_1_705' title='bbox 3270 2631 3428 2700; x_wconf 70' lang='grc' dir='ltr'><em>φησὶ,</em></span> <span class='ocrx_word' id='word_1_706' title='bbox 3474 2631 3547 2682; x_wconf 82' lang='grc' dir='ltr'><em>τὰ</em></span> <span class='ocrx_word' id='word_1_707' title='bbox 3579 2629 3771 2695; x_wconf 80' lang='grc' dir='ltr'><em>ὑπάρ-</em></span> 
     </span>
    </p>
   </div>
   <div class='ocr_carea' id='block_1_92' title="bbox 2072 2712 3770 2789">
    <p class='ocr_par' dir='ltr' id='par_1_92' title="bbox 2072 2712 3770 2789">
     <span class='ocr_line' id='line_1_92' title="bbox 2072 2712 3770 2789; baseline 0.002 -23"><span class='ocrx_word' id='word_1_708' title='bbox 2072 2730 2281 2782; x_wconf 89' lang='grc' dir='ltr'><em>χοντα,</em></span> <span class='ocrx_word' id='word_1_709' title='bbox 2317 2716 2370 2767; x_wconf 92' lang='grc' dir='ltr'><em>εἰ</em></span> <span class='ocrx_word' id='word_1_710' title='bbox 2393 2713 2589 2780; x_wconf 88' lang='grc' dir='ltr'><em>θέλεις</em></span> <span class='ocrx_word' id='word_1_711' title='bbox 2632 2714 2861 2783; x_wconf 82' lang='grc' dir='ltr'><em>τέλειος</em></span> <span class='ocrx_word' id='word_1_712' title='bbox 2909 2712 3065 2770; x_wconf 73' lang='grc' dir='ltr'><em>εἶναι</em></span> <span class='ocrx_word' id='word_1_713' title='bbox 3100 2733 3112 2746; x_wconf 80' lang='lat'><strong><em>&#39;</em></strong></span> <span class='ocrx_word' id='word_1_714' title='bbox 3147 2717 3277 2770; x_wconf 85' lang='grc' dir='ltr'><em>ὅταν</em></span> <span class='ocrx_word' id='word_1_715' title='bbox 3311 2717 3450 2789; x_wconf 81' lang='grc' dir='ltr'><em>πρὸς</em></span> <span class='ocrx_word' id='word_1_716' title='bbox 3482 2718 3560 2788; x_wconf 83' lang='grc' dir='ltr'><em>τῷ</em></span> <span class='ocrx_word' id='word_1_717' title='bbox 3599 2717 3770 2789; x_wconf 77' lang='grc' dir='ltr'><em>μηδὲν</em></span> 
     </span>
    </p>
   </div>
   <div class='ocr_carea' id='block_1_93' title="bbox 2071 2799 3772 2874">
    <p class='ocr_par' dir='ltr' id='par_1_93' title="bbox 2071 2799 3772 2874">
     <span class='ocr_line' id='line_1_93' title="bbox 2071 2799 3772 2874; baseline 0.003 -23"><span class='ocrx_word' id='word_1_718' title='bbox 2071 2799 2371 2870; x_wconf 82' lang='grc' dir='ltr'><em>λαμϐάνειν</em></span> <span class='ocrx_word' id='word_1_719' title='bbox 2386 2801 2483 2854; x_wconf 68' lang='grc' dir='ltr'><em>καὶ</em></span> <span class='ocrx_word' id='word_1_720' title='bbox 2508 2801 2729 2872; x_wconf 77' lang='grc' dir='ltr'><em>ἑτέρους</em></span> <span class='ocrx_word' id='word_1_721' title='bbox 2745 2802 3008 2873; x_wconf 80' lang='grc' dir='ltr'><em>τρέφῃ,τί</em></span> <span class='ocrx_word' id='word_1_722' title='bbox 3034 2803 3228 2857; x_wconf 89' lang='grc' dir='ltr'><em>τούτου</em></span> <span class='ocrx_word' id='word_1_723' title='bbox 3256 2804 3370 2858; x_wconf 74' lang='grc' dir='ltr'><em>ἴσον</em></span> <span class='ocrx_word' id='word_1_724' title='bbox 3395 2822 3409 2870; x_wconf 91' lang='grc'><strong>;</strong></span> <span class='ocrx_word' id='word_1_725' title='bbox 3437 2801 3534 2868; x_wconf 82' lang='grc' dir='ltr'><em>Εἷς</em></span> <span class='ocrx_word' id='word_1_726' title='bbox 3564 2804 3772 2874; x_wconf 75' lang='grc' dir='ltr'><em>βαθμὸς</em></span> 
     </span>
    </p>
   </div>
   <div class='ocr_carea' id='block_1_94' title="bbox 2069 2888 3768 2965">
    <p class='ocr_par' dir='ltr' id='par_1_94' title="bbox 2069 2888 3768 2965">
     <span class='ocr_line' id='line_1_94' title="bbox 2069 2888 3768 2965; baseline 0.003 -25"><span class='ocrx_word' id='word_1_727' title='bbox 2069 2888 2249 2941; x_wconf 83' lang='grc' dir='ltr'><em>τοίνυν</em></span> <span class='ocrx_word' id='word_1_728' title='bbox 2273 2890 2425 2960; x_wconf 71' lang='grc' dir='ltr'><em>ῥῖψαι</em></span> <span class='ocrx_word' id='word_1_729' title='bbox 2442 2889 2508 2943; x_wconf 82' lang='grc' dir='ltr'><em>τὰ</em></span> <span class='ocrx_word' id='word_1_730' title='bbox 2525 2890 2712 2954; x_wconf 82' lang='grc' dir='ltr'><em>αὑτοῦ,</em></span> <span class='ocrx_word' id='word_1_731' title='bbox 2731 2890 3007 2962; x_wconf 87' lang='grc' dir='ltr'><em>δεύτερος,</em></span> <span class='ocrx_word' id='word_1_732' title='bbox 3028 2892 3211 2963; x_wconf 77' lang='grc' dir='ltr'><em>ἑαυτῷ</em></span> <span class='ocrx_word' id='word_1_733' title='bbox 3233 2893 3522 2965; x_wconf 87' lang='grc' dir='ltr'><em>ἐπαρκεῖν,</em></span> <span class='ocrx_word' id='word_1_734' title='bbox 3563 2894 3768 2964; x_wconf 83' lang='grc' dir='ltr'><em>τρίτος,</em></span> 
     </span>
    </p>
   </div>
   <div class='ocr_carea' id='block_1_95' title="bbox 2071 2977 3770 3051">
    <p class='ocr_par' dir='ltr' id='par_1_95' title="bbox 2071 2977 3770 3051">
     <span class='ocr_line' id='line_1_95' title="bbox 2071 2977 3770 3051; baseline 0.002 -23"><span class='ocrx_word' id='word_1_735' title='bbox 2071 2977 2167 3029; x_wconf 78' lang='grc' dir='ltr'><em>καὶ</em></span> <span class='ocrx_word' id='word_1_736' title='bbox 2205 2977 2435 3048; x_wconf 76' lang='grc' dir='ltr'><em>ἑτέροις,</em></span> <span class='ocrx_word' id='word_1_737' title='bbox 2502 2978 2785 3049; x_wconf 82' lang='grc' dir='ltr'><em>τέταρτος,</em></span> <span class='ocrx_word' id='word_1_738' title='bbox 2841 2978 2902 3032; x_wconf 81' lang='grc' dir='ltr'><em>τὸ</em></span> <span class='ocrx_word' id='word_1_739' title='bbox 2955 2979 3302 3051; x_wconf 84' lang='grc' dir='ltr'><em>κηρύττοντα</em></span> <span class='ocrx_word' id='word_1_740' title='bbox 3364 2983 3461 3034; x_wconf 72' lang='grc' dir='ltr'><em>καὶ</em></span> <span class='ocrx_word' id='word_1_741' title='bbox 3513 2980 3770 3046; x_wconf 79' lang='grc' dir='ltr'><em>ἐξουσίαν</em></span> 
     </span>
    </p>
   </div>
   <div class='ocr_carea' id='block_1_96' title="bbox 2069 3062 3771 3137">
    <p class='ocr_par' dir='ltr' id='par_1_96' title="bbox 2069 3062 3771 3137">
     <span class='ocr_line' id='line_1_96' title="bbox 2069 3062 3771 3137; baseline 0.003 -22"><span class='ocrx_word' id='word_1_742' title='bbox 2069 3062 2263 3133; x_wconf 85' lang='grc' dir='ltr'><em>ἔχοντα</em></span> <span class='ocrx_word' id='word_1_743' title='bbox 2296 3064 2324 3104; x_wconf 76' lang='lat' dir='ltr'><strong>b</strong></span> <span class='ocrx_word' id='word_1_744' title='bbox 2354 3064 2657 3135; x_wconf 82' lang='grc' dir='ltr'><em>λαμϐάνειν</em></span> <span class='ocrx_word' id='word_1_745' title='bbox 2713 3065 2788 3137; x_wconf 81' lang='grc' dir='ltr'><em>μὴ</em></span> <span class='ocrx_word' id='word_1_746' title='bbox 2847 3065 3150 3137; x_wconf 88' lang='grc' dir='ltr'><em>λαμϐάνειν</em></span> <span class='ocrx_word' id='word_1_747' title='bbox 3201 3083 3216 3098; x_wconf 75' lang='grc' dir='ltr'><strong>ο</strong></span> <span class='ocrx_word' id='word_1_748' title='bbox 3275 3067 3418 3121; x_wconf 81' lang='grc' dir='ltr'><em>ὥστε</em></span> <span class='ocrx_word' id='word_1_749' title='bbox 3473 3067 3607 3121; x_wconf 81' lang='grc' dir='ltr'><em>πολὺ</em></span> <span class='ocrx_word' id='word_1_750' title='bbox 3657 3069 3771 3120; x_wconf 85' lang='grc' dir='ltr'><em>τῶν</em></span> 
     </span>
    </p>
   </div>
   <div class='ocr_carea' id='block_1_97' title="bbox 2067 3149 3772 3229">
    <p class='ocr_par' dir='ltr' id='par_1_97' title="bbox 2067 3149 3772 3229">
     <span class='ocr_line' id='line_1_97' title="bbox 2067 3149 3772 3229; baseline 0.003 -23"><span class='ocrx_word' id='word_1_751' title='bbox 2067 3152 2396 3224; x_wconf 85' lang='grc' dir='ltr'><em>ἀκτημόνων</em></span> <span class='ocrx_word' id='word_1_752' title='bbox 2444 3149 2601 3219; x_wconf 74' lang='grc' dir='ltr'><em>οὗτος</em></span> <span class='ocrx_word' id='word_1_753' title='bbox 2640 3154 2867 3226; x_wconf 86' lang='grc' dir='ltr'><em>βελτίων</em></span> <span class='ocrx_word' id='word_1_754' title='bbox 2911 3152 3002 3229; x_wconf 80' lang='grc' dir='ltr'><em>ἦν.</em></span> <span class='ocrx_word' id='word_1_755' title='bbox 3046 3157 3156 3211; x_wconf 85' lang='lat' dir='ltr'><em>Kal</em></span> <span class='ocrx_word' id='word_1_756' title='bbox 3181 3157 3368 3221; x_wconf 79' lang='grc' dir='ltr'><em>καλῶς</em></span> <span class='ocrx_word' id='word_1_757' title='bbox 3403 3155 3577 3218; x_wconf 84' lang='grc' dir='ltr'><em>εἶπεν,</em></span> <span class='ocrx_word' id='word_1_758' title='bbox 3605 3157 3772 3211; x_wconf 76' lang='grc' dir='ltr'><em>Οὕτω</em></span> 
     </span>
    </p>
   </div>
   <div class='ocr_carea' id='block_1_98' title="bbox 2067 3241 3771 3316">
    <p class='ocr_par' dir='ltr' id='par_1_98' title="bbox 2067 3241 3771 3316">
     <span class='ocr_line' id='line_1_98' title="bbox 2067 3241 3771 3316; baseline 0.002 -21"><span class='ocrx_word' id='word_1_759' title='bbox 2067 3241 2164 3295; x_wconf 87' lang='grc' dir='ltr'><em>δεῖ</em></span> <span class='ocrx_word' id='word_1_760' title='bbox 2192 3242 2744 3312; x_wconf 81' lang='grc' dir='ltr'><em>ἀντιλαμϐάνεσθαι</em></span> <span class='ocrx_word' id='word_1_761' title='bbox 2791 3243 2911 3298; x_wconf 87' lang='grc' dir='ltr'><em>τῶν</em></span> <span class='ocrx_word' id='word_1_762' title='bbox 2956 3247 3402 3300; x_wconf 84' lang='grc' dir='ltr'><em>ἀσθενούντων.</em></span> <span class='ocrx_word' id='word_1_763' title='bbox 3453 3245 3627 3299; x_wconf 78' lang='grc' dir='ltr'><em>Τοῦτο</em></span> <span class='ocrx_word' id='word_1_764' title='bbox 3669 3245 3771 3316; x_wconf 77' lang='grc' dir='ltr'><em>μὲν</em></span> 
     </span>
    </p>
   </div>
   <div class='ocr_carea' id='block_1_99' title="bbox 2068 3329 3770 3404">
    <p class='ocr_par' dir='ltr' id='par_1_99' title="bbox 2068 3329 3770 3404">
     <span class='ocr_line' id='line_1_99' title="bbox 2068 3329 3770 3404; baseline 0.002 -24"><span class='ocrx_word' id='word_1_765' title='bbox 2068 3329 2180 3400; x_wconf 83' lang='grc' dir='ltr'><em>γὰρ</em></span> <span class='ocrx_word' id='word_1_766' title='bbox 2200 3329 2545 3398; x_wconf 80' lang='grc' dir='ltr'><em>συμπαθείας</em></span> <span class='ocrx_word' id='word_1_767' title='bbox 2565 3329 2667 3400; x_wconf 85' lang='grc' dir='ltr'><em>τῆς</em></span> <span class='ocrx_word' id='word_1_768' title='bbox 2691 3333 2830 3403; x_wconf 84' lang='grc' dir='ltr'><em>πρὸς</em></span> <span class='ocrx_word' id='word_1_769' title='bbox 2861 3333 2988 3395; x_wconf 79' lang='grc' dir='ltr'><em>τοὺς</em></span> <span class='ocrx_word' id='word_1_770' title='bbox 3017 3330 3288 3399; x_wconf 86' lang='grc' dir='ltr'><em>ἀσθενεῖς,</em></span> <span class='ocrx_word' id='word_1_771' title='bbox 3310 3330 3462 3404; x_wconf 71' lang='grc'><strong>[540]</strong></span> <span class='ocrx_word' id='word_1_772' title='bbox 3494 3332 3555 3385; x_wconf 82' lang='grc' dir='ltr'><em>τὺ</em></span> <span class='ocrx_word' id='word_1_773' title='bbox 3579 3333 3770 3385; x_wconf 83' lang='grc' dir='ltr'><em>ἐκτῶν</em></span> 
     </span>
    </p>
   </div>
   <div class='ocr_carea' id='block_1_100' title="bbox 2070 3415 3766 3492">
    <p class='ocr_par' dir='ltr' id='par_1_100' title="bbox 2070 3415 3766 3492">
     <span class='ocr_line' id='line_1_100' title="bbox 2070 3415 3766 3492; baseline 0.002 -23"><span class='ocrx_word' id='word_1_774' title='bbox 2070 3415 2218 3469; x_wconf 91' lang='grc' dir='ltr'><em>ἰδίων</em></span> <span class='ocrx_word' id='word_1_775' title='bbox 2245 3415 2430 3468; x_wconf 84' lang='grc' dir='ltr'><em>κόπων</em></span> <span class='ocrx_word' id='word_1_776' title='bbox 2465 3415 2667 3470; x_wconf 87' lang='grc' dir='ltr'><em>διδόναι</em></span> <span class='ocrx_word' id='word_1_777' title='bbox 2695 3435 2708 3449; x_wconf 74' lang='grc' dir='ltr'><strong>ο</strong></span> <span class='ocrx_word' id='word_1_778' title='bbox 2745 3420 2807 3472; x_wconf 74' lang='grc' dir='ltr'><em>τὸ</em></span> <span class='ocrx_word' id='word_1_779' title='bbox 2832 3419 2889 3473; x_wconf 86' lang='grc' dir='ltr'><em>δὲ</em></span> <span class='ocrx_word' id='word_1_780' title='bbox 2918 3421 2983 3474; x_wconf 84' lang='grc' dir='ltr'><em>ἐκ</em></span> <span class='ocrx_word' id='word_1_781' title='bbox 3007 3420 3117 3474; x_wconf 88' lang='grc' dir='ltr'><em>τῶν</em></span> <span class='ocrx_word' id='word_1_782' title='bbox 3148 3419 3477 3492; x_wconf 84' lang='grc' dir='ltr'><em>ἀλλοτρίων,</em></span> <span class='ocrx_word' id='word_1_783' title='bbox 3504 3421 3564 3474; x_wconf 83' lang='grc' dir='ltr'><em>ού</em></span> <span class='ocrx_word' id='word_1_784' title='bbox 3603 3421 3766 3491; x_wconf 87' lang='grc' dir='ltr'><em>μόνον</em></span> 
     </span>
    </p>
   </div>
   <div class='ocr_carea' id='block_1_101' title="bbox 2065 3502 3770 3575">
    <p class='ocr_par' dir='ltr' id='par_1_101' title="bbox 2065 3502 3770 3575">
     <span class='ocr_line' id='line_1_101' title="bbox 2065 3502 3770 3575; baseline 0.004 -21"><span class='ocrx_word' id='word_1_785' title='bbox 2065 3502 2125 3555; x_wconf 80' lang='grc' dir='ltr'><em>οὐ</em></span> <span class='ocrx_word' id='word_1_786' title='bbox 2172 3502 2358 3568; x_wconf 77' lang='grc' dir='ltr'><em>καλὸν,</em></span> <span class='ocrx_word' id='word_1_787' title='bbox 2415 3503 2553 3556; x_wconf 85' lang='grc' dir='ltr'><em>ἀλλά</em></span> <span class='ocrx_word' id='word_1_788' title='bbox 2596 3505 2692 3557; x_wconf 75' lang='grc' dir='ltr'><em>καὶ</em></span> <span class='ocrx_word' id='word_1_789' title='bbox 2737 3506 3062 3575; x_wconf 80' lang='grc' dir='ltr'><em>ἐπισφαλές.</em></span> <span class='ocrx_word' id='word_1_790' title='bbox 3097 3506 3210 3564; x_wconf 77' lang='grc' dir='ltr'><em>Καὶ</em></span> <span class='ocrx_word' id='word_1_791' title='bbox 3256 3506 3658 3574; x_wconf 85' lang='grc' dir='ltr'><em>ἐπιπεσόντες</em></span> <span class='ocrx_word' id='word_1_792' title='bbox 3686 3507 3770 3574; x_wconf 80' lang='grc' dir='ltr'><em>τῷ</em></span> 
     </span>
    </p>
   </div>
   <div class='ocr_carea' id='block_1_102' title="bbox 2066 3591 3768 3667">
    <p class='ocr_par' dir='ltr' id='par_1_102' title="bbox 2066 3591 3768 3667">
     <span class='ocr_line' id='line_1_102' title="bbox 2066 3591 3768 3667; baseline 0.003 -23"><span class='ocrx_word' id='word_1_793' title='bbox 2066 3591 2370 3660; x_wconf 82' lang='grc' dir='ltr'><em>τραχήλῳ,</em></span> <span class='ocrx_word' id='word_1_794' title='bbox 2409 3593 2598 3663; x_wconf 73' lang='grc' dir='ltr'><em>φησὶν,</em></span> <span class='ocrx_word' id='word_1_795' title='bbox 2639 3594 2828 3649; x_wconf 78' lang='grc' dir='ltr'><em>αὑτοῦ</em></span> <span class='ocrx_word' id='word_1_796' title='bbox 2873 3594 3146 3649; x_wconf 78' lang='grc' dir='ltr'><em>ἔκλαιον.</em></span> <span class='ocrx_word' id='word_1_797' title='bbox 3179 3594 3354 3648; x_wconf 80' lang='grc' dir='ltr'><em>Τοῦτο</em></span> <span class='ocrx_word' id='word_1_798' title='bbox 3401 3595 3498 3667; x_wconf 80' lang='grc' dir='ltr'><em>τὴν</em></span> <span class='ocrx_word' id='word_1_799' title='bbox 3521 3596 3768 3650; x_wconf 83' lang='grc' dir='ltr'><em>διάθεσιν</em></span> 
     </span>
    </p>
   </div>
   <div class='ocr_carea' id='block_1_103' title="bbox 2064 3680 3768 3756">
    <p class='ocr_par' dir='ltr' id='par_1_103' title="bbox 2064 3680 3768 3756">
     <span class='ocr_line' id='line_1_103' title="bbox 2064 3680 3768 3756; baseline 0.005 -25"><span class='ocrx_word' id='word_1_800' title='bbox 2064 3680 2165 3749; x_wconf 78' lang='grc' dir='ltr'><em>τὴν</em></span> <span class='ocrx_word' id='word_1_801' title='bbox 2200 3681 2338 3749; x_wconf 85' lang='grc' dir='ltr'><em>πρὸς</em></span> <span class='ocrx_word' id='word_1_802' title='bbox 2367 3681 2532 3733; x_wconf 79' lang='grc' dir='ltr'><em>αὐτὸν</em></span> <span class='ocrx_word' id='word_1_803' title='bbox 2557 3681 2854 3738; x_wconf 85' lang='grc' dir='ltr'><em>δείκνυσιν.</em></span> <span class='ocrx_word' id='word_1_804' title='bbox 2899 3683 3205 3737; x_wconf 84' lang='grc' dir='ltr'><em>Ἑπέπεσον</em></span> <span class='ocrx_word' id='word_1_805' title='bbox 3234 3683 3290 3738; x_wconf 81' lang='grc' dir='ltr'><em>δὲ</em></span> <span class='ocrx_word' id='word_1_806' title='bbox 3319 3685 3412 3738; x_wconf 72' lang='grc' dir='ltr'><em>ἐπὶ</em></span> <span class='ocrx_word' id='word_1_807' title='bbox 3446 3686 3538 3739; x_wconf 76' lang='grc' dir='ltr'><em>τὸν</em></span> <span class='ocrx_word' id='word_1_808' title='bbox 3561 3687 3768 3756; x_wconf 81' lang='grc' dir='ltr'><em>τράχη-</em></span> 
     </span>
    </p>
   </div>
   <div class='ocr_carea' id='block_1_104' title="bbox 2064 3766 3765 3844">
    <p class='ocr_par' dir='ltr' id='par_1_104' title="bbox 2064 3766 3765 3844">
     <span class='ocr_line' id='line_1_104' title="bbox 2064 3766 3765 3844; baseline 0.005 -26"><span class='ocrx_word' id='word_1_809' title='bbox 2064 3767 2179 3831; x_wconf 90' lang='grc' dir='ltr'><em>λον,</em></span> <span class='ocrx_word' id='word_1_810' title='bbox 2201 3766 2298 3821; x_wconf 62' lang='lat' dir='ltr'><em>an;</em></span> <span class='ocrx_word' id='word_1_811' title='bbox 2330 3769 2567 3840; x_wconf 80' lang='grc' dir='ltr'><em>ὑστέρας</em></span> <span class='ocrx_word' id='word_1_812' title='bbox 2590 3770 2936 3842; x_wconf 72' lang='grc' dir='ltr'><em>περιπλοκὰς</em></span> <span class='ocrx_word' id='word_1_813' title='bbox 2970 3772 3460 3844; x_wconf 86' lang='grc' dir='ltr'><em>περιπλεκόμενοι,</em></span> <span class='ocrx_word' id='word_1_814' title='bbox 3505 3776 3601 3828; x_wconf 76' lang='grc' dir='ltr'><em>καὶ</em></span> <span class='ocrx_word' id='word_1_815' title='bbox 3633 3775 3765 3827; x_wconf 85' lang='grc' dir='ltr'><em>πολ-</em></span> 
     </span>
    </p>
   </div>
   <div class='ocr_carea' id='block_1_105' title="bbox 2065 3854 3765 3934">
    <p class='ocr_par' dir='ltr' id='par_1_105' title="bbox 2065 3854 3765 3934">
     <span class='ocr_line' id='line_1_105' title="bbox 2065 3854 3765 3934; baseline 0.006 -28"><span class='ocrx_word' id='word_1_816' title='bbox 2065 3854 2164 3926; x_wconf 82' lang='grc' dir='ltr'><em>λὴν</em></span> <span class='ocrx_word' id='word_1_817' title='bbox 2197 3855 2306 3909; x_wconf 84' lang='grc' dir='ltr'><em>ἀπὸ</em></span> <span class='ocrx_word' id='word_1_818' title='bbox 2332 3857 2435 3926; x_wconf 79' lang='grc' dir='ltr'><em>τῆς</em></span> <span class='ocrx_word' id='word_1_819' title='bbox 2475 3856 2824 3929; x_wconf 77' lang='grc' dir='ltr'><em>δημηγορίας</em></span> <span class='ocrx_word' id='word_1_820' title='bbox 2869 3859 3132 3924; x_wconf 88' lang='grc' dir='ltr'><em>λαϐόντες</em></span> <span class='ocrx_word' id='word_1_821' title='bbox 3169 3860 3269 3932; x_wconf 81' lang='grc' dir='ltr'><em>τὴν</em></span> <span class='ocrx_word' id='word_1_822' title='bbox 3305 3862 3532 3934; x_wconf 81' lang='grc' dir='ltr'><em>ἀγάπην</em></span> <span class='ocrx_word' id='word_1_823' title='bbox 3563 3865 3659 3917; x_wconf 75' lang='grc' dir='ltr'><em>καὶ</em></span> <span class='ocrx_word' id='word_1_824' title='bbox 3704 3864 3765 3916; x_wconf 87' lang='grc' dir='ltr'><em>τὸ</em></span> 
     </span>
    </p>
   </div>
   <div class='ocr_carea' id='block_1_106' title="bbox 2065 3943 3765 4022">
    <p class='ocr_par' dir='ltr' id='par_1_106' title="bbox 2065 3943 3765 4022">
     <span class='ocr_line' id='line_1_106' title="bbox 2065 3943 3765 4022; baseline 0.008 -29"><span class='ocrx_word' id='word_1_825' title='bbox 2065 3943 2308 4015; x_wconf 78' lang='grc' dir='ltr'><em>φίλτρον.</em></span> <span class='ocrx_word' id='word_1_826' title='bbox 2338 3945 2402 3998; x_wconf 86' lang='grc' dir='ltr'><em>Εἰ</em></span> <span class='ocrx_word' id='word_1_827' title='bbox 2432 3944 2542 4013; x_wconf 76' lang='grc' dir='ltr'><em>γὰρ</em></span> <span class='ocrx_word' id='word_1_828' title='bbox 2568 3946 2758 4010; x_wconf 79' lang='grc' dir='ltr'><em>ἁπλῶς</em></span> <span class='ocrx_word' id='word_1_829' title='bbox 2784 3948 2948 4020; x_wconf 79' lang='grc' dir='ltr'><em>ἡμεῖς</em></span> <span class='ocrx_word' id='word_1_830' title='bbox 2972 3950 3052 4003; x_wconf 87' lang='grc' dir='ltr'><em>ἀπ</em></span> <span class='ocrx_word' id='word_1_831' title='bbox 3071 3951 3085 3970; x_wconf 86' lang='grc'><strong>⁹</strong></span> <span class='ocrx_word' id='word_1_832' title='bbox 3130 3949 3376 4021; x_wconf 84' lang='grc' dir='ltr'><em>ἀλλήλων</em></span> <span class='ocrx_word' id='word_1_833' title='bbox 3421 3951 3765 4022; x_wconf 84' lang='grc' dir='ltr'><em>διαλυόμενοι</em></span> 
     </span>
    </p>
   </div>
   <div class='ocr_carea' id='block_1_107' title="bbox 2067 4032 3760 4113">
    <p class='ocr_par' dir='ltr' id='par_1_107' title="bbox 2067 4032 3760 4113">
     <span class='ocr_line' id='line_1_107' title="bbox 2067 4032 3760 4113; baseline 0.006 -29"><span class='ocrx_word' id='word_1_834' title='bbox 2067 4032 2346 4104; x_wconf 86' lang='grc' dir='ltr'><em>στένομεν,</em></span> <span class='ocrx_word' id='word_1_835' title='bbox 2386 4033 2564 4089; x_wconf 89' lang='grc' dir='ltr'><em>καίτοι</em></span> <span class='ocrx_word' id='word_1_836' title='bbox 2601 4036 2839 4102; x_wconf 86' lang='grc' dir='ltr'><em>εἰδότες,</em></span> <span class='ocrx_word' id='word_1_837' title='bbox 2887 4039 2970 4090; x_wconf 79' lang='grc' dir='ltr'><em>ὅτι</em></span> <span class='ocrx_word' id='word_1_838' title='bbox 3021 4039 3421 4110; x_wconf 79' lang='grc' dir='ltr'><em>ἀποληψόμεοα</em></span> <span class='ocrx_word' id='word_1_839' title='bbox 3470 4041 3760 4113; x_wconf 74' lang='grc' dir='ltr'><em>ἀλλήλους,</em></span> 
     </span>
    </p>
   </div>
   <div class='ocr_carea' id='block_1_108' title="bbox 2065 4120 3760 4202">
    <p class='ocr_par' dir='ltr' id='par_1_108' title="bbox 2065 4120 3760 4202">
     <span class='ocr_line' id='line_1_108' title="bbox 2065 4120 3760 4202; baseline 0.006 -29"><span class='ocrx_word' id='word_1_840' title='bbox 2065 4120 2183 4187; x_wconf 84' lang='grc' dir='ltr'><em>πῶς</em></span> <span class='ocrx_word' id='word_1_841' title='bbox 2216 4121 2284 4176; x_wconf 85' lang='grc' dir='ltr'><em>ἂν</em></span> <span class='ocrx_word' id='word_1_842' title='bbox 2323 4124 2528 4178; x_wconf 82' lang='grc' dir='ltr'><em>ἐκεῖνοι</em></span> <span class='ocrx_word' id='word_1_843' title='bbox 2577 4124 2697 4178; x_wconf 87' lang='grc' dir='ltr'><em>τότε</em></span> <span class='ocrx_word' id='word_1_844' title='bbox 2748 4125 2965 4180; x_wconf 84' lang='grc' dir='ltr'><em>Παύλου</em></span> <span class='ocrx_word' id='word_1_845' title='bbox 3019 4126 3251 4192; x_wconf 87' lang='grc' dir='ltr'><em>ἀπαθῶς</em></span> <span class='ocrx_word' id='word_1_846' title='bbox 3285 4129 3760 4202; x_wconf 74' lang='grc' dir='ltr'><em>ἀπεσπάσθησανς</em></span> 
     </span>
    </p>
   </div>
   <div class='ocr_carea' id='block_1_109' title="bbox 2077 4210 3758 4287">
    <p class='ocr_par' dir='ltr' id='par_1_109' title="bbox 2077 4210 3758 4287">
     <span class='ocr_line' id='line_1_109' title="bbox 2077 4210 3758 4287; baseline 0.006 -22"><span class='ocrx_word' id='word_1_847' title='bbox 2077 4210 2221 4280; x_wconf 70' lang='grc' dir='ltr'><em>Ἐγὼ</em></span> <span class='ocrx_word' id='word_1_848' title='bbox 2243 4213 2336 4266; x_wconf 74' lang='grc' dir='ltr'><em>καὶ</em></span> <span class='ocrx_word' id='word_1_849' title='bbox 2362 4214 2455 4266; x_wconf 81' lang='grc' dir='ltr'><em>τὸν</em></span> <span class='ocrx_word' id='word_1_850' title='bbox 2482 4213 2696 4268; x_wconf 77' lang='grc' dir='ltr'><em>Παῦλον</em></span> <span class='ocrx_word' id='word_1_851' title='bbox 2731 4211 2891 4284; x_wconf 77' lang='grc' dir='ltr'><em>οἶμαι</em></span> <span class='ocrx_word' id='word_1_852' title='bbox 2923 4217 3154 4273; x_wconf 85' lang='grc' dir='ltr'><em>κλαίειν.</em></span> <span class='ocrx_word' id='word_1_853' title='bbox 3205 4218 3758 4287; x_wconf 80' lang='grc' dir='ltr'><em>Ἀποσπασθέντες,</em></span> 
     </span>
    </p>
   </div>
   <div class='ocr_carea' id='block_1_110' title="bbox 2062 4300 3763 4378">
    <p class='ocr_par' dir='ltr' id='par_1_110' title="bbox 2062 4300 3763 4378">
     <span class='ocr_line' id='line_1_110' title="bbox 2062 4300 3763 4378; baseline 0.008 -26"><span class='ocrx_word' id='word_1_854' title='bbox 2062 4300 2215 4371; x_wconf 84' lang='grc' dir='ltr'><em>φησί.</em></span> <span class='ocrx_word' id='word_1_855' title='bbox 2243 4303 2499 4356; x_wconf 89' lang='grc' dir='ltr'><em>Δείκνυσι</em></span> <span class='ocrx_word' id='word_1_856' title='bbox 2527 4304 2620 4356; x_wconf 77' lang='grc' dir='ltr'><em>καὶ</em></span> <span class='ocrx_word' id='word_1_857' title='bbox 2659 4303 2757 4376; x_wconf 82' lang='grc' dir='ltr'><em>τὴν</em></span> <span class='ocrx_word' id='word_1_858' title='bbox 2785 4305 2907 4376; x_wconf 83' lang='grc' dir='ltr'><em>βίαν</em></span> <span class='ocrx_word' id='word_1_859' title='bbox 2948 4306 3026 4378; x_wconf 82' lang='grc' dir='ltr'><em>τῷ</em></span> <span class='ocrx_word' id='word_1_860' title='bbox 3066 4307 3266 4372; x_wconf 73' lang='grc' dir='ltr'><em>εἰπεῖν,</em></span> <span class='ocrx_word' id='word_1_861' title='bbox 3311 4310 3763 4364; x_wconf 77' lang='grc' dir='ltr'><em>Ἀποσπασθέν-</em></span> 
     </span>
    </p>
   </div>
   <div class='ocr_carea' id='block_1_111' title="bbox 2064 4393 3760 4471">
    <p class='ocr_par' dir='ltr' id='par_1_111' title="bbox 2064 4393 3760 4471">
     <span class='ocr_line' id='line_1_111' title="bbox 2064 4393 3760 4471; baseline 0.006 -27"><span class='ocrx_word' id='word_1_862' title='bbox 2064 4410 2151 4457; x_wconf 80' lang='grc' dir='ltr'><em>τες</em></span> <span class='ocrx_word' id='word_1_863' title='bbox 2191 4393 2308 4448; x_wconf 85' lang='grc' dir='ltr'><em>ἀπ’</em></span> <span class='ocrx_word' id='word_1_864' title='bbox 2335 4393 2557 4448; x_wconf 84' lang='grc' dir='ltr'><em>αὐτῶν.</em></span> <span class='ocrx_word' id='word_1_865' title='bbox 2602 4396 2713 4450; x_wconf 88' lang='lat' dir='ltr'><em>Kal</em></span> <span class='ocrx_word' id='word_1_866' title='bbox 2763 4399 2992 4462; x_wconf 76' lang='grc' dir='ltr'><em>εἰκότως</em></span> <span class='ocrx_word' id='word_1_867' title='bbox 3025 4415 3038 4428; x_wconf 71' lang='grc' dir='ltr'><strong>ο</strong></span> <span class='ocrx_word' id='word_1_868' title='bbox 3077 4401 3159 4463; x_wconf 82' lang='grc' dir='ltr'><em>είς</em></span> <span class='ocrx_word' id='word_1_869' title='bbox 3201 4399 3313 4471; x_wconf 86' lang='grc' dir='ltr'><em>γὰρ</em></span> <span class='ocrx_word' id='word_1_870' title='bbox 3343 4401 3442 4471; x_wconf 82' lang='grc' dir='ltr'><em>τὴν</em></span> <span class='ocrx_word' id='word_1_871' title='bbox 3477 4400 3760 4454; x_wconf 88' lang='grc' dir='ltr'><em>θάλασσαν</em></span> 
     </span>
    </p>
   </div>
   <div class='ocr_carea' id='block_1_112' title="bbox 2061 4481 3762 4560">
    <p class='ocr_par' dir='ltr' id='par_1_112' title="bbox 2061 4481 3762 4560">
     <span class='ocr_line' id='line_1_112' title="bbox 2061 4481 3762 4560; baseline 0.008 -28"><span class='ocrx_word' id='word_1_872' title='bbox 2061 4481 2246 4535; x_wconf 79' lang='grc' dir='ltr'><em>λοιπὸν</em></span> <span class='ocrx_word' id='word_1_873' title='bbox 2294 4484 2535 4554; x_wconf 76' lang='grc' dir='ltr'><em>ἐμϐῆναι</em></span> <span class='ocrx_word' id='word_1_874' title='bbox 2570 4485 2772 4549; x_wconf 80' lang='grc' dir='ltr'><em>αὐτοὺς</em></span> <span class='ocrx_word' id='word_1_875' title='bbox 2813 4487 2914 4540; x_wconf 76' lang='grc' dir='ltr'><em>οὐκ</em></span> <span class='ocrx_word' id='word_1_876' title='bbox 2965 4488 3110 4558; x_wconf 82' lang='grc' dir='ltr'><em>ἐνῆν.</em></span> <span class='ocrx_word' id='word_1_877' title='bbox 3140 4490 3206 4542; x_wconf 90' lang='grc' dir='ltr'><em>Τί</em></span> <span class='ocrx_word' id='word_1_878' title='bbox 3251 4491 3420 4554; x_wconf 82' lang='grc' dir='ltr'><em>ἐστιν,</em></span> <span class='ocrx_word' id='word_1_879' title='bbox 3461 4491 3762 4560; x_wconf 81' lang='grc' dir='ltr'><em>Εὐθυδρο-</em></span> 
     </span>
    </p>
   </div>
   <div class='ocr_carea' id='block_1_113' title="bbox 2053 4571 3761 4646">
    <p class='ocr_par' dir='ltr' id='par_1_113' title="bbox 2053 4571 3761 4646">
     <span class='ocr_line' id='line_1_113' title="bbox 2053 4571 3761 4646; baseline 0.006 -23"><span class='ocrx_word' id='word_1_880' title='bbox 2053 4571 2368 4639; x_wconf 81' lang='grc' dir='ltr'><em>μήσαντες</em></span> <span class='ocrx_word' id='word_1_881' title='bbox 2408 4574 2678 4646; x_wconf 80' lang='grc' dir='ltr'><em>ἤλθομεν</em></span> <span class='ocrx_word' id='word_1_882' title='bbox 2716 4578 2805 4642; x_wconf 89' lang='grc' dir='ltr'><em>εἰς</em></span> <span class='ocrx_word' id='word_1_883' title='bbox 2837 4576 2955 4645; x_wconf 74' lang='grc' dir='ltr'><em>τὴν</em></span> <span class='ocrx_word' id='word_1_884' title='bbox 2999 4577 3167 4644; x_wconf 83' lang='grc' dir='ltr'><em>Κῶν;</em></span> <span class='ocrx_word' id='word_1_885' title='bbox 3211 4579 3360 4634; x_wconf 60' lang='grc' dir='ltr'><em>τΛντὶ</em></span> <span class='ocrx_word' id='word_1_886' title='bbox 3393 4580 3512 4644; x_wconf 84' lang='grc' dir='ltr'><em>τοῦ,</em></span> <span class='ocrx_word' id='word_1_887' title='bbox 3553 4582 3628 4633; x_wconf 77' lang='grc' dir='ltr'><strong>Οὐ</strong></span> <span class='ocrx_word' id='word_1_888' title='bbox 3664 4599 3761 4633; x_wconf 78' lang='grc' dir='ltr'><em>πε.⁴</em></span> 
     </span>
    </p>
   </div>
   <div class='ocr_carea' id='block_1_114' title="bbox 2061 4659 3759 4738">
    <p class='ocr_par' dir='ltr' id='par_1_114' title="bbox 2061 4659 3759 4738">
     <span class='ocr_line' id='line_1_114' title="bbox 2061 4659 3759 4738; baseline 0.006 -27"><span class='ocrx_word' id='word_1_889' title='bbox 2061 4659 2355 4731; x_wconf 79' lang='grc' dir='ltr'><em>ριήλθομεν</em></span> <span class='ocrx_word' id='word_1_890' title='bbox 2391 4662 2514 4716; x_wconf 76' lang='grc' dir='ltr'>οὐδὲ</span> <span class='ocrx_word' id='word_1_891' title='bbox 2555 4663 2915 4736; x_wconf 68' lang='grc' dir='ltr'><em>διετρίψαμεν</em></span> <span class='ocrx_word' id='word_1_892' title='bbox 2965 4667 3024 4719; x_wconf 86' lang='grc' dir='ltr'><em>ἐν</em></span> <span class='ocrx_word' id='word_1_893' title='bbox 3078 4665 3292 4738; x_wconf 80' lang='grc' dir='ltr'><em>ἑτέροις</em></span> <span class='ocrx_word' id='word_1_894' title='bbox 3314 4668 3526 4731; x_wconf 85' lang='grc' dir='ltr'><em>τόποις.</em></span> <span class='ocrx_word' id='word_1_895' title='bbox 3566 4669 3645 4738; x_wconf 72' lang='grc' dir='ltr'><em>Τῇ</em></span> <span class='ocrx_word' id='word_1_896' title='bbox 3689 4669 3759 4722; x_wconf 87' lang='grc' dir='ltr'><em>δὲ</em></span> 
     </span>
    </p>
   </div>
   <div class='ocr_carea' id='block_1_115' title="bbox 2057 4745 3759 4828">
    <p class='ocr_par' dir='ltr' id='par_1_115' title="bbox 2057 4745 3759 4828">
     <span class='ocr_line' id='line_1_115' title="bbox 2057 4745 3759 4828; baseline 0.009 -31"><span class='ocrx_word' id='word_1_897' title='bbox 2057 4745 2226 4814; x_wconf 79' lang='grc' dir='ltr'><em>ἑξῆς,</em></span> <span class='ocrx_word' id='word_1_898' title='bbox 2260 4748 2447 4818; x_wconf 77' lang='grc' dir='ltr'><em>φησὶν,</em></span> <span class='ocrx_word' id='word_1_899' title='bbox 2499 4752 2588 4816; x_wconf 90' lang='grc' dir='ltr'><em>εἰς</em></span> <span class='ocrx_word' id='word_1_900' title='bbox 2639 4751 2854 4806; x_wconf 86' lang='grc' dir='ltr'><em>Ῥόδον</em></span> <span class='ocrx_word' id='word_1_901' title='bbox 2885 4763 2934 4808; x_wconf 75' lang='grc' dir='ltr'><em>ο.</em></span> <span class='ocrx_word' id='word_1_902' title='bbox 2963 4753 3114 4825; x_wconf 81' lang='grc' dir='ltr'><em>’Ὅρα</em></span> <span class='ocrx_word' id='word_1_903' title='bbox 3174 4756 3340 4810; x_wconf 85' lang='grc' dir='ltr'><em>αὑτὸν</em></span> <span class='ocrx_word' id='word_1_904' title='bbox 3375 4757 3759 4828; x_wconf 75' lang='grc' dir='ltr'><em>ἐπειγόμενον,</em></span> 
     </span>
    </p>
   </div>
   <div class='ocr_carea' id='block_1_116' title="bbox 2057 4835 3760 4915">
    <p class='ocr_par' dir='ltr' id='par_1_116' title="bbox 2057 4835 3760 4915">
     <span class='ocr_line' id='line_1_116' title="bbox 2057 4835 3760 4915; baseline 0.009 -28"><span class='ocrx_word' id='word_1_905' title='bbox 2057 4835 2165 4888; x_wconf 78' lang='grc' dir='ltr'><em>Καὶ</em></span> <span class='ocrx_word' id='word_1_906' title='bbox 2209 4837 2491 4905; x_wconf 83' lang='grc' dir='ltr'><em>εὑρόντες</em></span> <span class='ocrx_word' id='word_1_907' title='bbox 2530 4839 2750 4893; x_wconf 85' lang='grc' dir='ltr'><em>πλοῖον</em></span> <span class='ocrx_word' id='word_1_908' title='bbox 2791 4840 3088 4912; x_wconf 74' lang='grc' dir='ltr'><em>δίαπερῶν</em></span> <span class='ocrx_word' id='word_1_909' title='bbox 3127 4845 3215 4910; x_wconf 86' lang='grc' dir='ltr'><em>είς</em></span> <span class='ocrx_word' id='word_1_910' title='bbox 3256 4847 3564 4915; x_wconf 81' lang='grc' dir='ltr'><em>Φοινίκην.</em></span> <span class='ocrx_word' id='word_1_911' title='bbox 3602 4848 3760 4912; x_wconf 89' lang='grc' dir='ltr'><em>Ἱσως</em></span> 
     </span>
    </p>
   </div>
   <div class='ocr_carea' id='block_1_117' title="bbox 2057 4925 3758 5008">
    <p class='ocr_par' dir='ltr' id='par_1_117' title="bbox 2057 4925 3758 5008">
     <span class='ocr_line' id='line_1_117' title="bbox 2057 4925 3758 5008; baseline 0.009 -32"><span class='ocrx_word' id='word_1_912' title='bbox 2057 4925 2234 4978; x_wconf 88' lang='grc' dir='ltr'><em>ἐκεῖνο</em></span> <span class='ocrx_word' id='word_1_913' title='bbox 2267 4926 2457 4979; x_wconf 73' lang='grc' dir='ltr'><em>αὐτόθι</em></span> <span class='ocrx_word' id='word_1_914' title='bbox 2505 4927 2742 4998; x_wconf 82' lang='grc' dir='ltr'><em>διέτριϐε</em></span> <span class='ocrx_word' id='word_1_915' title='bbox 2771 4947 2783 4958; x_wconf 87' lang='grc'><strong>·</strong></span> <span class='ocrx_word' id='word_1_916' title='bbox 2818 4929 2900 4983; x_wconf 86' lang='grc' dir='ltr'><em>διὸ</em></span> <span class='ocrx_word' id='word_1_917' title='bbox 2926 4933 2982 4983; x_wconf 78' lang='grc' dir='ltr'><em>ἐν</em></span> <span class='ocrx_word' id='word_1_918' title='bbox 3018 4932 3170 5004; x_wconf 77' lang='grc' dir='ltr'><em>αὐτῷ</em></span> <span class='ocrx_word' id='word_1_919' title='bbox 3225 4934 3622 5002; x_wconf 84' lang='grc' dir='ltr'><em>ἐπιϐαίνουσιν,</em></span> <span class='ocrx_word' id='word_1_920' title='bbox 3661 4939 3758 5008; x_wconf 82' lang='grc' dir='ltr'><em>οὐχ</em></span> 
     </span>
    </p>
   </div>
   <div class='ocr_carea' id='block_1_118' title="bbox 2054 5013 3758 5096">
    <p class='ocr_par' dir='ltr' id='par_1_118' title="bbox 2054 5013 3758 5096">
     <span class='ocr_line' id='line_1_118' title="bbox 2054 5013 3758 5096; baseline 0.009 -30"><span class='ocrx_word' id='word_1_921' title='bbox 2054 5013 2309 5082; x_wconf 80' lang='grc' dir='ltr'><em>εὑρόντες</em></span> <span class='ocrx_word' id='word_1_922' title='bbox 2363 5015 2491 5068; x_wconf 83' lang='grc' dir='ltr'><em>ἀλλο</em></span> <span class='ocrx_word' id='word_1_923' title='bbox 2542 5017 2621 5078; x_wconf 91' lang='grc' dir='ltr'><em>εἰς</em></span> <span class='ocrx_word' id='word_1_924' title='bbox 2668 5019 3014 5090; x_wconf 84' lang='grc' dir='ltr'><em>Καισάρειαν</em></span> <span class='ocrx_word' id='word_1_925' title='bbox 3046 5021 3449 5094; x_wconf 87' lang='grc' dir='ltr'><em>ἀπερχόμενον.</em></span> <span class='ocrx_word' id='word_1_926' title='bbox 3507 5026 3758 5096; x_wconf 71' lang='grc' dir='ltr'><em>Ἀναεράο</em></span> 
     </span>
    </p>
   </div>
   <div class='ocr_carea' id='block_1_119' title="bbox 2055 5100 3758 5184">
    <p class='ocr_par' dir='ltr' id='par_1_119' title="bbox 2055 5100 3758 5184">
     <span class='ocr_line' id='line_1_119' title="bbox 2055 5100 3758 5184; baseline 0.011 -33"><span class='ocrx_word' id='word_1_927' title='bbox 2055 5115 2274 5166; x_wconf 86' lang='grc' dir='ltr'><em>ναντες</em></span> <span class='ocrx_word' id='word_1_928' title='bbox 2321 5100 2391 5155; x_wconf 82' lang='grc' dir='ltr'><em>δὲ</em></span> <span class='ocrx_word' id='word_1_929' title='bbox 2444 5101 2560 5172; x_wconf 79' lang='grc' dir='ltr'><em>τὴν</em></span> <span class='ocrx_word' id='word_1_930' title='bbox 2600 5105 2865 5174; x_wconf 88' lang='grc' dir='ltr'><em>Κύπρον,</em></span> <span class='ocrx_word' id='word_1_931' title='bbox 2926 5108 3026 5162; x_wconf 77' lang='grc' dir='ltr'><em>καὶ</em></span> <span class='ocrx_word' id='word_1_932' title='bbox 3074 5113 3511 5180; x_wconf 83' lang='grc' dir='ltr'><em>καταλιπόντες</em></span> <span class='ocrx_word' id='word_1_933' title='bbox 3561 5115 3758 5184; x_wconf 79' lang='grc' dir='ltr'><em>αὐτὴν</em></span> 
     </span>
    </p>
   </div>
   <div class='ocr_carea' id='block_1_120' title="bbox 2054 5191 3755 5281">
    <p class='ocr_par' dir='ltr' id='par_1_120' title="bbox 2054 5191 3755 5281">
     <span class='ocr_line' id='line_1_120' title="bbox 2054 5191 3755 5281; baseline 0.012 -37"><span class='ocrx_word' id='word_1_934' title='bbox 2054 5191 2390 5263; x_wconf 83' lang='grc' dir='ltr'><em>εὐώνυμον.</em></span> <span class='ocrx_word' id='word_1_935' title='bbox 2420 5195 2590 5250; x_wconf 79' lang='grc' dir='ltr'><em>Τοῦτο</em></span> <span class='ocrx_word' id='word_1_936' title='bbox 2651 5198 2751 5269; x_wconf 80' lang='grc' dir='ltr'><em>οὐχ</em></span> <span class='ocrx_word' id='word_1_937' title='bbox 2797 5199 2986 5264; x_wconf 83' lang='grc' dir='ltr'><em>ἁπλῶς</em></span> <span class='ocrx_word' id='word_1_938' title='bbox 3042 5201 3283 5273; x_wconf 73' lang='grc' dir='ltr'><em>εἴρηται,</em></span> <span class='ocrx_word' id='word_1_939' title='bbox 3319 5205 3435 5260; x_wconf 88' lang='grc' dir='ltr'><em>ἀλλ’</em></span> <span class='ocrx_word' id='word_1_940' title='bbox 3467 5209 3553 5261; x_wconf 89' lang='grc' dir='ltr'><em>ῖνα</em></span> <span class='ocrx_word' id='word_1_941' title='bbox 3579 5209 3755 5281; x_wconf 78' lang='grc' dir='ltr'><em>δείξῃ,</em></span> 
     </span>
    </p>
   </div>
   <div class='ocr_carea' id='block_1_121' title="bbox 2053 5282 3754 5362">
    <p class='ocr_par' dir='ltr' id='par_1_121' title="bbox 2053 5282 3754 5362">
     <span class='ocr_line' id='line_1_121' title="bbox 2053 5282 3754 5362; baseline 0.012 -29"><span class='ocrx_word' id='word_1_942' title='bbox 2053 5282 2136 5334; x_wconf 83' lang='grc' dir='ltr'><em>ὅτι</em></span> <span class='ocrx_word' id='word_1_943' title='bbox 2169 5282 2288 5335; x_wconf 75' lang='grc' dir='ltr'><em>οὐδὲ</em></span> <span class='ocrx_word' id='word_1_944' title='bbox 2322 5283 2492 5353; x_wconf 84' lang='grc' dir='ltr'><em>ἐγγὺς</em></span> <span class='ocrx_word' id='word_1_945' title='bbox 2530 5286 2705 5357; x_wconf 79' lang='grc' dir='ltr'><em>αὐτῆς</em></span> <span class='ocrx_word' id='word_1_946' title='bbox 2743 5289 2995 5357; x_wconf 85' lang='grc' dir='ltr'><em>γενέσθαι</em></span> <span class='ocrx_word' id='word_1_947' title='bbox 3024 5291 3250 5362; x_wconf 64' lang='grc' dir='ltr'><em>ἠξίωσε,</em></span> <span class='ocrx_word' id='word_1_948' title='bbox 3286 5296 3526 5350; x_wconf 83' lang='grc' dir='ltr'><em>κατευθὺ</em></span> <span class='ocrx_word' id='word_1_949' title='bbox 3558 5297 3754 5353; x_wconf 82' lang='grc' dir='ltr'><em>πλέον·</em></span> 
     </span>
    </p>
   </div>
   <div class='ocr_carea' id='block_1_122' title="bbox 2052 5375 3752 5458">
    <p class='ocr_par' dir='ltr' id='par_1_122' title="bbox 2052 5375 3752 5458">
     <span class='ocr_line' id='line_1_122' title="bbox 2052 5375 3752 5458; baseline 0.012 -35"><span class='ocrx_word' id='word_1_950' title='bbox 2052 5389 2143 5436; x_wconf 86' lang='grc' dir='ltr'><em>τες</em></span> <span class='ocrx_word' id='word_1_951' title='bbox 2171 5375 2272 5444; x_wconf 80' lang='grc' dir='ltr'><em>τῆς</em></span> <span class='ocrx_word' id='word_1_952' title='bbox 2306 5375 2509 5445; x_wconf 87' lang='grc' dir='ltr'><em>Συρίας</em></span> <span class='ocrx_word' id='word_1_953' title='bbox 2547 5394 2560 5408; x_wconf 78' lang='grc' dir='ltr'><strong><em>ο</em></strong></span> <span class='ocrx_word' id='word_1_954' title='bbox 2597 5376 2772 5443; x_wconf 76' lang='grc' dir='ltr'><em>οὕτως</em></span> <span class='ocrx_word' id='word_1_955' title='bbox 2814 5379 3098 5437; x_wconf 75' lang='grc' dir='ltr'><em>ἔσπευδεν.</em></span> <span class='ocrx_word' id='word_1_956' title='bbox 3133 5380 3282 5439; x_wconf 74' lang='grc' dir='ltr'><em>Εἶτα</em></span> <span class='ocrx_word' id='word_1_957' title='bbox 3321 5386 3420 5440; x_wconf 87' lang='grc' dir='ltr'><em>καί</em></span> <span class='ocrx_word' id='word_1_958' title='bbox 3451 5389 3752 5458; x_wconf 64' lang='grc' dir='ltr'><em>κατήχθη-</em></span> 
     </span>
    </p>
   </div>
   <div class='ocr_carea' id='block_1_123' title="bbox 2049 5465 3752 5547">
    <p class='ocr_par' dir='ltr' id='par_1_123' title="bbox 2049 5465 3752 5547">
     <span class='ocr_line' id='line_1_123' title="bbox 2049 5465 3752 5547; baseline 0.011 -33"><span class='ocrx_word' id='word_1_959' title='bbox 2049 5480 2162 5531; x_wconf 84' lang='grc' dir='ltr'><em>μεν</em></span> <span class='ocrx_word' id='word_1_960' title='bbox 2186 5465 2273 5529; x_wconf 82' lang='grc' dir='ltr'><em>είς</em></span> <span class='ocrx_word' id='word_1_961' title='bbox 2304 5465 2512 5534; x_wconf 89' lang='grc' dir='ltr'><em>Τύρον,</em></span> <span class='ocrx_word' id='word_1_962' title='bbox 2537 5468 2694 5537; x_wconf 74' lang='grc' dir='ltr'><em>φησὶ,</em></span> <span class='ocrx_word' id='word_1_963' title='bbox 2729 5468 2829 5522; x_wconf 76' lang='grc' dir='ltr'><em>καὶ</em></span> <span class='ocrx_word' id='word_1_964' title='bbox 2867 5471 3150 5540; x_wconf 83' lang='grc' dir='ltr'><em>εὑρόντες</em></span> <span class='ocrx_word' id='word_1_965' title='bbox 3190 5476 3487 5543; x_wconf 85' lang='grc' dir='ltr'><em>μαθητὰς,</em></span> <span class='ocrx_word' id='word_1_966' title='bbox 3518 5477 3752 5547; x_wconf 84' lang='grc' dir='ltr'><em>ἐμείνα-</em></span> 
     </span>
    </p>
   </div>
   <div class='ocr_carea' id='block_1_124' title="bbox 2045 5552 3746 5638">
    <p class='ocr_par' dir='ltr' id='par_1_124' title="bbox 2045 5552 3746 5638">
     <span class='ocr_line' id='line_1_124' title="bbox 2045 5552 3746 5638; baseline 0.011 -36"><span class='ocrx_word' id='word_1_967' title='bbox 2045 5567 2163 5620; x_wconf 87' lang='grc' dir='ltr'><em>μεν</em></span> <span class='ocrx_word' id='word_1_968' title='bbox 2200 5552 2353 5621; x_wconf 83' lang='grc' dir='ltr'><em>πρός</em></span> <span class='ocrx_word' id='word_1_969' title='bbox 2403 5555 2647 5621; x_wconf 86' lang='grc' dir='ltr'><em>αὐτούς.</em></span> <span class='ocrx_word' id='word_1_970' title='bbox 2685 5556 2817 5610; x_wconf 86' lang='grc' dir='ltr'><em>Ὅτε</em></span> <span class='ocrx_word' id='word_1_971' title='bbox 2841 5559 3070 5628; x_wconf 75' lang='grc' dir='ltr'><em>πλησίον</em></span> <span class='ocrx_word' id='word_1_972' title='bbox 3134 5557 3278 5633; x_wconf 79' lang='grc' dir='ltr'><em>ἦσαν</em></span> <span class='ocrx_word' id='word_1_973' title='bbox 3332 5564 3746 5638; x_wconf 84' lang='grc' dir='ltr'><em>Ἱεροσολύμων,</em></span> 
     </span>
    </p>
   </div>
   <div class='ocr_carea' id='block_1_125' title="bbox 2048 5639 3746 5726">
    <p class='ocr_par' dir='ltr' id='par_1_125' title="bbox 2048 5639 3746 5726">
     <span class='ocr_line' id='line_1_125' title="bbox 2048 5639 3746 5726; baseline 0.012 -36"><span class='ocrx_word' id='word_1_974' title='bbox 2048 5640 2147 5692; x_wconf 73' lang='grc' dir='ltr'><em>οὐκ</em></span> <span class='ocrx_word' id='word_1_975' title='bbox 2170 5639 2248 5692; x_wconf 82' lang='grc' dir='ltr'><em>ἔτι</em></span> <span class='ocrx_word' id='word_1_976' title='bbox 2279 5642 2586 5712; x_wconf 80' lang='grc' dir='ltr'><em>τρέχουσιν,</em></span> <span class='ocrx_word' id='word_1_977' title='bbox 2624 5645 2761 5698; x_wconf 83' lang='grc' dir='ltr'><em>ἀλλά</em></span> <span class='ocrx_word' id='word_1_978' title='bbox 2791 5650 2886 5702; x_wconf 79' lang='grc' dir='ltr'><em>καὶ</em></span> <span class='ocrx_word' id='word_1_979' title='bbox 2911 5649 3131 5719; x_wconf 84' lang='grc' dir='ltr'><em>μένουσι</em></span> <span class='ocrx_word' id='word_1_980' title='bbox 3167 5653 3320 5723; x_wconf 83' lang='grc' dir='ltr'><em>παρά</em></span> <span class='ocrx_word' id='word_1_981' title='bbox 3360 5657 3470 5715; x_wconf 67' lang='grc' dir='ltr'><em>τοῖς</em></span> <span class='ocrx_word' id='word_1_982' title='bbox 3496 5656 3746 5726; x_wconf 82' lang='grc' dir='ltr'><em>ἀδελφοῖς</em></span> 
     </span>
    </p>
   </div>
   <div class='ocr_carea' id='block_1_126' title="bbox 2049 5726 3746 5813">
    <p class='ocr_par' dir='ltr' id='par_1_126' title="bbox 2049 5726 3746 5813">
     <span class='ocr_line' id='line_1_126' title="bbox 2049 5726 3746 5813; baseline 0.012 -36"><span class='ocrx_word' id='word_1_983' title='bbox 2049 5726 2192 5779; x_wconf 75' lang='grc' dir='ltr'><em>ἑπτὰ</em></span> <span class='ocrx_word' id='word_1_984' title='bbox 2221 5730 2457 5801; x_wconf 77' lang='grc' dir='ltr'><em>ἡμέρας.</em></span> <span class='ocrx_word' id='word_1_985' title='bbox 2499 5733 2604 5785; x_wconf 83' lang='grc' dir='ltr'><em>Ἰδε</em></span> <span class='ocrx_word' id='word_1_986' title='bbox 2643 5751 2732 5803; x_wconf 88' lang='grc' dir='ltr'><em>μοι</em></span> <span class='ocrx_word' id='word_1_987' title='bbox 2789 5735 2975 5791; x_wconf 82' lang='grc' dir='ltr'><em>λοιπὸν</em></span> <span class='ocrx_word' id='word_1_988' title='bbox 3034 5738 3128 5792; x_wconf 81' lang='grc' dir='ltr'><em>καὶ</em></span> <span class='ocrx_word' id='word_1_989' title='bbox 3184 5740 3282 5804; x_wconf 80' lang='grc' dir='ltr'><em>τὰς</em></span> <span class='ocrx_word' id='word_1_990' title='bbox 3315 5743 3553 5813; x_wconf 81' lang='grc' dir='ltr'><em>ἡμέρας.</em></span> <span class='ocrx_word' id='word_1_991' title='bbox 3590 5746 3746 5798; x_wconf 78' lang='grc' dir='ltr'><em>Μετὰ</em></span> 
     </span>
    </p>
   </div>
   <div class='ocr_carea' id='block_1_127' title="bbox 2047 5817 3746 5900">
    <p class='ocr_par' dir='ltr' id='par_1_127' title="bbox 2047 5817 3746 5900">
     <span class='ocr_line' id='line_1_127' title="bbox 2047 5817 3746 5900; baseline 0.011 -31"><span class='ocrx_word' id='word_1_992' title='bbox 2047 5817 2115 5870; x_wconf 70' lang='grc' dir='ltr'><em>τὰ</em></span> <span class='ocrx_word' id='word_1_993' title='bbox 2153 5819 2374 5888; x_wconf 77' lang='grc' dir='ltr'><em>Ἀζυμα</em></span> <span class='ocrx_word' id='word_1_994' title='bbox 2397 5821 2476 5882; x_wconf 80' lang='grc' dir='ltr'><em>εἰς</em></span> <span class='ocrx_word' id='word_1_995' title='bbox 2512 5821 2747 5892; x_wconf 88' lang='grc' dir='ltr'><em>Τρωάδα</em></span> <span class='ocrx_word' id='word_1_996' title='bbox 2782 5819 2948 5895; x_wconf 84' lang='grc' dir='ltr'><em>ἦλθον</em></span> <span class='ocrx_word' id='word_1_997' title='bbox 2980 5826 3063 5879; x_wconf 89' lang='grc' dir='ltr'><em>δι’</em></span> <span class='ocrx_word' id='word_1_998' title='bbox 3116 5828 3337 5900; x_wconf 64' lang='grc' dir='ltr'><em>ἡμερῶν</em></span> <span class='ocrx_word' id='word_1_999' title='bbox 3378 5832 3543 5885; x_wconf 81' lang='grc' dir='ltr'><em>πέντε</em></span> <span class='ocrx_word' id='word_1_1000' title='bbox 3571 5849 3583 5859; x_wconf 88' lang='grc'><strong>·</strong></span> <span class='ocrx_word' id='word_1_1001' title='bbox 3625 5828 3746 5887; x_wconf 76' lang='grc' dir='ltr'><em>εἶτα</em></span> 
     </span>
    </p>
   </div>
   <div class='ocr_carea' id='block_1_128' title="bbox 2048 5910 3742 5993">
    <p class='ocr_par' dir='ltr' id='par_1_128' title="bbox 2048 5910 3742 5993">
     <span class='ocr_line' id='line_1_128' title="bbox 2048 5910 3742 5993; baseline 0.011 -33"><span class='ocrx_word' id='word_1_1002' title='bbox 2048 5910 2163 5962; x_wconf 76' lang='grc' dir='ltr'><em>ἐκεῖ</em></span> <span class='ocrx_word' id='word_1_1003' title='bbox 2219 5910 2397 5963; x_wconf 79' lang='grc' dir='ltr'><em>ἐπτά’</em></span> <span class='ocrx_word' id='word_1_1004' title='bbox 2432 5911 2532 5975; x_wconf 82' lang='grc' dir='ltr'><em>τὰς</em></span> <span class='ocrx_word' id='word_1_1005' title='bbox 2580 5913 2761 5978; x_wconf 85' lang='grc' dir='ltr'><em>πάσας</em></span> <span class='ocrx_word' id='word_1_1006' title='bbox 2804 5917 3012 5971; x_wconf 83' lang='grc' dir='ltr'><em>δώδεκα</em></span> <span class='ocrx_word' id='word_1_1007' title='bbox 3040 5922 3057 5940; x_wconf 90' lang='grc'><strong><em>⁸</em></strong></span> <span class='ocrx_word' id='word_1_1008' title='bbox 3095 5914 3214 5973; x_wconf 76' lang='grc' dir='ltr'><em>εἶτα</em></span> <span class='ocrx_word' id='word_1_1009' title='bbox 3261 5921 3339 5984; x_wconf 87' lang='grc' dir='ltr'><em>εἰς</em></span> <span class='ocrx_word' id='word_1_1010' title='bbox 3388 5922 3484 5993; x_wconf 81' lang='grc' dir='ltr'><em>τὴν</em></span> <span class='ocrx_word' id='word_1_1011' title='bbox 3517 5925 3742 5992; x_wconf 68' lang='grc' dir='ltr'><em>Ἄσσον,</em></span> 
     </span>
    </p>
   </div>
   <div class='ocr_carea' id='block_1_129' title="bbox 2079 6098 3732 6179">
    <p class='ocr_par' dir='ltr' id='par_1_129' title="bbox 2079 6098 3732 6179">
     <span class='ocr_line' id='line_1_129' title="bbox 2079 6098 3732 6179; baseline 0.013 -35"><span class='ocrx_word' id='word_1_1012' title='bbox 2079 6098 2131 6175; x_wconf 64' lang='grc' dir='ltr'><em>Ἰ)</em></span> <span class='ocrx_word' id='word_1_1013' title='bbox 2162 6098 2424 6179; x_wconf 45' lang='grc' dir='ltr'><em>ίιίρίῐξζὶτρν</em></span> <span class='ocrx_word' id='word_1_1014' title='bbox 2465 6118 2783 6164; x_wconf 55' lang='lat' dir='ltr'><em>imminuta,</em></span> <span class='ocrx_word' id='word_1_1015' title='bbox 2809 6107 2888 6153; x_wconf 73' lang='grc' dir='ltr'><em>καὶ</em></span> <span class='ocrx_word' id='word_1_1016' title='bbox 2913 6107 3126 6162; x_wconf 62' lang='grc' dir='ltr'><em>ἐξουσίαν</em></span> <span class='ocrx_word' id='word_1_1017' title='bbox 3149 6110 3287 6172; x_wconf 74' lang='grc' dir='ltr'><em>ἔχειν.</em></span> <span class='ocrx_word' id='word_1_1018' title='bbox 3361 6113 3382 6141; x_wconf 67' lang='grc' dir='ltr'><em>θ</em></span> <span class='ocrx_word' id='word_1_1019' title='bbox 3412 6110 3529 6168; x_wconf 77' lang='lat' dir='ltr'><strong><em>Alli.</em></strong></span> <span class='ocrx_word' id='word_1_1020' title='bbox 3553 6112 3732 6165; x_wconf 53' lang='grc' dir='ltr'><em>τόποις</em></span> 
     </span>
    </p>
   </div>
   <div class='ocr_carea' id='block_1_130' title="bbox 2057 6163 2465 6218">
    <p class='ocr_par' dir='ltr' id='par_1_130' title="bbox 2057 6163 2465 6218">
     <span class='ocr_line' id='line_1_130' title="bbox 2057 6163 2465 6218; baseline 0 -8"><span class='ocrx_word' id='word_1_1021' title='bbox 2057 6163 2156 6210; x_wconf 68' lang='grc' dir='ltr'><em>εἶτα</em></span> <span class='ocrx_word' id='word_1_1022' title='bbox 2183 6164 2244 6218; x_wconf 64' lang='grc' dir='ltr'><em>εἰς</em></span> <span class='ocrx_word' id='word_1_1023' title='bbox 2285 6163 2465 6210; x_wconf 76' lang='grc' dir='ltr'><em>Ῥοδον.</em></span> 
     </span>
    </p>
   </div>
  </div>
