4076 6534
221 497 323 553 517

214 613 427 673 Chium,
458 610 509 664 in
531 603 860 681 Trogylium,
887 604 942 660 in
972 602 1217 668 Samum,
1247 600 1522 668 Miletum;
1550 599 1670 656 dies
1689 615 1806 655 om-

215 720 311 761 nes
320 711 447 758 sunt
464 698 760 758 octodecim
781 716 795 753 :
813 704 995 767 postea
1016 694 1070 749 in
1085 692 1274 760 Coum,
1296 693 1347 747 in
1366 691 1637 756 Rhodum,
1657 691 1813 746 Pata-

214 810 328 851 ratn
355 811 372 859 ;
395 803 520 849 sunt
552 790 735 863 viginti
759 797 814 844 et
834 802 939 843 una
957 786 1073 842 dies
1098 785 1323 840 :deiude
1347 784 1543 839 istbinc
1571 799 1665 855 per
1690 783 1810 838 dies

214 888 451 958 quinque
475 882 711 955 Tyrum;
741 888 797 934 ut
837 878 945 933 sint
974 877 1090 937 dies
1130 876 1314 946 viginti
1353 890 1446 931 ses
1479 874 1589 929 :ibi
1629 882 1808 944 postea

214 987 420 1049 septem
458 974 576 1030 dies
607 991 621 1028 :
650 979 771 1028 sunt
798 970 916 1026 dies
944 967 1159 1040 triginta
1189 978 1337 1022 tres:
1371 964 1499 1021 hinc
1519 961 1810 1021 Ptolemai-

216 1070 337 1125 dem
361 1083 463 1123 una
492 1065 615 1131 die;
646 1072 772 1121 sunt
792 1062 1003 1133 triginta
1034 1069 1300 1131 quatuor:
1328 1057 1528 1115 deinde
1550 1058 1813 1113 Caesarem

217 1171 396 1220 manet
417 1159 658 1233 pluribus
676 1195 694 1225 ,
721 1170 881 1229 quam
921 1152 1047 1209 alibi
1074 1193 1089 1219 ,
1116 1152 1307 1208 diebus
1330 1168 1346 1216 ;
1369 1159 1419 1205 et
1448 1162 1574 1204 tunc
1596 1148 1813 1203 demum

218 1253 342 1310 inde
367 1252 492 1308 illos
516 1250 737 1306 abducit
771 1248 1053 1318 propheta.
1084 1243 1174 1299 Sic
1203 1244 1504 1312 completur
1528 1240 1643 1296 dies
1674 1240 1816 1295 Pen-

217 1354 474 1411 tecostes,
504 1352 560 1399 et
588 1341 659 1397 ibi
682 1340 825 1395 illam
849 1337 1075 1409 peragit.
1104 1333 1235 1389 Vide
1262 1333 1435 1400 illum,
1456 1333 1672 1404 quando
1691 1332 1813 1402 Spi-

215 1437 353 1493 ritus
380 1451 486 1491 non
516 1432 853 1504 prohibebat,
881 1428 1294 1498 obsequentem.
1319 1425 1594 1491 Dicebant,
1626 1424 1709 1479 Ne
1729 1425 1817 1479 des

217 1540 264 1584 te
293 1530 345 1582 in
372 1528 622 1581 theatrum
641 1565 659 1592 ,
687 1531 743 1580 et
770 1536 877 1577 non
908 1518 1056 1575 dedit
1086 1536 1101 1572 :
1132 1532 1277 1588 serpe
1306 1516 1454 1571 illum
1481 1515 1812 1579 educebant,

215 1632 269 1679 et
302 1633 509 1676 morem
554 1616 719 1689 gessit
747 1630 763 1670 :
792 1628 889 1686 per
932 1611 1225 1667 fenestram
1277 1609 1470 1663 iterum
1512 1608 1695 1677 etl‘ugit
1721 1625 1733 1660 :
1764 1617 1818 1662 et

218 1727 360 1768 nunc
383 1753 400 1778 ,
434 1721 490 1765 ut
521 1711 590 1764 ita
617 1707 792 1764 dicam
813 1748 827 1773 ,
856 1702 1157 1760 innumeris
1180 1700 1496 1771 rogantibus
1524 1709 1575 1755 et
1601 1700 1726 1770 Tyri
1764 1709 1819 1755 ct

217 1802 502 1868 Caesareae,
536 1798 788 1855 flentibus
821 1806 877 1853 et
923 1796 1201 1851 innumera
1246 1791 1429 1863 gravia
1473 1790 1818 1861 praedicenti-

216 1899 352 1960 bus.
404 1910 510 1951 non
546 1892 726 1959 cedit,
754 1888 998 1960 quamvis
1024 1902 1132 1944 non
1172 1885 1334 1942 modo
1381 1885 1564 1956 gravia
1621 1882 1817 1955 pradi-

215 1997 399 2046 eerent
433 2027 451 2053 ,
498 1984 593 2041 sed
644 1985 804 2041 etiam
860 1997 956 2053 per
1018 1979 1277 2050 Spiritum
1326 1976 1703 2049 pmdieereut.
1763 1976 1818 2033 Si

215 2096 346 2153 ergo
387 2077 799 2150 Spiritusjussit
827 2116 849 2144 ,
883 2090 982 2131 cur
1030 2069 1507 2130 contradieebant?
1533 2070 1668 2137 Quia
1720 2083 1819 2125 ue-

216 2174 461 2230 sciehant
510 2171 741 2242 Spiritus
792 2182 1037 2239 scopum.
1084 2166 1337 2236 Alioquin
1379 2178 1511 2219 vero
1562 2164 1819 2219 adhorta-

220 2268 420 2322 tionem
457 2265 600 2319 illam
634 2277 728 2335 per
755 2260 1017 2331 Spiritum
1049 2273 1156 2313 non
1190 2256 1475 2312 faciebant.
1507 2255 1625 2311 Non
1657 2256 1821 2311 modo

217 2359 359 2415 enim
386 2356 568 2428 gravia
596 2352 963 2427 prtedicebant
982 2392 998 2417 ,
1026 2350 1122 2408 sed
1151 2349 1423 2407 addebant
1441 2392 1457 2418 ,
1491 2364 1597 2406 non
1627 2364 1821 2406 ascen-
1844 2416 1854 2426 κ

216 2452 453 2510 dendum
482 2466 625 2519 esse,
657 2456 944 2521 parcentes
979 2447 1079 2504 illi.
1112 2446 1179 2502 Et
1209 2448 1448 2518 perfectis
1475 2446 1654 2502 diebus
1677 2488 1694 2514 ,
1736 2447 1822 2502 in-

216 2546 373 2616 quit,
404 2542 455 2600 id
502 2541 845 2612 cst,espletis
878 2558 892 2595 :
924 2539 1040 2596 dies
1069 2548 1248 2595 autem
1288 2538 1421 2594 dicit
1450 2539 1819 2609 praestitutus:

218 2635 581 2691 deducentibus
619 2650 713 2689 nos
736 2632 968 2688 omnibus
994 2647 1109 2686 cum
1138 2629 1380 2686 uxoribus
1404 2640 1455 2686 et
1485 2630 1676 2685 liberis.

287 2728 344 2783 5.
388 2726 524 2783 Vide
552 2734 751 2796 quanta
780 2724 1082 2781 consolatio
1101 2732 1281 2780 esset:
1307 2733 1361 2779 et
1391 2738 1579 2780 rursus
1606 2732 1827 2781 orantes

218 2818 564 2874 divelluntur.
589 2817 764 2873 Etiam
786 2815 1121 2873 Ptolemaide
1146 2831 1253 2871 uno
1272 2814 1362 2871 die
1387 2826 1629 2881 manent,
1646 2814 1827 2871 Caesa-

218 2923 325 2964 rem
353 2922 484 2965 vero
514 2907 760 2979 plurimis
780 2906 990 2963 diebus.
1015 2905 1084 2961 Et
1108 2905 1324 2977 quando
1350 2905 1555 2960 audivit
1581 2920 1643 2961 se
1670 2906 1826 2961 inuu-

221 3015 367 3057 mera
393 3000 579 3071 gravia
606 3014 887 3072 passurum
912 3014 1037 3056 esse
1060 3040 1077 3065 ,
1108 3008 1234 3055 tunc
1276 2998 1525 3066 festinat,
1570 3014 1679 3054 non
1704 3014 1827 3055 sese

220 3094 273 3148 in
301 3093 541 3164 pericula
567 3093 862 3164 conjiciens
887 3135 902 3160 ,
930 3091 1025 3148 sed
1058 3099 1254 3162 putans
1283 3092 1513 3162 Spiritus
1537 3106 1659 3147 esse
1687 3106 1827 3162 pra-

219 3196 457 3257 ceptum.
489 3186 577 3243 15.
627 3184 753 3240 Post
796 3185 905 3241 dies
934 3192 1106 3240 autem
1137 3184 1267 3251 hos,
1305 3186 1512 3255 inquit,
1550 3185 1830 3255 prwparati

223 3280 616 3337 escendebamus
650 3281 704 3334 in
730 3279 1059 3344 Jerusalem;
1087 3280 1139 3334 id
1170 3288 1249 3334 est
1268 3320 1283 3344 ,
1317 3279 1553 3348 acceptis
1582 3280 1646 3334 iis
1666 3321 1680 3342 ,
1707 3294 1829 3350 qua

222 3376 287 3428 ad
317 3376 420 3430 iter
446 3373 748 3428 necessaria
775 3381 951 3428 erant.
973 3371 1060 3428 16.
1099 3368 1350 3426 Venerunt
1377 3382 1547 3425 autem
1568 3371 1829 3425 nobiscum

224 3478 268 3522 et
311 3484 376 3523 ea:
421 3465 690 3538 discipulis
728 3483 762 3520 a
807 3467 1078 3530 Cesarea,
1114 3464 1423 3519 adducentes
1468 3479 1642 3518 secum
1687 3463 1830 3533 apud

224 3575 365 3629 quem
407 3559 820 3629 liospitaremur,
876 3555 1180 3611 Mnasonem
1226 3555 1496 3627 quemdam
1541 3553 1786 3626 Cyprium
1809 3596 1825 3620 ,

227 3652 491 3721 antiquum
520 3650 852 3722 discipulum.
898 3650 986 3705 17.
1021 3646 1090 3703 Et
1129 3663 1247 3703 cum
1272 3648 1580 3703 venissemus
1614 3647 1830 3703 Jeroso-

228 3741 416 3811 ignium
438 3781 454 3805 ,
483 3741 693 3796 libenter
719 3750 1021 3809 exceperunt
1048 3756 1139 3793 nos
1164 3741 1371 3810 fratres.
1422 3739 1489 3793 Et
1528 3740 1652 3796 vide
1677 3782 1692 3806 ,
1724 3757 1829 3796 non

228 3832 366 3887 dixit
390 3832 610 3903 Agabus
634 3849 647 3885 :
674 3831 896 3886 Paulum
920 3830 1181 3901 ligabunt,
1201 3844 1269 3885 ne
1290 3830 1568 3885 videretur
1588 3846 1655 3886 ex
1676 3840 1833 3901 pacto

228 3924 407 3979 dicere
432 3940 447 3990 ;
482 3923 599 3988 sed,
640 3922 835 3989 Virum,
859 3922 1009 3993 cujus
1039 3932 1111 3976 est
1142 3938 1275 3975 sono
1305 3922 1431 3977 liam.
1467 3923 1608 3993 Ergo
1639 3938 1831 3979 zonam

231 4014 481 4070 habebat.
514 4014 649 4082 Quia
678 4028 809 4071 vero
836 4013 1067 4069 suadere
1101 4028 1207 4067 non
1251 4022 1536 4083 poterant,
1571 4013 1692 4069 ideo
1736 4014 1834 4070 tle-

231 4107 377 4175 bant,
410 4107 608 4164 delnde
637 4108 981 4179 quieverunt.
1012 4105 1176 4161 Vides
1205 4105 1601 4177 philosophiam
1630 4108 1653 4161 2
1682 4107 1835 4163 vides

231 4202 430 4257 amoris
456 4198 753 4256 allectum?
780 4198 1094 4267 Quieoimus,
1120 4199 1311 4271 inquit,
1345 4199 1590 4270 dicentes,
1634 4200 1834 4257 Volun-

233 4301 309 4349 tas
329 4293 543 4349 Domini
571 4292 684 4362 ﬁat.
716 4292 1060 4353 Adducentes.
1092 4293 1285 4363 inquit,
1312 4295 1457 4364 apud
1482 4311 1629 4364 quem
1655 4296 1835 4366 hospi-

232 4398 474 4442 taremur.
504 4385 672 4458 Igitur
702 4401 807 4441 non
841 4387 895 4441 in
917 4386 1170 4443 ecclesia.
1204 4386 1355 4442 Tuue
1380 4389 1524 4443 enim
1550 4431 1563 4452 ,
1592 4405 1712 4443 cum
1737 4405 1837 4459 pro

232 4476 574 4548 dogmatibus
598 4476 1001 4544 ascendebant,
1038 4477 1089 4531 in
1121 4478 1351 4534 ecclesia
1384 4479 1833 4550 bospitabantur,

232 4584 371 4624 nunc
397 4585 530 4626 vero
558 4568 700 4640 apud
725 4569 1047 4639 discipulum
1075 4568 1362 4640 quemdam
1390 4571 1691 4642 antiquum.
1720 4573 1829 4629 Os-

235 4661 532 4733 lenditjam
554 4659 720 4717 fuisse
746 4663 967 4733 longum
998 4661 1398 4734 praedicationis
1422 4673 1633 4735 tempus
1658 4684 1672 4721 :
1697 4666 1838 4722 unde

234 4753 362 4809 mihi
391 4754 605 4810 videtur
626 4753 679 4809 in
707 4753 858 4809 Actis
884 4752 1085 4809 multos
1108 4768 1281 4810 annos
1310 4755 1611 4824 succidere,
1642 4768 1699 4813 et
1718 4773 1838 4829 quae

234 4846 500 4917 urgebant
519 4854 725 4901 tantum
746 4844 945 4900 dicere.
976 4845 1114 4913 Quid
1141 4846 1243 4901 sibi
1266 4848 1377 4901 vult
1406 4848 1556 4913 illud,
1595 4847 1840 4905 Voluntas

236 4937 442 4994 Domini
471 4939 611 5009 ﬁat.’
637 4941 898 4997 Dominus
922 4981 938 5007 ,
970 4941 1179 5011 inquit,
1222 4941 1364 5011 quod
1398 4942 1649 5012 placitum
1675 4952 1758 4999 est
1786 4944 1839 4999 in

235 5030 405 5085 oculis
424 5030 562 5097 suis,
586 5030 768 5087 faciet.
793 5033 1089 5099 Quiescuut
1117 5042 1299 5088 autem
1320 5034 1420 5102 illi,
1445 5051 1622 5106 neque
1643 5045 1842 5107 cogunt

237 5119 421 5176 illum:
450 5121 593 5177 forte
636 5124 786 5193 gnari
812 5164 827 5190 ,
872 5138 993 5180 esse
1037 5125 1370 5181 voluntatem
1417 5128 1553 5195 Dei,
1583 5128 1727 5199 quod
1772 5145 1841 5186 ex

237 5211 384 5268 Pauli
423 5213 641 5269 fervore
670 5214 1045 5284 conjectabant
1075 5235 1086 5268 :
1122 5232 1245 5272 nam
1287 5218 1487 5289 alioqui
1526 5235 1631 5274 non
1663 5230 1841 5278 tantus

240 5306 383 5362 l‘auli
432 5308 616 5363 fervor
654 5305 848 5365 fuisset
876 5349 893 5373 ,
934 5326 1110 5381 neque
1157 5312 1297 5366 Deus
1342 5312 1717 5381 permisisset,
1749 5316 1841 5385 qui

238 5412 450 5467 semper
483 5398 634 5453 illum
665 5414 693 5452 a
723 5400 975 5468 periculis
1004 5411 1237 5457 eruerat.
1268 5402 1357 5458 Sic
1386 5404 1639 5460 nolebant
1658 5407 1841 5463 Eccle-

240 5493 331 5542 stze
360 5495 513 5546 oucrl
544 5507 686 5558 esse,
711 5506 832 5547 eum
855 5493 992 5549 alius
1012 5504 1180 5561 esset,
1210 5498 1298 5565 qui
1324 5495 1444 5551 illos
1468 5497 1699 5567 hospitio
1721 5514 1842 5555 sus-

240 5583 463 5651 ciperet,
500 5599 676 5655 neque
704 5585 963 5641 honorem
994 5587 1302 5656 exigebant.
1334 5588 1570 5644 Libenter
1599 5632 1613 5657 ,
1648 5592 1837 5663 inquit,

240 5686 544 5747 exceperunt
587 5694 679 5731 nos
708 5679 911 5747 fratres.
958 5678 1066 5734 Res
1099 5690 1226 5735 tunc
1271 5682 1321 5735 in
1363 5697 1492 5752 pace
1518 5693 1671 5739 erant
1700 5685 1840 5755 apud

244 5762 455 5825 iudwos
484 5810 498 5831 ,
533 5784 634 5825 nec
672 5769 869 5825 bellum
896 5781 955 5825 ut
991 5773 1138 5841 prius
1167 5782 1301 5827 erat.
1330 5772 1585 5829 Ducentes
1612 5793 1723 5841 nos,
1757 5778 1839 5831 iu-

244 5869 391 5926 quit,
417 5861 559 5930 apud
584 5877 734 5933 quem
776 5863 1170 5932 hospitaremur.
1206 5864 1425 5921 Paulum
1474 5867 1563 5923 ille
1612 5869 1843 5939 hospitio

244 5952 563 6024 excipiebat.

1170 484 1249 543 llN
1283 481 1467 541 ACTA
1512 480 2037 540 APOSTOLORUM.
2080 480 2309 539 llOMlL.
2355 478 2518 538 XLV.

3420 484 3522 542 3H

2006 594 2346 668 Hospitalitas
2364 598 2849 653 commendatur.—
2867 599 3015 675 Dicet
3040 598 3265 657 fortasse
3289 613 3422 657 ve~ti
3437 621 3525 657 um

1919 690 2185 759 quispiam
2214 706 2227 741 :
2249 686 2307 745 Si
2332 689 2451 759 quis
2470 688 2601 744 mihi
2630 689 2856 745 Paulum
2886 689 3122 759 hospitio
3146 692 3525 761 excipiendum

1918 779 2138 836 olferrct
2157 823 2172 845 ,
2204 780 2257 836 id
2285 791 2529 851 prompte
2550 789 2606 837 et
2647 781 2903 837 alacriter
2932 783 3187 840 iacerem.
3208 783 3351 840 Ecce
3382 786 3525 840 Pauli

1922 872 2205 929 Dominum
2230 874 2325 930 tibi
2352 873 2588 944 hospitio
2609 875 2863 946 excipere
2882 875 3027 943 licet,
3050 887 3105 933 et
3129 893 3235 933 non
3265 879 3341 933 vis
3364 897 3381 935 :
3406 896 3526 934 nam

1920 962 2035 1018 ait:
2074 964 2174 1031 Qui
2202 964 2415 1037 suscipit
2456 982 2616 1020 unum
2663 982 2729 1021 ea:
2770 966 2850 1022 Itis
2894 968 3118 1025 minimi:
3144 1012 3158 1033 ,
3205 987 3288 1025 me
3316 973 3530 1043 suscipit

1923 1052 2138 1123 (Matth.
2169 1056 2258 1112 18.
2291 1056 2347 1112 5.
2378 1055 2509 1111 Luc.
2532 1057 2587 1114 9.
2618 1058 2735 1129 48).
2768 1059 2983 1129 Quanto
3024 1063 3204 1117 minor
3229 1072 3312 1119 cst
3342 1064 3528 1131 frater,

1925 1152 2073 1202 tanto
2118 1148 2290 1219 magis
2334 1144 2586 1207 Christus
2635 1167 2732 1219 per
2783 1153 2958 1223 ipsum
3002 1155 3240 1213 advenit.
3273 1156 3405 1214 Nam
3438 1160 3529 1231 qui

1924 1253 2175 1308 maguum
2202 1240 2512 1312 quempiam
2540 1244 2761 1315 excipit,
2791 1258 2890 1315 per
2913 1261 3105 1302 vanam
3132 1262 3279 1320 saepe
3300 1249 3527 1321 gloriam

1926 1329 1976 1384 id
2002 1332 2114 1403 agit
2140 1349 2155 1397 ;
2186 1333 2279 1404 qui
2312 1349 2444 1390 vero
2489 1350 2714 1406 parvum
2734 1378 2753 1406 ,
2799 1352 2935 1408 pure
2982 1352 3201 1412 propter
3231 1343 3527 1399 Christum.

1925 1421 2075 1477 Licet
2098 1422 2189 1478 tibi
2220 1424 2383 1479 etiam
2406 1426 2621 1483 Patrem
2647 1427 2849 1484 Christi
2879 1431 3156 1501 excipere.
3191 1444 3245 1488 et
3275 1450 3381 1490 non
3408 1438 3527 1493 vis:

1926 1530 2049 1569 nam
2078 1517 2184 1581 ait,
2221 1515 2421 1588 Hospes
2442 1535 2583 1574 eram
2624 1532 2671 1575 et
2696 1520 2974 1594 coltegistis
3001 1540 3100 1591 me.
3130 1534 3187 1581 et
3216 1526 3433 1596 iterum,
3461 1527 3530 1585 In

1924 1618 2167 1679 quantum
2187 1613 2376 1683 fecistis
2393 1613 2483 1667 uni
2503 1629 2567 1668 ea:
2582 1613 2662 1669 his
2679 1615 2926 1681 minimis,
2950 1618 3078 1673 mihi
3097 1620 3288 1690 fecistis
3313 1620 3528 1691 (Matth.

1924 1700 2016 1757 25.
2047 1702 2137 1758 35.
2168 1702 2285 1773 40).
2318 1703 2433 1760 Etsi
2466 1704 2667 1761 Paulus
2695 1720 2803 1762 non
2834 1708 2925 1771 sit,
2958 1709 3004 1764 si
3038 1709 3211 1767 fidelis
3240 1714 3311 1768 sit
3339 1722 3396 1771 et
3422 1714 3533 1770 fra-

1927 1801 2013 1849 ter
2036 1794 2286 1861 ,etiamsi
2324 1796 2585 1852 minimus
2603 1839 2619 1864 ,
2651 1796 2901 1853 Christus
2934 1808 3115 1856 tamen
3142 1817 3240 1873 per
3268 1804 3419 1859 illum
3440 1805 3533 1861 ad-

1928 1886 2094 1940 venit.
2124 1887 2285 1955 Aperi
2325 1885 2569 1955 domum,
2593 1887 2811 1962 excipe.
2840 1891 2945 1960 Qui
2980 1893 3162 1964 recipit
3191 1896 3491 1969 praplietam
3517 1941 3533 1967 ,

1928 1976 2140 2048 inquit,
2188 1980 2469 2034 mercedem
2516 1982 2781 2052 prophetat
2820 1985 3030 2057 recipiet
3058 1984 3079 2061 (
3108 1986 3197 2041 Id.
3248 1989 3338 2045 10.
3390 1991 3453 2047 ιι
3488 1993 3532 2061 ).

1928 2065 2071 2139 Ergo
2092 2070 2182 2139 qui
2206 2071 2399 2142 recipit
2423 2071 2723 2140 Christum,
2747 2076 2977 2147 recipiet
3005 2078 3312 2136 mercedem
3334 2078 3533 2139 Christi

1928 2163 2345 2233 peregrinantis.
2375 2164 2455 2220 Ne
2499 2156 2672 2222 (idem
2702 2182 2867 2240 neges
2903 2169 3083 2228 verbis
3113 2172 3231 2241 ejus
3253 2214 3267 2239 ,
3300 2174 3394 2231 sed
3418 2184 3536 2232 estu

1929 2253 2214 2311 conlidens
2246 2273 2259 2309 :
2292 2256 2408 2326 ipse
2451 2257 2620 2324 dixit,
2672 2258 2778 2315 Per
2823 2261 2943 2316 illos
2971 2278 3073 2333 ego
3100 2262 3369 2321 advenio:
3401 2277 3537 2323 etut

1930 2359 2001 2400 ne
2020 2345 2098 2401 sis
2124 2345 2437 2403 incredulus
2463 2388 2480 2413 ,
2511 2350 2833 2421 supplicium
2862 2351 3109 2409 decernit
3135 2370 3241 2410 non
3270 2358 3537 2428 recipien-

1933 2436 2095 2507 tibus,
2129 2437 2366 2496 honores
2398 2441 2790 2513 recipientibus
2819 2464 2833 2500 :
2870 2459 2979 2501 non
3010 2446 3111 2504 hoc
3141 2446 3401 2516 facturus,
3435 2454 3538 2506 nisi

1931 2525 2023 2583 ille
2054 2527 2463 2587 velhonoratus
2502 2533 2585 2588 vel
2612 2535 2944 2591 contumelia
2973 2536 3200 2595 allectus
3230 2540 3345 2612 ipse
3369 2554 3529 2599 esset.

1930 2617 2224 2689 Suscepisti
2252 2636 2339 2677 me
2366 2665 2379 2688 ,
2410 2622 2623 2695 inquit,
2667 2626 2722 2681 iu
2749 2626 2835 2681 div
2862 2629 3053 2684 :rsorio
3084 2639 3175 2687 tuo
3200 2648 3216 2698 ;
3247 2636 3537 2705 suscipiam

1934 2717 1989 2764 te
2014 2710 2067 2765 in
2094 2712 2522 2781 regnumPatris
2547 2715 2654 2770 mei
2684 2733 2697 2770 :
2729 2717 2936 2774 solvisti
2982 2718 3112 2776 mihi
3144 2720 3341 2779 famem
3370 2741 3385 2789 ;
3429 2727 3538 2780 sol-

1932 2814 2054 2854 vam
2114 2802 2208 2857 tibi
2258 2813 2523 2873 peccata:
2558 2805 2737 2863 vidisti
2786 2825 2876 2865 me
2936 2812 3224 2881 vinctum;
3278 2815 3445 2873 videri
3490 2828 3542 2875 lc

1934 2891 2125 2949 faciam
2155 2895 2388 2951 solutum
2414 2897 2429 2929 ί
2458 2914 2472 2951 :
2501 2898 2681 2955 vidisti
2709 2915 2797 2956 me
2828 2903 3167 2975 peregrinum
3203 2922 3218 2971 ;
3265 2906 3456 2967 faciam
3491 2920 3540 2967 te

1933 2987 2105 3043 civem
2130 2988 2385 3045 caelorum
2414 2990 2650 3048 :dedisti
2672 2993 2804 3049 mihi
2837 3010 3030 3065 panem
3056 3014 3071 3065 ;
3100 2997 3172 3054 do
3196 2999 3290 3055 tibi
3317 3017 3541 3073 regnum

1935 3089 2111 3137 totum
2131 3124 2146 3147 ,
2175 3092 2233 3137 ut
2259 3085 2387 3139 illud
2410 3085 2571 3142 heres
2595 3088 2831 3159 accipias
2855 3091 3235 3162 et'possideas.
3260 3096 3349 3150 Ait
3375 3099 3541 3165 enim,

1949 3169 2122 3226 Venite
2145 3213 2161 3235 .
2214 3176 2467 3245 possidete
2512 3186 2752 3246 paratum
2793 3180 2933 3236 nobis
2976 3199 3192 3254 regnum
3250 3186 3269 3258 ζ
3302 3185 3391 3241 Id.
3448 3190 3542 3247 25.

1935 3262 2050 3337 54).
2082 3264 2200 3321 Non
2231 3266 2385 3335 dicit,
2418 3269 2663 3341 Accipite
2689 3286 2704 3337 ;
2738 3271 2835 3327 sed
2855 3316 2869 3339 ,
2903 3272 3171 3331 Possidete
3205 3296 3223 3332 :
3248 3281 3391 3350 quod
3415 3282 3545 3338 dici-

1938 3366 2024 3410 tur
2047 3355 2117 3413 de
2142 3358 2230 3424 iis,
2260 3373 2351 3429 qui
2379 3374 2509 3416 vere
2536 3362 2857 3432 possident,
2893 3374 2951 3420 ut
2974 3382 3097 3422 cum
3130 3369 3363 3427 dicimus
3385 3416 3401 3439 ,
3436 3375 3546 3431 [lue

1935 3445 2240 3504 hereditate
2266 3449 2501 3519 possedi.
2530 3449 2732 3507 Fecisti
2762 3454 2891 3509 mihi
2924 3456 2979 3511 in
3002 3460 3214 3514 occulto
3238 3478 3252 3527 ;
3284 3478 3382 3534 ego
3411 3481 3549 3535 pra:—

1934 3538 2128 3595 dicabo
2156 3541 2209 3595 in
2234 3538 2560 3598 maniiesto:
2588 3553 2644 3599 et
2672 3552 2760 3599 tua
2788 3546 3005 3616 quidem
3038 3549 3183 3620 dico,
3210 3555 3333 3625 quia
3360 3558 3547 3627 gratia:

1938 3642 2097 3690 erant
2126 3652 2141 3701 ;
2174 3634 2293 3691 mea
2325 3649 2454 3690 vero
2480 3635 2647 3693 debiti
2680 3648 2825 3693 sunt.
2852 3640 2987 3710 Quia
3017 3645 3160 3699 cnim
3202 3655 3256 3700 tu
3290 3650 3500 3721 cmpisli
3534 3694 3545 3715 .

1939 3725 2146 3796 inquit,
2169 3741 2270 3798 ego
2297 3742 2529 3798 sequar:
2560 3744 2666 3784 non
2700 3729 2866 3800 pudet
2892 3748 2980 3790 me
3010 3733 3168 3792 fateri
3196 3739 3390 3795 collata
3418 3744 3547 3799 mihi

1939 3816 2221 3884 beneficia,
2254 3834 2354 3875 nec
2378 3834 2409 3873 a
2435 3820 2635 3892 quibus
2662 3837 2750 3877 me
2777 3822 3115 3894 liberaveris,
3146 3844 3177 3883 a
3207 3829 3365 3898 fame,
3395 3837 3551 3891 nudi-

1941 3917 2070 3977 tate,
2094 3926 2302 3966 errore.
2330 3911 2521 3968 Vidisti
2549 3928 2637 3969 me
2666 3914 2886 3986 ligatum
2913 3935 2928 3984 ;
2961 3934 3069 3974 non
3098 3920 3309 3978 videbis
3338 3926 3548 3995 gehen-

1941 4017 2024 4056 nae
2046 4002 2257 4072 ignem:
2285 4002 2465 4059 vidisti
2494 4019 2583 4060 me
2610 4005 2916 4076 infirmum;
2946 4025 3054 4067 non
3082 4013 3290 4071 videbis
3314 4026 3551 4074 tormen-

1943 4102 1996 4147 ta
2021 4109 2121 4149 nec
2148 4094 2432 4165 supplicia.
2464 4095 2510 4152 0
2539 4111 2735 4154 manus
2765 4115 2891 4157 vere
2922 4101 3245 4173 benedictae,
3274 4124 3393 4177 qua:
3423 4112 3548 4166 tali-

1942 4184 2044 4239 bus
2070 4186 2384 4242 ministeriis
2423 4187 2707 4257 serviunt,
2758 4207 2878 4263 qua:
2918 4193 3213 4265 dignantur
3244 4203 3554 4259 ministrare

1944 4274 2161 4330 Christo
2188 4276 2203 4331 l
2236 4277 2408 4334 Pedes
2429 4278 2481 4333 in
2508 4294 2757 4338 carceres
2786 4293 2985 4343 euntes
3012 4298 3234 4359 propter
3256 4292 3549 4362 Christum,

1944 4368 2099 4425 facile
2126 4380 2481 4427 contemnunt
2522 4372 2745 4443 ignem;
2786 4377 2995 4434 vincula
3043 4397 3151 4437 non
3200 4388 3554 4456 experiuntur

1943 4477 2138 4517 manus
2162 4503 2177 4528 ,
2206 4478 2329 4533 quae
2353 4463 2576 4535 ligatum
2612 4465 2763 4522 illum
2796 4468 3073 4527 viderunt.
3110 4473 3333 4532 luduisti
3364 4490 3553 4545 veste;

1944 4564 2001 4610 et
2028 4555 2268 4612 indueris
2290 4565 2438 4612 veste
2467 4557 2691 4613 salutari
2718 4577 2731 4615 :
2766 4559 2913 4617 fuisti
2936 4577 3061 4619 cum
3093 4566 3186 4621 illo
3216 4568 3269 4624 in
3300 4585 3559 4641 carcere;

1944 4656 2000 4702 et
2021 4648 2073 4701 in
2102 4662 2268 4718 regno
2292 4661 2415 4704 cum
2451 4648 2545 4705 illo
2569 4650 2700 4706 eris.
2730 4650 2859 4709 Haec
2904 4659 3197 4713 conﬁtetur
3223 4677 3329 4716 non
3364 4667 3558 4723 erubev

1944 4754 2123 4807 sceus,
2142 4740 2237 4796 sed
2256 4740 2433 4796 sciens
2460 4749 2513 4797 te
2540 4741 2690 4798 illum
2719 4743 2988 4803 inrisisse.
3013 4748 3305 4809 Nesciebat
3326 4759 3556 4825 patriar-

1946 4833 2045 4887 cha
2076 4847 2135 4887 se
2160 4833 2381 4903 angelos
2405 4834 2658 4905 excipere
2689 4836 2847 4906 (Gen.
2884 4840 2970 4895 18.
2998 4841 3075 4911 3).
3111 4852 3167 4900 et
3198 4854 3377 4903 tamen
3408 4854 3557 4907 exci-

1947 4926 2149 4995 piebat.
2193 4924 2594 4983 Erubescamus
2620 4970 2637 4996 ,
2672 4930 2905 4987 obsecro
2936 4952 2949 4987 :
2982 4934 3034 4990 iu
3066 4939 3294 4996 meridie
3336 4943 3561 5002 sedebat
3638 4940 3648 4947 ”

1949 5018 2001 5072 in
2028 5028 2169 5072 terra
2200 5018 2398 5085 aliena,
2422 5018 2662 5075 nondum
2690 5021 2845 5092 pedis
2873 5028 3159 5099 vestigium
3181 5029 3415 5090 habebat
3436 5053 3559 5094 eum

1946 5114 2265 5185 peregrinus
2284 5123 2452 5181 esset,
2468 5125 2522 5171 et
2543 5117 2860 5188 peregrinos
2877 5121 3180 5193 excipiebat
3200 5130 3523 5200 peregrinus
3546 5151 3558 5187 :

1948 5210 2083 5265 civis
2111 5211 2255 5268 enim
2280 5212 2537 5269 caelorum
2568 5223 2707 5270 erat.
2755 5214 2882 5273 Ideo
2921 5234 3024 5276 nec
3052 5222 3370 5295 peregrinus
3400 5238 3518 5283 erat
3544 5270 3559 5295 ,

1948 5319 2069 5360 cum
2116 5304 2343 5361 interra
2379 5316 2542 5363 esset.
2590 5307 2703 5363 Nos
2750 5310 2923 5380 magis
2950 5327 3108 5380 quam
3161 5314 3251 5371 ille
3292 5323 3560 5392 peregrini

1948 5411 2134 5451 sumus
2158 5439 2172 5463 ,
2204 5397 2296 5469 qui
2336 5397 2651 5470 peregrinos
2692 5414 2798 5456 non
2829 5403 3147 5473 excipimus.
3184 5406 3414 5465 Domum
3454 5429 3560 5471 non

1952 5488 2180 5544 habebat
2204 5530 2219 5557 ,
2253 5498 2308 5544 et
2349 5490 2757 5547 tabernaculum
2803 5492 2904 5563 ipsi
2933 5494 3293 5554 diversorium
3325 5512 3462 5558 erat.
3496 5506 3562 5563 Et.

1950 5581 2094 5648 vide,
2124 5596 2284 5651 quam
2314 5582 2493 5639 lautus
2522 5583 2592 5638 sit
2624 5602 2638 5638 :
2672 5585 2902 5640 vitulum
2936 5590 3215 5659 mactavit,
3244 5603 3302 5649 et
3333 5593 3559 5651 farinam

1951 5672 2187 5727 miscuit.
2238 5676 2377 5729 Audi
2421 5676 2688 5731 fervorem
2724 5696 2738 5731 :
2770 5694 2866 5747 per
2894 5693 2955 5733 se
2984 5690 3039 5736 et
3064 5696 3164 5754 per
3191 5698 3417 5741 uxorem
3463 5689 3564 5747 hoc

1952 5763 2095 5819 facit.
2128 5765 2412 5835 Perpende
2454 5782 2614 5837 quam
2656 5769 2727 5823 sit
2771 5783 2801 5822 a
2846 5770 2984 5827 fastu
3014 5771 3263 5833 alienus:
3289 5777 3482 5835 adorat
3511 5792 3562 5835 et

1952 5860 2221 5915 obsecrat.

2024 5974 2036 6002 ι
2075 5982 2205 6025 L‘uus
2223 5975 2367 6038 legit,
2388 5973 2554 6027 ridebo
2570 5981 2613 6025 te
2640 5961 2865 6028 solutum.
