4070 6518
526 443 633 502 519

598 559 652 612 4.
702 553 1083 623 llospitatitatis
1111 551 1442 605 conditiones.
1466 576 1537 587 —-
1555 545 1678 599 [hec
1704 544 1901 612 quippe
1924 542 2103 595 omnia

529 657 739 717 oportet
770 646 969 699 habere
998 658 1122 697 eum
1143 684 1155 705 ,
1187 642 1276 711 qui
1308 638 1618 708 peregrinos
1652 634 1851 702 excipit
1880 652 1893 687 :
1928 633 2104 687 fervo-

530 754 641 794 rem
668 779 684 802 ,
717 737 1038 790 hilaritatem
1063 776 1079 800 ,
1111 731 1504 789 liberalitatem.
1547 726 1782 797 llospitis
1811 727 1954 780 enim
1984 726 2104 777 ani-

531 845 649 884 mus
673 829 942 884 erubescit
970 838 1025 883 et
1050 824 1388 897 pudibundus
1413 830 1495 876 est
1523 864 1539 887 ,
1574 830 1628 875 et
1654 822 1699 874 si
1723 833 1826 872 non
1855 816 2107 888 gaudium

532 928 797 973 monstret
825 927 1099 988 exceptor,
1133 915 1280 985 quasi
1306 914 1594 982 despectus
1619 910 1893 975 abscedit,
1941 922 2005 963 ac
2033 910 2112 961 sic

532 1012 809 1081 excepisse
828 1011 1067 1065 deterius
1092 1019 1171 1063 est
1192 1050 1208 1073 ,
1236 1022 1396 1077 quam
1421 1007 1465 1060 si
1499 1021 1605 1059 non
1632 1004 1955 1073 excepisset.
1988 1001 2113 1055 Ideo

533 1107 753 1166 adorat,
804 1102 923 1155 ideo
952 1116 1011 1155 se
1038 1102 1289 1167 excipere
1334 1097 1505 1163 dicit,
1546 1095 1668 1149 ideo
1710 1094 1896 1149 sellam
1928 1091 2106 1146 olfert.

534 1196 665 1263 Quis
696 1194 836 1251 enim
864 1193 1198 1257 dubitasset,
1235 1192 1423 1244 videns
1452 1190 1552 1243 hoc
1580 1189 1653 1243 illi
1681 1200 1816 1258 opus
1834 1185 1981 1241 esse?
2008 1182 2113 1239 Sed

535 1301 635 1340 nos
665 1300 767 1339 non
797 1286 846 1337 in
876 1284 1046 1337 aliena
1078 1293 1218 1337 terra
1241 1280 1468 1335 sumus?
1490 1280 1595 1335 Sed
1620 1280 1663 1333 si
1688 1279 1935 1335 velimus.
1967 1287 2116 1345 pote-

536 1377 703 1431 rimus
726 1375 873 1430 illum
903 1374 1119 1429 imitari.
1150 1374 1290 1441 Quot
1315 1370 1555 1441 hospites
1584 1379 1797 1425 suntex
1824 1367 2116 1421 fratribus?

535 1467 630 1522 Est
657 1465 957 1521 communis
984 1464 1177 1518 domus
1206 1462 1449 1517 ecclesia:
1474 1501 1490 1526 ,
1520 1475 1680 1530 quam
1710 1474 1920 1515 xenona
1956 1473 2117 1511 voca-

536 1570 654 1611 mus
681 1572 698 1609 :
731 1555 943 1611 curiose
973 1554 1223 1626 inquirite
1251 1554 1411 1607 etiam
1440 1566 1535 1605 vos
1557 1591 1574 1614 ,
1620 1549 1807 1605 sedete
1836 1550 1901 1603 ad
1936 1550 2075 1603 fores
2100 1590 2115 1611 ,

540 1647 813 1700 venientes
839 1643 1091 1714 suscipite
1125 1662 1138 1697 :
1168 1644 1211 1695 si
1244 1658 1349 1696 non
1379 1643 1429 1694 in
1460 1640 1651 1695 domos
1681 1651 1891 1695 vestras
1916 1681 1929 1703 ,
1959 1640 2117 1693 aliter

540 1736 648 1791 illis
677 1736 974 1790 licetssaria
1003 1734 1355 1803 suppeditate.
1410 1733 1545 1800 Quid
1578 1732 1750 1802 ergo?
1780 1733 2014 1801 inquies;
2050 1747 2116 1785 an

539 1828 765 1882 ecclesia
803 1843 907 1881 non
951 1827 1152 1881 habet?
1185 1826 1395 1889 liabet;
1440 1826 1532 1880 sed
1564 1825 1690 1895 quid
1736 1825 1837 1879 hoc
1877 1824 1942 1877 ad
1985 1826 2120 1877 vos'!

539 1936 605 1973 an
624 1920 666 1972 si
690 1934 719 1971 a
745 1918 1117 1973 communibus
1144 1918 1386 1972 ecclesia:
1418 1918 1655 1986 pecuniis
1683 1916 1914 1982 alantur,
1951 1916 1998 1969 id
2033 1933 2119 1967 νο.

542 2013 625 2065 bis
660 2010 915 2078 prodesse
962 2009 1201 2078 poterit?
1244 2025 1310 2063 an
1360 2010 1404 2061 si
1434 2009 1571 2062 alius
1613 2019 1877 2076 precetur,
1930 2020 1981 2059 tu
2015 2023 2121 2059 non

542 2104 706 2159 debes
738 2103 986 2173 precari?
1035 2117 1132 2155 cur
1173 2117 1277 2155 nou
1322 2102 1458 2155 dicis
1492 2122 1505 2156 :
1538 2100 1677 2165 Quid
1709 2102 1897 2155 enim?
1943 2116 2120 2153 annon

541 2196 847 2251 sacerdotes
877 2193 1205 2263 precantur?
1233 2208 1326 2246 cur
1369 2207 1470 2262 ego
1500 2191 1710 2245 orabo?
1756 2195 1823 2245 At
1849 2206 1949 2259 ego
1973 2231 1988 2255 ,
2041 2190 2121 2242 iu-

541 2289 691 2357 quies
712 2326 731 2351 ,
761 2286 832 2342 do
854 2286 941 2341 isti
966 2328 983 2351 ,
1010 2287 1099 2356 qui
1133 2300 1238 2339 non
1272 2294 1446 2353 potest
1472 2285 1561 2336 illo
1588 2284 1792 2337 venire.
1830 2283 1905 2335 Da
1934 2282 2122 2335 saltem

544 2380 617 2434 illi
650 2399 662 2434 :
693 2380 833 2449 quod
864 2380 1005 2431 enim
1034 2377 1323 2447 quzerimus
1353 2379 1453 2431 hoc
1479 2385 1594 2439 est,
1624 2384 1676 2429 ut
1706 2374 1925 2429 omnino
1952 2375 2123 2427 detur.

544 2468 682 2523 Audi
704 2468 828 2538 quid
854 2468 994 2522 dicat
1021 2468 1210 2521 Paulus
1240 2485 1252 2519 :
1284 2464 1349 2519 Ut
1370 2476 1413 2517 et
1436 2466 1517 2531 iis,
1540 2480 1653 2533 qua
1673 2480 1783 2517 vere
1804 2466 1969 2516 vidua!
1987 2472 2124 2527 sunt,

545 2562 793 2632 suﬁciant
819 2601 836 2626 ,
863 2570 909 2615 et
936 2576 997 2613 ue
1024 2568 1258 2629 gravetur
1281 2560 1487 2611 ecclesia
1528 2559 1547 2626 (
1576 2559 1626 2610 Ι.
1652 2556 1786 2610 Tim.
1814 2558 1867 2611 5.
1900 2556 1967 2610 16
1994 2559 2031 2625 ).
2063 2555 2129 2610 Ut

549 2658 676 2721 vis,
729 2653 852 2717 fac;
902 2653 1079 2708 solum
1148 2652 1249 2706 fac.
1315 2651 1429 2721 Ego
1480 2666 1607 2704 vero
1682 2666 1787 2704 non
1842 2649 2004 2714 dico,
2065 2648 2133 2703 Ut

551 2760 659 2801 non
706 2752 959 2816 gravetur
999 2742 1269 2806 ecclesia;
1325 2742 1460 2807 sed,
1505 2740 1571 2795 Ut
1606 2753 1659 2794 tu
1702 2757 1805 2794 non
1854 2740 2130 2809 graveris:

555 2841 652 2893 hac
676 2837 818 2893 enim
844 2836 1251 2892 ratiocinatione
1279 2834 1409 2887 nihil
1437 2834 1631 2899 facies,
1661 2836 1836 2888 omnia
1866 2836 1912 2887 ei
1946 2835 2133 2888 remit-

556 2942 693 2985 tens.
727 2928 851 2985 Ideo
869 2944 1154 2985 commune
1178 2915 1510 2982 domicilium
1532 2936 1615 2981 est
1640 2929 1706 2981 ab
1728 2927 1966 2982 Ecclesia
1994 2928 2132 2981 assi-

552 3030 769 3092 gnatum
793 3060 807 3083 ,
839 3029 895 3073 ut
924 3019 1041 3075 hzec
1081 3033 1186 3073 non
1216 3018 1385 3072 dicas.
1424 3017 1529 3073 Sed
1561 3026 1805 3086 sumptus
1838 3016 1997 3071 habet
2042 3032 2134 3071 ec-

559 3115 725 3169 clesia
747 3153 764 3177 ,
791 3112 1000 3183 inquies
1025 3130 1040 3167 :
1062 3111 1317 3181 pecunias
1341 3110 1503 3165 habet
1526 3119 1579 3163 et
1606 3110 1828 3163 reditus.
1863 3110 1955 3163 Dic
1983 3109 2136 3173 mihi,

561 3222 628 3261 an
672 3215 915 3273 sumptus
944 3220 1046 3257 non
1080 3204 1271 3257 habet?
1301 3203 1664 3273 quotidianam
1712 3215 2003 3271 expensam
2035 3215 2139 3254 non

562 3296 761 3357 habet?
792 3294 987 3361 Etiam,
1019 3295 1244 3364 inquies.
1276 3295 1387 3349 Cur
1410 3309 1539 3363 ergo
1562 3307 1667 3347 non
1696 3292 1917 3361 adjuvas
1940 3291 2143 3347 medio-

559 3390 802 3443 critatem
834 3388 992 3457 ejus?
1038 3387 1119 3442 Ie
1152 3387 1312 3455 pudet
1343 3386 1459 3439 haec
1484 3384 1665 3438 dicere
1696 3400 1709 3435 :
1741 3392 1995 3438 caeterum
2037 3399 2143 3437 non

562 3495 715 3551 cogo.
742 3480 799 3535 Si
826 3482 943 3550 quis
970 3488 1119 3549 putat
1146 3479 1353 3533 lucrum
1382 3491 1504 3531 esse
1532 3491 1653 3545 quae
1679 3474 1947 3539 dicuntur,
1987 3474 2146 3529 faciat

566 3574 664 3627 sibi
706 3572 1094 3627 xenodochium
1135 3571 1191 3624 in
1236 3571 1397 3623 domo
1433 3584 1450 3635 ;
1502 3568 1659 3621 isthic
1704 3567 1897 3621 lectum
1934 3575 2105 3621 statue
2130 3610 2144 3634 ,

567 3664 724 3719 isthic
763 3672 1008 3717 mensam
1040 3668 1095 3713 et
1146 3661 1439 3714 lucernam.
1482 3658 1763 3727 Quomodo
1804 3673 1908 3711 non
1954 3656 2146 3733 absur;

566 3755 690 3809 dum
719 3752 915 3819 fuerit,
942 3754 986 3807 si
1016 3754 1231 3807 veniant
1261 3752 1455 3806 milites
1478 3793 1493 3816 ,
1526 3749 1725 3805 habere
1752 3765 1848 3804 vos
1877 3751 2148 3819 assignata

573 3846 865 3911 domicilia,
895 3859 1138 3915 magnam
1184 3858 1372 3913 gerere
1419 3858 1639 3905 curam.
1688 3843 1975 3912 omniaque
2024 3841 2151 3910 ipsis

570 3936 974 3992 subministrare
995 3978 1008 4000 ,
1058 3936 1181 4005 quia
1212 3936 1287 3989 illi
1315 3934 1513 3989 bellum
1546 3935 1647 3989 hoc
1673 3936 1929 3990 sensibile
1963 3933 2153 4004 depel-

580 4031 692 4087 lunt
726 4046 739 4081 :
774 4028 1011 4097 hospites
1042 4042 1169 4081 vero
1194 4068 1210 4093 ,
1250 4027 1335 4080 ubi
1376 4026 1739 4089 diversentur,
1774 4042 1880 4080 non
1913 4024 2155 4080 habere?

578 4122 736 4174 Vince
763 4118 1065 4174 ecclesiam.
1112 4117 1201 4172 Vis
1246 4132 1345 4171 nos
1394 4116 1590 4171 rubore
1637 4115 1999 4185 perfundere?
2044 4114 2157 4169 Hoc

576 4215 693 4267 fac:
728 4210 1046 4265 liberalitate
1074 4224 1265 4279 supera
1300 4226 1314 4263 :
1350 4208 1485 4264 habe
1516 4208 1844 4263 domicilium
1871 4222 1976 4276 quo
2007 4206 2159 4261 Chri-

574 4316 690 4357 stus
722 4301 1021 4356 divcrsetur
1049 4319 1064 4356 :
1091 4300 1213 4366 dic,
1238 4299 1363 4354 llzec
1408 4309 1493 4355 est
1530 4299 1720 4354 cellula
1758 4299 1997 4362 Christi;
2046 4297 2161 4351 hmc

578 4395 768 4448 domus
796 4392 871 4445 illi
901 4392 1134 4461 seposita
1162 4401 1245 4447 est
1271 4409 1284 4443 :
1313 4392 1528 4446 etiamsi
1560 4392 1665 4445 vile
1690 4390 2021 4445 domicilium
2049 4390 2117 4443 sit
2142 4429 2158 4454 ,

582 4501 688 4538 non
731 4482 1071 4554 dedignatur.
1114 4482 1299 4537 Nudus
1329 4490 1384 4537 et
1428 4485 1620 4553 hospes
1658 4481 1903 4536 Christus
1928 4480 2160 4546 circuit,

583 4589 724 4633 tecto
750 4577 922 4631 solum
960 4591 1125 4646 egens
1156 4594 1168 4630 :
1201 4578 1391 4631 saltem
1421 4576 1544 4630 huic
1573 4586 1763 4645 pnesta
1798 4594 1813 4631 ε
1846 4591 1912 4629 ne
1939 4576 2015 4629 sis
2038 4590 2161 4630 cru-

578 4668 713 4723 delis
740 4682 839 4721 nec
865 4666 1187 4721 inhumanus
1207 4707 1221 4731 ,
1253 4677 1427 4736 neque
1454 4668 1505 4721 in
1534 4667 1695 4721 rebus
1722 4666 2070 4720 saecularibus
2094 4668 2163 4719 ita

581 4760 904 4825 vehemens,
937 4761 990 4815 itt
1027 4760 1395 4828 spiritualibus
1422 4774 1554 4815 vero
1590 4758 1835 4829 frigidus.
1878 4760 1992 4813 Hoc
2014 4776 2162 4812 com-

584 4854 819 4905 mittatur
845 4852 1042 4905 famulo
1083 4852 1322 4905 omnium
1354 4850 1671 4906 ﬁdelissimo
1691 4894 1705 4913 ,
1753 4861 1808 4906 et
1836 4852 1880 4905 is
1908 4852 2125 4905 mutilos
2147 4893 2162 4918 ,

588 4941 898 5009 mendicos,
928 4951 983 4995 et
1008 4955 1103 4995 eos
1129 4980 1143 5004 ,
1174 4943 1262 5011 qui
1303 4943 1419 4996 sine
1447 4953 1586 4996 tecto
1636 4952 1795 5006 sunt,
1843 4942 2165 4998 introducat.

584 5034 710 5089 lltec
734 5034 855 5088 dico
875 5073 891 5097 ,
925 5044 982 5086 ut
1014 5034 1080 5086 ad
1110 5034 1370 5106 pudorem
1401 5051 1662 5089 moveam.
1707 5036 1996 5107 Oporteret
2021 5040 2165 5093 enim

585 5142 799 5184 sursum
826 5127 967 5181 duini
1000 5127 1119 5181 illos
1148 5128 1389 5197 recipere
1413 5144 1427 5190 ;
1468 5130 1552 5183 sin
1583 5130 1721 5182 nolis
1742 5170 1757 5195 ,
1785 5130 1973 5185 saltem
2005 5130 2165 5196 infra,

586 5222 674 5275 ubi
712 5219 861 5283 muli,
903 5218 991 5273 ubi
1029 5217 1233 5287 famuli,
1258 5218 1527 5275 Christum
1553 5222 1749 5290 recipe.
1792 5221 1951 5277 Forte
1977 5224 2171 5278 exhor-

590 5313 796 5369 rescitis
820 5310 1123 5366 audientes.
1164 5312 1304 5379 Quid
1332 5329 1459 5383 ergo
1489 5356 1505 5381 ,
1535 5316 1578 5368 si
1611 5331 1678 5370 ne
1706 5315 1821 5371 haec
1846 5317 2059 5387 quidem
2091 5319 2168 5373 fe-

589 5405 813 5459 ceritis?
841 5406 977 5461 Ecce
1002 5405 1207 5471 hortor,
1240 5422 1365 5462 ecce
1393 5409 1514 5464 dico
1546 5427 1561 5463 :
1593 5411 1705 5465 Hoc
1730 5413 1881 5467 vobis
1906 5428 2050 5467 cura:
2080 5413 2169 5468 sit.

596 5501 663 5554 At
687 5501 764 5555 sic
796 5516 899 5556 non
925 5500 1126 5556 vultis?
1155 5501 1294 5572 Ergo
1321 5502 1426 5557 alio
1454 5504 1611 5559 modo
1642 5504 1800 5562 facite
1825 5524 1836 5560 :
1862 5516 1987 5563 sunt
2018 5508 2168 5561 multi

1293 437 1352 492 S.
1389 432 1661 491 JOANNIS
1698 426 2165 486 CllRYSOSTOMl
2204 425 2515 481 ARClllEP.
2558 426 3081 488 CONSTANTINOP.

3694 431 3804 487 320

2218 554 2477 609 pauperes
2509 542 2784 614 utriusque
2811 560 2973 600 sexus
3005 564 3018 598 :
3049 554 3323 615 segregate
3349 544 3569 598 omnino
3591 587 3606 606 .
3639 556 3695 598 ut
3729 546 3801 598 ibi

2216 630 2407 700 aliquis
2434 642 2647 686 maneat
2672 651 2685 685 :
2713 634 2781 686 sit
2811 635 2999 690 saltem
3030 635 3222 689 domus
3244 644 3425 689 custos
3453 650 3655 705 pauper
3686 677 3701 689 .
3733 636 3807 690 sit

2218 723 2307 777 tibi
2338 738 2519 778 murus
2544 735 2599 779 et
2623 740 2782 796 sepes
2805 769 2820 791 ,
2855 738 3060 781 scutum
3091 736 3147 782 et
3173 727 3347 783 hasta.
3391 726 3489 783 Ubi
3516 737 3600 781 est
3658 727 3809 781 elee-

2218 831 2434 887 mosyna
2458 858 2471 881 ,
2501 833 2566 872 eo
2593 834 2697 873 non
2724 820 2885 874 audet
2908 820 3167 876 accedere
3192 820 3456 886 diabolus,
3484 836 3659 891 neque
3686 834 3805 874 ma-

2217 909 2325 965 lum
2357 910 2660 979 quodpiam.
2695 910 2806 970 Ne.
2840 928 3022 981 quaeso
3043 955 3057 975 .
3086 913 3445 982 despiciamus
3477 923 3680 967 tantum
3713 913 3802 966 lu-

2217 1015 2386 1055 crum.
2417 999 2567 1055 Nunc
2593 1016 2720 1054 vero
2744 1003 2920 1056 currui
2942 1002 3156 1072 quidem
3183 1003 3484 1074 assignatus
3512 1004 3660 1060 locus
3688 1014 3795 1071 est,

2218 1100 2273 1145 et
2292 1092 2557 1146 basternis
2576 1093 2729 1157 alius;
2752 1092 2965 1148 Christo
2984 1102 3160 1150 autem
3182 1095 3381 1149 erranti
3407 1096 3605 1150 nullus.
3630 1096 3806 1150 Abra-

2218 1182 2341 1235 ham
2393 1182 2478 1235 ubi
2514 1184 2625 1252 ipse
2670 1184 2955 1252 manebat,
2996 1185 3068 1239 ibi
3114 1185 3351 1255 hospites
3392 1185 3722 1256 recipiebat;
3752 1198 3809 1241 et

2220 1286 2351 1326 uxor
2376 1274 2528 1341 quasi
2557 1274 2748 1328 ancilla
2776 1276 2950 1329 stabat
2972 1318 2987 1342 ,
3018 1277 3092 1330 illi
3117 1291 3246 1331 vero
3272 1277 3422 1347 quasi
3452 1277 3672 1332 domini.
3701 1275 3809 1332 Ne-

2220 1363 2422 1417 sciebat
2442 1378 2500 1418 se
2521 1364 2813 1429 Christum,
2832 1380 2891 1419 se
2916 1366 3137 1435 angelos
3159 1366 3403 1437 recipere
3424 1383 3438 1428 ;
3464 1367 3507 1421 si
3533 1368 3807 1433 scivisset,

2221 1457 2400 1507 omnia
2424 1465 2713 1525 erogasset.
2734 1452 2842 1510 Nos
2865 1472 2992 1511 vero
3016 1458 3138 1511 licet
3169 1460 3402 1513 sciamus
3420 1474 3450 1512 a
3472 1458 3624 1513 nobis
3652 1458 3812 1514 Chri-

2222 1557 2361 1600 stum
2391 1548 2582 1615 excipi,
2612 1564 2717 1602 non
2743 1558 2941 1603 tantam
2965 1549 3287 1606 exhibemus
3307 1566 3486 1606 curam
3506 1593 3522 1617 ,
3550 1562 3808 1622 quantam

2225 1639 2331 1703 ille,
2366 1640 2453 1708 qui
2485 1640 2702 1709 putabat
2724 1657 2783 1696 se
2813 1642 3057 1697 homines
3086 1642 3348 1713 recipere.
3380 1646 3449 1698 At
3479 1644 3630 1698 multi
3655 1655 3805 1712 sunt,

2226 1732 2472 1801 inquies,
2522 1732 2841 1803 deceptores
2883 1743 2938 1789 et
2984 1736 3193 1805 ingrati.
3239 1736 3305 1790 Et
3348 1737 3469 1790 hinc
3500 1737 3591 1792 tibi
3635 1738 3811 1807 major

2225 1836 2452 1887 merces,
2480 1823 2691 1891 quando
2714 1825 2925 1878 nomine
2949 1824 3147 1879 Christi
3173 1826 3391 1896 accipis.
3422 1826 3476 1881 Si
3513 1828 3654 1881 nosti
3690 1842 3812 1883 esse

2225 1912 2540 1981 deceptores
2561 1955 2575 1976 ,
2610 1929 2676 1967 ne
2708 1916 2883 1982 recipe
2913 1914 3055 1969 domi
3081 1933 3095 1980 ;
3138 1918 3219 1970 sin
3250 1933 3355 1972 non
3388 1918 3563 1984 nosti,
3594 1934 3694 1973 cur
3729 1930 3810 1975 te-

2228 2020 2374 2060 mere
2411 2006 2673 2059 accusas?
2726 2005 2847 2060 Ideo
2890 2006 3047 2071 dico,
3082 2007 3221 2062 Eant
3293 2010 3345 2064 in
3394 2010 3810 2065 xenodochium.

2228 2098 2355 2163 Qua;-
2388 2114 2515 2151 νει-ο
2540 2099 2806 2167 defensio,
2840 2100 3053 2169 quando
3075 2116 3142 2156 ne
3167 2116 3261 2155 eos
3290 2103 3527 2173 quidem,
3555 2118 3692 2173 quos
3718 2118 3815 2158 no-

2229 2191 2439 2253 vimus,
2489 2192 2813 2260 recipimus,
2857 2191 2950 2246 sed
2996 2194 3244 2248 omnibus
3289 2197 3429 2251 tores
3476 2194 3815 2250 claudimus?

2232 2279 2311 2333 Sit
2330 2281 2526 2334 Christi
2552 2282 2919 2351 pandocheum
2950 2294 3131 2338 nostra
3157 2284 3347 2340 domus
3372 2304 3384 2339 :
3413 2295 3722 2354 repetamus
3750 2286 3817 2340 ab

2234 2370 2338 2425 illis
2360 2374 2675 2436 mercedem,
2710 2389 2814 2427 non
2844 2387 3145 2444 argentum,
3173 2377 3267 2430 sed
3290 2386 3345 2431 ut
3371 2376 3566 2432 faciant
3591 2376 3814 2431 domum

2234 2473 2469 2515 nostram
2497 2463 2695 2519 Christi
2729 2466 3123 2534 receptaculum
3157 2485 3171 2519 :
3198 2468 3686 2523 circumcursemus
3712 2486 3817 2524 un-

2235 2556 2417 2629 dique,
2454 2557 2746 2623 trahemus,
2776 2569 3022 2612 venatum
3050 2560 3376 2628 abripiamus
3403 2577 3415 2611 έ
3445 2560 3617 2629 majus
3648 2561 3821 2615 bene-

2239 2652 2412 2707 ﬁcium
2443 2654 2729 2720 accipimus
2750 2692 2766 2716 ,
2807 2666 2965 2722 quam
2994 2651 3200 2704 damus.
3248 2651 3360 2705 Non
3387 2652 3547 2721 jubeo
3578 2662 3817 2707 mactare

2240 2746 2461 2799 vitulum
2495 2764 2508 2798 :
2542 2745 2608 2799 da
2640 2760 2829 2814 panem
2875 2749 3088 2815 egenti,
3143 2757 3343 2800 vestem
3386 2746 3564 2811 nudo,
3617 2755 3821 2801 tectum

2245 2838 2461 2907 h05piti.
2485 2836 2563 2892 Ne
2589 2845 2765 2891 autem
2796 2839 2910 2891 haec
2943 2848 3223 2907 praetextis,
3252 2837 3349 2892 Est
3374 2837 3697 2892 domicilium
3738 2850 3828 2892 ec-

2238 2931 2416 2984 clesiae
2460 2946 2782 2996 commune;
2830 2932 2954 2985 illuc
3011 2932 3241 2996 mittito,
3305 2940 3360 2986 et
3429 2941 3484 2984 tu
3537 2931 3827 2999 susciples.

2242 3021 2371 3075 Nam
2431 3023 2520 3077 ille
2572 3025 2731 3077 etiam
2784 3037 3008 3086 eorum,
3055 3039 3173 3091 qua:
3211 3039 3239 3074 a
3293 3022 3502 3077 famulis
3546 3033 3661 3076 acta
3709 3021 3828 3075 fue-

2249 3128 2409 3181 rant,
2462 3116 2760 3169 mcrcedem
2809 3116 3009 3168 habuit.
3070 3115 3141 3168 Ita
3192 3124 3346 3169 erant
3400 3114 3626 3168 instituti
3686 3114 3831 3168 illius

2248 3208 2398 3277 pueri
2440 3225 2452 3259 :
2484 3206 2812 3271 currebant,
2862 3221 2961 3259 nec
3006 3208 3411 3260 murmurabant
3451 3208 3589 3261 sicut
3617 3206 3829 3271 nostri;

2247 3303 2369 3356 illos
2388 3302 2528 3356 enim
2559 3303 2674 3371 pios
2694 3301 3032 3357 reddiderat:
3055 3303 3105 3356 in
3134 3302 3330 3356 bellum
3355 3302 3533 3365 traxit,
3562 3316 3659 3356 nec
3683 3316 3835 3355 mur-

2249 3396 2551 3459 mur:.bant;
2584 3395 2652 3447 ita
2678 3394 2979 3465 philosophi
3002 3404 3174 3449 erant.
3203 3393 3451 3449 Omnium
3474 3394 3617 3448 enim
3647 3407 3836 3446 curam

2254 3485 2477 3554 gerebat
2522 3495 2577 3538 ut
2606 3487 2686 3539 sui
2718 3486 2881 3554 ipsius
2911 3502 2925 3538 :
2955 3500 3019 3539 ac
3055 3485 3164 3539 fere
3186 3527 3201 3551 ,
3237 3494 3294 3539 ut
3322 3484 3423 3540 Job
3452 3486 3665 3540 dicebat
3696 3501 3709 3535 :
3741 3482 3838 3538 Si-

2254 3576 2435 3627 militer
2466 3574 2669 3645 formati
2700 3592 2873 3628 sumus
2901 3577 2951 3628 in
2977 3576 3151 3629 eodem
3179 3587 3344 3629 ventre
3371 3575 3495 3646 (Job
3534 3577 3624 3632 33.
3653 3577 3731 3649 6).

2328 3668 2725 3722 Domesticorum
2748 3685 2870 3723 cura
2897 3668 3144 3723 habenda.
3174 3698 3244 3708 —
3269 3670 3451 3739 Itaque
3476 3679 3530 3724 et
3561 3686 3659 3725 nos
3684 3686 3845 3729 cure-

2256 3778 2377 3816 mus
2401 3762 2627 3817 salutem
2654 3771 2890 3815 uostram
2908 3803 2922 3827 ,
2950 3771 3003 3815 et
3047 3776 3293 3830 magnam
3321 3761 3611 3815 habeamus
3654 3763 3846 3821 dume-

2258 3860 2516 3909 sticoruin
2550 3853 2985 3920 sollicitudinem,
3026 3862 3082 3907 ut
3108 3854 3216 3907 sint
3246 3853 3398 3923 probi
3428 3862 3481 3908 et
3511 3853 3700 3924 vigiles
3727 3874 3743 3909 :
3774 3860 3847 3911 sit

2260 3948 2420 4000 etiam
2451 3928 2779 3999 domesticus
2815 3956 2998 4003 noster
3040 3945 3091 3998 in
3122 3945 3186 3998 iis
3209 3986 3224 4009 ,
3255 3961 3373 4014 qua:
3402 3944 3468 4000 ad
3501 3946 3665 4001 Deum
3717 3962 3845 4016 spe-

2262 4049 2429 4103 etant,
2460 4039 2751 4093 institutus.
2794 4037 2907 4092 Non
2926 4038 3027 4091 erit
3059 4046 3241 4107 postea
3270 4038 3440 4093 virtus
3469 4039 3623 4094 nobis
3650 4039 3847 4095 difﬁci-

2264 4132 2327 4185 lis
2351 4173 2366 4193 ,
2399 4130 2441 4185 si
2475 4131 2595 4184 illos
2623 4130 2787 4199 probe
2818 4131 3177 4184 instituamus.
3215 4128 3369 4183 Sicut
3406 4131 3552 4184 enim
3582 4130 3631 4183 in
3659 4130 3802 4184 bello
3828 4174 3845 4199 ,

2264 4242 2385 4278 cum
2419 4226 2615 4279 milites
2640 4234 2765 4279 sunt
2790 4223 2929 4277 bene
2967 4222 3196 4276 ordinati
3224 4264 3239 4287 ,
3286 4222 3390 4276 dux
3422 4222 3577 4278 facile
3606 4233 3847 4293 pugnat;

2266 4327 2451 4371 contra
2482 4332 2608 4369 vero
2633 4357 2647 4378 ,
2680 4315 2724 4369 si
2754 4330 2859 4368 non
2891 4316 2961 4367 ita
2990 4314 3059 4367 sit
3092 4330 3104 4365 :
3138 4314 3313 4368 nautis
3344 4315 3470 4368 item
3497 4314 3849 4369 consentien-

2272 4409 2411 4461 tibus
2437 4449 2450 4472 ,
2482 4406 2805 4475 gubernator
2848 4405 2998 4458 nullo
3040 4407 3252 4475 negotio
3285 4406 3641 4477 gubernacula
3668 4407 3844 4476 regit:

2273 4500 2342 4553 ita
2373 4500 2417 4552 si
2444 4498 2548 4551 sint
2578 4497 2759 4551 famuli
2785 4506 2927 4552 recte
2957 4497 3203 4559 instituti.
3239 4513 3343 4552 non
3376 4497 3533 4554 facile
3558 4498 3847 4554 exacerba-

2272 4591 2415 4645 beris
2439 4632 2454 4655 ,
2489 4607 2591 4643 non
2620 4590 2922 4659 objurgabis
2944 4630 2959 4656 ,
2992 4606 3096 4644 non
3129 4590 3377 4645 irasceris
3401 4632 3415 4654 ,
3445 4605 3552 4645 non
3582 4592 3846 4646 convicia.

2278 4685 2439 4737 beris.
2479 4682 2621 4737 Fieri
2648 4698 2859 4752 quoque
2892 4692 3103 4751 potest,
3156 4693 3215 4736 ut
3244 4683 3470 4739 famulos
3516 4685 3816 4739 reverearis
3841 4726 3857 4748 ,

2272 4776 2317 4829 si
2345 4777 2454 4828 sint
2483 4774 2822 4830 admirabiles
2856 4793 2868 4827 :
2899 4775 3105 4843 ipsique
3134 4782 3184 4828 te
3210 4773 3471 4843 juvabth
3491 4816 3507 4842 ,
3537 4783 3594 4830 et
3619 4774 3686 4829 ad
3715 4776 3856 4829 bona

2276 4866 2648 4920 bortabuntur.
2690 4866 2771 4919 Ab
2798 4866 2882 4919 his
2907 4874 3084 4919 autem
3114 4866 3359 4920 omnibus
3385 4868 3562 4922 omnia
3600 4867 3713 4923 Deo
3745 4868 3857 4937 pla-

2278 4958 2379 5012 cita
2402 4966 2577 5023 erunt,
2602 4967 2655 5012 et
2680 4959 2758 5012 sic
2789 4966 2897 5011 tota
2921 4956 3112 5011 domus
3135 4956 3441 5027 implebitur
3460 4958 3855 5025 benedictione,

2278 5061 2331 5108 et
2359 5054 2436 5107 sic
2458 5068 2519 5105 ea
2543 5094 2558 5117 ,
2588 5067 2705 5121 quae
2737 5052 2845 5105 Deo
2874 5049 3118 5119 placent,
3152 5049 3406 5105 facientes
3430 5089 3449 5117 ,
3478 5066 3673 5121 magno
3707 5050 3855 5107 frue-

2278 5160 2397 5198 mur
2416 5160 2648 5214 superno
2670 5142 2921 5214 praesidio
2951 5162 2963 5196 :
2988 5142 3128 5212 quod
3150 5160 3255 5198 non
3278 5158 3467 5199 omnes
3490 5144 3700 5215 assequi
3727 5160 3853 5200 cono

2280 5236 2480 5306 tingat,
2530 5238 2697 5307 gratia
2748 5246 2803 5290 et
2881 5235 3206 5306 benignitate
3258 5238 3466 5291 Domini
3514 5239 3684 5293 nostri
3731 5238 3862 5296 Iesu

2279 5328 2473 5383 Christi
2500 5370 2514 5394 ,
2545 5330 2759 5399 quicum
2794 5328 2935 5383 Patri
2966 5339 3019 5383 et
3046 5326 3266 5399 Spiritui
3297 5338 3486 5383 sancto
3510 5330 3677 5401 gloria
3705 5372 3719 5390 .
3758 5333 3858 5386 im-

2282 5423 2482 5490 perium
2510 5464 2524 5485 ,
2565 5422 2756 5486 honor,
2791 5437 2929 5475 nunc
2954 5431 3009 5476 et
3036 5437 3269 5492 semper,
3300 5430 3355 5476 et
3383 5421 3435 5476 in
3462 5421 3657 5478 secula
3681 5438 3857 5480 saucu-

2282 5515 2473 5568 lorutu.
2515 5518 2707 5569 Amen.
