  <div class='ocr_page' id='page_1' title='image "/cluster/home/n/w/nwhite01/storage/ocr_20150623/60/uva.x004246612/326.png"; bbox 0 0 4070 6504; ppageno 0'>
   <div class='ocr_carea' id='block_1_1' title="bbox 336 578 1947 656">
    <p class='ocr_par' dir='ltr' id='par_1_1' title="bbox 336 578 1947 656">
     <span class='ocr_line' id='line_1_1' title="bbox 336 578 1947 656; baseline -0.005 -16"><span class='ocrx_word' id='word_1_1' title='bbox 336 586 399 640; x_wconf 83' lang='grc' dir='ltr'>δ’.</span> <span class='ocrx_word' id='word_1_2' title='bbox 417 585 605 639; x_wconf 75' lang='grc' dir='ltr'>Πάντα</span> <span class='ocrx_word' id='word_1_3' title='bbox 649 586 752 656; x_wconf 77' lang='grc' dir='ltr'>γάρ</span> <span class='ocrx_word' id='word_1_4' title='bbox 767 583 938 638; x_wconf 84' lang='grc' dir='ltr'>ταῦτα</span> <span class='ocrx_word' id='word_1_5' title='bbox 953 584 1034 638; x_wconf 79' lang='grc' dir='ltr'>δεῖ</span> <span class='ocrx_word' id='word_1_6' title='bbox 1050 583 1142 638; x_wconf 82' lang='grc' dir='ltr'>τὸν</span> <span class='ocrx_word' id='word_1_7' title='bbox 1160 578 1438 650; x_wconf 79' lang='grc' dir='ltr'>ξενίζοντα</span> <span class='ocrx_word' id='word_1_8' title='bbox 1454 579 1599 652; x_wconf 77' lang='grc' dir='ltr'>ἔχειν</span> <span class='ocrx_word' id='word_1_9' title='bbox 1620 597 1632 609; x_wconf 97' lang='grc'>·</span> <span class='ocrx_word' id='word_1_10' title='bbox 1659 579 1723 634; x_wconf 83' lang='grc' dir='ltr'>τὺ</span> <span class='ocrx_word' id='word_1_11' title='bbox 1745 578 1947 651; x_wconf 83' lang='grc' dir='ltr'>πρόθυ-</span> 
     </span>
    </p>
   </div>
   <div class='ocr_carea' id='block_1_2' title="bbox 263 665 1947 744">
    <p class='ocr_par' dir='ltr' id='par_1_2' title="bbox 263 665 1947 744">
     <span class='ocr_line' id='line_1_2' title="bbox 263 665 1947 744; baseline -0.005 -17"><span class='ocrx_word' id='word_1_12' title='bbox 263 691 391 744; x_wconf 88' lang='grc' dir='ltr'>μον,</span> <span class='ocrx_word' id='word_1_13' title='bbox 442 674 502 726; x_wconf 83' lang='grc' dir='ltr'>τὺ</span> <span class='ocrx_word' id='word_1_14' title='bbox 547 673 799 744; x_wconf 74' lang='grc' dir='ltr'>φαιδρὸν,</span> <span class='ocrx_word' id='word_1_15' title='bbox 847 672 908 725; x_wconf 82' lang='grc' dir='ltr'>τὸ</span> <span class='ocrx_word' id='word_1_16' title='bbox 939 671 1189 739; x_wconf 88' lang='grc' dir='ltr'>ἀφθονον.</span> <span class='ocrx_word' id='word_1_17' title='bbox 1237 669 1300 722; x_wconf 85' lang='grc' dir='ltr'><strong>Ἦ</strong></span> <span class='ocrx_word' id='word_1_18' title='bbox 1337 669 1446 741; x_wconf 86' lang='grc' dir='ltr'>γάρ</span> <span class='ocrx_word' id='word_1_19' title='bbox 1488 668 1583 721; x_wconf 91' lang='grc' dir='ltr'>τοῦ</span> <span class='ocrx_word' id='word_1_20' title='bbox 1620 667 1772 734; x_wconf 78' lang='grc' dir='ltr'>ξένου</span> <span class='ocrx_word' id='word_1_21' title='bbox 1798 665 1947 737; x_wconf 80' lang='grc' dir='ltr'>ψυχὴ</span> 
     </span>
    </p>
   </div>
   <div class='ocr_carea' id='block_1_3' title="bbox 259 753 1945 832">
    <p class='ocr_par' dir='ltr' id='par_1_3' title="bbox 259 753 1945 832">
     <span class='ocr_line' id='line_1_3' title="bbox 259 753 1945 832; baseline -0.005 -17"><span class='ocrx_word' id='word_1_22' title='bbox 259 760 494 832; x_wconf 76' lang='grc' dir='ltr'>ἐρυθριᾷ</span> <span class='ocrx_word' id='word_1_23' title='bbox 515 762 608 815; x_wconf 72' lang='grc' dir='ltr'>καὶ</span> <span class='ocrx_word' id='word_1_24' title='bbox 630 759 971 832; x_wconf 84' lang='grc' dir='ltr'>αἰσχύνεται·</span> <span class='ocrx_word' id='word_1_25' title='bbox 996 757 1098 812; x_wconf 79' lang='grc' dir='ltr'>κᾶν</span> <span class='ocrx_word' id='word_1_26' title='bbox 1122 757 1197 830; x_wconf 81' lang='grc' dir='ltr'>μὴ</span> <span class='ocrx_word' id='word_1_27' title='bbox 1223 756 1343 827; x_wconf 82' lang='grc' dir='ltr'>μεθ’</span> <span class='ocrx_word' id='word_1_28' title='bbox 1366 755 1673 827; x_wconf 79' lang='grc' dir='ltr'>ὑπερὸολής</span> <span class='ocrx_word' id='word_1_29' title='bbox 1698 753 1945 825; x_wconf 79' lang='grc' dir='ltr'>ἐπιδείξῃ</span> 
     </span>
    </p>
   </div>
   <div class='ocr_carea' id='block_1_4' title="bbox 259 843 1946 921">
    <p class='ocr_par' dir='ltr' id='par_1_4' title="bbox 259 843 1946 921">
     <span class='ocr_line' id='line_1_4' title="bbox 259 843 1946 921; baseline -0.005 -18"><span class='ocrx_word' id='word_1_30' title='bbox 259 851 462 921; x_wconf 87' lang='grc' dir='ltr'>χαράν,</span> <span class='ocrx_word' id='word_1_31' title='bbox 499 850 578 914; x_wconf 83' lang='grc' dir='ltr'>ῶς</span> <span class='ocrx_word' id='word_1_32' title='bbox 615 848 906 919; x_wconf 82' lang='grc' dir='ltr'>ἀλογηθεὶς</span> <span class='ocrx_word' id='word_1_33' title='bbox 939 845 1371 913; x_wconf 79' lang='grc' dir='ltr'>ἀπαλλάσσεται,</span> <span class='ocrx_word' id='word_1_34' title='bbox 1411 844 1508 899; x_wconf 84' lang='grc' dir='ltr'>καὶ</span> <span class='ocrx_word' id='word_1_35' title='bbox 1543 843 1730 898; x_wconf 75' lang='grc' dir='ltr'>λοιπὸν</span> <span class='ocrx_word' id='word_1_36' title='bbox 1762 845 1946 914; x_wconf 88' lang='grc' dir='ltr'>χεῖρον</span> 
     </span>
    </p>
   </div>
   <div class='ocr_carea' id='block_1_5' title="bbox 257 929 1946 1009">
    <p class='ocr_par' dir='ltr' id='par_1_5' title="bbox 257 929 1946 1009">
     <span class='ocr_line' id='line_1_5' title="bbox 257 929 1946 1009; baseline -0.004 -18"><span class='ocrx_word' id='word_1_37' title='bbox 257 939 456 1006; x_wconf 78' lang='grc' dir='ltr'>γέγονε</span> <span class='ocrx_word' id='word_1_38' title='bbox 472 950 499 979; x_wconf 79' lang='grc' dir='ltr'>ι</span> <span class='ocrx_word' id='word_1_39' title='bbox 521 937 616 990; x_wconf 90' lang='grc' dir='ltr'>τοῦ</span> <span class='ocrx_word' id='word_1_40' title='bbox 648 937 725 1009; x_wconf 80' lang='grc' dir='ltr'>μὴ</span> <span class='ocrx_word' id='word_1_41' title='bbox 750 934 1111 1000; x_wconf 73' lang='grc' dir='ltr'>ὐποδέξασθαι</span> <span class='ocrx_word' id='word_1_42' title='bbox 1140 932 1202 987; x_wconf 82' lang='grc' dir='ltr'>τὸ</span> <span class='ocrx_word' id='word_1_43' title='bbox 1226 931 1403 997; x_wconf 80' lang='grc' dir='ltr'>οὕτως</span> <span class='ocrx_word' id='word_1_44' title='bbox 1431 930 1814 1002; x_wconf 80' lang='grc' dir='ltr'>ύποδεχθῆναι.</span> <span class='ocrx_word' id='word_1_45' title='bbox 1846 929 1946 985; x_wconf 84' lang='grc' dir='ltr'>Διά</span> 
     </span>
    </p>
   </div>
   <div class='ocr_carea' id='block_1_6' title="bbox 254 1019 1948 1100">
    <p class='ocr_par' dir='ltr' id='par_1_6' title="bbox 254 1019 1948 1100">
     <span class='ocr_line' id='line_1_6' title="bbox 254 1019 1948 1100; baseline -0.005 -16"><span class='ocrx_word' id='word_1_46' title='bbox 254 1029 424 1084; x_wconf 72' lang='grc' dir='ltr'>⁴τοῦτο</span> <span class='ocrx_word' id='word_1_47' title='bbox 461 1031 781 1100; x_wconf 81' lang='grc' dir='ltr'>προσκυνεῖ,</span> <span class='ocrx_word' id='word_1_48' title='bbox 821 1026 911 1080; x_wconf 88' lang='grc' dir='ltr'>διά</span> <span class='ocrx_word' id='word_1_49' title='bbox 934 1023 1095 1080; x_wconf 89' lang='grc' dir='ltr'>τοῦτο</span> <span class='ocrx_word' id='word_1_50' title='bbox 1129 1023 1210 1096; x_wconf 85' lang='grc' dir='ltr'>τῷ</span> <span class='ocrx_word' id='word_1_51' title='bbox 1230 1024 1374 1096; x_wconf 85' lang='grc' dir='ltr'>λόγῳ</span> <span class='ocrx_word' id='word_1_52' title='bbox 1399 1024 1635 1095; x_wconf 79' lang='grc' dir='ltr'>δέχεται,</span> <span class='ocrx_word' id='word_1_53' title='bbox 1674 1021 1763 1076; x_wconf 90' lang='grc' dir='ltr'>διά</span> <span class='ocrx_word' id='word_1_54' title='bbox 1786 1019 1948 1076; x_wconf 90' lang='grc' dir='ltr'>τοῦτο</span> 
     </span>
    </p>
   </div>
   <div class='ocr_carea' id='block_1_7' title="bbox 253 1108 1946 1187">
    <p class='ocr_par' dir='ltr' id='par_1_7' title="bbox 253 1108 1946 1187">
     <span class='ocr_line' id='line_1_7' title="bbox 253 1108 1946 1187; baseline -0.004 -18"><span class='ocrx_word' id='word_1_55' title='bbox 253 1118 327 1186; x_wconf 70' lang='grc' dir='ltr'>τῇ</span> <span class='ocrx_word' id='word_1_56' title='bbox 357 1115 617 1187; x_wconf 79' lang='grc' dir='ltr'>καθέδρᾳ.</span> <span class='ocrx_word' id='word_1_57' title='bbox 644 1115 740 1178; x_wconf 90' lang='grc' dir='ltr'>Τίς</span> <span class='ocrx_word' id='word_1_58' title='bbox 765 1113 873 1184; x_wconf 86' lang='grc' dir='ltr'>γάρ</span> <span class='ocrx_word' id='word_1_59' title='bbox 902 1111 970 1166; x_wconf 83' lang='grc' dir='ltr'>ἀν</span> <span class='ocrx_word' id='word_1_60' title='bbox 990 1111 1272 1184; x_wconf 79' lang='grc' dir='ltr'>ἠπορήθη,</span> <span class='ocrx_word' id='word_1_61' title='bbox 1294 1111 1452 1174; x_wconf 85' lang='grc' dir='ltr'>εἰδὼς</span> <span class='ocrx_word' id='word_1_62' title='bbox 1471 1112 1555 1164; x_wconf 83' lang='grc' dir='ltr'>δτι</span> <span class='ocrx_word' id='word_1_63' title='bbox 1593 1108 1756 1163; x_wconf 86' lang='grc' dir='ltr'>τοῦτο</span> <span class='ocrx_word' id='word_1_64' title='bbox 1783 1108 1946 1180; x_wconf 91' lang='grc' dir='ltr'>ἔργον</span> 
     </span>
    </p>
   </div>
   <div class='ocr_carea' id='block_1_8' title="bbox 253 1195 1946 1274">
    <p class='ocr_par' dir='ltr' id='par_1_8' title="bbox 253 1195 1946 1274">
     <span class='ocr_line' id='line_1_8' title="bbox 253 1195 1946 1274; baseline -0.003 -19"><span class='ocrx_word' id='word_1_65' title='bbox 253 1202 410 1274; x_wconf 78' lang='grc' dir='ltr'>αὐτῷ</span> <span class='ocrx_word' id='word_1_66' title='bbox 439 1197 544 1273; x_wconf 78' lang='grc' dir='ltr'>ἦν;</span> <span class='ocrx_word' id='word_1_67' title='bbox 603 1201 743 1255; x_wconf 77' lang='grc' dir='ltr'>’Δλλ“</span> <span class='ocrx_word' id='word_1_68' title='bbox 773 1201 875 1254; x_wconf 85' lang='grc' dir='ltr'>οὐκ</span> <span class='ocrx_word' id='word_1_69' title='bbox 906 1200 1001 1253; x_wconf 76' lang='grc' dir='ltr'>ἐπὶ</span> <span class='ocrx_word' id='word_1_70' title='bbox 1033 1199 1192 1271; x_wconf 81' lang='grc' dir='ltr'>ξένης</span> <span class='ocrx_word' id='word_1_71' title='bbox 1221 1198 1390 1269; x_wconf 86' lang='grc' dir='ltr'>ἐσμὲν</span> <span class='ocrx_word' id='word_1_72' title='bbox 1423 1199 1614 1269; x_wconf 87' lang='grc' dir='ltr'>ήμεῖς;</span> <span class='ocrx_word' id='word_1_73' title='bbox 1670 1195 1812 1250; x_wconf 81' lang='grc' dir='ltr'>Ἀλλ’</span> <span class='ocrx_word' id='word_1_74' title='bbox 1849 1197 1946 1251; x_wconf 79' lang='grc' dir='ltr'>ἐὰν</span> 
     </span>
    </p>
   </div>
   <div class='ocr_carea' id='block_1_9' title="bbox 253 1284 1944 1358">
    <p class='ocr_par' dir='ltr' id='par_1_9' title="bbox 253 1284 1944 1358">
     <span class='ocr_line' id='line_1_9' title="bbox 253 1284 1944 1358; baseline -0.002 -18"><span class='ocrx_word' id='word_1_75' title='bbox 253 1287 524 1358; x_wconf 77' lang='grc' dir='ltr'>θέλωμεν,</span> <span class='ocrx_word' id='word_1_76' title='bbox 566 1287 912 1358; x_wconf 78' lang='grc' dir='ltr'>δυνησόμεθα</span> <span class='ocrx_word' id='word_1_77' title='bbox 950 1287 1116 1341; x_wconf 80' lang='grc' dir='ltr'>αὐτὸν</span> <span class='ocrx_word' id='word_1_78' title='bbox 1167 1284 1535 1358; x_wconf 89' lang='grc' dir='ltr'>μιμήσασθαι.</span> <span class='ocrx_word' id='word_1_79' title='bbox 1584 1285 1750 1340; x_wconf 83' lang='grc' dir='ltr'>Πόσοι</span> <span class='ocrx_word' id='word_1_80' title='bbox 1801 1284 1944 1350; x_wconf 79' lang='grc' dir='ltr'>ξένοι</span> 
     </span>
    </p>
   </div>
   <div class='ocr_carea' id='block_1_10' title="bbox 251 1372 1944 1446">
    <p class='ocr_par' dir='ltr' id='par_1_10' title="bbox 251 1372 1944 1446">
     <span class='ocr_line' id='line_1_10' title="bbox 251 1372 1944 1446; baseline -0.003 -17"><span class='ocrx_word' id='word_1_81' title='bbox 251 1378 366 1429; x_wconf 69' lang='grc' dir='ltr'>εἰσὶ</span> <span class='ocrx_word' id='word_1_82' title='bbox 395 1376 506 1432; x_wconf 90' lang='grc' dir='ltr'>τῶν</span> <span class='ocrx_word' id='word_1_83' title='bbox 532 1375 812 1446; x_wconf 78' lang='grc' dir='ltr'>ἀδελφῶνς</span> <span class='ocrx_word' id='word_1_84' title='bbox 851 1376 1038 1430; x_wconf 82' lang='grc' dir='ltr'>Ἔστιν</span> <span class='ocrx_word' id='word_1_85' title='bbox 1063 1374 1271 1446; x_wconf 83' lang='grc' dir='ltr'>οῐκημα</span> <span class='ocrx_word' id='word_1_86' title='bbox 1300 1375 1479 1428; x_wconf 82' lang='grc' dir='ltr'>κοινὸν</span> <span class='ocrx_word' id='word_1_87' title='bbox 1504 1375 1539 1446; x_wconf 89' lang='grc' dir='ltr'>ή</span> <span class='ocrx_word' id='word_1_88' title='bbox 1572 1372 1855 1444; x_wconf 85' lang='grc' dir='ltr'>ἐκκλησία,</span> <span class='ocrx_word' id='word_1_89' title='bbox 1884 1372 1944 1425; x_wconf 85' lang='grc' dir='ltr'>δν</span> 
     </span>
    </p>
   </div>
   <div class='ocr_carea' id='block_1_11' title="bbox 251 1461 1943 1535">
    <p class='ocr_par' dir='ltr' id='par_1_11' title="bbox 251 1461 1943 1535">
     <span class='ocr_line' id='line_1_11' title="bbox 251 1461 1943 1535; baseline -0.002 -18"><span class='ocrx_word' id='word_1_90' title='bbox 251 1463 462 1530; x_wconf 75' lang='grc' dir='ltr'>ξενῶνα</span> <span class='ocrx_word' id='word_1_91' title='bbox 495 1462 801 1534; x_wconf 85' lang='grc' dir='ltr'>καλοῦμεν·</span> <span class='ocrx_word' id='word_1_92' title='bbox 842 1461 1270 1535; x_wconf 80' lang='grc' dir='ltr'>περιεργάζεσθε</span> <span class='ocrx_word' id='word_1_93' title='bbox 1301 1463 1396 1516; x_wconf 77' lang='grc' dir='ltr'>καὶ</span> <span class='ocrx_word' id='word_1_94' title='bbox 1430 1462 1610 1532; x_wconf 80' lang='grc' dir='ltr'>ὑμεῖς,</span> <span class='ocrx_word' id='word_1_95' title='bbox 1642 1461 1943 1526; x_wconf 84' lang='grc' dir='ltr'>καθέζεσθε</span> 
     </span>
    </p>
   </div>
   <div class='ocr_carea' id='block_1_12' title="bbox 250 1548 1942 1624">
    <p class='ocr_par' dir='ltr' id='par_1_12' title="bbox 250 1548 1942 1624">
     <span class='ocr_line' id='line_1_12' title="bbox 250 1548 1942 1624; baseline -0.002 -19"><span class='ocrx_word' id='word_1_96' title='bbox 250 1553 408 1622; x_wconf 77' lang='grc' dir='ltr'>παρά</span> <span class='ocrx_word' id='word_1_97' title='bbox 450 1552 550 1616; x_wconf 91' lang='grc' dir='ltr'>τάς</span> <span class='ocrx_word' id='word_1_98' title='bbox 588 1551 782 1624; x_wconf 83' lang='grc' dir='ltr'>θύρας,</span> <span class='ocrx_word' id='word_1_99' title='bbox 813 1552 940 1614; x_wconf 82' lang='grc' dir='ltr'>τοὺς</span> <span class='ocrx_word' id='word_1_100' title='bbox 969 1551 1301 1622; x_wconf 76' lang='grc' dir='ltr'>ἐρχομένους</span> <span class='ocrx_word' id='word_1_101' title='bbox 1333 1549 1660 1621; x_wconf 72' lang='grc' dir='ltr'>ὑποδέχεσθε</span> <span class='ocrx_word' id='word_1_102' title='bbox 1681 1565 1694 1578; x_wconf 92' lang='grc'>·</span> <span class='ocrx_word' id='word_1_103' title='bbox 1725 1548 1828 1604; x_wconf 75' lang='grc' dir='ltr'>κᾶν</span> <span class='ocrx_word' id='word_1_104' title='bbox 1867 1548 1942 1620; x_wconf 81' lang='grc' dir='ltr'>μή</span> 
     </span>
    </p>
   </div>
   <div class='ocr_carea' id='block_1_13' title="bbox 249 1624 1942 1711">
    <p class='ocr_par' dir='ltr' id='par_1_13' title="bbox 249 1624 1942 1711">
     <span class='ocr_line' id='line_1_13' title="bbox 249 1624 1942 1711; baseline -0.002 -19"><span class='ocrx_word' id='word_1_105' title='bbox 249 1642 338 1704; x_wconf 76' lang='grc' dir='ltr'>εἰς</span> <span class='ocrx_word' id='word_1_106' title='bbox 357 1640 455 1704; x_wconf 89' lang='grc' dir='ltr'>τάς</span> <span class='ocrx_word' id='word_1_107' title='bbox 482 1641 660 1704; x_wconf 91' lang='grc' dir='ltr'>οἰκίας</span> <span class='ocrx_word' id='word_1_108' title='bbox 685 1638 841 1710; x_wconf 76' lang='grc' dir='ltr'>ὑμῶν</span> <span class='ocrx_word' id='word_1_109' title='bbox 870 1624 1159 1711; x_wconf 79' lang='grc' dir='ltr'>βούλησθε,</span> <span class='ocrx_word' id='word_1_110' title='bbox 1192 1638 1308 1692; x_wconf 89' lang='grc' dir='ltr'>ἀλλ’</span> <span class='ocrx_word' id='word_1_111' title='bbox 1340 1637 1544 1708; x_wconf 78' lang='grc' dir='ltr'>ἐτέρως</span> <span class='ocrx_word' id='word_1_112' title='bbox 1567 1637 1634 1690; x_wconf 89' lang='grc' dir='ltr'>τά</span> <span class='ocrx_word' id='word_1_113' title='bbox 1665 1635 1804 1707; x_wconf 78' lang='grc' dir='ltr'>πρὸς</span> <span class='ocrx_word' id='word_1_114' title='bbox 1841 1636 1942 1700; x_wconf 90' lang='grc' dir='ltr'>τάς</span> 
     </span>
    </p>
   </div>
   <div class='ocr_carea' id='block_1_14' title="bbox 248 1723 1942 1800">
    <p class='ocr_par' dir='ltr' id='par_1_14' title="bbox 248 1723 1942 1800">
     <span class='ocr_line' id='line_1_14' title="bbox 248 1723 1942 1800; baseline -0.001 -20"><span class='ocrx_word' id='word_1_115' title='bbox 248 1728 441 1798; x_wconf 74' lang='grc' dir='ltr'>χρείας</span> <span class='ocrx_word' id='word_1_116' title='bbox 479 1729 665 1790; x_wconf 81' lang='grc' dir='ltr'>αὐτοῖς</span> <span class='ocrx_word' id='word_1_117' title='bbox 881 1725 1266 1798; x_wconf 83' lang='grc' dir='ltr'>χορηγοῦντες.</span> <span class='ocrx_word' id='word_1_118' title='bbox 1298 1725 1363 1777; x_wconf 91' lang='grc' dir='ltr'>Τί</span> <span class='ocrx_word' id='word_1_119' title='bbox 1393 1724 1531 1797; x_wconf 86' lang='grc' dir='ltr'>γάρ;</span> <span class='ocrx_word' id='word_1_120' title='bbox 1567 1726 1601 1793; x_wconf 90' lang='grc' dir='ltr'>ή</span> <span class='ocrx_word' id='word_1_121' title='bbox 1643 1723 1942 1795; x_wconf 81' lang='grc' dir='ltr'>Ἐκκλησία</span> 
     </span>
    </p>
   </div>
   <div class='ocr_carea' id='block_1_15' title="bbox 245 1811 1941 1886">
    <p class='ocr_par' dir='ltr' id='par_1_15' title="bbox 245 1811 1941 1886">
     <span class='ocr_line' id='line_1_15' title="bbox 245 1811 1941 1886; baseline -0.004 -16"><span class='ocrx_word' id='word_1_122' title='bbox 245 1817 353 1870; x_wconf 79' lang='grc' dir='ltr'>οὐκ</span> <span class='ocrx_word' id='word_1_123' title='bbox 380 1815 525 1886; x_wconf 75' lang='grc' dir='ltr'>ἔχεις</span> <span class='ocrx_word' id='word_1_124' title='bbox 565 1815 752 1886; x_wconf 90' lang='grc' dir='ltr'>φησίν.</span> <span class='ocrx_word' id='word_1_125' title='bbox 791 1816 980 1885; x_wconf 85' lang='grc' dir='ltr'>Ἔχει·</span> <span class='ocrx_word' id='word_1_126' title='bbox 1021 1813 1157 1867; x_wconf 90' lang='grc' dir='ltr'>ἀλλά</span> <span class='ocrx_word' id='word_1_127' title='bbox 1196 1812 1250 1866; x_wconf 91' lang='grc' dir='ltr'>τί</span> <span class='ocrx_word' id='word_1_128' title='bbox 1290 1811 1450 1866; x_wconf 90' lang='grc' dir='ltr'>τοῦτο</span> <span class='ocrx_word' id='word_1_129' title='bbox 1487 1812 1625 1884; x_wconf 73' lang='grc' dir='ltr'>πρὸς</span> <span class='ocrx_word' id='word_1_130' title='bbox 1654 1812 1829 1882; x_wconf 72' lang='grc' dir='ltr'>ὑμᾶς,</span> <span class='ocrx_word' id='word_1_131' title='bbox 1865 1812 1941 1882; x_wconf 79' lang='grc' dir='ltr'>μή</span> 
     </span>
    </p>
   </div>
   <div class='ocr_carea' id='block_1_16' title="bbox 245 1900 1940 1973">
    <p class='ocr_par' dir='ltr' id='par_1_16' title="bbox 245 1900 1940 1973">
     <span class='ocr_line' id='line_1_16' title="bbox 245 1900 1940 1973; baseline -0.004 -15"><span class='ocrx_word' id='word_1_132' title='bbox 245 1904 313 1958; x_wconf 75' lang='grc' dir='ltr'>τὸ</span> <span class='ocrx_word' id='word_1_133' title='bbox 336 1904 445 1958; x_wconf 78' lang='grc' dir='ltr'>ἀπὸ</span> <span class='ocrx_word' id='word_1_134' title='bbox 466 1902 576 1958; x_wconf 91' lang='grc' dir='ltr'>τῶν</span> <span class='ocrx_word' id='word_1_135' title='bbox 605 1903 802 1958; x_wconf 88' lang='grc' dir='ltr'>κοινῶν</span> <span class='ocrx_word' id='word_1_136' title='bbox 827 1902 930 1973; x_wconf 74' lang='grc' dir='ltr'>τῆς</span> <span class='ocrx_word' id='word_1_137' title='bbox 973 1901 1302 1971; x_wconf 83' lang='grc' dir='ltr'>Ἐκκλησίας</span> <span class='ocrx_word' id='word_1_138' title='bbox 1324 1900 1618 1972; x_wconf 79' lang='grc' dir='ltr'>τρέφεσθαι</span> <span class='ocrx_word' id='word_1_139' title='bbox 1641 1916 1744 1971; x_wconf 89' lang='grc' dir='ltr'>χρη</span> <span class='ocrx_word' id='word_1_140' title='bbox 1754 1901 1940 1970; x_wconf 89' lang='grc' dir='ltr'>μάτων</span> 
     </span>
    </p>
   </div>
   <div class='ocr_carea' id='block_1_17' title="bbox 245 1986 1941 2062">
    <p class='ocr_par' dir='ltr' id='par_1_17' title="bbox 245 1986 1941 2062">
     <span class='ocr_line' id='line_1_17' title="bbox 245 1986 1941 2062; baseline -0.004 -16"><span class='ocrx_word' id='word_1_141' title='bbox 245 1992 471 2056; x_wconf 77' lang='grc' dir='ltr'>αὐτοὺς,</span> <span class='ocrx_word' id='word_1_142' title='bbox 523 1990 682 2046; x_wconf 91' lang='grc' dir='ltr'>τοῦτο</span> <span class='ocrx_word' id='word_1_143' title='bbox 727 1991 871 2062; x_wconf 81' lang='grc' dir='ltr'>ὑμᾶς</span> <span class='ocrx_word' id='word_1_144' title='bbox 919 1989 1202 2060; x_wconf 85' lang='grc' dir='ltr'>ὠφελῆσαι</span> <span class='ocrx_word' id='word_1_145' title='bbox 1252 1988 1508 2054; x_wconf 88' lang='grc' dir='ltr'>δύναται;</span> <span class='ocrx_word' id='word_1_146' title='bbox 1562 1987 1638 2059; x_wconf 78' lang='grc' dir='ltr'>μή</span> <span class='ocrx_word' id='word_1_147' title='bbox 1686 1988 1818 2059; x_wconf 83' lang='grc' dir='ltr'>γάρ,</span> <span class='ocrx_word' id='word_1_148' title='bbox 1874 1986 1941 2041; x_wconf 80' lang='grc' dir='ltr'>ἂν</span> 
     </span>
    </p>
   </div>
   <div class='ocr_carea' id='block_1_18' title="bbox 245 2073 1940 2150">
    <p class='ocr_par' dir='ltr' id='par_1_18' title="bbox 245 2073 1940 2150">
     <span class='ocr_line' id='line_1_18' title="bbox 245 2073 1940 2150; baseline -0.005 -17"><span class='ocrx_word' id='word_1_149' title='bbox 245 2079 437 2149; x_wconf 70' lang='grc' dir='ltr'>ἔτερος</span> <span class='ocrx_word' id='word_1_150' title='bbox 462 2076 710 2150; x_wconf 75' lang='grc' dir='ltr'>εὔχηται,</span> <span class='ocrx_word' id='word_1_151' title='bbox 743 2079 807 2132; x_wconf 84' lang='grc' dir='ltr'>σὺ</span> <span class='ocrx_word' id='word_1_152' title='bbox 833 2078 935 2131; x_wconf 85' lang='grc' dir='ltr'>οὐκ</span> <span class='ocrx_word' id='word_1_153' title='bbox 959 2076 1194 2146; x_wconf 79' lang='grc' dir='ltr'>ὀφείλεις</span> <span class='ocrx_word' id='word_1_154' title='bbox 1227 2073 1487 2147; x_wconf 80' lang='grc' dir='ltr'>εὔχεσθαι</span> <span class='ocrx_word' id='word_1_155' title='bbox 1509 2092 1524 2140; x_wconf 88' lang='lat'><strong>;</strong></span> <span class='ocrx_word' id='word_1_156' title='bbox 1549 2073 1637 2126; x_wconf 83' lang='grc' dir='ltr'>διὰ</span> <span class='ocrx_word' id='word_1_157' title='bbox 1665 2074 1719 2126; x_wconf 88' lang='grc' dir='ltr'>τί</span> <span class='ocrx_word' id='word_1_158' title='bbox 1749 2075 1823 2146; x_wconf 81' lang='grc' dir='ltr'>μὴ</span> <span class='ocrx_word' id='word_1_159' title='bbox 1853 2074 1940 2127; x_wconf 82' lang='grc' dir='ltr'>λέ-</span> 
     </span>
    </p>
   </div>
   <div class='ocr_carea' id='block_1_19' title="bbox 245 2161 1936 2238">
    <p class='ocr_par' dir='ltr' id='par_1_19' title="bbox 245 2161 1936 2238">
     <span class='ocr_line' id='line_1_19' title="bbox 245 2161 1936 2238; baseline -0.003 -18"><span class='ocrx_word' id='word_1_160' title='bbox 245 2184 400 2236; x_wconf 88' lang='grc' dir='ltr'>γεις·</span> <span class='ocrx_word' id='word_1_161' title='bbox 439 2166 492 2221; x_wconf 91' lang='grc' dir='ltr'>τί</span> <span class='ocrx_word' id='word_1_162' title='bbox 531 2167 680 2238; x_wconf 88' lang='grc' dir='ltr'>γάρ;</span> <span class='ocrx_word' id='word_1_163' title='bbox 714 2167 815 2221; x_wconf 82' lang='grc' dir='ltr'>οὐκ</span> <span class='ocrx_word' id='word_1_164' title='bbox 845 2165 1098 2236; x_wconf 78' lang='grc' dir='ltr'>εὔχονται</span> <span class='ocrx_word' id='word_1_165' title='bbox 1134 2166 1182 2218; x_wconf 85' lang='grc' dir='ltr'>οἰ</span> <span class='ocrx_word' id='word_1_166' title='bbox 1219 2166 1417 2235; x_wconf 87' lang='grc' dir='ltr'>ἰερεῖς;</span> <span class='ocrx_word' id='word_1_167' title='bbox 1450 2161 1562 2232; x_wconf 89' lang='grc' dir='ltr'>ἐγὼ</span> <span class='ocrx_word' id='word_1_168' title='bbox 1584 2161 1636 2216; x_wconf 86' lang='grc' dir='ltr'>τί</span> <span class='ocrx_word' id='word_1_169' title='bbox 1670 2161 1936 2234; x_wconf 76' lang='grc' dir='ltr'>εὖχομαι;</span> 
     </span>
    </p>
   </div>
   <div class='ocr_carea' id='block_1_20' title="bbox 258 2250 1938 2325">
    <p class='ocr_par' dir='ltr' id='par_1_20' title="bbox 258 2250 1938 2325">
     <span class='ocr_line' id='line_1_20' title="bbox 258 2250 1938 2325; baseline -0.004 -17"><span class='ocrx_word' id='word_1_170' title='bbox 258 2254 403 2308; x_wconf 67' lang='grc' dir='ltr'>Ἀλλ’</span> <span class='ocrx_word' id='word_1_171' title='bbox 447 2255 579 2323; x_wconf 82' lang='grc' dir='ltr'>ἐγὼ,</span> <span class='ocrx_word' id='word_1_172' title='bbox 623 2256 777 2325; x_wconf 78' lang='grc' dir='ltr'>φησὶ,</span> <span class='ocrx_word' id='word_1_173' title='bbox 821 2253 1018 2324; x_wconf 84' lang='grc' dir='ltr'>δίδωμι</span> <span class='ocrx_word' id='word_1_174' title='bbox 1050 2251 1127 2322; x_wconf 84' lang='grc' dir='ltr'>τῷ</span> <span class='ocrx_word' id='word_1_175' title='bbox 1160 2251 1236 2324; x_wconf 80' lang='grc' dir='ltr'>μή</span> <span class='ocrx_word' id='word_1_176' title='bbox 1277 2251 1560 2320; x_wconf 74' lang='grc' dir='ltr'>δυναμένῳ</span> <span class='ocrx_word' id='word_1_177' title='bbox 1597 2250 1938 2320; x_wconf 84' lang='grc' dir='ltr'>καταχθῆναι</span> 
     </span>
    </p>
   </div>
   <div class='ocr_carea' id='block_1_21' title="bbox 241 2337 1940 2412">
    <p class='ocr_par' dir='ltr' id='par_1_21' title="bbox 241 2337 1940 2412">
     <span class='ocr_line' id='line_1_21' title="bbox 241 2337 1940 2412; baseline -0.005 -14"><span class='ocrx_word' id='word_1_178' title='bbox 241 2344 384 2399; x_wconf 74' lang='grc' dir='ltr'>ἐκεῖ.</span> <span class='ocrx_word' id='word_1_179' title='bbox 408 2343 507 2408; x_wconf 68' lang='lat' dir='ltr'>Ab;</span> <span class='ocrx_word' id='word_1_180' title='bbox 540 2342 644 2398; x_wconf 80' lang='grc' dir='ltr'>κάν</span> <span class='ocrx_word' id='word_1_181' title='bbox 675 2343 890 2412; x_wconf 81' lang='grc' dir='ltr'>ἐκείνῳ·</span> <span class='ocrx_word' id='word_1_182' title='bbox 922 2341 984 2394; x_wconf 72' lang='grc' dir='ltr'>τὸ</span> <span class='ocrx_word' id='word_1_183' title='bbox 1010 2341 1119 2411; x_wconf 82' lang='grc' dir='ltr'>γὰρ</span> <span class='ocrx_word' id='word_1_184' title='bbox 1154 2339 1592 2408; x_wconf 80' lang='grc' dir='ltr'>σπουδαζόμενον</span> <span class='ocrx_word' id='word_1_185' title='bbox 1621 2339 1754 2409; x_wconf 83' lang='grc' dir='ltr'>ἡμῖν</span> <span class='ocrx_word' id='word_1_186' title='bbox 1781 2337 1940 2391; x_wconf 90' lang='grc' dir='ltr'>τοῦτό</span> 
     </span>
    </p>
   </div>
   <div class='ocr_carea' id='block_1_22' title="bbox 243 2423 1934 2496">
    <p class='ocr_par' dir='ltr' id='par_1_22' title="bbox 243 2423 1934 2496">
     <span class='ocr_line' id='line_1_22' title="bbox 243 2423 1934 2496; baseline -0.005 -12"><span class='ocrx_word' id='word_1_187' title='bbox 243 2430 388 2494; x_wconf 79' lang='grc' dir='ltr'>ἐστι,</span> <span class='ocrx_word' id='word_1_188' title='bbox 422 2429 484 2483; x_wconf 84' lang='grc' dir='ltr'>τὺ</span> <span class='ocrx_word' id='word_1_189' title='bbox 520 2429 659 2494; x_wconf 84' lang='grc' dir='ltr'>ὅλως</span> <span class='ocrx_word' id='word_1_190' title='bbox 703 2428 912 2483; x_wconf 90' lang='grc' dir='ltr'>δοῦναι.</span> <span class='ocrx_word' id='word_1_191' title='bbox 951 2428 1238 2492; x_wconf 74' lang='grc' dir='ltr'>Ἄκουσον,</span> <span class='ocrx_word' id='word_1_192' title='bbox 1289 2426 1342 2479; x_wconf 91' lang='grc' dir='ltr'>τί</span> <span class='ocrx_word' id='word_1_193' title='bbox 1394 2442 1561 2496; x_wconf 83' lang='grc' dir='ltr'>φησιν</span> <span class='ocrx_word' id='word_1_194' title='bbox 1610 2427 1639 2478; x_wconf 99' lang='lat'>6</span> <span class='ocrx_word' id='word_1_195' title='bbox 1689 2423 1934 2488; x_wconf 89' lang='grc' dir='ltr'>Παῦλος·</span> 
     </span>
    </p>
   </div>
   <div class='ocr_carea' id='block_1_23' title="bbox 246 2511 1936 2586">
    <p class='ocr_par' dir='ltr' id='par_1_23' title="bbox 246 2511 1936 2586">
     <span class='ocr_line' id='line_1_23' title="bbox 246 2511 1936 2586; baseline -0.004 -15"><span class='ocrx_word' id='word_1_196' title='bbox 246 2518 378 2571; x_wconf 79' lang='lat' dir='ltr'>&#39;lra</span> <span class='ocrx_word' id='word_1_197' title='bbox 407 2517 536 2584; x_wconf 77' lang='grc' dir='ltr'>ταῖς</span> <span class='ocrx_word' id='word_1_198' title='bbox 558 2517 745 2583; x_wconf 74' lang='grc' dir='ltr'>ὄντως</span> <span class='ocrx_word' id='word_1_199' title='bbox 767 2516 983 2586; x_wconf 79' lang='grc' dir='ltr'>χήραις</span> <span class='ocrx_word' id='word_1_200' title='bbox 1003 2515 1335 2584; x_wconf 81' lang='grc' dir='ltr'>ἐπαρκέσῃ,</span> <span class='ocrx_word' id='word_1_201' title='bbox 1372 2513 1471 2568; x_wconf 73' lang='grc' dir='ltr'>καὶ</span> <span class='ocrx_word' id='word_1_202' title='bbox 1491 2512 1578 2582; x_wconf 84' lang='grc' dir='ltr'>μὴ</span> <span class='ocrx_word' id='word_1_203' title='bbox 1603 2511 1869 2581; x_wconf 77' lang='grc' dir='ltr'>βαρῆται</span> <span class='ocrx_word' id='word_1_204' title='bbox 1897 2513 1936 2583; x_wconf 76' lang='grc' dir='ltr'><strong><em>ἡ</em></strong></span> 
     </span>
    </p>
   </div>
   <div class='ocr_carea' id='block_1_24' title="bbox 257 2601 1934 2674">
    <p class='ocr_par' dir='ltr' id='par_1_24' title="bbox 257 2601 1934 2674">
     <span class='ocr_line' id='line_1_24' title="bbox 257 2601 1934 2674; baseline -0.004 -14"><span class='ocrx_word' id='word_1_205' title='bbox 257 2607 616 2672; x_wconf 66' lang='grc' dir='ltr'>Ἐκκλησία.</span> <span class='ocrx_word' id='word_1_206' title='bbox 665 2606 856 2670; x_wconf 85' lang='grc' dir='ltr'>Ὅπως</span> <span class='ocrx_word' id='word_1_207' title='bbox 912 2604 1090 2674; x_wconf 84' lang='grc' dir='ltr'>βούλει</span> <span class='ocrx_word' id='word_1_208' title='bbox 1149 2604 1400 2672; x_wconf 87' lang='grc' dir='ltr'>ποίησον,</span> <span class='ocrx_word' id='word_1_209' title='bbox 1464 2603 1626 2673; x_wconf 90' lang='grc' dir='ltr'>μόνον</span> <span class='ocrx_word' id='word_1_210' title='bbox 1687 2601 1934 2671; x_wconf 87' lang='grc' dir='ltr'>ποίησον.</span> 
     </span>
    </p>
   </div>
   <div class='ocr_carea' id='block_1_25' title="bbox 256 2688 1933 2762">
    <p class='ocr_par' dir='ltr' id='par_1_25' title="bbox 256 2688 1933 2762">
     <span class='ocr_line' id='line_1_25' title="bbox 256 2688 1933 2762; baseline -0.004 -15"><span class='ocrx_word' id='word_1_211' title='bbox 256 2693 405 2761; x_wconf 81' lang='grc' dir='ltr'>Ἐγὼ</span> <span class='ocrx_word' id='word_1_212' title='bbox 440 2694 497 2746; x_wconf 84' lang='grc' dir='ltr'>δὲ</span> <span class='ocrx_word' id='word_1_213' title='bbox 531 2694 593 2747; x_wconf 82' lang='grc' dir='ltr'>οὐ</span> <span class='ocrx_word' id='word_1_214' title='bbox 629 2693 795 2760; x_wconf 82' lang='grc' dir='ltr'>λέγω,</span> <span class='ocrx_word' id='word_1_215' title='bbox 826 2693 942 2745; x_wconf 85' lang='grc' dir='ltr'>Ἰνα</span> <span class='ocrx_word' id='word_1_216' title='bbox 976 2692 1050 2762; x_wconf 83' lang='grc' dir='ltr'>μὴ</span> <span class='ocrx_word' id='word_1_217' title='bbox 1083 2691 1323 2762; x_wconf 84' lang='grc' dir='ltr'>βαρῆται</span> <span class='ocrx_word' id='word_1_218' title='bbox 1363 2692 1396 2762; x_wconf 87' lang='grc' dir='ltr'>ή</span> <span class='ocrx_word' id='word_1_219' title='bbox 1443 2688 1762 2760; x_wconf 83' lang='grc' dir='ltr'>Ἐκκλησία,</span> <span class='ocrx_word' id='word_1_220' title='bbox 1798 2688 1933 2754; x_wconf 84' lang='grc' dir='ltr'>ἀλλ’,</span> 
     </span>
    </p>
   </div>
   <div class='ocr_carea' id='block_1_26' title="bbox 243 2776 1934 2853">
    <p class='ocr_par' dir='ltr' id='par_1_26' title="bbox 243 2776 1934 2853">
     <span class='ocr_line' id='line_1_26' title="bbox 243 2776 1934 2853; baseline -0.004 -18"><span class='ocrx_word' id='word_1_221' title='bbox 243 2782 372 2836; x_wconf 87' lang='grc' dir='ltr'>’Ἱνα</span> <span class='ocrx_word' id='word_1_222' title='bbox 400 2780 474 2850; x_wconf 83' lang='grc' dir='ltr'>μὴ</span> <span class='ocrx_word' id='word_1_223' title='bbox 502 2783 567 2835; x_wconf 83' lang='grc' dir='ltr'>σὺ</span> <span class='ocrx_word' id='word_1_224' title='bbox 597 2780 739 2853; x_wconf 84' lang='grc' dir='ltr'>βαρῇ</span> <span class='ocrx_word' id='word_1_225' title='bbox 758 2798 773 2812; x_wconf 93' lang='grc'>·</span> <span class='ocrx_word' id='word_1_226' title='bbox 801 2780 879 2851; x_wconf 82' lang='grc' dir='ltr'>τῷ</span> <span class='ocrx_word' id='word_1_227' title='bbox 901 2779 1011 2851; x_wconf 82' lang='grc' dir='ltr'>γὰρ</span> <span class='ocrx_word' id='word_1_228' title='bbox 1034 2779 1282 2850; x_wconf 80' lang='grc' dir='ltr'>λογισμῷ</span> <span class='ocrx_word' id='word_1_229' title='bbox 1310 2778 1486 2850; x_wconf 87' lang='grc' dir='ltr'>τούτῳ</span> <span class='ocrx_word' id='word_1_230' title='bbox 1515 2777 1670 2830; x_wconf 87' lang='grc' dir='ltr'>ούδέν</span> <span class='ocrx_word' id='word_1_231' title='bbox 1698 2776 1934 2850; x_wconf 82' lang='grc' dir='ltr'>ἐργάσῃ,</span> 
     </span>
    </p>
   </div>
   <div class='ocr_carea' id='block_1_27' title="bbox 242 2863 1936 2940">
    <p class='ocr_par' dir='ltr' id='par_1_27' title="bbox 242 2863 1936 2940">
     <span class='ocr_line' id='line_1_27' title="bbox 242 2863 1936 2940; baseline -0.004 -15"><span class='ocrx_word' id='word_1_232' title='bbox 242 2870 429 2925; x_wconf 75' lang='grc' dir='ltr'>πάντα</span> <span class='ocrx_word' id='word_1_233' title='bbox 461 2870 777 2939; x_wconf 84' lang='grc' dir='ltr'>ἐπιτρέπων</span> <span class='ocrx_word' id='word_1_234' title='bbox 807 2871 967 2940; x_wconf 82' lang='grc' dir='ltr'>αὐτῇ.</span> <span class='ocrx_word' id='word_1_235' title='bbox 1011 2869 1109 2922; x_wconf 86' lang='grc' dir='ltr'>Διά</span> <span class='ocrx_word' id='word_1_236' title='bbox 1136 2868 1296 2921; x_wconf 88' lang='grc' dir='ltr'>τοῦτο</span> <span class='ocrx_word' id='word_1_237' title='bbox 1331 2865 1511 2920; x_wconf 78' lang='grc' dir='ltr'>κοινὸν</span> <span class='ocrx_word' id='word_1_238' title='bbox 1547 2863 1756 2935; x_wconf 85' lang='grc' dir='ltr'>οῐκημά</span> <span class='ocrx_word' id='word_1_239' title='bbox 1785 2867 1936 2919; x_wconf 89' lang='grc' dir='ltr'>ἐστιν</span> 
     </span>
    </p>
   </div>
   <div class='ocr_carea' id='block_1_28' title="bbox 244 2954 1931 3028">
    <p class='ocr_par' dir='ltr' id='par_1_28' title="bbox 244 2954 1931 3028">
     <span class='ocr_line' id='line_1_28' title="bbox 244 2954 1931 3028; baseline -0.002 -18"><span class='ocrx_word' id='word_1_240' title='bbox 244 2956 357 3010; x_wconf 77' lang='grc' dir='ltr'>ὑπὸ</span> <span class='ocrx_word' id='word_1_241' title='bbox 386 2956 485 3026; x_wconf 84' lang='grc' dir='ltr'>τῆς</span> <span class='ocrx_word' id='word_1_242' title='bbox 523 2956 847 3027; x_wconf 83' lang='grc' dir='ltr'>Ἐκκλησίας</span> <span class='ocrx_word' id='word_1_243' title='bbox 882 2957 1288 3028; x_wconf 81' lang='grc' dir='ltr'>ἀφωρισμένον,</span> <span class='ocrx_word' id='word_1_244' title='bbox 1322 2955 1410 3008; x_wconf 83' lang='grc' dir='ltr'>ἴνα</span> <span class='ocrx_word' id='word_1_245' title='bbox 1449 2955 1523 3026; x_wconf 80' lang='grc' dir='ltr'>μὴ</span> <span class='ocrx_word' id='word_1_246' title='bbox 1549 2954 1722 3007; x_wconf 79' lang='grc' dir='ltr'>ταῦτα</span> <span class='ocrx_word' id='word_1_247' title='bbox 1745 2954 1931 3026; x_wconf 81' lang='grc' dir='ltr'>λέγῃς.</span> 
     </span>
    </p>
   </div>
   <div class='ocr_carea' id='block_1_29' title="bbox 257 3041 1940 3116">
    <p class='ocr_par' dir='ltr' id='par_1_29' title="bbox 257 3041 1940 3116">
     <span class='ocr_line' id='line_1_29' title="bbox 257 3041 1940 3116; baseline -0.002 -18"><span class='ocrx_word' id='word_1_248' title='bbox 257 3044 400 3098; x_wconf 79' lang='grc' dir='ltr'>Ἀλλ’</span> <span class='ocrx_word' id='word_1_249' title='bbox 442 3043 556 3116; x_wconf 86' lang='grc' dir='ltr'>ἔχει</span> <span class='ocrx_word' id='word_1_250' title='bbox 592 3045 961 3116; x_wconf 87' lang='grc' dir='ltr'>δαπανήματα</span> <span class='ocrx_word' id='word_1_251' title='bbox 1001 3046 1035 3114; x_wconf 89' lang='grc' dir='ltr'>ή</span> <span class='ocrx_word' id='word_1_252' title='bbox 1091 3042 1411 3114; x_wconf 80' lang='grc' dir='ltr'>Ἐκκλησία,</span> <span class='ocrx_word' id='word_1_253' title='bbox 1461 3041 1617 3110; x_wconf 73' lang='grc' dir='ltr'>φησὶ,</span> <span class='ocrx_word' id='word_1_254' title='bbox 1674 3042 1940 3110; x_wconf 82' lang='grc' dir='ltr'>χρήματα</span> 
     </span>
    </p>
   </div>
   <div class='ocr_carea' id='block_1_30' title="bbox 241 3127 1931 3202">
    <p class='ocr_par' dir='ltr' id='par_1_30' title="bbox 241 3127 1931 3202">
     <span class='ocr_line' id='line_1_30' title="bbox 241 3127 1931 3202; baseline -0.005 -16"><span class='ocrx_word' id='word_1_255' title='bbox 241 3132 362 3202; x_wconf 74' lang='grc' dir='ltr'>ἔχει</span> <span class='ocrx_word' id='word_1_256' title='bbox 388 3134 483 3186; x_wconf 72' lang='grc' dir='ltr'>καὶ</span> <span class='ocrx_word' id='word_1_257' title='bbox 524 3132 840 3202; x_wconf 81' lang='grc' dir='ltr'>προσόδους.</span> <span class='ocrx_word' id='word_1_258' title='bbox 889 3130 1024 3184; x_wconf 83' lang='grc' dir='ltr'>Εἰπέ</span> <span class='ocrx_word' id='word_1_259' title='bbox 1052 3149 1162 3201; x_wconf 90' lang='grc' dir='ltr'>μοι,</span> <span class='ocrx_word' id='word_1_260' title='bbox 1187 3129 1523 3196; x_wconf 83' lang='grc' dir='ltr'>ἀναλώματα</span> <span class='ocrx_word' id='word_1_261' title='bbox 1560 3127 1617 3180; x_wconf 81' lang='grc' dir='ltr'>δὲ</span> <span class='ocrx_word' id='word_1_262' title='bbox 1656 3128 1756 3180; x_wconf 77' lang='grc' dir='ltr'>οὐκ</span> <span class='ocrx_word' id='word_1_263' title='bbox 1790 3127 1931 3196; x_wconf 87' lang='grc' dir='ltr'>ἔχει;</span> 
     </span>
    </p>
   </div>
   <div class='ocr_carea' id='block_1_31' title="bbox 239 3209 1936 3288">
    <p class='ocr_par' dir='ltr' id='par_1_31' title="bbox 239 3209 1936 3288">
     <span class='ocr_line' id='line_1_31' title="bbox 239 3209 1936 3288; baseline -0.003 -15"><span class='ocrx_word' id='word_1_264' title='bbox 239 3218 493 3288; x_wconf 76' lang='grc' dir='ltr'>δαπάνην</span> <span class='ocrx_word' id='word_1_265' title='bbox 526 3217 584 3270; x_wconf 86' lang='grc' dir='ltr'>δέ</span> <span class='ocrx_word' id='word_1_266' title='bbox 629 3217 730 3271; x_wconf 80' lang='grc' dir='ltr'>οὐκ</span> <span class='ocrx_word' id='word_1_267' title='bbox 764 3217 878 3288; x_wconf 87' lang='grc' dir='ltr'>ἔχει</span> <span class='ocrx_word' id='word_1_268' title='bbox 912 3216 1325 3288; x_wconf 84' lang='grc' dir='ltr'>καθημερινήν;</span> <span class='ocrx_word' id='word_1_269' title='bbox 1369 3216 1495 3279; x_wconf 74' lang='grc' dir='ltr'>Ναὶ,</span> <span class='ocrx_word' id='word_1_270' title='bbox 1532 3213 1686 3285; x_wconf 88' lang='grc' dir='ltr'>φησί.</span> <span class='ocrx_word' id='word_1_271' title='bbox 1730 3213 1795 3265; x_wconf 88' lang='grc' dir='ltr'>Τί</span> <span class='ocrx_word' id='word_1_272' title='bbox 1840 3209 1936 3268; x_wconf 79' lang='grc' dir='ltr'>οὖν</span> 
     </span>
    </p>
   </div>
   <div class='ocr_carea' id='block_1_32' title="bbox 242 3302 1933 3378">
    <p class='ocr_par' dir='ltr' id='par_1_32' title="bbox 242 3302 1933 3378">
     <span class='ocr_line' id='line_1_32' title="bbox 242 3302 1933 3378; baseline -0.004 -17"><span class='ocrx_word' id='word_1_273' title='bbox 242 3309 308 3361; x_wconf 73' lang='grc' dir='ltr'>ο)</span> <span class='ocrx_word' id='word_1_274' title='bbox 357 3305 572 3376; x_wconf 77' lang='grc' dir='ltr'>βοηθεῖς</span> <span class='ocrx_word' id='word_1_275' title='bbox 607 3307 674 3376; x_wconf 79' lang='grc' dir='ltr'>τῇ</span> <span class='ocrx_word' id='word_1_276' title='bbox 729 3305 964 3378; x_wconf 72' lang='grc' dir='ltr'>μετρίας</span> <span class='ocrx_word' id='word_1_277' title='bbox 1008 3304 1347 3376; x_wconf 79' lang='grc' dir='ltr'>Αἰσχύνομαι</span> <span class='ocrx_word' id='word_1_278' title='bbox 1391 3305 1490 3375; x_wconf 83' lang='grc' dir='ltr'>μὲν</span> <span class='ocrx_word' id='word_1_279' title='bbox 1523 3303 1698 3357; x_wconf 91' lang='grc' dir='ltr'>ταῦτα</span> <span class='ocrx_word' id='word_1_280' title='bbox 1721 3302 1933 3371; x_wconf 80' lang='grc' dir='ltr'>λέγων·</span> 
     </span>
    </p>
   </div>
   <div class='ocr_carea' id='block_1_33' title="bbox 244 3391 1934 3466">
    <p class='ocr_par' dir='ltr' id='par_1_33' title="bbox 244 3391 1934 3466">
     <span class='ocr_line' id='line_1_33' title="bbox 244 3391 1934 3466; baseline -0.002 -19"><span class='ocrx_word' id='word_1_281' title='bbox 244 3393 390 3466; x_wconf 79' lang='grc' dir='ltr'>πλὴν</span> <span class='ocrx_word' id='word_1_282' title='bbox 425 3393 540 3447; x_wconf 85' lang='grc' dir='ltr'>ἀλλ’</span> <span class='ocrx_word' id='word_1_283' title='bbox 561 3392 716 3447; x_wconf 82' lang='grc' dir='ltr'>οὐδὲν</span> <span class='ocrx_word' id='word_1_284' title='bbox 741 3393 1056 3462; x_wconf 77' lang='grc' dir='ltr'>ἀναγκάζω.</span> <span class='ocrx_word' id='word_1_285' title='bbox 1089 3394 1157 3446; x_wconf 71' lang='lat' dir='ltr'>Et</span> <span class='ocrx_word' id='word_1_286' title='bbox 1181 3411 1265 3456; x_wconf 92' lang='grc' dir='ltr'>τις</span> <span class='ocrx_word' id='word_1_287' title='bbox 1297 3392 1513 3463; x_wconf 78' lang='grc' dir='ltr'>νομίζει</span> <span class='ocrx_word' id='word_1_288' title='bbox 1545 3391 1934 3463; x_wconf 84' lang='grc' dir='ltr'>χρηματισμὸν</span> 
     </span>
    </p>
   </div>
   <div class='ocr_carea' id='block_1_34' title="bbox 243 3475 1935 3553">
    <p class='ocr_par' dir='ltr' id='par_1_34' title="bbox 243 3475 1935 3553">
     <span class='ocr_line' id='line_1_34' title="bbox 243 3475 1935 3553; baseline -0.001 -18"><span class='ocrx_word' id='word_1_289' title='bbox 243 3475 389 3536; x_wconf 74' lang='grc' dir='ltr'>εἶναι</span> <span class='ocrx_word' id='word_1_290' title='bbox 431 3481 501 3534; x_wconf 83' lang='grc' dir='ltr'>τά</span> <span class='ocrx_word' id='word_1_291' title='bbox 542 3481 845 3552; x_wconf 84' lang='grc' dir='ltr'>λεγόμενα,</span> <span class='ocrx_word' id='word_1_292' title='bbox 878 3483 1094 3553; x_wconf 85' lang='grc' dir='ltr'>ποιήσει</span> <span class='ocrx_word' id='word_1_293' title='bbox 1126 3481 1306 3551; x_wconf 89' lang='grc' dir='ltr'>ἐαυτῷ</span> <span class='ocrx_word' id='word_1_294' title='bbox 1341 3479 1666 3550; x_wconf 79' lang='grc' dir='ltr'>ξενοδοχεῖον</span> <span class='ocrx_word' id='word_1_295' title='bbox 1700 3479 1795 3533; x_wconf 78' lang='grc' dir='ltr'>ἐπὶ</span> <span class='ocrx_word' id='word_1_296' title='bbox 1833 3479 1935 3549; x_wconf 87' lang='grc' dir='ltr'>τῆς</span> 
     </span>
    </p>
   </div>
   <div class='ocr_carea' id='block_1_35' title="bbox 242 3567 1936 3642">
    <p class='ocr_par' dir='ltr' id='par_1_35' title="bbox 242 3567 1936 3642">
     <span class='ocr_line' id='line_1_35' title="bbox 242 3567 1936 3642; baseline -0.003 -17"><span class='ocrx_word' id='word_1_297' title='bbox 242 3569 456 3634; x_wconf 85' lang='grc' dir='ltr'>οἰκίας·</span> <span class='ocrx_word' id='word_1_298' title='bbox 495 3570 694 3642; x_wconf 82' lang='grc' dir='ltr'>στῆσον</span> <span class='ocrx_word' id='word_1_299' title='bbox 725 3571 845 3623; x_wconf 82' lang='grc' dir='ltr'>ἐκεῖ</span> <span class='ocrx_word' id='word_1_300' title='bbox 873 3569 1085 3640; x_wconf 70' lang='grc' dir='ltr'>κλίνην,</span> <span class='ocrx_word' id='word_1_301' title='bbox 1129 3569 1327 3640; x_wconf 84' lang='grc' dir='ltr'>στῆσον</span> <span class='ocrx_word' id='word_1_302' title='bbox 1368 3569 1486 3621; x_wconf 86' lang='grc' dir='ltr'>ἐκεῖ</span> <span class='ocrx_word' id='word_1_303' title='bbox 1523 3567 1805 3638; x_wconf 86' lang='grc' dir='ltr'>τράπεζαν</span> <span class='ocrx_word' id='word_1_304' title='bbox 1839 3567 1936 3621; x_wconf 78' lang='grc' dir='ltr'>καὶ</span> 
     </span>
    </p>
   </div>
   <div class='ocr_carea' id='block_1_36' title="bbox 240 3655 1932 3730">
    <p class='ocr_par' dir='ltr' id='par_1_36' title="bbox 240 3655 1932 3730">
     <span class='ocr_line' id='line_1_36' title="bbox 240 3655 1932 3730; baseline -0.004 -17"><span class='ocrx_word' id='word_1_305' title='bbox 240 3657 492 3729; x_wconf 82' lang='grc' dir='ltr'>λυχνίαν.</span> <span class='ocrx_word' id='word_1_306' title='bbox 535 3656 659 3721; x_wconf 83' lang='grc' dir='ltr'>Πῶς</span> <span class='ocrx_word' id='word_1_307' title='bbox 704 3657 814 3730; x_wconf 85' lang='grc' dir='ltr'>γάρ</span> <span class='ocrx_word' id='word_1_308' title='bbox 859 3658 960 3711; x_wconf 78' lang='grc' dir='ltr'>οὐκ</span> <span class='ocrx_word' id='word_1_309' title='bbox 999 3657 1219 3720; x_wconf 89' lang='grc' dir='ltr'>ἀτοπον,</span> <span class='ocrx_word' id='word_1_310' title='bbox 1251 3658 1301 3710; x_wconf 88' lang='grc' dir='ltr'>εἰ</span> <span class='ocrx_word' id='word_1_311' title='bbox 1347 3657 1447 3727; x_wconf 81' lang='grc' dir='ltr'>μὲν</span> <span class='ocrx_word' id='word_1_312' title='bbox 1486 3655 1815 3728; x_wconf 86' lang='grc' dir='ltr'>στρατιῶται</span> <span class='ocrx_word' id='word_1_313' title='bbox 1845 3655 1932 3707; x_wconf 80' lang='grc' dir='ltr'>ἔλ-</span> 
     </span>
    </p>
   </div>
   <div class='ocr_carea' id='block_1_37' title="bbox 243 3743 1935 3816">
    <p class='ocr_par' dir='ltr' id='par_1_37' title="bbox 243 3743 1935 3816">
     <span class='ocr_line' id='line_1_37' title="bbox 243 3743 1935 3816; baseline -0.003 -15"><span class='ocrx_word' id='word_1_314' title='bbox 243 3745 414 3810; x_wconf 83' lang='grc' dir='ltr'>θοιεν,</span> <span class='ocrx_word' id='word_1_315' title='bbox 447 3745 593 3815; x_wconf 89' lang='grc' dir='ltr'>ἔχειν</span> <span class='ocrx_word' id='word_1_316' title='bbox 623 3745 768 3815; x_wconf 79' lang='grc' dir='ltr'>ὑμᾶς</span> <span class='ocrx_word' id='word_1_317' title='bbox 801 3744 1223 3815; x_wconf 86' lang='grc' dir='ltr'>ἀποτεταγμένα</span> <span class='ocrx_word' id='word_1_318' title='bbox 1259 3745 1555 3814; x_wconf 80' lang='grc' dir='ltr'>οἰκήματα,</span> <span class='ocrx_word' id='word_1_319' title='bbox 1598 3745 1695 3797; x_wconf 72' lang='grc' dir='ltr'>καὶ</span> <span class='ocrx_word' id='word_1_320' title='bbox 1731 3743 1935 3816; x_wconf 79' lang='grc' dir='ltr'>πολλὴν</span> 
     </span>
    </p>
   </div>
   <div class='ocr_carea' id='block_1_38' title="bbox 243 3830 1930 3902">
    <p class='ocr_par' dir='ltr' id='par_1_38' title="bbox 243 3830 1930 3902">
     <span class='ocr_line' id='line_1_38' title="bbox 243 3830 1930 3902; baseline -0.002 -16"><span class='ocrx_word' id='word_1_321' title='bbox 243 3830 517 3886; x_wconf 79' lang='grc' dir='ltr'>ποιεῖσθαι</span> <span class='ocrx_word' id='word_1_322' title='bbox 558 3831 658 3900; x_wconf 81' lang='grc' dir='ltr'>τὴν</span> <span class='ocrx_word' id='word_1_323' title='bbox 694 3831 1033 3901; x_wconf 88' lang='grc' dir='ltr'>ἐπιμέλειαν,</span> <span class='ocrx_word' id='word_1_324' title='bbox 1078 3831 1174 3885; x_wconf 79' lang='grc' dir='ltr'>καὶ</span> <span class='ocrx_word' id='word_1_325' title='bbox 1209 3831 1386 3886; x_wconf 88' lang='grc' dir='ltr'>πάντα</span> <span class='ocrx_word' id='word_1_326' title='bbox 1421 3831 1687 3902; x_wconf 87' lang='grc' dir='ltr'>παρέχειν</span> <span class='ocrx_word' id='word_1_327' title='bbox 1724 3831 1930 3899; x_wconf 79' lang='grc' dir='ltr'>αὐτοῖς,</span> 
     </span>
    </p>
   </div>
   <div class='ocr_carea' id='block_1_39' title="bbox 243 3917 1928 3990">
    <p class='ocr_par' dir='ltr' id='par_1_39' title="bbox 243 3917 1928 3990">
     <span class='ocr_line' id='line_1_39' title="bbox 243 3917 1928 3990; baseline -0.001 -17"><span class='ocrx_word' id='word_1_328' title='bbox 243 3918 436 3988; x_wconf 78' lang='grc' dir='ltr'>ἐπειδὴ</span> <span class='ocrx_word' id='word_1_329' title='bbox 460 3918 554 3970; x_wconf 82' lang='grc' dir='ltr'>τὸν</span> <span class='ocrx_word' id='word_1_330' title='bbox 578 3919 816 3990; x_wconf 86' lang='grc' dir='ltr'>πόλεμον</span> <span class='ocrx_word' id='word_1_331' title='bbox 843 3920 973 3990; x_wconf 82' lang='grc' dir='ltr'>ὑμῖν</span> <span class='ocrx_word' id='word_1_332' title='bbox 1004 3919 1274 3989; x_wconf 81' lang='grc' dir='ltr'>ἀμύνουσι</span> <span class='ocrx_word' id='word_1_333' title='bbox 1307 3922 1498 3973; x_wconf 79' lang='grc' dir='ltr'>τοῦτον</span> <span class='ocrx_word' id='word_1_334' title='bbox 1520 3919 1612 3971; x_wconf 77' lang='grc' dir='ltr'>τὸν</span> <span class='ocrx_word' id='word_1_335' title='bbox 1638 3917 1896 3990; x_wconf 87' lang='grc' dir='ltr'>αἰσθητόν</span> <span class='ocrx_word' id='word_1_336' title='bbox 1913 3932 1928 3948; x_wconf 90' lang='grc'>·</span> 
     </span>
    </p>
   </div>
   <div class='ocr_carea' id='block_1_40' title="bbox 243 4007 1932 4080">
    <p class='ocr_par' dir='ltr' id='par_1_40' title="bbox 243 4007 1932 4080">
     <span class='ocr_line' id='line_1_40' title="bbox 243 4007 1932 4080; baseline -0.001 -19"><span class='ocrx_word' id='word_1_337' title='bbox 243 4008 375 4070; x_wconf 70' lang='grc' dir='ltr'>τοὺς</span> <span class='ocrx_word' id='word_1_338' title='bbox 415 4007 473 4060; x_wconf 81' lang='grc' dir='ltr'>δὲ</span> <span class='ocrx_word' id='word_1_339' title='bbox 519 4007 704 4072; x_wconf 79' lang='grc' dir='ltr'>ξένους</span> <span class='ocrx_word' id='word_1_340' title='bbox 761 4008 835 4079; x_wconf 82' lang='grc' dir='ltr'>μὴ</span> <span class='ocrx_word' id='word_1_341' title='bbox 871 4008 1015 4078; x_wconf 90' lang='grc' dir='ltr'>ἔχειν</span> <span class='ocrx_word' id='word_1_342' title='bbox 1055 4009 1191 4061; x_wconf 82' lang='grc' dir='ltr'>ὅπου</span> <span class='ocrx_word' id='word_1_343' title='bbox 1242 4007 1654 4078; x_wconf 82' lang='grc' dir='ltr'>καταμείνοιεν;</span> <span class='ocrx_word' id='word_1_344' title='bbox 1690 4007 1932 4080; x_wconf 83' lang='grc' dir='ltr'>Νίκησον</span> 
     </span>
    </p>
   </div>
   <div class='ocr_carea' id='block_1_41' title="bbox 243 4095 1930 4169">
    <p class='ocr_par' dir='ltr' id='par_1_41' title="bbox 243 4095 1930 4169">
     <span class='ocr_line' id='line_1_41' title="bbox 243 4095 1930 4169; baseline 0 -19"><span class='ocrx_word' id='word_1_345' title='bbox 243 4098 348 4166; x_wconf 82' lang='grc' dir='ltr'>τὴν</span> <span class='ocrx_word' id='word_1_346' title='bbox 400 4095 751 4167; x_wconf 86' lang='grc' dir='ltr'>Ἐκκλησίαν.</span> <span class='ocrx_word' id='word_1_347' title='bbox 783 4097 970 4150; x_wconf 86' lang='grc' dir='ltr'>Βούλει</span> <span class='ocrx_word' id='word_1_348' title='bbox 999 4098 1258 4167; x_wconf 82' lang='grc' dir='ltr'>ἐντρέψαι</span> <span class='ocrx_word' id='word_1_349' title='bbox 1281 4098 1461 4169; x_wconf 81' lang='grc' dir='ltr'>ήμᾶς;</span> <span class='ocrx_word' id='word_1_350' title='bbox 1490 4097 1661 4150; x_wconf 89' lang='grc' dir='ltr'>Τοῦτο</span> <span class='ocrx_word' id='word_1_351' title='bbox 1682 4097 1930 4166; x_wconf 74' lang='grc' dir='ltr'>ποίησον·</span> 
     </span>
    </p>
   </div>
   <div class='ocr_carea' id='block_1_42' title="bbox 245 4183 1932 4256">
    <p class='ocr_par' dir='ltr' id='par_1_42' title="bbox 245 4183 1932 4256">
     <span class='ocr_line' id='line_1_42' title="bbox 245 4183 1932 4256; baseline -0.001 -19"><span class='ocrx_word' id='word_1_352' title='bbox 245 4183 562 4256; x_wconf 80' lang='grc' dir='ltr'>ὑπερϐαλοῦ</span> <span class='ocrx_word' id='word_1_353' title='bbox 610 4186 678 4254; x_wconf 78' lang='grc' dir='ltr'>τῇ</span> <span class='ocrx_word' id='word_1_354' title='bbox 736 4183 1051 4255; x_wconf 80' lang='grc' dir='ltr'>φιλοτιμίᾳ·</span> <span class='ocrx_word' id='word_1_355' title='bbox 1102 4184 1192 4254; x_wconf 84' lang='grc' dir='ltr'>ἔχε</span> <span class='ocrx_word' id='word_1_356' title='bbox 1243 4185 1472 4254; x_wconf 85' lang='grc' dir='ltr'>οῖκημα,</span> <span class='ocrx_word' id='word_1_357' title='bbox 1524 4183 1651 4236; x_wconf 84' lang='grc' dir='ltr'>ἔνθα</span> <span class='ocrx_word' id='word_1_358' title='bbox 1699 4183 1932 4254; x_wconf 78' lang='grc' dir='ltr'>Χριστὸς</span> 
     </span>
    </p>
   </div>
   <div class='ocr_carea' id='block_1_43' title="bbox 247 4269 1928 4342">
    <p class='ocr_par' dir='ltr' id='par_1_43' title="bbox 247 4269 1928 4342">
     <span class='ocr_line' id='line_1_43' title="bbox 247 4269 1928 4342; baseline 0.002 -19"><span class='ocrx_word' id='word_1_359' title='bbox 247 4269 644 4342; x_wconf 79' lang='grc' dir='ltr'>παραγίνεται·</span> <span class='ocrx_word' id='word_1_360' title='bbox 696 4271 839 4323; x_wconf 81' lang='grc' dir='ltr'>εἰπέ·</span> <span class='ocrx_word' id='word_1_361' title='bbox 892 4271 1065 4325; x_wconf 90' lang='grc' dir='ltr'>Τοῦτο</span> <span class='ocrx_word' id='word_1_362' title='bbox 1112 4271 1174 4324; x_wconf 81' lang='grc' dir='ltr'>τὸ</span> <span class='ocrx_word' id='word_1_363' title='bbox 1214 4271 1425 4324; x_wconf 89' lang='grc' dir='ltr'>κελλίον</span> <span class='ocrx_word' id='word_1_364' title='bbox 1465 4270 1557 4324; x_wconf 90' lang='grc' dir='ltr'>τοῦ</span> <span class='ocrx_word' id='word_1_365' title='bbox 1586 4270 1860 4341; x_wconf 80' lang='grc' dir='ltr'>Χριστοῦ·</span> <span class='ocrx_word' id='word_1_366' title='bbox 1895 4273 1928 4342; x_wconf 92' lang='grc' dir='ltr'>ή</span> 
     </span>
    </p>
   </div>
   <div class='ocr_carea' id='block_1_44' title="bbox 243 4354 1933 4431">
    <p class='ocr_par' dir='ltr' id='par_1_44' title="bbox 243 4354 1933 4431">
     <span class='ocr_line' id='line_1_44' title="bbox 243 4354 1933 4431; baseline -0.001 -19"><span class='ocrx_word' id='word_1_367' title='bbox 243 4359 393 4412; x_wconf 84' lang='grc' dir='ltr'>οἰκία</span> <span class='ocrx_word' id='word_1_368' title='bbox 419 4358 560 4429; x_wconf 74' lang='grc' dir='ltr'>αὕτη</span> <span class='ocrx_word' id='word_1_369' title='bbox 591 4357 742 4429; x_wconf 81' lang='grc' dir='ltr'>αὑτῷ</span> <span class='ocrx_word' id='word_1_370' title='bbox 769 4358 1101 4431; x_wconf 82' lang='grc' dir='ltr'>ἀφώρισται.</span> <span class='ocrx_word' id='word_1_371' title='bbox 1129 4358 1250 4413; x_wconf 78' lang='grc' dir='ltr'>Κᾶν</span> <span class='ocrx_word' id='word_1_372' title='bbox 1279 4358 1623 4427; x_wconf 86' lang='grc' dir='ltr'>καταγώγιον</span> <span class='ocrx_word' id='word_1_373' title='bbox 1722 4359 1816 4412; x_wconf 76' lang='grc' dir='ltr'>καὶ</span> <span class='ocrx_word' id='word_1_374' title='bbox 1844 4360 1933 4411; x_wconf 70' lang='grc' dir='ltr'>εὐ-</span> 
     </span>
    </p>
   </div>
   <div class='ocr_carea' id='block_1_45' title="bbox 243 4444 1931 4517">
    <p class='ocr_par' dir='ltr' id='par_1_45' title="bbox 243 4444 1931 4517">
     <span class='ocr_line' id='line_1_45' title="bbox 243 4444 1931 4517; baseline 0 -19"><span class='ocrx_word' id='word_1_375' title='bbox 243 4446 418 4510; x_wconf 81' lang='grc' dir='ltr'>τελὲς,</span> <span class='ocrx_word' id='word_1_376' title='bbox 447 4447 548 4500; x_wconf 80' lang='grc' dir='ltr'>οὐκ</span> <span class='ocrx_word' id='word_1_377' title='bbox 577 4446 800 4511; x_wconf 82' lang='grc' dir='ltr'>ἀπαξιοῖ</span> <span class='ocrx_word' id='word_1_378' title='bbox 830 4446 1039 4516; x_wconf 84' lang='grc' dir='ltr'>Γυμνὸς</span> <span class='ocrx_word' id='word_1_379' title='bbox 1066 4446 1158 4498; x_wconf 78' lang='grc' dir='ltr'>καὶ</span> <span class='ocrx_word' id='word_1_380' title='bbox 1181 4444 1331 4510; x_wconf 80' lang='grc' dir='ltr'>ξένος</span> <span class='ocrx_word' id='word_1_381' title='bbox 1349 4446 1377 4498; x_wconf 87' lang='lat'>6</span> <span class='ocrx_word' id='word_1_382' title='bbox 1401 4445 1639 4516; x_wconf 80' lang='grc' dir='ltr'>Χριστὸς</span> <span class='ocrx_word' id='word_1_383' title='bbox 1672 4446 1931 4517; x_wconf 87' lang='grc' dir='ltr'>περίεισι,</span> 
     </span>
    </p>
   </div>
   <div class='ocr_carea' id='block_1_46' title="bbox 248 4532 1934 4605">
    <p class='ocr_par' dir='ltr' id='par_1_46' title="bbox 248 4532 1934 4605">
     <span class='ocr_line' id='line_1_46' title="bbox 248 4532 1934 4605; baseline -0.001 -18"><span class='ocrx_word' id='word_1_384' title='bbox 248 4536 413 4604; x_wconf 89' lang='grc' dir='ltr'>μόνον</span> <span class='ocrx_word' id='word_1_385' title='bbox 443 4534 651 4604; x_wconf 81' lang='grc' dir='ltr'>σκέπης</span> <span class='ocrx_word' id='word_1_386' title='bbox 675 4533 926 4603; x_wconf 90' lang='grc' dir='ltr'>δεόμενος</span> <span class='ocrx_word' id='word_1_387' title='bbox 949 4550 963 4564; x_wconf 92' lang='grc'>·</span> <span class='ocrx_word' id='word_1_388' title='bbox 1005 4532 1110 4587; x_wconf 77' lang='grc' dir='ltr'>κᾶν</span> <span class='ocrx_word' id='word_1_389' title='bbox 1141 4533 1316 4604; x_wconf 82' lang='grc' dir='ltr'>τούτῳ</span> <span class='ocrx_word' id='word_1_390' title='bbox 1354 4534 1563 4604; x_wconf 82' lang='grc' dir='ltr'>πάρεχε</span> <span class='ocrx_word' id='word_1_391' title='bbox 1589 4537 1614 4576; x_wconf 81' lang='lat' dir='ltr'>b</span> <span class='ocrx_word' id='word_1_392' title='bbox 1636 4551 1649 4564; x_wconf 82' lang='lat'><strong><em>°</em></strong></span> <span class='ocrx_word' id='word_1_393' title='bbox 1686 4533 1760 4605; x_wconf 80' lang='grc' dir='ltr'>μὴ</span> <span class='ocrx_word' id='word_1_394' title='bbox 1783 4533 1934 4603; x_wconf 77' lang='grc' dir='ltr'>ὠμὸς</span> 
     </span>
    </p>
   </div>
   <div class='ocr_carea' id='block_1_47' title="bbox 244 4619 1934 4692">
    <p class='ocr_par' dir='ltr' id='par_1_47' title="bbox 244 4619 1934 4692">
     <span class='ocr_line' id='line_1_47' title="bbox 244 4619 1934 4692; baseline 0.001 -19"><span class='ocrx_word' id='word_1_395' title='bbox 244 4620 341 4674; x_wconf 77' lang='grc' dir='ltr'>ισο</span> <span class='ocrx_word' id='word_1_396' title='bbox 373 4619 506 4691; x_wconf 86' lang='grc' dir='ltr'>μηδέ</span> <span class='ocrx_word' id='word_1_397' title='bbox 539 4619 928 4692; x_wconf 77' lang='grc' dir='ltr'>ἀπάνθρωπος,</span> <span class='ocrx_word' id='word_1_398' title='bbox 966 4620 1100 4691; x_wconf 80' lang='grc' dir='ltr'>μηδὲ</span> <span class='ocrx_word' id='word_1_399' title='bbox 1124 4621 1184 4673; x_wconf 85' lang='grc' dir='ltr'>ἐν</span> <span class='ocrx_word' id='word_1_400' title='bbox 1219 4620 1318 4691; x_wconf 75' lang='grc' dir='ltr'>μὲν</span> <span class='ocrx_word' id='word_1_401' title='bbox 1343 4623 1455 4684; x_wconf 88' lang='grc' dir='ltr'>τοῖς</span> <span class='ocrx_word' id='word_1_402' title='bbox 1487 4622 1764 4690; x_wconf 78' lang='grc' dir='ltr'>βιωτικοῖς</span> <span class='ocrx_word' id='word_1_403' title='bbox 1788 4620 1934 4676; x_wconf 82' lang='grc' dir='ltr'>οὕτω</span> 
     </span>
    </p>
   </div>
   <div class='ocr_carea' id='block_1_48' title="bbox 245 4707 1932 4780">
    <p class='ocr_par' dir='ltr' id='par_1_48' title="bbox 245 4707 1932 4780">
     <span class='ocr_line' id='line_1_48' title="bbox 245 4707 1932 4780; baseline 0.001 -18"><span class='ocrx_word' id='word_1_404' title='bbox 245 4707 478 4780; x_wconf 70' lang='grc' dir='ltr'>σφοδρὸς</span> <span class='ocrx_word' id='word_1_405' title='bbox 507 4709 622 4771; x_wconf 82' lang='grc' dir='ltr'>ἔσο,</span> <span class='ocrx_word' id='word_1_406' title='bbox 649 4710 707 4762; x_wconf 91' lang='grc' dir='ltr'>ἐν</span> <span class='ocrx_word' id='word_1_407' title='bbox 733 4709 790 4762; x_wconf 84' lang='grc' dir='ltr'>δὲ</span> <span class='ocrx_word' id='word_1_408' title='bbox 815 4713 927 4772; x_wconf 88' lang='grc' dir='ltr'>τοῖς</span> <span class='ocrx_word' id='word_1_409' title='bbox 955 4710 1349 4779; x_wconf 83' lang='grc' dir='ltr'>πνευματικοῖς</span> <span class='ocrx_word' id='word_1_410' title='bbox 1368 4709 1595 4779; x_wconf 76' lang='grc' dir='ltr'>ψυχρός.</span> <span class='ocrx_word' id='word_1_411' title='bbox 1629 4710 1808 4763; x_wconf 79' lang='grc' dir='ltr'>Ἔστω</span> <span class='ocrx_word' id='word_1_412' title='bbox 1837 4711 1932 4763; x_wconf 74' lang='grc' dir='ltr'>καὶ</span> 
     </span>
    </p>
   </div>
   <div class='ocr_carea' id='block_1_49' title="bbox 243 4795 1932 4867">
    <p class='ocr_par' dir='ltr' id='par_1_49' title="bbox 243 4795 1932 4867">
     <span class='ocr_line' id='line_1_49' title="bbox 243 4795 1932 4867; baseline 0 -17"><span class='ocrx_word' id='word_1_413' title='bbox 243 4798 359 4852; x_wconf 83' lang='grc' dir='ltr'>τῶν</span> <span class='ocrx_word' id='word_1_414' title='bbox 396 4795 626 4850; x_wconf 84' lang='grc' dir='ltr'>οἰκετῶν</span> <span class='ocrx_word' id='word_1_415' title='bbox 679 4799 708 4850; x_wconf 92' lang='lat'>6</span> <span class='ocrx_word' id='word_1_416' title='bbox 742 4797 1062 4867; x_wconf 85' lang='grc' dir='ltr'>πιστότερος</span> <span class='ocrx_word' id='word_1_417' title='bbox 1103 4796 1260 4850; x_wconf 90' lang='grc' dir='ltr'>τοῦτο</span> <span class='ocrx_word' id='word_1_418' title='bbox 1295 4796 1796 4866; x_wconf 74' lang='grc' dir='ltr'>ἐγκεχειρισμένος,</span> <span class='ocrx_word' id='word_1_419' title='bbox 1839 4797 1932 4850; x_wconf 74' lang='grc' dir='ltr'>καὶ</span> 
     </span>
    </p>
   </div>
   <div class='ocr_carea' id='block_1_50' title="bbox 245 4883 1927 4954">
    <p class='ocr_par' dir='ltr' id='par_1_50' title="bbox 245 4883 1927 4954">
     <span class='ocr_line' id='line_1_50' title="bbox 245 4883 1927 4954; baseline 0.001 -18"><span class='ocrx_word' id='word_1_420' title='bbox 245 4884 376 4946; x_wconf 84' lang='grc' dir='ltr'>τοὺς</span> <span class='ocrx_word' id='word_1_421' title='bbox 395 4884 732 4953; x_wconf 87' lang='grc' dir='ltr'>ἀναπήρους,</span> <span class='ocrx_word' id='word_1_422' title='bbox 758 4883 885 4947; x_wconf 80' lang='grc' dir='ltr'>τοῦς</span> <span class='ocrx_word' id='word_1_423' title='bbox 912 4885 1181 4954; x_wconf 83' lang='grc' dir='ltr'>πτωχοὺς,</span> <span class='ocrx_word' id='word_1_424' title='bbox 1204 4883 1328 4946; x_wconf 81' lang='grc' dir='ltr'>τοὺς</span> <span class='ocrx_word' id='word_1_425' title='bbox 1353 4884 1614 4951; x_wconf 81' lang='grc' dir='ltr'>άστέγους</span> <span class='ocrx_word' id='word_1_426' title='bbox 1639 4883 1927 4950; x_wconf 83' lang='grc' dir='ltr'>εἰσαγέτω.</span> 
     </span>
    </p>
   </div>
   <div class='ocr_carea' id='block_1_51' title="bbox 245 4971 1930 5043">
    <p class='ocr_par' dir='ltr' id='par_1_51' title="bbox 245 4971 1930 5043">
     <span class='ocr_line' id='line_1_51' title="bbox 245 4971 1930 5043; baseline 0.004 -16"><span class='ocrx_word' id='word_1_427' title='bbox 245 4971 436 5028; x_wconf 85' lang='grc' dir='ltr'>Ταῦτα</span> <span class='ocrx_word' id='word_1_428' title='bbox 458 4972 604 5040; x_wconf 82' lang='grc' dir='ltr'>λέγω</span> <span class='ocrx_word' id='word_1_429' title='bbox 629 4971 764 5042; x_wconf 81' lang='grc' dir='ltr'>πρὸς</span> <span class='ocrx_word' id='word_1_430' title='bbox 791 4973 1081 5043; x_wconf 81' lang='grc' dir='ltr'>ἐντροπήν.</span> <span class='ocrx_word' id='word_1_431' title='bbox 1117 4971 1263 5025; x_wconf 83' lang='grc' dir='ltr'>Ἔδει</span> <span class='ocrx_word' id='word_1_432' title='bbox 1298 4973 1398 5040; x_wconf 85' lang='grc' dir='ltr'>μὲν</span> <span class='ocrx_word' id='word_1_433' title='bbox 1427 4971 1537 5040; x_wconf 83' lang='grc' dir='ltr'>γὰρ</span> <span class='ocrx_word' id='word_1_434' title='bbox 1561 4971 1674 5024; x_wconf 82' lang='grc' dir='ltr'>ἀνω</span> <span class='ocrx_word' id='word_1_435' title='bbox 1705 4972 1798 5024; x_wconf 80' lang='grc' dir='ltr'>ἐπὶ</span> <span class='ocrx_word' id='word_1_436' title='bbox 1827 4971 1930 5041; x_wconf 82' lang='grc' dir='ltr'>τῆς</span> 
     </span>
    </p>
   </div>
   <div class='ocr_carea' id='block_1_52' title="bbox 243 5053 1928 5133">
    <p class='ocr_par' dir='ltr' id='par_1_52' title="bbox 243 5053 1928 5133">
     <span class='ocr_line' id='line_1_52' title="bbox 243 5053 1928 5133; baseline -0.001 -17"><span class='ocrx_word' id='word_1_437' title='bbox 243 5064 424 5128; x_wconf 80' lang='grc' dir='ltr'>οἰκίας</span> <span class='ocrx_word' id='word_1_438' title='bbox 447 5063 642 5125; x_wconf 78' lang='grc' dir='ltr'>αὐτοὺς</span> <span class='ocrx_word' id='word_1_439' title='bbox 663 5062 939 5132; x_wconf 73' lang='grc' dir='ltr'>δέχεσθαι·</span> <span class='ocrx_word' id='word_1_440' title='bbox 970 5065 1018 5114; x_wconf 89' lang='grc' dir='ltr'>εἰ</span> <span class='ocrx_word' id='word_1_441' title='bbox 1047 5062 1103 5116; x_wconf 82' lang='grc' dir='ltr'>δὲ</span> <span class='ocrx_word' id='word_1_442' title='bbox 1147 5062 1223 5133; x_wconf 84' lang='grc' dir='ltr'>μὴ</span> <span class='ocrx_word' id='word_1_443' title='bbox 1257 5053 1457 5132; x_wconf 84' lang='grc' dir='ltr'>βούλει,</span> <span class='ocrx_word' id='word_1_444' title='bbox 1489 5063 1594 5115; x_wconf 77' lang='grc' dir='ltr'>κᾶν</span> <span class='ocrx_word' id='word_1_445' title='bbox 1618 5062 1790 5127; x_wconf 88' lang='grc' dir='ltr'>κάτω,</span> <span class='ocrx_word' id='word_1_446' title='bbox 1824 5064 1928 5116; x_wconf 83' lang='grc' dir='ltr'>κᾶν</span> 
     </span>
    </p>
   </div>
   <div class='ocr_carea' id='block_1_53' title="bbox 244 5148 1925 5221">
    <p class='ocr_par' dir='ltr' id='par_1_53' title="bbox 244 5148 1925 5221">
     <span class='ocr_line' id='line_1_53' title="bbox 244 5148 1925 5221; baseline -0.001 -15"><span class='ocrx_word' id='word_1_447' title='bbox 244 5151 377 5206; x_wconf 74' lang='grc' dir='ltr'>ἔνθα</span> <span class='ocrx_word' id='word_1_448' title='bbox 398 5151 455 5204; x_wconf 89' lang='grc' dir='ltr'>αἰ</span> <span class='ocrx_word' id='word_1_449' title='bbox 483 5149 722 5221; x_wconf 87' lang='grc' dir='ltr'>ήμίονοι,</span> <span class='ocrx_word' id='word_1_450' title='bbox 752 5148 853 5202; x_wconf 72' lang='grc' dir='ltr'>κᾶν</span> <span class='ocrx_word' id='word_1_451' title='bbox 879 5149 1007 5203; x_wconf 78' lang='grc' dir='ltr'>ἔνθα</span> <span class='ocrx_word' id='word_1_452' title='bbox 1035 5151 1082 5202; x_wconf 91' lang='grc' dir='ltr'>οἰ</span> <span class='ocrx_word' id='word_1_453' title='bbox 1110 5149 1338 5209; x_wconf 84' lang='grc' dir='ltr'>οἰκέται,</span> <span class='ocrx_word' id='word_1_454' title='bbox 1371 5149 1518 5213; x_wconf 76' lang='grc' dir='ltr'>δέξαι</span> <span class='ocrx_word' id='word_1_455' title='bbox 1550 5149 1640 5201; x_wconf 75' lang='grc' dir='ltr'>τὸν</span> <span class='ocrx_word' id='word_1_456' title='bbox 1671 5150 1925 5220; x_wconf 85' lang='grc' dir='ltr'>Χριστόν.</span> 
     </span>
    </p>
   </div>
   <div class='ocr_carea' id='block_1_54' title="bbox 243 5233 1928 5310">
    <p class='ocr_par' dir='ltr' id='par_1_54' title="bbox 243 5233 1928 5310">
     <span class='ocr_line' id='line_1_54' title="bbox 243 5233 1928 5310; baseline -0.001 -18"><span class='ocrx_word' id='word_1_457' title='bbox 243 5239 404 5310; x_wconf 83' lang='grc' dir='ltr'>Τάχα</span> <span class='ocrx_word' id='word_1_458' title='bbox 445 5239 696 5309; x_wconf 82' lang='grc' dir='ltr'>φρίττετε</span> <span class='ocrx_word' id='word_1_459' title='bbox 748 5238 1058 5300; x_wconf 72' lang='grc' dir='ltr'>ἀκούοντες.</span> <span class='ocrx_word' id='word_1_460' title='bbox 1118 5237 1183 5289; x_wconf 90' lang='grc' dir='ltr'>Τί</span> <span class='ocrx_word' id='word_1_461' title='bbox 1235 5233 1349 5302; x_wconf 77' lang='grc' dir='ltr'>οὖν,</span> <span class='ocrx_word' id='word_1_462' title='bbox 1388 5239 1515 5290; x_wconf 78' lang='grc' dir='ltr'>ὅταν</span> <span class='ocrx_word' id='word_1_463' title='bbox 1566 5236 1700 5306; x_wconf 85' lang='grc' dir='ltr'>μηδέ</span> <span class='ocrx_word' id='word_1_464' title='bbox 1752 5237 1928 5290; x_wconf 89' lang='grc' dir='ltr'>ταῦτα</span> 
     </span>
    </p>
   </div>
   <div class='ocr_carea' id='block_1_55' title="bbox 245 5324 1928 5396">
    <p class='ocr_par' dir='ltr' id='par_1_55' title="bbox 245 5324 1928 5396">
     <span class='ocr_line' id='line_1_55' title="bbox 245 5324 1928 5396; baseline -0.002 -17"><span class='ocrx_word' id='word_1_465' title='bbox 245 5325 474 5394; x_wconf 67' lang='grc' dir='ltr'>ποιῆτες</span> <span class='ocrx_word' id='word_1_466' title='bbox 532 5325 663 5379; x_wconf 71' lang='grc' dir='ltr'>’ῐδοῦ</span> <span class='ocrx_word' id='word_1_467' title='bbox 695 5324 969 5396; x_wconf 81' lang='grc' dir='ltr'>παραινῶ,</span> <span class='ocrx_word' id='word_1_468' title='bbox 1011 5324 1120 5378; x_wconf 79' lang='grc' dir='ltr'>ἰδοὺ</span> <span class='ocrx_word' id='word_1_469' title='bbox 1167 5325 1344 5393; x_wconf 87' lang='grc' dir='ltr'>λέγω·</span> <span class='ocrx_word' id='word_1_470' title='bbox 1378 5325 1559 5378; x_wconf 87' lang='grc' dir='ltr'>Ἔστω</span> <span class='ocrx_word' id='word_1_471' title='bbox 1603 5325 1732 5394; x_wconf 84' lang='grc' dir='ltr'>ὑμῖν</span> <span class='ocrx_word' id='word_1_472' title='bbox 1769 5324 1928 5377; x_wconf 91' lang='grc' dir='ltr'>τοῦτο</span> 
     </span>
    </p>
   </div>
   <div class='ocr_carea' id='block_1_56' title="bbox 245 5414 1927 5486">
    <p class='ocr_par' dir='ltr' id='par_1_56' title="bbox 245 5414 1927 5486">
     <span class='ocr_line' id='line_1_56' title="bbox 245 5414 1927 5486; baseline 0 -17"><span class='ocrx_word' id='word_1_473' title='bbox 245 5415 732 5486; x_wconf 80' lang='grc' dir='ltr'>περισπούδαστον.</span> <span class='ocrx_word' id='word_1_474' title='bbox 806 5415 947 5468; x_wconf 82' lang='grc' dir='ltr'>Ἀλλ’</span> <span class='ocrx_word' id='word_1_475' title='bbox 999 5416 1060 5468; x_wconf 86' lang='grc' dir='ltr'>οὐ</span> <span class='ocrx_word' id='word_1_476' title='bbox 1127 5414 1383 5485; x_wconf 86' lang='grc' dir='ltr'>βούλεσθε</span> <span class='ocrx_word' id='word_1_477' title='bbox 1450 5414 1656 5480; x_wconf 79' lang='grc' dir='ltr'>οῦτως;</span> <span class='ocrx_word' id='word_1_478' title='bbox 1716 5415 1927 5469; x_wconf 77' lang='grc' dir='ltr'>Οὐκοῦν</span> 
     </span>
    </p>
   </div>
   <div class='ocr_carea' id='block_1_57' title="bbox 306 5551 1898 5630">
    <p class='ocr_par' dir='ltr' id='par_1_57' title="bbox 306 5551 1898 5630">
     <span class='ocr_line' id='line_1_57' title="bbox 306 5551 1898 5630; baseline -0.016 -10"><span class='ocrx_word' id='word_1_479' title='bbox 306 5551 580 5630; x_wconf 58' lang='grc' dir='ltr'>πουίάδπιιο</span> <span class='ocrx_word' id='word_1_480' title='bbox 616 5552 768 5626; x_wconf 74' lang='grc' dir='ltr'>χαρὰν</span> <span class='ocrx_word' id='word_1_481' title='bbox 787 5552 1027 5630; x_wconf 61' lang='grc' dir='ltr'>ἀλεγξῖται</span> <span class='ocrx_word' id='word_1_482' title='bbox 1050 5553 1428 5630; x_wconf 29' lang='grc' dir='ltr'>καὶίάπέρχεται,</span> <span class='ocrx_word' id='word_1_483' title='bbox 1451 5553 1532 5600; x_wconf 80' lang='grc' dir='ltr'>καὶ</span> <span class='ocrx_word' id='word_1_484' title='bbox 1557 5552 1716 5626; x_wconf 81' lang='grc' dir='ltr'>χεῖρον</span> <span class='ocrx_word' id='word_1_485' title='bbox 1736 5553 1898 5613; x_wconf 74' lang='grc' dir='ltr'>γέγονε</span> 
     </span>
    </p>
   </div>
   <div class='ocr_carea' id='block_1_58' title="bbox 243 5609 1703 5677">
    <p class='ocr_par' dir='ltr' id='par_1_58' title="bbox 243 5609 1703 5677">
     <span class='ocr_line' id='line_1_58' title="bbox 243 5609 1703 5677; baseline -0.001 -13"><span class='ocrx_word' id='word_1_486' title='bbox 243 5609 275 5651; x_wconf 67' lang='grc' dir='ltr'>δ</span> <span class='ocrx_word' id='word_1_487' title='bbox 301 5609 441 5664; x_wconf 71' lang='lat' dir='ltr'>Unils</span> <span class='ocrx_word' id='word_1_488' title='bbox 463 5614 594 5665; x_wconf 88' lang='lat' dir='ltr'>cod..</span> <span class='ocrx_word' id='word_1_489' title='bbox 617 5609 801 5670; x_wconf 68' lang='grc' dir='ltr'>σκίπης</span> <span class='ocrx_word' id='word_1_490' title='bbox 848 5609 995 5663; x_wconf 78' lang='grc' dir='ltr'>δεῖται</span> <span class='ocrx_word' id='word_1_491' title='bbox 1029 5615 1183 5670; x_wconf 79' lang='grc' dir='ltr'>αὐτός’</span> <span class='ocrx_word' id='word_1_492' title='bbox 1209 5609 1304 5664; x_wconf 58' lang='grc' dir='ltr'>κάς</span> <span class='ocrx_word' id='word_1_493' title='bbox 1319 5609 1462 5664; x_wconf 77' lang='grc' dir='ltr'>τοῦτο</span> <span class='ocrx_word' id='word_1_494' title='bbox 1509 5609 1703 5677; x_wconf 77' lang='grc' dir='ltr'>πάρεχε.</span> 
     </span>
    </p>
   </div>
   <div class='ocr_carea' id='block_1_59' title="bbox 1415 459 2768 520">
    <p class='ocr_par' dir='ltr' id='par_1_59' title="bbox 1415 459 2768 520">
     <span class='ocr_line' id='line_1_59' title="bbox 1415 459 2768 520; baseline 0.001 -1"><span class='ocrx_word' id='word_1_495' title='bbox 1415 463 1484 519; x_wconf 79' lang='lat' dir='ltr'>IN</span> <span class='ocrx_word' id='word_1_496' title='bbox 1523 461 1705 520; x_wconf 72' lang='lat' dir='ltr'>ACTA</span> <span class='ocrx_word' id='word_1_497' title='bbox 1745 459 2294 519; x_wconf 72' lang='lat' dir='ltr'>APOSTOLORUM.</span> <span class='ocrx_word' id='word_1_498' title='bbox 2325 459 2564 520; x_wconf 75' lang='lat' dir='ltr'>HOMIL.</span> <span class='ocrx_word' id='word_1_499' title='bbox 2605 463 2768 520; x_wconf 76' lang='lat' dir='ltr'>XLV.</span> 
     </span>
    </p>
   </div>
   <div class='ocr_carea' id='block_1_60' title="bbox 3632 468 3740 524">
    <p class='ocr_par' dir='ltr' id='par_1_60' title="bbox 3632 468 3740 524">
     <span class='ocr_line' id='line_1_60' title="bbox 3632 468 3740 524; baseline 0.009 -1"><span class='ocrx_word' id='word_1_500' title='bbox 3632 468 3740 524; x_wconf 77' lang='lat'>320</span> 
     </span>
    </p>
   </div>
   <div class='ocr_carea' id='block_1_61' title="bbox 2051 580 3732 657">
    <p class='ocr_par' dir='ltr' id='par_1_61' title="bbox 2051 580 3732 657">
     <span class='ocr_line' id='line_1_61' title="bbox 2051 580 3732 657; baseline 0.005 -26"><span class='ocrx_word' id='word_1_501' title='bbox 2051 580 2254 651; x_wconf 70' lang='grc' dir='ltr'>ἑτέρως</span> <span class='ocrx_word' id='word_1_502' title='bbox 2298 582 2583 651; x_wconf 76' lang='grc' dir='ltr'>ποιήσατε.</span> <span class='ocrx_word' id='word_1_503' title='bbox 2638 580 2763 634; x_wconf 54' lang='grc' dir='ltr'>Καὶ</span> <span class='ocrx_word' id='word_1_504' title='bbox 2808 580 2995 635; x_wconf 77' lang='grc' dir='ltr'>πολλοὶ</span> <span class='ocrx_word' id='word_1_505' title='bbox 3046 581 3280 654; x_wconf 81' lang='grc' dir='ltr'>πένητες</span> <span class='ocrx_word' id='word_1_506' title='bbox 3328 582 3424 638; x_wconf 80' lang='grc' dir='ltr'>καὶ</span> <span class='ocrx_word' id='word_1_507' title='bbox 3451 586 3732 657; x_wconf 78' lang='grc' dir='ltr'>πενιχροί·</span> 
     </span>
    </p>
   </div>
   <div class='ocr_carea' id='block_1_62' title="bbox 2048 666 3745 742">
    <p class='ocr_par' dir='ltr' id='par_1_62' title="bbox 2048 666 3745 742">
     <span class='ocr_line' id='line_1_62' title="bbox 2048 666 3745 742; baseline 0.005 -22"><span class='ocrx_word' id='word_1_508' title='bbox 2048 666 2350 738; x_wconf 84' lang='grc' dir='ltr'>ἀφορίσατε</span> <span class='ocrx_word' id='word_1_509' title='bbox 2395 669 2462 722; x_wconf 85' lang='grc' dir='ltr'>δι’</span> <span class='ocrx_word' id='word_1_510' title='bbox 2509 669 2634 723; x_wconf 78' lang='grc' dir='ltr'>ὅλου</span> <span class='ocrx_word' id='word_1_511' title='bbox 2670 668 2854 739; x_wconf 77' lang='grc' dir='ltr'>μένειν</span> <span class='ocrx_word' id='word_1_512' title='bbox 2896 670 3016 722; x_wconf 86' lang='grc' dir='ltr'>ἐκεῖ</span> <span class='ocrx_word' id='word_1_513' title='bbox 3051 687 3192 724; x_wconf 91' lang='grc' dir='ltr'>τινα·</span> <span class='ocrx_word' id='word_1_514' title='bbox 3250 670 3395 725; x_wconf 80' lang='grc' dir='ltr'>ἔστω</span> <span class='ocrx_word' id='word_1_515' title='bbox 3426 671 3530 726; x_wconf 76' lang='grc' dir='ltr'>κᾶν</span> <span class='ocrx_word' id='word_1_516' title='bbox 3566 670 3745 742; x_wconf 79' lang='grc' dir='ltr'>φύλαξ</span> 
     </span>
    </p>
   </div>
   <div class='ocr_carea' id='block_1_63' title="bbox 2049 754 3741 833">
    <p class='ocr_par' dir='ltr' id='par_1_63' title="bbox 2049 754 3741 833">
     <span class='ocr_line' id='line_1_63' title="bbox 2049 754 3741 833; baseline 0.004 -27"><span class='ocrx_word' id='word_1_517' title='bbox 2049 754 2150 825; x_wconf 83' lang='grc' dir='ltr'>τῆς</span> <span class='ocrx_word' id='word_1_518' title='bbox 2179 755 2357 819; x_wconf 81' lang='grc' dir='ltr'>οἰκίας</span> <span class='ocrx_word' id='word_1_519' title='bbox 2381 756 2410 808; x_wconf 90' lang='lat'>6</span> <span class='ocrx_word' id='word_1_520' title='bbox 2440 757 2643 827; x_wconf 80' lang='grc' dir='ltr'>πένης·</span> <span class='ocrx_word' id='word_1_521' title='bbox 2686 755 2830 810; x_wconf 88' lang='grc' dir='ltr'>ἔστω</span> <span class='ocrx_word' id='word_1_522' title='bbox 2861 774 2944 810; x_wconf 91' lang='grc' dir='ltr'>σοι</span> <span class='ocrx_word' id='word_1_523' title='bbox 2982 757 3182 829; x_wconf 88' lang='grc' dir='ltr'>τειχίον</span> <span class='ocrx_word' id='word_1_524' title='bbox 3219 760 3316 813; x_wconf 72' lang='grc' dir='ltr'>καὶ</span> <span class='ocrx_word' id='word_1_525' title='bbox 3353 761 3741 833; x_wconf 82' lang='grc' dir='ltr'>περίφραγμα,</span> 
     </span>
    </p>
   </div>
   <div class='ocr_carea' id='block_1_64' title="bbox 2049 841 3743 918">
    <p class='ocr_par' dir='ltr' id='par_1_64' title="bbox 2049 841 3743 918">
     <span class='ocr_line' id='line_1_64' title="bbox 2049 841 3743 918; baseline 0.005 -25"><span class='ocrx_word' id='word_1_526' title='bbox 2049 841 2216 905; x_wconf 75' lang='grc' dir='ltr'>ἀσπὶς</span> <span class='ocrx_word' id='word_1_527' title='bbox 2235 842 2330 896; x_wconf 86' lang='grc' dir='ltr'>καὶ</span> <span class='ocrx_word' id='word_1_528' title='bbox 2355 843 2506 914; x_wconf 91' lang='grc' dir='ltr'>δόρυ.</span> <span class='ocrx_word' id='word_1_529' title='bbox 2543 842 2715 898; x_wconf 84' lang='grc' dir='ltr'>Ἔνθα</span> <span class='ocrx_word' id='word_1_530' title='bbox 2741 843 3106 916; x_wconf 87' lang='grc' dir='ltr'>ἐλεημοσύνη,</span> <span class='ocrx_word' id='word_1_531' title='bbox 3133 846 3194 899; x_wconf 82' lang='grc' dir='ltr'>οὐ</span> <span class='ocrx_word' id='word_1_532' title='bbox 3218 845 3396 918; x_wconf 81' lang='grc' dir='ltr'>τολμᾷ</span> <span class='ocrx_word' id='word_1_533' title='bbox 3420 847 3743 918; x_wconf 73' lang='grc' dir='ltr'>προσελθεῖν</span> 
     </span>
    </p>
   </div>
   <div class='ocr_carea' id='block_1_65' title="bbox 2047 929 3742 1009">
    <p class='ocr_par' dir='ltr' id='par_1_65' title="bbox 2047 929 3742 1009">
     <span class='ocr_line' id='line_1_65' title="bbox 2047 929 3742 1009; baseline 0.005 -27"><span class='ocrx_word' id='word_1_534' title='bbox 2047 929 2078 982; x_wconf 88' lang='lat'>6</span> <span class='ocrx_word' id='word_1_535' title='bbox 2106 929 2372 996; x_wconf 78' lang='grc' dir='ltr'>διάϐολος,</span> <span class='ocrx_word' id='word_1_536' title='bbox 2406 933 2530 986; x_wconf 81' lang='grc' dir='ltr'>οὑδέ</span> <span class='ocrx_word' id='word_1_537' title='bbox 2557 932 2688 988; x_wconf 84' lang='grc' dir='ltr'>ἀλλο</span> <span class='ocrx_word' id='word_1_538' title='bbox 2722 951 2774 987; x_wconf 93' lang='grc' dir='ltr'>τι</span> <span class='ocrx_word' id='word_1_539' title='bbox 2804 932 2912 987; x_wconf 91' lang='grc' dir='ltr'>τῶν</span> <span class='ocrx_word' id='word_1_540' title='bbox 2945 934 3150 989; x_wconf 72' lang='grc' dir='ltr'>δεινῶν.</span> <span class='ocrx_word' id='word_1_541' title='bbox 3185 935 3276 1007; x_wconf 80' lang='grc' dir='ltr'>Μή</span> <span class='ocrx_word' id='word_1_542' title='bbox 3309 936 3375 1008; x_wconf 80' lang='grc' dir='ltr'>δὴ</span> <span class='ocrx_word' id='word_1_543' title='bbox 3404 936 3742 1009; x_wconf 88' lang='grc' dir='ltr'>περιίδωμεν</span> 
     </span>
    </p>
   </div>
   <div class='ocr_carea' id='block_1_66' title="bbox 2047 1019 3741 1096">
    <p class='ocr_par' dir='ltr' id='par_1_66' title="bbox 2047 1019 3741 1096">
     <span class='ocr_line' id='line_1_66' title="bbox 2047 1019 3741 1096; baseline 0.005 -23"><span class='ocrx_word' id='word_1_544' title='bbox 2047 1019 2299 1074; x_wconf 83' lang='grc' dir='ltr'>τοσοῦτον</span> <span class='ocrx_word' id='word_1_545' title='bbox 2331 1021 2543 1094; x_wconf 78' lang='grc' dir='ltr'>κέρδος.</span> <span class='ocrx_word' id='word_1_546' title='bbox 2589 1021 2704 1076; x_wconf 88' lang='grc' dir='ltr'>Νῦν</span> <span class='ocrx_word' id='word_1_547' title='bbox 2734 1022 2791 1075; x_wconf 89' lang='grc' dir='ltr'>δέ</span> <span class='ocrx_word' id='word_1_548' title='bbox 2829 1023 3110 1094; x_wconf 83' lang='grc' dir='ltr'>ὀχήματος</span> <span class='ocrx_word' id='word_1_549' title='bbox 3143 1025 3243 1093; x_wconf 80' lang='grc' dir='ltr'>μὲν</span> <span class='ocrx_word' id='word_1_550' title='bbox 3271 1024 3437 1089; x_wconf 86' lang='grc' dir='ltr'>τόπος</span> <span class='ocrx_word' id='word_1_551' title='bbox 3460 1025 3612 1080; x_wconf 80' lang='grc' dir='ltr'>ἐστὶν</span> <span class='ocrx_word' id='word_1_552' title='bbox 3634 1029 3741 1096; x_wconf 89' lang='grc' dir='ltr'>ἀφ-</span> 
     </span>
    </p>
   </div>
   <div class='ocr_carea' id='block_1_67' title="bbox 2045 1107 3742 1185">
    <p class='ocr_par' dir='ltr' id='par_1_67' title="bbox 2045 1107 3742 1185">
     <span class='ocr_line' id='line_1_67' title="bbox 2045 1107 3742 1185; baseline 0.004 -25"><span class='ocrx_word' id='word_1_553' title='bbox 2045 1107 2371 1179; x_wconf 90' lang='grc' dir='ltr'>ωρισμένος,</span> <span class='ocrx_word' id='word_1_554' title='bbox 2398 1109 2495 1162; x_wconf 77' lang='grc' dir='ltr'>καὶ</span> <span class='ocrx_word' id='word_1_555' title='bbox 2527 1108 2866 1181; x_wconf 75' lang='grc' dir='ltr'>βαπερνίοις</span> <span class='ocrx_word' id='word_1_556' title='bbox 2899 1110 3119 1182; x_wconf 72' lang='grc' dir='ltr'>ἔτερος·</span> <span class='ocrx_word' id='word_1_557' title='bbox 3159 1111 3238 1182; x_wconf 84' lang='grc' dir='ltr'>τῷ</span> <span class='ocrx_word' id='word_1_558' title='bbox 3270 1112 3328 1165; x_wconf 86' lang='grc' dir='ltr'>δέ</span> <span class='ocrx_word' id='word_1_559' title='bbox 3353 1113 3576 1185; x_wconf 82' lang='grc' dir='ltr'>Χριστῷ</span> <span class='ocrx_word' id='word_1_560' title='bbox 3605 1113 3742 1167; x_wconf 78' lang='grc' dir='ltr'>πλαο</span> 
     </span>
    </p>
   </div>
   <div class='ocr_carea' id='block_1_68' title="bbox 2047 1193 3741 1273">
    <p class='ocr_par' dir='ltr' id='par_1_68' title="bbox 2047 1193 3741 1273">
     <span class='ocr_line' id='line_1_68' title="bbox 2047 1193 3741 1273; baseline 0.004 -24"><span class='ocrx_word' id='word_1_561' title='bbox 2047 1197 2275 1268; x_wconf 86' lang='grc' dir='ltr'>νωμένῳ</span> <span class='ocrx_word' id='word_1_562' title='bbox 2315 1197 2436 1251; x_wconf 77' lang='grc' dir='ltr'>οὐδὲ</span> <span class='ocrx_word' id='word_1_563' title='bbox 2470 1193 2570 1261; x_wconf 79' lang='grc' dir='ltr'>εἷς.</span> <span class='ocrx_word' id='word_1_564' title='bbox 2630 1199 2690 1252; x_wconf 87' lang='grc' dir='ltr'>Ὀ</span> <span class='ocrx_word' id='word_1_565' title='bbox 2750 1198 3006 1271; x_wconf 75' lang='grc' dir='ltr'>Ἀϐραάμ</span> <span class='ocrx_word' id='word_1_566' title='bbox 3037 1199 3170 1254; x_wconf 91' lang='grc' dir='ltr'>ἔνθα</span> <span class='ocrx_word' id='word_1_567' title='bbox 3221 1201 3386 1266; x_wconf 82' lang='grc' dir='ltr'>αὐτὸς</span> <span class='ocrx_word' id='word_1_568' title='bbox 3406 1202 3574 1273; x_wconf 69' lang='grc' dir='ltr'>ἔμενε</span> <span class='ocrx_word' id='word_1_569' title='bbox 3612 1205 3741 1268; x_wconf 82' lang='grc' dir='ltr'>τοὺς</span> 
     </span>
    </p>
   </div>
   <div class='ocr_carea' id='block_1_69' title="bbox 2048 1282 3741 1360">
    <p class='ocr_par' dir='ltr' id='par_1_69' title="bbox 2048 1282 3741 1360">
     <span class='ocr_line' id='line_1_69' title="bbox 2048 1282 3741 1360; baseline 0.005 -24"><span class='ocrx_word' id='word_1_570' title='bbox 2048 1282 2236 1348; x_wconf 75' lang='grc' dir='ltr'>ξένους</span> <span class='ocrx_word' id='word_1_571' title='bbox 2261 1285 2558 1356; x_wconf 76' lang='grc' dir='ltr'>ὑπεδέχετο</span> <span class='ocrx_word' id='word_1_572' title='bbox 2576 1304 2589 1318; x_wconf 89' lang='grc'>·</span> <span class='ocrx_word' id='word_1_573' title='bbox 2620 1287 2718 1340; x_wconf 80' lang='grc' dir='ltr'>καὶ</span> <span class='ocrx_word' id='word_1_574' title='bbox 2740 1289 2774 1358; x_wconf 87' lang='grc' dir='ltr'>ή</span> <span class='ocrx_word' id='word_1_575' title='bbox 2801 1287 2902 1357; x_wconf 79' lang='grc' dir='ltr'>μὲν</span> <span class='ocrx_word' id='word_1_576' title='bbox 2925 1287 3068 1358; x_wconf 81' lang='grc' dir='ltr'>γυνή</span> <span class='ocrx_word' id='word_1_577' title='bbox 3087 1289 3146 1342; x_wconf 92' lang='grc' dir='ltr'>ἐν</span> <span class='ocrx_word' id='word_1_578' title='bbox 3170 1288 3322 1353; x_wconf 82' lang='grc' dir='ltr'>τάξει</span> <span class='ocrx_word' id='word_1_579' title='bbox 3355 1289 3741 1360; x_wconf 79' lang='grc' dir='ltr'>θεραπαινίδος</span> 
     </span>
    </p>
   </div>
   <div class='ocr_carea' id='block_1_70' title="bbox 2045 1373 3741 1450">
    <p class='ocr_par' dir='ltr' id='par_1_70' title="bbox 2045 1373 3741 1450">
     <span class='ocr_line' id='line_1_70' title="bbox 2045 1373 3741 1450; baseline 0.005 -25"><span class='ocrx_word' id='word_1_580' title='bbox 2045 1373 2311 1444; x_wconf 89' lang='grc' dir='ltr'>εἰστήκει,</span> <span class='ocrx_word' id='word_1_581' title='bbox 2363 1375 2564 1428; x_wconf 84' lang='grc' dir='ltr'>ἐκεῖνοι</span> <span class='ocrx_word' id='word_1_582' title='bbox 2609 1375 2668 1428; x_wconf 87' lang='grc' dir='ltr'>δὲ</span> <span class='ocrx_word' id='word_1_583' title='bbox 2717 1375 2775 1428; x_wconf 89' lang='grc' dir='ltr'>ἐν</span> <span class='ocrx_word' id='word_1_584' title='bbox 2812 1374 2963 1441; x_wconf 77' lang='grc' dir='ltr'>τάξει</span> <span class='ocrx_word' id='word_1_585' title='bbox 2989 1376 3289 1432; x_wconf 88' lang='grc' dir='ltr'>δεσποτῶν.</span> <span class='ocrx_word' id='word_1_586' title='bbox 3343 1378 3459 1431; x_wconf 78' lang='grc' dir='ltr'>Οὐκ</span> <span class='ocrx_word' id='word_1_587' title='bbox 3482 1377 3618 1450; x_wconf 81' lang='grc' dir='ltr'>ᾔδει,</span> <span class='ocrx_word' id='word_1_588' title='bbox 3655 1380 3741 1433; x_wconf 77' lang='grc' dir='ltr'>ὅτι</span> 
     </span>
    </p>
   </div>
   <div class='ocr_carea' id='block_1_71' title="bbox 2043 1460 3740 1537">
    <p class='ocr_par' dir='ltr' id='par_1_71' title="bbox 2043 1460 3740 1537">
     <span class='ocr_line' id='line_1_71' title="bbox 2043 1460 3740 1537; baseline 0.005 -24"><span class='ocrx_word' id='word_1_589' title='bbox 2043 1460 2136 1514; x_wconf 84' lang='grc' dir='ltr'>τὸν</span> <span class='ocrx_word' id='word_1_590' title='bbox 2165 1462 2399 1532; x_wconf 84' lang='grc' dir='ltr'>Χριστὸν</span> <span class='ocrx_word' id='word_1_591' title='bbox 2435 1463 2652 1534; x_wconf 79' lang='grc' dir='ltr'>ἐδέχετο</span> <span class='ocrx_word' id='word_1_592' title='bbox 2674 1480 2686 1492; x_wconf 97' lang='grc'>·</span> <span class='ocrx_word' id='word_1_593' title='bbox 2725 1463 2826 1518; x_wconf 82' lang='grc' dir='ltr'>οὐκ</span> <span class='ocrx_word' id='word_1_594' title='bbox 2856 1464 2997 1536; x_wconf 84' lang='grc' dir='ltr'>ᾔδει,</span> <span class='ocrx_word' id='word_1_595' title='bbox 3029 1466 3111 1519; x_wconf 80' lang='grc' dir='ltr'>ὅτι</span> <span class='ocrx_word' id='word_1_596' title='bbox 3143 1466 3413 1534; x_wconf 80' lang='grc' dir='ltr'>ἀγγέλους</span> <span class='ocrx_word' id='word_1_597' title='bbox 3433 1483 3448 1498; x_wconf 90' lang='grc'>·</span> <span class='ocrx_word' id='word_1_598' title='bbox 3487 1465 3564 1531; x_wconf 85' lang='grc' dir='ltr'>ώς</span> <span class='ocrx_word' id='word_1_599' title='bbox 3599 1468 3653 1521; x_wconf 80' lang='grc' dir='ltr'>ετ</span> <span class='ocrx_word' id='word_1_600' title='bbox 3675 1484 3740 1537; x_wconf 77' lang='grc' dir='ltr'>γε</span> 
     </span>
    </p>
   </div>
   <div class='ocr_carea' id='block_1_72' title="bbox 2045 1549 3738 1625">
    <p class='ocr_par' dir='ltr' id='par_1_72' title="bbox 2045 1549 3738 1625">
     <span class='ocr_line' id='line_1_72' title="bbox 2045 1549 3738 1625; baseline 0.003 -22"><span class='ocrx_word' id='word_1_601' title='bbox 2045 1549 2181 1619; x_wconf 86' lang='grc' dir='ltr'>ᾔδει,</span> <span class='ocrx_word' id='word_1_602' title='bbox 2207 1550 2383 1604; x_wconf 86' lang='grc' dir='ltr'>πάντα</span> <span class='ocrx_word' id='word_1_603' title='bbox 2409 1550 2474 1604; x_wconf 85' lang='grc' dir='ltr'>ἂν</span> <span class='ocrx_word' id='word_1_604' title='bbox 2501 1553 2791 1606; x_wconf 85' lang='grc' dir='ltr'>ἐκένωσεν.</span> <span class='ocrx_word' id='word_1_605' title='bbox 2822 1553 3013 1622; x_wconf 81' lang='grc' dir='ltr'>Ἡμεῖς</span> <span class='ocrx_word' id='word_1_606' title='bbox 3035 1553 3091 1606; x_wconf 84' lang='grc' dir='ltr'>δὲ</span> <span class='ocrx_word' id='word_1_607' title='bbox 3113 1552 3266 1625; x_wconf 67' lang='grc' dir='ltr'>[δη]</span> <span class='ocrx_word' id='word_1_608' title='bbox 3288 1553 3492 1618; x_wconf 83' lang='grc' dir='ltr'>καίπερ</span> <span class='ocrx_word' id='word_1_609' title='bbox 3512 1554 3738 1619; x_wconf 78' lang='grc' dir='ltr'>εἰδότες,</span> 
     </span>
    </p>
   </div>
   <div class='ocr_carea' id='block_1_73' title="bbox 2043 1638 3738 1713">
    <p class='ocr_par' dir='ltr' id='par_1_73' title="bbox 2043 1638 3738 1713">
     <span class='ocr_line' id='line_1_73' title="bbox 2043 1638 3738 1713; baseline 0.005 -23"><span class='ocrx_word' id='word_1_610' title='bbox 2043 1638 2126 1691; x_wconf 88' lang='grc' dir='ltr'>ὃτι</span> <span class='ocrx_word' id='word_1_611' title='bbox 2163 1638 2255 1691; x_wconf 79' lang='grc' dir='ltr'>τὸν</span> <span class='ocrx_word' id='word_1_612' title='bbox 2284 1639 2524 1710; x_wconf 80' lang='grc' dir='ltr'>Χριστὸν</span> <span class='ocrx_word' id='word_1_613' title='bbox 2546 1640 2835 1711; x_wconf 88' lang='grc' dir='ltr'>δεχόμεθα,</span> <span class='ocrx_word' id='word_1_614' title='bbox 2863 1640 2986 1700; x_wconf 79' lang='grc' dir='ltr'>ούδέ</span> <span class='ocrx_word' id='word_1_615' title='bbox 3009 1642 3282 1713; x_wconf 84' lang='grc' dir='ltr'>τοσαύτην</span> <span class='ocrx_word' id='word_1_616' title='bbox 3308 1642 3738 1713; x_wconf 84' lang='grc' dir='ltr'>ἐπιδεικνύμεθα</span> 
     </span>
    </p>
   </div>
   <div class='ocr_carea' id='block_1_74' title="bbox 2044 1726 3741 1802">
    <p class='ocr_par' dir='ltr' id='par_1_74' title="bbox 2044 1726 3741 1802">
     <span class='ocr_line' id='line_1_74' title="bbox 2044 1726 3741 1802; baseline 0.004 -24"><span class='ocrx_word' id='word_1_617' title='bbox 2044 1726 2142 1796; x_wconf 79' lang='grc' dir='ltr'>τὴν</span> <span class='ocrx_word' id='word_1_618' title='bbox 2177 1727 2436 1800; x_wconf 81' lang='grc' dir='ltr'>σπουδὴν,</span> <span class='ocrx_word' id='word_1_619' title='bbox 2479 1730 2613 1800; x_wconf 82' lang='grc' dir='ltr'>ὅσην</span> <span class='ocrx_word' id='word_1_620' title='bbox 2637 1731 2846 1793; x_wconf 86' lang='grc' dir='ltr'>ἐκεῖνος</span> <span class='ocrx_word' id='word_1_621' title='bbox 2879 1730 2909 1783; x_wconf 88' lang='lat'>6</span> <span class='ocrx_word' id='word_1_622' title='bbox 2947 1729 3187 1801; x_wconf 78' lang='grc' dir='ltr'>νομίζων</span> <span class='ocrx_word' id='word_1_623' title='bbox 3226 1728 3554 1801; x_wconf 87' lang='grc' dir='ltr'>ἀνθρώπους</span> <span class='ocrx_word' id='word_1_624' title='bbox 3589 1731 3741 1802; x_wconf 80' lang='grc' dir='ltr'>δέχε-</span> 
     </span>
    </p>
   </div>
   <div class='ocr_carea' id='block_1_75' title="bbox 2045 1814 3736 1890">
    <p class='ocr_par' dir='ltr' id='par_1_75' title="bbox 2045 1814 3736 1890">
     <span class='ocr_line' id='line_1_75' title="bbox 2045 1814 3736 1890; baseline 0.006 -24"><span class='ocrx_word' id='word_1_625' title='bbox 2045 1814 2191 1869; x_wconf 91' lang='grc' dir='ltr'>σθαι.</span> <span class='ocrx_word' id='word_1_626' title='bbox 2244 1815 2385 1868; x_wconf 82' lang='grc' dir='ltr'>Ἀλλ’</span> <span class='ocrx_word' id='word_1_627' title='bbox 2419 1816 2668 1872; x_wconf 84' lang='grc' dir='ltr'>ἐπιθέται</span> <span class='ocrx_word' id='word_1_628' title='bbox 2704 1818 2832 1881; x_wconf 79' lang='grc' dir='ltr'>εἰσὶ,</span> <span class='ocrx_word' id='word_1_629' title='bbox 2870 1818 3026 1888; x_wconf 85' lang='grc' dir='ltr'>φησὶ,</span> <span class='ocrx_word' id='word_1_630' title='bbox 3058 1818 3247 1872; x_wconf 79' lang='grc' dir='ltr'>πολλοὶ</span> <span class='ocrx_word' id='word_1_631' title='bbox 3275 1819 3369 1872; x_wconf 80' lang='grc' dir='ltr'>καὶ</span> <span class='ocrx_word' id='word_1_632' title='bbox 3393 1817 3736 1890; x_wconf 89' lang='grc' dir='ltr'>ἀγνώμονες.</span> 
     </span>
    </p>
   </div>
   <div class='ocr_carea' id='block_1_76' title="bbox 2043 1902 3738 1978">
    <p class='ocr_par' dir='ltr' id='par_1_76' title="bbox 2043 1902 3738 1978">
     <span class='ocr_line' id='line_1_76' title="bbox 2043 1902 3738 1978; baseline 0.005 -25"><span class='ocrx_word' id='word_1_633' title='bbox 2043 1902 2155 1954; x_wconf 76' lang='grc' dir='ltr'>Καὶ</span> <span class='ocrx_word' id='word_1_634' title='bbox 2191 1903 2382 1956; x_wconf 91' lang='grc' dir='ltr'>τούτου</span> <span class='ocrx_word' id='word_1_635' title='bbox 2412 1921 2494 1958; x_wconf 92' lang='grc' dir='ltr'>σοι</span> <span class='ocrx_word' id='word_1_636' title='bbox 2531 1905 2733 1975; x_wconf 86' lang='grc' dir='ltr'>μείζων</span> <span class='ocrx_word' id='word_1_637' title='bbox 2765 1907 2794 1959; x_wconf 91' lang='lat'>6</span> <span class='ocrx_word' id='word_1_638' title='bbox 2819 1904 3031 1976; x_wconf 78' lang='grc' dir='ltr'>μισθὸς,</span> <span class='ocrx_word' id='word_1_639' title='bbox 3067 1906 3198 1960; x_wconf 86' lang='grc' dir='ltr'>ὅταν</span> <span class='ocrx_word' id='word_1_640' title='bbox 3230 1905 3319 1962; x_wconf 85' lang='grc' dir='ltr'>διὰ</span> <span class='ocrx_word' id='word_1_641' title='bbox 3349 1907 3411 1960; x_wconf 85' lang='grc' dir='ltr'>τὸ</span> <span class='ocrx_word' id='word_1_642' title='bbox 3439 1906 3611 1978; x_wconf 76' lang='grc' dir='ltr'>ὄνομα</span> <span class='ocrx_word' id='word_1_643' title='bbox 3641 1908 3738 1962; x_wconf 90' lang='grc' dir='ltr'>τοῦ</span> 
     </span>
    </p>
   </div>
   <div class='ocr_carea' id='block_1_77' title="bbox 2041 1989 3735 2070">
    <p class='ocr_par' dir='ltr' id='par_1_77' title="bbox 2041 1989 3735 2070">
     <span class='ocr_line' id='line_1_77' title="bbox 2041 1989 3735 2070; baseline 0.005 -29"><span class='ocrx_word' id='word_1_644' title='bbox 2041 1989 2280 2060; x_wconf 86' lang='grc' dir='ltr'>Χριστοῦ</span> <span class='ocrx_word' id='word_1_645' title='bbox 2311 1991 2463 2064; x_wconf 79' lang='grc' dir='ltr'>δέχῃ.</span> <span class='ocrx_word' id='word_1_646' title='bbox 2513 1993 2576 2045; x_wconf 83' lang='grc' dir='ltr'>Εἰ</span> <span class='ocrx_word' id='word_1_647' title='bbox 2621 1994 2878 2065; x_wconf 58' lang='grc' dir='ltr'>μένίγάρ</span> <span class='ocrx_word' id='word_1_648' title='bbox 2927 1992 3076 2053; x_wconf 74' lang='grc' dir='ltr'>οἶδας</span> <span class='ocrx_word' id='word_1_649' title='bbox 3122 1994 3285 2059; x_wconf 78' lang='grc' dir='ltr'>ὄντας</span> <span class='ocrx_word' id='word_1_650' title='bbox 3332 1995 3612 2060; x_wconf 81' lang='grc' dir='ltr'>ἐπιθέτας,</span> <span class='ocrx_word' id='word_1_651' title='bbox 3659 1997 3735 2070; x_wconf 82' lang='grc' dir='ltr'>μή</span> 
     </span>
    </p>
   </div>
   <div class='ocr_carea' id='block_1_78' title="bbox 2038 2076 3732 2155">
    <p class='ocr_par' dir='ltr' id='par_1_78' title="bbox 2038 2076 3732 2155">
     <span class='ocr_line' id='line_1_78' title="bbox 2038 2076 3732 2155; baseline 0.005 -26"><span class='ocrx_word' id='word_1_652' title='bbox 2038 2076 2194 2148; x_wconf 82' lang='grc' dir='ltr'>δέχου</span> <span class='ocrx_word' id='word_1_653' title='bbox 2234 2079 2316 2142; x_wconf 90' lang='grc' dir='ltr'>εἰς</span> <span class='ocrx_word' id='word_1_654' title='bbox 2345 2079 2443 2150; x_wconf 77' lang='grc' dir='ltr'>τὴν</span> <span class='ocrx_word' id='word_1_655' title='bbox 2477 2080 2687 2132; x_wconf 85' lang='grc' dir='ltr'>οἰκίαν·</span> <span class='ocrx_word' id='word_1_656' title='bbox 2717 2081 2764 2132; x_wconf 90' lang='grc' dir='ltr'>εἰ</span> <span class='ocrx_word' id='word_1_657' title='bbox 2792 2080 2848 2132; x_wconf 84' lang='grc' dir='ltr'>δέ</span> <span class='ocrx_word' id='word_1_658' title='bbox 2879 2081 2981 2134; x_wconf 83' lang='grc' dir='ltr'>οὐκ</span> <span class='ocrx_word' id='word_1_659' title='bbox 3004 2076 3174 2147; x_wconf 75' lang='grc' dir='ltr'>οἶδας,</span> <span class='ocrx_word' id='word_1_660' title='bbox 3198 2082 3466 2148; x_wconf 77' lang='grc' dir='ltr'>τί¹ἀπλῶς</span> <span class='ocrx_word' id='word_1_661' title='bbox 3495 2102 3732 2155; x_wconf 73' lang='grc' dir='ltr'>κατηγοο</span> 
     </span>
    </p>
   </div>
   <div class='ocr_carea' id='block_1_79' title="bbox 2042 2166 3735 2240">
    <p class='ocr_par' dir='ltr' id='par_1_79' title="bbox 2042 2166 3735 2240">
     <span class='ocr_line' id='line_1_79' title="bbox 2042 2166 3735 2240; baseline 0.007 -24"><span class='ocrx_word' id='word_1_662' title='bbox 2042 2167 2194 2234; x_wconf 87' lang='grc' dir='ltr'>ρεῖς;</span> <span class='ocrx_word' id='word_1_663' title='bbox 2236 2166 2336 2218; x_wconf 91' lang='grc' dir='ltr'>Διά</span> <span class='ocrx_word' id='word_1_664' title='bbox 2367 2166 2526 2218; x_wconf 88' lang='grc' dir='ltr'>τοῦτο</span> <span class='ocrx_word' id='word_1_665' title='bbox 2563 2166 2710 2236; x_wconf 86' lang='grc' dir='ltr'>λέγω</span> <span class='ocrx_word' id='word_1_666' title='bbox 2747 2169 2826 2231; x_wconf 91' lang='grc' dir='ltr'>εἰς</span> <span class='ocrx_word' id='word_1_667' title='bbox 2858 2167 2920 2220; x_wconf 79' lang='grc' dir='ltr'>τὸ</span> <span class='ocrx_word' id='word_1_668' title='bbox 2945 2168 3270 2240; x_wconf 82' lang='grc' dir='ltr'>ξενοδοχεῖον</span> <span class='ocrx_word' id='word_1_669' title='bbox 3303 2171 3548 2226; x_wconf 84' lang='grc' dir='ltr'>ἀπιέναι.</span> <span class='ocrx_word' id='word_1_670' title='bbox 3600 2173 3735 2228; x_wconf 86' lang='grc' dir='ltr'>Ποία</span> 
     </span>
    </p>
   </div>
   <div class='ocr_carea' id='block_1_80' title="bbox 2039 2251 3735 2329">
    <p class='ocr_par' dir='ltr' id='par_1_80' title="bbox 2039 2251 3735 2329">
     <span class='ocr_line' id='line_1_80' title="bbox 2039 2251 3735 2329; baseline 0.006 -27"><span class='ocrx_word' id='word_1_671' title='bbox 2039 2251 2095 2303; x_wconf 87' lang='grc' dir='ltr'>δέ</span> <span class='ocrx_word' id='word_1_672' title='bbox 2127 2253 2418 2320; x_wconf 85' lang='grc' dir='ltr'>ἀπολογία,</span> <span class='ocrx_word' id='word_1_673' title='bbox 2464 2253 2594 2307; x_wconf 82' lang='grc' dir='ltr'>ὅταν</span> <span class='ocrx_word' id='word_1_674' title='bbox 2629 2254 2766 2324; x_wconf 85' lang='grc' dir='ltr'>μηδὲ</span> <span class='ocrx_word' id='word_1_675' title='bbox 2796 2253 2891 2318; x_wconf 85' lang='grc' dir='ltr'>οὓς</span> <span class='ocrx_word' id='word_1_676' title='bbox 2923 2255 3101 2327; x_wconf 76' lang='grc' dir='ltr'>ἴσμεν,</span> <span class='ocrx_word' id='word_1_677' title='bbox 3140 2258 3277 2329; x_wconf 79' lang='grc' dir='ltr'>μηδὶ</span> <span class='ocrx_word' id='word_1_678' title='bbox 3310 2259 3535 2323; x_wconf 83' lang='grc' dir='ltr'>τούτους</span> <span class='ocrx_word' id='word_1_679' title='bbox 3568 2260 3735 2329; x_wconf 77' lang='grc' dir='ltr'>δεχώο</span> 
     </span>
    </p>
   </div>
   <div class='ocr_carea' id='block_1_81' title="bbox 2043 2339 3734 2416">
    <p class='ocr_par' dir='ltr' id='par_1_81' title="bbox 2043 2339 3734 2416">
     <span class='ocr_line' id='line_1_81' title="bbox 2043 2339 3734 2416; baseline 0.005 -24"><span class='ocrx_word' id='word_1_680' title='bbox 2043 2339 2206 2410; x_wconf 86' lang='grc' dir='ltr'>μεθα,</span> <span class='ocrx_word' id='word_1_681' title='bbox 2240 2340 2355 2395; x_wconf 84' lang='grc' dir='ltr'>ἀλλ’</span> <span class='ocrx_word' id='word_1_682' title='bbox 2385 2341 2772 2413; x_wconf 86' lang='grc' dir='ltr'>ἀποκλείωμεν</span> <span class='ocrx_word' id='word_1_683' title='bbox 2801 2345 2937 2397; x_wconf 79' lang='grc' dir='ltr'>πᾶσι</span> <span class='ocrx_word' id='word_1_684' title='bbox 2965 2345 3063 2409; x_wconf 83' lang='grc' dir='ltr'>τὰς</span> <span class='ocrx_word' id='word_1_685' title='bbox 3093 2343 3298 2416; x_wconf 88' lang='grc' dir='ltr'>θύρας;</span> <span class='ocrx_word' id='word_1_686' title='bbox 3341 2348 3523 2400; x_wconf 80' lang='grc' dir='ltr'>Ἔστω</span> <span class='ocrx_word' id='word_1_687' title='bbox 3548 2349 3609 2401; x_wconf 82' lang='grc' dir='ltr'>τὸ</span> <span class='ocrx_word' id='word_1_688' title='bbox 3637 2347 3734 2401; x_wconf 92' lang='grc' dir='ltr'>τοῦ</span> 
     </span>
    </p>
   </div>
   <div class='ocr_carea' id='block_1_82' title="bbox 2039 2428 3734 2505">
    <p class='ocr_par' dir='ltr' id='par_1_82' title="bbox 2039 2428 3734 2505">
     <span class='ocr_line' id='line_1_82' title="bbox 2039 2428 3734 2505; baseline 0.006 -26"><span class='ocrx_word' id='word_1_689' title='bbox 2039 2428 2280 2498; x_wconf 89' lang='grc' dir='ltr'>Χριστοῦ</span> <span class='ocrx_word' id='word_1_690' title='bbox 2322 2430 2639 2500; x_wconf 85' lang='grc' dir='ltr'>πανδοχεῖον</span> <span class='ocrx_word' id='word_1_691' title='bbox 2669 2431 2830 2502; x_wconf 80' lang='grc' dir='ltr'>ἡμῶν</span> <span class='ocrx_word' id='word_1_692' title='bbox 2868 2433 2902 2502; x_wconf 88' lang='grc' dir='ltr'>ή</span> <span class='ocrx_word' id='word_1_693' title='bbox 2939 2432 3117 2486; x_wconf 81' lang='grc' dir='ltr'>οἰκία·</span> <span class='ocrx_word' id='word_1_694' title='bbox 3162 2433 3488 2505; x_wconf 85' lang='grc' dir='ltr'>ἀπαιτῶμεν</span> <span class='ocrx_word' id='word_1_695' title='bbox 3534 2437 3734 2500; x_wconf 73' lang='grc' dir='ltr'>αὐτοὺς</span> 
     </span>
    </p>
   </div>
   <div class='ocr_carea' id='block_1_83' title="bbox 2037 2515 3734 2593">
    <p class='ocr_par' dir='ltr' id='par_1_83' title="bbox 2037 2515 3734 2593">
     <span class='ocr_line' id='line_1_83' title="bbox 2037 2515 3734 2593; baseline 0.005 -26"><span class='ocrx_word' id='word_1_696' title='bbox 2037 2515 2130 2568; x_wconf 85' lang='grc' dir='ltr'>τδν</span> <span class='ocrx_word' id='word_1_697' title='bbox 2163 2517 2375 2586; x_wconf 77' lang='grc' dir='ltr'>μισθὸν,</span> <span class='ocrx_word' id='word_1_698' title='bbox 2412 2516 2488 2588; x_wconf 76' lang='grc' dir='ltr'>μή</span> <span class='ocrx_word' id='word_1_699' title='bbox 2526 2517 2813 2590; x_wconf 87' lang='grc' dir='ltr'>ἀργύριον,</span> <span class='ocrx_word' id='word_1_700' title='bbox 2844 2518 2984 2574; x_wconf 87' lang='grc' dir='ltr'>ἀλλά</span> <span class='ocrx_word' id='word_1_701' title='bbox 3011 2520 3074 2573; x_wconf 75' lang='grc' dir='ltr'>τὸ</span> <span class='ocrx_word' id='word_1_702' title='bbox 3107 2521 3333 2592; x_wconf 77' lang='grc' dir='ltr'>ποιῆσαι</span> <span class='ocrx_word' id='word_1_703' title='bbox 3361 2523 3494 2591; x_wconf 87' lang='grc' dir='ltr'>ήμῖν</span> <span class='ocrx_word' id='word_1_704' title='bbox 3525 2521 3734 2593; x_wconf 87' lang='grc' dir='ltr'>δοχεῖον</span> 
     </span>
    </p>
   </div>
   <div class='ocr_carea' id='block_1_84' title="bbox 2037 2603 3734 2680">
    <p class='ocr_par' dir='ltr' id='par_1_84' title="bbox 2037 2603 3734 2680">
     <span class='ocr_line' id='line_1_84' title="bbox 2037 2603 3734 2680; baseline 0.006 -25"><span class='ocrx_word' id='word_1_705' title='bbox 2037 2603 2133 2656; x_wconf 85' lang='grc' dir='ltr'>τοῦ</span> <span class='ocrx_word' id='word_1_706' title='bbox 2169 2604 2408 2675; x_wconf 84' lang='grc' dir='ltr'>Χριστοῦ</span> <span class='ocrx_word' id='word_1_707' title='bbox 2455 2607 2555 2676; x_wconf 83' lang='grc' dir='ltr'>τὴν</span> <span class='ocrx_word' id='word_1_708' title='bbox 2606 2606 2820 2660; x_wconf 88' lang='grc' dir='ltr'>οἰκίαν·</span> <span class='ocrx_word' id='word_1_709' title='bbox 2853 2608 3271 2680; x_wconf 86' lang='grc' dir='ltr'>περιτρέχωμεν</span> <span class='ocrx_word' id='word_1_710' title='bbox 3310 2610 3614 2680; x_wconf 85' lang='grc' dir='ltr'>πανταχοῦ,</span> <span class='ocrx_word' id='word_1_711' title='bbox 3649 2612 3734 2665; x_wconf 77' lang='grc' dir='ltr'>ἔλ-</span> 
     </span>
    </p>
   </div>
   <div class='ocr_carea' id='block_1_85' title="bbox 2038 2689 3733 2769">
    <p class='ocr_par' dir='ltr' id='par_1_85' title="bbox 2038 2689 3733 2769">
     <span class='ocr_line' id='line_1_85' title="bbox 2038 2689 3733 2769; baseline 0.006 -27"><span class='ocrx_word' id='word_1_712' title='bbox 2038 2707 2248 2760; x_wconf 88' lang='grc' dir='ltr'>κωμεν,</span> <span class='ocrx_word' id='word_1_713' title='bbox 2280 2689 2621 2763; x_wconf 89' lang='grc' dir='ltr'>ἀρπάζωμεν</span> <span class='ocrx_word' id='word_1_714' title='bbox 2649 2694 2751 2763; x_wconf 83' lang='grc' dir='ltr'>τὴν</span> <span class='ocrx_word' id='word_1_715' title='bbox 2792 2693 2969 2766; x_wconf 88' lang='grc' dir='ltr'>θήραν</span> <span class='ocrx_word' id='word_1_716' title='bbox 2989 2711 3002 2724; x_wconf 97' lang='grc'>·</span> <span class='ocrx_word' id='word_1_717' title='bbox 3034 2695 3260 2766; x_wconf 83' lang='grc' dir='ltr'>μείζονα</span> <span class='ocrx_word' id='word_1_718' title='bbox 3287 2697 3733 2769; x_wconf 83' lang='grc' dir='ltr'>εύεργετούμεθα</span> 
     </span>
    </p>
   </div>
   <div class='ocr_carea' id='block_1_86' title="bbox 2038 2776 3734 2857">
    <p class='ocr_par' dir='ltr' id='par_1_86' title="bbox 2038 2776 3734 2857">
     <span class='ocr_line' id='line_1_86' title="bbox 2038 2776 3734 2857; baseline 0.006 -30"><span class='ocrx_word' id='word_1_719' title='bbox 2038 2776 2071 2846; x_wconf 82' lang='grc' dir='ltr'>ἢ</span> <span class='ocrx_word' id='word_1_720' title='bbox 2120 2777 2538 2849; x_wconf 78' lang='grc' dir='ltr'>εύεργετοῦμεν.</span> <span class='ocrx_word' id='word_1_721' title='bbox 2577 2781 2652 2832; x_wconf 80' lang='grc' dir='ltr'><strong>Οὐ</strong></span> <span class='ocrx_word' id='word_1_722' title='bbox 2688 2780 2901 2834; x_wconf 88' lang='grc' dir='ltr'>κελεύω</span> <span class='ocrx_word' id='word_1_723' title='bbox 2934 2782 3246 2836; x_wconf 90' lang='grc' dir='ltr'>καταθῦσαι</span> <span class='ocrx_word' id='word_1_724' title='bbox 3285 2786 3520 2856; x_wconf 86' lang='grc' dir='ltr'>μόσχον·</span> <span class='ocrx_word' id='word_1_725' title='bbox 3567 2785 3734 2857; x_wconf 81' lang='grc' dir='ltr'>ἀρτον</span> 
     </span>
    </p>
   </div>
   <div class='ocr_carea' id='block_1_87' title="bbox 2036 2863 3732 2942">
    <p class='ocr_par' dir='ltr' id='par_1_87' title="bbox 2036 2863 3732 2942">
     <span class='ocr_line' id='line_1_87' title="bbox 2036 2863 3732 2942; baseline 0.006 -26"><span class='ocrx_word' id='word_1_726' title='bbox 2036 2863 2124 2929; x_wconf 84' lang='grc' dir='ltr'>δὺς</span> <span class='ocrx_word' id='word_1_727' title='bbox 2165 2865 2442 2931; x_wconf 88' lang='grc' dir='ltr'>πεινῶντι,</span> <span class='ocrx_word' id='word_1_728' title='bbox 2475 2866 2690 2937; x_wconf 88' lang='grc' dir='ltr'>ἰμάτιον</span> <span class='ocrx_word' id='word_1_729' title='bbox 2723 2868 2940 2939; x_wconf 81' lang='grc' dir='ltr'>γυμνῷ,</span> <span class='ocrx_word' id='word_1_730' title='bbox 2977 2869 3190 2941; x_wconf 89' lang='grc' dir='ltr'>σκέπην</span> <span class='ocrx_word' id='word_1_731' title='bbox 3225 2871 3304 2942; x_wconf 76' lang='grc' dir='ltr'>τῷ</span> <span class='ocrx_word' id='word_1_732' title='bbox 3339 2870 3495 2942; x_wconf 77' lang='grc' dir='ltr'>ξένῳ.</span> <span class='ocrx_word' id='word_1_733' title='bbox 3534 2874 3732 2927; x_wconf 85' lang='grc' dir='ltr'>Ἴναδέ</span> 
     </span>
    </p>
   </div>
   <div class='ocr_carea' id='block_1_88' title="bbox 2040 2955 3734 3033">
    <p class='ocr_par' dir='ltr' id='par_1_88' title="bbox 2040 2955 3734 3033">
     <span class='ocr_line' id='line_1_88' title="bbox 2040 2955 3734 3033; baseline 0.005 -26"><span class='ocrx_word' id='word_1_734' title='bbox 2040 2956 2117 3026; x_wconf 83' lang='grc' dir='ltr'>μὴ</span> <span class='ocrx_word' id='word_1_735' title='bbox 2166 2955 2341 3009; x_wconf 91' lang='grc' dir='ltr'>ταῦτα</span> <span class='ocrx_word' id='word_1_736' title='bbox 2400 2957 2756 3030; x_wconf 79' lang='grc' dir='ltr'>προφασίζῃ,</span> <span class='ocrx_word' id='word_1_737' title='bbox 2809 2958 3000 3012; x_wconf 82' lang='grc' dir='ltr'>Ἔστιν</span> <span class='ocrx_word' id='word_1_738' title='bbox 3044 2961 3253 3032; x_wconf 84' lang='grc' dir='ltr'>οῖκημα</span> <span class='ocrx_word' id='word_1_739' title='bbox 3303 2961 3483 3015; x_wconf 85' lang='grc' dir='ltr'>κοινὸν</span> <span class='ocrx_word' id='word_1_740' title='bbox 3522 2962 3586 3016; x_wconf 87' lang='grc' dir='ltr'>τὸ</span> <span class='ocrx_word' id='word_1_741' title='bbox 3633 2963 3734 3033; x_wconf 81' lang='grc' dir='ltr'>τῆς</span> 
     </span>
    </p>
   </div>
   <div class='ocr_carea' id='block_1_89' title="bbox 2051 3044 3734 3114">
    <p class='ocr_par' dir='ltr' id='par_1_89' title="bbox 2051 3044 3734 3114">
     <span class='ocr_line' id='line_1_89' title="bbox 2051 3044 3734 3114; baseline 0.004 -16"><span class='ocrx_word' id='word_1_742' title='bbox 2051 3044 2381 3114; x_wconf 85' lang='grc' dir='ltr'>Ἐκκλησίας</span> <span class='ocrx_word' id='word_1_743' title='bbox 2402 3062 2416 3077; x_wconf 92' lang='grc'>·</span> <span class='ocrx_word' id='word_1_744' title='bbox 2459 3046 2579 3099; x_wconf 88' lang='grc' dir='ltr'>ἐκεῖ</span> <span class='ocrx_word' id='word_1_745' title='bbox 2611 3046 2913 3112; x_wconf 78' lang='grc' dir='ltr'>κατάϐαλε,</span> <span class='ocrx_word' id='word_1_746' title='bbox 2949 3047 3044 3102; x_wconf 79' lang='grc' dir='ltr'>καὶ</span> <span class='ocrx_word' id='word_1_747' title='bbox 3078 3050 3143 3102; x_wconf 70' lang='grc' dir='ltr'>σὺ</span> <span class='ocrx_word' id='word_1_748' title='bbox 3174 3047 3452 3113; x_wconf 84' lang='grc' dir='ltr'>ὑπεδέξω·</span> <span class='ocrx_word' id='word_1_749' title='bbox 3481 3051 3605 3103; x_wconf 72' lang='grc' dir='ltr'>ἐπεὶ</span> <span class='ocrx_word' id='word_1_750' title='bbox 3637 3053 3734 3104; x_wconf 76' lang='grc' dir='ltr'>καὶ</span> 
     </span>
    </p>
   </div>
   <div class='ocr_carea' id='block_1_90' title="bbox 2036 3132 3730 3209">
    <p class='ocr_par' dir='ltr' id='par_1_90' title="bbox 2036 3132 3730 3209">
     <span class='ocr_line' id='line_1_90' title="bbox 2036 3132 3730 3209; baseline 0.006 -24"><span class='ocrx_word' id='word_1_751' title='bbox 2036 3132 2145 3186; x_wconf 88' lang='grc' dir='ltr'>τῶν</span> <span class='ocrx_word' id='word_1_752' title='bbox 2175 3133 2262 3187; x_wconf 84' lang='grc' dir='ltr'>διά</span> <span class='ocrx_word' id='word_1_753' title='bbox 2295 3132 2404 3188; x_wconf 91' lang='grc' dir='ltr'>τῶν</span> <span class='ocrx_word' id='word_1_754' title='bbox 2428 3134 2659 3188; x_wconf 82' lang='grc' dir='ltr'>οἰκετῶν</span> <span class='ocrx_word' id='word_1_755' title='bbox 2688 3136 2994 3206; x_wconf 79' lang='grc' dir='ltr'>γινομένων</span> <span class='ocrx_word' id='word_1_756' title='bbox 3021 3138 3226 3200; x_wconf 84' lang='grc' dir='ltr'>ἐκεῖνος</span> <span class='ocrx_word' id='word_1_757' title='bbox 3252 3132 3365 3207; x_wconf 74' lang='grc' dir='ltr'>εἶχε</span> <span class='ocrx_word' id='word_1_758' title='bbox 3389 3136 3482 3190; x_wconf 81' lang='grc' dir='ltr'>τὸν</span> <span class='ocrx_word' id='word_1_759' title='bbox 3517 3139 3730 3209; x_wconf 88' lang='grc' dir='ltr'>μισθόν.</span> 
     </span>
    </p>
   </div>
   <div class='ocr_carea' id='block_1_91' title="bbox 2036 3218 3736 3298">
    <p class='ocr_par' dir='ltr' id='par_1_91' title="bbox 2036 3218 3736 3298">
     <span class='ocr_line' id='line_1_91' title="bbox 2036 3218 3736 3298; baseline 0.005 -25"><span class='ocrx_word' id='word_1_760' title='bbox 2036 3219 2224 3284; x_wconf 78' lang='grc' dir='ltr'>οὕτως</span> <span class='ocrx_word' id='word_1_761' title='bbox 2250 3218 2390 3293; x_wconf 78' lang='grc' dir='ltr'>ἦσαν</span> <span class='ocrx_word' id='word_1_762' title='bbox 2415 3222 2846 3293; x_wconf 82' lang='grc' dir='ltr'>πεπαιδευμένοι</span> <span class='ocrx_word' id='word_1_763' title='bbox 2863 3224 2960 3278; x_wconf 74' lang='grc' dir='ltr'>καὶ</span> <span class='ocrx_word' id='word_1_764' title='bbox 2980 3225 3031 3277; x_wconf 92' lang='grc' dir='ltr'>οἰ</span> <span class='ocrx_word' id='word_1_765' title='bbox 3060 3224 3251 3289; x_wconf 88' lang='grc' dir='ltr'>παῖδες</span> <span class='ocrx_word' id='word_1_766' title='bbox 3280 3225 3446 3278; x_wconf 85' lang='grc' dir='ltr'>αὐτοῦ</span> <span class='ocrx_word' id='word_1_767' title='bbox 3469 3243 3483 3256; x_wconf 97' lang='grc'>·</span> <span class='ocrx_word' id='word_1_768' title='bbox 3509 3226 3736 3298; x_wconf 78' lang='grc' dir='ltr'>ἔτρεχον</span> 
     </span>
    </p>
   </div>
   <div class='ocr_carea' id='block_1_92' title="bbox 2036 3308 3733 3388">
    <p class='ocr_par' dir='ltr' id='par_1_92' title="bbox 2036 3308 3733 3388">
     <span class='ocr_line' id='line_1_92' title="bbox 2036 3308 3733 3388; baseline 0.005 -28"><span class='ocrx_word' id='word_1_769' title='bbox 2036 3308 2132 3361; x_wconf 80' lang='grc' dir='ltr'>καὶ</span> <span class='ocrx_word' id='word_1_770' title='bbox 2156 3308 2256 3361; x_wconf 76' lang='grc' dir='ltr'>οὐκ</span> <span class='ocrx_word' id='word_1_771' title='bbox 2289 3308 2587 3378; x_wconf 78' lang='grc' dir='ltr'>ἐγόγγυζον</span> <span class='ocrx_word' id='word_1_772' title='bbox 2616 3309 2872 3381; x_wconf 84' lang='grc' dir='ltr'>καθάπερ</span> <span class='ocrx_word' id='word_1_773' title='bbox 2902 3311 2951 3364; x_wconf 92' lang='grc' dir='ltr'>οἰ</span> <span class='ocrx_word' id='word_1_774' title='bbox 2989 3309 3255 3381; x_wconf 73' lang='grc' dir='ltr'>ἡμέτεροι</span> <span class='ocrx_word' id='word_1_775' title='bbox 3287 3328 3301 3342; x_wconf 98' lang='grc'>·</span> <span class='ocrx_word' id='word_1_776' title='bbox 3335 3312 3589 3378; x_wconf 77' lang='grc' dir='ltr'>εὐλασεῖς</span> <span class='ocrx_word' id='word_1_777' title='bbox 3621 3314 3733 3388; x_wconf 85' lang='grc' dir='ltr'>γάρ</span> 
     </span>
    </p>
   </div>
   <div class='ocr_carea' id='block_1_93' title="bbox 2034 3392 3735 3475">
    <p class='ocr_par' dir='ltr' id='par_1_93' title="bbox 2034 3392 3735 3475">
     <span class='ocr_line' id='line_1_93' title="bbox 2034 3392 3735 3475; baseline 0.005 -25"><span class='ocrx_word' id='word_1_778' title='bbox 2034 3395 2235 3460; x_wconf 79' lang='grc' dir='ltr'>αὐτοὺς</span> <span class='ocrx_word' id='word_1_779' title='bbox 2255 3392 2321 3468; x_wconf 77' lang='grc' dir='ltr'>ἦν</span> <span class='ocrx_word' id='word_1_780' title='bbox 2352 3397 2694 3469; x_wconf 89' lang='grc' dir='ltr'>πεποιηκώς.</span> <span class='ocrx_word' id='word_1_781' title='bbox 2721 3398 2820 3464; x_wconf 79' lang='grc' dir='ltr'>Εἰς</span> <span class='ocrx_word' id='word_1_782' title='bbox 2848 3397 3088 3472; x_wconf 84' lang='grc' dir='ltr'>πόλεμον</span> <span class='ocrx_word' id='word_1_783' title='bbox 3114 3393 3292 3470; x_wconf 73' lang='grc' dir='ltr'>εἷλκε,</span> <span class='ocrx_word' id='word_1_784' title='bbox 3327 3403 3424 3457; x_wconf 74' lang='grc' dir='ltr'>καὶ</span> <span class='ocrx_word' id='word_1_785' title='bbox 3449 3405 3551 3458; x_wconf 71' lang='grc' dir='ltr'>οὐκ</span> <span class='ocrx_word' id='word_1_786' title='bbox 3578 3406 3735 3475; x_wconf 86' lang='grc' dir='ltr'>ἐγόγ-</span> 
     </span>
    </p>
   </div>
   <div class='ocr_carea' id='block_1_94' title="bbox 2035 3482 3734 3564">
    <p class='ocr_par' dir='ltr' id='par_1_94' title="bbox 2035 3482 3734 3564">
     <span class='ocr_line' id='line_1_94' title="bbox 2035 3482 3734 3564; baseline 0.007 -28"><span class='ocrx_word' id='word_1_787' title='bbox 2035 3483 2230 3552; x_wconf 83' lang='grc' dir='ltr'>γυζον·</span> <span class='ocrx_word' id='word_1_788' title='bbox 2280 3485 2458 3549; x_wconf 78' lang='grc' dir='ltr'>οὕτως</span> <span class='ocrx_word' id='word_1_789' title='bbox 2513 3482 2656 3557; x_wconf 85' lang='grc' dir='ltr'>ἦσαν</span> <span class='ocrx_word' id='word_1_790' title='bbox 2707 3487 3015 3559; x_wconf 87' lang='grc' dir='ltr'>φιλόσοφοι.</span> <span class='ocrx_word' id='word_1_791' title='bbox 3074 3489 3305 3544; x_wconf 86' lang='grc' dir='ltr'>Πάντων</span> <span class='ocrx_word' id='word_1_792' title='bbox 3356 3491 3469 3564; x_wconf 85' lang='grc' dir='ltr'>γάρ</span> <span class='ocrx_word' id='word_1_793' title='bbox 3532 3495 3734 3564; x_wconf 83' lang='grc' dir='ltr'>ὁμοίως</span> 
     </span>
    </p>
   </div>
   <div class='ocr_carea' id='block_1_95' title="bbox 2037 3571 3735 3648">
    <p class='ocr_par' dir='ltr' id='par_1_95' title="bbox 2037 3571 3735 3648">
     <span class='ocr_line' id='line_1_95' title="bbox 2037 3571 3735 3648; baseline 0.007 -26"><span class='ocrx_word' id='word_1_794' title='bbox 2037 3571 2355 3641; x_wconf 87' lang='grc' dir='ltr'>ἐπεμελεῖτο</span> <span class='ocrx_word' id='word_1_795' title='bbox 2372 3572 2562 3645; x_wconf 89' lang='grc' dir='ltr'>ῶσπερ</span> <span class='ocrx_word' id='word_1_796' title='bbox 2586 3573 2784 3627; x_wconf 90' lang='grc' dir='ltr'>ἐαυτοῦ</span> <span class='ocrx_word' id='word_1_797' title='bbox 2802 3590 2816 3603; x_wconf 97' lang='grc'>·</span> <span class='ocrx_word' id='word_1_798' title='bbox 2854 3576 3142 3646; x_wconf 71' lang='grc' dir='ltr'>μονονουχὶ</span> <span class='ocrx_word' id='word_1_799' title='bbox 3165 3575 3278 3648; x_wconf 87' lang='grc' dir='ltr'>γάρ</span> <span class='ocrx_word' id='word_1_800' title='bbox 3306 3578 3452 3632; x_wconf 90' lang='grc' dir='ltr'>κατά</span> <span class='ocrx_word' id='word_1_801' title='bbox 3483 3579 3576 3633; x_wconf 85' lang='grc' dir='ltr'>τὸν</span> <span class='ocrx_word' id='word_1_802' title='bbox 3611 3581 3735 3634; x_wconf 76' lang='grc' dir='ltr'>Ἰὼϐ</span> 
     </span>
    </p>
   </div>
   <div class='ocr_carea' id='block_1_96' title="bbox 2036 3655 3730 3736">
    <p class='ocr_par' dir='ltr' id='par_1_96' title="bbox 2036 3655 3730 3736">
     <span class='ocr_line' id='line_1_96' title="bbox 2036 3655 3730 3736; baseline 0.008 -28"><span class='ocrx_word' id='word_1_803' title='bbox 2036 3655 2244 3725; x_wconf 89' lang='grc' dir='ltr'>ἔλεγεν,</span> <span class='ocrx_word' id='word_1_804' title='bbox 2278 3658 2359 3709; x_wconf 86' lang='grc' dir='ltr'>ὅτι</span> <span class='ocrx_word' id='word_1_805' title='bbox 2398 3658 2647 3728; x_wconf 80' lang='grc' dir='ltr'>Ὁμοίως</span> <span class='ocrx_word' id='word_1_806' title='bbox 2674 3659 3072 3732; x_wconf 75' lang='grc' dir='ltr'>ἑπλάσθημεν</span> <span class='ocrx_word' id='word_1_807' title='bbox 3101 3662 3172 3716; x_wconf 77' lang='grc' dir='ltr'>ἐν</span> <span class='ocrx_word' id='word_1_808' title='bbox 3199 3663 3277 3732; x_wconf 76' lang='grc' dir='ltr'>τῇ</span> <span class='ocrx_word' id='word_1_809' title='bbox 3301 3663 3462 3733; x_wconf 81' lang='grc' dir='ltr'>αὐτῇ</span> <span class='ocrx_word' id='word_1_810' title='bbox 3492 3669 3730 3736; x_wconf 75' lang='grc' dir='ltr'>γαστρί.</span> 
     </span>
    </p>
   </div>
   <div class='ocr_carea' id='block_1_97' title="bbox 2106 3744 3729 3826">
    <p class='ocr_par' dir='ltr' id='par_1_97' title="bbox 2106 3744 3729 3826">
     <span class='ocr_line' id='line_1_97' title="bbox 2106 3744 3729 3826; baseline 0.007 -29"><span class='ocrx_word' id='word_1_811' title='bbox 2106 3744 2299 3798; x_wconf 84' lang='grc' dir='ltr'>Τοίνυν</span> <span class='ocrx_word' id='word_1_812' title='bbox 2338 3747 2432 3799; x_wconf 73' lang='grc' dir='ltr'>καὶ</span> <span class='ocrx_word' id='word_1_813' title='bbox 2458 3750 2624 3818; x_wconf 80' lang='grc' dir='ltr'>ἡμεῖς</span> <span class='ocrx_word' id='word_1_814' title='bbox 2646 3749 3029 3821; x_wconf 86' lang='grc' dir='ltr'>φροντίζωμεν</span> <span class='ocrx_word' id='word_1_815' title='bbox 3054 3751 3267 3804; x_wconf 88' lang='grc' dir='ltr'>ἐαυτῶν</span> <span class='ocrx_word' id='word_1_816' title='bbox 3297 3753 3397 3822; x_wconf 87' lang='grc' dir='ltr'>τῆς</span> <span class='ocrx_word' id='word_1_817' title='bbox 3425 3755 3729 3826; x_wconf 88' lang='grc' dir='ltr'>σωτηρίας,</span> 
     </span>
    </p>
   </div>
   <div class='ocr_carea' id='block_1_98' title="bbox 2035 3833 3732 3910">
    <p class='ocr_par' dir='ltr' id='par_1_98' title="bbox 2035 3833 3732 3910">
     <span class='ocr_line' id='line_1_98' title="bbox 2035 3833 3732 3910; baseline 0.006 -24"><span class='ocrx_word' id='word_1_818' title='bbox 2035 3833 2130 3886; x_wconf 79' lang='grc' dir='ltr'>καὶ</span> <span class='ocrx_word' id='word_1_819' title='bbox 2157 3833 2359 3906; x_wconf 77' lang='grc' dir='ltr'>πολλὴν</span> <span class='ocrx_word' id='word_1_820' title='bbox 2386 3834 2675 3906; x_wconf 88' lang='grc' dir='ltr'>ποιώμεθα</span> <span class='ocrx_word' id='word_1_821' title='bbox 2700 3836 2810 3891; x_wconf 88' lang='grc' dir='ltr'>τῶν</span> <span class='ocrx_word' id='word_1_822' title='bbox 2833 3837 3065 3894; x_wconf 85' lang='grc' dir='ltr'>οἰκετῶν</span> <span class='ocrx_word' id='word_1_823' title='bbox 3089 3837 3188 3910; x_wconf 78' lang='grc' dir='ltr'>τὴν</span> <span class='ocrx_word' id='word_1_824' title='bbox 3212 3839 3558 3910; x_wconf 85' lang='grc' dir='ltr'>ἐπιμέλειαν,</span> <span class='ocrx_word' id='word_1_825' title='bbox 3583 3844 3732 3908; x_wconf 82' lang='grc' dir='ltr'>ὅπως</span> 
     </span>
    </p>
   </div>
   <div class='ocr_carea' id='block_1_99' title="bbox 2034 3919 3732 4002">
    <p class='ocr_par' dir='ltr' id='par_1_99' title="bbox 2034 3919 3732 4002">
     <span class='ocr_line' id='line_1_99' title="bbox 2034 3919 3732 4002; baseline 0.005 -27"><span class='ocrx_word' id='word_1_826' title='bbox 2034 3919 2246 3976; x_wconf 82' lang='grc' dir='ltr'>ἔσονται</span> <span class='ocrx_word' id='word_1_827' title='bbox 2272 3923 2502 3993; x_wconf 78' lang='grc' dir='ltr'>χρηστοὶ</span> <span class='ocrx_word' id='word_1_828' title='bbox 2527 3925 2621 3977; x_wconf 74' lang='grc' dir='ltr'>καὶ</span> <span class='ocrx_word' id='word_1_829' title='bbox 2642 3925 2924 3996; x_wconf 87' lang='grc' dir='ltr'>ἐπιμελεῖς</span> <span class='ocrx_word' id='word_1_830' title='bbox 2951 3936 2974 3965; x_wconf 83' lang='grc' dir='ltr'><strong>ο</strong></span> <span class='ocrx_word' id='word_1_831' title='bbox 3003 3944 3013 3954; x_wconf 89' lang='grc'>·</span> <span class='ocrx_word' id='word_1_832' title='bbox 3050 3927 3144 3980; x_wconf 73' lang='grc' dir='ltr'>καὶ</span> <span class='ocrx_word' id='word_1_833' title='bbox 3170 3926 3312 3981; x_wconf 87' lang='grc' dir='ltr'>ἔστω</span> <span class='ocrx_word' id='word_1_834' title='bbox 3339 3929 3434 3982; x_wconf 73' lang='grc' dir='ltr'>καὶ</span> <span class='ocrx_word' id='word_1_835' title='bbox 3455 3931 3483 3981; x_wconf 92' lang='lat'>6</span> <span class='ocrx_word' id='word_1_836' title='bbox 3511 3931 3732 4002; x_wconf 84' lang='grc' dir='ltr'>οἰκέτης</span> 
     </span>
    </p>
   </div>
   <div class='ocr_carea' id='block_1_100' title="bbox 2034 4010 3732 4082">
    <p class='ocr_par' dir='ltr' id='par_1_100' title="bbox 2034 4010 3732 4082">
     <span class='ocr_line' id='line_1_100' title="bbox 2034 4010 3732 4082; baseline 0.007 -21"><span class='ocrx_word' id='word_1_837' title='bbox 2034 4010 2193 4080; x_wconf 87' lang='grc' dir='ltr'>ήμῶν</span> <span class='ocrx_word' id='word_1_838' title='bbox 2221 4011 2662 4082; x_wconf 76' lang='grc' dir='ltr'>πεπαιδευμένος</span> <span class='ocrx_word' id='word_1_839' title='bbox 2704 4013 2772 4067; x_wconf 88' lang='grc' dir='ltr'>τά</span> <span class='ocrx_word' id='word_1_840' title='bbox 2801 4012 2898 4066; x_wconf 88' lang='grc' dir='ltr'>τοῦ</span> <span class='ocrx_word' id='word_1_841' title='bbox 2933 4013 3091 4068; x_wconf 85' lang='grc' dir='ltr'>Θεοῦ.</span> <span class='ocrx_word' id='word_1_842' title='bbox 3140 4015 3257 4070; x_wconf 84' lang='grc' dir='ltr'>Οὐκ</span> <span class='ocrx_word' id='word_1_843' title='bbox 3293 4016 3448 4070; x_wconf 90' lang='grc' dir='ltr'>ἔσται</span> <span class='ocrx_word' id='word_1_844' title='bbox 3471 4017 3732 4082; x_wconf 77' lang='grc' dir='ltr'>δύσκολος</span> 
     </span>
    </p>
   </div>
   <div class='ocr_carea' id='block_1_101' title="bbox 2032 4097 3730 4174">
    <p class='ocr_par' dir='ltr' id='par_1_101' title="bbox 2032 4097 3730 4174">
     <span class='ocr_line' id='line_1_101' title="bbox 2032 4097 3730 4174; baseline 0.006 -26"><span class='ocrx_word' id='word_1_845' title='bbox 2032 4098 2165 4167; x_wconf 87' lang='grc' dir='ltr'>ήμῖν</span> <span class='ocrx_word' id='word_1_846' title='bbox 2203 4098 2236 4167; x_wconf 86' lang='grc' dir='ltr'>ή</span> <span class='ocrx_word' id='word_1_847' title='bbox 2280 4097 2450 4169; x_wconf 84' lang='grc' dir='ltr'>ἀρετὴ</span> <span class='ocrx_word' id='word_1_848' title='bbox 2491 4097 2699 4163; x_wconf 79' lang='grc' dir='ltr'>λοιπὸν,</span> <span class='ocrx_word' id='word_1_849' title='bbox 2730 4100 2827 4154; x_wconf 86' lang='grc' dir='ltr'>ἐάν</span> <span class='ocrx_word' id='word_1_850' title='bbox 2872 4101 3117 4166; x_wconf 84' lang='grc' dir='ltr'>ἐκείνους</span> <span class='ocrx_word' id='word_1_851' title='bbox 3149 4103 3536 4174; x_wconf 79' lang='grc' dir='ltr'>ρυθμίσωμεν.</span> <span class='ocrx_word' id='word_1_852' title='bbox 3573 4106 3730 4159; x_wconf 77' lang='grc' dir='ltr'>Καθ-</span> 
     </span>
    </p>
   </div>
   <div class='ocr_carea' id='block_1_102' title="bbox 2033 4185 3732 4263">
    <p class='ocr_par' dir='ltr' id='par_1_102' title="bbox 2033 4185 3732 4263">
     <span class='ocr_line' id='line_1_102' title="bbox 2033 4185 3732 4263; baseline 0.004 -24"><span class='ocrx_word' id='word_1_853' title='bbox 2033 4185 2178 4255; x_wconf 85' lang='grc' dir='ltr'>άπερ</span> <span class='ocrx_word' id='word_1_854' title='bbox 2201 4186 2259 4237; x_wconf 83' lang='grc' dir='ltr'>ἐν</span> <span class='ocrx_word' id='word_1_855' title='bbox 2294 4185 2517 4258; x_wconf 85' lang='grc' dir='ltr'>πολέμῳ</span> <span class='ocrx_word' id='word_1_856' title='bbox 2551 4187 2907 4258; x_wconf 86' lang='grc' dir='ltr'>στρατιωτῶν</span> <span class='ocrx_word' id='word_1_857' title='bbox 2933 4188 3108 4243; x_wconf 74' lang='grc' dir='ltr'>ὄντων</span> <span class='ocrx_word' id='word_1_858' title='bbox 3132 4189 3440 4255; x_wconf 81' lang='grc' dir='ltr'>εὐτάκτων,</span> <span class='ocrx_word' id='word_1_859' title='bbox 3470 4193 3499 4244; x_wconf 91' lang='lat'>6</span> <span class='ocrx_word' id='word_1_860' title='bbox 3531 4209 3732 4263; x_wconf 83' lang='grc' dir='ltr'>στρατ-</span> 
     </span>
    </p>
   </div>
   <div class='ocr_carea' id='block_1_103' title="bbox 2034 4271 3730 4353">
    <p class='ocr_par' dir='ltr' id='par_1_103' title="bbox 2034 4271 3730 4353">
     <span class='ocr_line' id='line_1_103' title="bbox 2034 4271 3730 4353; baseline 0.006 -29"><span class='ocrx_word' id='word_1_861' title='bbox 2034 4271 2165 4342; x_wconf 84' lang='grc' dir='ltr'>ηγδς</span> <span class='ocrx_word' id='word_1_862' title='bbox 2197 4273 2397 4344; x_wconf 76' lang='grc' dir='ltr'>ῥαδίως</span> <span class='ocrx_word' id='word_1_863' title='bbox 2447 4274 2697 4344; x_wconf 84' lang='grc' dir='ltr'>πολεμεῖ,</span> <span class='ocrx_word' id='word_1_864' title='bbox 2741 4277 3056 4331; x_wconf 86' lang='grc' dir='ltr'>τούναντίον</span> <span class='ocrx_word' id='word_1_865' title='bbox 3103 4277 3161 4331; x_wconf 86' lang='grc' dir='ltr'>δέ</span> <span class='ocrx_word' id='word_1_866' title='bbox 3206 4279 3442 4348; x_wconf 88' lang='grc' dir='ltr'>γίνεται,</span> <span class='ocrx_word' id='word_1_867' title='bbox 3477 4281 3611 4334; x_wconf 83' lang='grc' dir='ltr'>ὅταν</span> <span class='ocrx_word' id='word_1_868' title='bbox 3654 4282 3730 4353; x_wconf 82' lang='grc' dir='ltr'>μὴ</span> 
     </span>
    </p>
   </div>
   <div class='ocr_carea' id='block_1_104' title="bbox 2038 4356 3728 4441">
    <p class='ocr_par' dir='ltr' id='par_1_104' title="bbox 2038 4356 3728 4441">
     <span class='ocr_line' id='line_1_104' title="bbox 2038 4356 3728 4441; baseline 0.006 -28"><span class='ocrx_word' id='word_1_869' title='bbox 2038 4359 2198 4413; x_wconf 89' lang='grc' dir='ltr'>τοῦτο</span> <span class='ocrx_word' id='word_1_870' title='bbox 2278 4377 2291 4390; x_wconf 93' lang='grc'>·</span> <span class='ocrx_word' id='word_1_871' title='bbox 2331 4362 2426 4414; x_wconf 74' lang='grc' dir='ltr'>καὶ</span> <span class='ocrx_word' id='word_1_872' title='bbox 2457 4361 2673 4416; x_wconf 86' lang='grc' dir='ltr'>ναυτῶν</span> <span class='ocrx_word' id='word_1_873' title='bbox 2698 4363 2758 4418; x_wconf 87' lang='grc' dir='ltr'>δέ</span> <span class='ocrx_word' id='word_1_874' title='bbox 2795 4365 3191 4435; x_wconf 82' lang='grc' dir='ltr'>ὁμονοούντων,</span> <span class='ocrx_word' id='word_1_875' title='bbox 3215 4367 3245 4420; x_wconf 92' lang='lat'>6</span> <span class='ocrx_word' id='word_1_876' title='bbox 3270 4366 3614 4441; x_wconf 74' lang='grc' dir='ltr'>κυϐερνήτης</span> <span class='ocrx_word' id='word_1_877' title='bbox 3636 4371 3728 4423; x_wconf 82' lang='grc' dir='ltr'>εύ-</span> 
     </span>
    </p>
   </div>
   <div class='ocr_carea' id='block_1_105' title="bbox 2039 4447 3723 4524">
    <p class='ocr_par' dir='ltr' id='par_1_105' title="bbox 2039 4447 3723 4524">
     <span class='ocr_line' id='line_1_105' title="bbox 2039 4447 3723 4524; baseline 0.007 -24"><span class='ocrx_word' id='word_1_878' title='bbox 2039 4447 2210 4511; x_wconf 89' lang='grc' dir='ltr'>κόλως</span> <span class='ocrx_word' id='word_1_879' title='bbox 2240 4450 2367 4512; x_wconf 83' lang='grc' dir='ltr'>τοὺς</span> <span class='ocrx_word' id='word_1_880' title='bbox 2399 4449 2594 4513; x_wconf 82' lang='grc' dir='ltr'>οἴακας</span> <span class='ocrx_word' id='word_1_881' title='bbox 2643 4453 3114 4524; x_wconf 86' lang='grc' dir='ltr'>μεταχειρίζεται·</span> <span class='ocrx_word' id='word_1_882' title='bbox 3150 4453 3297 4508; x_wconf 78' lang='grc' dir='ltr'>οὕτω</span> <span class='ocrx_word' id='word_1_883' title='bbox 3326 4456 3420 4509; x_wconf 73' lang='grc' dir='ltr'>καὶ</span> <span class='ocrx_word' id='word_1_884' title='bbox 3460 4457 3723 4524; x_wconf 86' lang='grc' dir='ltr'>ἐνταῦθα,</span> 
     </span>
    </p>
   </div>
   <div class='ocr_carea' id='block_1_106' title="bbox 2035 4529 3728 4617">
    <p class='ocr_par' dir='ltr' id='par_1_106' title="bbox 2035 4529 3728 4617">
     <span class='ocr_line' id='line_1_106' title="bbox 2035 4529 3728 4617; baseline 0.008 -31"><span class='ocrx_word' id='word_1_885' title='bbox 2035 4535 2131 4587; x_wconf 85' lang='grc' dir='ltr'>ἐὰν</span> <span class='ocrx_word' id='word_1_886' title='bbox 2161 4534 2336 4598; x_wconf 76' lang='grc' dir='ltr'>οὕτως</span> <span class='ocrx_word' id='word_1_887' title='bbox 2361 4529 2464 4590; x_wconf 80' lang='grc' dir='ltr'>ὦσι</span> <span class='ocrx_word' id='word_1_888' title='bbox 2497 4539 2926 4610; x_wconf 84' lang='grc' dir='ltr'>πεπαιδευμένοι</span> <span class='ocrx_word' id='word_1_889' title='bbox 2972 4542 3023 4594; x_wconf 89' lang='grc' dir='ltr'>οἰ</span> <span class='ocrx_word' id='word_1_890' title='bbox 3053 4542 3288 4605; x_wconf 82' lang='grc' dir='ltr'>οἰκέται,</span> <span class='ocrx_word' id='word_1_891' title='bbox 3340 4545 3401 4597; x_wconf 88' lang='grc' dir='ltr'>οὑ</span> <span class='ocrx_word' id='word_1_892' title='bbox 3452 4546 3728 4617; x_wconf 79' lang='grc' dir='ltr'>παροξυν-</span> 
     </span>
    </p>
   </div>
   <div class='ocr_carea' id='block_1_107' title="bbox 2035 4621 3725 4712">
    <p class='ocr_par' dir='ltr' id='par_1_107' title="bbox 2035 4621 3725 4712">
     <span class='ocr_line' id='line_1_107' title="bbox 2035 4621 3725 4712; baseline 0.009 -38"><span class='ocrx_word' id='word_1_893' title='bbox 2227 4623 2445 4712; x_wconf 75' lang='grc' dir='ltr'>ρᾳδίως,</span> <span class='ocrx_word' id='word_1_894' title='bbox 2500 4626 2602 4679; x_wconf 84' lang='grc' dir='ltr'>οὐκ</span> <span class='ocrx_word' id='word_1_895' title='bbox 2662 4627 3012 4696; x_wconf 87' lang='grc' dir='ltr'>ἐγκαλέσεις,</span> <span class='ocrx_word' id='word_1_896' title='bbox 3091 4630 3192 4684; x_wconf 82' lang='grc' dir='ltr'>οὐκ</span> <span class='ocrx_word' id='word_1_897' title='bbox 3259 4631 3589 4712; x_wconf 67' lang='grc' dir='ltr'>όργιρθήσῃ,</span> <span class='ocrx_word' id='word_1_898' title='bbox 3664 4637 3725 4690; x_wconf 86' lang='grc' dir='ltr'>ού</span> 
     </span>
    </p>
   </div>
   <div class='ocr_carea' id='block_1_108' title="bbox 2034 4711 3724 4793">
    <p class='ocr_par' dir='ltr' id='par_1_108' title="bbox 2034 4711 3724 4793">
     <span class='ocr_line' id='line_1_108' title="bbox 2034 4711 3724 4793; baseline 0.009 -31"><span class='ocrx_word' id='word_1_899' title='bbox 2034 4711 2389 4793; x_wconf 76' lang='grc' dir='ltr'>λοιδορήσεις.</span> <span class='ocrx_word' id='word_1_900' title='bbox 2436 4714 2627 4767; x_wconf 83' lang='grc' dir='ltr'>Ἔστιν</span> <span class='ocrx_word' id='word_1_901' title='bbox 2665 4715 2800 4768; x_wconf 83' lang='grc' dir='ltr'>ὅπου</span> <span class='ocrx_word' id='word_1_902' title='bbox 2835 4717 2932 4769; x_wconf 74' lang='grc' dir='ltr'>καὶ</span> <span class='ocrx_word' id='word_1_903' title='bbox 2962 4719 3281 4793; x_wconf 80' lang='grc' dir='ltr'>ἐντραπήσῃ</span> <span class='ocrx_word' id='word_1_904' title='bbox 3314 4711 3441 4784; x_wconf 74' lang='grc' dir='ltr'>τοὺς</span> <span class='ocrx_word' id='word_1_905' title='bbox 3481 4725 3724 4790; x_wconf 87' lang='grc' dir='ltr'>οἰκέτας,</span> 
     </span>
    </p>
   </div>
   <div class='ocr_carea' id='block_1_109' title="bbox 2033 4791 3728 4882">
    <p class='ocr_par' dir='ltr' id='par_1_109' title="bbox 2033 4791 3728 4882">
     <span class='ocr_line' id='line_1_109' title="bbox 2033 4791 3728 4882; baseline 0.008 -31"><span class='ocrx_word' id='word_1_906' title='bbox 2033 4798 2130 4852; x_wconf 85' lang='grc' dir='ltr'>ἐάν</span> <span class='ocrx_word' id='word_1_907' title='bbox 2153 4791 2255 4852; x_wconf 81' lang='grc' dir='ltr'>ώσι</span> <span class='ocrx_word' id='word_1_908' title='bbox 2278 4799 2602 4871; x_wconf 73' lang='grc' dir='ltr'>θαυμαστοὶ,</span> <span class='ocrx_word' id='word_1_909' title='bbox 2635 4803 2731 4856; x_wconf 74' lang='grc' dir='ltr'>καὶ</span> <span class='ocrx_word' id='word_1_910' title='bbox 2762 4791 3379 4876; x_wconf 20' lang='grc' dir='ltr'>συναντιλήψονταίτσοι,</span> <span class='ocrx_word' id='word_1_911' title='bbox 3409 4809 3503 4862; x_wconf 80' lang='grc' dir='ltr'>καὶ</span> <span class='ocrx_word' id='word_1_912' title='bbox 3531 4828 3728 4882; x_wconf 84' lang='grc' dir='ltr'>παραι-</span> 
     </span>
    </p>
   </div>
   <div class='ocr_carea' id='block_1_110' title="bbox 2033 4887 3723 4959">
    <p class='ocr_par' dir='ltr' id='par_1_110' title="bbox 2033 4887 3723 4959">
     <span class='ocr_line' id='line_1_110' title="bbox 2033 4887 3723 4959; baseline 0.007 -18"><span class='ocrx_word' id='word_1_913' title='bbox 2033 4887 2247 4941; x_wconf 83' lang='grc' dir='ltr'>νέσουσι</span> <span class='ocrx_word' id='word_1_914' title='bbox 2273 4887 2345 4940; x_wconf 85' lang='grc' dir='ltr'>τὰ</span> <span class='ocrx_word' id='word_1_915' title='bbox 2372 4889 2604 4959; x_wconf 90' lang='grc' dir='ltr'>χρηστά.</span> <span class='ocrx_word' id='word_1_916' title='bbox 2644 4891 2779 4944; x_wconf 85' lang='grc' dir='ltr'>Ἀπὸ</span> <span class='ocrx_word' id='word_1_917' title='bbox 2797 4891 2854 4944; x_wconf 79' lang='grc' dir='ltr'>δὲ</span> <span class='ocrx_word' id='word_1_918' title='bbox 2879 4893 3088 4949; x_wconf 85' lang='grc' dir='ltr'>τούτων</span> <span class='ocrx_word' id='word_1_919' title='bbox 3115 4895 3334 4950; x_wconf 88' lang='grc' dir='ltr'>πάντων</span> <span class='ocrx_word' id='word_1_920' title='bbox 3367 4896 3547 4952; x_wconf 88' lang='grc' dir='ltr'>πάντα</span> <span class='ocrx_word' id='word_1_921' title='bbox 3569 4898 3723 4954; x_wconf 81' lang='grc' dir='ltr'>ἔσται</span> 
     </span>
    </p>
   </div>
   <div class='ocr_carea' id='block_1_111' title="bbox 2031 4975 3724 5056">
    <p class='ocr_par' dir='ltr' id='par_1_111' title="bbox 2031 4975 3724 5056">
     <span class='ocr_line' id='line_1_111' title="bbox 2031 4975 3724 5056; baseline 0.007 -27"><span class='ocrx_word' id='word_1_922' title='bbox 2031 4976 2101 5029; x_wconf 81' lang='grc' dir='ltr'>τά</span> <span class='ocrx_word' id='word_1_923' title='bbox 2128 4975 2208 5047; x_wconf 88' lang='grc' dir='ltr'>τῷ</span> <span class='ocrx_word' id='word_1_924' title='bbox 2240 4975 2361 5047; x_wconf 87' lang='grc' dir='ltr'>Θεῷ</span> <span class='ocrx_word' id='word_1_925' title='bbox 2399 4977 2683 5045; x_wconf 89' lang='grc' dir='ltr'>δοκοῦντα,</span> <span class='ocrx_word' id='word_1_926' title='bbox 2725 4981 2817 5034; x_wconf 73' lang='grc' dir='ltr'>καὶ</span> <span class='ocrx_word' id='word_1_927' title='bbox 2856 4981 3003 5035; x_wconf 82' lang='grc' dir='ltr'>οὓτω</span> <span class='ocrx_word' id='word_1_928' title='bbox 3042 4986 3193 5037; x_wconf 77' lang='grc' dir='ltr'>πᾶσα</span> <span class='ocrx_word' id='word_1_929' title='bbox 3228 4987 3262 5054; x_wconf 83' lang='grc' dir='ltr'>ἠ</span> <span class='ocrx_word' id='word_1_930' title='bbox 3299 4985 3449 5040; x_wconf 91' lang='grc' dir='ltr'>οἰκία</span> <span class='ocrx_word' id='word_1_931' title='bbox 3474 4987 3724 5056; x_wconf 81' lang='grc' dir='ltr'>εὐλογίας</span> 
     </span>
    </p>
   </div>
   <div class='ocr_carea' id='block_1_112' title="bbox 2035 5063 3723 5145">
    <p class='ocr_par' dir='ltr' id='par_1_112' title="bbox 2035 5063 3723 5145">
     <span class='ocr_line' id='line_1_112' title="bbox 2035 5063 3723 5145; baseline 0.007 -28"><span class='ocrx_word' id='word_1_932' title='bbox 2035 5063 2476 5136; x_wconf 87' lang='grc' dir='ltr'>πληρωθήσεται,</span> <span class='ocrx_word' id='word_1_933' title='bbox 2515 5068 2610 5120; x_wconf 78' lang='grc' dir='ltr'>καὶ</span> <span class='ocrx_word' id='word_1_934' title='bbox 2648 5068 2719 5120; x_wconf 82' lang='grc' dir='ltr'>τά</span> <span class='ocrx_word' id='word_1_935' title='bbox 2768 5068 2848 5139; x_wconf 81' lang='grc' dir='ltr'>τῷ</span> <span class='ocrx_word' id='word_1_936' title='bbox 2879 5069 3001 5141; x_wconf 83' lang='grc' dir='ltr'>Θεῴ</span> <span class='ocrx_word' id='word_1_937' title='bbox 3043 5072 3348 5145; x_wconf 83' lang='grc' dir='ltr'>ἀρέσκοντα</span> <span class='ocrx_word' id='word_1_938' title='bbox 3392 5073 3723 5145; x_wconf 88' lang='grc' dir='ltr'>διαπραττό-</span> 
     </span>
    </p>
   </div>
   <div class='ocr_carea' id='block_1_113' title="bbox 2035 5154 3723 5235">
    <p class='ocr_par' dir='ltr' id='par_1_113' title="bbox 2035 5154 3723 5235">
     <span class='ocr_line' id='line_1_113' title="bbox 2035 5154 3723 5235; baseline 0.009 -33"><span class='ocrx_word' id='word_1_939' title='bbox 2035 5169 2208 5222; x_wconf 86' lang='grc' dir='ltr'>μενοι,</span> <span class='ocrx_word' id='word_1_940' title='bbox 2243 5154 2447 5224; x_wconf 84' lang='grc' dir='ltr'>πολλῆς</span> <span class='ocrx_word' id='word_1_941' title='bbox 2486 5157 2876 5228; x_wconf 89' lang='grc' dir='ltr'>ἀπολαύσομεν</span> <span class='ocrx_word' id='word_1_942' title='bbox 2905 5162 3008 5230; x_wconf 76' lang='grc' dir='ltr'>τῆς</span> <span class='ocrx_word' id='word_1_943' title='bbox 3047 5159 3256 5214; x_wconf 83' lang='grc' dir='ltr'>ἀνωθεν</span> <span class='ocrx_word' id='word_1_944' title='bbox 3287 5163 3632 5231; x_wconf 81' lang='grc' dir='ltr'>συμμαχίας,</span> <span class='ocrx_word' id='word_1_945' title='bbox 3655 5158 3723 5235; x_wconf 82' lang='grc' dir='ltr'>ἦς</span> 
     </span>
    </p>
   </div>
   <div class='ocr_carea' id='block_1_114' title="bbox 2031 5241 3724 5321">
    <p class='ocr_par' dir='ltr' id='par_1_114' title="bbox 2031 5241 3724 5321">
     <span class='ocr_line' id='line_1_114' title="bbox 2031 5241 3724 5321; baseline 0.007 -29"><span class='ocrx_word' id='word_1_946' title='bbox 2031 5241 2240 5308; x_wconf 83' lang='grc' dir='ltr'>γένοιτο</span> <span class='ocrx_word' id='word_1_947' title='bbox 2299 5242 2511 5308; x_wconf 91' lang='grc' dir='ltr'>πάντας</span> <span class='ocrx_word' id='word_1_948' title='bbox 2563 5245 2712 5316; x_wconf 82' lang='grc' dir='ltr'>ἡμᾶς</span> <span class='ocrx_word' id='word_1_949' title='bbox 2759 5249 3070 5319; x_wconf 82' lang='grc' dir='ltr'>ἐπιτυχεῖν,</span> <span class='ocrx_word' id='word_1_950' title='bbox 3134 5250 3320 5320; x_wconf 88' lang='grc' dir='ltr'>χάριτι</span> <span class='ocrx_word' id='word_1_951' title='bbox 3378 5251 3475 5303; x_wconf 80' lang='grc' dir='ltr'>καὶ</span> <span class='ocrx_word' id='word_1_952' title='bbox 3533 5251 3724 5321; x_wconf 78' lang='grc' dir='ltr'>φιλαν-</span> 
     </span>
    </p>
   </div>
   <div class='ocr_carea' id='block_1_115' title="bbox 2031 5327 3722 5410">
    <p class='ocr_par' dir='ltr' id='par_1_115' title="bbox 2031 5327 3722 5410">
     <span class='ocr_line' id='line_1_115' title="bbox 2031 5327 3722 5410; baseline 0.008 -30"><span class='ocrx_word' id='word_1_953' title='bbox 2031 5327 2250 5399; x_wconf 74' lang='grc' dir='ltr'>θρωπία</span> <span class='ocrx_word' id='word_1_954' title='bbox 2279 5328 2373 5382; x_wconf 90' lang='grc' dir='ltr'>τοῦ</span> <span class='ocrx_word' id='word_1_955' title='bbox 2406 5331 2615 5402; x_wconf 82' lang='grc' dir='ltr'>Κυρίου</span> <span class='ocrx_word' id='word_1_956' title='bbox 2650 5333 2808 5404; x_wconf 76' lang='grc' dir='ltr'>ἡμῶν</span> <span class='ocrx_word' id='word_1_957' title='bbox 2848 5333 3026 5405; x_wconf 81' lang='grc' dir='ltr'>Ἰησοῦ</span> <span class='ocrx_word' id='word_1_958' title='bbox 3073 5336 3338 5407; x_wconf 87' lang='grc' dir='ltr'>Χριστοῦ,</span> <span class='ocrx_word' id='word_1_959' title='bbox 3388 5337 3507 5408; x_wconf 85' lang='grc' dir='ltr'>μεθ’</span> <span class='ocrx_word' id='word_1_960' title='bbox 3550 5333 3611 5392; x_wconf 72' lang='grc' dir='ltr'>οὗ</span> <span class='ocrx_word' id='word_1_961' title='bbox 3641 5339 3722 5410; x_wconf 84' lang='grc' dir='ltr'>τῷ</span> 
     </span>
    </p>
   </div>
   <div class='ocr_carea' id='block_1_116' title="bbox 2029 5415 3716 5498">
    <p class='ocr_par' dir='ltr' id='par_1_116' title="bbox 2029 5415 3716 5498">
     <span class='ocr_line' id='line_1_116' title="bbox 2029 5415 3716 5498; baseline 0.008 -31"><span class='ocrx_word' id='word_1_962' title='bbox 2029 5415 2209 5485; x_wconf 77' lang='grc' dir='ltr'>Πατρὶ</span> <span class='ocrx_word' id='word_1_963' title='bbox 2239 5415 2356 5487; x_wconf 74' lang='grc' dir='ltr'>ἅμα</span> <span class='ocrx_word' id='word_1_964' title='bbox 2386 5418 2466 5488; x_wconf 85' lang='grc' dir='ltr'>τῷ</span> <span class='ocrx_word' id='word_1_965' title='bbox 2500 5419 2642 5490; x_wconf 84' lang='grc' dir='ltr'>ἀγίῳ</span> <span class='ocrx_word' id='word_1_966' title='bbox 2680 5421 2956 5492; x_wconf 87' lang='grc' dir='ltr'>Πνεύματι</span> <span class='ocrx_word' id='word_1_967' title='bbox 2998 5423 3148 5490; x_wconf 77' lang='grc' dir='ltr'>δόξα,</span> <span class='ocrx_word' id='word_1_968' title='bbox 3180 5425 3404 5493; x_wconf 86' lang='grc' dir='ltr'>κράτος,</span> <span class='ocrx_word' id='word_1_969' title='bbox 3435 5425 3590 5498; x_wconf 82' lang='grc' dir='ltr'>τιμὴ,</span> <span class='ocrx_word' id='word_1_970' title='bbox 3623 5426 3716 5481; x_wconf 88' lang='grc' dir='ltr'>νῦν</span> 
     </span>
    </p>
   </div>
   <div class='ocr_carea' id='block_1_117' title="bbox 2026 5503 3514 5587">
    <p class='ocr_par' dir='ltr' id='par_1_117' title="bbox 2026 5503 3514 5587">
     <span class='ocr_line' id='line_1_117' title="bbox 2026 5503 3514 5587; baseline 0.011 -32"><span class='ocrx_word' id='word_1_971' title='bbox 2026 5503 2125 5558; x_wconf 78' lang='grc' dir='ltr'>καὶ</span> <span class='ocrx_word' id='word_1_972' title='bbox 2151 5506 2260 5570; x_wconf 76' lang='grc' dir='ltr'>ἀεὶ,</span> <span class='ocrx_word' id='word_1_973' title='bbox 2294 5508 2390 5562; x_wconf 76' lang='grc' dir='ltr'>καὶ</span> <span class='ocrx_word' id='word_1_974' title='bbox 2414 5511 2492 5572; x_wconf 82' lang='grc' dir='ltr'>εἰς</span> <span class='ocrx_word' id='word_1_975' title='bbox 2516 5511 2643 5574; x_wconf 80' lang='grc' dir='ltr'>τοὺς</span> <span class='ocrx_word' id='word_1_976' title='bbox 2676 5513 2881 5576; x_wconf 86' lang='grc' dir='ltr'>αἰῶνας</span> <span class='ocrx_word' id='word_1_977' title='bbox 2911 5514 3022 5568; x_wconf 86' lang='grc' dir='ltr'>τῶν</span> <span class='ocrx_word' id='word_1_978' title='bbox 3045 5515 3279 5570; x_wconf 88' lang='grc' dir='ltr'>αἰώνων.</span> <span class='ocrx_word' id='word_1_979' title='bbox 3317 5515 3514 5587; x_wconf 74' lang='grc' dir='ltr'>Ἀμήν.</span> 
     </span>
    </p>
   </div>
   <div class='ocr_carea' id='block_1_118' title="bbox 2094 5612 3099 5681">
    <p class='ocr_par' dir='ltr' id='par_1_118' title="bbox 2094 5612 3099 5681">
     <span class='ocr_line' id='line_1_118' title="bbox 2094 5612 3099 5681; baseline 0.01 -22"><span class='ocrx_word' id='word_1_980' title='bbox 2094 5613 2116 5641; x_wconf 72' lang='grc' dir='ltr'><strong>ε</strong></span> <span class='ocrx_word' id='word_1_981' title='bbox 2147 5612 2246 5661; x_wconf 72' lang='grc' dir='ltr'>Καὶ</span> <span class='ocrx_word' id='word_1_982' title='bbox 2271 5612 2505 5676; x_wconf 68' lang='grc' dir='ltr'>ἐπιμελεῖς</span> <span class='ocrx_word' id='word_1_983' title='bbox 2527 5615 2676 5666; x_wconf 75' lang='lat' dir='ltr'>deest</span> <span class='ocrx_word' id='word_1_984' title='bbox 2701 5620 2753 5666; x_wconf 76' lang='lat' dir='ltr'>In</span> <span class='ocrx_word' id='word_1_985' title='bbox 2786 5617 3099 5681; x_wconf 84' lang='lat' dir='ltr'>quibusdam.</span> 
     </span>
    </p>
   </div>
  </div>
