4076 6524
215 509 308 567 52l
1158 492 1227 550 IN
1268 488 1444 546 ACTA
1486 479 2010 543 APOSTOLORUSL
2055 480 2283 538 llOlllL.
2324 479 2511 538 XLVI.

1361 610 1887 710 "—“uomus
1928 642 2153 704 XLVI.

219 619 773 651 ιαμ-’⁵

209 816 334 873 Cu.
395 815 489 870 2i.
528 828 585 866 ν.
629 810 719 865 l8.
766 804 1008 874 Sequenti
1035 804 1205 857 autem
1247 800 1332 854 die
1380 797 1623 852 introibat
1654 794 1797 848 Pauo

277 911 357 963 lus
385 905 671 961 -nobiscum
699 900 768 953 ad
790 897 1071 962 Iacobum,
1100 907 1370 961 omnesque
1398 887 1675 959 presbyteri
1702 884 1797 939 ad-

274 1007 438 1053 erant.
466 994 552 1050 l9.
575 992 716 1060 Quos
742 1005 855 1043 cum
875 988 1163 1049 salutasset,
1190 982 1429 1037 narrabat
1456 996 1543 1049 per
1567 974 1794 1047 singula,

276 1103 388 1157 quia
417 1086 556 1140 Deus
578 1086 774 1155 fecisset
796 1081 848 1134 in
868 1076 1099 1151 gentibus
1126 1091 1217 1145 per
1241 1072 1581 1127 ministerium
1609 1068 1794 1139 ipsius.

282 1182 330 1236 ι.
372 1178 471 1233 Hie
509 1176 674 1231 frater
710 1180 828 1228 erat
868 1168 1075 1224 Domini
1104 1175 1158 1220 et
1184 1164 1470 1234 episcopus
1509 1159 1788 1230 Jerosolyo

209 1285 446 1334 morum,
476 1265 559 1321 vir
587 1276 811 1334 magnus
830 1269 885 1315 et
905 1255 1187 1314 mirabilis.
1217 1252 1300 1308 Ad
1329 1251 1474 1307 hunc
1500 1248 1797 1320 ingreditur

211 1360 419 1423 Paulus,
448 1360 584 1413 sicut
611 1364 662 1410 et
689 1365 813 1407 ante
833 1350 995 1407 etiam
1024 1347 1089 1403 ad
1113 1348 1265 1401 illum
1289 1344 1520 1399 mittitur
1545 1359 1558 1395 :
1584 1352 1636 1396 et
1663 1354 1798 1410 quo.

210 1452 400 1515 modo,
444 1449 589 1504 audi.
632 1444 874 1513 Sequenti
917 1449 1085 1495 autem
1128 1438 1250 1501 die,
1300 1436 1513 1507 inquit,
1558 1429 1797 1487 introibat

218 1545 411 1598 Paulus
443 1542 703 1595 nobiscum
731 1538 798 1591 ad
820 1535 1092 1590 Iacobum.
1136 1530 1266 1586 Vide
1296 1543 1454 1600 quam
1488 1527 1559 1579 sit
1588 1539 1616 1578 a
1660 1525 1794 1578 fastu

207 1637 429 1690 alienus.
475 1632 759 1699 Omnesque
790 1625 1066 1697 presbyteri
1095 1623 1331 1676 aderant.
1380 1618 1521 1687 Quos
1565 1633 1678 1669 cum
1706 1631 1792 1669 sa-

209 1726 433 1788 lutasset,
482 1721 718 1777 narrabat
776 1734 867 1790 per
906 1716 1142 1787 singula,
1172 1727 1286 1784 qua
1330 1714 1515 1782 fecerat
1557 1706 1695 1762 Deus
1742 1706 1795 1760 in

207 1815 435 1888 gentibus
477 1829 569 1883 per
606 1808 943 1864 ministerium
983 1806 1166 1875 ipsius.
1210 1803 1406 1857 lterum
1450 1799 1555 1854 illis
1580 1812 1702 1868 quas
1728 1795 1794 1851 ad

206 1916 390 1977 gentes
416 1901 729 1976 spectabant
754 1906 1008 1966 enarrat,
1042 1911 1151 1952 non
1178 1910 1329 1949 vanae
1360 1892 1545 1962 gloriae
1572 1888 1751 1945 studio
1775 1929 1793 1955 ,

207 1997 377 2062 absit;
410 1995 505 2051 sed
549 2003 609 2049 ut
651 1992 743 2048 Dei
772 1989 1113 2047 clementiam
1142 1984 1492 2051 ostenderet,
1535 1990 1592 2037 et
1628 1980 1795 2035 multa

206 2087 350 2157 ipsos
376 2085 628 2156 impleret
658 2081 862 2139 laztitia.
904 2078 1040 2134 Vide
1064 2091 1196 2148 ergo
1218 2073 1495 2147 quomodo
1511 2072 1797 2129 audientes

208 2183 370 2238 Deum
402 2180 785 2253 gloriﬂcarent.
823 2174 939 2231 Non
967 2172 1121 2227 illum
1146 2176 1459 2226 extulerunt
1498 2167 1585 2222 vel
1612 2164 1794 2221 mirati

204 2282 325 2328 sunt
347 2315 362 2340 ,
394 2273 492 2329 sed
524 2270 683 2325 Deum
708 2266 1061 2340 gloriﬁcubant
1088 2280 1106 2317 :
1139 2263 1209 2315 ita
1238 2275 1382 2316 enim
1415 2257 1709 2319 narrabat,
1738 2264 1797 2309 ut

205 2367 277 2421 illi
307 2382 419 2421 rem
444 2364 795 2418 adscriberet.
826 2359 916 2416 20.
951 2358 1015 2412 At
1043 2356 1121 2410 illi
1143 2372 1257 2409 cum
1284 2353 1565 2416 audissent,
1594 2349 1795 2420 magni-

206 2458 425 2524 ﬁcabant
444 2454 630 2517 Deum,
655 2453 991 2518 dixeruntque
1013 2448 1057 2502 ei
1083 2463 1100 2501 :
1130 2445 1305 2510 Vides,
1329 2444 1513 2512 frater,
1540 2450 1661 2512 quot
1680 2448 1797 2493 sunt

204 2548 362 2601 millia
392 2548 445 2600 in
474 2545 690 2606 Iudicis,
722 2544 812 2613 qui
839 2540 1200 2601 crediderunt;
1243 2546 1290 2591 et
1321 2552 1493 2590 ontnes
1521 2533 1794 2588 tentulato-

205 2656 280 2691 res
292 2649 410 2691 sunt
427 2638 578 2709 legis.
609 2635 891 2689 Audierant
919 2640 1083 2685 autem
1108 2630 1171 2683 de
1195 2638 1261 2693 te,
1292 2628 1412 2699 quia
1436 2625 1792 2680 discessionem

204 2731 381 2784 doceas
408 2747 439 2784 a
471 2727 652 2798 Moyse
678 2744 784 2792 eos,
815 2726 899 2791 qui
929 2726 1059 2777 inter
1087 2731 1259 2793 gentes
1284 2730 1402 2775 sunt
1427 2760 1442 2782 ,
1484 2733 1657 2771 omnes
1696 2714 1797 2769 Ju-

203 2822 336 2876 daos
356 2862 371 2883 ,
414 2820 588 2874 dicens
614 2834 698 2873 eos
727 2834 828 2871 non
860 2816 1036 2869 debere
1062 2813 1423 2867 circumcidere
1454 2812 1591 2880 ﬁlios
1632 2826 1753 2865 suos
1777 2848 1793 2873 ,

204 2929 357 2984 neque
386 2912 467 2965 his
494 2906 940 2963 consuetudinibus
970 2904 1225 2959 incedere.
1268 2902 1404 2958 Vide
1443 2917 1565 2957 cum
1596 2909 1794 2971 quanta

207 3013 255 3058 et
288 3002 347 3057 iti
376 3000 641 3057 modestia
672 3000 978 3070 loquantur.
1021 2995 1137 3051 Non
1171 2996 1323 3067 quasi
1354 2996 1639 3064 episcopus
1669 3008 1794 3049 cum

204 3095 525 3149 auctoritate
558 3093 817 3162 loquitur,
846 3090 941 3145 sed
971 3089 1118 3143 illum
1150 3090 1203 3141 in
1230 3088 1440 3141 consilii
1470 3088 1677 3141 socium
1704 3100 1795 3140 as-

204 3196 435 3250 sumunt;
462 3198 528 3240 ac
553 3185 597 3239 si
623 3184 801 3239 statim
831 3191 883 3237 et
908 3182 976 3255 ab
1007 3182 1159 3235 initio
1188 3180 1452 3235 rationem
1483 3178 1793 3240 redderent,

206 3278 547 3347 dicerentque
576 3292 590 3329 :
621 3274 738 3330 Non
767 3256 1042 3328 vellemus.
1075 3272 1239 3327 Vides
1273 3273 1347 3327 rei
1378 3269 1796 3327 necessitatem?

217 3367 383 3432 Vides,
404 3368 673 3437 inquiunt,
691 3373 811 3435 quot
838 3365 940 3419 sint
967 3364 1129 3418 millia
1158 3364 1211 3416 in
1235 3361 1433 3416 Iudaeis
1457 3363 1543 3431 qui
1570 3363 1798 3415 credide-

207 3460 351 3513 runt!
369 3458 487 3515 Nec
502 3457 706 3513 dicunt.
729 3456 869 3524 Quot
891 3455 1055 3510 millia
1078 3455 1486 3518 institueritnus,
1512 3453 1607 3509 sed
1636 3454 1789 3508 Sunt.

210 3549 273 3604 Et
298 3550 352 3604 Isi
376 3588 394 3615 ,
446 3550 693 3619 inquiunt
714 3588 730 3614 ,
758 3563 933 3602 omnes
960 3546 1277 3601 aemulatores
1308 3554 1425 3598 stmt
1471 3544 1619 3615 legis.
1668 3545 1793 3599 Dute

209 3654 379 3696 causae
399 3648 547 3705 sunt,
577 3648 632 3694 et
652 3636 933 3692 multitudo
957 3646 1013 3691 et
1038 3636 1391 3705 propositum.
1422 3634 1605 3704 Neque
1627 3635 1795 3703 enim,

209 3731 251 3785 si
280 3732 429 3801 pauci
457 3730 706 3794 fuissent,
736 3725 1113 3784 contemnendi
1145 3736 1319 3788 erant;
1348 3741 1521 3796 neque
1549 3726 1593 3779 si
1616 3726 1794 3793 multi,

210 3830 263 3876 et
282 3836 388 3876 non
415 3834 606 3876 omnes
640 3819 812 3890 legem
839 3818 1224 3883 retinuissent,
1256 3832 1577 3887 magnopere
1605 3831 1801 3871 curan-

212 3911 333 3967 dum
359 3921 497 3968 erat.
540 3911 760 3967 Accedit
785 3919 842 3966 et
871 3909 1026 3965 tertia
1056 3922 1214 3964 causa
1265 3926 1278 3961 :
1336 3926 1354 3959 ι
1406 3909 1471 3962 Et
1513 3909 1565 3961 ill
1610 3922 1800 3964 omnes

212 4002 382 4059 edocti
408 4011 541 4058 sunt
564 4002 633 4057 de
662 4011 716 4057 te
741 4042 756 4068 ,
786 4000 958 4070 inquit
978 4039 994 4065 ,
1022 3998 1163 4069 quod
1181 3998 1574 4053 discessionem
1604 3998 1801 4054 doceas

214 4112 241 4151 s
271 4096 451 4170 Moyse
480 4110 577 4151 eos
603 4107 824 4159 omnes,
852 4091 945 4163 qui
972 4092 1113 4146 inter
1140 4099 1327 4162 gentes
1355 4102 1512 4153 sunt,
1538 4090 1757 4148 Judaeos
1781 4132 1798 4158 ,

215 4187 395 4243 dicens
425 4202 533 4241 non
559 4184 755 4240 debere
780 4198 874 4239 eos
899 4182 1287 4238 circumcidere
1314 4182 1448 4238 filios
1473 4198 1601 4239 suos
1626 4199 1803 4254 neque

217 4278 267 4333 in
297 4275 776 4334 consuetudinibus
797 4274 905 4329 illis
930 4273 1199 4329 incedere.
1241 4291 1261 4325 ι
1292 4273 1405 4328 Νοη
1432 4274 1615 4329 dicunt
1643 4315 1658 4339 ,
1692 4277 1802 4330 Au-

215 4372 447 4437 dieruut;
473 4370 592 4435 sed,
616 4368 800 4424 Edocti
824 4377 963 4433 sunt,
991 4365 1042 4421 id
1066 4374 1178 4431 est,
1209 4366 1435 4419 instituti
1459 4376 1585 4422 sunt
1608 4378 1660 4421 et
1686 4382 1806 4422 cre-

217 4465 463 4521 diderunt
488 4505 505 4531 ,
548 4462 686 4535 quod
710 4461 1067 4516 discessionem
1090 4475 1123 4511 a
1150 4458 1329 4530 Moyse
1371 4458 1573 4525 doceas,
1632 4460 1803 4514 dicens

218 4573 315 4611 non
340 4557 518 4611 debere
560 4571 644 4609 eos
668 4551 1031 4607 circumcidere
1070 4551 1208 4620 ﬁlios
1228 4567 1368 4615 suos,
1412 4568 1571 4623 neque
1598 4554 1653 4607 in
1682 4570 1806 4607 con-

219 4648 563 4703 suetudinibus
580 4646 683 4700 illis
700 4644 951 4698 incedere.
974 4643 1102 4698 Post
1126 4643 1241 4699 llaec
1265 4644 1533 4699 subdidit:
1552 4644 1642 4698 2‘2.
1666 4644 1804 4711 Quid

218 4756 336 4812 ergo
354 4749 427 4794 est
449 4738 476 4793 f
527 4736 711 4805 Utique
738 4744 935 4804 oportet
960 4736 1225 4789 convenire
1263 4735 1638 4791 multitudinem
1667 4754 1685 4791 :
1711 4756 1808 4793 au-

221 4833 355 4888 dient
379 4832 511 4885 enim
540 4840 588 4883 te
612 4829 819 4883 uenisse.
855 4826 949 4881 23.
980 4825 1093 4881 Hoc
1119 4844 1237 4899 ergo
1267 4832 1370 4899 fac,
1402 4830 1538 4900 quod
1562 4831 1651 4883 tibi
1676 4830 1805 4885 dici-

224 4942 349 4979 mus.
390 4923 556 4993 Quasi
585 4921 867 4976 consilium
894 4913 1085 4974 dantes
1124 4927 1228 4975 boc
1264 4921 1479 4987 dicunt,
1514 4938 1622 4976 non
1652 4925 1803 4993 quasi

224 5010 565 5089 imperantes.
613 5033 633 5067 ι
665 5014 801 5071 Sunt
824 5012 980 5069 nobis
1006 5013 1105 5067 viri
1131 5022 1365 5083 quatuor
1389 5023 1569 5069 votum
1600 5014 1806 5071 baben-

225 5117 302 5167 tes
325 5123 487 5179 super
506 5122 586 5164 se.
609 5105 699 5162 2b.
728 5105 820 5159 His
839 5106 1129 5173 assumptis
1151 5104 1422 5161 sanctifica
1452 5115 1504 5162 te
1525 5122 1647 5161 cum
1674 5108 1801 5175 illis,

224 5207 275 5254 et
302 5197 552 5269 impende
582 5196 633 5251 in
662 5195 766 5249 illis
791 5236 805 5259 ,
838 5204 897 5248 ut
926 5195 1117 5248 radant
1141 5196 1315 5265 capita
1343 5239 1358 5263 ,
1400 5207 1453 5251 et
1490 5196 1663 5252 sciant
1683 5213 1803 5252 om-

227 5307 315 5348 nes
338 5332 354 5357 ,
396 5291 519 5363 quia
552 5303 671 5360 qua:
698 5287 764 5343 de
794 5297 846 5342 te
873 5286 1163 5343 audierunt
1193 5275 1325 5343 falsa
1364 5300 1487 5343 sunt
1512 5331 1527 5355 ,
1574 5291 1664 5344 sed
1693 5306 1820 5360 am-_

227 5384 374 5439 bulas
399 5394 453 5439 et
480 5384 596 5452 ipse
622 5380 931 5437 custodiens
958 5380 1155 5451 legem.
1189 5401 1207 5434 ι
1251 5380 1555 5437 Consulunt
1580 5392 1636 5437 ut
1664 5398 1722 5438 re
1753 5394 1808 5439 et

226 5488 403 5545 opere,
434 5488 541 5528 non
571 5487 821 5527 sermone
848 5470 1223 5527 defensionem
1254 5481 1427 5542 paret.
1473 5472 1542 5529 Ut
1594 5474 1802 5541 rodant,

226 5563 391 5634 inquit
409 5604 425 5629 ,
455 5572 502 5617 et
532 5564 695 5617 sciant
725 5578 895 5617 omnes
920 5603 936 5627 ,
968 5562 1086 5631 quia
1114 5578 1229 5628 quin
1257 5562 1418 5616 edocti
1450 5574 1567 5618 sunt
1622 5566 1685 5619 de
1714 5575 1762 5619 te
1786 5605 1802 5629 ,

228 5656 354 5726 falsa
381 5665 519 5712 sunt.
560 5654 679 5710 Non
708 5654 991 5721 dixerunt,
1025 5654 1104 5709 Tu
1135 5654 1297 5711 doces
1323 5697 1336 5720 ,
1368 5658 1466 5713 sed
1498 5658 1803 5725 Audierant,

226 5762 433 5804 rursum
463 5749 567 5804 hoc
596 5748 763 5802 verbo
792 5748 1101 5818 significans
1124 5790 1137 5812 ,
1169 5748 1344 5803 edocti
1390 5759 1516 5803 sunt
1541 5792 1556 5815 ,
1584 5760 1637 5805 et
1664 5753 1806 5821 quod

226 5839 481 5908 Ambulas,
509 5840 561 5897 id
588 5849 701 5903 est,
736 5855 799 5895 ex
827 5840 1114 5894 abundanti
1144 5842 1256 5911 ipse
1284 5857 1490 5897 serves.
1520 5842 1635 5897 Non
1661 5846 1806 5902 enim

232 5930 327 5988 hoc
358 5934 531 5989 solum
562 5934 901 6004 quzerebatur
927 5977 939 5998 ,
971 5950 1035 5987 an
1064 5934 1199 5991 alios
1230 5934 1451 5991 doceret
1480 5979 1496 6003 ,
1526 5936 1619 5989 sed
1646 5937 1804 5991 etiam

3400 482 3509 541 322

3230 600 3491 619 ἢ

1902 806 1971 846 an
2004 791 2118 861 ipse
2158 797 2422 847 servaret.
2462 785 2604 856 Quid
2650 801 2817 859 ergo,
2862 787 2906 842 si
2947 794 3138 858 gentes
3166 776 3448 844 didicerint
3478 829 3495 851 ,

1906 882 2111 952 inquit,
2146 895 2325 935 annon
2356 878 2738 935 ollendenturl
2766 877 2947 946 Quare
2970 919 2986 943 ,
3018 892 3141 933 cum
3199 893 3298 933 nos
3326 878 3503 933 Judtei

1904 972 2153 1028 doctores
2181 970 2328 1027 illum
2352 970 2419 1025 ad
2447 978 2637 1041 gentes
2653 968 3014 1024 miserimus?
3042 968 3132 1025 25.
3164 986 3184 1021 ι
3218 969 3292 1025 De
3318 969 3384 1024 iis
3409 984 3508 1023 auo

1904 1071 2049 1128 tem,
2081 1063 2168 1133 qui
2196 1060 2543 1118 crediderunt
2569 1076 2634 1115 ex
2666 1059 2916 1130 gentibus
2936 1100 2952 1123 ,
2992 1074 3090 1114 nos
3132 1060 3455 1129 scripsimus
3476 1101 3493 1126 ,

1903 1156 2257 1214 decernentes
2285 1173 2354 1214 ne
2380 1157 2507 1229 quid
2530 1156 2837 1227 huiusmodi
2864 1157 3189 1223 observent,
3218 1157 3314 1214 sed
3334 1158 3505 1214 absti-

1903 1258 2066 1305 neant
2094 1250 2162 1304 ab
2191 1250 2257 1305 iis
2279 1289 2296 1315 ,
2327 1265 2448 1320 quae
2482 1244 2758 1305 immOlata
2789 1258 2916 1304 sunt
2949 1250 3107 1307 idolis
3133 1291 3149 1317 ,
3182 1265 3211 1304 a
3242 1248 3506 1321 sanguine

1904 1350 1957 1395 et
1982 1339 2246 1397 sull‘ocato
2268 1352 2324 1395 et
2352 1340 2732 1396 fornicatione.
2769 1358 2793 1394 ι’
2820 1340 2919 1397 Hic
2942 1320 3214 1399 monendo
3242 1320 3500 1415 loquitur:

1903 1432 2019 1488 vult
2057 1444 2237 1489 autem
2278 1433 2463 1489 dicere
2486 1474 2501 1499 ,
2536 1432 2603 1490 Ut
2648 1447 2747 1488 nos
2792 1433 2924 1504 ipsis
2965 1436 3326 1505 praecepimus
3350 1477 3366 1502 ,
3396 1438 3502 1493 etsi

1901 1527 2100 1582 .ludzeis
2127 1528 2480 1599 praedicantes
2512 1546 2525 1581 :
2553 1528 2632 1582 sic
2662 1536 2717 1582 et
2744 1534 2800 1581 tu
2822 1568 2837 1591 ,
2870 1527 2972 1582 etsi
2999 1527 3253 1598 gentibus
3300 1529 3498 1599 pra-di-

1912 1636 2043 1687 ces,
2092 1636 2387 1691 cooperare
2432 1620 2734 1675 nobiscum.
2777 1618 3013 1675 Observa
3062 1619 3284 1675 Paulum
3330 1639 3343 1675 :
3394 1630 3501 1676 non

1903 1712 2068 1777 dicit,
2108 1712 2333 1767 Possum
2375 1711 2557 1782 utique
2598 1710 2944 1766 Timotheum
2990 1710 3302 1779 adducere,
3336 1726 3499 1782 quem

1902 1802 2212 1857 circumcidi
2236 1844 2252 1869 ,
2283 1817 2338 1858 et
2365 1816 2581 1871 possum
2609 1802 2711 1857 hoc
2735 1815 2989 1857 sertuone
3012 1801 3374 1872 persuadere;
3401 1802 3498 1862 sed

1901 1895 2294 1963 obtemperavit
2320 1894 2430 1957 eis,
2464 1903 2521 1949 et
2555 1894 2734 1949 omnia
2782 1893 2907 1949 fecit
2939 1913 2952 1949 :
2981 1896 3181 1950 etenim
3210 1896 3290 1952 sic
3330 1911 3497 1966 expe-

1902 1984 2104 2041 diebat.
2128 1984 2243 2040 Non
2263 1986 2410 2041 enim
2439 1986 2580 2041 idem
2608 1994 2727 2041 erat
2748 1986 3010 2041 rationem
3034 1986 3216 2043 verbis
3242 1987 3492 2057 reddere,

1901 2084 1957 2133 et
1985 2076 2199 2133 nemine
2236 2077 2455 2134 conscio
2487 2078 2590 2134 hoc
2634 2076 2829 2133 facere.
2870 2077 3195 2148 Suspicione
3236 2079 3501 2147 carebat,

1902 2167 2043 2240 quod
2073 2169 2233 2223 etiam
2264 2168 2619 2239 impenderet.
2666 2169 2758 2225 26.
2813 2168 2956 2223 Tune
2982 2168 3185 2225 Paulus
3226 2174 3503 2241 assumptis

1902 2260 2042 2323 ciris,
2079 2269 2279 2328 postera
2305 2260 2389 2314 die
2418 2260 2718 2330 puriﬁcatus
2746 2276 2862 2314 cunt
2891 2259 2996 2315 illis
3015 2302 3031 2327 ,
3060 2262 3266 2315 intrauit
3292 2263 3344 2316 in
3372 2274 3502 2317 tem-

1903 2354 2083 2427 plum,
2114 2353 2424 2407 annuntians
2464 2351 2802 2422 expletionem
2838 2352 3033 2407 dierum
3085 2355 3461 2423 puriﬁcatiouis
3482 2395 3501 2420 ,

1903 2446 2062 2499 donec
2086 2443 2355 2511 oﬂ'erretur
2376 2459 2468 2514 pro
2492 2459 2592 2497 uno
2618 2459 2817 2513 quoque
2842 2459 3016 2497 eorum
3040 2445 3251 2499 oblatio.
3285 2446 3501 2501 Annua-

1902 2538 2063 2602 tians,
2109 2536 2211 2591 hoc
2237 2544 2352 2601 est,
2402 2535 2681 2590 declarans
2710 2553 2723 2593 :
2758 2536 2938 2607 itaque
2967 2537 3080 2606 ipse
3108 2550 3223 2593 erat
3256 2540 3345 2611 qui
3376 2554 3500 2596 sese

1903 2629 2246 2685 manifestum
2278 2628 2521 2684 faciebat.
2562 2628 2653 2683 27.
2692 2626 2821 2686 Cum
2846 2639 3011 2684 autem
3040 2641 3234 2702 septem
3264 2634 3371 2690 dies
3385 2636 3501 2705 jam

1901 2722 2149 2793 implendi
2175 2731 2364 2777 essent.

1972 2814 2027 2868 2.
2070 2813 2204 2868 Vide
2220 2811 2493 2882 quomodo
2527 2811 2866 2879 potissimum
2900 2814 2952 2867 in
3003 2813 3109 2870 illis
3140 2823 3402 2871 moratur.
3452 2816 3502 2872 li

1902 2907 1989 2978 qui
2012 2916 2157 2960 erant
2186 2921 2250 2959 ea:
2280 2905 2404 2959 Asia
2432 2902 2627 2969 Iudici,
2672 2920 2787 2957 cum
2810 2904 3051 2960 uidissent
3077 2924 3191 2961 eum
3215 2908 3268 2963 in
3288 2912 3498 2979 templo,

1858 3063 1861 3067 _
1903 2998 2278 3051 concitaverunt
2304 3004 2460 3049 totam
2491 2996 2711 3059 turbam,
2745 3006 2793 3049 et
2822 2997 3113 3067 iniecerunt
3131 2999 3184 3053 in
3207 2999 3355 3055 illum
3386 3019 3501 3057 ma-

1902 3105 2019 3152 nus,
2051 3088 2330 3141 clamantes
2360 3086 2486 3143 :28.
2526 3085 2637 3141 Viri
2680 3086 2933 3149 Israelitte
2952 3130 2965 3154 ,
3008 3090 3247 3161 adiuvate
3273 3109 3294 3149 :
3322 3095 3404 3148 hic
3428 3105 3505 3150 est

1904 3181 2085 3244 homo,
2118 3180 2204 3251 qui
2242 3180 2487 3234 adversus
2527 3181 2774 3251 populum
2815 3191 2863 3235 et
2909 3182 3070 3252 legem
3095 3192 3143 3237 et
3168 3184 3337 3239 locum
3368 3187 3505 3243 hunc

1904 3286 2076 3325 omnes
2124 3271 2314 3341 ubique
2351 3270 2569 3333 docens,
2612 3270 2825 3339 insuper
2864 3281 2911 3324 et
2954 3273 3166 3342 gentiles
3214 3275 3416 3330 induxit
3448 3278 3504 3332 in

1906 3360 2183 3430 templum,
2208 3370 2256 3414 et
2282 3360 2487 3434 violavit
2515 3369 2747 3413 sanctum
2775 3361 2938 3413 larunt
2962 3363 3136 3416 istum.
3170 3364 3304 3421 Vide
3324 3383 3506 3423 mores

1903 3467 2092 3508 eorum
2119 3450 2315 3521 ubique
2342 3449 2706 3513 turbulentos,
2734 3451 2987 3521 ipsosque
3010 3454 3062 3506 in
3091 3454 3271 3510 medio
3299 3464 3507 3513 temere

1904 3542 2218 3597 clamantes.
2251 3540 2343 3596 29.
2382 3539 2626 3593 Viderant
2674 3539 2810 3593 enim
2839 3540 3176 3613 Tropltimum
3229 3545 3507 3617 Ephesium

1905 3634 1957 3688 in
1980 3634 2179 3687 civitate
2202 3634 2318 3687 cu'm
2362 3634 2504 3704 ipso,
2537 3650 2687 3703 quem
2729 3634 3105 3690 estimaoerant
3142 3638 3283 3707 quod
3305 3638 3358 3692 in
3391 3652 3509 3694 tem.

1907 3728 2048 3797 plum
2078 3727 2440 3784 introduxisset
2468 3729 2688 3788 Paulus.
2722 3732 2811 3789 30.
2844 3731 3209 3803 Commotaque
3235 3744 3308 3789 est
3334 3737 3509 3789 civitas

1909 3826 2014 3871 tota
2034 3858 2050 3883 ,
2075 3828 2122 3871 et
2147 3821 2286 3888 facta
2323 3829 2398 3873 est
2423 3823 2690 3877 concursio
2722 3823 2903 3895 populi
2934 3840 2951 3878 :
2979 3834 3026 3878 et
3068 3826 3510 3896 apprehendentes

1910 3907 2158 3975 Paulum,
2183 3911 2451 3965 trahebant
2480 3929 2596 3967 eum
2625 3924 2770 3968 extra
2796 3914 3040 3986 templum
3064 3931 3083 3969 :
3113 3926 3157 3970 et
3181 3917 3353 3970 statim
3374 3916 3512 3972 (lau-

1907 4018 1979 4056 ιω
2006 4012 2125 4056 sunt
2162 4003 2362 4072 ianuis.
2416 4002 2525 4057 Viri
2567 4002 2825 4059 Israelita!
2844 4046 2858 4072 ,
2902 4006 3145 4076 adiuuate
3168 4048 3183 4073 ,
3213 3992 3216 3997 ’
3242 4007 3509 4076 inquiunt.

1912 4094 2014 4149 llic
2049 4105 2119 4149 est
2142 4094 2292 4149 homo
2318 4095 2405 4163 qui
2431 4095 2673 4149 adversus
2709 4097 2957 4167 populum
2990 4106 3035 4151 et
3058 4098 3219 4168 legem
3252 4103 3303 4153 et
3344 4100 3513 4154 locum

1908 4187 2081 4241 istum.
2115 4184 2246 4253 Qua:
2276 4185 2397 4241 illos
2430 4185 2665 4242 maxime
2685 4186 3006 4253 turbabant,
3043 4179 3303 4258 lemplum
3334 4198 3389 4244 et
3429 4190 3512 4246 le-

1910 4295 2029 4349 gem
2050 4321 2065 4343 ,
2101 4278 2216 4334 lure
2244 4278 2534 4350 proferunt
2574 4280 2671 4334 illi.
2702 4278 2889 4348 Neque
2934 4279 3134 4335 Paulus
3157 4280 3273 4336 bare
3303 4283 3514 4352 patiens

1911 4372 1979 4427 de
2008 4372 2094 4427 bis
2123 4372 2223 4426 etsi
2273 4373 2436 4425 tantis
2479 4371 2755 4442 apostolos
2783 4372 3091 4437 accusavit,
3124 4373 3265 4442 quod
3323 4373 3421 4443 ipsi
3457 4375 3511 4430 in

1912 4479 2071 4520 causa
2124 4463 2313 4518 borum
2358 4472 2584 4519 essent:
2635 4464 2774 4518 adeo
2816 4472 2935 4519 erat
2997 4464 3392 4534 magnanimus.
3447 4466 3514 4521 Et

1914 4558 2179 4611 trahebant
2203 4573 2314 4609 eum
2332 4597 2346 4621 ,
2380 4555 2591 4625 inquit,
2622 4566 2767 4609 extra
2794 4555 3038 4624 templum
3064 4552 3159 4610 :‘et
3188 4557 3377 4611 clausa:
3395 4568 3515 4613 sunt
3609 4624 3614 4630 .

1912 4651 2105 4717 ianum.
2135 4647 2402 4703 Volebant
2445 4646 2588 4703 enim
2620 4648 2769 4701 illum
2816 4646 3156 4713 interficere;
3207 4646 3328 4701 ideo
3371 4647 3515 4704 foras

1914 4741 2062 4795 illum
2090 4738 2396 4803 trahebant,
2425 4746 2485 4793 ut
2510 4753 2631 4792 cum
2657 4740 2859 4807 majore
2886 4737 3096 4792 licentia
3126 4738 3228 4792 hoc
3255 4737 3513 4795 facerent.

1914 4834 2001 4889 5i.
2034 4831 2386 4899 Quaerentibus
2433 4840 2601 4884 autem
2648 4831 2754 4884 illis
2785 4847 2897 4883 eum
2928 4830 3160 4885 occidere
3179 4872 3194 4899 ,
3226 4833 3516 4888 nuntiatum

1914 4934 1986 4979 est
2004 4924 2205 4977 tribuno
2222 4922 2465 4986 cohortis,
2489 4921 2625 4991 quod
2645 4930 2751 4975 tota
2772 4922 3170 4991 confunderetur
3183 4920 3475 4978 Jerusalem
3493 4939 3514 4980 :

1915 5017 2005 5073 '52.
2039 5016 2140 5084 Qui
2168 5015 2337 5069 statim
2370 5014 2648 5084 assumptis
2675 5012 2918 5067 militibus
2947 5022 2992 5066 et
3018 5014 3398 5069 centurionibus
3422 5016 3511 5069 de-

1914 5110 2071 5163 currit
2096 5107 2165 5161 ad
2190 5107 2326 5162 illos.
2369 5106 2471 5171 Qui
2498 5121 2612 5158 cum
2644 5105 2883 5159 vidissent
2928 5103 3185 5159 tribunum
3215 5114 3264 5160 et
3290 5107 3477 5163 milites
3497 5149 3513 5173 ,

1915 5184 2231 5257 cessaverunt
2257 5208 2515 5269 percutere
2550 5196 2798 5251 Paulum.
2833 5198 2923 5252 53.
2958 5196 3104 5251 Tunc
3148 5200 3393 5253 accedens
3418 5203 3516 5253 tri-

1917 5295 2081 5349 bunus
2108 5291 2446 5364 apprehendit
2488 5308 2635 5354 eum,
2677 5300 2725 5345 et
2754 5291 2904 5357 iussit
2932 5306 3045 5343 eum
3084 5289 3302 5361 alligari
3326 5293 3527 5345 catenis

1916 5384 2114 5439 duabus
2144 5399 2163 5438 :
2190 5393 2237 5437 et
2266 5381 2610 5452 interrogabat
2654 5381 2765 5452 quis
2802 5390 2931 5434 esset
2961 5389 3007 5433 et
3029 5380 3153 5450 quid
3186 5380 3401 5450 fecisset.
3424 5382 3505 5436 δὲ.

1917 5476 2021 5529 Alii
2046 5485 2216 5528 autem
2240 5474 2384 5527 aliud
2422 5471 2709 5527 clamabant
2744 5471 2798 5524 in
2828 5470 2992 5524 turba.
3023 5469 3094 5525 Et
3122 5486 3218 5525 cur
3242 5470 3527 5527 examiua-
3574 5506 3633 5519 ί

1920 5576 2073 5620 turus
2124 5580 2246 5618 eum
2290 5563 2445 5633 jussit
2480 5563 2633 5631 ligari
2680 5564 2885 5616 catenis
2928 5560 3174 5618 duabus?
3221 5559 3288 5617 Ut
3335 5562 3516 5630 ponuli

1920 5656 2156 5713 furorem
2187 5655 2475 5725 mitigaret.
2514 5652 2577 5705 Et
2614 5669 2727 5704 cum
2758 5668 2861 5706 non
2905 5662 3071 5721 posset
3099 5662 3289 5706 certum
3332 5669 3519 5722 cogno-

1920 5768 2057 5806 scere
2082 5766 2187 5820 pro:
2216 5748 2435 5802 tumultu
2454 5786 2471 5813 ,
2502 5745 2651 5811 iussit
2682 5746 2801 5798 duci
2828 5762 2942 5799 eum
2988 5745 3041 5798 in
3091 5755 3276 5798 castra.
3318 5745 3405 5799 35.
3455 5744 3520 5800 Et

1921 5862 2034 5897 cum
2065 5843 2274 5897 uenisset
2299 5840 2366 5893 ad
2390 5839 2580 5910 gradus
2603 5880 2616 5903 .
2646 5839 2894 5909 contingit
2924 5847 2981 5890 ut
3012 5846 3302 5906 portaretur
3326 5854 3358 5891 a
3379 5840 3518 5893 mili-

1922 5938 2049 5991 tibus
2075 5944 2276 6005 propter
2309 5934 2405 5985 vim
2431 5932 2607 6003 populi
2634 5948 2651 5986 :
2686 5932 2776 5988 56.
2825 5931 3123 6001 sequebatur
3167 5933 3300 5986 enim
3343 5934 3493 5988 multi
3505 5967 3519 5975 -
