4076 6486
618 449 732 505 525

624 568 746 620 tudo
792 564 1003 635 pepuli,
1058 562 1285 616 clamans
1312 576 1331 615 :
1362 559 1499 612 Tolle
1536 572 1669 607 eum.
1712 553 1846 619 Quid
1895 562 2011 613 est,
2060 549 2200 603 Tolle

627 658 778 710 eum?
800 656 913 709 Mos
942 664 1055 709 erat
1084 652 1283 708 Judtcts
1307 694 1321 715 ,
1350 660 1531 704 contra
1563 662 1679 711 eos,
1706 659 1839 715 quos
1863 645 2198 703 damnarent,

624 747 697 801 ita
728 748 909 816 loqui,
943 755 999 800 ut
1024 754 1079 800 et
1104 753 1292 798 contra
1318 742 1588 795 Christum
1618 740 1888 803 fecerunt,
1920 735 2164 789 dicentes
2184 775 2199 799 ,

622 836 770 891 Tolle
807 839 988 902 illum;
1041 838 1141 890 hoc
1185 844 1262 889 est
1290 876 1303 896 ,
1349 834 1417 887 de
1456 848 1679 886 numero
1720 829 2009 883 viventium
2058 826 2196 882 dele.

621 927 849 995 Quidam
876 942 1007 981 vero
1035 927 1218 979 dicunt
1242 968 1256 989 ,
1292 924 1341 977 id
1372 939 1490 978 esse
1519 922 1662 992 quod
1689 920 1825 990 apud
1856 934 1953 974 nos
1974 933 2038 973 es
2088 916 2200 972 Ro-

624 1035 778 1074 mana
805 1017 1187 1075 consuetudine
1224 1017 1420 1070 dicitur
1454 1034 1466 1069 :
1499 1015 1726 1068 lmmitte
1755 1014 1899 1066 illum
1928 1013 1979 1065 in
2028 1011 2196 1080 signa.

622 1113 711 1166 37.
750 1110 815 1164 Et
840 1128 953 1164 cum
978 1110 1204 1179 coepisset
1239 1109 1291 1162 in
1314 1119 1481 1161 castra
1501 1108 1675 1160 induci
1711 1104 1927 1171 Paulus,
1968 1104 2088 1155 dicit
2113 1102 2203 1154 tri-

622 1203 754 1256 buno
780 1217 801 1255 :
830 1202 891 1255 Si
916 1202 1027 1254 licet
1054 1200 1179 1252 mihi
1224 1199 1359 1269 loqui
1403 1200 1471 1251 ad
1508 1209 1573 1252 te.
1618 1197 1749 1252 Cum
1805 1205 2105 1264 gestaretur
2148 1194 2199 1247 in

624 1292 896 1362 gradibus,
918 1290 1313 1360 petitquiddatn
1340 1290 1554 1344 tribuno
1579 1290 1777 1344 dicere.
1814 1288 1878 1342 Et
1905 1286 2020 1341 vide
2042 1300 2200 1353 quam

634 1394 908 1437 mansuete
939 1401 951 1435 :
984 1381 1045 1436 Si
1067 1383 1189 1434 mihi
1216 1382 1330 1434 licet
1358 1382 1494 1449 loqui
1522 1383 1589 1432 ad
1616 1392 1679 1442 te,
1711 1379 1895 1447 inquit.
1930 1376 2027 1443 Qui
2052 1376 2197 1439 dixit,

624 1472 797 1528 Crmce
826 1475 957 1527 noin
978 1474 1003 1526 Ρ
1027 1473 1115 1528 58.
1152 1472 1338 1527 Nonne
1364 1483 1415 1525 tu
1444 1488 1494 1525 es
1519 1470 1797 1541 Egyptius
1822 1513 1837 1537 ,
1868 1471 1953 1539 qui
1982 1479 2098 1522 ante
2111 1470 2201 1522 Iros

622 1568 728 1619 dies
768 1566 1033 1618 tumultum
1062 1565 1358 1628 concitasti,
1388 1576 1433 1617 et
1465 1564 1681 1617 eduxisti
1706 1565 1762 1616 in
1791 1564 2041 1616 desertum
2073 1578 2200 1631 qua-

626 1669 739 1711 tuor
769 1659 929 1710 millia
956 1659 1176 1709 virorum
1203 1658 1543 1711 sicariorum?
1574 1657 1669 1710 Hic
1710 1656 1994 1725 Egyptius
2044 1655 2201 1708 homo

622 1759 756 1804 erat.
787 1748 1027 1814 qumdam
1058 1748 1319 1801 llinUVRttS
1348 1759 1401 1802 et
1431 1748 1737 1801 seditiosus.
1767 1747 1879 1801 Hac
1906 1746 1972 1800 de
2002 1761 2059 1799 re
2084 1759 2203 1799 sese

621 1850 811 1909 purgat
836 1840 1053 1905 Paulus,
1076 1849 1131 1893 et
1154 1839 1309 1893 dictis
1336 1841 1445 1892 suis
1470 1840 1607 1893 tollit
1623 1837 2199 1907 suspicionemNerum

625 1933 869 1999 superius
897 1931 1033 1984 lecta
1067 1942 1388 1999 repetamus.
1437 1930 1571 1983 Sunt
1616 1932 1797 1993 nobis,
1849 1931 2059 1998 inquit,
2108 1929 2201 1981 viri

619 2035 835 2092 quatuor
855 2035 1020 2075 votum
1044 2023 1277 2075 [iubentes
1302 2040 1453 2089 super
1483 2040 1536 2075 se
1557 2039 1574 2075 :
1600 2024 1676 2075 his
1697 2023 1969 2090 assumptis
1987 2022 2203 2089 puri/ica

620 2125 669 2169 te
692 2132 806 2168 cum
832 2116 951 2168 illis.
984 2115 1062 2169 Ad
1093 2116 1206 2169 haec
1232 2131 1334 2169 non
1365 2115 1621 2168 obnititnr
1669 2116 1860 2169 Paulus
1885 2156 1900 2180 ,
1947 2114 2039 2168 sed
2090 2128 2203 2167 mos

620 2221 733 2258 rem
760 2208 914 2274 gerit.
947 2205 1096 2260 Unde
1124 2207 1299 2275 palam
1349 2217 1430 2259 est
1471 2206 1575 2258 hoc
1617 2224 1719 2259 non
1769 2206 2073 2259 necessario
2122 2203 2201 2256 fa-

622 2297 869 2350 ciendum
904 2296 1068 2351 fuisse
1097 2296 1363 2364 (ideoque
1402 2297 1718 2365 persuadent
1762 2297 1916 2363 illi),
1960 2297 2051 2349 sed
2103 2296 2203 2347 hoc

627 2403 720 2456 per
746 2388 1096 2443 teconomiam
1129 2398 1183 2442 et
1228 2388 1609 2456 indulgentiam
1657 2387 1852 2441 facunn
1897 2402 2040 2441 esse.
2087 2386 2199 2439 Non

618 2488 735 2531 erat
767 2494 892 2545 ergo
920 2481 1019 2531 hoc
1050 2479 1442 2547 pncdicationis
1463 2479 1919 2546 impedimentum,
1939 2477 2199 2546 siquidem

618 2579 670 2621 et
699 2569 920 2637 apostoli
949 2569 1063 2621 haec
1095 2570 1197 2621 illis
1227 2572 1552 2623 statuebant.
1597 2568 1709 2622 Hoc
1760 2570 1938 2637 itaque
1975 2568 2197 2637 dispen-

618 2675 741 2714 sans
762 2702 777 2726 ,
813 2662 923 2729 ipse
952 2670 1127 2714 tamen
1158 2662 1371 2715 Petrum
1401 2661 1654 2729 deinceps
1680 2662 1887 2713 incusat
1912 2678 1924 2725 ;
1958 2674 2059 2714 nec
2088 2660 2205 2713 sine

622 2766 779 2803 causa
812 2750 910 2803 hoc
945 2750 1067 2805 fecit
1101 2769 1113 2803 :
1147 2766 1265 2803 nam
1294 2751 1431 2818 quod
1463 2750 1547 2803 hic
1576 2750 1773 2806 fecerat
1804 2752 1947 2819 ipse,
1992 2750 2093 2804 huc
2133 2750 2201 2804 ibi

624 2840 813 2894 Petrus
840 2851 1019 2893 tacens
1048 2850 1097 2893 et
1126 2841 1402 2894 stabiliens
1434 2840 1624 2908 dogma
1673 2855 1847 2893 suum.
1890 2839 2008 2919 Non
2060 2841 2202 2895 dice-

624 2934 749 2985 bant
780 2950 793 2983 :
825 2932 939 2986 Non
967 2943 1177 3001 oportet
1205 2932 1432 3001 gentiles
1461 2931 1687 2998 docere;
1718 2948 1889 3002 neque
1911 2974 1926 2995 ,
1956 2932 2201 2988 Sufficiat

617 3022 773 3092 quod.
789 3040 892 3079 non
922 3024 1241 3093 praedicetur
1264 3025 1370 3079 illic
1399 3042 1413 3076 :
1442 3024 1536 3078 sed
1571 3034 1782 3092 oportet
1811 3024 1938 3093 quid
1969 3026 2199 3093 amplius

621 3113 797 3169 facere
818 3156 831 3179 ,
861 3126 919 3167 ut
947 3113 1370 3181 persuadeantur
1402 3115 1476 3167 illi
1508 3124 1555 3169 te
1592 3115 1761 3183 legem
1786 3114 2079 3170 custodire.
2110 3118 2201 3167 At.

621 3206 935 3274 temperatio
983 3215 1066 3259 est
1106 3220 1192 3258 res
1242 3205 1363 3271 illa,
1416 3220 1483 3259 ne
1533 3205 1739 3257 timeas.
1788 3205 1855 3258 Et
1893 3206 2011 3259 vide
2051 3221 2062 3253 :
2098 3222 2201 3260 non

621 3297 765 3365 prius
801 3297 1125 3365 persuadent
1154 3297 1230 3350 illi
1256 3339 1269 3364 ,
1302 3313 1457 3366 quam
1488 3308 1877 3367 reprzesentent
1903 3309 1956 3353 et
1984 3313 2200 3355 (nconc-

620 3390 778 3443 miam
809 3399 861 3443 et
891 3390 1115 3443 lucrum.
1148 3390 1218 3444 Et
1244 3392 1383 3459 quod
1416 3390 1761 3462 Jerosolymre
1793 3393 1974 3457 fieret,
2007 3394 2201 3447 tolera-

620 3479 725 3533 bile
753 3489 889 3533 erat.
923 3480 1034 3534 lloc
1054 3481 1214 3549 igitur
1246 3480 1331 3535 hic
1364 3480 1524 3535 facito
1546 3523 1561 3545 ,
1596 3490 1652 3535 ut
1685 3482 1809 3535 illud
1842 3493 1991 3537 extra
2024 3484 2201 3537 civita-

618 3578 721 3625 tem
754 3571 888 3625 hanc
926 3571 1017 3624 tibi
1059 3568 1235 3626 facere
1282 3572 1455 3626 liceat.
1506 3570 1647 3624 Tunc
1695 3570 1895 3626 Paulus
1922 3614 1937 3639 ,
1988 3575 2195 3642 inquit,

615 3664 889 3734 assumptis
920 3663 1039 3716 viris
1063 3665 1288 3733 sequenti
1332 3665 1434 3717 die.
1479 3662 1592 3718 Non
1643 3662 1882 3729 distulit,
1916 3664 2007 3718 sed
2039 3680 2201 3733 opere

617 3763 919 3808 monstrans
947 3770 1005 3809 se
1039 3770 1347 3824 persuasum
1375 3771 1495 3811 esse
1520 3796 1533 3818 ,
1581 3758 1807 3810 assumit
1840 3772 1935 3811 eos
1979 3759 2199 3825 quibus-

616 3859 737 3897 cum
763 3858 823 3898 se
854 3845 1228 3911 purificaturus
1251 3856 1367 3899 erat
1398 3864 1410 3898 :
1444 3848 1571 3899 tanti
1606 3846 1830 3900 fervoris
1860 3856 1942 3901 est
1979 3862 2197 3902 (nonno-

616 3936 720 3988 mia
756 3936 1080 4004 hujusmodi.
1109 3937 1173 3989 Et
1199 3937 1487 4005 quomodo,
1524 3937 1750 4007 inquies,
1784 3938 1952 3993 Judaei
1978 3940 2195 3993 Asiatici

617 4026 865 4080 viderunt
889 4028 1037 4082 illum
1069 4028 1120 4081 in
1152 4024 1387 4097 templo?
1413 4030 1713 4085 Verisimile
1738 4040 1821 4085 est
1856 4047 1948 4086 eos
1992 4032 2197 4102 aliquot

616 4116 802 4170 diebus
829 4117 987 4171 isthic
1017 4127 1258 4173 versatos
1284 4135 1424 4174 ωδε.
1465 4120 1594 4174 Vide
1622 4131 1797 4175 autem
1827 4138 1938 4177 rem
1968 4138 2033 4177 es
2088 4124 2198 4178 dis-

615 4212 923 4279 pensatione
947 4211 1172 4281 quadam
1202 4211 1393 4267 lactant
1426 4229 1568 4268 esse.
1597 4214 1881 4284 Postquam
1909 4217 2050 4270 enim
2076 4232 2195 4285 per-

613 4303 756 4357 suasi
784 4302 991 4356 fuerant
1014 4303 1201 4366 Judmi,
1236 4313 1358 4357 tunc
1386 4306 1667 4375 insurgunt
1696 4308 1747 4361 in
1777 4308 1925 4360 illum
1963 4327 1974 4360 :
2003 4320 2057 4362 et
2086 4325 2116 4364 e
2136 4326 2195 4365 re

613 4392 824 4461 quidem
848 4433 864 4457 ,
895 4401 948 4445 ut
975 4408 1041 4446 ne
1068 4394 1141 4446 illi
1169 4394 1328 4447 etiam
1357 4396 1407 4446 in
1436 4394 1608 4462 ipsum
1637 4395 1991 4465 insurgerent.
2028 4398 2191 4469 Adju-

614 4493 757 4548 vate,
790 4483 1054 4552 inquiunt,
1083 4484 1178 4536 viri
1201 4483 1467 4538 lsraelilai.
1503 4489 1576 4539 Ac
1604 4486 1647 4539 si
1678 4487 1795 4555 quis
1840 4498 2000 4556 captu
2049 4488 2191 4543 diffi-

610 4573 727 4627 cilis
756 4572 807 4627 in
830 4588 1016 4627 eorum
1053 4588 1242 4627 manus
1270 4574 1580 4641 incidisset,
1612 4576 1861 4645 Adjuvate
1883 4621 1898 4641 ,
1929 4580 2190 4649 inquiunt.

611 4664 711 4719 llic
732 4676 801 4719 est
826 4706 840 4729 ,
881 4666 967 4735 qui
993 4666 1174 4731 ubique
1200 4684 1371 4721 omnes
1394 4669 1557 4723 docet.
1583 4669 1699 4724 Non
1735 4670 1834 4725 llic
1855 4674 2032 4727 solum
2060 4716 2074 4742 ,
2115 4678 2192 4729 in-

611 4756 829 4827 quiunt,
858 4756 951 4810 sed
994 4756 1207 4827 Ubique.
1238 4759 1373 4813 Tum
1423 4763 1581 4815 etiam
1629 4766 1899 4819 accusatio
1951 4769 2122 4837 major
2161 4784 2190 4823 a

614 4849 982 4916 prtesentibus.
1008 4851 1086 4903 Ad
1109 4852 1239 4917 hinc,
1264 4852 1529 4922 inquiunt,
1573 4855 1876 4927 Profanavit
1905 4862 2148 4931 templum
2172 4905 2187 4929 ,

610 4940 744 4994 uiros
764 4941 971 5011 gentiles
994 4942 1256 4995 inducens.
1299 4947 1457 5014 Atqui
1502 4952 1662 5001 etiam
1712 4951 1907 5007 Christi
1950 4965 2191 5025 tempore

612 5031 973 5087 ascenderunt
1003 5032 1273 5087 adoraturi
1298 5051 1311 5099 ;
1346 5037 1437 5089 sed
1464 5037 1513 5090 hi
1546 5039 1831 5108 loquuntur
1858 5044 1926 5098 de
1956 5046 2018 5098 iis
2044 5088 2056 5111 ,
2098 5049 2186 5116 qui

608 5140 713 5178 non
742 5123 1000 5177 adorandi
1033 5140 1190 5180 causa
1213 5128 1516 5182 veniebant.
1548 5128 1615 5182 Et
1642 5144 1969 5201 assumentes,
1997 5138 2179 5208 inquit,

608 5216 830 5269 Paulum
855 5258 870 5281 ,
901 5216 1163 5270 trahebant
1194 5218 1338 5272 illum
1364 5225 1520 5289 foras.
1547 5222 1823 5292 Perpende
1847 5268 1862 5291 ,
1912 5243 1940 5280 a
1992 5232 2188 5299 tetnplo

606 5307 823 5376 ejiciuut
854 5307 999 5361 illum
1036 5324 1050 5359 :
1084 5323 1255 5377 neque
1281 5311 1423 5364 enim
1458 5312 1592 5367 ultra
1639 5314 1844 5384 legibus
1890 5320 1969 5373 vel
2022 5322 2188 5375 tribu-

609 5398 817 5451 nulihus
843 5413 974 5465 opus
1007 5399 1273 5453 habebant
1300 5416 1312 5464 ;
1348 5402 1573 5471 ideoque
1608 5406 1752 5459 illum
1786 5412 2181 5475 percutiebant:

606 5490 681 5542 sic
713 5503 803 5557 per
835 5492 1011 5543 omnia
1046 5492 1254 5546 feroces
1293 5504 1347 5546 et
1388 5497 1687 5562 petulantes
1732 5512 1873 5553 sunt.
1921 5503 2011 5556 llle
2058 5521 2186 5560 vero

610 5589 731 5632 tunc
759 5579 971 5648 quidem
1006 5596 1110 5634 non
1137 5596 1254 5637 sese
1284 5587 1555 5654 purgavit,
1587 5589 1677 5641 sed
1709 5602 1925 5657 postea;
1974 5606 2026 5651 et
2065 5598 2187 5665 jure

607 5670 819 5738 quidem
852 5688 864 5721 :
898 5687 1021 5725 tunc
1051 5674 1190 5726 enim
1216 5691 1281 5730 ne
1312 5678 1833 5749 audissentquidem.
1866 5686 1928 5739 Et
1954 5702 2050 5741 cur
2078 5690 2185 5743 cla-

611 5763 861 5827 mabant,
897 5761 1040 5815 Tolle
1067 5780 1179 5817 eum
1204 5767 1229 5817 ?
1264 5766 1579 5835 Timebant,
1636 5790 1701 5826 ne
1747 5776 2019 5840 effugeret.
2078 5780 2184 5835 Sed

612 5853 758 5919 vide,
790 5870 907 5908 cum
938 5866 1132 5924 quanta
1174 5858 1429 5927 modestia
1480 5863 1671 5919 l’aulns
1699 5883 1816 5921 cum
1867 5871 2079 5927 tribuno
2102 5875 2181 5929 lu-

1340 446 1400 501 S.
1439 438 1707 497 JOiNNlS
1745 433 2213 493 CllllYSOSTOMl
2254 430 2565 489 AliClllEl’.
2607 430 3138 488 CONSTANTINOP.

3802 430 3903 487 κει

2310 554 2523 615 quatut'.
2566 544 2701 612 Quid
2750 546 2890 600 enim
2942 547 3105 601 dicit?
3157 545 3217 601 Si
3264 545 3386 598 mihi
3437 546 3549 598 licet
3582 545 3786 614 aliquid
3812 545 3905 597 tibi

2307 637 2516 689 dicere?
2546 636 2618 689 Ita
2648 648 2764 690 erat
2796 638 3010 691 humilis
3035 679 3050 703 ,
3100 649 3155 691 ut
3199 636 3403 706 ubique
3452 638 3697 692 modeste
3741 653 3906 707 agere

2307 730 2490 786 sciret.
2523 728 2711 782 Nonne
2741 740 2792 782 tu
2819 747 2889 790 es,
2921 731 3121 800 inquit,
3152 730 3428 802 .Egyplius
3457 729 3563 783 ille.

2378 825 2432 879 5.
2483 822 2616 876 Vide
2664 822 3050 892 malignitatem
3096 824 3315 879 diaboli.
3362 825 3623 893 Deceptor
3676 833 3795 877 erat
3849 833 3904 876 et

2309 908 2663 978 przcstigiator
2688 907 2969 978 Egyptius
3001 909 3119 973 ille,
3152 919 3205 963 et
3229 911 3479 979 sperabat
3516 925 3573 964 se
3620 925 3714 978 per
3747 909 3899 961 ilhuu

2307 1015 2421 1053 rem
2453 998 2858 1052 obscuraturutn
2889 1013 3008 1053 esse
3028 1039 3043 1063 ,
3072 1008 3126 1054 et
3152 999 3251 1054 hos
3280 1000 3427 1056 illius
3455 1001 3719 1055 scelerum
3768 1014 3898 1053 con-

2307 1100 2480 1144 sortes
2530 1090 2794 1157 reddere,
2838 1102 2891 1145 et
2926 1089 3199 1147 Christum
3246 1109 3441 1162 nempe
3498 1104 3554 1148 et
3599 1095 3899 1162 apostolos.

2306 1179 2411 1235 Sed
2444 1181 2570 1234 nihil
2600 1180 2803 1251 potuit,
2835 1182 2941 1237 imo
2967 1182 3093 1237 hinc
3137 1184 3470 1253 splendidior
3520 1188 3717 1238 veritas
3763 1184 3901 1238 facta

2307 1282 2392 1326 est
2415 1312 2430 1337 ,
2466 1271 2593 1325 nihil
2625 1287 2690 1326 ex
2717 1272 2913 1329 diaboli
2945 1274 3207 1328 machinis
3233 1275 3381 1341 laesa,
3418 1278 3523 1330 imo
3568 1277 3738 1347 magis
3784 1278 3903 1333 illit-

2305 1374 2491 1419 strata.
2521 1365 2651 1419 Nam
2677 1367 2721 1420 si
2752 1367 3165 1436 prmstigiatores
3196 1383 3300 1421 non
3333 1368 3591 1435 fuissent,
3615 1386 3675 1424 ac
3706 1372 3903 1425 deinde

2307 1455 2360 1509 hi
2391 1457 2672 1521 vicissent,
2707 1460 2843 1511 forte
2889 1458 3123 1527 suspicio
3168 1456 3358 1511 fuisset
3394 1474 3552 1513 :cnm
3602 1471 3780 1515 autem
3825 1461 3902 1515 illi

2307 1549 2715 1618 apparuissent,
2767 1548 2819 1601 hi
2869 1548 3128 1603 vicerunt.
3179 1548 3290 1603 Hoc
3340 1559 3518 1605 autem
3550 1551 3745 1605 mirum
3796 1564 3899 1606 est.

2308 1640 2433 1695 ldeo
2494 1656 2752 1710 apparere
2810 1657 2914 1696 non
2961 1641 3351 1710 prohibentur,
3398 1653 3453 1695 ut
3496 1653 3550 1697 et
3599 1644 3677 1697 sic
3734 1644 3901 1714 magis

2309 1730 2543 1800 fulgeant
2574 1751 2587 1785 :
2618 1732 2858 1785 utetiam
2889 1732 3012 1785 alibi
3063 1731 3225 1796 dicit,
3265 1732 3331 1786 Ut
3372 1734 3458 1801 qui
3504 1734 3707 1802 probati
3760 1744 3897 1801 sunt,

2308 1825 2565 1893 manifesti
2593 1824 2718 1891 ﬁant
2751 1826 2768 1894 (
2801 1828 2851 1877 1.
2885 1823 3003 1877 Cor.
3057 1826 3144 1878 Η.
3197 1825 3261 1879 19
3292 1827 3329 1895 ).
3364 1826 3494 1881 Tale
3544 1827 3818 1896 quidpiam
3851 1837 3901 1881 ct

2308 1914 2562 1968 Gamaliel
2616 1914 2825 1968 diccbat
2884 1934 2896 1970 :
2944 1915 3074 1969 Ante
3120 1917 3210 1970 Itos
3245 1918 3349 1969 dies
3388 1920 3607 1971 surrexit
3661 1918 3899 1972 Thaidos

2308 2006 2459 2076 (Act.
2486 2006 2537 2059 5.
2566 2005 2635 2060 36
2653 2012 2693 2075 ).
2717 2006 2950 2061 Sicarios
2972 2023 3099 2062 vero
3129 2010 3341 2077 quidam
3369 2009 3553 2064 dicunt
3583 2026 3704 2065 esse
3731 2028 3899 2081 genus

2309 2098 2610 2163 latronum,
2641 2099 2718 2153 sic
2750 2101 3046 2169 appellatos
3081 2117 3109 2154 a
3136 2102 3324 2169 gladiis
3350 2144 3363 2167 ,
3395 2119 3530 2172 quos
3576 2105 3858 2173 gestabant
3883 2147 3897 2166 ,

2309 2188 2447 2241 sicas
2478 2188 2649 2242 dictos
2677 2190 2930 2244 Romanis
2955 2207 2967 2242 :
2994 2192 3084 2245 alii
3114 2207 3241 2246 vero
3270 2202 3493 2261 putant,
3540 2210 3605 2249 cx
3660 2212 3759 2249 una
3803 2196 3896 2251 Ju-

2309 2277 2544 2331 dmorum
2569 2289 2711 2333 secta
2742 2281 2923 2337 fuisse.

2383 2367 2652 2437 Magorum
2695 2372 2951 2441 prtestigia
2980 2374 3327 2440 apostolorum
3365 2375 3625 2431 miraculis
3656 2380 3900 2449 majorem

2306 2460 2405 2510 vim
2432 2460 2710 2515 contulere.
2747 2462 2912 2515 Sectw
2936 2461 3480 2521 Judworum.-—Tres
3508 2483 3743 2539 namque
3780 2482 3901 2525 sunt

2308 2550 2445 2617 apud
2491 2550 2635 2616 ipsos
2664 2561 2824 2605 secta:
2846 2595 2859 2617 ,
2892 2553 3316 2618 Pharisaeorum,
3350 2555 3775 2614 Sadducmorutn
3799 2604 3812 2625 ,
3847 2572 3898 2615 et

2310 2640 2635 2694 Essenorum
2668 2643 2756 2711 qui
2799 2653 2852 2697 et
2892 2642 3072 2699 Sancti
3116 2657 3371 2701 vocantur
3410 2649 3557 2719 (hoc
3605 2652 3750 2705 enim
3803 2652 3899 2705 sibi

2310 2732 2419 2783 vult
2444 2730 2544 2786 hoc
2567 2749 2764 2788 nomen
2798 2734 3025 2809 Essem)
3051 2778 3065 2803 ,
3097 2737 3255 2808 idque
3282 2739 3351 2793 ob
3377 2741 3498 2794 vita:
3536 2744 3897 2799 sanctitatem.

2312 2822 2471 2876 Iidem
2503 2840 2632 2878 vero
2657 2836 2707 2879 et
2738 2824 2927 2881 Sicarii
2956 2828 3119 2896 dicti,
3149 2831 3291 2899 quod
3340 2841 3523 2887 essent
3568 2834 3781 2890 zelotze.
3826 2836 3901 2891 Ne

2308 2929 2436 2984 ergo
2466 2916 2745 2971 doleamus
2774 2922 2913 2987 quod
2946 2931 3105 2976 sectae
3132 2924 3259 2990 sint,
3295 2940 3415 2978 cum
3434 2935 3487 2979 et
3508 2927 3902 2995 pseudochristi

2308 3004 2503 3060 fuerint
2526 3050 2541 3072 ,
2572 3010 2659 3077 qui
2692 3006 2907 3063 Christo
2936 3012 3174 3066 insidiari
3210 3015 3530 3084 voluerunt,
3574 3027 3629 3071 et
3672 3020 3905 3074 antehac

2309 3106 2362 3149 et
2392 3107 2606 3165 postea,
2644 3109 2699 3153 ut
2729 3101 3076 3157 obscurarent
3119 3104 3291 3158 illum.
3326 3104 3430 3161 Sed
3482 3108 3682 3163 veritas
3737 3111 3903 3181 fulget

2309 3197 2361 3241 et
2388 3188 2634 3256 splendet
2663 3191 2873 3261 ubique.
2910 3194 3019 3248 Hoc
3047 3197 3515 3271 et‘prophetarum
3543 3216 3660 3257 arvo
3706 3202 3903 3258 factum

2308 3291 2390 3334 est
2424 3295 2438 3333 :
2468 3281 2681 3337 luerunt
2736 3285 3249 3355 pseudoprOphetas,
3281 3299 3334 3343 et
3362 3294 3474 3345 veri
3505 3309 3571 3347 ex
3621 3308 3904 3366 compara-

2310 3371 2451 3425 tione
2481 3374 2647 3443 magis
2695 3375 3037 3446 effulgebant.
3096 3380 3304 3434 Etenim
3348 3385 3566 3438 morbus
3617 3389 3902 3444 sanitatem

2307 3466 2650 3531 consliicuam
2681 3465 2839 3527 facit,
2891 3480 2945 3522 et
2998 3472 3230 3525 tenebrae
3276 3472 3483 3542 lucem,
3536 3481 3900 3549 tranquillita-

2308 3561 2521 3623 temque
2550 3566 2854 3626 tempestas.
2883 3560 2997 3615 Non
3030 3573 3249 3631 possunt
3274 3567 3497 3635 gentiles
3532 3569 3737 3637 dicere,
3757 3574 3901 3641 quod

2307 3644 2382 3698 illi
2431 3646 2751 3716 deceptorcs
2795 3660 2849 3704 et
2895 3655 3313 3723 praestigiatores
3354 3657 3593 3713 fuerint:
3631 3662 3706 3715 illi
3754 3665 3901 3718 enim

2305 3736 2533 3790 convicti
2583 3749 2728 3793 sunt.
2775 3740 2887 3796 lloc
2936 3744 3097 3797 etiam
3138 3745 3304 3817 Moysi
3354 3750 3549 3804 accidit
3581 3765 3595 3801 :
3626 3756 3906 3809 concessit

2310 3827 2449 3881 Deus
2479 3838 2535 3883 ut
2566 3834 2702 3901 magi
2734 3844 2937 3901 essent,
2972 3852 3038 3891 ne
3067 3854 3253 3908 magns
3286 3852 3565 3909 putaretur
3591 3860 3714 3901 esse
3753 3849 3904 3920 Moy-

2304 3936 2391 3975 ses
2426 3940 2438 3973 :
2472 3925 2717 3991 permisit
2759 3935 2816 3979 ut
2857 3926 3113 3983 docerent
3156 3946 3342 3985 omnes
3368 3975 3383 4000 ,
3419 3947 3675 4004 quantum
3722 3942 3902 4010 magia

2304 4024 2515 4085 poterat
2540 4018 2907 4086 comminisci;
2958 4023 3091 4077 ultra
3139 4032 3317 4079 autem
3370 4043 3473 4082 non
3525 4030 3898 4101 deceperunt,

2302 4110 2397 4165 sed
2426 4111 2524 4180 ipsi
2557 4126 2676 4167 sese
2708 4113 2876 4168 victos
2902 4116 3132 4171 confessi
3163 4127 3308 4173 sunt.
3338 4120 3479 4175 Nihil
3510 4124 3663 4178 nobis
3695 4136 3901 4181 nocent

2301 4201 2648 4271 deceptorcs;
2678 4204 2785 4259 itno
2822 4221 2919 4261 nos
2947 4208 3194 4263 meliores
3221 4211 3468 4277 reddunt,
3503 4215 3544 4267 si
3573 4217 3694 4284 quis
3720 4228 3896 4273 atten-

2302 4295 2430 4349 dere
2458 4297 2603 4350 velit.
2649 4298 2785 4363 Quid
2828 4298 3026 4367 igitur,
3076 4302 3316 4371 inquies,
3359 4305 3403 4358 si
3454 4305 3665 4361 illorum
3706 4310 3896 4379 gloria:

2302 4397 2579 4443 consortes
2606 4390 2815 4443 simus?
2846 4391 2959 4444 Non
2984 4394 3122 4461 apud
3156 4410 3252 4449 nos
3281 4396 3505 4465 gloriam
3534 4398 3765 4469 habent,
3796 4405 3893 4459 scd

2300 4478 2439 4546 apud
2472 4494 2599 4545 eos,
2628 4481 2715 4548 qui
2738 4480 2941 4549 judicio
2970 4499 3074 4537 non
3105 4487 3306 4543 valent.
3338 4486 3415 4543 Ne
3460 4492 3682 4546 multum
3734 4510 3897 4553 cure~

2300 4586 2419 4623 mus
2450 4573 2624 4640 p0puli
2651 4587 2858 4641 auram,
2889 4591 2957 4630 ne
3001 4576 3135 4633 ultra
3166 4594 3323 4649 quam
3353 4593 3561 4651 oportet
3612 4587 3755 4643 illam
3806 4608 3894 4646 se-

2300 4670 2526 4714 ctemur.
2562 4662 2670 4716 Deo
2696 4663 2941 4732 vivimus,
2974 4683 3079 4721 non
3122 4668 3454 4738 hominibus;
3487 4675 3537 4728 in
3579 4678 3713 4731 ca-lo
3760 4695 3892 4736 con-

2300 4769 2573 4809 versatnnr
2593 4796 2607 4822 ,
2639 4774 2741 4810 non
2773 4760 2823 4809 in
2855 4768 2991 4813 terra
3024 4778 3035 4811 :
3068 4762 3173 4817 illic
3204 4765 3383 4819 bravia
3413 4779 3467 4822 et
3490 4772 3713 4839 prtemia
3741 4771 3891 4832 Iaho-

2299 4862 2414 4900 rum
2458 4858 2763 4903 nostrorum
2815 4850 3025 4919 jacent,
3074 4855 3195 4910 inde
3241 4856 3428 4913 laudes
3472 4874 3884 4933 exspectamus,

2299 4940 2418 4993 inde
2449 4955 2696 4994 coronas.
2734 4943 2968 4998 Eatenus
3008 4961 3257 5002 curemus
3295 4949 3576 5019 homines,
3620 4966 3887 5024 quatenus

2300 5049 2364 5086 ne
2390 5048 2571 5086 ansam
2600 5034 2706 5087 illis
2736 5035 3088 5104 praebeamus.
3116 5038 3269 5106 Quod
3300 5042 3345 5096 si
3394 5044 3549 5099 nobis
3593 5062 3697 5100 non
3741 5063 3883 5118 prac-

2296 5126 2542 5181 bcntibus
2563 5170 2578 5195 ,
2609 5128 2684 5181 illi
2716 5129 2983 5184 voluerint
3016 5141 3215 5188 temere
3246 5144 3300 5191 et
3345 5138 3539 5192 frustra
3585 5154 3842 5199 accusare
3866 5187 3882 5212 ,

2295 5222 2594 5288 rideamus,
2630 5238 2736 5279 non
2769 5224 3056 5293 ploremus.
3106 5227 3184 5281 Tu
3238 5232 3459 5298 provide
3511 5234 3648 5288 bona
3697 5251 3882 5293 coram

2296 5314 2404 5369 Deo
2435 5322 2489 5368 et
2520 5314 2825 5371 hominibus
2858 5334 2872 5369 :
2903 5318 2947 5372 si
2978 5329 3027 5372 te
3056 5319 3191 5373 bona
3223 5323 3558 5391 providente,
3588 5327 3674 5381 ille
3706 5329 3884 5386 iaces.

2294 5415 2411 5473 sat,
2457 5423 2524 5461 ne
2554 5423 2729 5462 cures.
2762 5408 2936 5463 Habes
2962 5413 3205 5481 exempla
3236 5414 3287 5467 in
3336 5414 3647 5485 Scripturis.
3704 5420 3879 5475 Num-

2291 5498 2413 5565 quid
2467 5500 2599 5551 enim
2653 5500 2936 5555 hominibus
2984 5504 3171 5555 suadeo
3209 5521 3276 5557 an
3307 5504 3414 5559 Deo
3442 5506 3461 5578 (
3485 5507 3603 5564 Gal.
3643 5512 3696 5564 l.
3729 5513 3883 5582 10)?

2293 5592 2491 5662 inquit;
2519 5609 2581 5647 ac
2610 5610 2817 5648 rursum
2850 5613 2862 5648 :
2898 5595 3204 5651 Hominibus
3238 5602 3538 5667 suademus,
3571 5603 3678 5656 Deo
3704 5614 3875 5662 autem

2292 5686 2547 5755 manifesti
2572 5703 2743 5739 sumus
2772 5684 2791 5758 (
2821 5686 2875 5739 2.
2902 5690 3018 5740 Cor.
3049 5689 3100 5743 5.
3135 5690 3192 5742 ll
3225 5692 3264 5761 ).
3299 5691 3366 5745 Et
3404 5692 3648 5748 Christus
3695 5694 3761 5750 de
3814 5700 3879 5753 iis

2292 5783 2378 5850 qui
2406 5781 2777 5835 oﬂ'cndebatur
2802 5782 3009 5837 dicubat
3036 5798 3046 5832 :
3081 5783 3205 5837 Sine
3227 5786 3368 5850 illos,
3395 5790 3547 5842 «luces
3592 5799 3711 5841 sunt
3757 5795 3881 5845 circi

2296 5890 2538 5927 cu'corum
2569 5877 2584 5941 (
2612 5872 2793 5926 Matth.
2831 5872 2915 5930 15.
2967 5875 3105 5945 H);
3157 5893 3221 5933 ac
3264 5894 3474 5935 rursum
3506 5899 3517 5934 :
3564 5878 3653 5936 Va:
3700 5883 3839 5939 vobis
3862 5927 3873 5941 .
