4076 6514
243 469 358 529 325

248 586 371 638 eum
398 574 742 637 benedixerint
772 588 853 627 ros
875 585 1047 626 omnes
1078 568 1306 624 homines
1338 564 1506 635 (Luc.
1540 562 1595 618 ϐ.
1625 561 1770 632 26);
1797 568 1854 616 et

248 686 480 734 rursus,
513 668 737 723 Lucennt
764 680 921 737 opera
938 670 1127 725 vestra,
1167 669 1222 713 ut
1259 656 1463 712 videant
1508 654 1769 719 homines,
1808 660 1854 707 et

250 763 548 836 gloriﬁcent
572 757 781 814 Patrem
803 765 1019 812 oestrum
1043 753 1129 824 qui
1149 752 1203 805 in
1222 750 1361 805 cclis
1397 758 1470 804 est
1522 746 1751 820 (Matth.
1796 744 1852 800 5.

250 855 324 908 16
345 851 389 925 ).
421 851 478 908 Si
508 866 640 905 veru
677 848 802 903 alibi
825 847 968 903 dicat
998 861 1010 897 :
1039 841 1100 899 Si
1119 842 1233 913 quis
1255 836 1674 896 scandaliznverit
1697 850 1856 890 unum

247 961 318 1000 ea:
342 944 422 998 his
446 941 648 1011 pusillis
667 982 683 1006 ,
715 938 917 1007 expedit
942 936 989 989 ei
1017 944 1071 988 ut
1100 932 1445 1002 suspendatur
1466 930 1602 984 mola
1628 928 1857 982 asinaria

249 1054 285 1090 a
315 1034 451 1089 collo
485 1035 595 1106 ejus
616 1041 717 1097 ,“et
741 1030 1069 1098 demergatur
1098 1026 1153 1080 in
1195 1025 1508 1097 profundunt
1552 1023 1745 1087 maris;
1787 1033 1857 1075 ne

252 1125 477 1181 mireris
510 1142 523 1177 :
557 1138 663 1178 non
690 1121 834 1176 enim
863 1127 988 1173 sunt
1034 1116 1151 1173 hac
1194 1117 1463 1171 contraria
1487 1156 1503 1181 ,
1550 1115 1659 1170 imo
1700 1111 1859 1167 valde

251 1224 575 1274 consonant.
607 1206 740 1269 Nam
768 1212 816 1267 si
840 1211 980 1282 apud
1003 1225 1103 1265 nos
1131 1210 1281 1276 flant,
1310 1223 1392 1263 vas
1422 1206 1576 1263 nobis
1602 1222 1616 1271 ;
1647 1206 1730 1261 sin
1747 1221 1858 1261 non

250 1310 399 1380 apud
426 1323 523 1363 nos
553 1306 722 1372 ﬁant,
752 1319 855 1360 non
890 1304 1038 1359 item.
1070 1301 1137 1355 Et
1167 1302 1360 1356 iterum
1392 1315 1407 1354 :
1449 1297 1541 1353 Vat
1569 1298 1740 1366 vobis,
1770 1313 1860 1368 per

250 1418 383 1472 quos
430 1416 615 1454 nomen
662 1397 756 1452 Dei
801 1395 1186 1465 blasphematur
1230 1388 1427 1463 (Rom.
1460 1389 1518 1443 ‘3.
1549 1388 1687 1459 24).
1718 1388 1858 1458 Quid

250 1506 389 1562 ergo
412 1532 428 1557 ,
472 1492 515 1545 si
550 1504 652 1561 ego
678 1487 821 1543 facio
847 1484 990 1556 quod
1012 1484 1198 1549 decet,
1222 1492 1277 1539 et
1301 1483 1439 1538 alius
1477 1480 1860 1553 blasphemat?

252 1583 400 1640 Nihil
429 1581 497 1639 ad
525 1592 609 1647 te,
640 1580 739 1637 sed
769 1579 836 1634 ad
863 1578 1012 1633 illum
1043 1595 1058 1633 :
1090 1591 1214 1632 nam
1262 1590 1358 1646 per
1405 1574 1557 1630 illum
1602 1573 1858 1645 blasphe-

255 1687 459 1733 matur.
494 1676 561 1731 Et
584 1675 676 1744 qui
708 1672 825 1729 lieri
854 1679 1058 1741 potest,
1087 1678 1148 1725 ut
1176 1667 1321 1739 quod
1357 1666 1514 1723 decet
1557 1665 1816 1722 faciamus
1842 1706 1858 1732 ,

252 1784 311 1828 et
339 1771 462 1827 aliis
488 1783 676 1825 ansam
704 1766 946 1822 demus?
976 1764 1128 1822 Unde
1158 1763 1322 1819 vultis
1347 1778 1375 1817 a
1403 1758 1761 1835 praesentibus"
1776 1760 1861 1817 vel

252 1878 285 1918 a
336 1862 610 1918 veteribus
648 1860 802 1915 vobis
849 1857 1095 1927 exempla
1141 1855 1384 1911 afferam.
1438 1853 1520 1910 Ne
1566 1861 1864 1910 ostentato—

256 1969 350 2010 res
380 1955 548 2007 simus
587 1952 822 2007 vultisne
860 1950 913 2004 id
953 1947 1095 2020 quod
1135 1963 1247 2020 pra:
1285 1947 1534 2004 manibus
1579 1947 1860 2013 habemus,

255 2044 549 2101 dicamus?
578 2042 895 2100 Judaizabat
920 2040 1120 2097 Paulus
1146 2040 1538 2114 Jerosolymte,
1591 2055 1699 2095 non
1746 2040 1864 2095 An-

257 2132 890 2205 tiochiamjndaizabat,
937 2141 994 2189 et
1041 2131 1118 2187 illi
1163 2130 1596 2189 offendebdntur.
1645 2136 1715 2188 At
1756 2148 1862 2188 non

253 2226 379 2298 iure
404 2224 834 2281 oll'eudebautur.
867 2222 1070 2279 Dicitur
1114 2223 1376 2280 salutasse
1413 2222 1643 2280 Neronis
1691 2223 1863 2295 pocil-

256 2320 489 2374 latorem
519 2328 574 2375 et
600 2318 958 2374 concubinam
1013 2318 1225 2387 Quanta
1258 2319 1457 2390 putatis
1482 2328 1672 2376 contra
1713 2319 1864 2374 illum

261 2423 486 2484 promer
537 2414 639 2469 hoc
687 2412 891 2469 dixisse
937 2412 1103 2468 illos?
1144 2412 1249 2469 Sed
1300 2428 1406 2469 non
1443 2414 1589 2485 juste
1620 2430 1634 2467 :
1664 2428 1787 2469 nam
1820 2414 1866 2469 si

260 2504 500 2560 lasciviae
531 2518 692 2560 causa
719 2503 1027 2571 salutasset,
1061 2504 1142 2560 vel
1174 2505 1243 2560 ob
1266 2506 1402 2561 mala
1420 2521 1607 2578 opera,
1638 2507 1862 2563 merito:

258 2596 349 2650 sin
378 2595 447 2651 ob
474 2595 614 2651 viam
643 2604 844 2651 rectam
870 2636 888 2663 ,
924 2598 1133 2667 quare?
1164 2597 1347 2653 Dicam
1377 2598 1578 2669 aliquid
1601 2639 1615 2662 ,
1644 2599 1787 2671 quod
1813 2609 1868 2655 et

262 2689 399 2744 mihi
425 2700 479 2744 et
503 2687 754 2743 familiari
783 2687 1000 2745 cuidam
1026 2704 1148 2745 meo
1175 2690 1389 2746 accidit.
1420 2690 1551 2747 Cum
1578 2690 1868 2772 aliquando

262 2784 345 2839 ira
380 2782 473 2838 Dei
506 2782 801 2849 incideret,
829 2790 884 2839 et
905 2783 995 2838 ille
1017 2782 1306 2839 admodum
1348 2785 1562 2854 juvenis
1599 2796 1758 2866 esset,
1780 2796 1867 2841 at-

263 2890 373 2944 que
404 2874 455 2928 in
481 2873 832 2929 diaconorum
856 2873 1045 2929 ordine
1066 2916 1083 2943 ,
1125 2875 1349 2931 absente
1394 2885 1521 2932 tunc
1566 2878 1823 2947 episcopo
1849 2919 1864 2943 ,

264 2983 393 3021 cum
426 2968 863 3039 presbyterorum
891 2967 1071 3023 nullus
1113 2978 1368 3033 curaret,
1417 2968 1511 3025 sed
1562 2984 1663 3023 una
1710 2978 1869 3026 nocte

260 3058 555 3114 confertim
604 3069 660 3115 et
708 3068 913 3114 temere
970 3060 1307 3130 baptizarent
1362 3062 1531 3118 multa
1589 3063 1868 3119 hominum

263 3150 480 3215 millia.
538 3158 595 3207 et
644 3150 965 3221 simpliciter
1016 3151 1423 3221 baptizarentur
1470 3170 1660 3211 omnes
1731 3155 1865 3213 nihil

262 3243 505 3300 scientes
535 3261 550 3297 :
582 3242 683 3298 bos
714 3242 806 3298 ille
833 3244 1080 3314 privatim
1110 3244 1383 3315 accipiens
1430 3255 1485 3302 et
1518 3258 1779 3304 centenos
1815 3258 1871 3305 et

262 3337 604 3393 ducentenos
632 3336 1006 3406 alloquebatur
1028 3377 1044 3403 ,
1073 3335 1141 3392 de
1168 3337 1268 3391 alia
1298 3338 1444 3392 nulla
1473 3354 1532 3395 re
1555 3380 1570 3404 ,
1613 3355 1773 3410 quam
1802 3340 1872 3398 de

268 3428 548 3502 mySteriis
579 3437 783 3482 tantum
812 3427 1116 3495 disserens,
1160 3428 1235 3484 ita
1281 3439 1338 3484 ut
1388 3444 1493 3485 non
1548 3432 1873 3488 concederet

267 3523 533 3578 accedere
564 3536 670 3575 non
699 3520 957 3574 initiatos.
993 3519 1147 3575 llunc
1172 3530 1425 3590 putarunt
1452 3523 1603 3576 multi
1630 3523 1873 3578 ambien-

270 3622 383 3669 tem
419 3613 773 3683 principatum
803 3612 905 3666 hoc
923 3615 1116 3667 facere.
1138 3614 1205 3667 At
1229 3613 1318 3668 ille
1343 3629 1532 3667 eorum
1560 3614 1869 3684 Opinionem

267 3704 424 3759 nihili
444 3704 645 3759 iaciens
665 3719 771 3757 non
796 3712 974 3758 tamen
1004 3705 1239 3773 perrexit
1266 3704 1467 3760 diutius
1494 3706 1544 3760 id
1572 3722 1752 3777 agere,
1773 3708 1870 3764 sed

266 3797 505 3851 cessavit
535 3795 737 3849 statim.
765 3793 902 3860 Quid
932 3795 1106 3864 ergo?
1134 3812 1259 3850 num
1289 3796 1381 3852 ille
1410 3796 1718 3853 olfendiculi
1746 3814 1869 3855 cau-

266 3904 326 3943 sa
357 3888 496 3943 fuit?
525 3886 641 3941 Non
673 3897 803 3957 puto
826 3898 993 3943 certe.
1018 3887 1152 3942 Nam
1184 3888 1229 3942 si
1258 3890 1402 3945 nulla
1429 3889 1497 3946 de
1518 3906 1679 3947 causa
1703 3892 1754 3947 id
1791 3892 1871 3948 fe-

265 3983 474 4050 cisset,
520 3984 715 4035 merito
746 3982 892 4035 illum
916 3980 1423 4051 reprehendissent,
1444 3979 1606 4055 atque
1632 3987 1793 4041 etiam
1825 3987 1869 4043 si

270 4071 467 4128 iterum
524 4073 869 4141 perrexisset.
920 4073 1053 4129 Nam
1085 4090 1207 4130 cum
1241 4077 1598 4146 prohibentur
1642 4094 1705 4135 ea
1750 4096 1872 4151 qua:

274 4163 386 4217 Deo
437 4164 630 4232 placita
679 4172 838 4227 sunt.
898 4173 1116 4234 propter
1163 4166 1391 4223 aliorum
1438 4168 1821 4228 olTeudiculum
1852 4216 1868 4241 ,

267 4255 723 4309 contemnendum
775 4264 897 4310 est:
943 4265 1069 4311 tunc
1116 4268 1295 4313 autem
1344 4262 1683 4329 curandum,
1748 4280 1871 4321 cum

268 4362 377 4401 nun
413 4349 657 4417 cogimur
680 4356 905 4417 propter
933 4348 1085 4404 illum
1113 4350 1390 4409 oll‘endere
1420 4354 1610 4409 Deum.
1650 4357 1866 4414 Etenim

1225 451 1291 508 IN
1332 448 1515 508 ACTA
1555 443 2085 503 APOSTOLORUM.
2130 441 2361 500 HOMIL.
2406 436 2613 497 XLVII.

3463 432 3571 489 326

1968 557 2057 613 die
2075 596 2093 623 ,
2123 570 2339 626 (ιιιωεο,
2369 552 2417 609 si
2442 550 2598 609 nobis
2623 547 3021 606 disserentibus
3042 556 3099 605 et
3124 548 3372 605 ebriosos
3397 550 3579 605 luces—

1962 647 2206 705 sentibus
2233 645 2453 719 quidam
2481 643 2882 709 oﬂenderetur,
2926 658 3054 698 num
3082 658 3185 714 ego
3229 643 3375 713 loqui
3420 642 3569 698 desi-

1964 740 2193 797 nerem?
2218 739 2358 797 Audi
2385 740 2665 796 Christum
2694 737 2965 793 dicentem
2998 752 3013 793 :
3044 734 3192 791 Num
3217 746 3265 791 et
3291 752 3380 792 vos
3413 736 3570 790 sultis

1963 834 2105 899 abire
2128 834 2323 905 (Joan.
2349 833 2407 890 6.
2436 831 2587 904 68)?
2626 830 2719 888 Sic
2748 844 2849 886 nec
2872 838 3223 886 contemnere
3249 843 3352 885 nec
3379 844 3572 885 curare

1963 927 2190 983 nimium
2217 934 2435 998 oportet
2459 925 2754 980 multorum
2786 920 3177 978 inﬁrmitatem.
3209 925 3403 976 Annon
3430 920 3576 976 vidc-

1965 1033 2088 1075 mus
2111 1019 2273 1075 etiam
2303 1017 2548 1073 medicos
2574 1015 2679 1071 hoc
2704 1013 2884 1071 facere
2904 1055 2921 1080 ,
2950 1022 3006 1069 et
3026 1012 3243 1084 quando
3268 1013 3399 1068 licet
3418 1011 3572 1068 infir-

1966 1114 2069 1170 mis
2091 1114 2361 1185 gratiosos
2387 1126 2542 1178 esse,
2571 1110 2791 1181 quando
2814 1118 2995 1164 autem
3040 1106 3211 1179 gratia
3250 1106 3357 1162 illis
3389 1106 3577 1178 perui-

1965 1208 2113 1264 ciosa
2142 1216 2307 1271 esset,
2344 1220 2452 1262 non
2480 1203 2620 1260 ultra
2654 1203 2760 1257 illis
2792 1201 3060 1273 parcere?
3098 1199 3306 1271 Ubique
3350 1198 3574 1255 modum

1966 1314 2187 1356 servare
2209 1298 2411 1355 bonum
2439 1306 2543 1353 est.

2044 1390 2279 1446 Historia
2329 1389 2542 1462 uirginis
2580 1387 2873 1451 cuiusdam.
2904 1415 2979 1426 —
3004 1384 3153 1441 Mulli
3211 1383 3401 1455 puella:
3446 1383 3574 1438 vir-

1967 1487 2079 1558 gini
2142 1484 2393 1541 formose
2447 1482 2887 1539 conviciabantur
2936 1480 3008 1536 ob
3059 1479 3415 1543 catochesin;
3468 1476 3568 1533 ad-

1971 1579 2286 1636 oriebantur
2314 1578 2459 1633 illam
2507 1576 2775 1647 simulque
2823 1589 2939 1642 eos,
2968 1574 3060 1645 qui
3106 1572 3277 1643 ipsam
3330 1572 3578 1627 institue-

1972 1673 2120 1729 bant.
2143 1670 2283 1741 Quid
2304 1670 2472 1742 ergo?
2514 1684 2643 1724 num
2678 1668 2802 1725 ideo
2836 1667 2960 1723 illos
3002 1664 3298 1721 abscedere
3352 1672 3575 1735 Oportu-

1971 1763 2102 1819 bat?
2145 1762 2407 1819 Minime:
2442 1760 2579 1816 nihil
2625 1760 2771 1816 enim
2822 1758 3058 1830 agebant
3093 1757 3449 1823 contrarium,
3480 1757 3575 1813 sed

1972 1864 2108 1911 rem
2134 1854 2292 1911 valde
2340 1861 2550 1926 gratam
2594 1852 2725 1908 Deo.
2776 1850 2856 1906 Ne
2897 1851 3077 1922 itaque
3120 1849 3481 1913 attendamus,
3532 1849 3578 1903 si

1970 1947 2189 2018 quidam
2213 1946 2578 2011 oﬂ'endantur,
2606 1944 2704 2000 sed
2718 1945 2761 2000 si
2779 1944 2948 2013 juste,
2967 1952 3021 1999 et
3042 1943 3085 1998 si
3110 1959 3215 2000 non
3234 1942 3300 1999 ad
3322 1943 3577 1999 damnum

1972 2048 2237 2096 nostrum.
2271 2037 2332 2094 Si
2358 2038 2521 2103 cibus,
2551 2037 2745 2108 inquit,
2776 2034 2991 2103 olfendit
3011 2039 3224 2107 fratrem
3257 2051 3446 2100 meum,
3478 2051 3581 2089 non

1969 2130 2234 2187 comedam
2274 2145 2454 2185 carnes
2510 2128 2565 2184 in
2615 2137 2863 2185 internum
2889 2128 2978 2200 (1.
3013 2126 3133 2183 Cor.
3164 2125 3220 2183 8.
3251 2127 3386 2201 15).
3417 2127 3578 2193 lure;

1971 2225 2106 2281 nihil
2131 2225 2278 2281 enim
2307 2223 2543 2281 nocebat
2573 2237 2681 2279 non
2703 2222 2993 2279 comedere
3018 2242 3031 2278 :
3061 2222 3107 2277 si
3129 2235 3260 2278 vero
3279 2220 3575 2277 olfendatut

1972 2317 2085 2385 ille,
2111 2315 2256 2389 quod
2285 2315 2603 2373 renuntiare
2648 2314 2839 2382 velim,
2873 2329 2980 2369 non
3004 2312 3116 2383 jam
3159 2314 3479 2369 curandum.
3514 2311 3578 2367 Et

1973 2433 2299 2490 quemnam,
2356 2416 2609 2487 inquies,
2666 2402 3041 2470 id‘offendit?
3085 2412 3317 2482 Multos,
3342 2423 3402 2469 ut
3445 2413 3578 2470 scio.

1974 2510 2203 2580 Quando
2234 2509 2397 2579 igitur
2436 2506 2751 2563 indiﬂ'erens
2802 2517 2907 2574 εει,
2954 2507 3310 2564 abstineatur.
3360 2505 3493 2562 Nam
3537 2505 3585 2561 si

1975 2602 2222 2656 volumus
2271 2599 2339 2654 ad
2393 2599 2499 2654 hoc
2552 2614 2719 2653 unum
2773 2607 3059 2668 spectare,
3104 2612 3137 2653 a
3189 2597 3375 2653 multis
3403 2596 3587 2652 absti-

1974 2693 2211 2749 nendum
2266 2693 2373 2749 erit
2419 2710 2433 2747 :
2483 2692 2623 2747 sicut
2673 2706 2707 2747 e
2758 2691 2976 2747 diverso
3038 2692 3083 2747 si
3152 2701 3583 2755 contemnamus,

1975 2786 2129 2841 multi
2153 2786 2423 2857 peribunt.
2449 2784 2582 2839 Nam
2604 2792 2661 2840 et
2678 2784 2875 2839 Paulus
2905 2784 3159 2853 prmcavit
3175 2782 3582 2848 ofl'endiculum,

1975 2887 2031 2936 et
2068 2877 2342 2950 quomodo
2391 2877 2553 2931 andi:
2590 2874 2674 2931 Ne
2705 2876 2802 2930 hac
2829 2875 3170 2947 plenitudine,
3228 2874 3422 2946 inquit,
3473 2890 3589 2946 qua

1975 2970 2296 3025 ministratur
2320 2986 2353 3023 α
2382 2968 2527 3025 nobis
2555 2968 2645 3041 (2.
2676 2966 2798 3025 Cor.
2837 2966 2897 3025 8.
2935 2967 3066 3040 20).
3095 2968 3239 3025 Nihil
3259 2969 3404 3025 enim
3427 2983 3590 3023 noce-

1977 3065 2068 3119 bat
2088 3063 2453 3134 suspicionem
2483 3062 2694 3119 tollere.
2724 3061 2952 3131 Quando
2979 3070 3159 3118 autem
3182 3063 3237 3117 iu
3263 3070 3467 3119 tantam
3500 3061 3587 3117 in-

1975 3154 2269 3212 ciderimus
2291 3154 2692 3221 necessitatem,
2722 3162 2782 3210 ut
2804 3162 3026 3226 prepter
3044 3154 3268 3211 alterius
3294 3153 3589 3212 offendicu-

1975 3247 2087 3303 lum
2132 3261 2327 3318 magna
2371 3245 2624 3302 eveniant
2678 3244 2820 3301 mala
2868 3262 2883 3301 :
2930 3246 3106 3316 ipsum
3151 3255 3584 3302 contemnamus.

1976 3337 2072 3395 lile
2099 3337 2318 3409 quidem
2344 3336 2447 3393 sibi
2468 3336 2521 3393 in
2547 3350 2710 3393 causa
2742 3344 2863 3415 est;
2894 3350 2994 3391 nos
3022 3350 3154 3392 vero
3170 3336 3283 3407 jam
3313 3337 3457 3393 noxii
3482 3352 3591 3393 nou

1976 3446 2164 3486 sumus
2197 3448 2213 3485 :
2242 3445 2348 3485 non
2370 3429 2545 3500 potuit
2572 3429 2718 3485 enim
2745 3429 2865 3485 sine
2892 3428 3094 3484 damno
3124 3427 3200 3484 illi
3229 3429 3398 3499 parci.
3438 3429 3591 3485 Multi

1978 3520 2171 3578 oll‘ensi
2198 3530 2345 3587 sunt,
2373 3519 2516 3591 quod
2544 3518 2597 3575 in
2618 3519 2819 3589 templo
2840 3518 3108 3576 cubarent
3127 3520 3349 3591 quidam
3375 3520 3587 3587 ﬁdeles,

1979 3614 2133 3685 quasi
2158 3628 2265 3669 non
2294 3613 2521 3678 liceret;
2555 3611 2650 3667 sed
2682 3613 2823 3668 male
2856 3629 2870 3667 :
2900 3612 3035 3667 nihil
3062 3614 3204 3667 enim
3230 3612 3356 3669 hinc
3383 3613 3589 3669 damni.

1979 3705 2421 3771 Ol'feudebantur,
2450 3703 2595 3775 quod
2622 3720 2744 3758 cum
2771 3704 3007 3759 ethnicis
3033 3704 3346 3760 comederet
3367 3704 3590 3771 Petrus;

1980 3799 2073 3856 sed
2132 3798 2222 3855 ille
2261 3798 2543 3864 abstinuit,
2595 3797 2685 3853 hic
2735 3811 2865 3853 vero
2904 3812 3011 3852 non
3041 3798 3190 3853 item.
3239 3798 3447 3869 Ubique
3495 3815 3595 3855 nus

1980 3894 2137 3951 decet
2162 3895 2308 3965 leges
2333 3893 2425 3948 Dei
2448 3900 2761 3963 sequentes,
2790 3907 3040 3963 magnam
3065 3907 3249 3947 curam
3274 3892 3495 3958 habere,
3528 3907 3596 3949 ne

1980 4001 2141 4059 quam
2191 3984 2499 4041 oll‘endiculi
2531 3984 2875 4040 occasionem
2910 3984 3268 4054 praebeamus,
3299 3994 3358 4039 ut
3397 3995 3451 4040 et
3495 4000 3597 4041 nos

1982 4078 2185 4135 innoxii
2214 4078 2405 4143 simus,
2439 4087 2494 4133 et
2516 4076 2613 4132 Dei
2639 4076 2983 4131 clementiam
3015 4090 3434 4148 consequamur,
3466 4093 3596 4150 gra-

1982 4174 2051 4227 tia
2084 4181 2137 4228 et
2159 4171 2489 4241 benignitate
2519 4168 2793 4241 Unigeniti
2821 4169 2961 4239 ejus,
2983 4170 3198 4239 quicum
3222 4170 3365 4226 Patri
3395 4179 3452 4226 et
3472 4185 3599 4226 sau—

1980 4276 2070 4324 cto
2095 4266 2318 4337 Spiritui
2336 4265 2533 4336 gloria,
2555 4263 2865 4333 imperium,
2891 4262 3088 4331 honor,
3116 4278 3258 4319 nunc
3278 4272 3333 4321 et
3356 4279 3595 4336 semper,

1980 4371 2035 4417 et
2066 4361 2122 4415 in
2152 4360 2349 4417 saecula
2373 4358 2719 4414 saeculorum.
2747 4358 2941 4415 Amen.

1598 4568 1947 4634 HOMILIA
1992 4572 2248 4633 XLVII.

267 4703 399 4761 CAP.
429 4705 521 4759 21.
572 4721 624 4760 v.
676 4705 765 4761 59.
813 4705 957 4762 Dixit
975 4718 1144 4764 autent
1178 4709 1373 4768 Paulus
1403 4730 1421 4769 :
1448 4714 1563 4787 Ego
1595 4719 1747 4774 homo
1768 4738 1883 4776 sum

342 4796 548 4867 quidem
570 4796 785 4852 ludatis
805 4814 839 4852 a
868 4798 1031 4854 Tarso
1068 4799 1281 4870 Cilicia,
1313 4822 1413 4859 non
1449 4807 1682 4877 ignobilis
1702 4814 1880 4866 civita-

339 4890 405 4946 tis
433 4890 555 4943 cieis
582 4906 600 4943 :
630 4906 754 4959 rogo
780 4901 950 4946 autem
980 4901 1045 4959 te,
1096 4897 1329 4964 permitte
1371 4899 1498 4952 milii
1526 4902 1663 4972 loqui
1692 4904 1760 4958 ad
1786 4922 1880 4976 po-

339 4983 541 5053 pulum.
570 4982 661 5038 10.
693 4982 762 5036 Et
791 5001 906 5038 cuin
939 4987 1027 5040 ille
1054 4990 1381 5059 permisisset,
1423 4991 1625 5048 Paulus
1650 5005 1792 5051 stans
1829 5000 1883 5054 in

337 5074 607 5147 gradibus,
637 5078 820 5130 annuit
846 5094 1002 5132 manu
1036 5080 1105 5133 ad
1146 5083 1361 5152 plebem,
1391 5096 1437 5139 et
1468 5104 1658 5156 magno
1679 5090 1882 5146 silentio

340 5172 503 5239 facta,
522 5168 816 5239 alloquutus
846 5182 920 5225 est
943 5171 1118 5245 lingua
1149 5174 1389 5245 Hebrtea,
1433 5180 1627 5236 dicens.

340 5328 395 5383 1.
428 5326 560 5383 Vide
586 5326 756 5393 illum,
787 5328 1004 5398 quando
1032 5338 1291 5387 externos
1316 5335 1626 5406 alloquitur,
1656 5353 1764 5395 non
1793 5355 1882 5395 re-

268 5433 462 5475 cnsare
487 5419 650 5473 etiam
683 5418 946 5490 legalibus
974 5422 1048 5476 uti
1075 5422 1425 5494 adiumentis.
1469 5428 1566 5483 llic
1612 5431 1761 5485 illum
1814 5448 1881 5486 ex

268 5510 508 5567 civitatis
530 5512 748 5565 nomine
776 5511 1034 5567 refrenat.
1070 5513 1160 5569 Sic
1188 5525 1244 5571 et
1264 5527 1423 5572 antea
1452 5519 1667 5575 dicebat
1700 5536 1712 5572 :
1752 5520 1881 5577 γετ-

272 5604 504 5659 berantes
543 5618 636 5657 nos
669 5604 860 5658 indicta
887 5621 1066 5673 causa,
1101 5609 1327 5663 homines
1357 5608 1619 5665 Romanos
1644 5615 1879 5683 coniece-

268 5707 386 5751 runt
416 5694 744 5752 incarcerem
787 5698 942 5767 (Act.
974 5698 1062 5754 16.
1095 5701 1162 5756 37
1184 5701 1225 5771 ).
1278 5703 1411 5769 Quia
1460 5706 1603 5760 enim
1636 5708 1889 5763 sciscita~

272 5785 433 5842 batur
464 5805 479 5841 :
520 5786 603 5842 Tu
631 5805 684 5843 es
706 5787 993 5861 Egyptians
1014 5792 1142 5846 ille?
1166 5791 1279 5864 Ego
1317 5812 1431 5850 sum
1450 5839 1465 5863 ,
1490 5799 1699 5868 inquit,
1730 5801 1880 5855 homo

270 5877 503 5935 ludens.
532 5876 623 5934 Sic
664 5878 939 5953 loquutus,
972 5880 1122 5938 illum
1150 5886 1334 5941 statim
1374 5904 1405 5943 a
1441 5891 1750 5960 suspicione
1776 5894 1874 5949 ab-

1987 4722 2159 4779 duxit.
2192 4724 2396 4781 Deinde
2436 4740 2506 4782 ne
2546 4734 2829 4795 putaretur
2858 4741 2925 4783 ex
2967 4736 3128 4798 gente
3172 4726 3413 4796 Iudaeus,
3460 4730 3599 4787 dixit

1986 4816 2303 4887 religionem
2330 4836 2343 4871 :
2379 4816 2583 4873 etenim
2612 4827 2668 4873 et
2704 4817 2832 4872 alibi
2861 4833 2920 4873 se
2945 4818 3045 4875 sub
3089 4819 3206 4891 lege
3236 4819 3439 4877 Christi
3468 4822 3600 4880 dicit

1986 4921 2127 4963 esse.
2160 4908 2301 4977 Quid
2326 4906 2431 4964 hoc
2459 4909 2577 4965 est?
2607 4908 2682 4981 (α)
2724 4907 3027 4983 [Paulusne
3053 4912 3351 4970 mentitur?
3386 4912 3599 4989 Absit.]

1984 4999 2124 5069 Quid
2158 5001 2362 5073 igitur?
2395 5017 2502 5057 non
2534 5002 2790 5073 negavit?
2815 5003 2973 5059 Absit
3012 5003 3271 5061 :Jndzeus
3313 5007 3461 5062 enim
3484 5018 3607 5064 erat

1984 5104 2040 5149 et
2071 5092 2432 5159 Christianus,
2462 5108 2816 5165 quacumque
2845 5094 3131 5165 Oportebat
3174 5111 3400 5154 servans
3429 5117 3442 5153 :
3473 5101 3599 5171 quia

1985 5196 2040 5242 et
2068 5186 2171 5258 legi
2196 5188 2311 5257 ipse
2334 5187 2568 5244 maxime
2596 5186 2841 5259 parebat,
2882 5185 3103 5245 Christo
3129 5189 3381 5259 credens,
3415 5201 3469 5247 et
3496 5192 3599 5248 Pc-

1988 5290 2127 5335 trum
2146 5281 2429 5353 alloquens
2454 5281 2587 5337 dicit
2615 5299 2628 5335 :
2654 5279 2769 5337 Nos
2785 5292 2974 5337 natura
2999 5282 3177 5339 Judtei
3194 5283 3213 5357 (
3230 5283 3351 5341 Gal.
3378 5285 3436 5340 2.
3469 5288 3533 5342 15
3546 5281 3593 5351 ).

1987 5370 2133 5444 Rogo
2177 5384 2246 5441 te,
2294 5375 2529 5445 permitte
2557 5391 2637 5429 me
2685 5376 2825 5447 loqui
2853 5376 2923 5429 ad
2952 5378 3221 5448 populum.
3273 5378 3388 5435 Hoc
3427 5383 3597 5438 etiam

1986 5468 2240 5522 indicium
2272 5478 2376 5535 est,
2422 5469 2562 5539 quod
2594 5485 2700 5523 non
2732 5472 3056 5537 mentiatur;
3088 5472 3355 5543 siquidem
3408 5489 3605 5532 omnes

1985 5560 2288 5615 adducebat
2316 5570 2503 5617 testes.
2547 5560 2847 5618 Considera
2874 5578 3063 5619 rursus
3093 5565 3245 5619 illum
3274 5580 3396 5621 cum
3444 5581 3567 5620 man

1986 5653 2271 5708 suetudine
2291 5654 2670 5710 disserentem.
2697 5655 2764 5711 Et
2782 5655 2886 5712 hoc
2908 5672 3095 5712 rursus
3116 5670 3491 5729 argumentum
3516 5672 3595 5714 est

1986 5746 2303 5814 maximum,
2355 5747 2501 5818 quod
2530 5747 2661 5803 nulli
2714 5758 2861 5804 esset
2887 5750 3100 5804 crimini
3127 5751 3418 5822 obnoxius,
3452 5754 3595 5822 quod

2049 5922 2121 5986 (α)
2158 5925 2353 5974 Casinis
2374 5923 2537 5977 clausa
2560 5926 2740 5977 desunt
2771 5928 2819 5977 in
2843 5927 3133 5992 quibusdam
3162 5928 3418 5979 codicibus
