4076 6518
547 431 647 489 537
1285 422 1341 479 s.
1380 419 1649 477 JOANNIS
1674 412 2146 473 cunvsosrosu
2186 410 2501 467 ARCHIEP.
2544 410 3075 468 CONSTANTINOP.

542 550 625 605 sic
655 554 865 616 paratus
892 550 1031 599 esset
1050 539 1115 596 ad
1140 538 1368 594 dandam
1410 536 1689 599 rationem,
1721 534 1981 601 velletque
2007 530 2122 585 sisti

547 645 610 693 ad
644 634 1072 707 respondendum
1098 630 1315 687 ludatis.

625 729 818 783 Paulus
840 727 1036 779 vinctus
1074 724 1419 777 concinnatur.
1440 748 1505 759 --
1526 717 1660 771 Vide
1705 716 2022 770 instructum
2055 712 2132 765 vi-

550 836 688 883 rum,
720 818 842 873 vide
891 814 1241 871 meonomiam
1270 829 1283 865 :
1314 810 1415 865 nisi
1447 810 1687 864 tribunus
1719 807 1981 885 venisset,
2032 803 2129 857 nisi

548 912 785 982 ligasset,
808 923 1060 964 sermone
1079 904 1144 959 ad
1166 904 1531 959 defensionem
1554 917 1685 969 opus
1708 914 1811 952 non
1836 896 2127 960 habuisset,

549 1017 720 1072 neque
748 1010 949 1055 tantum
988 999 1326 1065 impetrasset
1351 994 1647 1048 silentium.
1679 989 2009 1043 Permittente
2039 1004 2131 1039 au-

549 1102 646 1146 tem
673 1092 785 1155 illo,
809 1088 1007 1143 Paulus
1034 1088 1050 1118 ¹
1076 1097 1217 1140 stans
1254 1085 1305 1137 in
1335 1082 1596 1153 gradibus.
1626 1083 1668 1134 A
1696 1080 1815 1135 loco
1846 1077 2015 1146 major
2053 1076 2131 1129 fa-

547 1183 738 1245 cilitas,
788 1188 843 1235 et
890 1177 1032 1248 quod
1084 1176 1135 1229 in
1166 1175 1392 1229 editiore
1436 1173 1602 1243 gradu
1643 1172 1944 1239 loqueretur
1972 1177 2131 1237 atque

528 1256 757 1341 Iligatns.
806 1268 941 1334 Quid
998 1267 1119 1321 huic
1163 1265 1473 1346 spectaculo
1517 1279 1631 1331 par,
1687 1262 1865 1323 videre
1906 1260 2129 1312 Paulum

548 1364 755 1418 duabus
773 1362 979 1417 catenis
1003 1362 1236 1413 vinctum
1258 1358 1665 1411 concionantem
1683 1354 1706 1406 ?
1727 1351 1993 1422 quomodo
2020 1361 2132 1403 tur-

551 1456 722 1520 batus,
766 1450 1037 1524 quomodo
1074 1449 1326 1505 confusus
1378 1463 1482 1499 non
1510 1455 1609 1506 est,
1648 1453 1848 1497 tantum
1879 1440 2129 1509 pupulum

550 1548 733 1602 videns
772 1552 1164 1614 exasperatum,
1195 1541 1439 1594 adstante
1472 1536 1733 1607 przpside?
1767 1534 1943 1589 Primo
1989 1532 2133 1587 l'uro-
2168 1596 2175 1605 _

552 1656 663 1694 rem
691 1639 899 1693 illorum
934 1634 1156 1699 sedavit,
1185 1631 1375 1687 deinde
1398 1629 1681 1699 alloquitur
1706 1648 1719 1681 ;
1748 1637 1800 1681 et
1828 1620 1947 1680 vide
1973 1639 2129 1694 quam

553 1734 861 1801 prudenter.
896 1730 1023 1784 Nam
1050 1728 1099 1781 id
1121 1726 1261 1797 quod
1291 1726 1340 1779 in
1366 1722 1601 1792 Epistola
1624 1726 1690 1775 ad
1712 1721 1965 1774 Hebraeos
1988 1718 2127 1782 fecit,

554 1825 652 1877 hoc
681 1834 732 1876 et
761 1823 844 1875 hic
868 1822 991 1874 facit
1025 1838 1037 1871 :
1068 1810 1246 1887 primo
1266 1815 1583 1886 cognatione
1609 1812 1751 1865 vocis
1779 1812 1919 1879 ipsos
1942 1809 2127 1873 allicit,

551 1916 673 1970 hinc
700 1911 1132 1969 mansuetudine.
1156 1908 1280 1962 Ideo
1309 1906 1409 1960 hoc
1438 1906 1733 1967 declarans,
1761 1901 1886 1956 dicit
1917 1920 1928 1954 :
1964 1899 2131 1953 Multo

551 2000 684 2077 facta
722 2005 939 2067 silentio,
970 2001 1261 2067 alloquutus
1298 2007 1370 2051 est
1415 1996 1587 2066 lingua
1633 1993 1869 2057 Hebrum,
1914 1994 2083 2044 dicens
2113 2006 2131 2043 :

552 2100 705 2169 (Cap.
753 2095 928 2165 2‘2.)l.
971 2093 1078 2147 Viri
1104 2094 1284 2161 fratres
1310 2101 1355 2144 et
1393 2099 1580 2160 patres,
1616 2087 1785 2140 audite
1818 2102 1968 2151 quam
1994 2084 2130 2137 vobis

552 2208 686 2245 nunc
707 2190 861 2243 reddo
883 2189 1145 2241 rationem.
1172 2184 1300 2239 Vide
1318 2186 1478 2238 etiam
1505 2178 1823 2235 adulationis
1852 2187 2127 2246 expertem

553 2296 855 2336 sermonem
886 2288 937 2333 el
969 2276 1228 2331 modestia
1258 2275 1495 2344 plenum.
1523 2272 1637 2327 Non
1665 2272 1807 2326 enim
1837 2271 1989 2335 dixit,
2022 2270 2129 2323 Do-

550 2374 701 2436 mini,
724 2372 838 2436 sed,
874 2370 1121 2432 Fratres;
1147 2367 1289 2438 quod
1326 2367 1557 2421 maxime
1582 2364 1851 2426 amabant,
1882 2378 1942 2417 ac
1970 2363 2014 2418 si
2045 2362 2128 2417 di-

545 2473 728 2520 ceret:
752 2463 866 2517 Non
897 2462 1101 2515 alienus
1128 2473 1245 2513 sum
1273 2473 1301 2510 a
1329 2458 1498 2522 vobis,
1537 2471 1636 2509 nec
1656 2464 1845 2509 contra
1875 2466 1989 2506 vos.
2025 2452 2130 2506 Viri

547 2558 729 2623 fratres
758 2564 804 2607 et
832 2564 1018 2624 patres,
1058 2552 1244 2621 inquit.
1282 2548 1391 2601 Hoc
1419 2547 1655 2609 honoris,
1690 2546 1818 2599 illud
1865 2544 2129 2614 germani-

550 2647 691 2700 tatis.
723 2645 906 2698 Audite
935 2658 1119 2707 meam,
1149 2656 1299 2707 quam
1328 2655 1461 2691 nunc
1492 2636 1628 2690 vobis
1660 2635 1837 2700 reddo,
1860 2637 2124 2687 rationem.

545 2740 658 2795 Non
680 2739 814 2793 dixit
838 2738 1134 2793 doctrinam
1159 2736 1242 2790 vel
1280 2735 1593 2789 concionem
1612 2773 1625 2797 ,
1656 2732 1750 2786 sed
1772 2772 1787 2793 ,
1814 2731 2081 2785 Rationem
2107 2746 2129 2786 :

545 2846 605 2887 se
629 2830 778 2901 quasi
803 2829 1095 2897 supplicem
1120 2825 1416 2881 constituit.
1439 2824 1495 2877 2.
1526 2823 1651 2876 Cum
1680 2823 1943 2877 audissent
1963 2831 2128 2877 autem

543 2926 666 2993 quia
698 2922 912 2977 Hebraea
939 2922 1111 2989 lingua
1137 2919 1419 2989 loqueretur
1445 2916 1557 2980 sibi,
1590 2916 1751 2985 magis
1791 2917 2129 2984 prtestiterunt

545 3017 817 3071 silentium.
852 3012 1037 3068 Viden‘
1074 3019 1131 3065 ut
1154 3010 1295 3079 cepit
1318 3023 1411 3063 eos
1439 3008 1604 3075 patria
1633 3008 1830 3077 lingua,
1855 3023 2013 3077 quam
2039 3024 2124 3064 re-

545 3105 780 3160 verentia
823 3102 1051 3173 quadam
1100 3100 1595 3172 prosequebantur?
1627 3099 1754 3153 Vide
1799 3100 1959 3153 etiam
1991 3115 2126 3170 quo-

544 3198 705 3251 modo
732 3198 811 3252 sic
836 3212 989 3250 orsus
1029 3195 1167 3249 viam
1198 3194 1432 3249 sermoni
1462 3204 1609 3261 paret
1638 3201 1690 3247 et
1714 3193 1853 3247 dicat
1879 3211 1893 3246 :
1920 3196 1972 3249 5.
2018 3194 2129 3263 Ego

544 3263 677 3341 enim
715 3304 825 3341 sum
848 3287 924 3339 vir
948 3285 1182 3347 Iudaeus,
1212 3294 1362 3338 natus
1388 3285 1441 3337 in
1488 3283 1649 3337 Tarso
1674 3284 1884 3348 Ciliciaz,
1914 3287 2130 3341 nutritus

545 3389 715 3431 autem
744 3378 793 3429 in
822 3376 916 3429 hac
941 3376 1163 3445 civitate,
1186 3390 1327 3428 secus
1368 3373 1518 3442 pedes
1562 3374 1875 3435 Camalielis,
1904 3377 2130 3430 eruditus

548 3472 689 3543 fracta
714 3469 965 3521 veritatem
995 3466 1173 3536 patr-ite
1210 3465 1356 3534 legis,
1385 3464 1649 3517 amulator
1672 3462 1791 3532 Dei,
1821 3466 1948 3519 sicut
1972 3478 2020 3519 et
2044 3484 2130 3521 vos

546 3576 716 3613 omnes
743 3558 857 3612 estis
879 3557 1044 3611 hodie.
1071 3556 1180 3626 Ego
1196 3556 1393 3625 quidem
1414 3572 1545 3619 sunt,
1564 3556 1754 3625 inquit,
1787 3557 1861 3608 vir
1879 3557 2129 3621 Iuda-us;

544 3649 687 3719 quod
719 3649 951 3702 omnium
988 3647 1217 3700 maxime
1243 3644 1426 3698 audire
1456 3646 1760 3714 cupiebant.
1797 3646 1962 3701 Natus
1983 3648 2132 3705 Tarsi

544 3738 754 3794 Ciliciae.
783 3738 859 3792 Ne
888 3753 1015 3791 vero
1049 3738 1344 3806 cogitarent
1391 3734 1619 3788 alienam
1647 3745 1880 3806 gentem,
1912 3739 2129 3809 religi“.

547 3851 668 3890 nem
698 3834 918 3889 addidit.
953 3833 1194 3887 Nutritus
1227 3834 1279 3887 in
1311 3834 1407 3887 hac
1439 3834 1658 3889 civitate.
1698 3834 1943 3905 Magnum
1974 3850 2129 3890 suum

548 3929 780 3984 ostendit
804 3944 925 3995 erga
949 3928 1259 3996 religionem
1282 3927 1540 3991 studium,
1563 3927 1988 3999 quandoquidem
2023 3937 2128 3982 tam

445 4079 455 4087 ,
548 4022 725 4082 clara,
759 4028 865 4072 tam
892 4028 1095 4072 remota
1136 4018 1301 4086 patria
1343 4018 1560 4083 relicta,
1592 4019 1679 4072 hic
1725 4019 1891 4075 voluit
1916 4019 2131 4074 educari

553 4119 769 4178 propter
791 4109 982 4176 legem.
1034 4106 1167 4162 Vide
1219 4110 1487 4176 quomodo
1507 4106 1616 4176 jam
1670 4108 1794 4162 olim
1836 4110 1887 4163 in
1930 4109 2133 4165 hoaore

556 4200 785 4255 habebat
817 4200 1006 4269 legem.
1040 4197 1171 4252 Illud
1196 4212 1324 4251 vero
1356 4213 1461 4252 non
1483 4198 1675 4262 solum,
1705 4212 1757 4253 ut
1786 4214 1902 4254 sese
1926 4210 2130 4270 purget,

550 4290 679 4344 dicit
710 4290 845 4353 illis;
880 4288 971 4343 sed
999 4298 1056 4342 ut
1082 4287 1330 4342 ostendat
1355 4304 1409 4343 se
1456 4304 1560 4343 non
1594 4290 1826 4344 humano
1856 4307 2021 4362 scopo
2067 4292 2134 4347 ad

554 4382 982 4450 pra-dicationem
1033 4381 1339 4445 adductum,
1392 4381 1485 4435 sed
1530 4382 1709 4437 divina
1755 4384 1992 4439 virtute:
2028 4401 2133 4439 non

554 4472 696 4525 enim
726 4472 801 4524 sic
842 4470 1081 4524 eruditus
1109 4480 1329 4541 repente
1358 4472 1525 4526 factus
1555 4483 1657 4527 est.
1686 4473 1819 4528 Nam
1851 4476 1893 4529 si
1922 4491 1953 4529 e
1980 4478 2139 4546 vulgo

558 4563 761 4625 fuisset,
810 4560 860 4614 id
906 4563 1141 4615 licuisset
1188 4562 1489 4630 suspicari:
1521 4564 1766 4619 siautem
1797 4581 1862 4620 ex
1910 4583 2135 4623 numero

554 4670 736 4709 eorum
764 4654 853 4724 qui
880 4655 1109 4709 maxime
1134 4656 1371 4709 omnium
1404 4655 1502 4723 legi
1536 4655 1824 4723 hatrerent,
1877 4674 1983 4713 non
2021 4670 2138 4715 erat

556 4746 845 4803 verisimile
875 4746 1021 4800 illum
1053 4747 1170 4800 sine
1217 4760 1378 4801 causa
1407 4756 1460 4801 et
1490 4747 1631 4801 nulla
1662 4758 1883 4817 urgente
1909 4752 2138 4805 necessi-

557 4847 664 4893 tate
690 4847 946 4893 mutatum
997 4838 1179 4893 fuisse.
1210 4839 1279 4892 At
1329 4838 1555 4893 fortasse
1598 4837 1791 4894 dixerit
1836 4842 2136 4910 quispiam:

559 4931 702 4987 Nihil
721 4930 786 4985 ad
810 4947 923 4985 rem
942 4930 1083 4995 iacit,
1100 4931 1238 5001 quod
1262 4930 1417 4985 isthic
1430 4931 1687 4987 educatus
1707 4933 1804 4988 sit:
1828 4934 1953 5005 quid
1972 4935 2137 5000 enim,

558 5025 602 5077 si
633 5022 703 5077 ob
726 5023 1137 5100 negotiationem
1163 5023 1247 5076 vel
1272 5024 1428 5075 aliam
1451 5039 1664 5077 causam
1696 5024 1797 5079 huc
1818 5026 2044 5081 venisti?
2065 5026 2141 5081 Ne

557 5112 609 5167 id
640 5128 767 5183 ergo
800 5122 1093 5182 putaretur,
1142 5112 1365 5176 addidit,
1398 5113 1477 5165 Ad
1505 5114 1656 5183 pedes
1686 5114 2004 5170 Gamalielis.
2033 5117 2143 5172 Nec

555 5208 726 5261 Solum
756 5194 910 5272 dixit,
953 5204 1089 5274 apud
1118 5204 1487 5265 Gamalielem,
1522 5205 1639 5270 sed,
1673 5205 1753 5259 Ad
1783 5208 1929 5276 pedes
1953 5208 2143 5262 Gama-

558 5296 686 5353 lielis
718 5314 735 5351 :
766 5297 1253 5367 perseverantiam,
1305 5296 1714 5364 aSsiduitatem,
1767 5300 1999 5355 studium
2048 5318 2143 5355 au-

557 5390 738 5444 diendi
766 5389 1069 5454 declarans,
1115 5399 1169 5442 et
1221 5388 1438 5442 multam
1470 5404 1594 5458 erga
1622 5390 1792 5443 virum
1820 5391 1961 5445 illum
1989 5408 2141 5447 reve-

560 5484 803 5537 rentiam.
841 5480 1085 5534 Eruditus
1104 5481 1379 5535 secundum
1397 5482 1767 5535 accurationem
1788 5484 1966 5552 patria:
1983 5486 2143 5553 legis;

563 5590 667 5627 non
696 5574 1007 5641 simpliciter
1032 5572 1182 5642 legis,
1207 5571 1321 5635 sed,
1350 5570 1413 5624 Et
1437 5572 1634 5640 patriar,
1658 5573 1909 5641 adjiciens
1931 5592 1944 5628 :
1968 5586 2146 5629 osten~

564 5666 694 5719 deus
712 5680 769 5718 se
795 5664 917 5716 olim
944 5663 1099 5716 talem
1124 5662 1305 5726 fuisse,
1331 5677 1429 5718 nec
1453 5664 1765 5734 simpliciter
1786 5667 1922 5721 scire
1951 5668 2141 5738 legem.

624 5842 781 5897 Illac,
797 5839 1095 5902 permittente
1110 5843 1263 5887 autem
1282 5837 1381 5901 illo,
1412 5839 1605 5900 Paulus,
1630 5841 1805 5892 desunt
1830 5848 1877 5891 tn
1902 5856 1998 5893 uno
2021 5842 2137 5896 Cod.

2237 526 2361 580 Hinc
2394 540 2522 581 vero
2549 527 2799 581 videntur
2825 525 3039 596 quidem
3068 541 3165 596 pro
3194 525 3297 580 illis
3335 524 3465 591 dici,
3498 525 3593 580 sed
3640 537 3851 579 contra

2238 618 2357 673 illos
2382 628 2526 682 sunt,
2570 619 2999 688 quandoquidem
3044 630 3097 673 et
3150 620 3327 674 sciens
3380 619 3529 674 illum
3588 621 3849 689 reliquit.

2241 709 2440 764 Deinde
2469 724 2538 763 ne
2565 724 2778 762 rursum
2811 711 2931 778 quis
2960 710 3199 780 objiciat,
3228 710 3355 780 quid
3378 725 3507 781 ergo
3562 713 3608 765 si
3657 713 3848 781 legem

2236 800 2446 871 quidem
2496 811 2745 856 accurate
2798 805 2961 869 nosti,
2996 820 3165 874 neque
3207 815 3380 860 tamen
3414 804 3559 859 illam
3586 805 3847 862 vindicas

2237 908 2410 962 neque
2444 893 2630 947 amas?
2678 892 3010 959 Enmlator,
3042 896 3230 965 inquit,
3287 897 3448 967 legis;
3487 897 3536 950 id
3583 907 3687 961 est,
3722 912 3844 950 non

2238 985 2397 1039 modo
2421 986 2618 1050 sciens,
2650 986 2742 1039 sed
2767 988 2927 1039 etiam
2966 1001 3159 1056 magno
3180 1003 3302 1057 erga
3350 988 3490 1042 illam
3532 987 3649 1041 zelo
3696 988 3842 1043 all'e-

2236 1084 2372 1130 ctus.
2408 1074 2605 1129 Deinde
2638 1086 2912 1144 postquam
2942 1090 3129 1144 magna
3151 1076 3549 1131 descencnmia
3580 1079 3841 1147 protulit,

2235 1180 2573 1220 communem
2615 1166 2726 1233 jam
2751 1181 3054 1220 sermonem
3087 1165 3312 1235 profert,
3342 1168 3527 1223 dicens
3562 1186 3574 1223 :
3610 1170 3759 1223 Sicut
3787 1178 3843 1221 es

2236 1276 2323 1313 vos
2343 1277 2513 1315 omnes
2544 1264 2659 1314 estis
2682 1262 2849 1313 hodie.
2880 1260 3125 1316 Ostendit
3146 1262 3288 1316 enim
3320 1262 3438 1315 illos
3461 1280 3565 1317 non
3592 1264 3842 1317 humano

2235 1364 2399 1420 scopo
2428 1350 2537 1405 hoc
2566 1350 2761 1413 facere,
2809 1351 2902 1405 sed
2944 1351 3063 1407 zelo
3092 1352 3294 1405 divino.
3343 1353 3453 1408 Hoc
3503 1370 3631 1409 vero
3661 1356 3796 1410 dicit
3818 1396 3837 1421 ,

2234 1444 2455 1512 gratiam
2484 1444 2694 1498 illorum
2722 1455 2963 1513 captans,
2993 1454 3255 1499 eteorum
3284 1456 3516 1501 mentem
3552 1463 3841 1516 praeoccu-

2237 1549 2367 1602 pans
2413 1550 2477 1589 ac
2521 1534 2767 1590 detinens
2793 1536 2845 1588 in
2888 1536 2971 1600 iis,
3016 1535 3067 1589 in
3097 1536 3291 1605 quibus
3321 1536 3451 1590 nihil
3479 1537 3660 1593 damni
3688 1550 3832 1595 erat.

2234 1623 2425 1679 Postea
2457 1626 2653 1680 indicia
2686 1628 2908 1695 profert,
2933 1625 3118 1681 dicens
3149 1645 3162 1679 :
3195 1628 3249 1681 ι.
3278 1627 3379 1694 Qui
3399 1628 3528 1681 lianc
3553 1631 3686 1682 viam
3714 1649 3833 1701 per-

2234 1727 2472 1785 sequutus
2499 1734 2608 1769 sunt
2639 1734 2797 1787 usque
2816 1718 2883 1768 ad
2920 1728 3147 1784 mortem,
3173 1720 3392 1789 alligans
3433 1732 3479 1772 et
3529 1722 3735 1775 tradens
3774 1726 3834 1775 in

2235 1810 2490 1862 custodias
2540 1812 2669 1863 viros
2712 1826 2773 1862 ac
2816 1811 3072 1873 mulieres,
3125 1812 3179 1865 5.
3220 1813 3347 1864 sicut
3395 1814 3628 1881 princeps
3655 1832 3832 1867 sacer-

2234 1901 2411 1955 datum
2436 1903 2558 1954 mihi
2586 1904 2921 1955 testimonium
2951 1905 3139 1970 reddit,
3162 1914 3207 1957 et
3240 1921 3412 1958 omnes
3442 1910 3660 1975 majores
3682 1920 3827 1962 natu.

2236 1990 2301 2044 Ut
2339 2008 2499 2046 nemo
2525 1992 2688 2056 dicat,
2725 1993 2792 2046 Et
2822 1993 2961 2048 unde
2994 1994 3093 2049 hoc
3126 1997 3509 2051 manifestum?
3536 2008 3701 2054 testes
3729 2002 3828 2053 ad.

2233 2082 2378 2136 dncit
2406 2084 2699 2153 principem
2728 2085 3067 2139 sacerdotum
3092 2096 3146 2142 et
3174 2088 3406 2153 majores
3428 2098 3574 2143 natu.
3607 2092 3673 2146 Et
3698 2092 3829 2147 dicit

2233 2174 2446 2242 quidem
2477 2175 2807 2241 demulcens,
2831 2175 3129 2231 xEmulator
3149 2180 3277 2232 sicut
3306 2193 3351 2233 et
3378 2198 3462 2235 vos
3478 2198 3500 2247 ;
3522 2184 3571 2236 id
3597 2194 3700 2248 est,
3732 2200 3829 2252 par

2238 2267 2385 2320 vobis
2419 2283 2433 2318 :
2461 2267 2694 2321 ostendit
2731 2278 2907 2323 autem
2940 2285 3034 2338 per
3068 2286 3227 2339 opera
3272 2286 3333 2326 se
3374 2272 3493 2326 illos
3519 2289 3821 2342 supemsse.

2200 2394 2204 2399 -
2235 2355 2350 2410 Non
2378 2357 2517 2411 enim
2548 2374 2728 2413 moras
2754 2358 3053 2423 trahebant,
3076 2371 3131 2414 ut
3156 2377 3425 2430 caperem,
3449 2364 3542 2418 sed
3573 2375 3627 2418 et
3646 2380 3825 2422 sacer-

2234 2445 2387 2500 dotes
2416 2448 2712 2501 excitabam
2744 2458 2798 2503 et
2848 2452 3305 2519 peregrinatiOnes
3334 2454 3730 2523 suscipiebam;
3771 2466 3826 2510 et

2235 2550 2341 2588 non
2387 2537 2531 2592 viros
2572 2548 2782 2599 tantum
2828 2542 3181 2610 aggrediebar
3223 2544 3361 2597 sicut
3387 2559 3503 2607 vos,
3536 2545 3630 2599 sed
3662 2549 3821 2601 etiam

2232 2628 2490 2684 mulieres
2513 2647 2527 2696 ;
2552 2639 2606 2685 et
2629 2647 2815 2686 omnes
2834 2634 3057 2701 alligans
3078 2645 3131 2688 et
3161 2634 3211 2687 in
3237 2650 3483 2689 carceres
3504 2636 3817 2706 conjiciens.

2236 2720 2593 2776 lndubitatum
2622 2734 2703 2778 est
2755 2726 2856 2777 hoc
2910 2725 3295 2791 testimonium,
3345 2728 3462 2781 sine
3506 2728 3822 2785 defensione

2235 2822 2359 2869 sunt
2390 2831 2474 2871 res
2502 2816 2828 2871 Judmorum.
2856 2818 2985 2872 Vide
3012 2828 3141 2887 quot
3167 2828 3332 2875 testes
3358 2820 3571 2875 adducit
3603 2841 3618 2877 :
3647 2825 3824 2878 senio-

2234 2926 2342 2979 res,
2376 2914 2667 2983 principem
2697 2912 3055 2980 sacerdotum,
3088 2928 3182 2969 eos
3212 2916 3300 2985 qui
3331 2917 3381 2969 in
3408 2917 3641 2972 civitate.

2302 3002 2357 3058 9..
2396 3002 2522 3057 Vide
2550 3016 2726 3058 autem
2754 3004 2868 3072 ejus
2894 3015 2948 3059 et
2976 3005 3342 3060 defensionem
3374 3022 3477 3061 non
3508 3024 3575 3063 ex
3606 3010 3816 3074 timore,

2233 3093 2325 3147 sed
2361 3095 2533 3162 potius
2563 3096 2683 3150 vide
2711 3096 2992 3152 docentem
3032 3106 3087 3152 et
3128 3098 3515 3155 instituentem.
3544 3100 3657 3155 Nisi
3678 3107 3820 3156 enim

2235 3187 2437 3254 lapides
2464 3187 2685 3242 fuissent
2719 3190 3007 3253 auditores,
3036 3190 3194 3245 dictis
3224 3193 3599 3249 attendissent.
3630 3194 3824 3251 Hacte-

2236 3292 2336 3329 nus
2370 3279 2509 3332 enim
2544 3279 2661 3331 illos
2694 3279 2875 3345 habuit
2904 3290 3100 3348 testes;
3134 3283 3336 3351 reliqua
3368 3299 3496 3338 vero
3518 3286 3636 3339 sine
3667 3288 3822 3342 testi-

2236 3368 2333 3421 bus
2358 3378 2501 3424 sunt.
2536 3370 2577 3422 A
2606 3371 2785 3439 quibus
2831 3383 2875 3424 et
2921 3374 3158 3441 epistolas
3198 3376 3479 3443 accipiens,
3526 3380 3593 3429 ad
3643 3380 3824 3447 fratres

2235 3458 2543 3513 Damascum
2590 3462 2890 3531 pergebam,
2938 3473 2991 3515 ut
3038 3465 3341 3519 adducerem
3385 3468 3502 3520 inde
3545 3472 3736 3525 vinctos
3773 3473 3825 3525 in

2232 3549 2519 3604 Jerusalem
2549 3562 2603 3603 ut
2630 3554 2947 3619 punirentur.
2990 3554 3043 3607 6.
3087 3553 3301 3608 Factum
3338 3568 3413 3610 est
3448 3569 3651 3625 autent,
3682 3574 3827 3616 eunte

2235 3659 2315 3694 me
2353 3654 2399 3695 et
2434 3646 2877 3715 apprOpinquante
2919 3644 3192 3712 Damasco,
3238 3646 3405 3701 media
3449 3650 3532 3704 die
3565 3650 3732 3705 subito
3766 3653 3828 3707 de

2235 3734 2361 3788 creto
2409 3736 2741 3804 circumfulsit
2787 3752 2868 3789 me
2909 3739 3001 3791 lux
3042 3740 3265 3805 copiosa,
3314 3740 3362 3793 7.
3410 3751 3459 3795 et
3496 3744 3733 3798 decidens
3774 3746 3825 3797 in

2235 3836 2450 3893 terram,
2491 3829 2663 3883 audivi
2700 3845 2870 3883 vocem
2910 3830 3154 3885 dicentem
3192 3834 3317 3885 mitti
3348 3849 3369 3887 :
3398 3836 3588 3902 Saule,
3634 3826 3823 3903 Saule,

2235 3921 2357 3987 quid
2382 3937 2460 3973 me
2486 3923 2799 3992 persequeris
2817 3923 2842 3975 .9
2866 3924 2919 3977 8.
2957 3924 3065 3994 Ego
3092 3936 3258 3979 autem
3284 3929 3526 3998 respondi
3552 3948 3570 3983 :
3601 3930 3728 3996 Quis
3754 3951 3825 3996 es,

2238 4010 2453 4066 Domine
2470 4013 2495 4065 .9
2523 4011 2767 4082 Dixitque
2794 4015 2863 4068 ad
2886 4032 2963 4068 me
2994 4032 3012 4069 :
3044 4014 3156 4088 Ego
3182 4034 3294 4070 sum
3319 4018 3470 4073 Jesus
3498 4019 3825 4087 Nazarenus,

2236 4119 2382 4171 quem
2413 4113 2466 4157 tu
2494 4108 2827 4175 persequeris.
2871 4106 2995 4161 Haec
3037 4118 3185 4163 certe
3222 4107 3327 4163 fide
3353 4110 3643 4166 admodum
3672 4114 3827 4183 digna

2240 4193 2423 4248 haberi
2464 4197 2747 4264 oportebat
2791 4212 2856 4250 ex
2906 4197 2991 4261 iis,
3037 4214 3157 4265 quae
3204 4213 3621 4269 praecesserant;
3658 4220 3831 4272 neque

2239 4285 2380 4339 enim
2421 4298 2653 4342 mutatus
2680 4289 2855 4343 fuerit.
2882 4290 3018 4355 Quid
3059 4291 3246 4360 igitur,
3276 4294 3507 4363 inquies,
3533 4295 3580 4350 si
3608 4312 3731 4352 sese
3750 4298 3832 4367 ja-

2240 4378 2383 4431 ctat?
2403 4378 2746 4449 Nequaquam
2772 4382 2811 4434 ί.
2836 4380 2942 4435 Cur
2968 4382 3132 4448 enim,
3163 4399 3365 4453 quaeso,
3390 4401 3511 4442 sese
3537 4400 3759 4457 repente
3780 4392 3830 4444 in

2244 4478 2446 4522 tantum
2473 4470 2643 4523 zelum
2674 4470 2985 4539 iniecisset?
3008 4473 3147 4542 quod
3175 4472 3437 4530 honorem
3460 4484 3832 4547 exspectaret?

2242 4560 2401 4628 Atqui
2442 4560 2707 4614 contraria
2746 4577 2932 4630 passus
2961 4572 3062 4618 est.
3092 4564 3244 4631 Quod
3272 4568 3505 4634 quietem
3547 4572 3834 4639 speraret?

2241 4651 2424 4721 Neque
2455 4652 2555 4707 hoc
2585 4668 2735 4707 sane.
2778 4655 2864 4708 An
2904 4655 3005 4709 alia
3042 4656 3111 4711 de
3154 4658 3351 4712 causa?
3379 4658 3523 4714 Nihil
3550 4662 3833 4719 ratiocinio

2245 4743 2471 4798 inveniri
2504 4752 2697 4813 potest.
2726 4744 2853 4799 Haec
2883 4745 2985 4801 illis
3027 4747 3323 4817 colligenda
3363 4760 3417 4805 et
3447 4750 3725 4809 inferenda
3751 4770 3835 4810 re-

2244 4835 2520 4903 linquens,
2572 4851 2660 4890 res
2706 4837 2848 4905 ipsas
2893 4847 3076 4891 narrat
3121 4849 3174 4891 et
3214 4839 3343 4893 dicit
3377 4858 3390 4894 :
3426 4840 3512 4895 Me
3549 4848 3833 4914 appropin-

2244 4940 2431 4997 quante
2462 4928 2737 4992 Damasco,
2766 4930 2933 4981 media
2958 4929 3040 4982 die
3072 4929 3235 4984 subito
3262 4930 3325 4985 de
3352 4934 3477 4986 etelo
3502 4934 3837 5004 circum]th

2245 5037 2325 5074 me
2352 5022 2442 5074 lux
2469 5021 2696 5090 capiosa,
2730 5030 2784 5092 et.
2803 5021 2969 5074 decidi
2993 5021 3047 5073 in
3073 5033 3283 5078 terram.
3316 5021 3449 5079 Vide
3474 5036 3673 5096 quanta
3704 5028 3839 5082 lucis

2245 5112 2420 5181 c0pia.
2444 5111 2704 5181 Quodque
2731 5128 2835 5166 non
2865 5129 2930 5167 ex
2954 5108 3209 5180 iactantia
3234 5114 3503 5185 loquatur,
3529 5126 3692 5172 testes
3715 5128 3840 5174 sunt

2246 5204 2335 5272 qui
2376 5203 2619 5265 aderant,
2650 5204 2738 5273 qui
2781 5219 2943 5257 manu
2986 5204 3338 5272 deduxerant,
3372 5208 3459 5276 qui
3490 5208 3663 5263 lucem
3697 5212 3840 5267 vide-

2249 5308 2388 5351 runt.
2422 5297 2473 5352 9.
2510 5298 2608 5364 Qui
2642 5308 2810 5350 autem
2838 5314 3031 5352 mecum
3057 5309 3220 5366 erant,
3250 5301 3419 5355 lumen
3456 5302 3659 5370 quidem
3698 5306 3839 5359 nide-

2248 5399 2385 5451 runt,
2415 5400 2460 5443 et
2482 5390 2704 5442 exterriti
2725 5398 2881 5452 sunt;
2906 5405 3073 5445 vocem
3100 5402 3267 5445 autem
3291 5408 3393 5445 non
3415 5393 3689 5449 audierunt
3706 5399 3837 5467 ejus,

2248 5482 2332 5550 qui
2362 5481 2658 5550 loquebatur
2686 5498 2895 5535 mecum.
2929 5483 3003 5537 Ne
3030 5492 3267 5551 stupeas,
3295 5484 3338 5538 si
3368 5483 3455 5538 hic
3479 5486 3573 5552 ita,
3597 5488 3725 5544 alibi
3749 5506 3839 5545 au-

2252 5582 2356 5628 tem
2388 5576 2465 5628 sic
2494 5576 2781 5642 loquatur:
2815 5574 3075 5629 Steterunt
3117 5592 3284 5631 uocem
3316 5578 3521 5646 quidem
3544 5582 3838 5648 audientes,

2251 5668 2493 5721 neminem
2534 5675 2699 5718 autem
2728 5666 2949 5721 videntes
2987 5668 3123 5722 (Act.
3160 5666 3210 5723 9.
3252 5669 3327 5738 7).
3368 5669 3483 5725 Non
3525 5683 3652 5727 sunt
3700 5679 3840 5731 enim

2319 5861 2334 5880 ι
2373 5820 2499 5910 Vox,
2519 5858 2839 5909 nequaquam,
2863 5849 2910 5895 in
2934 5845 3218 5911 quibusdam
3242 5847 3406 5899 deut.
