4076 6548
196 503 300 556 δι’]

252 623 394 693 Ὅρα
456 621 787 692 τεταγμένον
849 621 1054 691 ἄνδρα,
1114 620 1216 691 ὅρα
1279 616 1628 688 οἰκονομίανο
1684 615 1732 668 εἰ
1783 614 1859 685 μὴ

184 709 456 780 χιλίαρχος
477 706 658 780 ἦλθεν,
685 712 732 764 εί
759 709 834 782 μὴ
856 710 1064 780 ἔδησεν,
1092 708 1192 760 οὐκ
1216 705 1282 761 ἂν
1311 705 1506 778 ἐδεήθη
1533 704 1693 773 λόγου
1722 705 1860 775 πρὸς

177 798 495 867 ἀπολογίαν,
528 800 628 851 οὑκ
660 797 725 852 ἂν
751 797 1017 866 τοσαύτης
1047 795 1328 849 ἀπέλαυσε
1358 794 1536 864 σιγῆς.
1597 791 1859 860 Ἐπιτρέ-

176 889 410 954 ψαντος
438 884 505 938 δὲ
527 885 734 949 αὑτοῦ,
768 887 801 938 ὁ
829 883 1072 950 Παῦλος
1091 895 1117 924 ι
1145 882 1336 948 ἑστὼς
1356 881 1457 935 ἐπὶ
1489 879 1611 935 τῶν
1637 880 1860 936 ἀναϐα-

178 972 360 1042 θμῶν.
406 973 514 1028 Καὶ
553 974 661 1027 ἀπὸ
706 971 801 1027 τοῦ
843 971 1009 1025 τόπου
1053 971 1224 1043 πολλὴ
1274 972 1308 1041 ὴ
1360 970 1602 1030 εὐκολία,
1652 969 1712 1021 τὸ
1765 965 1861 1021 καὶ

178 1061 380 1130 ὑψηλὸν
413 1061 542 1116 ὄντα
571 1062 904 1134 δημηγορεῖν
935 1061 1029 1115 καὶ
1069 1059 1371 1131 δεδεμένον.
1409 1058 1475 1111 Τί
1516 1057 1709 1111 τούτου
1745 1057 1859 1108 ἴσον

177 1149 270 1202 τοῦ
323 1149 632 1220 θεάματος,
675 1150 827 1203 δυσὶν
866 1148 1092 1203 ἁλύσεσι
1145 1147 1428 1220 δεδεμένον
1480 1147 1608 1200 ἰδεῖν
1646 1143 1859 1198 Παῦλον

177 1237 629 1309 δημηγοροῦντας
681 1237 797 1299 πῶς
835 1237 935 1291 οὑκ
964 1237 1241 1309 ἐταράχθη
1267 1276 1281 1299 ,
1318 1235 1434 1299 πῶς
1463 1236 1526 1288 οὑ
1563 1233 1856 1305 συνεχύθη,

176 1327 431 1381 τοσοῦτον
467 1327 635 1398 δῆμον
679 1325 1210 1397 ἐκπεπολεμωμένον
1258 1324 1400 1394 όρῶν
1447 1324 1541 1376 τοῦ
1595 1321 1860 1394 ἄρχοντος

177 1413 479 1482 ἐφεστῶτος
501 1431 515 1480 ;
546 1414 815 1486 Πρότερον
835 1414 1146 1484 ἀπέστησεν
1168 1413 1368 1476 αὐτοὺς
1391 1411 1486 1465 τοῦ
1514 1410 1712 1482 Θυμοῦ,
1739 1407 1860 1465 εἶτα

176 1501 498 1570 διαλέγεταιο
531 1502 625 1555 καὶ
667 1503 768 1574 ὅρα
807 1502 924 1565 πῶς
967 1501 1267 1572 φρονίμως.
1319 1501 1498 1571 Ὅπερ
1541 1499 1652 1570 γὰρ
1693 1501 1752 1551 ἐν
1792 1503 1859 1570 τῇ

177 1586 314 1656 πρὸς
357 1586 644 1658 Ἐϐραίους
674 1585 929 1657 ἐπιστολῇ
964 1587 1211 1657 ἐποίησε,
1260 1584 1420 1638 τοῦτο
1451 1586 1544 1639 καὶ
1585 1583 1819 1638 ἐνταῦθα
1841 1601 1855 1614 ο

176 1676 390 1747 πρῶτον
414 1678 479 1748 τῇ
513 1677 804 1748 συγγενείᾳ
831 1676 927 1744 τῆς
952 1676 1138 1746 φωνῆς
1162 1675 1361 1738 αὐτοὺς
1386 1675 1708 1729 ἐπισπᾶταιο
1738 1668 1859 1726 εἶτα

175 1762 325 1834 αὑτῷ
363 1763 440 1832 τῷ
474 1764 664 1836 ἡμέρῳ
685 1781 696 1793 ·
722 1764 803 1818 διδ
833 1764 926 1817 καὶ
958 1762 1117 1817 τοῦτο
1145 1761 1321 1833 δηλῶν
1356 1763 1572 1830 ἐπάγει·
1609 1759 1858 1827 Πολλῆς

173 1851 240 1904 δὲ
311 1851 492 1922 σιγῆς
555 1852 919 1922 γενομένης,
980 1849 1454 1921 προσεφώνησε,
1535 1849 1705 1921 φησὶ,
1780 1848 1857 1918 τῇ

186 1939 441 2008 Ἐϐραΐδι
474 1939 766 2005 διαλέκτῳ
799 1940 994 2011 λέγων
1013 1958 1025 1970 ο
1060 1940 1301 2008 Ἄνδρες
1330 1938 1582 2008 ἀδελφοί
1609 1936 1710 1992 καὶ
1743 1952 1856 1991 πα·-

172 2031 364 2095 τέρες,
392 2028 695 2083 ἀκούσατέ
714 2047 833 2098 μου
861 2028 970 2096 τῆς
993 2029 1144 2097 πρὸς
1176 2027 1332 2099 ὑμᾶς
1359 2031 1478 2080 νῦν
1498 2027 1854 2097 ἀπολογίας.

175 2117 318 2186 Ὅρα
359 2118 453 2171 καὶ
503 2117 794 2182 κολακείας
842 2117 1263 2189 ἀπηλλαγμένον
1308 2116 1402 2170 τὸν
1449 2115 1609 2186 λόγον
1657 2115 1753 2170 καὶ
1798 2116 1857 2170 τὸ

171 2206 418 2268 ἐπιεικὲς
451 2206 665 2276 ἔχοντα.
707 2207 780 2261 Οὑ
829 2207 935 2278 γὰρ
975 2201 1117 2274 εἶπε,
1159 2207 1450 2272 Δεσπόται,
1484 2205 1604 2261 οὐδὲ
1637 2206 1855 2278 Κύριοι,

171 2293 333 2357 ἀλλά,
373 2294 644 2363 Ἀδελφοί
662 2312 675 2325 ·
705 2293 732 2347 ὃ
768 2295 1005 2365 μάλιστα
1033 2295 1282 2358 ἐπόθουν,
1317 2294 1449 2348 ὡσεὶ
1487 2294 1674 2364 ἔλεγεν
1699 2312 1712 2325 ο
1742 2295 1858 2349 Οὑκ

173 2382 456 2454 ἀλλότριος
481 2383 637 2452 ὑμῶν
671 2385 802 2454 ἐγὼ,
834 2385 953 2440 οὑδέ
978 2386 1100 2439 καθ’
1124 2386 1295 2456 ὑμῶν.
1333 2385 1577 2455 Ἄνδρες
1603 2384 1857 2456 ἀδελφοὶ

170 2471 267 2524 καὶ
303 2472 577 2539 πατέρες,
609 2474 764 2542 φησί.
809 2472 980 2527 Τοῦτο
1009 2473 1211 2543 τιμῆς,
1253 2474 1431 2528 ἐκεῖνο
1473 2473 1853 2546 γνησιότητος.

174 2557 324 2630 [352]
366 2559 695 2614 Ἀκούσατέ
722 2578 838 2630 μου
864 2559 972 2629 τῆς
1001 2561 1148 2629 πρὸς
1171 2559 1326 2632 ὑμᾶς
1357 2562 1475 2617 νῦν
1501 2562 1852 2631 ἀπολογίας.

170 2647 284 2700 υὺκ
317 2643 461 2713 εἷπε,
497 2649 876 2714 Διδασκαλίας,
902 2649 1022 2703 οὐδὲ
1047 2691 1061 2714 ,
1091 2650 1465 2722 Δημηγορίας,
1498 2651 1656 2716 ἀλλά,
1702 2652 1861 2705 Ἀπο-

167 2735 382 2804 λογίας
405 2751 416 2763 '
448 2735 506 2789 ἐν
534 2735 686 2803 τάξει
715 2737 894 2790 ἱκέτου
923 2738 1112 2791 ἐαυτὸν
1146 2737 1490 2808 καθίστησιν.
1531 2738 1854 2793 Ἀκούσαν-

167 2838 266 2886 τες
291 2821 382 2888 δὲ,
412 2822 499 2876 ὅτι
523 2823 596 2891 τῇ
633 2823 888 2892 Ἐϐραΐδι
910 2824 1205 2890 διαλέκτῳ
1235 2827 1607 2896 προσεφώνει
1626 2825 1852 2892 αὐτοῖς,

169 2907 410 2972 μᾶλλον
443 2911 760 2979 παρέσχον
793 2912 1083 2981 ἡσυχίαν.
1130 2914 1292 2986 Ὁρᾷς
1312 2955 1327 2977 ,
1357 2913 1476 2978 πῶς
1508 2914 1710 2977 αὑτοὺς
1741 2907 1856 2968 εἷλε

167 2998 229 3052 τδ
260 2998 588 3069 ὁμόφωνονς
626 2994 771 3071 εἶχον
803 3000 912 3071 γάρ
957 3018 1078 3055 τινα
1123 3001 1259 3054 αἰδῶ
1294 3001 1431 3073 πρὸς
1469 3003 1569 3072 τὴν
1607 3003 1855 3073 γλῶτταν

168 3088 409 3158 ἐκείνην.
448 3087 594 3158 Ὅρα
623 3088 679 3142 δὲ
711 3090 807 3142 καὶ
845 3088 964 3152 πῶς
1007 3089 1350 3160 προοδοποιεῖ
1382 3089 1460 3161 τῷ
1498 3090 1642 3162 λόγῳ
1681 3091 1856 3156 οὕτως

168 3176 474 3246 ἀρχόμενος
507 3177 599 3229 καὶ
634 3177 838 3246 λέγων·
879 3177 1028 3246 Ἐγὼ
1052 3177 1170 3246 μέν
1197 3180 1313 3248 εἶμι
1343 3179 1501 3248 ἀνὴρ
1541 3179 1852 3250 Ἰουδαῖος,

169 3264 706 3334 γεγεννημένοςτιν
752 3263 964 3333 Ταρσῷ
996 3264 1105 3334 τῆς
1149 3267 1450 3334 Κιλικίας,
1488 3268 1856 3339 ἀνατεθραμ-

163 3351 351 3419 μένος
380 3353 449 3406 ἐν
475 3351 548 3420 τῇ
585 3353 758 3406 πόλει
785 3354 972 3422 ταύτῃ
1001 3354 1161 3422 παρὰ
1194 3353 1336 3421 τοὺς
1365 3354 1557 3423 πόδας
1587 3359 1855 3428 Γαμαλι-

168 3444 348 3508 ήλου,
367 3439 842 3511 πεπαιδευμένος
861 3441 928 3495 δὲ
951 3441 1098 3497 κατὰ
1125 3443 1432 3513 ἀκρίϐειαν
1452 3445 1558 3499 τοῦ
1581 3446 1854 3514 πατρῴου

167 3530 381 3597 νόμου,
423 3526 686 3597 ζηλωτὴς
721 3529 1011 3600 ὑπάρχων
1047 3532 1151 3587 τοῦ
1184 3534 1365 3598 Θεοῦ,
1399 3533 1594 3601 καθὼς
1628 3535 1855 3604 πάντες

166 3615 338 3683 ὑμεῖς
357 3617 498 3669 ἐστε
519 3615 806 3686 σήμερον.
844 3618 992 3688 Ἐγὼ
1009 3619 1125 3688 μέν
1149 3622 1289 3688 εἰμι,
1311 3621 1498 3692 φησὶν,
1526 3622 1682 3692 ἀνὴρ
1717 3625 1855 3679 Ἰου·

166 3702 357 3769 δαῖος⁹
390 3703 418 3755 ὃ
446 3704 683 3774 μάλιστα
715 3705 934 3759 πάντων
958 3707 1186 3761 ἐπόθουν
1207 3708 1460 3764 ἀκοῦσαι.
1490 3712 1854 3782 Γεγεννημέ-

166 3811 273 3860 νος
305 3795 378 3847 ἐν
412 3792 617 3862 Ταρσῷ
656 3794 767 3864 τῆς
794 3797 1087 3863 Κιλικίας.
1119 3798 1237 3852 Ἵνα
1272 3799 1347 3871 μὴ
1391 3799 1554 3854 πάλιν
1588 3801 1852 3871 νομίσωσι

163 3881 225 3934 τὸ
263 3881 419 3947 ἐθνος
451 3883 606 3946 ἄλλο,
635 3883 733 3954 τὴν
769 3883 1068 3955 θρησκείαν
1113 3871 1412 3956 ἐπήγαγεν.
1467 3889 1850 3960 Ἀνατεθραμ-

162 3970 347 4038 μένος
386 3969 454 4023 δὲ
488 3971 558 4024 ἐν
589 3969 664 4041 τῇ
700 3974 873 4027 πόλει
907 3974 1114 4043 ταύτῃ.
1149 3975 1262 4045 Τὴν
1294 3976 1494 4048 πολλὴν
1534 3977 1700 4031 αὑτοῦ
1742 3978 1850 4032 δεί-

168 4077 327 4112 κνυσι
363 4059 599 4132 σπουδὴν
627 4060 724 4132 τὴν
760 4063 888 4131 περὶ
913 4061 1008 4133 τὴν
1039 4064 1317 4136 λατρείαν,
1345 4067 1478 4121 ὅπου
1512 4083 1576 4135 γε
1625 4069 1720 4120 καὶ
1756 4086 1854 4121 πα-

167 4148 324 4218 τρίδα
366 4148 700 4221 τηλικαύτην
744 4150 904 4220 ἀφεὶς
936 4151 1189 4206 τοσοῦτον
1221 4154 1572 4223 ἀφεστῶσαν,
1616 4156 1852 4210 ἐνταῦθα

167 4237 345 4290 εἵλετο
368 4237 644 4308 τραφῆναι
679 4238 765 4293 διὰ
793 4237 884 4291 τὸν
915 4241 1098 4309 νόμον.
1130 4242 1274 4313 Ὅρα
1303 4243 1419 4307 πῶς
1442 4243 1647 4297 ἄνωθεν
1682 4263 1852 4317 προσ-

167 4328 278 4395 εῖχε
319 4325 400 4395 τῷ
430 4325 598 4396 νόμῳ.
633 4326 819 4380 Ταῦτα
849 4327 906 4380 δὲ
932 4328 994 4380 οὑ
1028 4329 1164 4399 πρὸς
1192 4330 1434 4394 ἐκείνους
1474 4332 1851 4404 ἀπολογούμε-

166 4432 254 4477 νος
302 4414 465 4484 μόνον
516 4414 711 4486 φησὶν,
761 4415 896 4470 ἁλλά
946 4417 1181 4482 δεικνὺς,
1232 4419 1315 4472 ὅτι
1369 4419 1470 4473 οὑκ
1522 4421 1852 4494 ἀνθρωπίνῳ

168 4501 359 4571 σκοπῷ
394 4501 529 4573 πρὸς
570 4502 632 4555 τὸ
660 4503 925 4574 κήρυγμα
954 4505 1118 4576 ἤχθη,
1156 4505 1292 4560 ἀλλά
1328 4507 1449 4579 θεία
1484 4507 1712 4580 δυνάμει
1738 4527 1752 4542 ο
1789 4511 1847 4564 οὑ

165 4590 275 4659 γὰρ
319 4589 389 4644 ἂν
434 4589 578 4644 οὕτω
613 4592 1048 4664 πεπαιδευμένος
1093 4594 1289 4666 ἀθρόον
1329 4597 1589 4670 μετέστη.
1634 4599 1698 4651 Εἰ
1752 4600 1851 4670 μὲν

165 4679 274 4750 γὰρ
299 4674 370 4750 ἦν
401 4695 484 4742 τις
510 4678 618 4732 τῶν
653 4680 863 4733 πολλῶν
885 4724 898 4746 ,
935 4682 1079 4746 είκδς
1107 4679 1176 4754 ἦν
1203 4684 1361 4737 τοῦτο
1396 4686 1736 4741 ὑποπτεῦσαι
1754 4705 1766 4718 ’
1803 4690 1850 4741 εἰ

163 4766 219 4819 δὲ
260 4767 383 4820 τῶν·
426 4766 659 4837 μάλιστα
700 4769 920 4823 πάντων
951 4772 1332 4842 κατεχομένων
1365 4773 1470 4826 ὑπὸ
1517 4773 1612 4828 τοῦ
1658 4777 1848 4846 νόμου,

164 4856 265 4908 οὑκ
291 4851 364 4926 ἦν
397 4856 545 4919 εἰκὸς
574 4857 760 4921 ἁπλῶς
794 4858 886 4911 καὶ
924 4859 1181 4931 οὐδεμιᾶς
1221 4861 1468 4930 ἀνάγκης
1506 4865 1736 4935 ἰσχυρᾶς
1770 4867 1853 4919 οὔ·

167 4959 267 5012 σης
300 4942 629 5011 μεταθέσθαι
673 4945 856 4998 αὑτόν.
901 4945 1038 4998 Ἀλλ’
1087 4949 1218 5011 ἴσως
1259 4949 1402 5002 εἴποι
1440 4968 1524 5014 τις
1560 4951 1644 5005 ἄν’
1687 4953 1852 5006 Οὑδέν

163 5030 325 5084 τοῦτο
359 5035 526 5094 ποιεῖ,
555 5033 637 5084 ὅτι
668 5032 902 5087 ἐνταῦθα
936 5035 1237 5106 ἀνετράφη
1274 5037 1327 5096 τί
1357 5038 1465 5108 γάρ
1495 5041 1543 5092 εξ
1577 5042 1720 5095 κατά
1749 5045 1848 5113 ἐμ-

166 5119 371 5187 πορίαν
397 5119 429 5187 ἢ
461 5122 580 5172 κατ’
605 5120 771 5192 ἄλλην
804 5123 925 5175 τινὰ
957 5124 1134 5178 αἰτίαν
1171 5126 1401 5178 ἐνταῦθα
1431 5128 1700 5197 γέγονας;
1733 5134 1849 5185 ’Ίνα

164 5207 345 5259 τοίνυν
381 5207 455 5276 μὴ
485 5207 574 5261 διά
603 5209 762 5261 τοῦτο
787 5211 1044 5283 νομισθῇ,
1073 5215 1342 5283 ἐπήγαγε,
1380 5218 1541 5284 Παρὰ
1573 5220 1708 5284 τοὺς
1743 5223 1848 5273 πό-

163 5294 274 5360 δας
316 5296 713 5363 Γαμαλιήλου
735 5314 746 5327 ’
791 5300 884 5350 καὶ
921 5301 1017 5370 οὑχ
1050 5302 1237 5366 ἀτελῶς
1281 5303 1400 5355 εἶπε
1427 5344 1440 5367 ,
1474 5307 1631 5377 Παρά
1668 5309 1848 5377 Γαμα-

164 5382 350 5451 λιήλου
373 5423 390 5443 ,
418 5384 571 5449 ἀλλά,
610 5385 775 5452 Παρὰ
811 5386 952 5448 τοὺς
987 5388 1176 5455 πόδας
1203 5432 1215 5455 ,
1251 5390 1350 5460 τὴν
1387 5395 1717 5463 καρτερίαν,
1753 5398 1850 5463 τὴν

164 5470 530 5541 προσεδρείαν
551 5513 564 5532 ,
595 5472 692 5542 τὴν
727 5474 960 5544 σπουδὴν
988 5473 1085 5546 τὴν
1125 5479 1252 5548 περὶ
1276 5479 1376 5550 τὴν
1409 5481 1677 5552 ἀκρόασιν
1697 5526 1710 5550 ,
1753 5484 1851 5555 τὴν

165 5558 371 5628 πολλὴν
403 5559 538 5628 πρὸς
578 5559 669 5612 τὸν
709 5560 879 5630 ἄνδρα
921 5562 1054 5615 αἰδῶ
1082 5564 1318 5629 δεικνύς.
1366 5569 1850 5641 Πεπαιδευμένος

167 5647 318 5698 mm
336 5647 646 5712 ἀκρίϐειαν
669 5647 771 5701 τοῦ
793 5648 1066 5716 πατρῴου
1090 5654 1299 5721 νόμου.
1316 5655 1426 5724 Οὐχ
1453 5657 1637 5722 ἁπλῶς
1659 5661 1846 5730 νόμου,

165 5735 299 5787 ἀλλὰ
361 5733 474 5787 Τοῦ
521 5735 796 5802 πατρῴου
838 5739 1195 5809 προστίθησι’
1245 5743 1460 5807 δεικνὺς
1515 5747 1596 5799 ὅτι
1642 5749 1848 5802 ἄνωθεν

164 5822 408 5884 τοιοῦτος
433 5817 521 5893 ἦν,
563 5825 656 5875 καὶ
686 5824 783 5894 οὑχ
817 5826 1006 5890 ἀτελῶς
1038 5828 1194 5892 εἰδὼς
1222 5831 1311 5882 τὸν
1345 5833 1526 5901 νόμον.
1565 5837 1748 5890 Ταῦτα
1793 5839 1849 5892 δὲ

166 5911 312 5964 δοκεῖ
347 5910 448 5979 μὲν
481 5912 620 5981 ὑπὲρ
651 5912 874 5964 ἐκείνων
909 5913 1202 5981 λέγεσθαι,
1236 5921 1356 5971 κατ’
1391 5921 1613 5975 ἐκείνων
1659 5925 1714 5976 δὲ

167 5999 215 6050 εἰ
250 6016 312 6066 γε
344 5999 438 6051 καὶ
470 5998 623 6063 εἰδὼς
651 6000 814 6052 αὑτὸν
848 6001 1048 6056 εἴασεν.
1101 6001 1230 6058 Εἶτα
1259 6048 1270 6071 ,
1324 6007 1408 6059 ἵνα
1442 6009 1516 6080 μὴ
1559 6011 1718 6064 πάλιν
1765 6032 1846 6075 τις

228 6138 244 6159 '
267 6139 402 6196 Hec,
439 6139 772 6202 ἐπιτρέψαντος
811 6146 859 6191 δὲ
894 6145 1040 6193 αὑτοῦ

177 6212 223 6246 οι⁴
244 6209 259 6246 1.

1050 6185 1060 6207 ,
1109 6150 1132 6194 6
1182 6149 1387 6202 [Ιαῦλοε.
1433 6164 1559 6199 unus
1608 6166 1700 6200 non
1755 6155 1840 6202 lm-

499 6297 764 6350 ιἈτιιοι..
817 6292 931 6349 Gn.
983 6289 1113 6352 LX.

1233 502 1300 557 IN
1339 498 1520 556 ACTA
1564 493 2106 554 APOSTOLORUM.
2136 492 2370 550 HOMIL.
2407 491 2617 548 XLVII.

3553 480 3661 536 3‘28

1967 615 2260 688 ἐπενέγκῃ·
2304 615 2358 669 τί
2383 607 2498 678 οῦν,
2530 612 2579 664 εί
2611 604 2760 672 οἶδας
2794 606 2892 679 μὲν
2920 603 3165 677 ἀκριϐῶς
3196 602 3288 657 τὸν
3325 601 3488 674 νόμον
3509 642 3522 666 ,
3558 602 3660 654 οὐκ

1967 703 2205 767 ἐκδικεῖς
2245 701 2301 756 δὲ
2344 701 2466 756 οὑδὲ
2495 700 2704 770 φιλεῖς;
2743 694 3065 765 Ζηλωτὴς.
3100 693 3299 764 φησὶν,
3328 691 3621 760 ὑπάρχων
3645 707 3658 722 ·

1965 792 2273 853 τουτέστιν,
2320 792 2418 859 οὑχ
2450 788 2638 852 ἁπλῶς
2682 785 2872 849 εἰδὼς,
2920 783 3057 837 ἀλλὰ
3095 782 3191 836 καὶ
3232 781 3439 853 σφόδρα
3480 779 3662 849 ζηλῶν

1968 883 2107 951 ὑπὲρ
2136 880 2325 934 αὑτοῦ.
2360 874 2517 945 Εἶτα,
2550 876 2740 946 ἐπειδὴ
2776 873 2993 943 μεγάλα
3033 873 3165 942 περὶ
3194 870 3362 926 αὑτοῦ
3409 869 3662 941 ἐγκώμια

1966 966 2107 1030 εἷπε,
2137 969 2310 1021 κοινοῖ
2350 967 2442 1021 τὸν
2480 966 2640 1034 λόγον
2665 961 2874 1025 λοιπὸν,
2909 960 3136 1030 ἐπάγων
3158 1000 3172 1023 ,
3199 958 3406 1025 Καθὼς
3437 953 3594 1012 πάντ
3631 979 3665 1023 ς

1965 1057 2137 1126 ὑμεῖς
2167 1057 2310 1110 ἐστε
2343 1052 2634 1125 σήμερον.
2671 1052 2926 1105 Δείκνυσι
2949 1049 3061 1120 γὰρ
3089 1047 3287 1110 αὑτοὺς
3325 1047 3428 1099 οὑκ
3457 1043 3666 1114 ἀνθρω-

1968 1145 2110 1217 πίνῳ
2133 1143 2322 1216 σκοπῷ
2350 1142 2662 1206 ποιοῦντας,
2695 1139 2832 1194 ἀλλά
2859 1137 3008 1211 ζήλῳ
3031 1137 3183 1206 θείῳ.
3213 1135 3386 1188 Τοῦτο
3405 1133 3462 1187 δὲ
3489 1133 3661 1202 λέγει,

1967 1235 2330 1307 χαριζόμενος
2378 1233 2562 1296 αὑτοῖς
2609 1230 2706 1284 καὶ
2754 1225 3307 1300 προκαταλαμϐάνων
3352 1222 3533 1278 αὑτῶν
3566 1221 3664 1293 τὴν

1966 1324 2230 1386 διάνοιαν,
2266 1321 2361 1375 καὶ
2393 1321 2642 1390 κατέχων
2672 1321 2729 1372 ἐν
2755 1313 2837 1382 οἷς
2871 1316 3070 1388 βλάϐος
3096 1314 3252 1370 οὐδὲν
3279 1308 3369 1384 ἦν.
3403 1307 3537 1366 Εἶτα
3568 1310 3666 1364 καὶ

1967 1413 2248 1483 τεκμήρια
2312 1410 2588 1482 παράγει,
2651 1409 2845 1476 λέγων·
2911 1406 3019 1471 ’⁸ος
3070 1405 3298 1471 ταύτην
3353 1400 3471 1470 τὴν
3518 1400 3666 1455 ὀδόν

1965 1497 2183 1564 ἐδίωξα
2214 1499 2326 1564 ἕως
2373 1497 2657 1562 θανάτου,
2685 1495 2998 1565 δεσμεύων
3030 1491 3128 1546 καὶ
3160 1487 3533 1559 παραδιδοὺς
3577 1489 3666 1553 εις

1965 1585 2245 1656 φυλακὰς
2267 1585 2492 1656 ἄνδρας
2513 1602 2578 1639 τε
2602 1584 2700 1638 καί
2728 1581 3047 1653 γυναῖκας,
3071 1581 3154 1644 ὼς
3173 1578 3270 1632 καί
3299 1581 3331 1632 d
3352 1575 3661 1646 ἀρχιερεὺς

1960 1675 2254 1745 μαρτυρεῖ
2273 1693 2410 1746 μοι,
2446 1673 2545 1730 καὶ
2570 1672 2696 1728 πᾶν
2725 1672 2792 1726 τὸ
2820 1668 3274 1739 πρεσϐυτέριον.
3313 1666 3433 1720 Ἵνα
3474 1664 3666 1736 μηδεὶς

1966 1764 2130 1838 εῖπῃο
2173 1765 2283 1818 Καὶ
2321 1763 2484 1817 πόθεν
2514 1762 2676 1816 τοῦτο
2710 1761 2915 1830 δῆλονς
2955 1757 3250 1832 μάρτυρας
3283 1754 3528 1828 παράγει
3568 1752 3665 1806 αὑο

1964 1853 2056 1906 τὸν
2085 1853 2178 1907 τὸν
2209 1852 2473 1925 ἀρχιερέα
2497 1851 2594 1906 καὶ
2618 1851 2746 1914 τοὺς
2777 1847 3210 1921 πρεσϐυτέρους..
3248 1846 3356 1900 Καὶ
3385 1843 3536 1912 λέγει
3566 1844 3665 1914 μὲν

1964 1940 2194 1995 λεαίνων
2216 1982 2229 2003 ,
2256 1939 2545 2008 Ζηλωτὴς
2575 1938 2865 2008 ὑπάρχων
2890 1935 3040 2009 [⁸555]
3067 1935 3262 2002 καθὼς
3293 1933 3482 2003 ὑμεῖς,
3510 1949 3666 1986 τουτ⁶

1967 2029 2114 2083 ἐστιν
2136 2070 2150 2093 ,
2184 2030 2298 2093 ἴσος
2332 2029 2493 2099 ὑμῖν·
2525 2029 2764 2083 δείκνυσι
2795 2028 2853 2082 δὲ
2892 2026 2983 2081 διὰ
3024 2025 3134 2079 τῶν
3159 2025 3372 2096 ἔργων,
3406 2024 3488 2077 ὃτι
3523 2022 3666 2094 ὑπὲρ

1965 2119 2165 2180 αὐτοὺς
2188 2113 2275 2189 ἦν.
2309 2118 2383 2172 Οὑ
2410 2118 2518 2189 γὰρ
2556 2117 2620 2190 δὴ
2651 2116 2981 2188 περιέμενον
3015 2113 3157 2169 ὥστε
3188 2110 3498 2176 συλλαϐεῖν,
3526 2111 3664 2165 ἀλλά

1967 2210 2060 2260 καὶ
2101 2208 2226 2270 τοὺς
2257 2206 2436 2277 ἱερέας
2473 2206 2780 2278 διήγειρον,
2810 2205 2906 2259 καὶ
2945 2202 3259 2274 ἀποδημίας
3304 2201 3659 2270 ἐστελλόμηψ

1967 2295 2060 2348 καὶ
2087 2294 2209 2348 οὑδέ
2245 2295 2440 2366 μέχρις
2471 2294 2683 2366 ἀνδρῶν
2715 2294 2960 2365 ἐχώρουν
2996 2292 3253 2363 καθάπερ
3294 2291 3487 2361 ὑμεῖς,
3527 2290 3666 2345 ἀλλά

1965 2384 2375 2452 καὶγυναικῶν·
2404 2383 2498 2437 καὶ
2515 2383 2798 2454 δεσμεύων
2829 2382 3066 2447 πάντας,
3097 2381 3193 2436 καὶ
3214 2382 3293 2444 είς
3311 2379 3666 2452 δεσμωτήρια

1965 2473 2272 2542 ἐμϐάλλων.
2317 2473 2836 2545 ’.ἀναμφισϐήτητος
2867 2474 2900 2544 ἡ
2939 2470 3240 2544 μαρτυρία,
3277 2469 3666 2538 ἀναπολόγητα

1965 2561 2034 2614 τὰ
2078 2562 2187 2616 τῶν
2230 2560 2521 2616 Ἰουδαίων.
2563 2562 2707 2633 Ὅρα
2741 2561 2943 2623 πόσους
2977 2559 3220 2630 παράγει
3267 2559 3572 2631 μάρτυρας,
3603 2559 3666 2612 τὸ

1967 2649 2387 2720 πρεσϐυτέριον,
2415 2649 2508 2702 τόν
2539 2649 2820 2720 ἀρχιερέα.
2862 2638 2989 2709 τοὺς
3017 2649 3075 2702 ὲν
3101 2650 3167 2719 τῇ
3201 2647 3374 2701 πόλει.

2039 2736 2103 2808 β’.
2145 2737 2320 2792 Βλέπε
2341 2737 2396 2792 δὲ
2415 2737 2580 2791 αὑτοῦ
2606 2737 2811 2809 καὶτὴν
2832 2736 3129 2805 ἀπολογίαν
3149 2737 3212 2790 οὑ
3241 2736 3442 2800 δειλίας
3472 2732 3663 2802 οὖσαν,

1965 2826 2102 2880 ἀλλά
2139 2826 2490 2890 διδασκαλίας
2535 2826 2736 2897 μᾶλλον
2775 2825 2870 2879 καὶ
2908 2825 3294 2896 κατηχήσεως.
3347 2825 3408 2879 Εἰ
3443 2824 3551 2896 γὰρ
3588 2825 3664 2897 μὴ

1965 2914 2103 2968 λίθοι
2136 2910 2277 2985 ἦσαν
2305 2917 2352 2969 oi
2379 2914 2698 2980 ἀκούοντες,
2735 2915 3029 2986 προσεῖχον
3072 2913 3138 2968 ἂν
3167 2916 3279 2979 τοῖς
3315 2912 3660 2984 λεγομένοις.

1965 3004 2144 3074 Μέχρι
2166 3004 2277 3075 γὰρ
2298 3003 2486 3056 τούτου
2523 3003 2813 3077 μάρτυρας
2860 2996 3008 3074 εῖχεν
3039 3003 3266 3066 αὑτοὺς,
3297 3002 3368 3057 τά
3408 3003 3465 3057 δὲ
3499 3002 3667 3058 λοιπά

1965 3094 2282 3164 ἀμάρτυρα.
2314 3092 2456 3162 Παρ’
2495 3087 2584 3147 ὧν
2612 3091 2708 3145 καί
2746 3091 3081 3158 ἐπιστολὰς
3113 3091 3466 3161 δεξάμενος,
3511 3093 3666 3161 πρὸς

1963 3176 2108 3244 τοὺς
2128 3177 2435 3246 ἀδελφοὺς
2466 3179 2553 3243 είς
2585 3177 2909 3244 Δαμασκὸν
2946 3175 3346 3245 ἐπορευόμην,
3375 3175 3540 3242 ἄξων
3564 3177 3667 3230 καί

1963 3265 2106 3333 τοὺς
2125 3265 2328 3319 ἐκεῖσε
2371 3265 2554 3331 ὄντας
2593 3261 2954 3333 δεδεμένους
2985 3265 3073 3329 είς
3107 3261 3529 3332 Ἰερουσαλὴμ,
3562 3263 3665 3316 ἵνα

1963 3353 2403 3424 τιμωρηθῶσιν.
2443 3352 2716 3422 Ἐγένετο
2737 3351 2805 3406 δὲ
2843 3350 3226 3421 πορευομένῳ
3249 3369 3352 3420 μοι
3388 3350 3485 3404 καὶ
3509 3350 3667 3420 anni-

1963 3441 2120 3504 ζοντι
2147 3439 2223 3511 τῇ
2253 3439 2568 3511 Δαμασκῷ,
2639 3437 2776 3508 περὶ
2824 3439 3212 3509 μεσημϐρίαν
3269 3438 3565 3508 ἐξαίφνης
3593 3439 3664 3493 ἐκ

1962 3532 2070 3586 τοῦ
2097 3530 2360 3600 οὐρανοῦ
2416 3527 2868 3598 περιαστράψαι
2919 3524 3044 3597 φῶς
3100 3528 3314 3582 ίκανὸν
3362 3528 3496 3596 περὶ
3534 3529 3662 3599 ἐμὲ,

1962 3621 2193 3675 ἔπεσόν
2220 3636 2286 3673 τε
2310 3621 2398 3686 είς
2431 3619 2498 3672 τὸ
2536 3616 2785 3687 ἔδαφος,
2816 3617 2915 3672 καί
2953 3615 3187 3686 ἢκουον
3219 3615 3427 3686 φωνῆς
3450 3618 3666 3687 λεγού-

1961 3727 2081 3777 σης
2123 3725 2261 3779 μοι’
2301 3707 2528 3771 Σαοὺλ,
2581 3707 2806 3774 Σαοὺλ,
2854 3707 2913 3761 τί
2952 3723 3023 3773 με
3075 3706 3345 3772 διώκεις;
3389 3705 3538 3776 Ἐγὼ
3596 3707 3666 3759 δὲ

1961 3797 2327 3866 ἀπεκρίθην·
2364 3798 2460 3861 Τίς
2507 3791 2579 3859 εἶ,
2622 3797 2833 3864 Κύριε;
2892 3791 3042 3849 Εἷπέ
3075 3812 3140 3849 τε
3169 3796 3322 3863 πρός
3342 3812 3422 3864 με
3452 3812 3466 3825 ’
3518 3795 3666 3862 Ἐγώ

1960 3888 2078 3954 ειμι
2113 3883 2358 3954 Ἰησοῦς
2388 3888 2420 3940 ὁ
2463 3883 2826 3952 Ναζωραῖος,
2882 3884 2955 3938 ὃν
2987 3883 3070 3939 σὺ
3117 3881 3370 3950 διώκεις.
3409 3878 3663 3938 Μάλιστα

1965 3975 2064 4044 μὲν
2104 3970 2198 4027 οὖν
2232 3973 2539 4028 καὶταῦτα
2583 3971 2877 4038 ἀξιόπιστα
2922 3971 3029 4025 ἔδει
3083 3967 3220 4024 εἶναι
3245 3972 3354 4025 ἀπὸ
3388 3971 3498 4024 τῶν
3525 3989 3662 4041 προ-

1960 4063 2238 4116 λαϐόντων
2270 4078 2283 4090 °
2311 4062 2371 4114 οὑ
2410 4063 2518 4131 γὰρ
2552 4061 2616 4116 ἂν
2647 4060 3022 4132 μετεστράφη.
3059 4060 3124 4113 Τί
3151 4057 3264 4126 οὖν,
3290 4061 3338 4113 εἰ
3361 4061 3657 4131 κομπάζεις

1960 4149 2156 4219 φησίν;
2188 4149 2456 4218 Οὐδαμῶς
2486 4148 2533 4200 δ.
2570 4148 2666 4201 Διά
2709 4147 2763 4200 τί
2815 4146 2923 4218 γὰρ
2983 4147 3238 4201 τοσοῦτον
3280 4148 3542 4218 ἐξαίφνης
3568 4149 3660 4220 ἔρ-

1964 4239 2087 4310 ριψε
2119 4239 2281 4310 ζῆλον
2311 4257 2323 4302 ;
2354 4238 2475 4291 εἰπέ
2506 4256 2618 4308 μοι,
2657 4237 2836 4308 Τιμὴν
2869 4237 3188 4309 προσδοκῶν
3214 4257 3228 4305 ;
3272 4239 3382 4292 Καὶ
3413 4239 3521 4310 μὴν
3559 4231 3658 4293 τά-

1963 4329 2152 4382 ναντία
2188 4327 2485 4396 ὑπέμεινεν
2517 4343 2529 4354 ο
2574 4326 2702 4381 ἀλλ’
2757 4326 2973 4391 ἄνεσιν;
3023 4326 3160 4380 Οὑδέ
3199 4326 3359 4380 τοῦτο
3383 4344 3396 4358 ο
3427 4327 3564 4381 ἀλλά
3604 4330 3659 4381 τί

1961 4418 2185 4488 ἓτερονς
2247 4417 2398 4470 Ἀλλ’
2447 4416 2601 4469 οὐδὲν
2669 4414 2778 4468 ἀπὸ
2826 4415 3107 4484 λογισμῶν
3164 4417 3346 4487 εὑρεῖν
3407 4416 3657 4474 δυνατόν.

1961 4507 2146 4559 Ταῦτα
2200 4507 2381 4560 τοίνυν
2428 4504 2589 4574 ἀφεὶς
2631 4505 2816 4567 αὐτοῖς
2868 4504 3190 4572 συλλέγειν,
3245 4507 3311 4559 τὰ
3354 4506 3660 4577 πράγματα

1958 4599 2247 4668 διηγεῖται.
2298 4595 2622 4666 Ἐγγίζοντί
2646 4614 2773 4665 μοι,
2828 4598 2986 4668 φησὶ,
3045 4595 3118 4665 τῇ
3173 4598 3488 4667 Δαμασκῷ,
3520 4602 3660 4669 περὶ

1958 4686 2335 4758 μεσημϐρίαν
2356 4685 2652 4753 ἐξαίφνης
2680 4685 2748 4738 ἐκ
2776 4685 2880 4738 τοῦ
2917 4685 3180 4753 οὐρανοῦ
3211 4688 3660 4756 περιαστράψαι

1959 4775 2082 4846 φῶς
2113 4775 2324 4831 ἱκανὸν
2352 4774 2484 4842 περὶ
2512 4772 2636 4843 ἐμὲ,
2672 4775 2904 4828 ἔπεσόν
2932 4791 2994 4826 τε
3024 4776 3115 4839 είς
3144 4773 3212 4827 τὸ
3238 4775 3484 4846 ἔδαφος.
3513 4778 3658 4849 Ὅρα

1961 4865 2101 4935 πόση
2128 4864 2161 4934 ὴ
2191 4862 2466 4934 ὑπερϐολὴ
2508 4861 2602 4915 τοῦ
2647 4861 2848 4931 φωτός.
2890 4862 3002 4915 Καὶ
3051 4863 3132 4915 ὅτι
3173 4864 3236 4916 οὑ
3285 4864 3581 4933 κομπάζω,
3606 4869 3657 4919 οἱ

1961 4955 2214 5016 συνόντες
2250 4940 2639 5023 μαρτυροῦσιν,
2700 4953 2747 5003 οί
2802 4951 3306 5021 χειραγωγοῦντες,
3360 4955 3407 5006 οί
3446 4953 3507 5006 τὸ
3541 4955 3659 5023 φῶς

1959 5044 2307 5113 θεασάμενοι.
2346 5044 2408 5094 Ol
2444 5040 2512 5094 δὲ
2544 5041 2668 5095 σὺν
2704 5040 2836 5109 ἐμοὶ
2885 5040 3057 5105 ὄντες
3095 5039 3160 5093 τὸ
3190 5041 3308 5108 μὲν
3337 5040 3463 5110 φῶς
3497 5044 3659 5099 ἐθεά.

1959 5149 2169 5195 σαντο,
2216 5130 2314 5183 καὶ
2356 5129 2603 5199 ἔμφοϐοι
2659 5128 2962 5196 ἐγένοντο,
3015 5129 3132 5194 τὴν
3182 5128 3251 5181 δὲ
3298 5129 3514 5198 φωνὴν
3543 5134 3657 5186 οὑκ

1958 5219 2236 5288 ἥκουσαν
2289 5217 2396 5271 τοῦ
2448 5217 2793 5282 λαλοῦντός
2841 5234 2963 5285 μοι.
3031 5217 3218 5286 Μηδὲν
3269 5219 3540 5290 ξενισθῇς,
3606 5225 3655 5274 εξ

1958 5306 2191 5359 ἐνταῦθα
2220 5305 2317 5374 μὲν
2347 5303 2542 5367 οὕτως,
2567 5303 2794 5374 ἑτέρωθι
2820 5305 2878 5356 δὲ
2915 5305 3084 5371 λέγει,
3120 5306 3202 5357 ὅτι
3246 5307 3658 5372 Εἱστήκεισαν

1960 5395 2069 5462 τὴν
2094 5395 2211 5462 μὲν
2239 5393 2449 5462 φωνὴν
2483 5394 2830 5456 ἀκούοντες,
2875 5393 3109 5461 μηδένα
3157 5393 3225 5446 δὲ
3268 5399 3651 5463 θεωροῦντες,

1957 5485 2068 5536 Οὑκ
2091 5484 2205 5536 ἔστι
2227 5483 2387 5536 τοῦτο
2412 5482 2673 5535 ἐναντίον.
2716 5483 2898 5535 Φωναὶ
2944 5484 3053 5552 γὰρ
3076 5481 3168 5536 δύο
3191 5479 3353 5554 ἦσαν,
3376 5488 3407 5553 ἠ
3439 5487 3654 5539 Παύλου

1958 5573 2050 5624 καὶ
2085 5573 2118 5641 ἡ
2159 5571 2251 5624 τοῦ
2282 5571 2488 5641 Κυρίου
2521 5589 2532 5601 ο
2579 5570 2678 5642 τὴν
2714 5572 2898 5640 φωνὴν
2945 5569 3128 5624 τοίνυν
3170 5574 3286 5625 ἐκεῖ
3318 5573 3410 5626 τοῦ
3437 5575 3657 5630 Παύλου

1957 5659 2127 5728 λέγει,
2159 5658 2394 5712 ἐνταῦθα
2413 5660 2469 5712 δὲ
2515 5659 2609 5712 καὶ
2669 5658 3013 5729 προσέθηκεν
3059 5659 3251 5723 εἰπὼν,
3293 5660 3413 5729 Τὴν
3436 5663 3653 5732 φωνὴν

1956 5745 2065 5795 οὑκ
2095 5742 2373 5808 ἥκουσαν
2401 5742 2506 5796 τοῦ
2532 5741 2879 5807 λαλοῦντός
2900 5760 3022 5811 μοι.
3051 5743 3263 5796 Οὐκοῦν
3290 5744 3370 5808 τὸ,
3399 5745 3652 5811 Μηδένα

1957 5830 2338 5898 θεωροῦντες,
2376 5831 2436 5883 οὑ
2466 5829 2560 5883 τοῦ
2596 5830 2744 5892 ἰδεῖν,
2779 5829 2916 5884 ἀλλά
2957 5829 3052 5883 τοῦ
3090 5831 3164 5900 μὴ
3208 5831 3442 5884 ἀκοῦσαι
3477 5833 3650 5902 δηλω-

1955 5919 2299 5970 τικόνὲστιν.
2343 5919 2416 5970 Οὐ
2475 5918 2583 5988 γὰρ
2634 5914 2789 5969 εἶπεν
2837 5918 2918 5970 ὅτι
2968 5918 3028 5970 τὸ
3078 5919 3194 5987 φῶς
3219 5918 3319 5970 οὑκ
3367 5918 3598 5972 ἔϐλεπον
3634 5938 3646 5952 ο

1959 6005 2112 6069 ἀλλά,
2146 6006 2391 6074 Μηδένα
2423 6007 2786 6073 θεωροίη-’τες
2808 6007 3203 6074 είστιὶκεισαν
3226 6021 3235 6035 ⁸
3257 6005 3528 6073 τουτέστι,
3557 6007 3646 6063 λα-

2017 6221 2041 6256 h
2070 6222 2305 6281 Οὐδαμῶς
2326 6221 2470 6272 deest
2502 6225 2546 6271 in
2575 6224 2879 6284 qmbusdum.

3031 6313 3098 6368 ‘21
