4076 6486
409 429 513 491 329

402 552 619 610 λοῦντα,
652 551 885 613 Εἰκότως
907 548 961 602 δέ
1004 547 1161 601 τοῦτο
1199 546 1416 617 ἐγένετο
1456 562 1469 575 ·
1512 542 1673 597 αὑτὸν
1702 538 1813 612 γὰρ
1835 536 1942 591 ἔδει
1977 533 2079 604 τῆς

403 642 587 713 φωνῆς
611 638 1010 709 καταξιωθῆναι
1032 636 1267 707 ἐκείνης.
1304 634 1368 689 Εἰ
1404 632 1512 703 γὰρ
1543 631 1787 702 ἡκουσαν
1811 627 2078 689 κάκεῖνοι,

404 730 503 784 οὐκ
532 731 598 784 ἂν
623 727 875 783 τοσοῦτον
927 725 1145 795 ἐγένετο
1194 725 1253 777 τὸ
1305 722 1507 793 θαῦμα.
1554 717 1772 787 Ἐπειδὴ
1813 714 1991 768 τοίνυν
2026 713 2079 766 οἰ

406 819 703 889 παχύτεροι
737 814 857 885 ὄψει
889 813 1171 868 πείθονται
1206 810 1425 883 μᾶλλον,
1447 808 1534 862 διὰ
1569 805 1729 861 τοῦτο
1754 804 1851 858 καὶ
1881 803 2079 855 ἐκεῖνοι

404 908 465 959 τὸ
497 905 612 976 φῶς
644 901 783 958 εἶδον
818 904 998 975 μόνον,
1043 903 1180 973 ὅπερ
1232 898 1415 953 ἰκανὸν
1466 892 1536 968 ἦν
1583 892 1782 956 αὐτοὺς
1844 891 2078 942 πεῖσαι·

405 994 525 1047 ὅθεν
548 995 643 1049 καὶ
674 993 903 1065 ἐμφοόοι
924 987 1397 1061 γίνονται.”Δλλως
1412 986 1469 1042 δὲ
1488 983 1641 1059 [554]
1658 984 1718 1037 οὐ
1735 999 1802 1035 πε
1810 982 1863 1053 ρὶ
1880 977 2083 1043 αὐτοὺς

407 1084 465 1137 τὸ
516 1082 632 1152 φῶς
652 1081 904 1136 τοσοῦτον
932 1082 1243 1152 εἰργάσατο,
1266 1077 1389 1133 ὅσον
1432 1076 1560 1149 περὶ
1580 1072 1768 1129 τοῦτον
1802 1086 1821 1103 ·
1851 1068 1944 1123 καὶ
1971 1066 2085 1138 γὰρ

407 1170 695 1243 ἐπήρωσεν
716 1170 884 1223 αὑτοῦ
910 1169 1008 1233 τὰς
1032 1167 1219 1238 ὄψεις,
1250 1164 1341 1220 διὰ
1378 1163 1489 1218 τῶν
1524 1164 1604 1227 εἰς
1636 1160 1822 1216 τοῦτον
1852 1155 2084 1243 συμϐαιέ

407 1260 608 1313 νόντων
637 1258 909 1322 κάκείνοις
934 1256 1109 1321 διδοὺς
1137 1253 1442 1323 ἀναϐλέψαι
1468 1262 1510 1317 ⁸,
1536 1251 1589 1305 εῐ
1608 1267 1671 1320 γε
1700 1246 1910 1320 ἤθελον.
1929 1242 2084 1314 Ἐμοί

410 1347 538 1416 γοῦν
563 1347 821 1401 δοκεῖκαὶ
843 1345 1206 1418 οἰκονομικῶς
1231 1343 1476 1407 ἐκείνους
1506 1341 1581 1413 μὴ
1610 1336 1919 1402 πιστεῦσαι,
1941 1333 2082 1388 ὥστε

408 1432 546 1490 εἶναι
582 1436 864 1507 μάρτυρας
880 1434 1251 1501 ἀξιοπίστους.
1280 1428 1430 1487 Εἷπέ
1456 1448 1540 1492 τε,
1579 1429 1732 1501 φησὶ,
1765 1424 1915 1496 πρὸς
1940 1421 2043 1499 ἐμέ
2065 1438 2080 1455 ·

409 1523 550 1593 Ἐγώ
579 1525 695 1594 εἰμι
734 1521 975 1591 Ἰησοῦς
1001 1525 1033 1577 ό
1050 1519 1400 1590 Ναζωραῖος,
1418 1520 1490 1573 ὸν
1510 1518 1591 1572 σὺ
1616 1515 1865 1581 διώκεις.
1888 1509 2086 1573 Καλῶς

412 1614 503 1665 καὶ
527 1612 561 1682 ἡ
588 1612 740 1675 πόλις
768 1612 1111 1681 πρόσκειται,
1140 1609 1279 1664 ὥστε
1336 1606 1632 1674 ἐπιγνῶναι
1659 1601 1876 1665 αὐτούς.
1904 1601 2015 1657 Καὶ
2036 1600 2085 1652 οἰ

410 1701 697 1755 ἀπόστολοι
719 1700 889 1764 οὕτως
936 1700 1119 1769 ἔλεγον
1150 1716 1165 1730 ·
1200 1698 1448 1766 Ἰησοῦν
1492 1696 1600 1751 τὸν
1637 1695 1757 1753 ἀπὸ
1801 1689 2085 1760 Ναζαρέθ.

414 1791 577 1859 Ὅρα,
632 1788 726 1842 καὶ
774 1788 933 1851 αὐτὸς
981 1789 1267 1859 μαρτυρεῖ,
1326 1786 1409 1839 ὅτι
1468 1782 1748 1838 ἐδιώκετο.
1784 1783 1849 1835 Οἰ
1877 1778 1946 1833 δὲ
1967 1777 2091 1833 σὺν

412 1879 537 1949 ἐμοὶ
572 1878 741 1941 ὄντες
768 1876 832 1929 τὸ
866 1876 984 1945 μὲν
1012 1873 1140 1946 φῶς
1167 1874 1514 1938 ἐθεάσαντο,
1550 1871 1651 1926 καί
1686 1870 1931 1941 ἔμφοϐοι
1961 1865 2089 1936 ἐγέ-

412 1985 609 2030 νοντο,
642 1966 754 2035 τὴν
788 1964 856 2019 δὲ
891 1964 1103 2038 φωνὴν
1136 1965 1247 2017 οὐκ
1295 1962 1579 2031 ἤκουσαν
1603 1959 1712 2013 τοῦ
1749 1953 2090 2019 λαλοῦντός

408 2076 527 2126 μοι.
584 2052 771 2110 Εἶπον
811 2054 880 2108 δέ
912 2070 925 2084 ·
968 2055 1028 2107 Τί
1077 2052 1332 2121 ποιήσω,
1381 2052 1591 2120 Κύριε;
1632 2050 1694 2103 '0
1756 2046 1826 2100 δὲ
1873 2044 2089 2112 Κύριος

415 2141 544 2197 εἶπε
575 2144 721 2211 πρός
749 2158 825 2211 με
861 2158 874 2174 ·
931 2140 1232 2206 Ἀναστὰς
1293 2140 1552 2207 πορεύου
1601 2138 1690 2203 εἰς
1745 2130 2085 2203 Δαμασκὸν,

418 2230 591 2285 κάκεῖ
622 2246 720 2284 σοι
766 2227 1178 2295 λαληθήσεται
1233 2228 1289 2280 τι
1334 2240 1407 2280 σε
1462 2223 1552 2278 δεῖ
1588 2221 1862 2291 ποιῆσαι.
1903 2220 2001 2286 Ὠς
2022 2218 2091 2273 δὲ

416 2323 527 2374 οὐκ
556 2317 878 2372 ἐνέϐλεπον
914 2316 1034 2371 ἀπὸ
1085 2314 1197 2383 τῆς
1248 2313 1432 2381 δόξης
1466 2311 1571 2366 τοῦ
1602 2310 1797 2381 φωτὸς
1829 2309 2088 2372 ἐκείνου,

417 2405 956 2476 χειραγωγούμενος
982 2402 1104 2459 ὑπὸ
1144 2400 1263 2455 τῶν
1292 2402 1610 2455 συνόντων
1632 2417 1757 2469 μοι,
1786 2394 1980 2469 ἦλθον
2006 2397 2093 2459 εἰς

416 2496 752 2566 Δαμασκόν.
800 2494 1079 2559 Ἀνανίας
1110 2490 1178 2545 δέ
1202 2508 1291 2557 τις
1320 2490 1476 2559 ἀνὴρ
1502 2484 1769 2555 εὐλαϐὴς
1804 2486 1955 2540 κατὰ
1979 2486 2087 2539 τὸν

416 2590 623 2656 νόμον,
680 2582 1167 2654 μαρτυρούμενος
1213 2578 1335 2635 ὑπὸ
1369 2577 1614 2632 πάντων
1645 2574 1764 2629 τῶν
1811 2574 1880 2627 ἐν
1910 2575 2093 2642 Δαμαο

417 2674 546 2740 σκῷ
591 2673 915 2732 Ἰουδαίων,
941 2669 1133 2723 ἐλθὼν
1168 2667 1316 2737 πρός
1379 2684 1457 2736 με
1519 2664 1620 2721 καί
1663 2664 1937 2729 ἐπιστὰς,
1964 2659 2095 2716 εἶπέ

417 2783 511 2835 μοι
548 2783 561 2796 ·
604 2760 803 2815 Σαοὺλ
851 2756 1109 2826 ἀδελφὲ,
1164 2754 1535 2824 ἀνάϐλεψον.
1591 2752 1763 2822 Κάγὼ
1810 2750 1966 2820 αὐτῇ
2020 2749 2095 2818 τῇ

422 2852 544 2921 ὅφςι
566 2848 873 2916 ἀνέϐλεψα
925 2848 1013 2913 εἰς
1052 2844 1260 2899 αὐτόν.
1305 2844 1581 2907 Εῖσελθε,
1632 2841 1819 2913 φησὶν,
1870 2842 1958 2907 εἰς
1982 2838 2098 2908 τὴν

420 2943 620 3003 πόλιν,
653 2936 830 2993 κάκεῖ
879 2950 981 2989 σοι
1036 2923 1445 3000 λαληθήσεται
1491 2932 1550 2985 τί
1591 2945 1665 2985 σε
1700 2929 1795 2983 δεῖ
1820 2928 2091 2997 ποιῆσαι.

434 3031 561 3085 Ἰδοὺ
589 3027 750 3082 πάλιν
775 3025 929 3088 ἀλλος
962 3023 1193 3096 μάρτυς.
1224 3019 1328 3073 Καὶ
1355 3020 1458 3091 ὅρα
1485 3018 1603 3082 πῶς
1636 3018 1797 3071 αὑτὸν
1826 3017 1922 3071 καὶ
1951 3015 2097 3080 ἀξιὸ-

421 3135 610 3174 πιστον
640 3117 798 3170 ποιεῖ.
847 3113 1123 3176 Ἀνανίας
1171 3107 1237 3162 δέ
1284 3126 1394 3173 τις,
1429 3107 1616 3178 φησὶν,
1644 3104 1799 3174 ἀνὴρ
1832 3101 2097 3171 εὐλαϐὴς

425 3207 573 3262 κατὰ
609 3207 717 3259 τὸν
740 3203 950 3272 νόμον,
1002 3197 1490 3268 μαρτυρούμενος
1541 3195 1661 3250 ὑπὸ
1711 3194 1955 3247 πάντων
1980 3189 2100 3245 τῶν

438 3293 760 3357 Ἰουδαίων,
791 3286 1083 3345 εἰσελθὼν
1110 3288 1263 3355 πρός
1290 3300 1366 3354 με
1395 3282 1491 3337 καί
1514 3282 1787 3346 ἐπιστὰς,
1816 3276 1947 3335 εἶπέ
1959 3296 2062 3349 μοι
2083 3297 2096 3309 ·

441 3382 829 3448 Ἀνάϐλεψον.
907 3374 1095 3438 Οὕτως
1158 3373 1308 3425 οὐδὲν
1377 3370 1658 3443 ἀλλότριόν
1725 3371 1863 3423 ἐστι.
1925 3366 2101 3439 Κάγὼ

425 3470 579 3539 αὐτῇ
609 3468 685 3538 τῇ
709 3467 830 3537 ὥρᾳ
867 3464 1195 3533 ἀνέϐλεψα.
1230 3455 1364 3516 Εἶτα
1413 3462 1448 3532 ἡ
1487 3459 1577 3515 διὰ
1625 3458 1737 3512 τῶν
1757 3457 2101 3529 πραγμάτων

430 3557 726 3631 μαρτυρία.
780 3555 889 3609 Καὶ
934 3553 1038 3624 ὅρα
1101 3550 1188 3604 διά
1253 3547 1570 3619 προσώπων
1611 3548 1707 3601 καὶ
1757 3545 2101 3616 πραγμάτων

428 3648 597 3717 αὐτὴν
624 3643 990 3714 πλεκομένην,
1014 3638 1321 3711 προσώπων
1346 3635 1564 3689 οἰκείων
1584 3651 1643 3687 τε
1666 3634 1759 3687 καῖ
1784 3632 2100 3704 ἀλλοτρίων.

431 3738 705 3812 Ηρόσωπα
724 3735 751 3774 δ
768 3734 817 3786 οἰ
848 3734 1031 3803 ἱερεῖς,
1051 3731 1100 3783 οἰ
1129 3725 1516 3799 πρεσϐύτεροι,
1538 3726 1587 3777 οί
1620 3724 2009 3788 συνοδεύοντες
2035 3722 2109 3777 τὰ.

430 3826 729 3897 πράγματα
758 3821 795 3877 ά
819 3819 1011 3882 ἐποίει,
1042 3815 1082 3869 ἀ
1102 3815 1293 3869 ἔπαθε·
1327 3813 1422 3867 καὶ
1472 3813 1776 3883 πράγματα
1814 3812 2111 3883 πράγμασι

434 3914 741 3985 μαρτυρεῖ,
784 3907 904 3978 ούχί
948 3904 1215 3976 πρόσωπα
1269 3902 1448 3973 μόνον.
1496 3901 1569 3954 Ἣ
1598 3900 1695 3954 καὶ
1734 3898 1934 3970 ἑτέρως
1962 3916 1977 3932 ·
2009 3898 2106 3953 ἀλ-

432 4002 641 4072 λότριος
661 4001 690 4052 ό
722 3995 974 4057 Ἀνανίας
1004 4010 1017 4025 ·
1051 3987 1171 4047 εἶτα
1194 3991 1256 4044 τὸ
1279 3992 1515 4062 πρᾶγμα
1546 3988 1699 4057 αὐτὸ,
1725 3989 1759 4061 ἡ
1784 3987 2101 4058 ἀνάὸλεψις·

432 4086 552 4145 εἶτα
598 4084 904 4162 προφητεία
937 4081 1171 4155 μεγάλη.
1212 4080 1274 4133 '0
1298 4079 1366 4133 δὲ
1412 4076 1574 4145 εἶπε,
1621 4078 1803 4149 φησίν·
1841 4078 1906 4131 '0
1960 4077 2102 4147 Θεὸς

433 4179 548 4233 τῶν
566 4176 838 4245 πατέρων
869 4170 1046 4241 ήμῶν
1076 4168 1539 4239 προεχειρίσατό
1560 4182 1635 4220 σε
1675 4164 1895 4236 γνῶναι
1918 4168 1983 4222 τὸ
2013 4169 2104 4223 θέ-

434 4272 593 4337 λημα
620 4263 830 4329 αὑτοῦ,
853 4261 951 4315 καί
979 4258 1129 4314 ἰδεῖν
1158 4258 1269 4311 τὸν
1291 4256 1549 4311 δίκαιον.
1576 4254 1774 4318 Καλῶς
1802 4252 1947 4321 εἷπε,
1985 4255 2105 4311 Τῶν

434 4353 723 4423 πατέρων,
757 4351 844 4405 ίνα
875 4350 1026 4421 δείξῃ
1065 4346 1265 4411 αὐτοὺς
1306 4346 1406 4399 οὐκ
1433 4345 1595 4408 ὂντας
1630 4343 1941 4409 Ἰουδαίους,
1972 4344 2108 4398 ἀλλά

438 4442 755 4514 ἀλλοτρίους
785 4438 879 4493 τοῦ
908 4438 1097 4509 νόμου,
1127 4436 1220 4490 καὶ
1243 4434 1443 4504 φθόνῳ,
1462 4433 1585 4504 οὐχὶ
1614 4432 1763 4503 ζήλῳ
1797 4431 2104 4496 ποιοῦντας.

438 4530 691 4595 Γνῶναι,
718 4527 875 4597 φησὶ,
906 4525 969 4578 τὸ
994 4522 1224 4591 θέλημα
1284 4520 1493 4587 αὑτοῦ,
1547 4520 1645 4574 καί
1680 4518 1830 4574 ἰδεῖν
1871 4520 1978 4574 τὸν
2019 4519 2107 4573 δί-

437 4634 625 4671 καιον.
659 4610 872 4669 Οὐκοῦν
901 4609 1068 4667 αὑτοῦ
1112 4609 1327 4679 θέλημα
1358 4606 1536 4661 τοῦτο.
1571 4606 1715 4678 Ὅρα
1755 4607 1871 4670 πῶς
1913 4608 1971 4660 ἐν
2020 4607 2109 4662 τά·

438 4710 513 4775 ξει
540 4704 848 4776 διηγήσεως
888 4697 1210 4753 διδασκαλία
1265 4695 1404 4752 ἐστί.
1441 4695 1548 4749 Καὶ
1591 4693 1849 4749 ἀκοῦσαι
1899 4694 2110 4762 φωνὴν

438 4798 502 4848 ἐκ
524 4794 625 4847 τοῦ
661 4791 959 4859 στόματος
994 4784 1203 4851 αὑτοῦ,
1236 4783 1325 4837 ὅτι
1348 4784 1465 4853 ἔσῃ
1486 4782 1721 4853 μάρτυς
1737 4782 1926 4838 αὑτοῦ
1959 4784 2110 4853 πρὸς

439 4883 670 4945 πάντας
698 4875 1068 4947 ἀνθρώπους,
1103 4866 1189 4927 ὧν
1229 4871 1497 4941 ἑώρακας
1528 4871 1627 4925 καί
1668 4869 1960 4940 ἤκουσας.
1998 4873 2109 4925 Καὶ

443 4970 599 5036 ἰδεῖν,
625 4966 779 5038 φησὶ,
807 4966 912 5018 τὸν
950 4963 1186 5015 δίκαιον
1218 4977 1230 4990 ·
1286 4961 1424 5022 τέως
1459 4959 1621 5014 τοῦτο
1658 4958 1828 5029 λέγει.
1852 4961 1913 5013 Εἰ
1948 4959 2006 5014 δέ
2037 4960 2111 5013 δί-

442 5080 610 5125 καιος,
652 5052 796 5111 οῦτοι
841 5052 1149 5108 ὑπεύθυνοι.
1182 5052 1290 5105 Kal
1338 5051 1597 5105 ἀκοῦσαι
1644 5051 1857 5120 φωνὴν
1909 5050 1977 5104 ἐκ
2003 5050 2110 5105 τοῦ

441 5152 738 5221 στόματος
766 5142 973 5199 αὐτοῦ.
1003 5141 1144 5210 Ὅρα
1186 5138 1302 5202 πῶς
1352 5138 1414 5191 τὸ
1458 5141 1690 5209 πρᾶγμα
1715 5138 1951 5209 ἐπαίρει.
1983 5140 2112 5221 ίὈτι

441 5242 575 5305 ἔσῃ,
614 5235 769 5307 φησὶ,
801 5231 1032 5302 μάρτυς
1072 5227 1280 5282 αὐτοῦ.
1318 5225 1531 5281 Οὐκοῦν
1554 5228 1642 5280 διὰ
1670 5226 1828 5280 τοῦτο
1870 5227 1931 5279 ού
1978 5244 2113 5299 προ.

441 5326 624 5388 δώσεις
648 5324 745 5395 τὴν
772 5321 915 5391 ὄψιν,
966 5317 1060 5371 καὶ
1096 5316 1195 5386 τὴν
1242 5314 1525 5386 ἀκρόασιν,
1558 5309 1631 5371 ὧν
1668 5332 1726 5367 τε
1754 5313 2006 5386 ἑώρακας
2037 5308 2111 5368 ὧν

442 5432 497 5467 τε
518 5415 757 5483 ἡκουσας
787 5427 801 5442 ·
833 5409 883 5462 δι
901 5408 913 5426 ⁹
933 5403 1210 5476 ἑκατέρων
1238 5402 1346 5455 τῶν
1380 5403 1686 5475 αἰσθήσεων
1708 5402 1871 5457 αὐτὸν
1892 5403 2113 5457 πιστοῦ-

442 5522 548 5557 ται.
578 5501 687 5555 Καὶ
712 5499 825 5553 νῦν
868 5496 925 5550 τί
974 5494 1255 5565 μέλλεις;
1319 5492 1602 5559 Ἀναστὰς
1654 5490 1976 5559 βάπτισαι,
2011 5491 2110 5545 καί

442 5594 781 5647 ἀπόλουσαι
818 5588 922 5651 τὰς
956 5583 1246 5653 ἁμαρτίας
1304 5593 1445 5645 σου,
1501 5577 2017 5649 ἐπικαλεσάμενος
2045 5580 2109 5630 τὸ

444 5683 628 5750 ὄνομα
665 5675 872 5731 αὐτοῦ.

510 5775 581 5837 γ’.
601 5762 860 5818 Ἐνταῦθα
879 5760 1348 5833 μέγαέφθέγξατο.
1370 5753 1445 5812 Οὖ
1460 5757 1566 5828 γὰρ
1586 5751 2108 5830 εἰπενΕὶςτὸὸνομπ

443 5857 605 5910 αὑτοῦ
634 5855 887 5925 βάπτισαι
910 5869 920 5878 ·
945 5851 1082 5915 ἀλλ’,
1101 5848 1643 5917 Ἐπικαλεσάμενος
1669 5846 1733 5898 τὸ
1756 5845 1904 5918 [555]
1924 5849 2113 5917 ὄνομα

443 5945 547 5999 τοῦ
567 5942 847 6009 Χριστοῦ.
901 5940 1071 5992 Τοῦτο
1126 5940 1182 5991 δὲ
1236 5939 1547 6000 δεικνύντος
1597 5936 1745 5989 ἐστὶν
1788 5935 1948 5989 αὑτὸν
1980 5938 2110 5991 Θεὸν

448 6153 484 6203 ἆ
525 6093 709 6204 ⁴ἔ1ιιυς
732 6094 911 6154 εορει,
952 6092 1169 6147 κάκείνης
1230 6090 1404 6139 ἔδωκεν
1446 6086 1729 6149 ἀναϐλέψαι.
1795 6086 1823 6125 b
1852 6086 1983 6146 Πρὸς
2037 6104 2097 6134 πα

484 6167 568 6204 ccs
620 6166 661 6201 ιη
708 6169 801 6203 'uo.
1954 6188 1959 6195 .

484 6166 592 6204 ρςςι
620 6166 661 6201 ιη
708 6169 715 6179 ‘
727 6169 801 6203 HO.

1186 428 1244 487 S.
1282 423 1572 487 JOANMS
1606 413 2096 480 CIIRYSOSTOMI
2124 409 2444 470 ARCBIEP.
2471 404 3025 467 CONSTANTINOP.

3768 399 3877 454 330

2186 530 2318 584 ὄντα
2351 538 2372 567 ε
2418 544 2431 558 ·
2468 526 2527 580 οὐ
2564 524 2675 596 γὰρ
2708 523 2788 577 ένι
2829 521 3016 594 ἕτερόν
3073 536 3191 572 τινα
3226 513 3677 579 ἐπικαλέσασθαι,
3707 514 3757 568 εἰ
3797 512 3877 586 μὴ

2186 618 2277 672 τὸν
2313 614 2465 669 Θεόν.
2496 610 2631 666 Είτα
2663 612 2903 665 δείκνυσι
2953 608 3049 663 καὶ
3079 606 3269 662 ἐαυτὸν
3316 603 3418 657 οὐκ
3449 602 3876 671 ἀναγκασθέντα

2187 706 2256 760 δι’
2282 697 2357 759 ῶν
2377 702 2525 772 λέγει
2548 718 2560 732 ·
2608 701 2667 753 Ὀ
2695 700 2764 753 δὲ
2793 700 3007 768 Κύριος
3026 693 3156 752 εἷπε
3183 695 3330 764 πρός
3352 709 3430 763 με
3453 705 3469 720 ⁸
3496 691 3769 759 Πορεύου
3789 692 3877 756 εἰς

2188 791 2532 864 Δαμασκὸν,
2559 789 2735 845 κάκεῖ
2749 804 2845 843 σοι
2864 785 3277 855 λαληθήσεται
3309 782 3367 836 τι
3389 797 3463 835 σε
3488 778 3875 846 δεῖποιῆσαι.

2188 880 2355 934 Οὐδὲν
2387 878 2730 951 ἀμάρτυρον,
2764 875 2900 929 ἀλλὰ
2951 874 3159 936 πόλεως
3209 868 3506 941 ὁλοκλήρου
3563 864 3879 939 μαρτυρίαν

2189 969 2451 1041 παράγει,
2478 968 2513 1039 ἡ
2543 984 2608 1036 γε
2637 966 2733 1020 καί
2756 960 2895 1018 εἶδεν
2953 962 3119 1016 αὐτὸν
3170 956 3708 1031 χειραγωγοῦμενον.
3732 955 3880 1026 Ὀρα

2187 1058 2245 1112 δὲ
2271 1058 2367 1110 καὶ
2397 1055 2495 1127 τὴν
2526 1052 2865 1126 προφητείαν
2900 1048 3245 1117 ἐξελθοῦσαν,
3282 1046 3348 1117 ἡν
3382 1047 3586 1116 ἡκουαε
3623 1043 3883 1114 μάρτυρα

2189 1146 2353 1201 αὑτὸν
2382 1143 2603 1199 ἔσεσθαι
2643 1141 2741 1197 τοῦ
2793 1140 3027 1213 Κυρίου.
3078 1136 3307 1209 Μάρτυς
3342 1133 3453 1206 γὰρ
3499 1133 3674 1195 ὄντως
3711 1129 3881 1186 αὑτοῦ

2189 1233 2399 1303 γέγονε,
2430 1231 2527 1286 καὶ
2563 1229 2773 1301 μάρτυς
2808 1229 2883 1293 ὡς
2908 1225 3036 1300 χρὴ,
3074 1226 3169 1280 καὶ
3200 1224 3267 1278 δι’
3306 1214 3382 1276 ὧν
3417 1220 3645 1293 ἐπραξε,
3674 1220 3775 1272 καὶ
3802 1218 3883 1271 δι’

2189 1315 2265 1377 ὧν
2298 1317 2442 1377 εἶπε.
2472 1318 2765 1382 Τοιούτους
2805 1317 2902 1371 καὶ
2935 1317 3085 1387 ἡμᾶς
3132 1311 3276 1367 εἶναι
3305 1311 3410 1383 χρὴ
3438 1309 3754 1383 μάρτυρας,
3786 1306 3883 1360 καὶ

2196 1410 2269 1481 μὴ
2308 1406 2637 1480 προδιδόναι,
2686 1404 2723 1459 ἃ
2775 1403 3242 1474 ἐνεπιστεύθημεν
3271 1417 3285 1432 ·
3316 1400 3376 1454 οὐ
3434 1416 3562 1472 περι
3590 1396 3885 1481 δογμάτων

2190 1480 2334 1567 λέγω
2368 1496 2547 1567 μόνον,
2580 1493 2717 1548 ἀλλὰ
2754 1494 2848 1548 καί
2883 1491 3015 1563 περὶ
3062 1490 3200 1562 βίου.
3238 1489 3382 1561 ὐρα
3415 1488 3527 1559 γάρ
3556 1500 3568 1514 ⁸
3601 1487 3685 1539 611
3717 1480 3882 1549 είδεν,

2191 1584 2272 1636 611
2298 1581 2523 1652 ἤκουσε,
2560 1578 2830 1649 μαρτυρεῖ
2850 1578 3016 1629 πᾶσιν
3043 1576 3141 1629 ἀνθ
3153 1572 3379 1646 ρώποις,
3402 1571 3499 1624 καὶ
3527 1569 3680 1623 οὐδὲν
3715 1568 3881 1621 αὐτὸν

2193 1669 2461 1735 ἐκώλυσε.
2498 1666 2610 1721 Καὶ
2642 1668 2803 1737 ἡμεῖς
2838 1664 3177 1735 ἡκούσαμεν,
3219 1663 3301 1716 611
3344 1660 3371 1700 ει
3403 1660 3552 1714 ἐστιν
3586 1657 3886 1718 ἀνάστασις

2196 1760 2289 1812 καὶ
2318 1756 2487 1830 μυρία
2524 1753 2705 1824 ἀγαθά
2741 1769 2756 1783 ·
2790 1751 2987 1807 οὐκοῦν
3016 1751 3303 1821 ὀφείλομεν
3327 1748 3491 1802 τοῦτο
3527 1747 3886 1819 μαρτυρῆσαι

2196 1848 2361 1899 πᾶσιν
2408 1843 2735 1915 ἀνθρώποις.
2784 1841 2894 1895 Καὶ
2961 1841 3068 1912 μὴν
3125 1836 3538 1911 μαρτυροῦμεν,
3595 1834 3755 1906 φησὶ,
3793 1831 3886 1886 καὶ

2196 1933 2546 2003 πιστεύομεν.
2584 1929 2731 1995 Πῶς,
2774 1928 3037 1984 τάναντία
3063 1929 3434 2000 πράττοντες;
3465 1923 3602 1979 Εἰπὲ
3634 1923 3705 1996 δὴ
3738 1938 3833 1993 μοι
3866 1938 3879 1949 ·

2195 2023 2249 2077 εἰ
2272 2040 2355 2086 τις
2389 2021 2582 2075 ἑαυτὸν
2618 2019 2772 2087 ἔλεγε
2816 2016 3167 2089 Χριστιανὸν,
3215 2013 3332 2071 εἶτα
3367 2014 3614 2079 ἀποστάς
3644 2015 3717 2067 τά
3750 2012 3881 2065 ἰου-

2197 2112 2361 2168 δαῖκά
2396 2111 2640 2183 ἐφρόνει,
2696 2107 2806 2181 ἄρα
2853 2108 3087 2178 ἤρκεσεν
3140 2104 3208 2159 ἂν
3263 2107 3297 2177 ἡ
3359 2104 3640 2176 μαρτυρία
3703 2100 3885 2171 αὖτη;

2198 2199 2463 2272 Οὐδαμῶς
2496 2215 2509 2229 ·
2551 2198 2660 2252 ἀπὸ
2690 2196 2799 2268 γὰρ
2825 2195 2934 2249 τῶν
2964 2193 3140 2265 έργων
3173 2191 3272 2264 τὴν
3310 2196 3618 2264 μαρτυρίαν
3652 2184 3884 2261 ἐζήτουν

2199 2290 2284 2345 άν.
2317 2288 2473 2342 Οῦτω
2493 2288 2558 2357 δὴ
2593 2287 2681 2339 καὶ
2714 2287 2894 2357 ἡμεῖς,
2942 2285 2987 2337 εἰ
3042 2283 3276 2351 λέγομεν
3306 2280 3389 2335 ὅτι
3423 2279 3727 2342 ἀνάστασίς
3770 2278 3889 2333 ἐστι

2200 2377 2297 2433 καὶ
2320 2376 2489 2449 μυρία
2513 2374 2715 2444 ἀγαθὰ,
2756 2367 2877 2427 εἶτα
2936 2369 3394 2443 καταφρονοῦμεν
3453 2369 3661 2434 αὐτῶν,
3692 2367 3791 2421 καὶ
3819 2367 3888 2449 τά

2201 2447 2439 2518 ἐνταῦθα
2470 2460 2862 2533 προτιμῶμεν,
2908 2458 2991 2523 τίς
3049 2460 3183 2530 ἡμῖν
3236 2457 3552 2523 πιστεύσει;
3576 2456 3639 2509 οὺ
3669 2455 3782 2525 γὰρ
3808 2447 3891 2515 οἷς

2199 2552 2452 2622 λέγομεν,
2505 2548 2621 2603 ἀλλ’
2679 2544 2761 2612 οἷς
2830 2547 3147 2618 πράττομεν
3198 2544 3567 2616 προσέχουσιν
3624 2544 3887 2603 ἅπαντες.

2201 2640 2443 2709 Μάρτυς
2470 2638 2609 2705 ἔσῃ,
2644 2636 2800 2706 φησὶ,
2852 2633 3006 2704 πρὸς
3054 2633 3289 2700 πάντας
3342 2631 3697 2701 ἀνθρώπους
3724 2646 3738 2660 ·
3772 2628 3896 2697 οὐχὶ

2204 2727 2340 2799 πρὸς
2361 2728 2487 2788 τοὺς
2511 2724 2750 2787 οἰκείους
2784 2724 2964 2794 μόνον,
3003 2721 3139 2776 ἀλλὰ
3163 2721 3260 2775 καὶ
3291 2719 3429 2792 πρὸς
3450 2720 3575 2779 τοὺς
3602 2717 3895 2779 ἀπίστους·

2203 2818 2250 2868 οἰ
2277 2816 2384 2885 γὰρ
2428 2814 2709 2886 μάρτυρες
2734 2811 2895 2865 τοῦτό
2918 2812 3078 2877 εἰσιν,
3106 2810 3229 2881 οὐχ).
3261 2809 3389 2874 τοὺς
3431 2807 3644 2871 εἰδότας
3676 2805 3896 2858 πείθου-

2207 2920 2309 2968 σιν,
2336 2902 2472 2955 ἀλλά
2502 2904 2629 2965 τοὺς
2658 2903 2758 2955 οὐκ
2782 2900 3013 2962 εἰδότας.
3051 2888 3345 2969 Γενώμεθα
3395 2895 3699 2962 ἀξιόπιστοι
3767 2894 3899 2966 μάρ-

2203 3007 2383 3061 τυρες.
2413 2989 2538 3053 Πῶς
2598 2989 2655 3041 δέ
2710 2986 2950 3059 ἐσόμεθα
3001 2985 3345 3053 ἀξιόπιστοι;
3399 2982 3533 3037 Ἀπὸ
3587 2981 3684 3036 τοῦ
3748 2980 3889 3052 βίου.

2217 3076 2505 3132 Ἑπέθεντο
2535 3076 2730 3146 ἐκείνῳ
2782 3075 3031 3128 Ἰουδαῖοι
3068 3089 3081 3101 ·
3120 3073 3459 3126 ἐπιτίθενται
3482 3074 3614 3143 ἡμῖν
3648 3071 3722 3123 τά
3745 3070 3894 3140 πάθη

2205 3163 2503 3218 κελεύοντα
2534 3161 2900 3233 ἐξομόσασθαι
2940 3163 3043 3233 τὴν
3080 3161 3409 3235 μαρτυρίαν.
3459 3160 3621 3214 Ἀλλά
3670 3160 3749 3230 μὴ
3775 3176 3898 3212 πει-

2208 3250 2434 3323 θώμεθα
2475 3266 2489 3281 ·
2529 3251 2807 3322 μάρτυρές
2836 3253 3003 3321 ἐσμεν
3040 3250 3198 3321 παρά
3225 3250 3320 3303 106
3360 3247 3494 3302 Θεοῦ
3526 3248 3897 3320 πεμφθέντες.

2208 3340 2475 3411 Κρίνεται
2529 3339 2683 3409 παρά
2729 3337 3039 3409 ἀνθρώποις
3084 3337 3228 3390 τισὶν
3258 3339 3287 3390 ὁ
3336 3336 3488 3401 Θεὸς,
3536 3336 3618 3390 611
3648 3337 3753 3390 οὐκ
3784 3336 3903 3389 ἐστι

2208 3430 2341 3494 Θεός
2376 3447 2389 3460 ·
2425 3428 2671 3499 ἐπεμψεν
2703 3429 2851 3500 ἡμᾶς
2881 3428 3338 3499 μαρτυρήσοντας
3380 3423 3553 3497 αὐτῷ.
3594 3425 3903 3497 Μαρτυρὴ-

2212 3536 2393 3589 σωμεν
2424 3518 2519 3570 καί
2552 3516 2830 3587 πείσωμεν
2868 3517 2995 3579 τοὺς
3019 3514 3341 3581 δικάζοντας
3371 3529 3383 3542 ⁸
3420 3515 3486 3569 ἂν
3509 3512 3585 3585 μὴ
3615 3516 3905 3586 μαρτυρὴ-

2212 3623 2418 3677 σωμεν,
2449 3604 2542 3659 καί
2570 3604 2671 3674 τῆς
2720 3604 2947 3659 ἐκείνων
2998 3604 3207 3673 πλάνης
3228 3604 3392 3674 ἡμεῖς
3423 3603 3591 3675 ἐσμεν
3620 3601 3808 3655 αῖτιοι.
3841 3601 3907 3655 Εἰ

2210 3696 2267 3748 δὲ
2296 3695 2353 3747 ἐν
2387 3691 2749 3764 δικαστηρίῳ,
2782 3690 2911 3744 ἔνθα
2944 3690 3179 3761 βιωτικά
3209 3691 3517 3762 πράγματα
3540 3731 3555 3755 ,
3586 3690 3689 3743 οὐκ
3722 3690 3789 3745 ἀν
3816 3706 3905 3754 τις

2209 3783 2427 3849 δέξαιτο
2471 3783 2730 3853 μάρτυρα
2765 3781 2977 3852 μυρίων
3003 3779 3245 3852 γέμοντα
3277 3780 3464 3834 κακῶν
3485 3796 3499 3811 ο
3535 3777 3718 3844 πολλῷ
3761 3778 3905 3849 μᾶλ-

2208 3872 2299 3925 λον
2329 3870 2588 3938 ἐνταῦθα,
2614 3870 2745 3924 ἔνθα
2789 3872 2920 3941 περὶ
2960 3868 3218 3923 τοιούτων
3260 3868 3606 3940 πραγμάτων
3644 3869 3681 3939 ἡ
3712 3866 3908 3936 σκέψις

2210 3962 2383 4017 ἐστίν.
2419 3961 2612 4032 Ἡμεῖς
2643 3960 2899 4031 λέγομεν,
2934 3959 3015 4012 611
3046 3958 3364 4029 ἡκούσαμεν
3401 3955 3494 4011 τοῦ
3522 3954 3789 4028 Χριστοῦ,
3811 3956 3911 4010 καί

2211 4050 2550 4120 πιστεύομεν
2583 4042 2663 4113 οἷς
2683 4047 3051 4117 ἐπηγγείλατο
3081 4060 3094 4073 ·
3132 4045 3382 4113 λέγουσιν
3416 4046 3641 4097 ἐκεῖνοι·
3678 4043 3908 4109 Δείξατε

2208 4138 2367 4193 τοῦτο
2397 4139 2485 4192 διὰ
2539 4137 2648 4190 τῶν
2711 4134 2935 4203 ἔργων·
2976 4137 3005 4188 ό
3052 4134 3162 4206 γὰρ
3202 4132 3318 4205 βίος
3378 4130 3533 4195 ὑμῶν
3574 4131 3643 4186 τά
3684 4132 3909 4186 ἐναντία

2215 4229 2502 4300 μαρτυρεῖ,
2532 4226 2614 4280 611
2634 4226 2701 4278 οὔ
2729 4222 3039 4277 πιστεύετε.

2283 4315 2420 4377 Τοὺς
2440 4309 3117 4385 χρηματιζομένους,.τοὺς
3148 4308 3522 4381 ἁρπάζοντας,
3547 4306 3678 4370 τοὺς
3711 4306 3908 4361 πλεον-

2214 4403 2506 4465 εκτοῦντας
2548 4400 2803 4471 βούλεσθε
2869 4398 3117 4469 ῖδωμεν;.
3156 4399 3284 4462 τοὺς
3341 4396 3711 4463 πενθοῦντας,
3776 4398 3909 4463 τοὺς

2215 4491 2612 4560 κοπτομένους,
2644 4489 2771 4551 τοὺς
2794 4485 3233 4558 οἰκοδομοῦντας,
3264 4486 3393 4550 τοὺς
3436 4488 3616 4543 πάντα
3638 4502 3906 4559 πραγμα-

2216 4577 2568 4648 τευομένους,
2616 4575 2692 4640 ῶς
2734 4578 2834 4629 οὐκ
2892 4575 3374 4647 ἀποθανουμένους
3393 4594 3419 4641 ς,
3473 4576 3538 4629 El
3600 4575 3784 4630 τοίνυν
3822 4576 3910 4630 611

2216 4666 2579 4721 ἀποθανεῖσθε
2633 4666 2695 4719 οὐ
2745 4664 3053 4728 πιστεύετε,
3106 4665 3411 4738 πράγματι
3453 4664 3599 4719 οὔτω
3634 4664 3783 4736 δήλῳ
3814 4665 3913 4718 καὶ

2219 4753 2463 4825 φανερῷ,
2497 4753 2615 4817 πῶς
2634 4754 2763 4824 ὑμῖν
2790 4753 3159 4823 πιστεύσομεν
3187 4753 3561 4825 μαρτυροῦσιν
3581 4754 3743 4820 ςΕἰσὶ
3774 4752 3909 4825 γάρ,

2217 4842 2325 4895 εἰσί
2354 4842 2540 4895 πολλοὶ
2568 4842 2675 4895 τῶν
2706 4840 3033 4911 ἀνθρώπων,
3070 4841 3120 4894 οἳ
3158 4840 3302 4894 οὕτω
3339 4840 3665 4905 διάκεινται,
3700 4842 3780 4905 ὡς
3809 4842 3913 4894 οὐκ

2215 4930 2671 5000 ἀποθανούμενοι.
2701 4930 2870 4983 Ὀταν
2920 4929 3030 4999 γὰρ
3084 4930 3142 4981 ἐν
3196 4930 3345 5001 γὴρα
3385 4929 3584 5003 μακρῷ
3628 4930 3909 5003 ἄρχωνται

2217 5018 2521 5089 οἰκοδομεῖν
2555 5019 2648 5071 καὶ
2678 5018 2972 5089 γεωργεῖν,
2997 5017 3126 5070 πότε
3154 5017 3415 5088 λογισμὸν
3441 5018 3709 5089 λήψονται
3737 5017 3909 5073 θανά-

2216 5106 2444 5172 του;οὑ
2486 5106 2658 5178 μικρὰ
2695 5107 2728 5177 ἡ
2772 5106 2998 5169 κόλασις
3032 5106 3165 5177 ἡμῖν
3219 5106 3468 5178 κληθεῖσι
3508 5107 3607 5177 μὲν
3640 5107 3721 5170 εἰς
3770 5123 3911 5184 μαρτ

2217 5194 2434 5264 τυρίαν,
2483 5194 2557 5265 μὴ
2613 5192 2889 5263 δυνηθεῖσι
2934 5192 2991 5246 δὲ
3049 5194 3689 5266 μαρτυρῆσαιᾶεῐδομεν
3733 5192 3909 5268 [556Ῑ.

2222 5283 2448 5354 Εἷδομεν
2517 5285 2611 5338 καὶ
2667 5285 2833 5354 ἡμεῖς
2895 5283 3194 5356 ὀφθαλμοῖς
3255 5285 3383 5349 τοὺς
3439 5285 3743 5355 ἀγγέλους,
3815 5289 3912 5342 καὶ

2222 5371 2552 5442 σαφέστερον
2620 5370 2734 5424 τῶν
2782 5371 3124 5441 ἑωρακότων.
3186 5372 3397 5428 Οὐκοῦν
3469 5378 3912 5448 μαρτυρήσωμεν

2218 5458 2296 5529 τῷ
2322 5458 2563 5529 Χριστῷ-
2597 5457 2657 5510 οὑ
2714 5456 2821 5531 γὰρ
2873 5458 2936 5530 δὴ
2986 5460 3184 5513 ἐκεῖνοι
3236 5460 3515 5532 μάρτυρες
3561 5461 3746 5531 μόνον,
3773 5464 3910 5518 ἀλλά

2221 5548 2315 5601 καὶ
2382 5550 2563 5619 ἡμεῖς.
2611 5547 2711 5601 Διά
2761 5548 2918 5602 τοῦτο
2953 5552 3149 5603 ἐκεῖνοι
3204 5549 3457 5618 λέγονται
3496 5551 3797 5623 μάρτυρες,
3827 5554 3909 5607 ὃτι

2221 5636 2568 5706 κελευόμενοι
2640 5636 3006 5707 ἐξομόσασθαι
3084 5638 3264 5692 πάντα
3334 5639 3749 5711 ὑπομένουσιν,
3823 5642 3909 5695 ἵνα

2220 5723 2318 5792 τὴν
2372 5720 2632 5790 ἀλήθειαν
2666 5722 2881 5775 εἴπωσι·
2925 5721 3017 5775 καὶ
3051 5722 3232 5793 ἡμεῖς,
3269 5721 3399 5775 ὅταν
3435 5722 3539 5775 ὑπὸ
3576 5723 3685 5776 τῶν
3723 5723 3912 5779 παθῶν

2222 5807 2573 5877 κελευώμεθα
2634 5810 3021 5879 ἐξομόσασθαι,
3088 5810 3163 5880 μὴ
3211 5810 3527 5881 ἡττώμεθα.
3588 5812 3647 5864 '0
3712 5814 3910 5883 χρυσὸς

2220 5896 2385 5962 λέγει·
2433 5896 2588 5958 Εἰπὲ,
2633 5897 2713 5949 ὅτι
2752 5900 2779 5949 ό
2827 5899 3060 5968 Χριστὸς
3111 5900 3212 5952 οὐκ
3254 5900 3371 5953 ἐστι
3422 5901 3675 5969 Χριστός·
3707 5902 3782 5972 μὴ
3818 5898 3910 5956 οὖν

2222 5985 2384 6037 ἄκουε
2427 5984 2491 6035 σὺ
2538 5984 2612 6046 ὡς
2653 5983 2810 6047 Θεοῦ,
2879 5987 3016 6040 ἀλλὰ
3074 5988 3494 6057 καταφρόνησον
3540 5987 3649 6039 τῶν
3699 5990 3909 6043 ἐκείνου

2300 6088 2321 6115 ε
2350 6086 2473 6133 Tres
2517 6088 2675 6152 cadi,
2702 6091 2755 6136 τὸ
2801 6092 2946 6152 ᾅνομα
2986 6090 3130 6138 αὖτοῦ
3164 6090 3399 6139 δείκνυσιν
3433 6093 3573 6139 αὐτὸν
3618 6092 3738 6140 Θεὸν
3785 6093 3914 6152 ὄντα,

2266 6163 2331 6196 γἐε
2388 6163 2441 6199 ες,
2471 6150 2559 6196 sed
2580 6152 2721 6199 bene
2793 6151 2819 6191 ἀ
2844 6150 3004 6209 Silus.
3029 6156 3159 6218 ipsi”.
3185 6156 3509 6220 μαρτυροῦμεν
3535 6157 3625 6206 δτι·
