4076 6488
659 436 755 496 351

667 556 742 609 Ilii
772 553 1015 606 dicuntur
1046 554 1302 618 martyres
1326 557 1420 598 seu
1440 550 1622 607 testes,
1642 538 1762 608 quia
1787 535 1919 606 jussi
1948 532 2211 601 abjurare,

663 646 837 702 omnia
868 642 1172 712 patiuntur,
1206 647 1261 693 ιιι
1292 636 1565 691 veritatem
1595 631 1773 685 dicant
1799 646 1811 682 :
1845 635 1898 682 et
1926 638 2023 680 nos
2052 636 2219 691 quan-

664 739 732 792 tIO
760 736 826 790 ab
850 733 1011 788 animi
1044 730 1273 786 motibus
1295 727 1545 796 abiurare
1567 722 1818 792 jubemur
1840 759 1856 785 ,
1889 732 1955 773 ne
1976 728 2219 770 succum-

665 829 869 883 bamus.
903 824 1104 879 Aurum
1135 821 1299 876 dicit:
1348 818 1440 873 Die
1462 814 1728 871 Christum
1768 826 1873 866 non
1907 822 2024 864 esse
2066 805 2217 861 Chri-

664 932 799 975 stum
818 936 833 973 :
856 934 921 973 ne
936 919 1121 973 audias
1139 914 1287 985 quasi
1307 913 1491 976 Deum,
1510 906 1604 965 sed
1624 905 1897 974 ejusjussa
1913 910 2215 957 contemne.

660 1008 1114 1078 Coneupiscentim
1164 1005 1313 1059 malae
1367 1000 1590 1070 idipsum
1640 995 1859 1060 dicunt;
1907 990 2000 1047 sed
2051 998 2105 1044 tu
2152 1002 2219 1043 ne

660 1101 994 1168 obtemperes
1019 1139 1032 1164 ,
1062 1096 1152 1151 sed
1182 1102 1261 1149 sta
1293 1092 1520 1156 fortiter,
1546 1104 1612 1144 ne
1634 1086 1775 1143 etde
1800 1083 1950 1139 nobis
1975 1081 2213 1136 dicatur:

666 1189 826 1245 Deum
868 1189 1164 1257 conﬁtentur
1194 1185 1360 1243 scire,
1395 1182 1540 1255 {actis
1573 1189 1739 1234 autem
1777 1184 1959 1246 negant
1985 1172 2111 1244 (Tit.
2162 1173 2213 1226 Ι.

663 1282 771 1352 16).
804 1282 912 1335 lloc
954 1279 1093 1333 enim
1121 1292 1224 1330 non
1265 1283 1346 1330 est
1378 1273 1585 1328 testium
1607 1310 1623 1332 ,
1655 1269 1749 1324 sed
1770 1264 2215 1321 adversariorum.

659 1371 807 1440 Quod
839 1371 924 1424 alii
957 1378 1189 1439 negent,
1220 1366 1354 1421 nihil
1399 1364 1626 1425 mirum;
1671 1359 1811 1430 quod
1852 1365 2031 1411 autem
2076 1368 2172 1408 nos
2198 1393 2214 1419 ,

660 1462 747 1531 qui
776 1462 828 1515 in
861 1458 1223 1515 testimonium
1267 1469 1548 1518 vocamur,
1578 1463 1829 1520 negemus
1848 1488 1863 1512 ,
1895 1446 1953 1531 id.
1976 1459 2136 1515 grave
2164 1450 2218 1497 et

658 1566 943 1609 onerosum
991 1559 1108 1605 est:
1140 1548 1244 1603 hoc
1273 1546 1500 1601 maxime
1544 1541 1706 1598 rebus
1752 1537 1947 1593 nostris
1997 1534 2215 1589 noxium

655 1655 753 1702 est.
784 1645 849 1699 In
880 1643 1208 1699 testimonium
1234 1640 1336 1694 illis
1360 1638 1542 1692 eveniet
1567 1635 1712 1705 (Luc.
1738 1632 1835 1687 2i.
1868 1630 1980 1702 15),
2010 1630 2215 1698 inquit:

656 1739 749 1795 sed
801 1738 845 1792 si
899 1751 1001 1791 non
1057 1734 1385 1796 resiliamus,
1416 1730 1477 1783 si.
1508 1726 1884 1782 consistamus.
1940 1720 1996 1777 Si
2031 1733 2218 1775 omnes

656 1830 878 1885 velimus
927 1827 1138 1882 Christo
1192 1821 1498 1885 testiﬁcari,
1547 1819 1653 1873 cito
1703 1815 1883 1871 multis
1934 1812 2217 1884 gentilibus

656 1918 1117 1991 persuadebimus.

724 2013 777 2065 4.
804 2009 988 2080 Magna
1042 2021 1127 2062 res
1184 2015 1266 2062 est
1308 2006 1446 2070 vita,
1474 2002 1651 2057 dilecti
1680 2019 1693 2056 :
1724 2000 1848 2055 licet
1896 1997 2014 2067 quis
2066 1992 2216 2048 valde

659 2101 799 2155 ferus
844 2102 950 2165 sit,
980 2098 1165 2153 saltem
1196 2105 1377 2167 aperte
1420 2108 1524 2148 non
1570 2091 1839 2146 damnabit
1875 2102 1971 2142 nos
2001 2094 2216 2156 propter

660 2192 848 2261 dogma
870 2190 922 2255 ¹;
953 2188 1043 2243 sed
1075 2188 1208 2242 clam
1249 2185 1519 2251 admittet,
1548 2181 1781 2237 laudabit
1827 2188 1881 2235 et
1925 2176 2215 2233 admirabi-

655 2291 757 2335 tur.
800 2280 866 2335 Et
914 2278 1210 2342 undenam,
1242 2276 1485 2345 inquies,
1526 2274 1627 2329 erit
1654 2273 1760 2327 vita
1807 2270 2047 2340 optima?
2096 2268 2212 2321 Non

654 2370 899 2437 aliunde,
931 2385 1086 2439 quam
1138 2383 1201 2422 ex
1253 2366 1428 2420 divina
1458 2364 1784 2434 operatione.
1834 2360 1969 2429 Quid
1999 2373 2127 2429 ergo
2172 2358 2217 2412 si

656 2466 881 2535 gentiles
912 2464 1018 2519 sint
1050 2461 1225 2517 tales?
1270 2460 1347 2514 Illi
1380 2460 1424 2515 si
1474 2458 1685 2528 quando
1715 2456 1844 2511 tales
1874 2454 2018 2519 sint,
2049 2452 2099 2506 id
2130 2451 2217 2505 alii

654 2574 718 2613 ex
750 2565 936 2611 natura
957 2595 970 2619 ,
1009 2554 1097 2608 alii
1129 2568 1195 2607 ex
1243 2565 1371 2612 vana
1400 2550 1566 2619 gloria
1597 2547 1812 2602 habent.
1848 2545 1939 2599 Vis
1966 2542 2172 2598 discere
2196 2583 2213 2609 ,

654 2650 741 2721 qui
768 2648 837 2704 sit
862 2645 1072 2702 virtutis
1111 2641 1361 2713 splendor
1383 2682 1397 2707 ,
1430 2649 1685 2709 quantum
1710 2637 1883 2691 valeat
1909 2634 1974 2690 ad
2000 2648 2219 2704 persua-

654 2738 924 2794 dendum?
962 2735 1106 2789 Multi
1138 2731 1371 2787 haeretici
1395 2771 1411 2798 ,
1442 2729 1541 2785 etsi
1570 2728 1815 2797 dogmata
1842 2732 2088 2794 corrupta
2120 2722 2216 2777 ha-

659 2834 845 2885 berent
868 2869 884 2895 ,
914 2828 983 2881 ita
1012 2825 1283 2880 invaluere
1306 2864 1319 2887 ,
1354 2830 1412 2875 ut
1437 2819 1585 2875 multi
1626 2818 1866 2873 homines
1895 2832 1959 2871 ex
2003 2815 2122 2895 vitm
2151 2813 2218 2868 il-

656 2923 824 2975 lorum
848 2916 1144 2973 reverentia
1169 2914 1359 2983 dogma
1390 2911 1598 2966 illorum
1624 2924 1731 2963 non
1760 2904 2211 2963 examinaverint:

655 3013 742 3066 alii
798 3010 887 3081 qui
937 3008 1054 3063 illos
1108 3007 1177 3061 ob
1223 3004 1413 3074 dogma
1462 2999 1875 3071 improbabant,
1926 2997 1995 3053 ob
2054 2996 2214 3050 vitam

657 3101 870 3158 reveriti
910 3106 1071 3163 sunt;
1100 3111 1205 3151 non
1232 3095 1370 3150 bene
1396 3102 1541 3148 certe
1564 3132 1580 3157 ,
1626 3089 1721 3146 sed
1749 3089 1803 3144 id
1854 3097 2031 3143 tamen
2079 3086 2217 3156 passi

654 3204 798 3251 sunt.
839 3194 950 3248 lloc
976 3190 1097 3245 lidei
1126 3196 1323 3243 nostrae
1364 3186 1697 3239 honestatem
1740 3179 2067 3244 diﬂ’amavit;
2118 3178 2220 3233 hoc

655 3283 831 3337 omnia
881 3278 1180 3341 subvertit,
1228 3275 1368 3347 quod
1412 3288 1569 3329 nemo
1616 3272 1774 3327 ullam
1806 3271 1926 3325 vita:
1958 3271 2217 3324 rationem

659 3373 889 3437 habeat;
922 3369 1023 3425 hoc
1074 3367 1230 3422 ﬁdem
1283 3363 1606 3436 pessumdat.
1664 3361 1895 3416 Dicimus
1944 3359 2217 3414 Christum

660 3480 782 3523 esse
825 3465 1013 3528 Deum,
1043 3462 1317 3516 innumera
1369 3457 1471 3513 alia
1502 3453 1851 3525 proferimus,
1880 3461 1933 3507 et
1969 3451 2070 3507 hoc
2099 3466 2217 3507 cum

656 3558 775 3611 aliis
801 3596 815 3620 ,
848 3553 987 3625 quod
1016 3550 1341 3622 persuaserit
1369 3547 1616 3602 omnibus
1636 3587 1651 3610 ,
1678 3556 1737 3601 ut
1762 3555 1903 3600 recte
1931 3545 2169 3599 viverent
2196 3559 2211 3608 ;

658 3649 751 3705 sed
781 3648 881 3702 hoc
905 3648 957 3701 in
992 3644 1173 3715 paucis
1201 3655 1421 3698 cernere
1448 3648 1548 3695 est.
1578 3636 2002 3694 Resurrectionis
2031 3634 2221 3709 dogma

661 3740 803 3795 lardit
828 3738 946 3793 vitae
974 3734 1283 3805 improbitas
1302 3775 1316 3799 ,
1345 3747 1547 3787 necnon
1594 3729 2008 3785 immortalitatis
2032 3722 2226 3783 animai

657 3846 711 3892 et
754 3833 977 3903 judicii;
1010 3830 1276 3898 multaque
1319 3828 1419 3881 alia
1450 3825 1704 3891 attrahit,
1738 3823 1902 3878 fatum
1930 3862 1945 3889 ,
1983 3821 2221 3877 necessi-

662 3935 843 3988 tatem,
869 3922 1200 3991 negationem
1224 3917 1585 3988 providentia}.
1615 3916 1805 3970 Anima
1821 3916 1963 3970 enim
1988 3915 2038 3969 in
2068 3914 2224 3970 malis

662 4014 957 4069 innumeris
984 4012 1228 4066 immersa
1254 4050 1268 4074 ,
1302 4009 1413 4062 hree
1440 4006 1543 4061 sibi
1572 4008 1878 4076 excogitare
1907 4007 2095 4077 satagit
2119 4048 2131 4073 ,
2158 4023 2223 4061 ne

724 4214 739 4243 ί
768 4211 963 4281 Graecus
986 4216 1151 4281 textus
1172 4208 1337 4281 habet,
1363 4218 1428 4281 is.
1450 4224 1664 4281 satiasset.
1688 4224 2015 4281 mimsa
2030 4230 2071 4267 τὸ
2095 4226 2224 4279 δόγμα,

661 4284 790 4340 (ιιιὲ,
814 4270 996 4340 deleta,
1020 4278 1074 4340 ut
1096 4273 1251 4340 series
1274 4270 1517 4340 postulare
1539 4270 1731 4322 videtur
1748 4310 1762 4334 ,
1788 4270 2045 4340 negatione
2069 4292 2109 4329 οι
2124 4270 2222 4337 ,ξιέ

656 4333 988 4395 gniﬁcabunt:
1017 4333 1136 4380 Licet
1157 4338 1319 4395 aperte
1352 4334 1625 4384 condemnet
1647 4343 1839 4398 promer
1855 4333 2052 4402 dogma.

671 4478 721 4485 ξ
730 4475 1005 4484 .-‹-.-....-ο

1414 426 1469 484 S.
1501 420 1769 482 JOANNIS
1805 412 2274 477 CHRYSOSTOMI
2314 410 2625 468 ARCIIIEP.
2666 409 3190 468 CONSTANTINOI’.

1008 4474 3030 4502 Μ

3811 406 3915 460 32νὲ

2331 532 2514 581 moesta
2545 524 2611 579 sit
2639 524 2881 595 cogitans
2904 523 3161 593 judicium
3190 520 3303 577 fore
3328 560 3344 588 ,
3374 528 3430 575 et
3470 518 3521 573 in
3559 517 3715 573 nobis
3743 519 3911 572 situm

2325 631 2442 671 esse
2471 616 2677 671 virtutis
2702 625 2755 670 et
2794 614 3044 685 nequitiae
3073 614 3327 669 studium.

2410 705 2521 759 Vita
2567 704 2796 777 improba
2822 705 2976 773 ﬁdem
3004 706 3299 775 corrumpit.
3326 732 3396 744 ——
3430 701 3577 757 Talis
3606 699 3715 753 vita
3751 699 3911 753 innu-

2325 809 2466 850 mera
2496 804 2748 866 operatur
2778 795 2937 861 mala,
2977 796 3222 850 homines
3249 794 3389 850 feras
3415 792 3609 858 reddit,
3640 791 3750 845 imo
3778 789 3910 845 feris

2324 883 2836 938 irrationabiliores:
2885 898 3007 938 nam
3036 899 3155 953 qua:
3199 885 3249 938 in
3292 883 3633 938 diversarum
3666 878 3909 935 ferarum

2326 984 2512 1030 natura
2556 983 2711 1041 sunt,
2774 974 2860 1029 illa
2890 989 3033 1043 saepe
3080 974 3132 1027 in
3183 988 3290 1029 uno
3327 974 3543 1033 homine
3571 970 3821 1042 colligit,
3856 978 3911 1024 et

2324 1076 2490 1122 totum
2513 1066 2788 1122 subvertit.
2814 1065 2938 1121 Ideo
2964 1065 3129 1120 fatum
3153 1066 3447 1121 introduxit
3465 1065 3711 1121 diabolus
3740 1083 3755 1118 :
3784 1066 3912 1120 ideo

2323 1159 2437 1214 sine
2482 1157 2812 1227 providentia
2864 1156 3116 1212 mundum
3161 1155 3271 1226 regi
3311 1154 3446 1210 dixit
3484 1171 3497 1208 :
3531 1153 3654 1209 ideo
3683 1163 3909 1209 naturas

2322 1250 2471 1317 ponit
2514 1248 2680 1303 bonas
2707 1257 2760 1303 et
2787 1247 2991 1303 malas:
3025 1247 3224 1303 idcirco
3266 1246 3462 1300 malum
3493 1246 3611 1300 sine
3638 1244 3909 1314 principio

2322 1350 2377 1395 et
2419 1339 2693 1395 materiale
2722 1341 3007 1408 supponit:
3037 1338 3237 1393 idcirco
3266 1337 3395 1391 nihil
3426 1350 3528 1390 non
3558 1335 3707 1404 agit,
3738 1345 3799 1389 ιιι
3826 1335 3907 1387 vi-

2324 1440 2428 1486 tam
2456 1438 2691 1485 nostram
2714 1437 3039 1497 corrumpat.
3068 1428 3252 1497 Neque
3275 1427 3417 1481 enim
3448 1425 3564 1481 fieri
3590 1434 3772 1495 potest
3796 1465 3812 1490 ,
3848 1433 3905 1478 ut

2322 1520 2403 1585 is,
2430 1519 2519 1588 qui
2558 1518 2648 1571 tali
2678 1517 2836 1572 modo
2866 1517 3033 1583 vivit,
3062 1516 3143 1571 vel
3170 1532 3199 1569 a
3230 1516 3408 1585 pravis
3436 1514 3783 1585 dogmatibus
3812 1528 3902 1566 re-

2320 1609 2464 1664 siliat
2489 1650 2504 1675 ,
2537 1610 2617 1664 vel
2647 1610 2698 1664 in
2727 1623 2857 1663 sana
2887 1607 2988 1663 lide
3015 1616 3264 1672 maneat;
3308 1605 3401 1661 sed
3431 1604 3740 1659 necessario
3786 1601 3903 1657 haec

2321 1711 2578 1757 assumet.
2608 1701 2723 1757 Non
2751 1710 2878 1771 puto
2920 1700 3063 1755 enim
3110 1698 3411 1768 quempiam
3444 1696 3671 1766 reperiri
3695 1711 3759 1751 ex
3793 1696 3861 1750 iis
3886 1734 3900 1755 .

2321 1796 2411 1866 qui
2457 1810 2561 1849 non
2619 1804 2764 1849 recte
2804 1794 3022 1860 vivunt,
3049 1793 3138 1862 qui
3182 1806 3288 1845 non
3332 1789 3496 1845 millia
3523 1789 3760 1843 satanica
3792 1801 3905 1842 mo—

2321 1885 2549 1948 ditetur;
2576 1884 2721 1937 verbi
2752 1882 2919 1953 gratia
2939 1922 2957 1949 ,
2987 1881 3150 1935 fatum
3177 1895 3297 1936 esse
3324 1921 3339 1947 ,
3367 1893 3454 1934 res
3482 1892 3671 1933 omnes
3698 1887 3904 1933 temere

2321 1976 2486 2043 ferri,
2538 1976 2839 2045 permixtim
2884 1983 2940 2029 et
2985 1972 3208 2029 confuse
3255 1972 3433 2027 omnia
3478 1971 3679 2042 jacere.
3734 1967 3900 2033 Ideo,

2321 2065 2587 2132 obsecro,
2632 2064 2753 2119 vita:
2803 2064 2983 2134 proba:
3030 2077 3210 2117 curam
3263 2061 3593 2127 habeamus,
3649 2076 3720 2115 ne
3764 2060 3901 2113 mala

2323 2147 2674 2223 suscipiamus
2703 2153 2973 2224 dogmata.
3019 2151 3149 2207 Cain
3182 2152 3233 2206 in
3281 2151 3538 2206 ultionem
3569 2151 3813 2220 accepit,
3846 2157 3905 2202 ut

2322 2245 2692 2315 ingemisceret
2714 2286 2730 2311 ,
2762 2252 2816 2299 et
2846 2252 3117 2298 tremeret.
3165 2240 3322 2297 Tales
3350 2250 3473 2297 sunt
3515 2239 3781 2310 improbi,
3812 2239 3896 2292 in-

2324 2349 2665 2389 numerorum
2712 2334 2814 2388 sibi
2851 2333 3111 2389 malorum
3157 2332 3397 2387 conscii:
3426 2345 3567 2401 saepe
3606 2346 3673 2385 ex
3713 2344 3931 2384 somno.

2322 2426 2593 2490 exsiliunt,
2619 2424 2935 2479 turbulenta:
2959 2432 3083 2478 sunt
3109 2422 3457 2492 cogitationes
3478 2436 3683 2488 eorum,
3710 2421 3903 2475 turbati

2320 2514 2458 2569 oculi
2481 2554 2495 2580 ,
2524 2514 2701 2569 omnia
2731 2513 3039 2583 suspicione
3102 2513 3257 2582 plena
3284 2552 3299 2579 ,
3330 2521 3538 2566 terrore
3559 2552 3575 2577 ,
3622 2512 3772 2581 gravi
3804 2526 3900 2565 ex-

2323 2605 2653 2674 spectatione
2676 2645 2691 2668 ,
2722 2612 2865 2657 metu
2905 2603 3060 2673 plena
3081 2604 3280 2669 anima,
3314 2601 3598 2657 formidine
3626 2610 3680 2655 et
3711 2601 3902 2655 timore

2326 2696 2612 2761 subversa,
2660 2693 2911 2749 inhabilis
2954 2703 3053 2749 est.
3098 2692 3240 2747 Nihil
3289 2692 3375 2746 tali
3424 2692 3599 2746 anima
3642 2692 3859 2747 mollius
3885 2732 3899 2756 ,

2329 2785 2462 2839 nihil
2503 2784 2859 2854 insipientius.
2910 2784 3061 2839 Sicut
3086 2782 3273 2837 furiosi
3308 2796 3411 2837 non
3440 2792 3581 2836 stant
3611 2782 3663 2837 in
3700 2790 3903 2838 semet»

2324 2874 2475 2943 ipsis,
2525 2874 2603 2928 sic
2643 2885 2695 2929 et
2735 2874 2822 2927 illa
2853 2874 3134 2928 instabilis.
3177 2865 3522 2939 Quandonam
3562 2886 3691 2941 ergo
3723 2872 3815 2926 illa
3853 2872 3903 2926 in

2319 2980 2539 3021 sensum
2564 2974 2725 3020 tanta:
2751 2965 2993 3036 caliginis
3020 2966 3221 3029 veniat,
3245 2952 3401 3034 quam
3424 2962 3717 3033 optandum
3738 2972 3902 3027 esset,

2328 3058 2707 3129 tranquillitate
2759 3058 3158 3125 serenitateque
3209 3053 3509 3117 fruentem,
3544 3068 3703 3122 posse
3748 3068 3902 3108 suam

2324 3163 2613 3220 agnoscere
2643 3147 3015 3202 nobilitatem?
3046 3147 3178 3200 Dum
3205 3154 3381 3200 autem
3412 3143 3587 3198 omnia
3620 3142 3766 3197 illam
3794 3153 3901 3197 ter-

2325 3249 2447 3296 rent
2475 3249 2530 3295 et
2559 3239 2807 3305 turbant,
2843 3238 3047 3292 somnia
3069 3278 3084 3303 ,
3112 3235 3277 3291 verba
3298 3275 3314 3302 ,
3347 3234 3559 3289 habitus
3579 3275 3595 3301 ,
3624 3243 3678 3289 et
3722 3235 3905 3305 suspi-

2328 3332 2545 3395 ciones,
2575 3330 2791 3400 quando
2838 3329 3032 3398 poterit
3063 3327 3115 3381 in
3160 3342 3218 3381 se
3245 3326 3547 3396 respicere.
3579 3325 3659 3380 sic
3699 3324 3906 3379 turbata

2330 3433 2384 3480 et
2430 3422 2722 3493 perplexa?
2757 3420 2901 3476 Illius
2930 3435 3058 3491 ergo
3102 3428 3303 3474 metum
3344 3417 3649 3481 solvamus,
3698 3417 3909 3471 vincula

2330 3515 2720 3584 dirumpamus.
2770 3513 2903 3569 Nam
2936 3514 2981 3568 si
3031 3527 3136 3566 non
3186 3518 3329 3565 esset
3379 3524 3537 3580 poena
3563 3548 3580 3575 ,
3611 3523 3717 3578 qua
3750 3524 3911 3578 paena

2327 3606 2441 3659 haec
2478 3605 2689 3675 gravior
2720 3620 2824 3658 non
2870 3604 3063 3667 fuerit,
3098 3603 3149 3656 in
3199 3601 3389 3656 timore
3417 3614 3633 3669 semper
3678 3598 3866 3653 vivere
3893 3638 3910 3665 ,

2326 3711 2610 3767 numquam
2636 3696 2906 3751 confidere
2928 3736 2942 3763 ,
2972 3708 3259 3763 numquam
3290 3693 3567 3762 quiescere
3586 3691 3609 3732 9
3638 3692 3760 3746 litae
3788 3705 3912 3746 om-

2326 3790 2409 3843 nia
2434 3800 2682 3844 accurate
2704 3789 2955 3853 scientes,
2984 3787 3034 3839 in
3065 3768 3449 3855 tranquillitate
3476 3798 3572 3838 nos
3602 3798 3903 3848 servemus,

2331 3887 2385 3935 et
2409 3879 2656 3933 virtutem
2681 3878 2941 3940 colamus,
2961 3885 3018 3930 ut
3038 3884 3091 3929 et
3110 3888 3236 3929 sana
3267 3873 3514 3944 dogmata
3542 3881 3593 3928 et
3617 3874 3777 3928 vitam
3810 3872 3909 3927 bo-

2339 3985 2459 4027 nam
2510 3970 2807 4037 habentes,
2850 3970 2965 4024 sine
3010 3966 3328 4022 offendiculo
3374 3967 3537 4020 vitam
3588 3974 3907 4036 praesentem

2334 4062 2720 4131 transiganius,
2749 4070 2803 4116 et
2850 4058 3110 4129 promissa
3156 4055 3498 4126 diligentibus
3547 4056 3719 4125 ipsum
3770 4055 3908 4110 bona

2329 4167 2749 4223 consequamur,
2782 4153 2949 4223 gratia
2982 4160 3036 4206 et
3060 4148 3388 4219 benignitate
3436 4147 3705 4219 Unigeniti
3749 4147 3865 4217 ejus
3892 4190 3908 4213 ,

2329 4244 2542 4314 quicum
2566 4245 2705 4299 Patri
2735 4254 2788 4300 et
2808 4243 3029 4314 Spiritui
3052 4250 3236 4296 saneto
3258 4240 3450 4311 gloria,
3471 4241 3776 4309 imperium,
3803 4242 3901 4293 ho-

2332 4349 2451 4399 nor,
2476 4349 2616 4389 nunc
2641 4345 2694 4390 et
2722 4348 2958 4403 semper,
2988 4340 3039 4387 et
3061 4333 3113 4386 in
3135 4329 3325 4385 saicula
3348 4329 3687 4385 saeculorum.
3707 4332 3875 4385 Amen

1977 4578 2305 4641 HOMILIA
2348 4580 2624 4641 XLVIII.

667 4718 790 4771 Car.
841 4717 929 4773 22.
978 4734 1026 4771 ν.
1074 4720 1157 4772 17.
1214 4716 1426 4771 Factum
1466 4728 1536 4772 est
1584 4728 1749 4773 autem
1807 4723 2064 4776 revertenti
2109 4725 2230 4777 mihi

744 4812 794 4861 in
824 4809 1125 4876 Jerusalem,
1145 4820 1189 4864 et
1219 4814 1381 4865 oranti
1406 4814 1457 4865 in
1487 4813 1689 4883 templo,
1711 4814 1821 4881 ﬁeri
1848 4832 1923 4868 me
1948 4816 2000 4869 in
2028 4818 2231 4885 exstasi,

749 4902 831 4953 18.
862 4910 908 4953 et
937 4902 1098 4954 videre
1125 4902 1267 4954 illuni
1297 4903 1534 4957 dicentem
1575 4905 1696 4957 mihi
1737 4921 1754 4958 :
1800 4903 2031 4971 Festina,
2073 4918 2120 4961 et
2157 4909 2237 4961 exi

746 4991 972 5045 velociter
1008 5008 1070 5046 ex
1093 4991 1393 5060 Jerusalem,
1442 4996 1673 5062 quoniam
1701 5012 1799 5050 non
1831 4998 2067 5067 recipient
2093 5001 2235 5053 testi-

750 5083 969 5136 monium
1000 5092 1139 5135 tuum
1164 5082 1342 5137 dente.
1378 5083 1461 5137 l9.
1497 5083 1561 5136 Et
1590 5101 1677 5155 ego
1703 5086 1808 5139 dixi
1840 5104 1858 5140 :
1888 5087 2117 5155 Domine,
2140 5090 2239 5159 ipsi

749 5173 929 5236 sciunt,
981 5174 1099 5241 quia
1147 5189 1233 5242 ego
1282 5190 1415 5226 eram
1454 5176 1756 5229 concludens
1808 5178 1859 5231 in
1896 5195 2162 5245 carcerem,
2192 5190 2237 5234 et

750 5266 942 5319 credens
970 5282 1057 5332 per
1092 5281 1369 5335 synagogas
1404 5283 1506 5331 eos,
1551 5268 1634 5336 qui
1664 5268 1927 5321 credebant
1950 5270 2003 5324 in
2029 5282 2074 5325 te
2104 5289 2120 5325 :
2146 5272 2235 5327 ΞΟ.

751 5367 793 5408 et
825 5373 936 5408 cum
967 5357 1256 5426 funderetur
1299 5361 1499 5427 sanguis
1544 5358 1791 5428 Stephani
1835 5361 1970 5415 testis
2012 5364 2100 5425 tui,
2150 5379 2237 5434 ego

753 5449 1031 5512 mtuebam,
1060 5457 1105 5500 et
1133 5450 1497 5501 consentiebam
1527 5451 1630 5503 neci
1664 5453 1789 5521 ejus,
1822 5462 1869 5504 et
1904 5453 2239 5506 custodiebam

751 5538 1033 5591 vestimenta
1056 5539 1456 5605 interﬁcientium
1480 5540 1641 5593 illum.

752 5631 798 5682 l.
846 5628 977 5681 Vide
1011 5629 1270 5697 quomodo
1304 5645 1361 5683 se
1389 5632 1439 5683 in
1470 5632 1699 5698 pericula
1731 5634 1995 5702 conjiciat.
2044 5634 2235 5689 Subdit

684 5720 821 5774 enim
856 5737 866 5771 :
898 5718 1109 5771 Factum
1133 5729 1201 5771 est
1230 5732 1390 5774 autem
1420 5726 1677 5776 revertenti
1708 5727 1826 5779 mihi
1852 5729 1902 5779 in
1925 5727 2239 5791 Jerusalem;

686 5812 733 5861 IlI
764 5820 860 5877 est,
888 5822 1002 5879 post
1037 5810 1289 5864 visionem
1318 5812 1454 5868 illam
1486 5830 1665 5871 rursus
1702 5818 1750 5869 in
1782 5817 2067 5872 Jerusalem
2093 5819 2233 5873 veni.

2340 4723 2405 4777 Et
2432 4725 2597 4777 oranti
2632 4726 2683 4777 in
2723 4726 2927 4793 templo,
2951 4726 3058 4795 ﬁeri
3086 4742 3164 4778 me
3192 4726 3243 4778 in
3277 4726 3491 4790 exstasi,
3510 4733 3554 4779 et
3580 4726 3747 4779 videre
3770 4725 3913 4778 illum

2339 4815 2579 4868 dicentem
2608 4814 2727 4867 mihi
2751 4832 2769 4869 :
2798 4814 3024 4880 Festina,
3071 4824 3116 4868 et
3146 4816 3225 4869 exi
3251 4815 3482 4868 velociter
3519 4831 3580 4868 ea:
3603 4813 3909 4877 Jerusalem,

2340 4907 2573 4974 quoniam
2603 4922 2701 4959 non
2727 4907 2967 4976 recipient
2993 4907 3331 4960 testimonium
3360 4917 3500 4960 tuum
3525 4908 3587 4961 de
3612 4923 3713 4960 me.
3747 4907 3910 4962 Vide:

2344 5010 2511 5065 neque
2542 4996 2641 5051 hoc
2666 4996 2782 5052 sine
2823 4998 3129 5051 testimonio
3155 4998 3347 5067 agitur,
3380 4998 3474 5053 sed
3503 4999 3573 5054 ab
3603 5009 3804 5055 eventu
3832 5008 3913 5053 est

2345 5089 2721 5144 testimonium.
2790 5090 3037 5154 Dixerat,
3100 5088 3221 5143 Non
3282 5091 3521 5159 recipient
3577 5091 3911 5143 testimonium

2346 5187 2518 5231 tuum;
2561 5188 2604 5233 τι
2634 5194 2739 5234 non
2770 5187 3106 5248 receperunt.
3138 5179 3296 5235 Certe
3336 5196 3400 5235 ex
3426 5179 3705 5234 ratiocinio
3730 5181 3909 5250 conje-

2346 5269 2588 5323 Ctandum
2619 5279 2752 5334 erat,
2787 5268 2927 5338 quod
2970 5279 3148 5323 essent
3176 5271 3462 5340 recepturi.
3498 5268 3605 5340 Ego
3624 5272 3755 5323 enim
3778 5288 3909 5324 uani

2346 5361 2647 5413 concludens
2672 5362 2724 5412 in
2750 5375 2997 5413 carcerem
3023 5368 3069 5413 et
3106 5360 3319 5425 credens,
3354 5360 3542 5429 inquit.
3592 5358 3714 5415 Ideo
3762 5361 3912 5430 igitur

2350 5452 2582 5520 recipere
2612 5452 2928 5519 oportebat;
2971 5462 3023 5506 et
3072 5460 3249 5505 tamen
3282 5466 3385 5506 non
3415 5459 3753 5521 receperunt.
3794 5451 3913 5505 Ideo

2350 5542 2448 5597 hoc
2478 5543 2527 5595 in
2552 5542 2746 5597 exsmsi
2770 5544 2941 5609 discit,
2961 5558 3017 5599 se
3042 5560 3144 5598 non
3168 5544 3527 5613 recipiendum
3544 5559 3683 5600 esse.
3701 5544 3793 5598 llic
3814 5546 3913 5596 duo

2350 5635 2534 5703 probat
2565 5654 2575 5689 :
2608 5646 2659 5689 et
2687 5636 2825 5704 quod
2858 5652 2959 5690 non
2986 5638 3188 5706 possint
3218 5639 3457 5692 excusari
3483 5656 3496 5702 ;
3548 5652 3674 5691 nam
3729 5646 3915 5706 prmter

2350 5726 2597 5780 decormn
2632 5737 2685 5779 et
2721 5736 2911 5794 prmter
2947 5729 3204 5781 rationem
3233 5730 3402 5797 ipsum
3432 5727 3912 5797 persequebantur;

2358 5828 2408 5872 et
2439 5818 2576 5890 quod
2607 5819 2669 5872 Dr
2702 5835 2742 5871 is
2770 5828 2908 5873 esset
2936 5818 3202 5885 Christus,
3247 5835 3305 5875 ea
3345 5835 3461 5891 qua!
3490 5827 3687 5889 prteter
3728 5832 3913 5887 exspe-
