4076 6548
175 529 256 586 εδ,
1193 513 1256 568 IN
1296 510 1477 568 ACTA
1513 500 2045 567 APOSTOLORUM.
2089 507 2322 564 IIOMIL.
2351 507 2586 565 XLVIII.
3491 509 3605 564 εὖτ

176 640 616 713 προσταγμάτων.
675 636 738 688 Αἱ
794 630 1085 700 ἐπιθυμίαι
1160 630 1216 681 αἱ
1278 628 1515 713 ϊιονηροιλ⁵
1567 631 1628 680 τὸ
1691 629 1820 713 αὐτὸ

173 711 424 793 λέγουσιν’
442 722 576 777 ἀλλά
594 722 657 773 σὺ
683 719 756 789 μὴ
775 734 847 769 πα
857 713 1181 785 ραπεισθῄς,
1203 712 1341 765 ἀλλὰ
1365 711 1520 782 στῆθι
1537 711 1820 781 γενναίως,

174 812 248 863 ἵνα
294 811 366 880 μὴ
428 810 523 862 καὶ
566 806 695 876 περὶ
757 803 912 873 ήμῶν
957 799 1186 869 λαληθῇ’
1223 799 1374 853 Θεὸν
1419 798 1823 868 ὁμολογοῦσιν

171 894 396 957 ειδέναι,
455 893 578 958 τοῖς
622 889 690 944 δὲ
739 889 934 956 ἔργοις
971 885 1320 953 ἀρνοῦνται.
1377 883 1547 937 Τοῦτο
1597 884 1704 954 γὰρ
1759 883 1820 936 οὑ

176 980 474 1052 μαρτύρων,
508 979 642 1032 ἀλλά
681 975 740 1029 1b
789 973 1055 1027 ἐναντίον.
1110 972 1221 1025 Καὶ
1246 970 1306 1023 τὸ
1339 971 1442 1042 μὲν
1470 971 1598 1032 τοὺς
1629 970 1822 1033 ἄλλους

171 1070 457 1138 ἀρνεῖσθαι,
488 1067 639 1121 οὐδὲν
661 1061 992 1133 θαυμαστόν·
1019 1062 1079 1114 1b
1104 1060 1162 1114 δὲ
1195 1061 1343 1130 ἡμᾶς
1381 1061 1505 1122 τοὺς
1546 1061 1624 1122 εἰς
1683 1074 1822 1128 μαρ-

173 1155 338 1227 τύριον
378 1154 680 1225 κληθέντας
712 1149 969 1220 ἐξάρνους
1001 1148 1276 1215 γενέσθαι,
1310 1147 1449 1216 βαρὺ
1496 1147 1589 1199 καὶ
1637 1163 1822 1216 φορτι-

173 1243 274 1295 κόν·
303 1240 459 1294 τοῦτο
487 1239 724 1310 μάλιστα
745 1238 973 1308 βλάπτει
1002 1234 1349 1304 τάήμέτερα.
1378 1236 1476 1298 Εἰς
1493 1234 1822 1302 μαρτύριον

173 1330 336 1390 αὐτοῖς
363 1325 753 1395 ἀποϐήσεται,
788 1322 972 1393 φησίν·
998 1322 1111 1375 ἀλλ’
1138 1322 1268 1374 ὅταν
1309 1321 1408 1373 οὐκ
1455 1320 1822 1388 ἀποπηδήσω-

173 1429 280 1480 μεν,
308 1414 434 1466 ὅταν
465 1412 764 1482 ἐνστῶμεν.
789 1409 850 1462 Εἰ
902 1409 1105 1471 πάντες
1149 1406 1486 1476 ἐϐουλόμεθα
1523 1408 1822 1477 μαρτυρεῖν

169 1499 238 1568 τῷ
265 1498 499 1570 Χριστῷ,
551 1497 759 1568 ταχέως
787 1496 852 1549 ἂν
887 1495 1192 1566 ἐπείσαμεν
1239 1495 1350 1548 τῶν
1391 1493 1662 1564 Ἐλλήνων
1693 1496 1821 1554 τοὺς

173 1588 404 1650 πολλούς.

233 1673 384 1742 Μέγα
421 1672 554 1742 βίος,
610 1670 904 1740 ἀγαπητοί
940 1669 1041 1722 κᾶν
1091 1666 1294 1738 σφόδρα
1341 1661 1677 1738 θηριώδηςῇ
1712 1681 1818 1730 τις,

170 1759 261 1812 κᾶν
295 1758 538 1830 φανερῶς
563 1758 621 1810 οὑ
650 1755 1041 1827 καταγινώσκῃ
1081 1754 1169 1807 διὰ
1189 1755 1248 1806 τὸ
1294 1753 1492 1822 δόγμα,
1530 1752 1645 1805 ἀλλ’
1680 1753 1814 1805 ἀπο·

166 1847 365 1916 δέχεται
389 1845 584 1916 λάθρα,
611 1843 724 1896 ἀλλ’
755 1842 1125 1906 ἐπαινέσεται,
1151 1841 1290 1894 ἀλλὰ
1316 1839 1676 1910 θαυμάσεται.
1710 1839 1822 1892 Καὶ

168 1937 338 1998 πόθεν,
368 1936 554 2005 φησὶν,
588 1934 654 1988 ἂν
683 1935 892 2002 γένοιτο
916 1932 1028 2002 βίος
1063 1931 1325 2002 άριστος;
1353 1929 1686 2000 Οὐδαμόθεν,
1708 1929 1822 1983 ἀλλ’

168 2023 320 2092 ἢάπδ
348 2021 496 2086 Θείας
523 2020 825 2092 ἐνεργείας.
870 2020 934 2071 Τί
973 2016 1088 2082 οὑν,
1123 2019 1250 2072 ὅταν
1279 2017 1374 2071 καὶ
1411 2017 1671 2086 ’Έλληνες
1721 2011 1826 2070 ὦσι

166 2110 380 2163 τοιοῦτοι
404 2127 419 2175 ;
453 2111 679 2163 Ἐκεῖνοι
709 2107 765 2160 εἴ
790 2124 888 2160 που
903 2108 997 2159 καὶ
1026 2100 1134 2158 εἷεν
1165 2104 1418 2168 τοιοῦτοι,
1440 2104 1489 2156 οἰ
1517 2105 1615 2175 μὲν
1641 2103 1824 2174 φύσει,

167 2197 208 2246 οί
246 2197 299 2249 δὲ
350 2197 439 2250 διὰ
499 2180 1054 2259 κενοδοξίανζΒούλει
1101 2191 1317 2263 μαθεῖν,
1371 2192 1470 2262 δση
1510 2193 1542 2261 ή
1576 2191 1670 2244 106
1705 2190 1824 2262 βίου

167 2283 493 2355 λαμπρότης,
523 2285 656 2354 ὅσην
676 2281 787 2352 ἔχει
828 2282 928 2352 τὴν
953 2278 1154 2344 πειθώ;
1182 2277 1374 2331 Πολλοὶ
1397 2276 1503 2330 τῶν
1531 2277 1825 2347 αίρετικῶν

166 2373 328 2435 οὕτως
360 2372 608 2440 ἴσχυσαν,
631 2370 726 2421 καὶ
751 2369 818 2421 τά
843 2369 1091 2437 δόγματα
1144 2365 1322 2418 καίτοι
1363 2365 1546 2428 αὐτοῖς
1587 2365 1718 2418 δντα
1747 2363 1826 2416 διο

167 2460 496 2532 εφθαρμένα,
525 2459 575 2510 οἰ
605 2455 790 2510 πολλοὶ
829 2455 937 2508 τῶν
976 2452 1281 2524 ἀνθρώπων
1317 2451 1454 2505 αἰδοῖ
1486 2453 1549 2521 τῇ
1571 2452 1700 2523 περὶ
1733 2451 1825 2504 τὸν

167 2550 272 2618 βίον
290 2549 387 2600 ούκ
413 2547 494 2598 ἐτι
530 2545 588 2598 1b
613 2544 790 2613 δόγμα
812 2542 1102 2614 ἐξήτασαν·
1133 2541 1282 2595 ἄλλοι
1307 2539 1364 2593 δέ
1394 2539 1489 2593 καὶ
1526 2538 1828 2607 καταγινώ-

166 2653 375 2700 σκοντες
399 2635 580 2688 αὑτῶν
606 2632 692 2684 διά
725 2631 784 2684 1b
809 2631 1010 2699 δόγμα,
1038 2628 1343 2700 ᾐδέσθησαν
1365 2628 1452 2682 διὰ
1485 2627 1576 2681 τὸν
1603 2627 1735 2697 βίον⁸
1761 2627 1823 2680 οὑ

164 2724 335 2786 καλῶς
361 2725 480 2794 μὲν,
511 2721 647 2791 πλὴν
668 2723 818 2790 ὅμως
855 2718 1014 2771 τοῦτο
1061 2717 1285 2771 ἔπειθον.
1321 2715 1492 2769 Τοῦτο
1539 2717 1607 2769 τά
1649 2716 1826 2786 σεμνά

162 2813 254 2881 τῆς
280 2811 512 2872 πίστεως
542 2809 641 2878 τῆς
669 2807 944 2878 ἡμετέρας
971 2804 1208 2870 διέϐαλε,
1240 2803 1398 2857 τοῦτο
1425 2804 1494 2858 τά
1540 2806 1718 2858 πάντα
1732 2806 1827 2857 άν-

165 2898 372 2969 έτρεψε,
399 2897 460 2951 τὸ
491 2896 693 2966 μηδένα
747 2893 903 2962 λόγον
938 2889 1079 2946 εἶναι
1121 2893 1233 2962 βίου
1294 2891 1504 2962 μηδενὶ,
1555 2891 1714 2945 τοῦτο
1759 2895 1823 2964 τῇ

164 2986 334 3038 πίστει
359 2983 702 3055 λυμαίνεται.
732 2981 1000 3051 Λέγομεν,
1034 2982 1116 3034 ὅτι
1152 2979 1284 3042 Θεός
1309 2981 1457 3032 ἐστιν
1503 2981 1532 3032 ό
1567 2978 1824 3049 Χριστὸς,

167 3067 328 3137 μυρία
371 3067 466 3120 καὶ
504 3065 668 3135 ¹ἑτερα
717 3062 1060 3134 παράγομεν,
1101 3063 1241 3131 μετὰ
1266 3061 1325 3114 δέ
1356 3061 1464 3114 τῶν
1510 3059 1686 3114 ἄλλων
1730 3061 1825 3113 καὶ

162 3152 331 3218 τοῦτο,
361 3154 446 3205 ὅτι
472 3152 686 3203 ἔπεισεν
719 3148 966 3212 ἅπαντας
1002 3146 1177 3219 ὀρθῶς
1214 3147 1334 3218 ζῇνο
1388 3146 1525 3200 ἀλλά
1577 3145 1736 3200 τοῦτο
1765 3147 1823 3200 ἐν

163 3239 354 3307 ὀλίγοις
383 3239 522 3294 ἐστί.
565 3237 639 3290 Tb
663 3238 762 3309 τῆς
809 3236 1158 3298 ἀναστάσεως
1195 3235 1372 3306 δόγμα
1420 3233 1744 3305 λυμαίνεται
1788 3235 1822 3305 ή

163 3327 248 3379 106
281 3327 394 3397 βίου
416 3327 713 3397 φαυλότης,
738 3326 799 3379 1b
819 3325 920 3396 τῆς
956 3323 1253 3387 ἀθανασίας
1288 3324 1384 3394 τῆς
1410 3321 1610 3392 ψυχῆς,
1633 3322 1695 3374 1b
1723 3321 1825 3391 τῆς

164 3415 408 3484 κρίσεωςο
433 3415 608 3468 πολλά
648 3415 744 3467 καὶ
765 3414 932 3484 ἔτερα
966 3413 1289 3476 ἐπισπᾶται,
1329 3410 1695 3481 εἰμαρμένην,
1731 3412 1826 3463 άν-

163 3503 352 3574 άγκην,
387 3504 448 3557 τὸ
490 3506 845 3575 ἀπρονόητον.
876 3501 1037 3571 Ψυχὴ
1077 3501 1187 3571 γάρ
1216 3501 1573 3570 βαπτισθεῖσα
1613 3499 1825 3569 μυρίοις

162 3594 365 3654 κακοῖς,
387 3592 578 3661 ῶσπερ
598 3591 750 3652 τινας
780 3587 1134 3659 παραμυθίας
1164 3587 1368 3649 ταύτας
1398 3588 1632 3639 ἐπινοεῖν
1656 3587 1825 3657 ἑαυτῇ

164 3679 432 3744 πειρᾶται,
462 3679 548 3730 ἵνα
581 3678 656 3748 μὴ
684 3676 923 3745 λυπῆται
951 3673 1298 3743 λογιζομένη,
1352 3674 1434 3727 ὅτι
1463 3672 1644 3743 κρίσις
1686 3674 1823 3738 ἐστὶ,

165 3766 253 3818 καὶ
297 3767 378 3820 ὅτι
412 3768 500 3836 ἐφ’
534 3769 662 3837 ἡμῖν
717 3767 896 3818 κεῖται
946 3764 1014 3816 τά
1051 3764 1148 3832 τῆς
1206 3763 1412 3833 ἀρετῆς
1459 3762 1555 3815 καὶ
1607 3761 1679 3814 τὰ
1725 3761 1826 3831 τῆς

165 3870 374 3917 κακιας.

230 3941 410 4012 ὶίυρία
449 3943 478 3994 ὁ
520 3940 632 4010 βίος
663 3938 957 4010 ἐργάζεται
988 3936 1151 4002 κακά,
1179 3935 1343 4007 θηρία
1360 3936 1484 4000 τοὺς
1506 3935 1827 4008 ἀνθρώπους

166 4031 322 4091 ποιεῖ,
355 4029 449 4082 καὶ
490 4027 697 4098 θηρίων
750 4025 1145 4093 ἀλογωτέρους·
1189 4023 1332 4093 άπερ
1388 4023 1490 4092 γὰρ
1521 4026 1579 4076 ἐν
1619 4024 1823 4093 ἑκάστῃ

166 4115 316 4180 φύσει
336 4115 446 4168 τῶν
471 4115 681 4184 θηρίων
735 4115 872 4176 ἐστὶ,
898 4111 1072 4164 ταῦτα
1093 4110 1354 4174 πολλάκις
1385 4111 1463 4172 εἰς
1494 4110 1588 4162 ἐνα
1618 4109 1828 4179 ανθρω-

165 4219 257 4256 πον
308 4205 606 4275 συνήγαγε,
661 4202 755 4254 καὶ
808 4201 868 4252 τὸ
909 4200 1014 4252 πᾶν
1065 4197 1349 4268 ἀνέτρεψε.
1410 4197 1508 4249 Διά
1545 4196 1702 4250 τοῦτο
1732 4198 1827 4266 τήν

1927 626 2269 696 εἱμαρμένην
2299 624 2592 697 εισήγαγεν
2641 623 2669 674 ὁ
2706 620 3090 688 διάϐολος,-διά
3140 621 3297 676 τοῦτο
3325 624 3598 695 ἀπρονόη-

1926 731 2018 766 τον
2043 713 2246 784 ἑφησεν
2276 707 2415 764 εἶναι
2442 711 2536 766 τὸν
2587 711 2790 780 κόσμον
2830 708 3004 781 [357],
3067 709 3157 762 διὰ
3208 710 3368 763 10610
3402 711 3598 780 φύσεις

1928 800 2138 867 ἀγαθὰς
2168 800 2262 852 καὶ
2300 798 2502 862 κακὰς,
2523 798 2612 852 διά
2639 796 2798 850 10610
2829 797 3000 851 κακὸν
3024 797 3263 869 ἄναρχον
3293 801 3388 852 καὶ
3412 800 3599 854 ὑλικὸν

1928 887 2261 950 ὑποτίθεται,
2289 887 2378 940 διά
2401 885 2557 939 τοῦτο
2600 885 2777 939 πάντα
2832 885 3064 956 πράττει
3095 898 3121 925 ι
3157 926 3169 948 ,
3193 887 3279 938 ἵνα
3307 886 3598 958 διαφθείρῃ

1925 974 2017 1028 τὸν
2056 973 2170 1044 βίον
2192 974 2369 1045 ἡμῶν.
2399 973 2536 1026 υὺτε
2564 973 2673 1044 γάρ
2701 972 2809 1031 ἀπὸ
2849 971 3265 1044 διεφθαρμένων
3310 974 3600 1044 δογμάτων

1925 1062 2149 1115 δυνατὸν
2173 1063 2490 1130 ἀνενεγκεῖν
2526 1061 2644 1130 βίου
2694 1061 2826 1114 ὅντα
2873 1060 3138 1123 τοιούτου,
3171 1059 3294 1113 οὑτε
3334 1062 3517 1132 μένειν
3542 1065 3600 1118 ἑν

1929 1149 2243 1222 ὑγιαινούσῃ
2273 1149 2475 1202 πίστει·
2503 1149 2618 1202 ἀλλ’
2643 1148 2856 1218 ἀνάγκῃ
2885 1147 3054 1219 πολλῇ
3093 1147 3270 1202 ταῦτα
3295 1150 3599 1220 παραδέξα-

1929 1240 2072 1292 σθαι.
2108 1239 2183 1291 Οὑ
2213 1237 2322 1309 γὰρ
2353 1234 2505 1307 οἶμαι
2534 1236 2710 1306 ἔγωγε
2735 1235 2945 1306 ταχέως
2973 1237 3096 1291 τινὰ
3135 1237 3244 1290 τῶν
3280 1239 3382 1290 οὐκ
3424 1238 3598 1308 ὀρθῶς

1927 1325 2144 1390 ζώντων
2169 1325 2538 1396 εὑρίσκεσθαι,
2580 1324 2655 1396 μὴ
2688 1325 2860 1395 μυρία
2886 1324 3154 1379 σατανικά
3182 1325 3596 1396 βουλευόμενον,

1925 1413 2007 1466 ὅτι
2036 1411 2251 1480 γένεσίς
2295 1413 2461 1474 ἐστιν,
2527 1413 2609 1466 ὅτι
2643 1411 2830 1476 ἁπλῶς
2858 1411 2926 1464 τά
2950 1411 3254 1482 πράγματα
3274 1413 3486 1481 άγεται,
3516 1415 3600 1467 ὅτι

1928 1499 2136 1570 φύρδην
2170 1500 2264 1553 καὶ
2292 1500 2612 1571 κεχυμένως
2639 1500 2818 1553 πάντα
2837 1500 3139 1553 διοικεῖται.
3162 1501 3252 1552 Διὸ
3270 1503 3597 1572 παρακαλῶ,

1927 1585 2298 1656 φροντίζωμεν
2333 1586 2446 1656 βίυυ
2475 1586 2663 1652 καλοῦ,
2683 1587 2771 1640 ἵνα
2790 1587 2864 1657 μὴ
2889 1586 3322 1658 παραδεχώμεθα
3353 1590 3602 1660 δόγματα

1930 1676 2160 1746 πονηρά.
2221 1675 2280 1727 '0
2303 1675 2442 1728 Κάῖν
2477 1674 2636 1728 ἔλαϐε
2661 1675 2932 1746 τιμωρίαν
2961 1674 3171 1728 στένειν
3218 1677 3311 1729 καὶ
3348 1678 3595 1747 τρέμειν.

1929 1761 2171 1815 Τοιοῦτοί
2196 1763 2334 1815 εἰσιν
2358 1762 2408 1815 οί
2437 1763 2685 1836 πονηροὶ,
2725 1763 2818 1815 καὶ
2840 1762 3144 1826 συνειδότες
3181 1764 3394 1827 ἑαυτοῖς
3428 1766 3602 1836 μυρία

1929 1848 2098 1913 κακά,
2124 1849 2388 1913 πολλάκις
2444 1850 2504 1915 ἐξ
2549 1849 2735 1903 ὕπνων
2765 1850 3102 1920 ἐξάλλονται,
3141 1851 3468 1922 θορυϐώδεις
3504 1855 3602 1907 a6-

1927 1936 2039 1988 τῶν
2064 1937 2114 1989 οί
2154 1937 2426 2007 λογισμοὶ,
2463 1937 2865 2008 τεταραγμένοι
2916 1941 2963 1991 οἰ
3018 1938 3309 2009 ὀφθαλμοὶ,
3367 1941 3602 2010 ὑποιῖκίας

1927 2023 2090 2092 γέμει
2122 2023 2322 2087 πάντα,
2375 2024 2814 2095 καταπλήττεται
2854 2024 3053 2088 πάντα,
3100 2027 3346 2097 χαλεπῆς
3379 2028 3603 2098 προοδο-

1929 2113 2074 2176 κίας,
2101 2111 2303 2175 δειλίας
2337 2111 2646 2182 ἀνάμεστος
2694 2111 2873 2165 αὑτῶν
2910 2113 2942 2182 ή
2979 2112 3148 2184 ψυχὴ,
3183 2113 3334 2184 φόϐῳ
3375 2131 3600 2184 συστρεο

1929 2198 2137 2269 φομένη
2162 2199 2254 2251 καὶ
2288 2197 2476 2269 τρόμῳ
2488 2198 2744 2269 κάδρανὴς
2775 2197 3006 2265 γίνεται.
3033 2199 3199 2252 Οὐδὲν
3223 2200 3322 2269 τῆς
3343 2200 3601 2269 τοιαύτης

1925 2285 2103 2357 ψυχῆς
2117 2285 2498 2357 μαλακώτερον
2521 2286 2730 2351 γένοιτο
2759 2285 2846 2348 ἂν,
2877 2286 3030 2338 οὐδὲν
3047 2287 3422 2358 ἀνοητότερον.
3451 2289 3602 2341 Καθ-

1930 2373 2074 2444 άπερ
2135 2375 2183 2426 οἰ
2220 2373 2536 2444 μαινόμενοι
2569 2374 2666 2442 οὑχ
2706 2374 3003 2444 ἑστήκασιν
3041 2375 3098 2427 ἐν
3143 2375 3375 2438 ἑαυτοῖς·
3428 2375 3601 2442 οὕτως

1926 2459 2113 2530 οὑδέή
2154 2459 2377 2530 τοιαύτη
2434 2462 2492 2513 ἑν
2547 2461 2712 2531 ἑαυτῇ
2765 2459 2986 2530 ἕστηκε.
3041 2461 3177 2514 Πότε
3209 2457 3303 2514 οὖν
3341 2462 3481 2534 αὕτη
3522 2467 3602 2528 εἰς

1929 2546 2284 2617 συναίσθησιν
2313 2547 2441 2618 ἔλθῃ
2476 2547 2748 2618 τοσαύτην
2771 2547 2967 2618 ἔχουσα
3003 2549 3357 2612 σκοτοδινίαν,
3380 2551 3448 2622 ἠν
3465 2553 3602 2620 ἀγα-

1927 2634 2097 2702 πητὸν
2147 2635 2390 2705 γαλήνης
2447 2634 2832 2689 άπολαύουσαν
2885 2636 2980 2695 καὶ
3035 2636 3257 2702 εὑδίας,
3307 2636 3598 2708 δυνηθῆναι

1927 2721 2225 2789 ἐπιγνῶναι
2248 2721 2348 2793 τὴν
2373 2723 2582 2776 οἰκείαν
2603 2723 2884 2791 εὐγένειαν
2906 2740 2922 2789 ;
2947 2723 3119 2776 Ὀταν
3137 2724 3194 2777 δέ
3219 2725 3396 2778 πάντα
3429 2727 3600 2798 αὑτὴν

1926 2808 2131 2878 ἐκφοϐῇ
2156 2809 2250 2861 καὶ
2274 2810 2541 2881 ταράττῃ,
2577 2812 2668 2864 καὶ
2692 2810 2892 2882 ὄνειροι
2936 2811 3030 2864 καὶ
3071 2811 3295 2883 ῥήματα
3328 2814 3421 2866 καὶ
3470 2816 3603 2885 σχή-

1929 2913 2075 2967 ματα
2095 2897 2190 2951 καὶ
2235 2898 2460 2968 ὑποψίαι
2514 2899 2722 2964 άπλῶς,
2777 2899 2909 2952 πότε
2955 2899 3243 2971 δυνήσεται
3280 2903 3360 2966 είς
3405 2903 3604 2974 ἑαυτὴν

1930 2984 2079 3049 ἰδεῖν,
2099 2984 2740 3058 οὑτωςὲκτεταραγμένη
2765 2991 2858 3039 καὶ
2881 2987 3296 3059 τεθορυϐημένη
3325 3008 3339 3054 ;
3369 2990 3602 3060 Λύωμεν

1926 3075 2104 3128 τοίνυν
2130 3075 2301 3143 αὑτῆς
2328 3075 2388 3128 τὸ
2404 3075 2542 3138 δέος,
2564 3076 2950 3147 διαρρήξωμεν
2978 3077 3048 3130 τά
3078 3077 3271 3148 δεσμά.
3298 3079 3359 3131 Εἰ
3389 3079 3498 3150 γὰρ
3528 3083 3603 3151 μή

1933 3161 2155 3223 κόλασις
2181 3155 2270 3230 ῆν,
2299 3162 2458 3225 ποίας
2482 3161 2656 3214 ταῦτα
2689 3163 2964 3226 κολάσεως
2988 3163 3049 3216 οὑ
3079 3167 3268 3234 χείρω,
3303 3165 3407 3218 ὑπὸ
3451 3167 3606 3238 φόϐῳ

1929 3249 2028 3321 ζῇν
2052 3249 2157 3314 ἀεὶ,
2196 3248 2465 3319 μηδέποτε
2519 3249 2764 3322 θαρρεῖν,
2803 3250 3078 3321 μηδέποτε
3104 3251 3385 3317 άνίεσθαι;
3420 3253 3607 3308 Ταῦτα

1929 3337 1994 3408 δὴ
2022 3338 2198 3390 πάντα
2227 3339 2370 3408 μετὰ
2412 3339 2702 3408 ἀκριϐείας
2737 3339 2958 3402 εἰδότες,
3015 3341 3073 3391 ἐν
3135 3340 3349 3413 γαλήνῃ
3377 3342 3606 3406 ἑαυτοὺς

1930 3423 2301 3495 διατηρῶμεν,
2349 3425 2444 3478 καὶ
2483 3426 2688 3496 ἀρετῆς
2727 3425 3144 3496 ἐπιμελώμεθα,
3199 3427 3285 3479 ἴνα
3338 3429 3434 3480 καὶ
3480 3429 3607 3500 ὑγιῆ

1931 3511 2178 3581 δόγματα
2201 3509 2414 3582 ἔχοντες
2446 3513 2538 3565 καὶ
2568 3511 2680 3582 βίον
2703 3513 2886 3584 ὀρθὸν,
2914 3514 3316 3584 ἀπροσκόπτως
3343 3514 3445 3586 τὴν
3467 3532 3612 3587 παρ-

1933 3598 2102 3653 οῦσαν
2157 3598 2302 3670 ζωὴν
2321 3599 2688 3670 διανύσωμεν,
2723 3602 2817 3653 καὶ
2857 3602 2966 3654 τῶν
2999 3602 3431 3672 ἐπηγγελμένων
3472 3604 3613 3672 ἀγα-

1935 3685 2043 3738 θῶν
2064 3687 2173 3750 τοῖς
2198 3688 2490 3753 ἀγαπῶσιν
2519 3687 2679 3740 αὑτὸν
2718 3689 2997 3758 ἐπιτυχεῖν
3047 3688 3388 3760 δυνηθῶμεν,
3427 3690 3612 3760 χάριτι

1935 3773 2030 3826 καὶ
2070 3774 2452 3846 φιλανθρωπίᾳ
2501 3774 2596 3828 τοῦ
2653 3777 2993 3845 Μονογενοῦς
3049 3776 3238 3839 αὑτοῦ,
3285 3777 3405 3848 μεθ’
3437 3773 3496 3831 οὑ
3536 3779 3613 3848 τῴ

1934 3861 2130 3931 Πατρὶ,
2191 3862 2306 3931 ἅμα
2350 3861 2429 3930 τῷ
2473 3863 2612 3932 ἁγίῳ
2660 3863 2828 3916 αὑτοῦ
2855 3863 3156 3933 Πνεύματι,
3188 3864 3335 3929 δόξα,
3387 3863 3611 3934 κράτος,

1932 3951 2088 4019 τιμὴ,
2146 3950 2240 4004 νῦν
2285 3951 2381 4004 καὶ
2421 3952 2530 4018 ἀεὶ,
2559 3952 2652 4006 καὶ
2679 3954 2760 4015 εἰς
2801 3953 2928 4015 τοὺς
2983 3951 3183 4016 αἰῶνας
3215 3952 3325 4006 τῶν
3375 3952 3609 4007 αἰώνων.

1947 4037 2142 4107 Ἀμήν.

2001 4150 2426 4214 ξηράττειόεεει
2481 4153 2532 4202 in
2598 4147 2849 4201 codicibus
2912 4149 3184 4214 plerisque.
3267 4156 3427 4207 Abest
3458 4153 3614 4206 etiam

1933 4225 1960 4260 a
1981 4210 2216 4261 Cominel.
2240 4219 2294 4262 et
2315 4213 2468 4263 Savil.

1646 4612 1892 4667 UMIAIA
1924 4612 2065 4666 MH'.

179 4757 445 4826 Ἐγένετο
465 4757 532 4813 δέ
556 4775 659 4827 μοι
691 4756 1130 4826 ὑποστρέφοντι
1162 4757 1250 4821 είς
1281 4753 1709 4827 Ἰερουσαλὴμ,
1737 4755 1838 4808 εὐ-

234 4823 494 4896 χομένου
546 4823 618 4882 ἓν
655 4828 732 4892 τῷ
772 4823 925 4894 ίερῷ,
960 4823 1257 4896 ⁷γενέσθαι
1305 4843 1380 4896 με
1419 4825 1486 4876 ἐν
1523 4823 1835 4896 ἐκστάσει,

237 4894 328 4950 καὶ
355 4898 506 4952 ἰδεῖν
543 4898 799 4967 λέγοντά
816 4915 914 4966 μοι
941 4894 1147 4967 αὐτόνξ
1185 4894 1485 4958 Σπεῦσον,
1513 4894 1611 4967 καί
1629 4894 1838 4967 ἔξελθε

233 4970 302 5018 ἐν
333 4969 498 5037 τάχει
536 4964 636 5032 ἐξ
673 4964 1084 5035 Ἰερουσαλὴμ,
1123 4966 1272 5018 διότι
1302 4968 1372 5037 ού
1398 4964 1840 5037 παραδέξονταί

234 5053 347 5091 σου
375 5031 494 5107 τ’ἧν
515 5031 850 5106 μαρτυρίαν
865 5031 1202 5107 περϊέμοῦ,
1219 5035 1392 5104 Κάγὼ
1419 5031 1835 5107 εἴπονοηιίύριε,

234 5108 402 5162 αὐτοὶ
437 5102 847 5172 ’ἐπίστανται,
896 5102 983 5160 ὅτι
1016 5107 1142 5175 ἐγὼ
1170 5102 1332 5174 ἢμην
1367 5102 1707 5173 φυλακίζων
1739 5105 1835 5156 καί

235 5176 419 5246 δέρων
445 5177 600 5232 κατὰ
653 5177 760 5240 τὰς
817 5176 1174 5246 συναγωγὰς
1231 5175 1374 5246 τρὺς
1437 5176 1838 5246 πιστεύοντας

235 5241 329 5298 ἐπὶ
366 5249 459 5301 σέ·
501 5248 602 5301 καὶ
663 5245 762 5300 ὅτε
820 5241 1082 5313 ἐξεχεῖτο
1126 5241 1188 5298 τὸ
1218 5241 1361 5312 alga
1395 5243 1702 5311 Στεφάνου
1732 5243 1839 5297 τοῦ

235 5317 534 5384 μάρτυρός
564 5317 816 5381 σου,καί
843 5320 1024 5382 αὐτὸς
1047 5315 1207 5385 ἤμην
1245 5314 1532 5384 ἐφεστὼς,
1563 5314 1661 5366 καί
1691 5330 1840 5385 συν-

235 5383 590 5454 ευδοκῶντῇ
617 5385 915 5454 ἀναιρέσει
937 5383 1143 5454 αὑτοῦ,
1167 5385 1507 5455 φυλάσσων
1529 5385 1599 5437 τὰ
1643 5383 1840 5452 ἱμάτια

237 5456 352 5508 τῶν
376 5457 788 5529 ἀναιρούντων
821 5458 1024 5510 αὐτόν.

235 5558 302 5604 α’.
321 5552 463 5624 Ὅρα
494 5553 611 5615 πῶς
633 5553 826 5608 ἑαυτὸν
856 5552 1073 5606 εἰσωθεῖ
1114 5553 1191 5615 εἰς
1219 5551 1344 5614 τοὺς
1379 5547 1677 5610 κινδύνους.
1713 5547 1841 5600 Ἐπ-

172 5636 287 5704 ἀῖει
323 5638 455 5709 γάρ’
500 5638 771 5708 Ἐγένετο
804 5639 870 5692 δέ
903 5656 1003 5708 μοι
1033 5637 1472 5705 ὑποστρέφοντι
1502 5637 1588 5698 εις
1628 5633 1841 5701 Ἰερου-

174 5725 390 5794 σαλήμ·
421 5725 732 5788 τουτέστιν,
762 5721 964 5778 Ἦλθον
997 5725 1134 5796 μετά
1172 5725 1269 5794 τὴν
1321 5722 1445 5791 ὄψιν
1504 5719 1717 5789 ἐκείνην
1763 5721 1842 5781 εἰς

182 5807 534 5883 Ἰερουσαλὴμ
569 5811 728 5864 πάλιν
765 5811 934 5883 [558].
963 5812 1070 5866 Καὶ
1092 5805 1587 5879 προσευχομένου
1625 5823 1743 5874 μου
1773 5805 1842 5857 ἐν

174 5889 250 5956 τῷ
281 5894 434 5962 ἱερῷ,
475 5893 753 5964 γενέσθαι
788 5911 863 5964 με
885 5892 1274 5954 ἐνέιιστιίσει,
1302 5889 1399 5943 καὶ
1419 5884 1842 5955 ίδεῖνλέγτιντιί

174 5995 285 6046 μοι·
325 5982 630 6049 Σπεῦσον,
671 5983 765 6036 κιιί
799 5982 1006 6046 ἔξελθε
1033 5981 1098 6036 ἐν
1151 5981 1333 6050 τάχει,
1362 5976 1506 6030 fuit:
1551 5976 1618 6028 (‘i'
1654 5988 1838 6041 :wpw

1938 4752 2219 4817 δέξονταί
2252 4769 2369 4807 σου
2396 4753 2510 4821 τὴν
2541 4753 2880 4822 μαρτυρίαν
2909 4751 3042 4819 περὶ
3092 4752 3259 4821 ἐμοῦ.
3291 4751 3456 4823 Ὅρα,
3489 4753 3613 4804 ούδέ

1937 4841 2097 4892 τοῦτο
2117 4841 2454 4910 ἀμάρτυρον,
2486 4840 2598 4892 ἀλλ’
2629 4839 2738 4894 ἀπὸ
2773 4841 2867 4909 τῆς
2918 4839 3198 4900 ἐκϐάσεως
3241 4841 3272 4910 ή
3310 4841 3611 4910 μαρτυρία.

1941 4925 2107 4981 Εἶπεν
2160 4930 2240 4981 ὅτι
2266 4933 2347 4981 Οὐ
2375 4928 2657 4992 δέξονταί
2689 4943 2806 4980 σου
2833 4927 2948 4994 τὴν
2967 4928 3324 4995 μιιρτυριάνδ
3384 4927 3477 4980 καὶ
3514 4929 3616 4980 οὐκ

1940 5017 2206 5081 ἐδέξαντο.
2231 5016 2343 5070 Καὶ
2374 5018 2480 5088 μὴν
2515 5017 2623 5070 ἀπὸ
2653 5017 2928 5086 λογισμῶν
2981 5016 3088 5069 ἔδει
3135 5015 3501 5081 ὑποπτεῦσαι,
3533 5017 3630 5070 ὅτι·

1941 5107 2158 5170 πάντως
2194 5105 2456 5171 δέξονται.
2499 5106 2647 5176 Ἐγὼ
2711 5105 2822 5176 γὰρ
2879 5105 3100 5173 ἤμην-ό
3151 5105 3494 5173 φυλακίζων
3517 5107 3616 5157 καὶ

1941 5194 2146 5262 δέρων,
2173 5194 2353 5265 φησίν.
2389 5195 2552 5249 Ὥστε
2584 5194 2670 5247 διὰ
2699 5194 2857 5247 τοῦτο
2881 5193 2985 5245 ἔδει
3009 5193 3208 5255 αὑτοὺς
3229 5193 3504 5258 δέξασθαι·
3524 5195 3619 5244 καὶ

1941 5283 2091 5354 ὅμως
2113 5283 2212 5334 οὑκ
2245 5282 2513 5346 ἐδέξαντο.
2535 5283 2626 5334 Διὸ
2658 5283 2751 5334 καὶ
2786 5280 2943 5334 τοῦτο
2978 5283 3035 5334 ἐν
3060 5283 3124 5350 τῇ
3173 5283 3427 5334 ἐκστάσει
3481 5298 3619 5350 μαν-

1943 5371 2092 5425 θάνει
2127 5379 2186 5423 το
2222 5370 2296 5441 μὴ
2319 5371 2748 5441 παραδεχθῆναι.
2795 5369 3166 5423 Ἐνταῦθαδύο
3191 5369 3616 5432 κατασκευάζει,

1942 5459 2021 5512 ὅτι
2049 5476 2106 5510 τε
2133 5459 2515 5529 ἀναπολόγητα
2543 5459 2727 5520 αὐτος
2763 5457 2931 5510 ἐστίν’
2960 5460 3020 5511 οὑ
3078 5458 3186 5528 γάρ
3217 5457 3434 5510 κατὰτὸ
3474 5457 3620 5519 εἰκὸς

1942 5547 2105 5600 αὐτὸν
2139 5545 2364 5598 ἐδίωκον
2416 5546 2538 5598 ούδέ
2587 5545 2727 5598 κατὰ
2757 5546 2913 5614 λόγον
2944 5557 2990 5584 α·
3053 5546 3143 5598 καὶ
3171 5547 3254 5598 ὃτι
3303 5545 3434 5608 Θεὸς
3484 5537 3551 5613 ἦν
3591 5546 3620 5595 ὁ

1943 5633 2176 5703 Χριστὸς
2213 5633 2283 5686 τά
2308 5635 2459 5704 παρὰ
2487 5634 2812 5705 προσδοκίαν
2838 5633 3221 5703 προφητεύων,
3247 5637 3344 5686 καὶ
3367 5633 3621 5702 ούχόρῶν

1943 5725 2020 5784 εἰς
2051 5723 2116 5774 τὰ
2157 5723 2448 5791 γενόμενα,
2483 5723 2620 5776 ἀλλὰ
2665 5722 2733 5774 τά
2771 5721 3034 5791 μέλλοντα
3063 5719 3346 5791 προειδώς.
3377 5719 3500 5780 Πῶς
3527 5715 3621 5770 οὖν

1944 5810 2112 5877 λέγει,
2152 5809 2640 5864 Ἐνώπιονὲθιιῶν
2665 5810 2762 5864 καὶ
2779 5797 3092 5874 ,ϐασιλέων
3119 5807 3261 5861 υἱῶν
3280 5824 3340 5860 τε
3371 5807 3534 5873 Ἰσιιίι
3547 5805 3621 5870 31.!

2010 5984 2032 6010 ⁸⁸
2053 5981 2193 6032 Αὶίιις
2217 5983 2336 6028 κατὰ
2360 5981 2601 6041 λογισμόν.
