4076 6484
521 455 624 514 883

513 568 811 637 ,βαστάσει
841 565 907 620 τὸ
946 560 1130 634 ὄνομά
1149 581 1268 632 μου
1287 579 1306 627 ;
1328 560 1646 623 Βαστάσει,
1669 557 1844 622 εἶπεν,
1872 557 1931 609 οὺ
1951 557 2167 617 πάντως

519 659 717 710 πείσει·
749 655 920 716 ἄλλως
946 651 1001 704 δέ
1047 650 1290 705 Ἰουδαῖοι
1326 646 1555 717 ἀλλαχοῦ
1615 645 1713 716 μὲν
1756 645 2052 705 ἐπείθοντο,
2080 645 2168 695 ἐν·

516 744 693 798 ταῦθα
722 743 776 796 δέ
803 741 946 810 οὒχί.
978 740 1148 792 Ὅπου
1184 737 1413 808 μάλιστα
1458 733 1567 786 ἔδει
1612 732 1923 803 πεισθῆναι,
1963 730 2170 792 εἰδότας

520 829 680 884 αὐτοῦ
707 829 806 897 τὴν
833 826 1106 899 προτέραν
1140 821 1461 895 προθυμίαν,
1489 819 1721 872 ἐνταῦθα
1741 820 1839 871 οὐκ
1868 817 2167 870 ἐπείθοντο.

521 917 628 971 Καὶ
657 913 755 967 ὅτε
781 912 1040 982 ἐξεχεῖτο
1076 913 1140 964 τὸ
1192 904 1329 977 αἷμα
1372 906 1677 975 Στεφάνου
1728 903 1834 958 τοῦ
1869 903 2169 971 μάρτυρός

521 1019 655 1066 σου,
689 999 785 1054 καὶ
806 999 987 1064 αὐτὸς
1017 997 1176 1065 ἥμην
1217 992 1502 1062 ἐφεστὼς,
1557 991 1654 1046 καὶ
1686 988 2072 1054 συνευδοκῶν
2097 987 2170 1056 τῇ

520 1088 818 1155 ἀναιρέσει
837 1083 1040 1138 αὐτοῦ.
1081 1080 1224 1152 Ὅρα
1255 1078 1358 1132 ποῦ
1388 1079 1551 1132 πάλιν
1577 1079 1605 1131 6
1644 1076 1796 1145 λόγος
1823 1076 2066 1145 τελευτᾷ,
2092 1076 2171 1136 είς

520 1177 580 1228 τὸ
609 1172 826 1243 ἰσχυρὸν
857 1169 1169 1238 κεφάλαιον.
1225 1166 1476 1220 Δείκνυσι
1532 1165 1662 1236 γάρ,
1717 1166 1799 1218 ὅτι
1839 1163 2000 1226 αὐτὸς
2047 1158 2115 1232 ἦν
2143 1163 2170 1213 6

522 1261 780 1324 ἐλαύνων,
803 1260 892 1312 καὶ
919 1257 1018 1310 οὐκ
1048 1255 1334 1308 ἐλαύνωνι
1387 1253 1563 1324 μόνον,
1621 1252 1756 1305 ἀλλά
1810 1253 1902 1305 καὶ
1949 1251 2170 1322 μυρίαις

521 1347 706 1418 χερσὶν
781 1344 1021 1414 ἀναιρῶν
1084 1343 1176 1396 τὸν
1225 1341 1513 1410 Στέφανον.
1579 1340 1917 1410 ’Υπέμνησεν
1975 1339 2171 1400 αὐτοὺς

527 1432 831 1504 μιαιφονίας
874 1430 1136 1500 χαλεπῆς.
1183 1429 1315 1482 Τότε
1377 1426 1439 1496 δὴ
1487 1427 1717 1497 μάλιστα
1773 1427 1873 1478 οὐκ
1907 1426 2168 1495 ἤνεγκαν,

523 1519 708 1590 ἐπειδὴ
769 1516 926 1570 τοῦτο
975 1515 1200 1587 ηλεγχεν
1254 1513 1468 1576 αὐτούς·
1504 1514 1595 1565 καὶ
1647 1509 1813 1581 ἤδηὴ
1868 1509 2170 1580 προφητεία

523 1600 840 1673 ἐπληροῦτο.
877 1597 938 1652 ’0
981 1599 1139 1668 ζῆλος
1190 1598 1369 1650 τοίνυν
1425 1595 1610 1657 πολὺς,
1645 1596 1738 1646 καὶ
1780 1595 1812 1663 ὴ
1875 1590 2169 1662 κατηγορία

527 1689 747 1759 σφοδρά,
793 1687 886 1741 καὶ
938 1687 988 1740 οί
1039 1686 1314 1756 μάρτυρες
1350 1683 1447 1752 τῆς
1497 1680 1751 1752 ἀληθείας
1787 1681 1882 1733 τοῦ
1934 1677 2168 1749 Χριστοῦ

525 1775 802 1846 παρρησία
830 1773 1218 1842 διαλεγόμενοι.
1263 1769 1400 1823 Ἀλλ’
1429 1771 1476 1822 οί
1513 1768 1750 1821 Ἰουδαῖοι
1771 1768 1868 1819 οὐκ
1884 1767 2171 1836 ἠνέσχοντο

523 1859 704 1913 λοιπὸν
720 1862 895 1930 πάσης
912 1858 1140 1912 ἀκοῦσαι
1157 1859 1254 1928 τῆς
1269 1855 1622 1927 δημηγορίας,
1634 1853 1748 1907 ἀλλ’
1767 1854 1870 1905 ὑπὸ
1889 1853 1980 1905 τοῦ
1997 1850 2169 1921 θυμοῦ

526 1944 1150 2018 σφόδρα.ἐμπρησθέντες
1175 1943 1202 1983 b
1237 1943 1421 1996 ἐϐόων.
1442 1942 1552 1996 Καὶ
1600 1937 1729 1994 εἷπε
1754 1941 1901 2008 πρός
1932 1955 2026 2008 με·
2058 1941 2170 1990 Πο-

515 2037 725 2101 ρεύου,
746 2032 834 2085 ὅτι
851 2031 963 2102 ἐγὼ
979 2034 1066 2097 είς
1080 2030 1223 2096 ἔθνη
1234 2031 1467 2098 μακρὰν
1479 2028 1794 2084 ἀποστελῶ
1809 2028 2058 2080 σε.”Ηκο
2067 2042 2172 2078 ι·ον

525 2117 786 2172 ὃὲαὺτοῦ
826 2117 960 2186 ἄχρι
1013 2117 1118 2170 τοῦ
1165 2118 1348 2185 λόγου
1378 2117 1611 2180 τούτου,
1652 2115 1747 2168 καὶ
1782 2112 2014 2181 ἐπῆραν
2058 2111 2172 2178 τὴν

522 2206 729 2275 φωνὴν
759 2203 973 2268 αὐτῶν,
990 2203 1283 2271 λέγοντες·
1308 2199 1445 2269 Αἶρε
1458 2201 1574 2256 ἀπὸ
1591 2201 1702 2269 τῆς
1726 2200 1837 2270 γῆς
1860 2203 1966 2253 τὸν
1984 2198 2171 2252 τοιοῦ-

524 2306 652 2344 ιὀν⁸
671 2293 740 2345 οὐ
769 2291 878 2360 γὰρ
906 2289 1162 2357 καθῆκεν
1186 2290 1369 2342 αὑτὸν
1387 2288 1507 2355 ζῆν.
1529 2287 1865 2356 Κραζόντων
1890 2285 1957 2339 δὲ
1976 2285 2172 2340 αὐτῶν

525 2380 620 2432 καί
645 2378 1018 2446 ῥιπτούντων
1039 2375 1106 2428 τὰ
1130 2375 1344 2443 ίμάτια,
1372 2374 1465 2426 καὶ
1489 2374 1800 2441 κονιορτὸν
1813 2373 2173 2437 βαλλόντων

524 2467 610 2530 είς
635 2465 739 2517 τὸν
762 2463 926 2530 ἀέρα,
951 2460 1274 2514 ἐκέλευσεν
1307 2463 1339 2513 ό
1361 2462 1667 2528 χιλίαρχος
1690 2459 2030 2527 εἰσάγεσθαι
2058 2462 2166 2512 αῠο

524 2551 629 2602 τὸν
662 2551 746 2616 είς
776 2548 890 2615 τὴν
941 2545 1344 2615 παρεμϐολὴν,
1399 2545 1580 2599 εἰπὼν
1629 2545 1913 2614 μάστιξιν
1965 2545 2171 2597 ἀνετά-

524 2635 718 2695 ζεσθαι
743 2633 946 2696 αὐτὸν,
970 2634 1068 2684 ἵνα
1104 2630 1238 2698 γνῷ,
1273 2632 1344 2684 δι’
1385 2631 1463 2698 ῆν
1486 2632 1678 2686 αίτίαν
1707 2632 1859 2684 οὓτω
1880 2632 2172 2683 κατεϐόων

521 2723 726 2777 αὑτοῦ.
760 2721 871 2774 Καὶ
903 2719 991 2771 τὸν
1033 2718 1306 2789 χιλίαρχον
1333 2717 1448 2770 δέον
1474 2718 1743 2783 ἐξετάσαι,
1792 2718 1839 2768 εί
1876 2717 2050 2769 ταῦτα
2079 2717 2170 2768 οῦ-

527 2827 633 2872 τως
663 2808 796 2878 ἔχοι,
837 2807 872 2876 ἢ
910 2807 1004 2858 καὶ
1061 2806 1259 2868 αὐτοὺς
1317 2805 1574 2867 ἐκείνους·
1633 2808 1660 2858 6
1690 2805 1744 2857 δὲ
1793 2804 1957 2874 μηδὲν
2012 2803 2172 2855 πλέον

523 2900 787 2963 ποιήσας,
859 2890 1105 2963 μάστιξιν
1177 2891 1458 2954 ἀνετάζειν
1522 2891 1685 2946 αὐτὸν
1753 2889 2166 2958 ἐπαγγέλλεται.

535 2981 844 3036 Ἐκέλευσε
885 2980 993 3050 γὰρ
1022 2978 1226 3042 αὑτὸν,
1285 2979 1467 3047 φησὶν,
1519 2977 1864 3047 εισάτεσθαι
1921 2979 2007 3043 εὶς
2058 2977 2170 3043 τὴν

523 3067 925 3137 παρεμϐολὴν,
964 3065 1147 3118 ειπὼν
1198 3055 1483 3133 μάστιξιν
1534 3064 1912 3124 ἀνετάζεσθαι
1961 3065 2168 3128 αὐτὸν,

521 3154 627 3210 ἳνα
652 3151 787 3222 γνῷ,
819 3152 892 3204 δι’
943 3149 1020 3218 ἣν
1041 3151 1235 3204 αίτίαν
1274 3149 1424 3202 οὕτω
1453 3159 1474 3188 ε
1502 3150 1794 3202 κατεϐόων
1822 3150 2025 3203 αὑτοῦ.
2064 3150 2173 3202 Καὶ

526 3242 632 3311 μὴν
663 3241 791 3310 παρ’
812 3239 1032 3290 ἐκείνων
1061 3237 1164 3289 ἔδει
1213 3235 1407 3306 μαθεῖν
1457 3234 1564 3288 τῶν
1625 3234 2039 3301 καταϐοώντων,
2077 3237 2172 3290 καὶ

522 3327 790 3398 ἐρωτῆσαι
810 3327 862 3378 εῐ
882 3340 1024 3386 τινος
1057 3322 1163 3374 τῶν
1216 3323 1517 3392 εἰρημένων
1562 3322 2018 3392 ἐπελαμϐάνοντο·
2054 3325 2169 3377 ἀλλ’

524 3412 707 3474 ἀπλῶς
734 3414 801 3481 τῇ
824 3409 1038 3480 ἐξουσία
1059 3411 1272 3480 χρᾶται,
1293 3410 1386 3460 καὶ
1409 3409 1634 3471 ἐκείνοις
1664 3409 1796 3479 πρὸς
1813 3411 1972 3480 χάριν
2002 3414 2167 3463 ποιεῖ·

521 3501 582 3552 οὐ
623 3498 728 3568 γάρ
759 3498 916 3550 τοῦτο
940 3495 1142 3567 ἐζήτει,
1185 3497 1331 3559 ὅπως
1359 3495 1580 3559 δικαίως
1627 3514 1678 3550 τι
1727 3497 2006 3566 πράξειεν,
2056 3499 2168 3552 ἀλλ’

522 3589 668 3649 ὅπως
688 3583 913 3637 παύσειε
962 3584 1053 3636 τὸν
1095 3583 1316 3636 ἐκείνων
1359 3583 1526 3652 θυμὸν
1581 3583 1766 3636 ἄδικον
1816 3584 1944 3638 ὂντα
1994 3586 2165 3658 [359].

531 3674 627 3738 Ὠς
650 3671 716 3724 δὲ
744 3671 1129 3739 προσέτεινον
1143 3671 1326 3724 αὑτὸν
1347 3671 1464 3734 τοῖς
1486 3667 1711 3738 ἱμᾶσιν,
1733 3667 1863 3725 εἷπε
1884 3675 2031 3741 πρὸς
2064 3673 2171 3726 τὸν

519 3757 745 3813 ἑστῶτα
801 3758 1255 3826 ἑκατόνταρχον·
1300 3760 1366 3810 El
1415 3757 1724 3824 ἄνθρωπον
1766 3759 2044 3828 Ῥωμαῖον
2070 3761 2166 3814 καί

518 3847 911 3914 ἀκατάκριτον
939 3847 1180 3910 ἔξεστιν
1213 3845 1351 3914 ὑμῖν
1366 3844 1710 3912 μαστίζεινς
1750 3847 1862 3898 Οὐκ
1902 3847 2170 3915 ἐψεύσατο

519 3934 750 3996 Παῦλος,
782 3933 856 4004 μὴ
886 3934 1116 4000 γένοιτο,
1169 3932 1429 4000 Ῥωμαῖον
1454 3930 1644 3984 ἑαυτὸν
1667 3930 1855 3984 είπών·
1901 3932 2168 4003 Ῥωμαῖος

517 4020 625 4089 γὰρ
644 4016 729 4090 ἦν·
764 4019 845 4072 διὸ
872 4020 964 4072 καὶ
981 4021 1008 4071 6
1027 4018 1296 4088 χιλίαρχος
1319 4017 1554 4079 ἀκούσας
1588 4016 1850 4084 φοϐεῖται.
1878 4020 1985 4071 Καὶ
2001 4020 2164 4084 τίνος,

518 4109 702 4178 φησὶν,
728 4107 910 4159 ἕνεκεν
930 4103 1170 4174 ἐφοϐήθη
1191 4123 1206 4169 ;
1227 4107 1291 4158 El
1308 4105 1547 4167 ἔξεστιν
1574 4104 1714 4173 ὑμῖν
1739 4105 1943 4176 ἕτερον,
1964 4106 2167 4160 ἔδεισεν

518 4198 606 4257 ἂν,
635 4194 711 4264 μὴ
743 4191 852 4261 ἁλῷ
885 4191 976 4244 καὶ
1002 4189 1220 4259 μείζονα
1255 4189 1407 4256 δίκην
1585 4190 1694 4243 Καὶ
1728 4191 1958 4260 ὃρα,ούχ
1981 4192 2166 4256 ἁπλῶς

520 4296 701 4349 φησιν,
728 4278 863 4341 ἀλλ’,
897 4278 958 4329 Εἰ
990 4277 1198 4340 ἔξεστιν
1221 4278 1378 4345 ὑμῖν;
1407 4277 1508 4328 Δύο
1527 4277 1595 4329 τά
1625 4277 1965 4345 ἐγκλήματα,
1994 4280 2084 4330 καὶ
2105 4282 2166 4332 τὸ

519 4372 644 4423 ἄνευ
673 4366 852 4432 λόγου,
888 4366 981 4417 καὶ
1013 4363 1072 4416 τὸ
1086 4362 1352 4432 Ῥωμαῖον
1367 4364 1512 4416 ὄντα.
1536 4363 1790 4431 Μεγάλην
1805 4358 1948 4432 εἶχον
1962 4365 2164 4435 ταύτην

516 4455 636 4507 τότε
691 4451 989 4524 προνομίαν
1028 4452 1077 4502 οἱ
1119 4449 1422 4518 ἀξιούμενοι
1473 4448 1613 4500 οῦτω
1647 4448 1947 4502 καλεῖσθαι·
1972 4452 2065 4502 καὶ
2103 4453 2164 4504 ού

517 4541 716 4603 πάντες
761 4541 948 4594 τούτου
1001 4537 1316 4606 ἐτύγχανον·
1369 4538 1474 4589 ἀπὸ
1527 4537 1633 4606 γάρ
1697 4536 1977 4607 Ἀδριανοῦ
2033 4554 2163 4606 φασι

517 4628 724 4690 πάντας
773 4625 1077 4695 Ῥωμαίους
1141 4623 1526 4693 ὀνομασθῆναι,
1587 4623 1646 4674 τὸ
1690 4622 1744 4675 δὲ
1797 4625 2021 4678 παλαιὸν
2065 4627 2162 4696 οὐχ

515 4714 682 4777 οὕτως
714 4709 801 4784 ἦν.
837 4714 906 4767 Ἣ
935 4713 1027 4768 καὶ
1065 4711 1330 4781 Ῥωμαῖον
1372 4710 1561 4764 ἐαυτὸν
1598 4706 1770 4774 εἶπεν,
1810 4711 1896 4764 ἵνα
1928 4711 2161 4783 διαφύγῃ

513 4801 611 4871 τὴν
639 4800 922 4869 τιμωρίαν·
957 4799 1425 4868 εὐκαταφρόνητος
1455 4797 1561 4867 γάρ
1593 4798 1658 4850 ἂν
1717 4799 1932 4866 ἐγένετο
1965 4817 2161 4870 μαστι·

515 4887 661 4957 χθείς
685 4903 696 4915 ·
731 4884 822 4938 νῦν
845 4885 901 4937 δέ
925 4884 1085 4938 τοῦτο
1119 4884 1308 4948 εἰπὼν,
1334 4885 1412 4945 είς
1436 4885 1654 4936 πλείονα
1682 4885 1876 4948 αὐτοὺς
1903 4887 1926 4937 ἐ
1936 4887 2160 4956 μϐάλλει

513 4973 697 5042 φόϐον.
725 4973 787 5026 El
820 4973 875 5025 δὲ
902 4972 1215 5043 ἐμάστιξαν,
1234 4972 1326 5024 καὶ
1356 4969 1700 5041 παρέτρεψαν
1730 4971 1793 5024 ἂν
1824 4972 1881 5024 τὸ
1910 4975 2158 5044 πρᾶγμα,

512 5061 544 5131 ἢ
571 5061 662 5113 καὶ
686 5060 1012 5114 ἀπέκτειναν
1040 5059 1218 5116 αὐτόν·
1252 5059 1345 5110 νῦν
1379 5059 1434 5111 δὲ
1463 5058 1560 5127 οὐχ
1593 5058 1734 5110 οὕτω
1758 5061 1984 5126 γίνεται.
2023 5063 2160 5131 Ὅρα

513 5150 629 5213 πῶς
651 5151 678 5201 6
704 5149 838 5214 Θεὸς
882 5153 1150 5220 συγχωρεῖ
1182 5148 1275 5202 καὶ
1313 5148 1663 5218 ἀνθρωπίνως
1692 5147 1855 5201 πολλά
1887 5149 2157 5216 γενέσθαι,

514 5237 603 5289 καὶ
637 5237 721 5289 ἐπ’
748 5236 924 5289 αὐτῶν
953 5235 1170 5288 καὶτῶν
1192 5235 1412 5289 λοιπῶν.
1459 5236 1515 5288 Ὀ
1539 5235 1592 5287 δὲ
1629 5235 1905 5304 χιλίαρχος
1931 5239 2161 5306 ἀποκριο

513 5324 644 5385 θεὶς,
669 5323 748 5376 ὃτι
777 5322 1018 5377 Πολλοῦ
1051 5323 1380 5390 κεφαλαίου
1436 5322 1544 5388 τὴν
1604 5323 1910 5374 πολιτείαν
1937 5325 2161 5390 ταύτην

509 5409 878 5476 ἐκτησάμην,
912 5409 1184 5462 δείκνυσιν
1220 5407 1554 5462 ὑποπτεῦσαι
1595 5408 1861 5477 πρόφασιν
1909 5405 2048 5462 εἶναι
2100 5414 2160 5464 τὸ

511 5502 683 5552 εἰπεῖν
717 5498 906 5550 ἐαυτὸν
961 5497 1227 5567 Ῥωμαῖον
1276 5497 1366 5549 τὸν
1407 5495 1633 5548 Παῦλον·
1686 5497 1777 5548 καὶ
1826 5497 1956 5561 ἴσως
2005 5499 2158 5551 τοῦτο

511 5583 778 5638 ὑπέλαϐεν
814 5585 926 5637 ἀπὸ
971 5585 1066 5655 τῆς
1098 5584 1373 5654 λιτότητος
1409 5583 1616 5638 Παύλου
1667 5583 1764 5653 τῆς
1811 5587 2153 5657 φαινομένης.

523 5675 814 5737 Ἀκούσας
854 5671 921 5725 δὲ
973 5675 1006 5725 ό
1058 5673 1502 5739 ἑκατόνταρχος,
1550 5670 1897 5737 προσελθὼν
1938 5672 2017 5737 τῷ
2073 5693 2156 5742 χιο

572 5839 597 5865 ⁸
625 5838 714 5884 Καὶ
735 5838 820 5883 οὐκ
855 5836 1058 5884 ἐλαύνων
1110 5837 1252 5884 deest
1281 5837 1329 5884 in
1378 5835 1676 5897 quibusdam.
1745 5836 1772 5874 δ
1797 5837 1948 5893 Unus,
1975 5837 2151 5897 ἐμπλη-

512 5899 742 6021 iuvarem
778 5901 805 6007 ἱ
832 5897 917 5948 Hic
957 5898 1174 5960 quaedam
1217 5899 1417 5946 deerant
1439 5898 1486 5947 iu
1514 5897 1706 5959 Morel.,
1740 5912 1849 5960 qua
1872 5911 1933 5948 ex
1960 5903 2152 5948 celeris

541 5973 602 6020 up
750 5973 776 6007 u
808 5995 817 6006 .

1289 447 1345 503 S.
1376 443 1655 503 JOANNIS
1687 433 2176 505 CHRYSOSTOMI
2219 439 2531 495 ARCIHEP.
2563 432 3110 492 (ZONSTANTINOP.

3831 429 3937 484 356

2274 555 2498 623 λιάρχῳ
2527 552 2874 622 ἀπήγγειλε,
2910 553 3121 622 λέγων·
3160 551 3305 618 Ὅρα
3333 548 3390 599 τί
3435 544 3681 614 μέλλεις
3713 544 3932 598 ποιεῖν·

2272 645 2306 694 ό
2333 641 2439 711 γὰρ
2469 640 2777 707 ἅνθρωπος
2831 635 3008 704 οὗτος
3052 635 3325 704 Ῥωμαῖός
3359 634 3507 686 ἐστι.
3569 631 3936 699 Προσελθὼν

2268 727 2335 781 δὲ
2367 731 2398 781 ό
2418 729 2730 796 χιλίαρχος
2746 723 2916 780 εἶπεν
2951 724 3130 788 αὐτῷ·
3152 722 3426 792 Λέγε-μοι.
3452 723 3503 773 εί
3532 719 3612 772 σὺ
3650 717 3934 786 Ῥωμαῖος

2268 809 2356 879 el;
2399 815 2461 867 '0
2525 813 2590 866 δέ
2639 813 2776 880 ἔφη·
2825 811 2958 866 Ναί.
3001 810 3360 877 Ἀπεκρίθηό
3394 806 3722 874 χιλίαρχος·
3789 802 3936 871 Ἐγὼ

2269 901 2501 956 πολλοῦ
2540 900 2867 969 κεφαλαίου
2899 898 3015 965 τὴν
3039 896 3349 950 πολιτείαν
3403 895 3626 956 ταύτην
3669 891 3934 956 eum-vd-

2265 1002 2408 1054 μην.
2453 985 2504 1034 '0
2539 983 2607 1036 δέ
2624 982 3099 1051 Παῦλός-φησιν·
3160 980 3307 1047 Ἐγὼ
3331 977 3399 1031 δὲ
3427 979 3519 1031 καί
3550 976 3928 1046 γεγέννημαι.

2271 1071 2502 1136 Εὐθέως
2529 1070 2597 1123 δὲ
2623 1068 2980 1132 ἀπέστησαν
3023 1067 3124 1120 ἀπ’
3148 1065 3333 1120 αὐτοῦ
3365 1068 3418 1118 οἱ
3452 1064 3786 1132 μέλλοντες
3831 1063 3934 1116 ἁν-

2268 1154 2493 1219 ετὰζειν
2516 1157 2721 1212 αὐτόν.
2746 1157 2850 1210 Καὶ
2875 1160 2906 1210 ό
2925 1157 3235 1225 χιλίαρχος
3262 1151 3597 1220 δὲέφοόήθη
3621 1148 3930 1219 ἐπιγνοὺς,

2270 1245 2358 1298 ὅτι
2395 1245 2673 1313 Ῥωμαῖός
2699 1246 2850 1308 ἐστι,
2876 1244 2970 1296 καὶ
3021 1242 3106 1296 ὅτι
3136 1238 3212 1312 ἦν
3238 1241 3423 1295 αὑτὸν
3468 1238 3745 1303 δεδεκώς.
3788 1237 3934 1306 Ἐγὼ

2270 1333 2626 1403 δέ,φησὶ,καὶ
2651 1333 3179 1402 γεγέννημαι.“Δρα
3201 1333 3294 1384 καὶ
3324 1329 3524 1400 πατρὸς
3552 1325 3929 1396 ἧνῬωμαίου.

2271 1420 2335 1472 Τί
2377 1415 2468 1472 οὖν
2524 1421 2631 1482 ἀπὸ
2676 1419 2870 1474 τούτου
2916 1419 3158 1486 γίνεται;
3201 1416 3379 1479 Λύσας
3417 1417 3729 1484 κατήγαγεν
3770 1414 3933 1466 αὑτὸν

2271 1507 2406 1578 πρὸς
2429 1506 2553 1568 τοὺς
2588 1506 2892 1568 Ἰουδαίους.
2951 1503 3137 1566 Οῦτως
3178 1504 3276 1556 οὐκ
3310 1499 3376 1573 ἦν
3418 1501 3610 1571 ψεῦδος
3653 1503 3716 1554 τὸ
3756 1504 3931 1554 εἰπεῖν

2270 1593 2458 1646 ἐαυτὸν
2495 1595 2783 1663 Ῥωμαῖον,
2809 1593 2888 1646 ὅτι
2919 1592 3010 1645 καὶ
3039 1589 3296 1644 ἀπώνατο
3325 1591 3417 1642 ἀπ’
3449 1589 3612 1642 αὑτοῦ
3635 1589 3820 1652 λυθεὶς
3843 1589 3932 1641 τοῦ

2270 1680 2488 1751 δεσμοῦ·
2524 1682 2617 1735 καὶ
2650 1680 2785 1744 πῶς,
2817 1680 3004 1733 ἄκουε·
3058 1676 3133 1746 Τῇ
3163 1677 3229 1730 δέ
3256 1677 3540 1744 ἐπαύριον
3553 1676 3933 1744 ,βουλόμενος

2272 1769 2490 1839 γνῶναι
2537 1768 2602 1821 τὸ
2651 1768 2947 1837 ἀσφαλὲς,
3004 1765 3068 1820 τὸ
3125 1767 3180 1818 τί
3223 1765 3628 1832 κατηγορεῖται
3661 1765 3784 1817 ὑπὸ
3821 1762 3931 1815 τῶν

2285 1857 2389 1910 ἰοι
2407 1855 2604 1921 δαίων,
2637 1855 2863 1908 έλυσεν
2888 1853 3095 1918 αὐτὸν,
3142 1852 3238 1906 καὶ
3285 1852 3571 1906 ἐκέλευσε
3609 1850 3933 1906 συνελθεῖν

2273 1941 2412 2007 τοὺς
2437 1943 2725 2010 ἀρχιερεῖς
2764 1941 2863 1994 καί
2909 1939 3031 1994 πᾶν
3064 1941 3128 1993 τὸ
3156 1939 3496 2007 συνέδριον·
3541 1939 3638 1990 καὶ
3682 1955 3932 2007 κατατα-

2273 2022 2392 2091 τὼν
2428 2025 2530 2077 τὸν
2559 2023 2822 2088 Παῦλον,
2851 2024 3113 2088 ἔστησεν
3147 2025 3231 2089 είς
3252 2024 3490 2089 αὐτούς.
3535 2024 3846 2087 Ἀτενίσας
3869 2021 3933 2072 δὲ

2273 2110 2508 2175 Παῦλος
2547 2109 2626 2175 τῷ
2653 2110 2948 2178 συνεδρίῳ
2975 2105 3160 2163 εἶπεν.
3199 2109 3398 2162 οὐκέτι
3426 2110 3559 2179 πρὸς
3598 2109 3689 2161 τὸν
3722 2109 3932 2179 χιλίαρ-

2273 2215 2386 2267 χον,
2421 2198 2556 2250 ἀλλά
2607 2199 2740 2268 πρὸς
2784 2197 2845 2251 τὸ
2873 2197 3073 2268 πλῆθος
3105 2197 3199 2250 καὶ
3227 2198 3317 2250 τὸν
3346 2197 3517 2266 δῆμον
3550 2197 3728 2249 πάντα
3756 2196 3931 2248 διαλέ-

2272 2303 2441 2355 γεται.
2470 2287 2577 2340 Καὶ
2593 2287 2644 2338 τί
2672 2303 2867 2355 φησιν;
2901 2285 3138 2351 ΙἌνδρες
3160 2283 3428 2352 ἀδελφοὶ,
3455 2284 3566 2352 ἐγὼ
3583 2281 3751 2351 πάσῃ
3787 2298 3932 2335 συν-

2271 2375 2499 2442 ειόήσει
2571 2373 2764 2444 ἁγαθῇ
2794 2373 3218 2439 πεπολίτευμαι
3242 2369 3320 2435 τῷ
3349 2369 3466 2434 Θεῷ
3525 2369 3661 2438 ἄχρι
3714 2370 3931 2433 ταύτης

2272 2460 2380 2529 τῆς
2411 2462 2655 2530 ἡμέρας.
2698 2463 2760 2515 ’Ὀ
2791 2460 2960 2528 λέγει,
2984 2459 3140 2511 τοῦτό
3171 2461 3337 2511 ἐστιν·
3359 2459 3431 2510 Ού
3460 2457 3675 2509 σύνοιδα
3710 2457 3932 2527 ἐμαυτῷ

2271 2565 2322 2601 τι
2358 2547 2634 2617 ἠδικηκὼς
2661 2549 2824 2618 ὑμᾶς.
2849 2546 2970 2599 ούδέ
2995 2545 3142 2610 ἀξιον
3165 2545 3271 2597 τῶν
3293 2544 3508 2614 δεσμῶν
3527 2544 3735 2597 τούτων
3770 2546 3932 2615 πράτ-

2271 2652 2398 2688 των.
2435 2635 2501 2687 Τί
2532 2630 2623 2687 οὖν
2652 2637 2680 2686 6
2711 2634 3000 2704 ἀρχιερεύς
3025 2651 3038 2698 ;
3070 2634 3195 2685 Δέον
3224 2631 3589 2701 κατανυγῆναι
3631 2633 3718 2699 ἐφ’
3747 2627 3828 2695 οἷς
3855 2635 3931 2693 εἰς

2273 2722 2431 2793 χάριν
2466 2721 2644 2774 αὐτῶν
2671 2721 2872 2782 ἀδίκως
2897 2719 3128 2781 ἐδέδετο,
3174 2721 3201 2773 6
3251 2720 3304 2772 δὲ
3348 2720 3442 2771 καὶ
3489 2720 3928 2789 προσεπιτίθησι,

2273 2809 2365 2860 καὶ
2386 2807 2596 2860 κελεύει
2629 2805 2924 2859 τύπτεσθαι
2947 2806 3126 2859 αὐτόν·
3157 2806 3184 2858 6
3207 2809 3300 2859 καὶ
3322 2806 3477 2875 δῆλον
3501 2805 3560 2869 ἐξ
3589 2800 3664 2858 ῶν
3715 2807 3932 2876 ὑπήγα-

2271 2910 2384 2960 γεν.
2431 2893 2492 2946 '0
2528 2892 2596 2945 δέ
2651 2893 2964 2960 ἀρχιερεὺς
3040 2892 3316 2957 Ἀνανίας
3369 2892 3496 2959 τοῖς
3547 2893 3934 2960 παρεστῶσιν

2270 2979 2458 3033 αὐτὸν
2489 2979 2739 3043 ἐπέταξε
2787 2980 3034 3032 τύπτειν
3071 2979 3257 3032 αὑτοῦ
3303 2979 3366 3032 τὸ
3419 2981 3629 3049 στόμα.
3662 2980 3816 3033 Καλὶ
3849 2998 3929 3049 γε·

2271 3065 2517 3136 ἐπιεικὴς
2547 3069 2575 3120 6
2593 3068 2897 3136 ἀρχιερεύς.
2933 3068 3068 3119 Τότε
3094 3069 3126 3119 ό
3143 3065 3382 3131 Παῦλος
3398 3068 3545 3135 πρὸς
3569 3069 3760 3121 αὐτὸν
3779 3065 3930 3122 εἶπε·

2276 3153 2424 3226 [360]
2458 3156 2706 3208 Τύπτειν
2728 3169 2802 3206 σε
2825 3153 3036 3221 μέλλει
3056 3157 3088 3208 ό
3120 3155 3283 3219 θεὸς,
3320 3155 3482 3224 τοῖχε
3521 3157 3929 3222 κεκονιαμένε.

2272 3241 2378 3293 Καὶ
2408 3239 2488 3292 σὺ
2521 3239 2672 3308 κάθῃ
2699 3239 2916 3306 κρίνων
2947 3256 3017 3307 με
3039 3241 3189 3294 κατὰ
3227 3241 3332 3295 τὸν
3359 3245 3566 3310 νόμον,
3613 3243 3711 3296 καὶ
3741 3260 3933 3310 παρα-

2271 3325 2472 3391 νομῶν
2503 3326 2764 3391 κελεύεις
2814 3341 2891 3392 με
2940 3327 3296 3392 τύπτεσθαι;
3347 3332 3411 3381 οι
3454 3327 3522 3380 δέ
3551 3328 3933 3395 παρεστῶτες

2271 3409 2464 3466 εἶπον·
2498 3413 2607 3465 Τὸν
2623 3409 2896 3479 ἀρχιερέα
2925 3412 3031 3466 τοῦ
3061 3413 3208 3467 θεοῦ
3265 3413 3589 3480 λοιδορεῖς;
3617 3416 3774 3483 Ἔφη
3815 3432 3878 3468 τε
3902 3421 3935 3470 d

2271 3500 2528 3564 Παῦλος·
2562 3500 2681 3551 Οὐκ
2718 3497 2910 3565 ᾔδειν,
2942 3497 3213 3567 ἀδελφοὶ,
3265 3500 3354 3553 ὅτι
3385 3501 3557 3554 ἐστίν
3597 3502 3931 3570 ἀρχιερεύς·

2271 3587 2591 3656 γέγραπται
2627 3583 2758 3653 γάρ·
2798 3585 3094 3651 ’Ἄρχοντα
3132 3586 3239 3641 τοῦ
3268 3587 3420 3642 λαοῦ
3464 3602 3581 3641 σου
3631 3591 3744 3642 οὐκ
3779 3589 3938 3656 ἐρεῖς

2270 3672 2481 3737 κακῶς.

2344 3760 2409 3830 β’.
2432 3760 2590 3823 Τινὲς
2612 3761 2710 3830 μὲν
2739 3758 2831 3815 οὖν
2852 3780 3033 3831 φασιν,
3065 3764 3145 3816 ὅτι
3166 3761 3322 3825 είδὼς
3341 3765 3708 3834 εἰρωνεύεται·
3732 3765 3858 3834 ἐμοὶ
3877 3765 3936 3817 δὲ

2267 3844 2430 3907 δοκεῖ,
2447 3844 2525 3896 ὅτι
2542 3845 2662 3898 οὐδὲ
2679 3845 2813 3910 ὅλως
2833 3847 2968 3916 ᾔδει,
2983 3848 3063 3900 ὅτι
3080 3848 3226 3900 ἐστὶν
3243 3849 3552 3918 ἀρχιερεύς·
3570 3845 3604 3919 ἦ
3625 3849 3735 3919 γάρ
3753 3851 3816 3903 ἂν
3842 3850 3938 3901 καὶ

2268 3931 2515 4002 ἐτίμησε·
2548 3931 2628 3984 διὸ
2654 3934 2742 3987 καὶ
2771 3935 3113 4002 ἀπολογεῖται
3141 3935 3216 3998 ὼς
3242 3939 3575 4008 κατηγορίας
3604 3937 3772 4010 οῦσης
3794 3979 3808 4002 ,
3841 3939 3936 3990 καὶ

2268 4018 2481 4085 ἐπάγει·
2492 4019 2786 4086 ’Ἄρχοντα
2805 4021 2907 4075 τοῦ
2919 4020 3071 4074 λαοῦ
3083 4035 3200 4075 σου
3210 4024 3320 4076 οὐκ
3334 4023 3488 4091 ἐρεῖς
3497 4025 3714 4090 κακῶς.
3731 4026 3795 4078 Τί
3815 4021 3933 4090 οῦνς

2267 4106 2432 4173 φησίν
2455 4123 2466 4134 ·
2493 4105 2540 4157 εἰ
2569 4105 2677 4176 γάρ
2710 4105 2784 4176 μὴ
2811 4106 2991 4176 ἀρχων
3016 4103 3104 4178 ἦν,
3125 4107 3286 4161 ἀλλον
3316 4109 3500 4173 ἁπλῶς
3527 4111 3772 4180 ὑϐρίζειν
3801 4111 3932 4174 ἐδει;

2267 4189 2550 4258 Οὐδαμῶς.
2575 4191 2710 4244 ἀλλά
2735 4193 2827 4244 καὶ
2851 4191 3204 4262 ὑϐριζόμενον
3227 4195 3424 4264 μᾶλλον
3451 4196 3716 4263 ἐνεγκεῖν.
3747 4197 3934 4261 Ἀξιον

2264 4275 2318 4328 δέ
2343 4277 2594 4346 ζητῆσαι,
2621 4277 2736 4340 πῶς
2769 4278 3000 4348 ἀλλαχοῦ
3026 4281 3053 4331 6
3081 4279 3240 4343 αὐτὸς
3261 4280 3454 4349 λέγων,
3479 4283 3933 4352 Λοιόορούμενοι

2263 4363 2648 4432 εὐλογοῦμεν,
2685 4364 3027 4433 διωκόμενοι
3059 4367 3410 4436 ἀνεχόμεθα,
3446 4367 3676 4422 ἐνταῦθα
3705 4372 3931 4423 τούνανο

2264 4450 2377 4502 τίον
2406 4454 2548 4503 ποιεῖ
2566 4450 2615 4516 ἀ,
2647 4453 2741 4504 καὶ⁵
2771 4452 2831 4505 ού
2858 4451 3177 4523 λοιδορεῖται
3205 4455 3383 4522 μόνον,
3418 4453 3552 4507 ἀλλά
3589 4456 3684 4508 καὶ
3719 4459 3930 4526 ἐπαρᾶο

2263 4553 2386 4603 ταις
2423 4539 2633 4606 Ἀπαγε
2656 4579 2672 4605 ,
2725 4538 3001 4608 οὐδέτερον
3035 4539 3240 4594 τούτων
3287 4539 3534 4608 φαίνεται
3572 4543 3927 4611 πεποιηκώς·

2265 4623 2400 4676 ἀλλά
2420 4622 2496 4692 τῷ
2525 4623 2764 4692 ἀκριϐῶς
2803 4624 3092 4677 σκοποῦντι
3135 4625 3445 4696 παρρησίας
3480 4626 3682 4696 μᾶλλόν
3714 4631 3830 4681 ἐστι
3860 4632 3927 4683 τὰ

2266 4711 2487 4781 ῥήματα
2508 4713 2539 4781 ἢ
2561 4713 2753 4782 θυμοῦ·
2779 4711 2952 4773 ἄλλως
2974 4711 3029 4763 δέ
3058 4713 3157 4764 οὐκ
3181 4712 3430 4765 ἐϐούλετο
3449 4713 3926 4786 εὐκαταφρόνητος

2263 4797 2495 4866 φανῆναι
2537 4798 2612 4868 τῷ
2637 4799 2920 4869 χιλιάρχῳ.
2956 4798 3016 4850 El
3046 4797 3154 4868 γάρ
3184 4797 3345 4862 αὐτὸς
3375 4799 3475 4869 μὲν
3525 4801 3784 4868 ἐφείσατο
3819 4822 3922 4873 μα·

2264 4884 2439 4948 στίξαι
2469 4886 2541 4948 ὡς
2562 4885 2624 4955 δὴ
2646 4889 2756 4947 τοῖς
2797 4884 3072 4947 Ἰουδαίοις
3096 4885 3392 4939 ἐκδίδοσθαι
3421 4886 3706 4956 μέλλοντα,
3729 4890 3791 4942 τὸ
3819 4892 3924 4943 ὑπὸ

2262 4971 2366 5024 τῶν
2391 4971 2612 5024 οἰκετῶν
2644 4969 2973 5035 τύπτεσθαι,
3010 4970 3204 5040 μᾶλλον
3238 4971 3303 5025 ἂν
3340 4972 3544 5026 ἐκεῖνον
3584 4973 3924 5044 θρασύτερον

2263 5059 2584 5127 εἰργάσατο·
2617 5058 2703 5110 διὰ
2739 5057 2897 5110 τοῦτο
2930 5057 3047 5109 οὐδὲ
3079 5058 3211 5130 πρὸς
3243 5057 3333 5111 τὸν
3367 5059 3531 5111 παῖδα
3555 5061 3919 5126 ἀποτείνεται,

2260 5143 2395 5196 ἀλλά
2424 5144 2558 5214 πρὸς
2585 5143 2747 5196 αὑτὸν
2775 5143 2863 5195 τὸν
2897 5143 3245 5209 ἐπιτάξαντα,
3279 5143 3437 5196 τοῦτο
3471 5149 3918 5211 κατασκευάζων.

2261 5231 2332 5283 Τδ
2381 5231 2458 5296 δέ,
2513 5230 2676 5297 Τοῖχε
2709 5229 3111 5300 κεκονιαμένε,
3158 5229 3255 5284 καί
3293 5230 3374 5283 σὺ
3408 5229 3558 5298 κάθῃ
3593 5233 3816 5300 κρίνων
3843 5255 3921 5306 με

2260 5319 2406 5371 κατὰ
2437 5319 2541 5370 τὸν
2580 5322 2787 5386 νόμον,
2821 5311 2963 5382 εἷπε,
3013 5317 3293 5388 μονονουχὶ
3339 5315 3494 5369 τοῦτο
3526 5318 3675 5389 αὐτῷ
3720 5321 3915 5390 λέγων·

2268 5405 2597 5468 ’Υπεύθυνος
2625 5405 2700 5458 ὢν
2747 5406 2840 5458 καὶ
2889 5407 3095 5476 μυρίων
3137 5402 3360 5474 πληγῶν
3399 5403 3562 5470 ἄξιος.
3604 5408 3748 5478 Ὅρα
3790 5411 3921 5468 γοῦν

2259 5493 2373 5556 πῶς
2397 5493 2561 5546 αὑτοῦ
2593 5493 3009 5563 κατεπλάγησαν
3040 5493 3138 5562 τὴν
3169 5490 3477 5562 παρρησίαν
3502 5494 3530 5545 6
3557 5492 3749 5562 δῆμος.
3785 5497 3919 5552 Δέον

2257 5582 2364 5650 γὰρ
2397 5580 2695 5650 ἀνατρέψαι
2733 5580 2794 5632 τὸ
2832 5582 2957 5642 πᾶν,
3003 5577 3319 5648 παροινοῦσι
3347 5589 3370 5616 ε
3401 5578 3616 5649 μᾶλλον.
3650 5582 3828 5646 Δὺτδς
3858 5585 3918 5638 δὲ

2258 5670 2350 5722 καὶ
2388 5669 2476 5720 τὸν
2503 5667 2666 5736 νόμον
2706 5667 3175 5734 ὑπαναγινώσκει,
3202 5665 3388 5736 ἐπειδὴ
3428 5665 3675 5735 βούλεται
3717 5668 3915 5735 δεῖξαι,

2255 5758 2334 5809 ὅτι
2361 5756 2420 5808 ού
2445 5756 2530 5809 διὰ
2549 5755 2608 5807 τὸ
2631 5755 2949 5826 φοϐηθῆναι,
2975 5754 3094 5806 οὐδὲ
3119 5753 3207 5806 διὰ
3229 5753 3290 5806 τὸ
3317 5753 3390 5824 μὴ
3411 5753 3558 5817 ἀξιον
3581 5748 3720 5808 εἶναι
3745 5757 3914 5812 ἀκοῦ-

2317 5899 2341 5938 ἀ
2368 5901 2500 5950 Ποεετ
2537 5900 2679 5950 deest
2714 5902 2762 5948 ill
2824 5912 2917 5949 uno
2953 5900 3056 5948 cod.

2257 5962 2404 6010 ἰοῦσι.

3148 5912 3167 5938 ι·
3195 5897 3345 5947 Βθκίι.
3372 5905 3422 5948 el
3451 5909 3576 5947 unus
3609 5898 3716 5947 cod.
3738 5915 3897 5962 παρα-
