4076 6520
228 505 334 561 333

225 620 514 676 elationem
560 619 710 667 erant
745 607 1136 678 proplietizans,
1165 616 1263 654 nec
1297 614 1357 653 ea
1393 611 1510 668 qua:
1556 606 1682 650 tunc
1723 589 1814 645 iic-

225 715 354 769 bant
378 705 689 778 respiciens,
716 703 806 758 sed
828 701 999 756 futura
1023 692 1343 766 prmvidens.
1363 687 1640 759 Quomodo
1661 686 1817 778 igitur

223 804 376 868 dicit,
415 776 598 856 Garum
623 795 849 868 gentibus
877 800 921 845 et
952 789 1153 859 regibus
1176 795 1221 841 et
1250 786 1370 855 ﬁliis
1401 782 1564 837 Israel
1598 776 1814 851 portabit

224 911 406 950 nomen
437 890 640 946 meum?
671 884 924 949 Portabit,
958 880 1148 949 inquit,
1197 893 1294 932 nec
1338 875 1556 931 omnino
1594 882 1815 941 persua-

221 985 372 1040 ds-bit
412 1003 425 1038 ε
470 978 704 1047 alioquin
757 989 885 1029 vero
936 971 1103 1026 Judaei
1151 969 1275 1023 alibi
1337 963 1811 1035 persnadcbantur,

225 1078 313 1130 hic
347 1089 476 1129 vero
504 1071 741 1126 minime.
787 1067 916 1120 Cum
956 1059 1278 1132 oportuisset
1319 1055 1549 1110 maxime
1594 1063 1847 1124 person:

228 1167 369 1232 deri,
418 1163 658 1218 videntes
702 1159 818 1228 ejus
855 1155 1134 1226 pristinum
1178 1151 1469 1212 fervorem,
1528 1154 1652 1198 tunc
1703 1156 1806 1195 non

225 1254 710 1329 pt-rsuadcbantur.
744 1248 812 1302 Et
853 1263 965 1301 cum
1005 1243 1303 1313 funderetur
1330 1237 1536 1309 sanguis
1565 1233 1813 1304 Stephani

229 1327 363 1402 testis
410 1345 503 1411 tui,
553 1359 644 1414 ego
688 1339 971 1402 adstabant,
1017 1344 1061 1389 et
1107 1330 1474 1387 consentiebant
1522 1327 1633 1380 neci
1682 1328 1810 1395 ejus.

227 1440 359 1494 Vide
412 1450 624 1491 rursum
670 1445 776 1500 quo
821 1441 999 1484 sermo
1048 1424 1277 1490 desinat,
1325 1435 1520 1490 nempe
1579 1418 1631 1472 in
1677 1417 1810 1470 vali-

218 1533 349 1586 dum
393 1535 574 1598 caput.
623 1524 740 1594 Ipse
769 1522 910 1577 enim
943 1530 1059 1574 erat
1105 1517 1195 1587 qui
1246 1512 1686 1586 persequebatur,
1717 1525 1816 1564 nec.

223 1620 644 1692 persequebatur
674 1614 854 1680 modo,
889 1611 982 1666 sed
1004 1619 1059 1665 et
1082 1607 1233 1664 mille
1263 1605 1509 1660 manibus
1534 1601 1814 1657 occidebat

219 1713 577 1784 Stephanum.
618 1707 846 1765 Gravetn
897 1703 1099 1758 czedem
1146 1700 1254 1755 illis
1283 1700 1336 1753 in
1377 1697 1689 1752 memoriam
1727 1709 1813 1749 re-

223 1814 398 1860 vocat.
431 1802 582 1856 Tunc
620 1813 746 1853 vero
775 1795 992 1850 minime
1022 1791 1284 1858 ferebant,
1341 1789 1463 1859 quia
1500 1787 1599 1841 hoc
1627 1785 1811 1841 redar-

221 1895 422 1965 gnebat
450 1893 569 1946 illos
595 1908 609 1956 ;
640 1900 693 1944 et
717 1889 830 1959 jam
860 1884 1139 1955 prophetia
1170 1882 1516 1952 implebatur.
1542 1879 1695 1934 Zelus
1719 1880 1815 1948 igi-

214 1994 308 2039 tur
355 1996 600 2052 magnus,
648 1990 703 2034 et
741 1977 1015 2032 accusatio
1057 1973 1350 2029 vehemens
1399 1979 1536 2037 erat,
1561 1979 1614 2026 et
1651 1979 1812 2023 testes

222 2075 464 2130 veritatis
495 2071 693 2129 Christi
721 2070 947 2124 lidenter
970 2065 1342 2136 loquebantur.
1373 2061 1478 2117 Sed
1506 2061 1672 2117 Judaei
1708 2076 1810 2114 non

223 2168 466 2222 tulerunt
486 2165 742 2231 deinceps
774 2170 938 2214 totam
969 2158 1153 2213 audire
1178 2156 1513 2219 concionem,
1545 2171 1606 2209 ac
1633 2154 1812 2209 furore

221 2258 463 2315 succensi
495 2256 817 2312 clamabant.
839 2253 928 2308 2t.
959 2252 1026 2305 Et
1068 2251 1196 2304 dixit
1227 2251 1292 2303 ad
1330 2267 1407 2303 me
1435 2270 1452 2303 :
1494 2248 1650 2316 Vade,
1696 2249 1815 2318 quia

221 2369 311 2421 rgo
351 2350 419 2403 ad
461 2358 630 2419 gentes
657 2345 834 2416 procul
866 2345 1058 2402 mittam
1086 2353 1149 2396 te.
1181 2343 1270 2395 22.
1318 2341 1599 2395 Audiebant
1647 2351 1813 2392 autent

217 2458 334 2494 eam
359 2457 519 2508 usque
540 2438 608 2490 ad
628 2438 761 2490 hunc
787 2450 1084 2492 sermonem.
1103 2443 1149 2486 et
1171 2432 1454 2487 levaverunt
1477 2447 1642 2485 vocem
1671 2447 1813 2484 suam

221 2534 448 2585 dicentes
475 2547 492 2582 :
518 2528 666 2583 Tolle
694 2528 755 2580 de
783 2536 918 2580 terra
947 2523 1243 2594 Itujasntodi
1273 2538 1290 2576 :
1322 2539 1420 2574 non
1454 2523 1583 2576 enim
1623 2526 1702 2591 [as
1742 2532 1813 2573 cst

220 2640 332 2676 cum
364 2623 544 2675 vivere.
569 2619 658 2674 25.
697 2615 1042 2672 Clamantibus
1066 2624 1236 2668 autem
1272 2612 1395 2678 illis,
1426 2622 1472 2665 et
1501 2612 1815 2682 proﬁcienti-

222 2716 311 2767 bus
351 2713 641 2766 restimenta
679 2725 790 2770 sua,
837 2715 882 2759 et
909 2706 1164 2773 pulverem
1185 2703 1498 2773 jactantibus
1529 2703 1580 2756 in
1625 2719 1811 2766 aerem,

219 2803 307 2858 24.
345 2802 503 2874 jussit
549 2799 778 2854 tribunus
817 2797 988 2852 induci
1032 2812 1144 2850 eum
1186 2796 1239 2849 in
1278 2803 1479 2859 castra,
1513 2804 1558 2848 et
1599 2795 1816 2864 ﬂagellis

219 2896 369 2961 cwdi,
399 2905 444 2949 et
471 2893 688 2964 torqueri
718 2907 851 2954 eum,
886 2899 938 2942 ut
976 2889 1122 2942 sciret
1170 2897 1375 2957 propter
1424 2903 1573 2956 quam
1612 2903 1818 2940 causam

219 2992 288 3043 sic
305 2997 482 3041 contra
507 2987 651 3040 illum
674 2984 969 3038 clamarent.
992 2980 1122 3035 Cum
1146 2978 1471 3048 oportuisset
1494 2986 1551 3031 ut
1573 2978 1818 3032 tribunus

220 3079 572 3142 examinaret,
615 3091 681 3129 an
713 3089 800 3129 res
826 3088 886 3128 se
910 3073 978 3125 ita
1006 3070 1252 3134 haberet,
1302 3068 1527 3138 illosque
1558 3068 1704 3137 ipsos
1729 3067 1825 3121 in-'

222 3178 522 3239 terrogarel
555 3185 567 3220 :
601 3167 648 3220 is
675 3165 807 3219 nihil
834 3164 1025 3217 horum
1055 3160 1282 3223 faciens,
1322 3159 1474 3227 jubet
1524 3159 1672 3213 illum
1721 3158 1813 3214 lla-

219 3263 377 3330 gellis
419 3259 573 3315 cmdi.
607 3256 792 3322 Iussit,
839 3254 1031 3324 inquit,
1084 3252 1229 3305 illum
1278 3250 1454 3303 induci
1483 3251 1533 3303 in
1565 3260 1731 3303 castra
1763 3259 1810 3303 et

223 3353 441 3425 ﬂagellis
469 3352 617 3415 ca’di,
648 3361 700 3403 ut
731 3348 880 3403 sciret
912 3356 1116 3416 propter
1141 3360 1288 3413 quam
1313 3359 1516 3396 causam
1539 3343 1610 3395 sic
1640 3352 1816 3396 contra

221 3445 367 3498 illum
397 3443 697 3496 clamarent.
745 3437 906 3507 Atqui
947 3435 1014 3487 ab
1057 3435 1160 3487 illis
1203 3432 1550 3487 ediscendum
1574 3445 1688 3487 erat
1721 3433 1810 3502 qui

218 3533 612 3596 occlamabant,
644 3540 698 3584 et
725 3525 1188 3597 interrogandum,
1239 3539 1364 3578 num
1397 3523 1593 3592 aliquid
1613 3541 1676 3577 ex
1699 3523 1816 3592 ejus

221 3626 376 3680 dictis
403 3621 751 3678 incusandum
776 3618 1053 3673 haberent.
1089 3616 1281 3670 Verum
1315 3615 1403 3669 ille
1429 3624 1628 3669 temere
1658 3623 1813 3684 pute-

221 3725 358 3771 state
379 3732 473 3769 sua
505 3715 693 3776 utitur,
721 3721 774 3767 et
797 3711 1008 3765 illormn
1041 3708 1264 3778 gratiam
1287 3715 1466 3775 captat
1497 3725 1509 3759 :
1540 3723 1644 3761 non
1671 3707 1813 3761 enim

220 3807 444 3862 curabat
469 3815 528 3859 ut
550 3805 691 3874 juste
714 3809 918 3873 ageret,
947 3799 1041 3854 sed
1069 3807 1127 3853 ut
1156 3799 1370 3852 illorum
1400 3796 1652 3866 injustam
1679 3797 1816 3852 furo-

223 3911 333 3949 rem
367 3896 618 3964 placaret.
659 3892 750 3948 25.
787 3890 986 3944 Etcum
1011 3889 1397 3942 adstrittcissent
1426 3904 1538 3952 eum
1563 3888 1703 3952 loris,
1737 3888 1816 3941 di-

221 3990 295 4040 xit
320 3987 544 4041 adstanti
572 3985 667 4040 sibi
698 3983 980 4038 centurioni
1017 3997 1034 4034 :
1069 3980 1129 4036 Si
1153 3980 1406 4033 hominem
1447 3978 1733 4031 Romanum
1770 3987 1814 4032 et

223 4079 566 4131 indemnatum
597 4077 710 4129 licet
753 4073 890 4127 vobis
918 4071 1227 4143 ﬂagellare?
1276 4070 1390 4124 Non
1435 4080 1515 4125 est
1560 4071 1816 4125 mentitus

225 4171 444 4236 Paulus,
488 4184 546 4224 se
572 4167 760 4224 dicens
785 4166 1086 4220 Romanum
1131 4162 1443 4226 hominem;
1484 4163 1659 4227 absit;
1713 4162 1816 4214 llo-

226 4277 414 4316 manus
439 4260 582 4315 enim
608 4268 723 4314 erat
755 4274 768 4310 :
802 4256 922 4312 ideo
951 4255 1199 4310 tribunus
1230 4269 1287 4310 re
1312 4252 1491 4308 audita
1525 4253 1719 4306 timuit.
1752 4253 1816 4307 Et

225 4368 340 4418 cur,
373 4351 603 4420 inquies,
623 4348 838 4403 timuit?
863 4347 974 4401 Etsi
1004 4345 1146 4399 nulla
1177 4344 1279 4397 alia
1307 4344 1373 4399 de
1401 4359 1583 4409 causa,
1611 4344 1813 4408 timuit,

229 4459 295 4497 ne
321 4440 821 4512 deprehenderetur
865 4445 920 4492 et
958 4435 1217 4505 majorem
1262 4434 1415 4488 daret
1459 4449 1690 4504 poenam.
1752 4437 1816 4489 Et

229 4535 382 4592 vide:
415 4549 518 4588 non
559 4532 872 4603 simpliciter
899 4529 1132 4595 loquitur
1157 4571 1171 4592 ,
1223 4529 1339 4593 sed,
1383 4528 1443 4583 Si
1498 4529 1610 4582 licet
1661 4530 1812 4583 vobis.

232 4627 347 4680 Duo
367 4625 614 4688 crimina,
645 4632 701 4678 et
737 4621 877 4692 quod
906 4621 1023 4675 sine
1049 4632 1230 4683 causa,
1265 4627 1318 4672 et
1364 4618 1505 4688 quod
1539 4618 1819 4674 Romanus

233 4716 318 4771 ille
344 4723 508 4770 esset.
554 4712 796 4784 Magnam
850 4709 1122 4765 habebant
1164 4709 1570 4778 praerogativam
1613 4711 1701 4780 qni
1742 4727 1818 4765 sc

233 4806 588 4877 dignabantur
610 4804 903 4875 appellari;
937 4817 1109 4872 neque
1135 4802 1376 4856 omnium
1418 4805 1520 4857 hoc
1557 4813 1672 4857 erat
1715 4805 1820 4873 pri-

236 4898 523 4968 \ilegium;
553 4896 620 4950 ab
649 4895 922 4950 Hadriano
947 4894 1090 4947 enim
1122 4893 1308 4948 dicunt
1336 4908 1522 4947 omnes
1551 4893 1820 4948 ROmanns

235 5005 353 5047 €550
382 4989 601 5052 dictos;
635 4989 809 5058 prisce
848 4994 1026 5041 autem
1060 5000 1165 5039 non
1204 4986 1275 5039 ita
1310 4985 1497 5040 fuerat.
1536 4985 1628 5040 Ve‘l
1660 4986 1818 5040 etiam

239 5085 536 5138 Romanum
590 5097 648 5136 se
694 5080 849 5146 dixit,
894 5091 951 5134 ut
996 5093 1208 5148 pamam
1251 5077 1506 5148 ellugeret
1535 5097 1546 5131 :
1577 5089 1819 5133 contem-

238 5179 375 5247 ptior
398 5176 540 5232 enim
578 5171 789 5226 futurus
825 5181 963 5232 erat.
995 5170 1040 5224 si
1086 5169 1388 5240 flagellatus
1419 5170 1647 5235 fuisset;
1683 5186 1821 5226 nunc

236 5278 412 5324 autem
436 5265 539 5322 hoc
563 5264 708 5320 dicto
735 5262 992 5332 majorem
1020 5261 1125 5314 illis
1153 5260 1342 5316 incutit
1365 5268 1587 5315 metum.
1611 5260 1665 5315 Si
1695 5275 1822 5316 vero

239 5358 610 5430 llagellassent,
636 5369 748 5409 rem
777 5360 941 5406 totam
966 5351 1105 5406 forte
1134 5351 1542 5414 s'ubvertissent,
1563 5351 1643 5405 vel
1661 5352 1820 5406 etiam

239 5451 556 5506 occidissent
595 5446 772 5510 illum;
809 5461 950 5499 nunc
985 5454 1163 5498 autem
1197 5459 1301 5498 non
1345 5443 1417 5497 ita
1442 5444 1640 5497 evenit.
1691 5443 1822 5499 Vide

237 5541 503 5614 quomodo
531 5541 672 5596 Deus
702 5537 964 5594 concedat
987 5538 1154 5591 multa
1183 5538 1418 5590 humano
1447 5551 1596 5590 more
1630 5537 1824 5602 ﬁeri,et

243 5636 292 5688 in
337 5635 420 5690 his
450 5641 504 5688 et
546 5634 597 5686 in
625 5632 760 5685 aliis.
804 5630 1073 5685 Tribunus
1121 5644 1250 5684 vero
1288 5629 1654 5698 respondens,
1714 5631 1823 5701 Ego

245 5727 398 5781 multa
429 5742 632 5782 summa
657 5725 956 5783 civilitatem
977 5733 1313 5794 consequutus
1339 5741 1449 5778 sum
1468 5767 1479 5787 ,
1511 5726 1742 5780 ostendit
1765 5745 1822 5783 se

245 5820 536 5889 suspicari,
571 5817 793 5873 Paulum
832 5830 890 5870 se
929 5816 1228 5870 Romanum
1281 5817 1602 5881 simulasse;
1650 5827 1704 5871 et
1747 5821 1814 5872 ita

250 5913 382 5966 torte
409 5909 780 5983 suspicabatur
808 5923 871 5964 ex
903 5907 1120 5972 vilitate,
1157 5925 1272 5977 quae
1305 5907 1355 5962 in
1399 5908 1562 5964 Paulo
1593 5925 1816 5979 appare-

1183 487 1244 540 IN
1286 485 1462 540 ACTA
1506 480 2028 540 Al’USTOLOllliM.
2067 477 2292 532 IIUMII..
2340 476 2566 530 XLVIII.

3411 485 3511 541 53$

1927 590 2036 646 bat.
2067 591 2155 645 26.
2203 590 2319 655 Quo
2348 591 2524 644 audito
2557 593 2803 655 centurio,
2855 595 3095 648 accedens
3142 597 3208 647 ad
3260 598 3512 650 tribunum

1924 682 2167 734 nuntiauit
2193 681 2288 745 illi,
2324 683 2496 736 dicens
2527 698 2544 735 :
2583 681 2706 737 Vide
2732 684 2857 762 quid
2890 687 3118 753 facturus
3149 703 3198 739 es
3226 702 3245 738 :
3274 687 3354 740 hic
3380 691 3513 741 enim

1923 772 2071 826 homo
2095 771 2355 827 Rontanus
2384 784 2478 828 est.
2505 775 2596 826 27.
2629 775 2883 829 Accedens
2913 786 3076 830 autem
3107 778 3356 841 tribunus.
3385 780 3512 833 dixit

1921 866 1998 918 illi
2031 881 2049 918 :
2081 865 2175 920 Dic
2205 868 2348 932 mihi,
2381 884 2501 920 nunt
2534 877 2585 920 tu
2618 867 2880 922 Romanus
2907 869 2996 923 es?
3021 869 3159 924 Dixit
3182 872 3286 938 illc,
3319 871 3508 926 Etiam.

1920 955 2010 1010 23.
2043 955 2322 1027 Respondit
2351 958 2579 1013 tribunus
2610 975 2628 1012 :
2660 960 2772 1030 Ego
2803 961 2962 1014 multa
2987 979 3188 1016 summa
3227 965 3512 1042 civilitalem

1921 1048 2052 1101 lianc
2082 1059 2419 1115 consequutus
2445 1067 2576 1104 sum.
2614 1049 2811 1107 Paulus
2837 1067 2952 1106 vero
2981 1055 3051 1106 ait
3085 1071 3102 1104 :
3133 1054 3245 1126 Ego
3274 1065 3440 1108 autem
3471 1067 3515 1108 et

1921 1150 2069 1194 nutus
2089 1158 2220 1194 sunt.
2248 1141 2336 1196 29.
2373 1141 2618 1198 Protinus
2639 1155 2804 1198 autem
2838 1146 3175 1200 discesserunt
3206 1149 3399 1212 abillo,
3428 1150 3515 1219 qui

1919 1249 2028 1286 eum
2061 1235 2241 1288 tortari
2271 1245 2434 1290 erant.
2486 1234 2743 1292 Tribunus
2783 1241 3209 1308 q'taqueotimuit,
3248 1252 3514 1311 postquam

1918 1324 2114 1379 rescivit
2161 1329 2278 1397 quia
2316 1325 2578 1382 Romanus
2623 1339 2768 1394 esset,
2819 1340 2864 1384 et
2902 1332 3037 1398 quod
3063 1329 3210 1385 illum
3232 1332 3511 1402 alligassct.

1923 1417 2030 1488 Ego
2069 1427 2258 1485 autem,
2293 1419 2492 1489 inquit,
2523 1429 2568 1473 et
2596 1429 2745 1474 natus
2769 1438 2900 1475 sunt.
2935 1422 3100 1492 Igitur
3126 1440 3192 1478 ex
3224 1435 3373 1492 patre
3404 1425 3512 1478 llo-

1921 1525 2078 1566 mano
2120 1519 2255 1566 erat.
2305 1511 2444 1579 Quid
2475 1528 2604 1583 ergo
2635 1525 2820 1583 postea
2868 1514 3064 1570 factum
3104 1517 3223 1572 est?
3267 1515 3512 1570 Solutum

1918 1602 2069 1657 duxit
2094 1604 2158 1658 ad
2178 1604 2412 1660 Judmos.
2443 1605 2585 1676 Ergo
2611 1621 2714 1661 non
2743 1605 2878 1662 falso
2899 1605 3107 1662 dixerat
3131 1623 3191 1662 se
3215 1607 3511 1662 Romanum

1919 1710 2060 1760 esse,
2094 1697 2234 1752 unde
2266 1697 2505 1752 lucratus
2534 1707 2632 1764 est,
2680 1709 2737 1755 ut
2764 1715 2791 1752 a
2817 1700 3046 1756 vinculis
3078 1702 3414 1767 solveretur;
3460 1710 3515 1755 et

1918 1787 2188 1855 quomodo
2217 1788 2338 1843 audi
2376 1789 2500 1844 :50.
2532 1789 2744 1845 Postera
2767 1801 2935 1845 autem
2969 1791 3052 1846 die
3079 1792 3248 1846 volens
3278 1791 3406 1846 scire
3434 1790 3515 1844 di-

1918 1879 2154 1949 ligentiac
2171 1896 2270 1950 qua
2292 1880 2354 1934 de
2373 1896 2528 1933 causa
2553 1891 2878 1936 accusaretur
2899 1899 2931 1935 a
2955 1881 3177 1948 Judceis,
3205 1883 3351 1936 solvit
3375 1899 3511 1947 eum,

1917 1979 1964 2021 et
1975 1970 2129 2038 jussit
2155 1970 2443 2024 sacerdotes
2469 1971 2732 2026 convenire
2755 1980 2800 2026 et
2828 1988 2975 2026 omne
3001 1973 3294 2036 concilium,
3329 1983 3374 2026 et
3405 1990 3516 2037 pro-

1919 2060 2105 2115 ducens
2130 2059 2352 2115 Paulum
2375 2063 2549 2116 statuit
2580 2064 2710 2117 inter
2738 2063 2873 2117 illos.
2902 2062 3056 2135 (Cap.
3083 2057 3207 2128 9.5.)
3253 2065 3299 2116 l.
3334 2061 3508 2114 Inten—

1919 2154 2041 2208 dcns
2069 2165 2234 2207 autem
2260 2157 2310 2210 in
2337 2157 2608 2210 concilium
2643 2156 2862 2220 Paulus,
2888 2156 3036 2213 dixit.
3070 2157 3182 2211 Non
3206 2156 3314 2224 jam
3340 2156 3508 2210 tribu-

1919 2261 2065 2308 num,
2100 2246 2191 2300 sed
2225 2255 2386 2300 totam
2423 2247 2820 2302 multitudinem
2854 2258 2904 2301 et
2935 2249 3185 2318 populum
3207 2248 3509 2316 alloquitur.

1921 2338 1984 2392 Et
2009 2339 2132 2408 quid
2165 2339 2331 2393 dicit?
2370 2339 2474 2392 Viri
2503 2340 2705 2408 fratres,
2747 2358 2838 2411 ego
2873 2343 3012 2394 omni
3038 2343 3344 2396 conscientia
3377 2342 3508 2394 bona

1917 2441 2237 2485 conversatus
2276 2448 2384 2484 sum
2417 2441 2532 2486 ante
2569 2431 2731 2486 Deum
2769 2449 2920 2502 usque
2950 2434 3001 2486 in
3031 2432 3327 2486 hodiernum
3360 2433 3511 2485 diem.

1921 2522 1978 2576 Id
2004 2532 2106 2587 est,
2165 2523 2282 2578 Non
2329 2523 2458 2577 mihi
2508 2526 2756 2580 conscius
2795 2541 2912 2580 sum
2950 2525 3090 2595 quod
3138 2541 3232 2580 vos
3263 2525 3514 2590 laeserim,

1920 2614 2000 2669 vel
2032 2614 2158 2684 quid
2189 2615 2272 2668 bis
2299 2615 2526 2670 vinculis
2557 2616 2775 2686 dignum
2802 2615 3040 2671 fecerim.
3066 2616 3203 2684 Quid
3227 2632 3354 2685 ergo
3373 2616 3517 2686 prin-

1920 2721 2046 2777 ceps
2087 2707 2463 2762 sacerdotum?
2493 2708 2625 2762 Cum
2658 2709 2989 2777 oportuisset
3016 2709 3328 2778 compnngi,
3373 2709 3512 2776 quod

1921 2795 1972 2849 in
2008 2797 2241 2865 ipsormn
2271 2798 2495 2867 gratiam
2544 2799 2741 2868 injuste
2793 2799 2985 2870 ligatus
3011 2796 3222 2862 fuisset.
3257 2799 3347 2854 ille
3373 2799 3512 2852 aliud

1921 2887 2120 2957 adjicit,
2153 2898 2207 2943 et
2238 2889 2389 2958 jubet
2415 2905 2537 2945 eum
2577 2889 2869 2953 verberari,
2904 2891 3045 2960 quod
3072 2891 3148 2945 sic
3178 2890 3513 2945 declaratur:

1920 2978 1975 3030 '2.
2009 2978 2254 3048 Princeps
2297 2990 2465 3034 autem
2513 2982 2832 3034 sacerdotum
2866 2981 3094 3036 Ananias
3138 2980 3376 3050 praecepit
3419 2979 3516 3031 ad-

1922 3071 2172 3123 stantibus
2207 3071 2300 3125 sibi
2345 3081 2600 3141 percutere
2646 3088 2701 3124 os
2743 3073 2873 3142 ejus.
2901 3072 3082 3126 Bonus
3110 3081 3261 3126 certe
3290 3082 3342 3125 et
3373 3071 3516 3124 ruitis

1923 3162 2171 3229 princeps
2201 3163 2561 3217 sacerdotum.
2594 3163 2646 3217 3.
2679 3163 2820 3216 Tunc
2864 3162 3060 3216 Paulus
3102 3163 3229 3216 dixit
3268 3162 3335 3214 ad
3362 3177 3472 3214 eum
3500 3176 3516 3214 :

1921 3252 2178 3308 Percutiet
2209 3263 2256 3307 te
2287 3253 2444 3321 Deus,
2472 3255 2638 3324 paries
2667 3253 2915 3308 dealbate.
2948 3253 3014 3307 Et
3041 3261 3093 3307 tu
3120 3253 3298 3307 sedens
3310 3251 3518 3321 judicas

1921 3361 2000 3398 me
2029 3345 2303 3398 secundum
2335 3345 2514 3416 legem,
2544 3355 2591 3398 et
2617 3354 2792 3398 contra
2822 3344 2981 3415 legem
2999 3344 3150 3414 jubes
3181 3360 3257 3395 me
3284 3341 3518 3412 percuti?

1922 3438 1973 3490 4.
2009 3437 2108 3503 Qui
2142 3448 2307 3489 autem
2332 3437 2602 3490 adstabant
2630 3438 2865 3490 dixerunt
2912 3436 2956 3488 ei
2989 3452 3009 3490 .‘
3041 3434 3315 3490 Summum
3347 3452 3515 3488 sacer~

1922 3527 2086 3579 dotem
2116 3526 2207 3579 Dei
2235 3527 2532 3580 maledicis?
2553 3529 2606 3582 ὅ.
2650 3526 2797 3581 Dixit
2826 3535 2993 3579 autem
3023 3524 3223 3578 Paulus
3254 3545 3271 3579 :
3306 3526 3509 3578 Nescie-

1921 3618 2054 3682 bant,
2088 3621 2291 3688 fratres,
2317 3619 2452 3687 quod
2492 3619 2722 3687 princeps
2760 3622 2821 3672 sit
2856 3620 3175 3672 sacerdotum
3218 3635 3234 3672 :
3273 3619 3517 3688 scriptum

1922 3720 1993 3763 est
2018 3711 2148 3763 enim
2176 3727 2191 3762 :
2221 3709 2512 3780 Principent
2542 3711 2720 3781 populi
2761 3713 2834 3763 tui
2872 3727 2973 3765 non
3003 3711 3272 3763 maletlices
3317 3708 3512 3778 (Exod.

1920 3801 2010 3855 ea.
2043 3803 2158 3871 es).

1991 3891 2045 3944 ἢ.
2089 3892 2318 3959 Quidam
2349 3893 2532 3947 dicunt
2562 3892 2709 3946 illum
2751 3893 3011 3947 scientem
3054 3909 3148 3963 per
3180 3893 3403 3947 ironiam
3436 3893 3515 3946 lo-

1923 3991 2144 4050 quutum
2192 3997 2313 4037 esse
2361 4002 2371 4035 2
2420 3983 2550 4037 mihi
2583 3992 2764 4036 autem
2801 3984 3011 4038 videtur
3065 3985 3240 4053 ipsmu
3293 3984 3513 4039 omnino

1925 4073 2216 4128 nescivisse
2243 4073 2382 4142 quod
2414 4083 2557 4128 esset
2584 4075 2832 4145 princeps
2862 4075 3201 4130 sacerdotum
3238 4091 3250 4129 :
3275 4075 3512 4145 alioquin

1925 4164 2070 4216 illmn
2103 4165 2436 4219 ltonorasset.
2470 4165 2591 4220 Ideo
2621 4181 2743 4224 sese
2770 4176 2970 4236 purgat
2998 4177 3301 4232 accusatus,
3333 4177 3388 4222 et
3418 4169 3514 4221 ad-

1924 4256 2002 4309 dit
2031 4275 2042 4309 :
2080 4255 2370 4327 Principem
2399 4259 2574 4328 populi
2607 4260 2680 4311 tui
2712 4275 2812 4312 non
2842 4260 3134 4315 maledices.
3188 4260 3324 4326 Quid
3363 4276 3514 4329 ergo,

1925 4347 2170 4417 inquies?
2213 4347 2257 4400 si
2292 4348 2434 4402 enim
2477 4349 2725 4417 princeps
2754 4365 2858 4404 non
2894 4360 3074 4414 esset,
3124 4351 3285 4405 alium
3325 4360 3514 4404 contu-

1924 4439 2079 4493 melia
2113 4437 2328 4493 allicere
2358 4441 2686 4509 oportebat?
2733 4441 2991 4508 Minime;
3045 4445 3153 4497 imo
3193 4444 3516 4497 contumelia

1923 4530 2237 4584 alticientem
2282 4529 2422 4585 l'erre
2452 4546 2548 4600 par
2577 4542 2712 4587 erat.
2760 4533 2890 4588 Jure
2934 4534 3020 4589 hic
3054 4546 3344 4606 quaeratur,
3387 4553 3519 4606 quo»

1923 4621 2083 4675 modo
2133 4622 2198 4685 is,
2229 4621 2318 4690 qui
2358 4622 2483 4676 alibi
2523 4622 2671 4688 dicit,
2717 4622 2844 4678 Cum
2869 4625 3239 4690 inaledicimur,
3271 4627 3519 4680 benedici-

1926 4729 2066 4775 mus;
2097 4728 2210 4765 cum
2243 4714 2677 4783 persequutionem
2704 4719 2945 4784 patimur,
2974 4726 3277 4770 sustmemus
3297 4718 3344 4787 (i
3362 4759 3373 4769 .
3397 4718 3513 4772 (.‘or.

1927 4807 1976 4858 ἁ.
2012 4804 2132 4873 l2);
2165 4804 2251 4859 hic
2286 4806 2612 4860 contrarium
2644 4804 2790 4872 facit,
2836 4823 2935 4863 nec
2967 4810 3128 4865 modo
3163 4812 3516 4877 conviciatur,

1924 4897 2018 4952 sed
2048 4900 2207 4952 etiam
2241 4899 2554 4954 maledicit?
2595 4901 2750 4955 Absit
2777 4920 2791 4956 :
2824 4913 3073 4958 neutrum
3104 4905 3296 4960 horum
3327 4906 3520 4961 fecisse

1926 4989 2380 5058 deprehenditur;
2427 4991 2521 5046 sed
2564 4993 2609 5046 si
2640 4993 2759 5062 quis
2798 5003 3046 5050 accurate
3071 4997 3400 5062 consideret,
3453 4998 3517 5052 li-

1927 5081 2054 5136 bere
2099 5082 2367 5152 loquentis
2405 5085 2573 5155 magis
2599 5097 2723 5140 sunt
2756 5089 2939 5154 verba,
2985 5106 3144 5160 quam
3183 5092 3302 5146 irati
3335 5110 3349 5148 :
3380 5095 3518 5148 alio.

1927 5174 2054 5241 quin
2097 5188 2225 5228 vero
2260 5175 2479 5230 nolebat
2517 5176 2730 5232 tribuno
2764 5181 3185 5251 contemptibilis
3230 5184 3418 5239 videri.
3464 5187 3520 5240 Si

1927 5267 2069 5321 enim
2097 5267 2185 5322 ille
2212 5283 2241 5322 a
2265 5267 2585 5338 ﬂagellando
2608 5271 2887 5336 abstinuit,
2919 5284 3105 5344 utpote
3127 5276 3301 5344 ipsum
3323 5277 3524 5333 Judmis

1931 5358 2238 5423 traditurus,
2292 5360 2434 5429 quod
2483 5377 2513 5415 a
2565 5361 2781 5418 famulis
2822 5363 3143 5434 caederetur,
3178 5369 3346 5437 magis
3377 5371 3522 5423 illum

1928 5449 2183 5505 audacem
2206 5450 2530 5507 reddidisset
2558 5471 2571 5508 :
2606 5453 2725 5509 ideo
2753 5471 2862 5511 non
2886 5456 3212 5525 ministrum,
3232 5461 3326 5515 sed
3350 5461 3520 5532 ipsum

1925 5542 2200 5611 jubeutem
2229 5543 2559 5613 aggreditur.
2592 5543 2721 5599 Illud
2751 5561 2897 5612 vero,
2946 5546 3126 5603 Paries
3151 5551 3402 5617 dealbate,
3444 5553 3521 5607 in-

1929 5639 2062 5706 quit,
2095 5647 2149 5690 tu
2168 5639 2347 5690 sedens
2362 5640 2570 5708 judicas
2601 5656 2680 5693 me
2702 5642 2983 5694 secundum
3012 5643 3192 5713 legem,
3221 5659 3284 5698 .‘ic
3315 5646 3356 5699 si
3381 5644 3523 5700 dicc-

1930 5739 2058 5783 rct':
2097 5730 2240 5783 licus
2283 5747 2405 5783 cum
2435 5731 2529 5795 sis,
2579 5743 2631 5785 et
2679 5735 2860 5786 multis
2910 5735 3080 5804 plagis
3120 5736 3331 5804 dignus.
3390 5736 3522 5790 Vide

1931 5838 2080 5890 ergo,
2109 5821 2380 5890 quomodo
2402 5837 2464 5878 ex
2490 5823 2606 5892 ejus
2636 5823 2846 5879 dicendi
2872 5825 3117 5881 libertate
3144 5828 3366 5896 populus
3405 5844 3518 5896 per-

1935 5913 2114 5967 culsus
2148 5913 2324 5968 fuerit.
2360 5915 2491 5969 Cum
2522 5918 2663 5971 enim
2695 5919 3021 5988 oportuisset
3081 5930 3246 5974 totum
3301 5923 3510 5975 suhvcr»
