4070 6480
604 419 706 473 355

608 549 742 602 tere,
789 535 959 605 potius
1004 530 1416 586 (lt-bacchantur.
1475 529 1565 583 ille
1607 544 1738 581 vero
1788 529 1954 597 legem
1997 526 2161 594 ipsam

610 626 755 695 legit,
788 635 843 677 ut
870 622 1111 678 ostendat
1140 637 1197 676 se
1232 636 1333 673 non
1355 636 1418 673 ex
1446 627 1608 683 metu,
1638 632 1733 671 nec
1760 618 1895 685 quod
1924 615 2167 683 indignus

611 727 751 772 esset
797 718 883 785 qui
923 716 1151 779 audiret,
1204 714 1313 767 haec
1350 713 1567 777 dixisse,
1618 711 1711 765 sed
1756 711 1853 779 legi
1898 711 2169 778 obtempe-

608 823 772 863 rasse.
834 807 900 861 Et
940 807 1156 861 omnino
1200 818 1475 874 persuasus
1520 817 1637 855 sum
1681 801 1965 855 nescivisse
1996 800 2164 863 illum,

604 898 744 969 quod
775 900 1015 968 princeps
1046 897 1376 952 sacerdotum
1408 902 1572 959 esset,
1614 897 1755 962 quod
1800 901 1917 961 post
1957 892 2167 959 longum

606 1000 814 1059 tempus
844 989 1102 1047 rediisset.
1133 1001 1228 1041 nec
1251 987 1551 1053 frequenter
1572 984 1783 1038 Judzeos
1812 981 2166 1046 convenisset,

607 1079 914 1148 videretque
956 1094 1074 1133 enin
1122 1078 1173 1129 in
1217 1076 1391 1130 medio
1431 1075 1653 1129 aliorum
1710 1074 2031 1127 multorum:
2066 1087 2166 1124 non

608 1171 750 1223 enim
777 1168 1081 1222 manifestus
1104 1177 1211 1221 erat
1236 1167 1481 1236 princeps
1506 1163 1840 1219 sacerdotum
1873 1163 2008 1216 inter
2039 1162 2171 1214 tnui-

610 1272 688 1313 tos
715 1271 766 1315 et
792 1260 1026 1313 diversos
1056 1259 1291 1312 adstans.
1323 1258 1393 1312 Ita
1416 1257 1543 1310 mihi
1564 1256 1769 1309 videtur
1798 1255 1917 1307 illos
1947 1252 2164 1321 alloqui,

610 1348 893 1402 ostendens
922 1363 979 1402 se
1011 1348 1109 1416 legi
1138 1348 1506 1415 obtemperare
1531 1362 1544 1410 ;
1577 1344 1797 1413 ideoque
1818 1357 1935 1397 sese
1964 1352 2168 1411 purgat.

608 1438 712 1491 Sed
738 1437 984 1506 Superius
1010 1438 1145 1492 dicta
1172 1444 1494 1505 repetamus.
1530 1433 1709 1487 Oranti
1738 1434 1860 1486 mihi
1885 1434 1937 1486 in
1967 1433 2167 1501 templo,

612 1529 799 1597 inquit,
826 1528 1005 1581 accidit
1051 1537 1103 1579 ut
1134 1529 1188 1579 in
1230 1527 1416 1580 exslasi
1459 1526 1647 1594 ﬁerem.
1678 1523 1745 1579 Ut
1786 1524 2030 1577 ostendat
2069 1538 2170 1575 non

610 1618 936 1685 phantasiam
978 1616 1159 1680 fuisse,
1216 1615 1335 1670 ideo
1385 1615 1585 1669 addidit
1624 1614 1771 1678 illud,
1814 1613 1991 1667 Oranti
2029 1614 2169 1665 .ni/ti.

611 1709 817 1763 Festina
854 1720 898 1763 et
939 1711 1017 1763 exi
1050 1710 1170 1775 cito,
1202 1710 1389 1778 inquit,
1418 1709 1533 1779 quia
1554 1708 1888 1762 testimonium
1912 1718 2048 1760 tuum
2074 1723 2171 1758 non

607 1804 862 1871 recipient.
915 1802 1010 1855 llic
1034 1802 1285 1867 ostendit,
1310 1816 1366 1855 se
1389 1816 1491 1855 non
1522 1802 1879 1870 periculorum
1922 1810 2063 1853 metu
2109 1800 2174 1851 ab

610 1894 717 1945 illis
740 1893 1005 1962 effugisse,
1043 1892 1133 1946 sed
1159 1891 1279 1961 quia
1313 1907 1415 1944 non
1447 1892 1742 1960 suscepturi
1772 1901 1923 1945 erant
1948 1889 2173 1943 testimo-

610 1983 750 2035 niun.
780 1998 951 2035 suum.
978 1982 1083 2035 Cur
1106 1996 1231 2035 vero
1253 1982 1404 2044 dixit,
1427 1980 1535 2049 Ipsi
1558 1982 1739 2044 sciunt,
1764 1982 1899 2050 quod
1924 1998 2012 2049 ego
2042 1996 2174 2033 erant

608 2074 743 2143 αιιῑρι
770 2091 823 2126 ns
846 2074 871 2126 .9
900 2073 1012 2127 Non
1034 2072 1245 2128 Curisto
1267 2074 1656 2139 contradicens,
1686 2073 1849 2138 absit;
1879 2073 1970 2127 sed
1995 2073 2175 2126 volens

610 2163 816 2217 discere
840 2172 942 2216 tam
974 2163 1214 2217 mirabile
1241 2178 1394 2231 opus.
1450 2162 1606 2226 Vade,
1636 2163 1823 2231 inquit,
1852 2163 1970 2231 quia
1995 2179 2083 2232 ego
2111 2162 2177 2213 ad

613 2265 781 2324 gentes
809 2256 984 2324 procul
1002 2253 1407 2308 ntittainte.\'ide
1430 2270 1441 2305 :
1461 2268 1562 2307 non
1586 2252 1762 2308 docntt
1780 2269 1899 2306 cum
1917 2252 2175 2314 Christus,

611 2346 735 2413 quid
767 2346 1254 2414 oporteretfacerc;
1282 2346 1372 2400 sed
1397 2346 1530 2399 dixit
1552 2355 1749 2399 tantum
1771 2346 2031 2410 utabiret,
2058 2346 2176 2399 ille-

614 2452 715 2503 que
737 2438 1045 2506 obsequitur
1080 2459 1091 2493 :
1122 2437 1255 2491 adeo
1304 2438 1595 2507 morigerus
1639 2446 1771 2492 erat.
1807 2438 1868 2489 Et
1898 2438 2177 2491 levaverunt

614 2542 777 2579 vocem
805 2544 969 2593 suam,
999 2528 1187 2597 inquit,
1220 2529 1435 2582 dicentes
1466 2544 1483 2580 :
1511 2524 1648 2581 Tolle
1695 2544 1845 2590 eum;
1902 2545 2000 2581 non
2050 2531 2179 2581 enint

623 2618 846 2671 convenit
871 2627 925 2670 ut
952 2619 1098 2672 vivat.
1127 2617 1170 2673 Ο
1198 2618 1470 2671 audaciam
1499 2625 1510 2671 ε
1565 2619 1719 2673 Certe
1747 2633 1840 2671 vos
1870 2620 2043 2673 vivere
2076 2635 2180 2672 non

620 2710 886 2773 convenit,
929 2724 1033 2764 non
1067 2711 1191 2763 item
1240 2709 1306 2763 de
1336 2709 1436 2763 hoc
1466 2709 1690 2774 dicatur,
1724 2711 1809 2779 qui
1854 2712 1905 2763 in
1937 2711 2182 2765 omnibus

617 2799 725 2851 Deo
752 2798 1075 2867 obsequitur.
1102 2799 1145 2852 0
1169 2799 1376 2853 scelesti
1411 2808 1463 2852 et
1486 2798 1795 2853 homicidae!
1830 2798 1895 2853 Et
1926 2801 2180 2853 excutien-

618 2898 688 2942 tes
729 2898 898 2953 vestes,
948 2889 1132 2957 inquit,
1165 2889 1415 2957 pulverem
1463 2890 1736 2943 mittebant.
1788 2888 1853 2944 Ut
1884 2892 2179 2959 graviorem

619 2980 912 3033 excitarent
962 2979 1297 3041 seditionem,
1331 2979 1431 3034 hoc
1480 2979 1764 3045 faciebant,
1789 2975 1901 3033 'aut
1941 2990 1995 3033 ut
2035 2982 2179 3050 prin-

622 3072 793 3138 cipem
840 3080 1117 3125 terrerent.
1148 3071 1215 3125 Et
1239 3072 1357 3126 vide
1387 3089 1398 3124 :
1437 3086 1541 3125 non
1591 3071 1771 3126 dicunt
1800 3088 2033 3135 causam,
2063 3076 2184 3143 quia

626 3163 754 3217 nihil
812 3163 1090 3218 dicendum
1159 3164 1457 3228 habebant,
1506 3165 1597 3217 sed
1642 3164 1875 3217 clamore
1918 3179 1977 3219 se
2020 3175 2187 3220 terro-

621 3270 734 3308 rem
768 3256 1001 3309 incuterc
1033 3256 1406 3324 putanlzatqui
1438 3255 1504 3309 ab
1529 3258 1922 3310 accusatoribus
1943 3258 2186 3313 ediscen-

626 3346 749 3400 dum
774 3356 903 3400 erat.
934 3346 999 3399 Et
1026 3348 1252 3401 tribunus
1283 3348 1465 3412 timuit,
1512 3348 1699 3417 inquit,
1732 3365 2029 3419 cognoscens
2056 3351 2188 3419 quod

626 3439 884 3491 Romanus
911 3449 1052 3492 esset.
1079 3438 1193 3493 Non
1220 3449 1333 3493 erat
1358 3454 1482 3508 ergo
1512 3440 1862 3505 mendacium,
1890 3442 2025 3509 quod
2055 3442 2186 3493 Pau-

635 3533 715 3584 lus
738 3532 937 3585 diceret
958 3530 1320 3585 senomanum
1346 3546 1482 3585 esse.
1514 3531 1579 3584 Et
1599 3532 1741 3585 solvit
1766 3548 1875 3584 eum
1902 3549 1931 3583 a
1960 3533 2187 3597 vinculis,

630 3622 815 3691 inquit,
867 3631 911 3674 et
966 3623 1218 3675 adducens
1265 3623 1437 3674 statuit
1489 3638 1598 3674 eum
1649 3624 1699 3674 in
1744 3624 2027 3675 concilium.
2082 3623 2191 3678 Hoc

628 3710 904 3779 oportebat
958 3710 1163 3777 facere,
1214 3726 1386 3780 neque
1436 3711 1570 3765 velle
1622 3710 1906 3781 ﬂagellare,
1962 3713 2055 3766 sed
2105 3728 2189 3767 re-

630 3803 868 3871 linquere
922 3817 1040 3856 eum
1075 3844 1089 3868 ,
1148 3804 1236 3872 qui
1294 3803 1423 3855 nihil
1480 3803 1704 3857 vinculis
1759 3804 1973 3872 dignum
2032 3802 2190 3857 fecis-

630 3907 732 3950 set.
786 3894 852 3948 Et
897 3896 1041 3948 solvit
1076 3912 1209 3959 eum,
1259 3895 1441 3963 inquit,
1475 3905 1517 3948 et
1549 3897 1613 3947 ad
1643 3896 1755 3948 illos
1796 3896 2027 3949 adduxit.
2084 3896 2195 3950 Hoc

635 3986 860 4041 maxime
890 3986 906 4016 ⁸
933 3986 1117 4039 anxios
1144 3985 1370 4040 reddidit
1422 3986 1655 4040 Judmos.
1711 3985 1980 4039 lntemlens
2029 3996 2194 4039 autem

634 4078 828 4132 Paulus
870 4080 923 4134 in
962 4078 1247 4141 concilium,
1280 4078 1465 4148 inquit,
1509 4080 1675 4132 dixit:
1717 4076 1819 4130 i’iri
1850 4082 2050 4144 fratres.
2099 4078 2195 4132 llic

631 4187 690 4224 se
744 4172 987 4225 fidentem
1035 4171 1285 4237 ostendit,
1329 4180 1383 4225 et
1438 4170 1871 4239 imperterritum.
1921 4169 2025 4224 Sed
2078 4169 2195 4224 vide

634 4263 842 4315 illorum
882 4263 1262 4331 petulantiam;
1305 4262 1574 4332 subiunxit
1601 4262 1738 4317 enim
1772 4281 1783 4315 ε
1818 4262 2060 4331 Princeps
2106 4280 2198 4315 au-

634 4363 729 4406 tem
774 4354 1087 4407 sacerdotum
1119 4355 1341 4407 Ananias
1395 4355 1627 4422 praecepit
1659 4362 1710 4406 ut
1764 4363 2101 4423 percuteretur
2145 4371 2199 4408 os

640 4445 764 4510 ejus.
796 4442 901 4499 Cur
946 4445 1210 4512 percutis?
1248 4444 1369 4513 quid
1400 4444 1539 4498 enim
1566 4446 2004 4498 contumeliosum
2027 4444 2199 4498 dixit?

636 4533 678 4585 0
708 4533 1117 4601 impudentiam!
1156 4548 1187 4586 ο
1215 4534 1513 4587 audaciam!
1549 4534 1683 4587 Tunc
1708 4533 1896 4587 Paulus
1924 4535 2048 4587 dixit
2072 4536 2147 4588 illi
2184 4551 2199 4589 :

641 4621 891 4677 I'ercutiet
935 4632 980 4678 te
1002 4623 1158 4690 Deus,
1188 4625 1350 4693 paries
1381 4624 1625 4677 dealbate.
1660 4624 1833 4692 Papzr,
1865 4625 2194 4679 libertatem!

637 4714 716 4767 Ob
765 4714 1066 4783 hypocrisin
1106 4726 1158 4768 et
1214 4716 1539 4783 iniquitatem
1585 4716 1729 4769 illum
1781 4716 2047 4769 traducit:
2083 4716 2200 4769 ideo

635 4803 792 4857 etiam
842 4804 1166 4870 reprimitur.
1196 4804 1310 4873 ipse
1339 4822 1461 4859 vero
1487 4806 1676 4861 dubius
1706 4821 1768 4859 ue
1800 4806 1956 4859 audet
1987 4806 2197 4875 quidem

639 4894 815 4963 loqui;
865 4893 958 4948 sed
1003 4895 1090 4963 qui
1141 4897 1286 4962 juxta
1344 4896 1491 4949 illum
1521 4907 1699 4959 erant,
1746 4900 1857 4967 ejus
1903 4901 2197 4955 libertatem

638 5000 742 5039 non
776 4984 1023 5039 tulerunt.
1076 4987 1147 5040 Ita
1195 4988 1441 5042 videbant
1490 4989 1757 5043 hominem
1816 5002 2035 5045 mortem
2094 5008 2197 5047 non

638 5087 934 5145 curantem,
983 5089 1035 5132 et
1064 5094 1166 5133 non
1194 5081 1576 5135 sustinuerunt.
1629 5081 1945 5147 Nesciebam,
2000 5084 2195 5153 inquit,

639 5170 771 5236 quod
800 5185 1020 5222 summus
1060 5170 1289 5223 sacerdos
1315 5172 1394 5224 sit.
1447 5172 1585 5241 Ergo
1606 5188 1669 5227 ex
1704 5176 1993 5243 ignorantia
2025 5178 2198 5233 incre-

638 5261 779 5325 patio
806 5259 898 5311 fuit
928 5278 939 5311 :
974 5261 1071 5313 nisi
1100 5262 1237 5313 enim
1264 5263 1361 5316 hoc
1388 5275 1547 5327 esset,
1579 5266 1666 5318 illo
1706 5278 1923 5335 accnpto
1960 5270 2195 5335 abiissct,

636 5364 734 5403 nec
763 5350 1026 5414 tacuisset,
1069 5360 1223 5419 atque
1256 5354 1423 5421 ipsum
1453 5355 1553 5408 illis
1592 5357 1829 5410 tribunus
1875 5360 2194 5414 tradidisset.

705 5442 758 5495 5.
792 5439 887 5493 llic
914 5456 1072 5509 porro
1100 5444 1325 5497 ostendit
1356 5462 1410 5499 se
1442 5448 1666 5500 libenter
1703 5450 1813 5501 lucc
1848 5452 1949 5517 pati
1984 5469 1995 5503 :
2032 5461 2191 5521 atque

637 5532 706 5584 ita
738 5531 993 5585 rationem
1021 5532 1195 5587 reddit
1223 5550 1339 5589 cum
1384 5538 1483 5591 illis
1515 5581 1527 5601 ,
1572 5538 1673 5607 legi
1700 5556 1755 5594 se
1787 5543 2001 5612 obsequi
2031 5588 2043 5611 ,
2094 5562 2196 5598 non

636 5623 741 5675 tllis
784 5622 1186 5691 demonstrans;
1225 5642 1343 5678 nam
1392 5630 1509 5682 illos
1558 5631 1838 5685 admodum
1892 5634 2193 5690 damnabat.

711 5762 721 5788 ‘
758 5760 810 5809 ῐιι
840 5752 993 5828 tﬁlim§
1014 5755 1161 5828 Codd.
1202 5762 1380 5828 legitur
1409 5780 1416 5811 :
1453 5776 1545 5815 Hoc
1569 5768 1805 5828 oportebat
1838 5770 1995 5828 [imre
2021 5771 2077 5815 ne
2106 5772 2192 5821 ini-

645 5824 723 5858 ὶια
749 5840 765 5867 ι
784 5820 985 5871 solution
1011 5834 1071 5871 dii
1100 5823 1204 5874 Mes
1250 5820 1467 5875 (ἰείιίῖιλιι.
1496 5846 1513 5871 νμ
1552 5820 1647 5878 ut:
1675 5820 1898 5887 nnu‘inie,
1926 5843 2018 5879 etc.

1319 416 1373 473 S.
1411 412 1681 472 JOANNIS
1717 411 2181 469 CIIRYSOSTOMI
2219 409 2528 468 ARCHIEP.
2570 408 3099 467 CONSTANTINOP.

3746 413 3850 466 πρ)

2276 526 2499 596 Propter
2538 526 2706 595 legem
2755 526 2911 594 igitur
2953 526 3209 579 rationem
3239 524 3438 590 reddit,
3490 542 3592 580 non
3636 536 3852 595 propter

2275 616 2561 687 populum;
2591 626 2643 670 et
2668 617 2789 685 jure
2818 618 3031 685 quidem
3064 632 3076 667 :
3112 631 3230 669 nam
3263 631 3381 669 eum
3405 658 3418 679 ,
3469 617 3556 685 qui
3604 631 3661 669 sc
3709 615 3850 669 nihil

2274 709 2505 773 Iatserat,
2536 718 2589 763 et
2616 710 2952 763 innocentem
2984 708 3227 761 occidere
3258 708 3492 776 iniqnmn
3522 716 3655 760 erat.
3686 706 3851 776 igitur

2274 800 2411 869 quod
2439 801 2505 853 ab
2536 801 2624 854 illo
2650 800 2848 853 dictum
2880 809 3001 863 est,
3048 814 3152 852 non
3195 798 3515 853 contumelia
3556 807 3708 862 erat;
3740 798 3849 853 nisi

2275 891 2393 959 quis
2416 890 2555 944 dicat
2580 889 2849 944 Christum
2881 889 3259 943 contumeliam
3294 888 3549 957 proferre,
3575 903 3694 941 cum
3725 888 3804 939 ait
3833 904 3850 938 :

2287 980 2372 1036 νω
2391 982 2523 1037 vobis
2546 982 2719 1036 scribis
2748 990 2791 1033 et
2822 980 3118 1045 Pliuristeis,
3148 981 3265 1049 quia
3290 979 3474 1031 similes
3503 980 3618 1031 estis
3644 978 3854 1046 parieti-

2276 1075 2364 1128 bus
2392 1075 2635 1127 dealbatis
2676 1074 2884 1145 (Matth.
2915 1073 3004 1127 εδ.
3041 1072 3157 1139 27).
3193 1073 3382 1136 Etiam,
3414 1071 3651 1139 inquies;
3680 1069 3776 1123 sed
3808 1069 3854 1121 si

2276 1176 2557 1235 antequam
2584 1166 2956 1221 verberaretur
2986 1166 3084 1219 hoc
3106 1165 3347 1229 dixisset,
3382 1179 3483 1216 non
3519 1162 3703 1216 fuisset
3733 1162 3852 1220 irae.

2276 1258 2367 1310 sed
2401 1257 2625 1311 fiducize.
2654 1256 2850 1310 Verum
2894 1271 3118 1310 causam
3143 1255 3274 1319 dixi,
3306 1254 3443 1324 quod
3472 1255 3635 1307 nollet
3660 1252 3856 1321 despe-

2277 1351 2381 1403 ctui
2419 1350 2620 1405 haberi.
2657 1351 2812 1419 Atqui
2858 1365 2999 1417 smpe
3023 1349 3266 1403 Christus
3294 1347 3506 1403 Judaos
3532 1345 3853 1400 contumelia

2277 1440 2487 1505 affecit,
2518 1442 2628 1508 ipse
2665 1441 2985 1495 contumelia
3028 1439 3254 1494 allectus
3279 1480 3293 1503 ,
3324 1449 3378 1493 ut
3408 1454 3526 1493 cum
3556 1437 3681 1491 dicit
3713 1453 3727 1489 :
3774 1436 3855 1488 Ne

2280 1533 2461 1599 putetis
2504 1533 2636 1600 quod
2662 1548 2749 1601 ego
2793 1547 3019 1584 accusent
3049 1547 3132 1583 vos
3181 1528 3360 1600 (Joan.
3411 1529 3462 1583 5.
3494 1528 3543 1581 ιτ
3572 1538 3604 1578 δ.
3652 1529 3720 1580 At
3750 1526 3853 1579 hoc

2280 1623 2598 1677 contumelia
2624 1637 2724 1675 non
2745 1631 2843 1686 est,
2870 1622 3024 1676 absit.
3046 1620 3177 1673 Vide
3196 1634 3321 1689 ergo
3346 1634 3462 1673 cum
3492 1629 3682 1686 quanta
3705 1632 3856 1668 man-

2279 1713 2560 1767 suetudine
2591 1714 2708 1765 illos
2735 1712 3054 1780 alloquatur.
3104 1708 3397 1763 Nesciebant
3420 1750 3434 1773 ,
3469 1707 3669 1775 inquit,
3713 1705 3855 1771 quod

2278 1821 2499 1857 summus
2520 1804 2749 1857 sacerdos
2776 1802 2867 1855 Dei
2893 1812 3038 1855 esset.
3065 1802 3175 1855 Hoc
3198 1800 3349 1864 dixit,
3382 1814 3551 1867 neque
3574 1799 3657 1849 hic
3683 1797 3853 1860 stetit;

2279 1896 2370 1949 sed
2400 1894 2687 1949 ostendens
2711 1908 2768 1947 se
2794 1909 2899 1947 non
2932 1893 3131 1947 ironice
3162 1892 3325 1959 loqui,
3353 1890 3533 1945 addit:
3563 1887 3854 1955 Principum

2280 1987 2455 2055 populi
2482 1988 2552 2038 tui
2580 2003 2677 2038 non
2704 1987 2988 2039 maledices.
3024 1983 3210 2038 Viden'
3237 1984 3501 2053 quomodo
3530 1982 3677 2036 illum
3710 1981 3856 2048 prin-

2280 2077 2448 2145 Cipem
2476 2077 2647 2130 adhuc
2670 2075 2988 2131 conﬁtetur?

2356 2170 2695 2223 Mansuetudo
2719 2169 3114 2223 commendatur.
3135 2198 3200 2206 —
3226 2167 3498 2220 Discamus
3528 2178 3653 2233 ergo
3674 2172 3729 2216 et
3758 2178 3856 2215 nus

2283 2260 2761 2323 mansuetudinem,
2796 2268 2852 2312 ut
2874 2259 2923 2312 in
2951 2259 3189 2326 utrisque
3218 2257 3384 2310 simus
3414 2254 3652 2323 perfecti.
3686 2253 3850 2307 Multa

2282 2354 2421 2406 enim
2450 2352 2787 2405 accuratione
2809 2364 2941 2419 opus
2966 2358 3074 2412 est,
3103 2357 3158 2400 ut
3181 2347 3411 2401 discatur
3433 2345 3554 2414 quid
3586 2346 3703 2404 hoc.
3728 2344 3856 2412 quid

2285 2444 2412 2497 illud
2441 2444 2508 2496 sit
2551 2442 2931 2495 :accuratione
2980 2448 3155 2493 autem
3196 2452 3330 2507 opus
3372 2446 3482 2501 est,
3513 2437 3633 2504 quia
3683 2436 3858 2487 vicina

2283 2545 2407 2589 sunt
2436 2533 2714 2587 virtutibus
2744 2533 2868 2585 vitia
2892 2572 2907 2596 ,
2938 2529 3148 2585 dicendi
3182 2529 3408 2583 libertati
3437 2527 3675 2593 audacia,
3708 2541 3860 2577 man-

2284 2626 2546 2681 suetudini
2562 2625 2785 2693 ignavia.
2803 2622 3108 2678 Cavendum
3129 2629 3303 2675 autem
3326 2629 3428 2686 est,
3448 2634 3514 2672 ne
3530 2619 3646 2687 quis
3670 2617 3857 2669 vitium

2288 2726 2472 2771 tenens
2497 2716 2744 2769 virtutem
2770 2730 2827 2768 se
2860 2721 3007 2782 putet
3038 2712 3235 2766 habere
3262 2728 3275 2775 ;
3309 2721 3364 2763 ut
3389 2710 3432 2764 si
3462 2711 3579 2779 quis
3608 2708 3881 2776 Opinetur‘

2287 2823 2344 2862 se
2361 2806 2509 2876 jungi
2528 2806 2778 2871 dominae,
2808 2804 2932 2857 dum
2955 2803 3193 2873 jungitur
3221 2801 3445 2856 ancillze.
3469 2799 3602 2867 Quid
3629 2809 3705 2853 est
3732 2813 3862 2867 ergo

2288 2896 2636 2952 mansuetudo
2660 2935 2677 2961 ,
2718 2904 2770 2950 et
2798 2894 2922 2963 quid
2964 2904 3045 2947 est
3078 2892 3325 2962 ignavia?
3350 2890 3484 2945 Cum
3530 2890 3661 2941 alios
3703 2889 3811 2941 ινδ(
3834 2901 3863 2941 s

2289 3005 2394 3043 non
2434 2987 2803 3050 defendimus,
2846 2985 2937 3039 sed
2982 2993 3255 3047 tacemus,
3300 2980 3428 3034 illud
3476 2989 3558 3033 est
3592 2980 3799 3049 ignavia
3842 2990 3862 3031 :

2288 3080 2501 3149 quando
2529 3086 2703 3130 autem
2732 3076 2869 3130 male
2894 3074 3068 3129 affecti
3094 3074 3381 3127 toleramus
3402 3113 3415 3135 ,
3450 3071 3576 3124 illud
3609 3079 3691 3123 est
3715 3086 3865 3123 mun-

2290 3171 2535 3226 suetudo.
2579 3168 2713 3237 Quid
2755 3178 2837 3223 est
2881 3167 3130 3237 loquendi
3175 3166 3431 3220 libertas?
3475 3164 3604 3217 Illud
3648 3164 3861 3229 ipsum,

2289 3277 2408 3317 cum
2436 3277 2533 3331 pro
2559 3262 2678 3314 aliis
2704 3260 3061 3314 decertamus.
3081 3258 3216 3324 Quid
3239 3256 3497 3311 audacia?
3524 3254 3749 3320 Quando
3769 3272 3816 3305 ιι(
3840 3267 3867 3306 s

2292 3355 2441 3424 ipsos
2483 3352 2661 3407 ulcisci
2695 3352 2955 3405 volumus.
3004 3348 3185 3418 Itaque
3234 3347 3391 3402 simul
3429 3347 3720 3416 junguntur
3749 3361 3864 3397 ma-

2291 3447 2609 3517 gnanimitas
2649 3454 2701 3500 et
2745 3444 2954 3498 dicendi
2997 3443 3241 3506 libertas;
3277 3442 3509 3509 itemque
3563 3437 3779 3492 audacia
3815 3448 3868 3490 et

2295 3542 2521 3610 ignavia.
2554 3540 2651 3605 Qui
2682 3540 2820 3594 enim
2852 3554 2946 3608 pro
2974 3538 3151 3607 seipso
3183 3553 3285 3591 non
3315 3536 3479 3598 dolet,
3512 3536 3594 3588 vix
3621 3550 3715 3603 pro
3748 3533 3869 3586 aliis

2294 3632 2529 3698 dolebit;
2563 3633 2651 3701 qui
2694 3647 2821 3685 vero
2856 3631 3089 3699 seipsnm
3124 3645 3229 3683 non
3276 3627 3547 3682 ulciscitur
3572 3667 3585 3691 ,
3618 3626 3702 3678 vix
3733 3624 3869 3676 alios

2297 3739 2399 3776 non
2431 3724 2605 3776 ulcisci
2628 3732 2736 3775 tur.
2783 3722 2913 3775 Cum
2946 3721 3086 3774 enim
3116 3734 3291 3774 mores
3330 3728 3453 3771 sunt
3478 3733 3506 3771 a
3534 3718 3870 3786 passionihns

2298 3815 2443 3882 puri,
2475 3815 2720 3866 virtutem
2750 3812 3053 3866 admittunt.
3084 3808 3151 3865 Ut
3182 3824 3373 3878 corpus
3416 3824 3443 3860 a
3487 3808 3617 3861 febri
3645 3806 3869 3860 liberum

2298 3906 2458 3959 robur
2497 3905 2715 3972 accipit,
2749 3904 2825 3957 sic
2873 3903 3046 3956 anima
3078 3899 3413 3970 passionibus
3441 3914 3546 3952 non
3578 3907 3832 3965 corrupta
3856 3936 3868 3958 ,

2299 3995 2657 4050 fortitudinem
2680 3993 2890 4063 accipit.
2920 3992 3116 4062 Magum
3145 3990 3470 4045 fortitudinis
3500 3989 3756 4042 indicium
3789 3998 3872 4041 est

2299 4086 2687 4141 mansuetudo:
2718 4100 2977 4155 generosa
3017 4092 3070 4138 et
3096 4084 3230 4137 virili
3261 4082 3439 4135 anima
3478 4079 3873 4147 admodumque

2300 4179 2509 4232 sublimi
2529 4192 2661 4247 Opus
2680 4176 2839 4231 habet
2866 4173 3233 4230 mansuetudo.
3250 4174 3329 4227 An
3346 4187 3526 4241 parum
3548 4186 3667 4225 esse
3680 4179 3839 4239 putas
3856 4210 3870 4233 ,

2302 4269 2437 4323 male
2466 4267 2603 4321 afﬁci
2635 4278 2688 4321 et
2718 4268 2820 4335 pati
2852 4308 2864 4330 ,
2906 4274 2961 4321 et
2990 4280 3095 4319 non
3136 4262 3480 4333 exasperari?
3519 4260 3628 4314 Nec
3654 4262 3874 4314 aberra-

2302 4360 2470 4425 verit,
2502 4358 2590 4427 qui
2618 4372 2796 4411 curam
2817 4356 3041 4426 proximi
3063 4357 3143 4410 sui
3171 4353 3527 4408 fortitudinem
3563 4352 3834 4405 vocaverit
3860 4371 3872 4403 :

2303 4449 2390 4519 qui
2418 4451 2559 4502 enim
2594 4456 2792 4502 tantum
2823 4448 3020 4510 valuit,
3053 4457 3107 4499 ut
3139 4454 3335 4499 tantam
3368 4445 3665 4512 passionem
3699 4442 3875 4495 vince-

2305 4551 2420 4606 ret,
2464 4542 2618 4595 aliam
2649 4556 2857 4611 quoque
2888 4539 3098 4609 aggredi
3125 4538 3356 4592 audebit.
3393 4537 3630 4604 Exempli
3670 4551 3828 4588 cans.i
3860 4578 3874 4597 ,

2304 4634 2420 4687 (inte
2453 4636 2721 4703 passiones
2751 4643 2873 4687 sunt
2902 4634 3057 4686 timor
3087 4641 3139 4685 et
3165 4632 3239 4684 ira
3272 4648 3285 4683 :
3313 4631 3357 4684 si
3382 4631 3509 4683 iram
3537 4643 3877 4698 compescite-

2306 4729 2409 4790 ris,
2454 4728 2695 4781 timorem
2746 4736 2891 4780 certe
2931 4726 3143 4785 vinces;
3178 4723 3309 4775 iram
3348 4731 3520 4775 autem
3574 4721 3781 4781 vincis,
3831 4723 3874 4773 si

2305 4827 2612 4872 mansuetus
2655 4818 2727 4869 sis
2774 4834 2785 4869 ε
2820 4817 2976 4884 igitur
3008 4824 3060 4867 et
3101 4814 3340 4866 timorem
3373 4812 3553 4866 vinces
3578 4854 3591 4875 ,
3635 4813 3677 4864 si
3722 4810 3875 4865 fortis

2306 4908 2485 4962 fueris.
2520 4908 2721 4962 Rursus
2768 4906 2809 4958 si
2852 4907 2983 4959 iram
3032 4920 3133 4958 non
3168 4904 3384 4969 viceris,
3427 4903 3594 4956 audax
3641 4904 3788 4966 eris;
3833 4906 3875 4955 si

2306 5012 2479 5055 autem
2514 5001 2612 5054 hoc
2644 5000 2825 5052 vitium
2874 5013 2976 5052 non
3005 4998 3368 5064 sugeraveris,
3416 5010 3586 5065 neque
3631 4996 3876 5049 timorem

2306 5109 2555 5162 superare
2584 5094 2780 5161 poteris
2814 5111 2825 5144 :
2857 5091 3030 5161 itaque
3056 5090 3427 5145 formidulosus
3455 5092 3594 5152 eris;
3619 5090 3875 5159 idipsum-

2306 5198 2405 5251 qne
2435 5186 2656 5250 accidit,
2707 5199 2768 5237 ac
2812 5184 2853 5236 si
2896 5198 3087 5252 corpus
3117 5184 3184 5237 ita
3224 5182 3397 5237 debile
3440 5182 3597 5235 fuerit
3640 5195 3693 5236 et
3736 5184 3875 5237 male

2309 5287 2653 5345 temperatum
2676 5316 2689 5340 ,
2721 5284 2776 5328 ut
2798 5274 2999 5327 nullum
3030 5275 3195 5343 possit
3225 5272 3364 5327 ferre
3387 5272 3620 5325 laborem
3653 5291 3664 5325 :
3696 5276 3873 5328 statim

2308 5368 2389 5421 vel
2420 5384 2447 5420 a
2479 5368 2671 5437 frigore
2702 5367 2783 5421 vel
2812 5382 2840 5418 a
2872 5367 3047 5420 calore
3076 5367 3332 5435 abripitur
3365 5384 3377 5419 :
3409 5366 3510 5417 tale
3537 5380 3763 5433 namque
3794 5378 3876 5420 est

2308 5459 2357 5513 id
2401 5502 2414 5523 ,
2448 5460 2583 5529 quod
2628 5469 2709 5514 est
2746 5459 2879 5512 male
2936 5468 3314 5528 temperatum;
3344 5457 3482 5527 quod
3528 5470 3703 5511 autem
3739 5459 3875 5513 bene

2310 5562 2657 5620 temperatum
2687 5560 2798 5616 est,
2826 5554 3000 5604 omnia
3030 5552 3274 5605 sustinet.
3320 5546 3548 5603 Rursum
3596 5550 3873 5617 magnani-

2308 5645 2459 5697 mitas
2484 5646 2646 5697 virtus
2672 5656 2783 5705 est,
2810 5644 2988 5711 illique
3016 5644 3181 5698 vicina
3206 5653 3287 5699 est
3317 5642 3657 5711 prodigalitas
3688 5663 3697 5693 :
3725 5657 3871 5697 meo.

2310 5738 2481 5789 nuntia
2530 5736 2699 5789 virtus
2742 5743 2854 5797 est,
2898 5735 3099 5803 ipsique
3129 5736 3295 5787 vicina
3327 5745 3405 5787 est
3448 5735 3775 5802 parcimonia
3821 5746 3870 5787 ct

2311 5828 2571 5883 sutditics.
2616 5829 2714 5896 δερ
2749 5842 3115 5895 crgo,rur:~tnn
3146 5827 3361 5881 virtutes
3395 5824 3700 5894 colligamus
