4076 6526
280 503 385 561 337

358 618 484 685 Quis
505 615 565 670 sit
597 629 707 669 uere
726 611 1095 683 magnanimus.
1113 637 1181 647 ——
1199 606 1311 661 Non
1341 621 1470 674 ergo
1493 605 1862 673 magnanimus

280 720 361 766 est
387 707 659 778 prodigus.
679 700 996 773 Quomodo?
1022 699 1121 765 Qui
1145 699 1287 753 mille
1311 698 1516 766 capitur
1536 695 1698 749 animi
1721 708 1861 748 mor-

280 800 396 866 bis,
430 796 699 869 qnomodo
728 794 901 864 magni
938 790 1096 846 fuerit
1126 789 1331 843 animi?
1375 789 1558 857 Neque
1598 787 1739 842 enim
1774 785 1862 839 ille

279 891 537 962 pecunias
562 895 887 951 contemnet,
920 884 1013 939 sed
1041 885 1201 938 etiam
1227 883 1345 936 aliis
1368 882 1678 951 subjicietur
1699 878 1861 933 animi

280 982 519 1039 morbis:
552 988 608 1035 ut
648 980 691 1033 si
727 978 846 1048 quis
878 976 1176 1031 latronibus
1204 990 1390 1044 parere
1418 983 1677 1044 cogatur,
1725 972 1863 1026 liber

281 1091 391 1129 non
423 1075 521 1129 erit
546 1090 561 1128 :
591 1086 694 1126 non
722 1069 862 1124 enim
885 1084 947 1124 ex
971 1068 1272 1123 divitiarum
1294 1074 1598 1135 contemptu
1624 1063 1679 1117 fit
1699 1077 1859 1133 pecu-

280 1165 489 1218 niarum
515 1161 769 1232 profusio,
798 1160 890 1214 sed
911 1159 1051 1229 quod
1077 1160 1349 1228 ignoretur
1369 1196 1383 1220 ,
1407 1171 1513 1224 quo
1540 1165 1693 1224 pacto
1718 1164 1865 1210 recte

278 1251 699 1322 dispensandum
726 1251 797 1305 sit
824 1269 836 1303 :
874 1265 992 1303 nam
1022 1249 1066 1302 si
1097 1249 1279 1302 liceret
1304 1256 1358 1300 et
1397 1246 1515 1301 illas
1542 1246 1775 1300 retinere
1809 1254 1866 1300 et

280 1344 390 1397 illis
412 1342 535 1409 frui,
566 1342 616 1396 id
644 1343 823 1411 utique
854 1341 1031 1395 vellet.
1060 1338 1159 1405 Qui
1188 1353 1335 1402 vero,
1361 1346 1419 1391 ut
1445 1346 1672 1407 oportet,
1704 1352 1867 1407 pecu-

280 1436 400 1489 nias
428 1434 663 1499 insumit,
693 1434 736 1487 is
758 1436 1125 1501 magnanimus
1156 1439 1237 1485 est
1269 1448 1280 1483 :
1323 1444 1545 1499 magnus
1572 1429 1712 1485 enim
1740 1444 1865 1484 vere

278 1534 366 1580 est
412 1525 500 1578 ille
538 1524 785 1587 animus,
820 1522 909 1591 qui
959 1520 1169 1575 all‘ectui
1209 1537 1314 1574 non
1353 1521 1519 1575 servit
1544 1561 1559 1584 ,
1601 1519 1690 1590 qni
1733 1518 1865 1572 nihil

281 1622 434 1684 putat
468 1627 587 1669 esse
619 1612 893 1683 pecunias.
930 1611 1134 1665 Rursus
1162 1611 1460 1666 (Bconomia
1496 1611 1692 1665 bonum
1732 1621 1814 1663 est
1850 1628 1863 1662 :

277 1716 337 1763 et
357 1719 668 1760 teconomus
708 1705 795 1758 ille
838 1704 1070 1773 optimus
1099 1701 1292 1765 fuerit,
1339 1702 1428 1772 qui
1454 1709 1513 1756 ut
1547 1710 1759 1771 oportet
1787 1704 1867 1754 in-

279 1800 478 1863 sumit,
522 1798 608 1867 qui
639 1812 743 1851 non
772 1806 973 1850 temere
1004 1796 1221 1865 spargit.
1254 1796 1321 1848 At
1349 1797 1415 1849 de
1452 1795 1775 1864 parcimonia
1815 1803 1869 1847 et

281 1889 569 1944 tenacitate
596 1903 702 1941 non
732 1886 872 1941 idem
900 1885 1208 1940 dicendum.
1256 1884 1349 1940 Ille
1388 1900 1618 1954 namque
1649 1886 1822 1939 omnia
1850 1927 1865 1952 ,

279 1990 338 2033 ttt
378 1987 587 2047 oportet
616 1978 875 2042 insumit;
910 1978 995 2031 hic
1022 1992 1149 2031 vero
1184 1992 1249 2031 ne
1282 1978 1512 2031 instante
1538 1976 1751 2046 quidem
1777 1991 1869 2030 ue-

278 2070 536 2125 cessitate
578 2070 831 2138 pecunias
861 2068 1079 2138 profert.
1115 2068 1457 2123 (Economus
1484 2083 1611 2139 ergo
1655 2083 1871 2138 magna-

280 2162 412 2216 nimi
440 2161 601 2215 frater
630 2161 803 2215 fuerit.
829 2160 991 2232 Igitur
1010 2161 1167 2215 simul
1191 2176 1450 2231 ponemus
1474 2162 1869 2231 magnanimum

279 2266 337 2310 et
363 2270 737 2319 teconomum;
768 2255 925 2309 simul
959 2254 1234 2324 prodigum
1262 2264 1311 2309 et
1344 2266 1586 2310 tenacem
1620 2272 1632 2308 :
1662 2256 1871 2324 utrique

279 2347 426 2400 enim
473 2360 539 2400 ex
593 2345 884 2415 pusillitate
920 2346 1082 2398 animi
1123 2345 1225 2399 hoc
1265 2348 1577 2415 patiuntur;
1631 2348 1768 2400 sicut
1814 2356 1868 2400 et

281 2435 361 2489 illi
388 2450 452 2487 ex
481 2434 938 2503 magnanimitate.
968 2434 1044 2490 Ne
1074 2436 1231 2505 igitur
1258 2437 1657 2506 magnanimum
1686 2436 1871 2507 appel-

282 2526 455 2580 lemus
511 2540 671 2592 eum,
712 2527 803 2596 qui
843 2534 1045 2581 temere
1089 2526 1378 2596 impendit,
1435 2527 1530 2582 sed
1578 2542 1739 2593 eum,
1782 2530 1870 2599 qui

280 2624 470 2684 erogat
495 2623 552 2669 ut
569 2624 811 2685 oportet;
842 2631 1011 2687 neque
1034 2632 1374 2672 meonomum
1394 2619 1633 2673 dicamus
1654 2635 1870 2688 parcum

281 2718 333 2764 et
366 2718 604 2764 tenacem
624 2748 639 2773 ,
670 2710 763 2763 sed
791 2724 935 2775 eum,
968 2713 1053 2779 qui
1089 2710 1459 2780 intempestive
1484 2712 1721 2782 pecuniis
1742 2728 1869 2783 par-

282 2800 378 2854 cit.
408 2800 612 2865 Quanta
643 2799 793 2854 dives
820 2800 910 2856 ille
938 2802 1238 2869 insumpsit.
1263 2803 1353 2872 qui
1383 2802 1698 2857 induebatur
1734 2820 1874 2873 pur-

285 2905 415 2961 pura
448 2900 501 2946 et
527 2891 731 2961 bysso(
769 2890 995 2947 Luc.16.
1030 2892 1094 2947 I9
1122 2893 1317 2963 )iSed
1359 2908 1462 2948 non
1507 2903 1622 2949 erat
1648 2910 1870 2964 magna-

283 2984 465 3037 nimus
496 2999 511 3035 :
540 2982 717 3036 anima
762 2998 991 3053 namque
1026 2983 1140 3053 ejus
1185 2994 1240 3039 et
1283 2984 1597 3041 crudelitate
1634 2995 1687 3040 et
1728 2987 1872 3043 mille

283 3074 649 3142 voluptatibus
668 3073 1034 3140 detinebatur;
1063 3075 1177 3129 haec
1196 3086 1372 3131 autem
1392 3077 1661 3145 quomodo
1683 3093 1872 3147 magna

286 3165 485 3220 fuerit?
510 3164 878 3235 Magnanimus
906 3175 1024 3221 erat
1050 3166 1344 3233 Abraham,
1372 3168 1464 3237 qui
1494 3168 1559 3221 ad
1588 3167 1863 3237 hospitali.

287 3267 454 3311 tatem
487 3260 739 3326 pecunias
766 3258 1099 3324 insumebat,
1129 3260 1350 3314 vitulum
1383 3261 1669 3326 mactabat,
1699 3270 1753 3316 et
1784 3262 1870 3317 ubi

286 3364 424 3419 opus
451 3362 563 3405 erat
582 3392 597 3416 ,
626 3366 731 3406 non
762 3350 922 3405 modo
952 3352 1213 3422 pecuniis,
1246 3353 1339 3408 sed
1361 3354 1520 3409 etiam
1544 3355 1735 3409 animus
1762 3371 1873 3410 suae

287 3456 397 3494 non
425 3441 696 3510 parcebat.
737 3442 791 3498 Si
822 3458 950 3513 ergo
994 3445 1284 3499 viderimus
1324 3448 1629 3515 quempiam
1675 3448 1871 3502 lautam

288 3548 532 3588 mensam
563 3544 941 3604 apponentem,
970 3538 1287 3592 meretrices
1316 3548 1370 3592 et
1395 3540 1656 3607 parasitos
1679 3540 1877 3595 haben-

289 3632 397 3677 tem
419 3663 435 3688 ,
465 3639 531 3678 ne
553 3626 947 3694 magnanimum
977 3626 1126 3680 illum
1153 3641 1437 3690 vocemus,
1466 3630 1559 3684 sed
1586 3631 1873 3686 admodum

288 3715 589 3771 sordidum.
618 3717 752 3772 Vide
783 3733 1043 3787 namque,
1078 3731 1206 3789 quot
1230 3722 1429 3776 morbis
1460 3724 1622 3777 animi
1651 3726 1871 3787 serviat,

289 3807 431 3877 gula:
455 3845 472 3872 ,
518 3806 765 3862 absurda:
806 3808 1097 3877 voluptati,
1132 3810 1420 3867 adulationi
1455 3829 1467 3865 :
1501 3814 1589 3882 qui
1638 3830 1763 3869 vero
1793 3815 1877 3869 his

1233 490 1298 546 IN
1339 490 1511 546 ACTA
1558 485 2075 543 APOSTOLORUM.
2120 483 2344 539 IIOMIL.
2393 480 2574 539 XLIX.

3452 482 3557 538 338

1967 598 2211 653 addictus
2253 607 2371 662 est,
2420 607 2477 652 ut
2519 611 2588 652 ne
2631 611 2791 651 unum
2843 596 3057 665 quidem
3096 612 3279 653 eorum
3324 598 3557 671 elfupre

1970 693 2171 761 possit,
2210 690 2483 761 quomodo
2522 692 2643 761 quis
2693 692 3095 760 magnanimum
3140 694 3334 749 vocet?
3378 696 3559 765 Itaque

1968 782 2115 837 illum
2165 782 2289 836 hinc
2338 783 2512 853 potius
2540 782 2937 851 pusillanimum
2968 783 3275 839 vocabimus
3313 799 3326 845 ;
3356 795 3557 849 quanto

1970 874 2119 943 plura
2142 875 2283 929 enim
2306 874 2627 944 profuderit,
2651 884 2797 929 tanto
2827 876 2994 944 magis
3035 876 3270 931 ostendit
3310 878 3555 931 vitiorum

1968 966 2179 1022 illorum
2225 967 2559 1039 tyrannidem
2609 984 2623 1019 :
2670 968 2769 1022 nisi
2810 968 2953 1024 enim
2994 968 3067 1023 illi
3116 967 3271 1025 valde
3325 971 3561 1040 impera-

1967 1068 2120 1123 rent,
2150 1076 2256 1115 non
2290 1068 2432 1115 tanta
2466 1061 2777 1115 insumeret.

2040 1152 2376 1223 Eleemosyna
2402 1153 2801 1206 commendatur.
2826 1181 2896 1193 -—
2924 1153 3151 1207 Rursum
3186 1154 3227 1206 si
3267 1152 3560 1209 viderimus

1972 1242 2276 1314 quempiam
2306 1243 2434 1297 nihil
2463 1242 2654 1297 horum
2682 1242 2874 1298 talibus
2904 1254 3215 1313 crogantem
3239 1286 3252 1309 ,
3284 1244 3377 1299 sed
3418 1260 3552 1313 pan-

1970 1348 2126 1403 peres
2164 1344 2507 1404 pascentem,
2546 1348 2743 1403 egenos
2778 1333 3054 1402 juvantem
3077 1377 3091 1399 ,
3136 1350 3259 1389 cum
3304 1335 3561 1405 frugalem
3608 1400 3611 1402 q

1970 1424 2071 1479 sibi
2115 1432 2267 1493 paret
2324 1438 2599 1486 mensam,
2648 1420 2789 1477 hunc
2826 1423 3116 1479 admodum
3163 1427 3562 1495 magnanimum

1971 1516 2211 1569 dicamus
2254 1534 2266 1569 :
2312 1516 2489 1585 magni
2538 1515 2737 1585 quippe
2781 1525 2864 1570 est
2893 1517 3054 1571 animi
3087 1532 3237 1572 suam
3285 1518 3567 1587 despicere

1972 1612 2203 1679 quietem
2231 1652 2245 1677 ,
2278 1618 2332 1664 et
2358 1610 2589 1664 alienam
2616 1624 2825 1664 curare.
2859 1610 2955 1664 Dic
2980 1612 3121 1666 enim
3153 1611 3306 1676 mihi,
3335 1614 3379 1665 si
3406 1627 3563 1680 quem

1973 1700 2184 1755 videres
2245 1709 2502 1770 tyrannos
2538 1714 2726 1754 omnes
2766 1700 3191 1770 despicientem,
3243 1702 3565 1772 illorumque

1967 1791 2114 1861 jussa
2141 1791 2288 1845 nihili
2320 1791 2641 1857 facientem,
2678 1806 2774 1846 eos
2803 1803 2982 1847 autem
3014 1793 3104 1863 qui
3140 1793 3207 1849 ab
3248 1793 3352 1847 illis
3381 1796 3567 1864 oppri-

1974 1895 2191 1940 muntur
2233 1886 2549 1955 eripientem
2603 1902 2619 1941 :
2667 1900 2844 1940 annon
2889 1886 2990 1941 hoc
3023 1902 3272 1956 magnum
3307 1888 3567 1956 putares?

1975 1976 2086 2030 Hoc
2111 1986 2166 2030 et
2194 1977 2278 2030 hic
2304 1977 2620 2045 cogitemus.
2655 1978 2831 2030 Animi
2860 1976 3081 2033 affectus
3107 1987 3161 2034 et
3190 1979 3360 2034 morbi
3386 1987 3567 2049 tyran-

1976 2068 2026 2121 ni
2056 2075 2216 2131 sunt;
2250 2067 2295 2121 si
2320 2066 2438 2120 illos
2466 2066 2895 2135 despexerimus,
2928 2070 3104 2137 magni
3137 2070 3368 2134 erimus;
3401 2070 3445 2123 si
3469 2085 3566 2123 ειυς

1978 2168 2083 2211 tem
2105 2158 2250 2211 alios
2278 2158 2600 2227 eripiamus,
2640 2158 2799 2227 longe
2840 2159 3073 2228 majores
3105 2177 3118 2214 :
3148 2169 3201 2214 et
3227 2160 3421 2215 merito
3444 2161 3569 2230 qui—

1976 2249 2121 2303 dem.
2172 2248 2303 2302 Nam
2346 2249 2435 2318 qui
2483 2264 2586 2302 non
2616 2248 2779 2303 modo
2808 2250 2908 2304 sibi
2941 2250 3252 2317 sufficiunt,
3283 2250 3376 2306 sed
3406 2252 3568 2305 etiam

1977 2340 2116 2404 aliis,
2150 2340 2383 2408 majores
2410 2348 2536 2395 sunt
2558 2340 2682 2405 illis,
2715 2342 2806 2411 qui
2839 2351 3088 2397 neutrum
3118 2328 3337 2398 faciunt:
3363 2344 3417 2398 Si
3440 2360 3570 2400 vero

1978 2433 2097 2500 quis
2144 2447 2171 2484 a
2215 2440 2441 2502 tyranno
2476 2432 2658 2501 jussus
2695 2448 2760 2487 ex
2802 2433 3031 2488 subditis
3075 2434 3238 2488 alium
3271 2434 3562 2501 verberet,

1978 2526 2138 2579 alium
2173 2524 2379 2589 trahat,
2410 2525 2572 2579 alium
2602 2528 2928 2583 contumelia
2957 2526 3154 2583 efficiat
3174 2568 3191 2593 ,
3220 2543 3287 2582 an
3321 2530 3421 2583 hoc
3452 2545 3567 2583 ma-

1978 2616 2216 2685 gnanimi
2257 2630 2380 2671 esse
2406 2616 2686 2671 dicamus?
2714 2617 3168 2688 Haudquaquam,
3202 2630 3256 2675 et
3285 2629 3435 2675 tanto
3470 2621 3572 2673 mi-

1982 2721 2113 2772 nus,
2155 2714 2360 2775 quanto
2400 2707 2572 2776 major
2618 2707 2707 2762 ille
2760 2708 2942 2764 fuerit.
2984 2710 3060 2763 Ita
3105 2724 3193 2764 res
3232 2711 3282 2763 in
3318 2710 3569 2779 prmscnti

1978 2806 2063 2851 est
2105 2819 2117 2851 :
2166 2812 2311 2851 nunc
2345 2797 2487 2851 enim
2520 2798 2836 2867 proponitur
2854 2800 3031 2854 anima
3062 2801 3258 2855 nobilis
3288 2811 3341 2855 et
3369 2802 3569 2867 libera;

1981 2887 2119 2943 hanc
2169 2890 2426 2959 prodigus
2464 2891 2624 2960 jussit
2675 2891 2878 2960 percuti
2928 2908 2958 2947 a
3002 2894 3180 2963 pravis
3226 2894 3510 2949 aﬂ'ectibus
3557 2913 3570 2948 :

1978 2994 2173 3034 eumne
2194 2980 2285 3050 qui
2310 2981 2545 3051 seipsum
2580 2983 2809 3050 percutit
2833 3024 2848 3049 ,
2878 2988 3274 3053 magnanimum
3296 2985 3575 3041 dicemus?

1978 3068 2348 3139 Nequaquam.
2383 3071 2523 3141 Ergo
2546 3071 2815 3128 discamus
2840 3116 2853 3139 ,
2885 3075 3012 3143 quid
3044 3075 3114 3129 sit
3140 3078 3570 3147 magnanimitas,

1980 3160 2107 3230 quid
2151 3162 2533 3230 prodigalitas;
2580 3164 2708 3234 quid
2754 3166 3144 3231 mansuetudo,
3175 3168 3301 3237 quid
3331 3169 3571 3239 ignavia;

1980 3252 2108 3322 quid
2133 3252 2345 3308 dicendi
2372 3254 2627 3322 libertas,
2657 3256 2783 3326 quid
2815 3257 3038 3312 audacia
3075 3280 3089 3312 .-
3124 3267 3180 3312 ut
3202 3258 3316 3314 haec
3348 3260 3490 3316 inter
3516 3278 3577 3318 se

1980 3345 2389 3416 distiuguentes,
2411 3362 2679 3418 possrmus
2701 3350 2927 3405 Domino
2956 3351 3226 3420 placentes
3254 3363 3574 3423 praesentem

1980 3441 2143 3492 vitam
2177 3440 2474 3509 transigere
2494 3481 2509 3505 ,
2540 3450 2595 3495 et
2620 3440 2799 3497 futura
2824 3443 3080 3512 consequi
3110 3443 3250 3498 bona
3274 3484 3288 3508 ,
3322 3446 3492 3514 gratia
3521 3455 3576 3500 et

1980 3530 2310 3600 benignitate
2352 3530 2621 3602 Unigeniti
2657 3533 2774 3602 ejus
2799 3575 2815 3601 ,
2849 3534 3063 3603 quicum
3096 3534 3239 3589 Patri
3278 3544 3332 3590 et
3355 3535 3579 3605 Spiritui

1982 3629 2171 3676 sancto
2219 3622 2388 3691 gloria
2412 3662 2425 3686 ,
2464 3622 2746 3691 imperium
2768 3666 2783 3689 ,
2816 3624 2991 3679 honor
3014 3666 3026 3687 ,
3061 3641 3202 3681 nunc
3242 3635 3296 3681 et
3326 3642 3571 3697 semper,

1981 3723 2033 3766 et
2062 3714 2113 3767 in
2141 3714 2335 3770 szccula
2368 3715 2711 3770 saeculorum.
2743 3716 2937 3772 Amen.

287 3931 3564 3975 mw

1618 4027 1961 4089 HOMILIA
2008 4029 2244 4091 XLIX.

289 4151 424 4207 Cn.
466 4149 557 4205 25.
604 4164 658 4202 ν.
715 4148 769 4204 6.
821 4149 1000 4204 Sciens
1059 4160 1225 4204 autem
1276 4150 1474 4206 Paulus
1504 4194 1517 4218 ,
1567 4155 1702 4223 quod
1776 4173 1879 4209 una

373 4257 494 4311 pars
541 4250 668 4295 esset
700 4238 1139 4307 Saddurworum,
1188 4252 1233 4296 et
1270 4244 1430 4296 altera
1476 4242 1877 4310 Pharisworum,

367 4334 665 4388 exclamauit
704 4333 755 4386 in
782 4333 1036 4387 concilio:
1075 4332 1183 4387 Viri
1224 4335 1428 4402 fratres,
1458 4352 1548 4405 ego
1588 4336 1879 4391 Phariscus

365 4440 500 4489 sum,
526 4423 777 4478 Pltaristei
815 4424 997 4490 ﬁlius;
1046 4424 1108 4478 de
1141 4440 1229 4494 spe
1257 4436 1302 4479 et
1338 4428 1701 4481 resurrectione
1740 4445 1879 4483 mor-

371 4529 575 4569 tuorum
598 4533 688 4587 ego
723 4516 953 4585 judicor.
996 4517 1049 4570 7.
1101 4516 1167 4570 Et
1204 4534 1316 4570 cum
1347 4518 1441 4572 hoc
1470 4519 1699 4585 dixisset,
1746 4524 1882 4590 facta

367 4617 441 4662 est
466 4608 708 4661 dissensio
730 4610 860 4661 inter
892 4607 1178 4661 Pltaristcos
1200 4618 1244 4662 et
1270 4608 1585 4664 Sadducwos
1603 4620 1647 4664 et
1670 4611 1883 4665 discissa

371 4711 441 4756 est
487 4701 777 4755 multitudo.
806 4700 857 4756 8.
887 4699 1161 4756 Sadductei
1209 4703 1341 4755 enim
1386 4703 1583 4770 dicunt,
1630 4720 1729 4757 non
1780 4721 1886 4759 esse

372 4792 820 4858 resurrectionem,
876 4808 1033 4861 neque
1074 4793 1347 4863 angelum,
1398 4810 1556 4863 neque
1603 4796 1883 4865 spiritum:

372 4884 629 4939 Pharisozi
654 4895 824 4938 autem
854 4895 1067 4953 utraque
1092 4886 1417 4953 conﬁtentur.

377 4977 425 5031 1.
458 4975 690 5029 Rursum
740 4974 973 5029 humano
1027 4992 1176 5031 more
1223 4976 1477 5043 disserit,
1531 4994 1631 5033 nec
1670 4994 1887 5050 semper

298 5065 471 5135 gratia
503 5063 697 5119 fruitur
722 5083 736 5131 ;
776 5066 871 5121 sed
896 5066 1057 5122 etiam
1088 5068 1286 5137 aliquid
1309 5085 1338 5121 a
1364 5070 1542 5139 seipso
1564 5073 1887 5141 permittitur

302 5158 541 5222 aﬂ‘erre;
572 5156 620 5211 id
648 5157 791 5226 quod
824 5173 952 5212 sane
982 5158 1141 5213 facit:
1174 5171 1227 5216 et
1254 5162 1303 5215 in
1336 5161 1440 5217 hoc
1468 5172 1521 5217 et
1551 5163 1601 5217 in
1641 5166 1889 5235 sequenti

305 5248 570 5302 rationem
599 5247 812 5313 reddit,
841 5258 899 5301 ut
940 5250 1145 5304 scindat
1181 5253 1573 5309 multitudinem
1605 5264 1790 5310 contra
1831 5272 1890 5313 se

306 5340 446 5397 male
466 5341 825 5412 conjunctam.
852 5341 1033 5412 Neque
1065 5346 1338 5410 mentitur,
1362 5361 1481 5401 eum
1512 5362 1571 5401 se
1599 5347 1729 5402 dicit
1753 5348 1890 5402 Pha-

306 5434 557 5488 rismum:
606 5434 910 5490 Pbarismus
965 5436 1107 5489 enim
1149 5447 1262 5492 erat
1321 5454 1389 5493 ex
1437 5440 1887 5509 progenitoribus.

310 5525 435 5580 Ideo
454 5526 526 5579 ita
552 5540 671 5581 sese
719 5527 988 5584 defendit:
1014 5527 1310 5583 Pitariswus
1340 5548 1430 5601 ego
1461 5550 1573 5584 sunt
1594 5574 1607 5597 ,
1642 5531 1893 5587 Pharisazi

309 5617 471 5684 ﬁlius,
500 5626 549 5669 et
578 5616 641 5670 de
665 5633 755 5686 spe
783 5635 841 5669 ac
876 5621 1240 5673 resurrectione
1287 5631 1605 5675 mortuorum
1634 5640 1725 5693 ego
1746 5625 1893 5689 judi-

308 5726 415 5765 cor.
444 5708 580 5778 Quia
609 5710 753 5765 enim
786 5710 858 5763 illi
890 5711 1139 5766 uolebant
1170 5712 1347 5766 dicere
1376 5729 1473 5767 cur
1504 5715 1649 5767 illum
1678 5715 1886 5783 judica-

310 5813 452 5867 rent,
482 5803 694 5873 cogitur
714 5803 825 5872 jam
858 5802 945 5856 ille
984 5802 1035 5856 id
1072 5804 1370 5859 enuntiare.
1421 5806 1669 5860 Pharisa’i
1700 5818 1889 5870 autem,

312 5894 503 5964 inquit,
533 5906 743 5966 utraque
773 5890 1096 5959 confitentur.
1142 5895 1302 5965 Atqui
1343 5898 1439 5951 tria
1465 5908 1615 5953 sunt:
1648 5914 1741 5954 cur
1763 5914 1893 5967 ergo

1985 4157 2113 4212 dicit
2145 4157 2417 4230 Utraque?
2461 4160 2556 4217 Vel
2600 4161 2741 4232 quod
2790 4164 3010 4234 Spiritus
3051 4174 3103 4219 et
3140 4165 3363 4235 angelus
3413 4183 3576 4221 unum

1987 4250 2091 4301 sint
2117 4266 2130 4314 ;
2164 4251 2247 4305 vel
2276 4252 2399 4320 quia
2422 4252 2588 4308 dictio
2632 4254 2716 4308 illa
2751 4270 2856 4310 non
2901 4256 3076 4310 solum
3108 4257 3175 4313 de
3201 4258 3412 4313 duobus
3436 4301 3451 4325 ,
3486 4261 3583 4315 sed

1987 4339 2147 4393 etiam
2175 4339 2242 4394 de
2284 4341 2456 4397 tribus
2499 4344 2783 4412 accipitur.
2828 4345 3011 4413 Itaque
3035 4346 3228 4403 latiore
3250 4364 3351 4403 usu
3386 4358 3440 4403 et
3471 4364 3577 4404 non

1988 4431 2205 4499 proprie
2247 4432 2327 4486 sic
2351 4433 2605 4502 loquutus
2639 4445 2742 4489 est.
2784 4436 2851 4490 Et
2880 4436 3038 4491 vide:
3068 4439 3285 4506 quando
3328 4455 3451 4494 cum
3475 4442 3580 4494 illis

1988 4519 2108 4587 fuit,
2159 4531 2282 4577 tunc
2318 4525 2435 4593 ejus
2482 4540 2699 4579 causam
2742 4526 3136 4583 defendendam
3182 4532 3500 4599 suscipiunt.
3527 4533 3568 4590 9.

1996 4631 2014 4662 ι
2052 4610 2246 4667 Factus
2273 4624 2373 4677 est,
2409 4614 2601 4684 inquit,
2649 4618 2855 4672 clamor
2892 4633 3156 4689 magnus;
3197 4630 3254 4675 et
3289 4634 3575 4692 surgentes

1991 4705 2181 4758 scriba:
2218 4720 2283 4759 ex
2314 4714 2465 4775 parte
2493 4706 2911 4775 Pharistnorum,
2944 4712 3281 4780 pugnabant.
3296 4713 3575 4771 dicentes:

1990 4793 2131 4849 Nihil
2166 4796 2289 4850 mali
2338 4798 2639 4853 invenimus
2667 4799 2719 4853 in
2758 4799 2979 4857 homine
3010 4804 3131 4858 hoc.
3162 4804 3315 4872 Quod
3340 4808 3381 4861 si
3418 4809 3581 4877 spiri-

1993 4896 2078 4941 tus
2125 4888 2377 4957 loquutus
2418 4900 2501 4945 est
2549 4892 2599 4945 ei
2656 4893 2737 4947 vel
2792 4895 3056 4963 angelus,
3109 4912 3176 4951 ne
3224 4914 3590 4971 repugnemus

1993 4980 2123 5035 Deo.
2160 4999 2180 5033 ι
2210 4981 2277 5035 Ει
2306 4996 2402 5036 cur
2434 4997 2544 5037 non
2579 4984 2809 5040 antehac
2833 4986 2981 5041 illum
3015 4987 3418 5048 defenderunt?
3448 4993 3583 5061 Quia

1995 5070 2099 5125 illis
2122 5072 2360 5127 nondum
2391 5076 2717 5131 commixtus
2746 5086 2883 5145 erat,
2934 5094 3129 5149 neque,
3156 5092 3443 5153 antequam
3467 5102 3589 5142 sese

1994 5162 2321 5230 defenderet,
2360 5175 2545 5221 notum
2578 5176 2694 5223 erat
2717 5169 2894 5238 ipsum
2924 5186 2953 5224 a
2981 5172 3276 5241 majoribus
3305 5190 3426 5231 esse
3449 5178 3586 5233 Pha-

1996 5254 2231 5309 risaaum.
2260 5256 2455 5324 Vides,
2515 5260 2731 5329 quando
2777 5261 2940 5315 animi
2986 5262 3209 5319 affectus
3248 5266 3586 5335 abscedunt,

1996 5347 2266 5415 quomodo
2309 5351 2509 5404 veritas
2551 5352 2894 5421 reperiatur?
2955 5352 3070 5408 Hoc
3118 5370 3245 5410 vero
3285 5358 3586 5428 signiﬁcant

1998 5439 2072 5492 illi
2104 5438 2292 5506 :Quod
2316 5442 2521 5496 crimen
2546 5483 2561 5506 ,
2593 5444 2635 5495 si
2666 5444 2892 5513 angelus
2914 5445 3168 5514 loquutus
3209 5458 3293 5502 est
3322 5449 3393 5515 ei,
3427 5460 3517 5503 aut
3544 5454 3589 5505 si

1999 5534 2242 5601 spiritus,
2260 5542 2313 5588 et
2342 5534 2521 5589 abillo
2552 5536 2827 5591 institutus
2855 5538 2933 5592 sic
2959 5538 3025 5593 de
3053 5540 3456 5596 resurrectione
3483 5542 3584 5595 do-

1998 5627 2159 5678 ceat‘t
2202 5626 2342 5695 Ergo
2384 5626 2737 5683 abscedamus
2761 5630 2968 5694 abillo,
3005 5647 3094 5691 ne.
3145 5632 3189 5687 si
3220 5649 3339 5687 cum
3365 5636 3457 5689 illo
3490 5652 3587 5702 pu-

2000 5732 2245 5786 gnemus,
2267 5720 2427 5774 Deum
2459 5723 2619 5776 etiam
2642 5722 3034 5793 impugnemus.
3054 5712 3187 5781 Vide
3210 5726 3329 5780 illos
3357 5728 3589 5795 pruden-

2003 5817 2082 5861 ter
2110 5810 2473 5867 defensionem
2504 5820 2772 5882 parantes,
2806 5815 2971 5869 Paulo
3013 5817 3212 5870 nullam
3245 5818 3374 5886 ipsis
3394 5834 3585 5872 ansam

2002 5902 2299 5970 praebente.
2331 5906 2412 5961 10.
2446 5924 2465 5958 ι
2505 5908 2573 5961 At
2599 5922 2721 5961 cum
2751 5923 2940 5977 magna
2968 5912 3235 5965 dissensio
3267 5911 3403 5966 facta
3426 5920 3594 5980 esset,
