4076 6496
600 436 700 490 339

599 558 790 607 tuticus
820 551 1077 617 tribunus,
1111 565 1175 604 ne
1206 549 1590 618 discerperetur
1621 545 1809 599 Paulus
1838 544 1903 595 ab
1932 540 2159 609 eis,jus-

599 644 661 697 Sit
690 642 976 697 exercitum
1003 640 1327 695 descendere
1350 657 1362 702 ;
1390 652 1675 707 rapereque
1695 636 1863 703 ipsum
1891 632 1957 685 de
1984 632 2159 685 medio

598 748 778 786 eorum
809 748 871 787 ac
899 732 1167 789 deducere
1190 732 1241 784 in
1271 740 1461 784 castra.
1503 746 1521 778 ι
1551 724 1952 780 Timetdemum
1988 722 2156 774 tribu-

597 838 716 889 nus,
746 840 808 878 ne
838 824 1189 892 discerpatur,
1222 825 1339 892 quia
1368 822 1652 875 dixeratse
1682 820 1976 871 Romanum
2009 829 2154 868 esse:

598 913 737 968 unde
764 929 868 968 non
903 914 1019 970 sine
1068 914 1301 982 periculo
1341 925 1425 965 res
1455 918 1587 965 eral.
1640 908 1823 962 Viden'
1851 906 1999 959 illum
2036 903 2157 972 jure

598 1005 792 1059 lassum
818 1020 936 1060 esse
959 1022 1018 1061 se
1046 1018 1164 1059 esse
1192 1004 1483 1057 Romanum
1506 1003 1527 1055 ?
1549 1001 1779 1071 alioquin
1810 1015 1979 1069 neque
2016 1013 2157 1052 nunc

596 1108 739 1152 metu
770 1108 1007 1153 retentus
1033 1098 1239 1151 fuisset.
1284 1097 1562 1151 Exercitus
1592 1111 1720 1149 vero
1771 1094 1981 1148 demum
2013 1092 2155 1151 abri-

596 1190 672 1256 pit
697 1204 837 1243 eum.
872 1188 939 1244 Ut
980 1198 1157 1243 autem
1203 1188 1447 1241 viderunt
1491 1188 1697 1243 scelesti
1720 1202 1903 1242 onmes
1934 1195 2155 1239 conatus

596 1295 721 1333 suos
768 1280 944 1333 irritos
983 1294 1123 1345 esse,
1172 1295 1266 1348 per
1309 1294 1368 1333 se
1414 1279 1590 1331 omnia
1634 1279 1825 1330 faciunt
1862 1295 1874 1329 :
1908 1276 2155 1330 volebant

595 1370 807 1438 quidem
843 1380 897 1424 et
924 1370 1151 1425 antehac
1176 1411 1191 1435 ,
1236 1370 1329 1425 sed
1359 1370 1578 1425 cohibiti
1625 1371 1829 1424 fuerant
1859 1385 1871 1419 :
1899 1370 1966 1422 ita
1996 1382 2149 1420 num.

593 1475 748 1528 quam
777 1461 1013 1515 subsistit
1036 1462 1264 1529 nequitia
1293 1501 1307 1525 ,
1351 1468 1425 1514 tot
1467 1460 1623 1514 rebus
1653 1458 1937 1527 impedita:
1971 1472 2155 1527 quam-

594 1552 672 1605 \is
700 1568 815 1621 qua:
857 1568 961 1606 non
1004 1553 1302 1621 dispensata
1348 1563 1528 1617 erant,
1563 1561 1616 1605 ut
1649 1559 1701 1604 et
1740 1550 1968 1603 furorem
1997 1549 2153 1602 seda-

593 1650 731 1707 rent,
763 1651 815 1694 et
843 1657 904 1695 ea
934 1642 1218 1705 discerem,
1249 1656 1341 1710 per
1369 1656 1486 1708 qua:
1527 1640 1926 1708 resipiscerent!
1955 1638 2152 1693 Nihilo—

594 1731 765 1785 minus
786 1732 1001 1785 instant.
1044 1730 1228 1800 Magna
1272 1740 1419 1785 certe
1464 1740 1545 1785 est
1585 1730 1825 1786 defensio
1875 1730 1986 1794 illa,
2011 1729 2149 1799 quod

592 1822 769 1887 homo,
801 1839 958 1892 quem
992 1839 1114 1878 mox
1139 1824 1455 1893 discerpturi
1484 1832 1654 1888 erant,
1685 1832 1867 1892 raptus
1896 1833 2035 1875 tanta
2062 1837 2152 1889 pe.

590 1913 752 1965 ricula
783 1912 1042 1982 effugerit.
1078 1931 1096 1963 ι
1126 1914 1209 1967 ti.
1243 1912 1493 1981 Sequenti
1524 1924 1697 1966 autem
1731 1922 1883 1965 nocte
1898 1911 2151 1965 assistens

588 2004 637 2057 ei
661 2004 932 2071 Dominus,
955 2005 1028 2058 ait
1052 2022 1065 2058 :
1095 2004 1356 2059 Constans
1382 2014 1498 2058 esto
1524 2023 1536 2058 :
1564 2004 1701 2058 sicut
1730 2004 1869 2057 enim
1900 2004 2148 2057 testiﬁca-

594 2100 674 2145 tus
696 2107 753 2146 cs
791 2092 856 2147 de
885 2109 969 2147 me
1009 2094 1058 2146 in
1100 2093 1390 2147 Jerusalem
1412 2134 1426 2158 ,
1459 2092 1534 2146 sic
1559 2102 1609 2146 te
1634 2102 1841 2161 oportet
1870 2103 1930 2147 et
1964 2093 2148 2147 Romae

591 2180 878 2235 tcStiticari.
902 2180 982 2235 12.
1009 2181 1167 2235 Facta
1197 2193 1371 2236 autem
1400 2183 1487 2238 die
1510 2183 1835 2253 collegerunt
1855 2201 1913 2239 se
1934 2185 2147 2254 quidam

587 2285 649 2323 ex
676 2269 901 2336 .ludaeis,
936 2280 989 2325 et
1015 2271 1344 2327 devorerunt
1368 2288 1424 2327 se
1446 2273 1698 2337 dicentes,
1732 2290 1902 2345 neque
1932 2277 2151 2330 mandu—

590 2371 805 2416 caturus
838 2377 1008 2432 neque
1054 2364 1335 2429 bibituros,
1364 2364 1533 2420 donec
1579 2366 1883 2421 occiderent
1906 2368 2143 2422 Paulum.

592 2450 678 2503 i5.
733 2451 892 2505 Erant
936 2461 1109 2507 autem
1166 2453 1281 2522 plus
1324 2469 1480 2524 quam
1524 2457 1867 2526 quadraginta
1914 2460 2030 2524 viri,
2061 2460 2147 2526 qui

592 2540 724 2593 hanc
754 2543 1171 2608 conjurationem
1202 2543 1460 2599 fecerunt.
1496 2547 1830 2602 Devoverunt
1853 2548 2075 2618 seipsos,
2121 2569 2139 2601 ι

588 2632 775 2701 inquit.
806 2632 991 2688 Viden‘
1014 2651 1171 2704 quam
1195 2637 1301 2690 sint
1328 2638 1542 2691 violenti
1574 2648 1626 2692 et
1652 2640 1938 2695 ulciscendi
1971 2642 2147 2707 cupidi

506 2755 512 2762 -
588 2724 639 2777 in
667 2725 915 2793 nequitia.
948 2725 1082 2793 Quid
1105 2737 1203 2791 est,
1235 2727 1304 2783 Se
1319 2730 1615 2785 devoverant
1638 2732 1662 2783 ?
1688 2732 1740 2786 id
1768 2742 1870 2797 est,
1897 2734 2152 2789 Dixerunt

593 2829 651 2869 se
672 2829 788 2870 esse
813 2826 959 2870 extra
983 2816 1138 2871 ﬁdem
1168 2819 1217 2872 in
1254 2820 1436 2885 Deum,
1469 2822 1569 2875 nisi
1593 2822 1733 2891 quod
1760 2823 2144 2891 decreverant,

586 2918 769 2961 contra
800 2907 1015 2962 Paulum
1063 2909 1367 2979 implerent.
1413 2911 1553 2981 Ergo
1597 2928 1810 2981 semper
1848 2924 1972 2969 sunt
2020 2932 2147 2971 ana-

600 2996 921 3050 thematizati
946 2997 1017 3051 illi
1045 3014 1057 3050 :
1090 3014 1261 3069 neque
1285 3002 1425 3055 enim
1466 3002 1773 3058 occiderunt
1809 3004 2049 3060 Paulum.
2083 3008 2147 3062 Et

585 3084 929 3154 quadraginta
956 3087 1114 3141 simul
1134 3093 1473 3144 conveniunt.
1505 3092 1649 3147 Talis
1675 3104 1851 3149 autem
1868 3111 1998 3165 gens
2024 3107 2106 3152 est
2130 3115 2145 3150 :

586 3176 795 3245 quando
824 3178 877 3231 in
910 3177 1105 3232 bonum
1134 3182 1552 3235 conveniendum
1574 3192 1675 3249 est,
1708 3200 1879 3254 neque
1905 3186 2008 3241 duo
2027 3202 2151 3241 con-

585 3276 830 3331 currunt;
862 3268 1072 3337 quando
1091 3280 1268 3323 autem
1301 3272 1351 3324 iu
1380 3271 1598 3336 malum,
1633 3275 1857 3343 populus
1891 3283 2052 3333 totus.
2080 3278 2149 3332 Et

590 3357 765 3413 socios
793 3370 1069 3415 assumunt
1118 3362 1276 3416 etiam
1320 3364 1585 3433 principes
1616 3382 1631 3421 :
1660 3366 1780 3421 ideo
1817 3368 1917 3422 hoc
1942 3370 2147 3438 signiti-

585 3463 712 3502 cans
741 3449 889 3504 addit
922 3469 937 3505 :
965 3452 1053 3506 H.
1090 3470 1110 3504 ι
1145 3452 1241 3520 Qui
1274 3467 1614 3510 accesserunt
1655 3459 1719 3511 ad
1762 3460 2027 3529 principes
2063 3477 2149 3516 sa-

586 3538 858 3593 cerdotum
890 3549 944 3595 et
962 3542 1202 3597 seniores
1225 3585 1239 3609 ,
1264 3554 1317 3598 et
1342 3544 1591 3600 dixerunt
1618 3566 1631 3600 :
1658 3547 1947 3603 Devotionc
1977 3551 2147 3606 devo-

587 3632 759 3685 vimus
802 3647 899 3687 nos
935 3632 1067 3687 nihil
1096 3644 1418 3704 gustaturos,
1459 3637 1629 3693 donec
1680 3640 1983 3696 occidamus
2012 3644 2141 3698 Pau‘

588 3723 716 3776 lum.
751 3725 838 3779 t5.
864 3725 1013 3780 Nunc
1059 3742 1186 3798 ergo
1236 3744 1328 3784 vos
1363 3740 1547 3785 notum
1588 3732 1743 3789 facite
1766 3735 1978 3790 tribuno
2026 3752 2144 3790 cum

586 3816 832 3881 concilio,
867 3826 922 3871 ut
946 3818 1200 3886 producat
1229 3821 1372 3876 illum
1404 3823 1467 3876 ad
1499 3839 1623 3891 vos,
1658 3835 1921 3895 tamquam
1951 3829 2147 3897 aliquid

587 3905 783 3957 certius
812 3906 1117 3975 cognituros
1163 3908 1229 3963 de
1255 3926 1320 3965 eo
1364 3929 1377 3964 ε
1418 3927 1513 3966 nos
1563 3930 1687 3968 vero
1716 3917 2019 3985 priusquam
2051 3934 2147 3986 ap-

590 3995 923 4063 propinquat,
949 3999 1118 4065 parati
1146 4016 1328 4056 sumus
1368 4003 1666 4058 interficere
1697 4007 1864 4061 illum.
1898 4009 1979 4063 16.
2013 4009 2145 4064 Cum

587 4085 824 4141 audisset
877 4098 1053 4143 autem
1108 4091 1247 4147 ﬁlius
1296 4096 1495 4149 sororis
1549 4096 1692 4151 Pauli
1726 4100 2149 4166 insidias,venit

587 4187 639 4231 et
674 4179 888 4233 intravit
937 4182 987 4235 in
1040 4192 1209 4238 castra
1234 4226 1248 4249 ,
1284 4188 1647 4257 nuntiavitque
1693 4191 1874 4245 Paulo.
1928 4194 2013 4247 17.
2048 4195 2147 4249 Vo-

585 4281 715 4320 cans
746 4277 920 4323 autem
974 4271 1168 4326 Paulus
1198 4275 1263 4328 ad
1308 4288 1366 4329 se
1401 4293 1560 4331 unum
1615 4294 1678 4334 ex
1725 4284 2142 4350 centurionibus,

584 4356 656 4409 ait
689 4373 704 4409 :
731 4358 1136 4417 Adolescentem
1169 4364 1309 4419 hunc
1340 4368 1536 4435 perduc
1563 4369 1626 4422 ad
1654 4372 1918 4427 tribunum
1945 4394 1956 4428 :
1986 4376 2146 4430 habet

586 4448 725 4502 enim
758 4450 952 4521 aliquid
983 4454 1055 4507 illi
1100 4455 1458 4511 indicandum.
1492 4460 1577 4514 18.
1613 4461 1680 4515 Et
1705 4463 1793 4517 ille
1818 4467 2029 4534 quidem
2061 4483 2147 4525 as-

592 4556 806 4596 sumens
825 4559 967 4611 eum,
1002 4546 1151 4601 duxit
1178 4548 1242 4600 ad
1269 4550 1557 4604 tribunum.
1597 4571 1614 4603 ›
1661 4553 1886 4609 Rursum
1919 4558 2143 4614 humana

585 4643 827 4690 servatur
872 4638 1222 4705 providentia.
1254 4640 1319 4694 Et
1349 4641 1502 4696 vide:
1539 4644 1737 4698 nullum
1779 4646 1969 4702 Paulus
2022 4651 2145 4705 sinit

590 4728 686 4779 hoc
715 4727 953 4794 discere,
986 4745 1159 4799 neque
1203 4732 1569 4789 centurionem
1593 4776 1607 4800 ,
1643 4752 1708 4789 ne
1755 4753 1842 4792 res
1872 4742 2143 4796 manifesta

597 4816 763 4869 Iieret.
804 4836 823 4867 ε
856 4818 921 4871 Ει
957 4820 1175 4875 veniens
1203 4824 1444 4878 centurio
1473 4826 1735 4879 nuntiavit
1783 4828 1993 4882 tribuno
2016 4872 2028 4893 ,
2062 4832 2143 4885 di-

587 4920 715 4960 ecns
746 4923 759 4959 :
794 4907 1010 4963 Vinctus
1062 4910 1254 4966 Paulus
1293 4918 1497 4983 rogavit
1526 4934 1611 4971 me
1644 4919 1781 4973 hunc
1830 4921 2142 4977 adolescen-

587 5010 693 5054 tcm
728 5001 1023 5069 perducere
1050 5003 1114 5058 ad
1161 5014 1232 5071 te,
1287 5006 1565 5061 habentem
1608 5010 1800 5078 aliquid
1828 5011 1970 5081 loqui
2026 5015 2137 5069 tibi.

589 5090 671 5144 I9.
696 5090 1112 5159 Apprehendens
1143 5105 1316 5149 autem
1347 5096 1586 5151 tribunus
1620 5115 1827 5154 manum
1858 5103 2019 5170 illius,
2052 5122 2140 5161 sc-

584 5182 742 5235 eessit
786 5196 904 5235 cum
931 5198 995 5237 eo
1023 5199 1261 5239 seorsum
1287 5227 1299 5249 ,
1331 5198 1384 5241 et
1411 5188 1753 5258 interrogavit
1800 5209 1918 5247 eum
1954 5213 1966 5249 :
2004 5198 2141 5264 Quid

585 5284 694 5335 est,
724 5275 865 5342 quod
916 5275 1080 5330 habes
1119 5277 1453 5332 indicandum
1503 5282 1671 5335 mihi?
1696 5283 1785 5337 20.
1840 5285 1927 5340 llle
1963 5298 2139 5343 autem

587 5363 746 5415 dixit:
780 5364 943 5419 Judari
988 5369 1357 5436 conSpirarnnt
1388 5380 1444 5425 ut
1490 5385 1739 5443 rogarent
1782 5385 1858 5442 te,
1910 5388 1966 5432 ut
2019 5397 2138 5435 cra-

585 5454 722 5506 stina
752 5454 834 5509 die
864 5458 1123 5525 producas
1165 5462 1384 5516 Paulum
1431 5464 1480 5517 in
1510 5468 1827 5531 concilium,
1864 5474 2011 5539 quasi
2039 5476 2136 5529 ali-

582 5546 705 5613 quid
732 5551 1025 5605 accuratius
1052 5553 1365 5608 seiseitaturi
1395 5557 1460 5609 ab
1509 5558 1621 5611 illo.
1669 5559 1759 5613 2t.
1790 5562 1866 5615 Tu
1908 5580 2033 5620 vero
2071 5584 2137 5623 ne

584 5650 783 5690 morem
832 5642 1057 5707 gesseris
1101 5643 1201 5697 illis
1236 5662 1247 5697 :
1281 5646 1594 5700 insidiantur
1631 5650 1771 5702 cnim
1818 5668 1883 5706 ex
1933 5656 1994 5709 iis
2040 5659 2135 5713 viri

580 5724 756 5791 plures
800 5730 1178 5799 quadraginta,
1230 5736 1314 5803 qui
1362 5738 1563 5806 seipsos
1616 5739 1975 5811 devoverant,
2033 5766 2133 5805 non

585 5817 901 5875 manducare
942 5822 1022 5877 vel
1057 5823 1267 5892 bibere,
1320 5829 1486 5887 donec
1531 5833 1849 5891 interﬁciant
1890 5855 2046 5896 cum:
2081 5855 2133 5897 ct

1294 435 1344 489 S.
1387 430 1655 489 JOANNIS
1691 426 2155 485 Clil‘tYSOSTORIl
2198 424 2505 480 ARCllIEP.
2548 423 3073 480 CONSTANTINOP.

3741 429 3854 484 510

2273 552 2409 591 nunc
2451 539 2612 606 prrali
2642 546 2765 591 sunt
2795 544 3166 605 exspectantes
3196 538 3510 606 promissmn
3545 548 3714 595 tuum.
3748 542 3846 595 2‘2.

2274 632 2541 684 Tribunus
2588 631 2745 699 igitur
2789 632 2989 685 dimisit
3032 630 3461 697 adolescentem,
3498 633 3846 703 prtecipiens.

2266 721 2473 776 Nemini
2496 722 2714 787 dixeris,
2747 723 2887 791 quod
2920 723 3032 777 lucc
3057 723 3121 777 ad
3155 739 3237 778 ine
3267 724 3529 779 retuleris.
3569 746 3587 777 ι

2335 812 2387 864 2.
2432 812 2572 867 Bene
2605 814 2845 867 tribunus
2894 814 3043 882 jubet
3071 815 3347 881 occultari,
3395 832 3461 870 ne
3516 816 3601 870 cui
3651 826 3846 871 nolunt

2268 903 2376 955 ﬁat.
2439 903 2503 957 Et
2561 913 2683 957 tunc
2732 903 2860 957 dicit
2918 908 3358 971 centurionibus,
3408 908 3533 976 quid
3593 918 3847 978 oporteat

2269 992 2413 1057 ﬁeri;
2446 1003 2498 1047 et
2540 994 2763 1047 mittitur
2804 992 3102 1048 Caesaream
3130 1036 3143 1060 ,
3174 1005 3230 1048 ut
3267 996 3376 1049 illic
3401 997 3615 1053 theatro
3644 1000 3694 1052 in
3728 1016 3845 1053 ma-

2259 1083 2378 1153 jore
2440 1085 2700 1151 disserat,
2740 1095 2791 1139 et
2846 1088 2896 1139 in
2945 1087 3239 1157 frequentia
3300 1090 3662 1157 splendidiore
3710 1110 3723 1145 :
3772 1111 3844 1148 ne

2264 1188 2482 1245 possent
2508 1169 2686 1233 dicere
2710 1178 2877 1234 Judtci
2904 1195 2916 1230 :
2948 1179 3002 1235 Si
3029 1179 3341 1234 vidissemus
3368 1181 3624 1247 Paulum,
3658 1185 3843 1240 credi-

2262 1266 2546 1331 dissemus,
2597 1270 2641 1323 si
2672 1270 3006 1324 audissemus
3048 1271 3347 1325 docentem.
3408 1273 3531 1328 ιιιιεο
3578 1291 3706 1345 ergo
3737 1278 3847 1331 illis

2262 1359 2534 1412 excusatio
2564 1359 2765 1413 sublata
2798 1370 2900 1416 est.
2957 1354 3023 1413 Et
3068 1362 3295 1428 adstans,
3348 1365 3537 1433 inquit,
3590 1366 3846 1422 Dominus

2261 1448 2390 1501 dixit
2415 1449 2459 1501 ei
2483 1466 2501 1502 :
2533 1447 2782 1503 Constans
2804 1460 2907 1504 esto
2932 1466 2950 1513 ,°
2990 1452 3119 1505 sicut
3150 1454 3281 1506 enim
3307 1456 3606 1522 testiﬁcatus
3642 1474 3693 1511 es
3716 1459 3846 1511 milia

2268 1539 2319 1592 in
2343 1539 2654 1605 Jerusalem,
2702 1542 2771 1593 ita
2818 1551 3009 1610 oportet
3061 1553 3108 1597 te
3158 1546 3307 1597 etiam
3328 1546 3505 1599 Roma:
3552 1548 3841 1615 testiﬁcari.

2262 1628 2412 1694 Vide,
2445 1630 2601 1684 etiam
2654 1641 2929 1699 postquam
2975 1634 3217 1702 apparuit
3260 1636 3328 1699 ei,
3379 1637 3570 1690 iterum
3616 1639 3843 1707 permit-

2265 1720 2327 1772 tit
2353 1736 2473 1774 eum
2521 1720 2755 1776 humano
2794 1736 2945 1777 more
2984 1724 3205 1778 servari.
3239 1725 3305 1779 Et
3331 1726 3449 1793 jure
3484 1728 3706 1781 Paulum
3744 1730 3830 1784 ad-

2259 1811 2532 1877 miremur,
2566 1814 2839 1882 quomodo
2865 1830 2967 1869 non
2994 1816 3235 1871 turbatus
3264 1818 3452 1883 luerit,
3484 1835 3657 1886 neque
3681 1820 3839 1876 dixe-

2256 1901 2326 1954 rit
2359 1920 2370 1954 :
2401 1901 2537 1967 Quid
2582 1905 2682 1956 hoc
2722 1904 2847 1957 est?
2884 1919 3009 1957 num
3056 1898 3310 1976 deceptus
3353 1924 3471 1961 sum
3517 1924 3542 1961 a
3575 1909 3842 1964 Christo?

2257 1991 2359 2047 Sed
2384 1993 2509 2046 nihil
2540 1994 2837 2063 hujusmodi
2865 1997 3154 2066 cogitavit,
3186 2001 3266 2053 vel
3297 2001 3491 2055 accidit
3522 2002 3597 2067 ei,
3628 2002 3722 2056 sed
3752 2018 3842 2057 SO-

2255 2082 2361 2135 lum
2390 2084 2656 2149 credidit;
2700 2100 2873 2156 neque
2918 2097 3091 2143 tamen
3118 2090 3239 2158 quia
3268 2091 3526 2159 credidit,
3579 2095 3840 2147 dormitao

2256 2173 2351 2237 vit,
2383 2174 2475 2227 sed
2504 2190 2621 2244 qua:
2654 2176 2882 2230 lmmana
2922 2180 3183 2248 sapientia
3239 2182 3502 2249 provideri
3550 2194 3834 2251 poterant,

2256 2278 2359 2315 non
2391 2265 2748 2333 prmtermisit.
2782 2267 2847 2320 Et
2875 2269 3163 2336 perpende,
3208 2272 3472 2339 quomodo
3496 2273 3569 2326 illi
3595 2275 3835 2329 necessi-

2258 2361 2415 2406 ttem
2439 2354 2719 2422 quamdam
2743 2356 2841 2409 sibi
2872 2356 3239 2425 imposuerint,
3284 2376 3403 2414 cum
3445 2376 3565 2416 sese
3594 2362 3835 2418 devove-

2257 2452 2395 2495 ruut.
2429 2444 2563 2498 Ecce
2586 2444 2848 2514 jejunium
2882 2447 3153 2503 homicidii
3194 2462 3379 2505 mater.
3415 2453 3561 2507 Sit-ut
3592 2454 3837 2509 Herodes

2256 2549 2349 2601 per
2375 2534 2736 2603 juramentum
2796 2537 3171 2594 necessitatem
3198 2540 3299 2595 sibi
3352 2543 3635 2612 imposuit,
3680 2546 3757 2599 sic
3780 2555 3837 2600 et

2256 2624 2360 2678 ἰιιὶ.
2385 2625 2543 2679 Tales
2565 2626 2709 2680 enim
2737 2637 2862 2681 sunt
2890 2629 3090 2684 diaboli
3122 2632 3349 2687 venandi
3392 2642 3572 2699 artes;
3620 2636 3836 2703 pietatis

2256 2717 2503 2772 nimirum
2526 2720 2703 2789 specie
2729 2720 2948 2790 laqueos
2991 2723 3177 2778 tendit.
3225 2725 3384 2794 Atqui
3420 2727 3657 2795 oportuit
3682 2744 3835 2783 acce-

2255 2807 2402 2876 dere,
2429 2810 2672 2865 incusare
2694 2853 2707 2876 ,
2740 2812 2949 2881 judices
3002 2828 3194 2885 cogere
3218 2833 3231 2869 :
3266 2815 3379 2871 hare
3406 2817 3548 2872 enim
3575 2833 3682 2872 non
3710 2828 3833 2873 sunt

2254 2898 2611 2965 sacerdotum,
2639 2901 2734 2954 sed
2767 2903 3030 2957 latronum
3059 2920 3072 2969 ;
3107 2906 3221 2960 lucc
3249 2923 3352 2960 non
3384 2908 3709 2979 principum,
3735 2910 3832 2963 sed

2255 2988 2695 3044 facinorosorum.
2724 2992 2788 3045 Et
2809 2992 2928 3048 vide
2959 2995 3247 3064 nequitiam
3274 2997 3543 3068 ingentem
3570 3016 3581 3051 :
3606 3016 3712 3054 non
3743 3016 3833 3055 sa-

2257 3079 2321 3133 tis
2348 3080 2560 3146 habent,
2586 3083 2727 3153 quod
2750 3099 2869 3139 sese
2896 3096 3079 3140 mutuo
3124 3099 3493 3159 corrumpant,
3537 3091 3631 3146 sed
3665 3095 3828 3147 etiam

2256 3172 2542 3241 principem
2574 3190 2673 3227 una
2702 3190 3050 3246 corrumpere
3080 3187 3333 3250 satagunt
3358 3197 3373 3235 :
3397 3181 3625 3252 ideoque
3655 3186 3834 3253 provi-

2255 3276 2371 3315 sum
2400 3274 2501 3329 est,
2537 3273 2594 3319 ut
2616 3266 2703 3321 ille
2726 3269 2882 3321 etiam
2915 3268 3148 3324 disceret
3188 3271 3425 3340 ipsorum
3454 3274 3694 3330 insidias.
3724 3278 3831 3346 Ipsi

2256 3371 2383 3410 vero
2410 3372 2515 3410 non
2564 3359 2737 3413 solum
2759 3376 2823 3415 ex
2868 3377 2952 3429 eo,
3004 3363 3142 3431 quod
3173 3364 3306 3419 nihil
3336 3366 3620 3421 dicendum
3669 3368 3835 3425 habt.»

2256 3458 2393 3514 rent,
2426 3450 2519 3505 sed
2551 3453 2708 3506 etiam
2730 3470 2793 3509 ex
2824 3470 2909 3522 eo,
2943 3457 3085 3526 quod
3108 3457 3242 3512 clam
3266 3458 3600 3526 molirentur,
3634 3476 3831 3533 argue-

2256 3551 2379 3596 runt
2405 3558 2463 3597 se
2490 3545 2641 3598 nihili
2673 3561 2811 3601 esse.
2846 3547 3146 3605 Verisimile
3175 3560 3352 3607 autem
3396 3562 3479 3608 est
3509 3553 3653 3619 illos,
3685 3563 3831 3625 post-

2256 3649 2418 3703 quam
2450 3635 2647 3691 Paulus
2700 3638 3014 3694 amandatus
3055 3650 3173 3707 est,
3225 3656 3468 3700 summos
3522 3646 3833 3702 sacerdotes

2253 3724 2468 3793 adiisse,
2517 3734 2571 3780 et
2617 3742 2676 3782 re
2722 3727 2917 3783 infecta
2969 3731 3170 3799 pudore
3211 3732 3442 3788 sutTusos
3483 3738 3826 3792 abscessisse.

2253 3814 2382 3869 Jure
2428 3826 2604 3870 autem
2660 3816 2761 3871 hoc
2809 3818 2932 3872 facit
2984 3821 3264 3875 tribunus:
3300 3824 3513 3879 nolebat
3561 3826 3703 3880 enim
3746 3843 3824 3883 re.

2252 3906 2538 3974 gratiﬁcari
2571 3908 2653 3962 vel
2685 3924 2939 3965 annuere.
2983 3911 3045 3965 Et
3072 3914 3359 3981 quomodo,
3394 3916 3634 3985 inquies,
3660 3919 3828 3973 credi-

2253 3994 2332 4049 dit
2357 4010 2477 4050 vera
2502 4012 2641 4064 esse,
2675 4016 2793 4069 qua:
2821 4001 2887 4055 ab
2912 4001 3257 4060 adolescente
3300 4008 3725 4063 nuntiabantur?
3751 4011 3829 4065 Ex

2254 4087 2338 4151 iis,
2368 4102 2486 4157 quae
2507 4088 2616 4157 jam
2647 4104 2959 4158 evenerant,
2988 4096 3345 4163 conjectabat,
3374 4100 3495 4167 quia
3521 4109 3575 4155 et
3599 4100 3701 4157 hoc
3722 4103 3826 4159 fac-

2258 4190 2406 4234 turos
2434 4182 2554 4236 illos
2571 4197 2690 4237 esse
2730 4185 3021 4241 verisimile
3064 4197 3197 4241 erat.
3225 4189 3289 4243 Et
3324 4191 3443 4245 vide
3494 4195 3781 4262 nequitiam
3811 4216 3824 4251 :

2252 4274 2401 4341 quasi
2450 4279 2821 4332 necessitatem
2877 4279 3098 4334 summis
3125 4282 3824 4342 sacerdotibusintulerunt.

2258 4364 2319 4416 Et
2351 4380 2416 4418 ne
2447 4366 2658 4420 mireris
2687 4384 2699 4419 :
2737 4384 2856 4421 nam
2886 4370 2929 4423 si
2958 4378 3155 4424 tantum
3184 4372 3234 4425 in
3266 4387 3324 4426 se
3346 4387 3699 4443 susceperunt
3728 4377 3822 4443 illi,

2254 4463 2305 4507 et
2335 4470 2494 4510 omne
2537 4458 2827 4524 periculum
2886 4470 3260 4529 acceptarum,
3294 4464 3462 4518 multo
3514 4468 3683 4536 magis
3710 4467 3824 4523 illos

2256 4546 2740 4613 idipsumfacturos
2768 4565 2889 4605 esse
2931 4554 3224 4608 verisimile
3245 4565 3379 4610 erat.
3434 4556 3643 4625 Viden',
3686 4576 3820 4630 quo-

2253 4635 2412 4690 modo
2454 4647 2798 4693 externorum
2840 4644 3103 4697 sententia
3150 4645 3408 4701 innocens
3448 4659 3563 4703 erat
3606 4650 3818 4718 Paulus,

2254 4736 2311 4780 ut
2338 4738 2391 4782 et
2417 4727 2665 4784 Christus
2703 4731 2839 4799 apud
2874 4733 3139 4787 Pilatum?
3186 4736 3288 4790 Sed
3308 4737 3427 4792 vide
3476 4724 3764 4811 nequitiam
3793 4760 3819 4795 a

2252 4820 2424 4889 sclpsa
2466 4832 2816 4892 expugnatam
2845 4842 2857 4877 :
2887 4840 3007 4878 nam
3034 4827 3364 4883 tradiderunt
3391 4831 3561 4897 illum,
3592 4842 3646 4887 ut
3668 4834 3799 4888 dam

2254 4925 2441 4969 narent
2488 4916 2940 4989 occidereutque:
2983 4930 3036 4974 et
3083 4923 3409 4977 contrarium
3450 4928 3660 4991 evenit;
3711 4928 3817 4997 ipse

2252 5018 2477 5073 namque
2518 5007 2693 5062 salvus
2742 5007 2935 5069 evadit,
2974 5018 3029 5064 et
3074 5010 3326 5067 innocens
3368 5016 3653 5085 reperitur.
3710 5017 3817 5073 Nisi

2251 5095 2391 5148 enim
2441 5097 2508 5150 ita
2555 5097 2874 5161 accidisset,
2907 5098 3206 5170 discerptus
3248 5102 3543 5160 fuissetzsi
3582 5122 3687 5161 non
3726 5108 3815 5177 ita,

2252 5187 2495 5252 periisset
2523 5198 2577 5242 et
2599 5189 2882 5243 damnatus
2934 5191 3139 5246 fuisset.
3189 5193 3305 5249 Non
3346 5197 3517 5251 solum
3547 5207 3725 5254 autem
3754 5200 3819 5255 ab

2250 5276 2350 5331 hoc
2378 5278 2575 5347 impetu
2599 5280 2788 5333 liberat
2813 5281 2980 5349 ipsum
3008 5284 3279 5352 tribunus;
3309 5288 3401 5342 sed
3435 5290 3595 5344 etiam
3621 5291 3771 5359 juvat
3797 5332 3810 5356 ,

2250 5380 2305 5423 ut
2348 5371 2462 5425 sine
2487 5373 2724 5440 periculo
2774 5387 2891 5428 cum
2936 5385 3077 5430 tanta
3120 5378 3346 5432 militum
3390 5389 3561 5436 turma
3604 5384 3811 5438 evadat.

2250 5460 2315 5514 Et
2340 5462 2625 5530 quomodo,
2656 5464 2777 5518 audi
2814 5465 3126 5537 :subjnngit
3170 5469 3313 5522 enim
3341 5469 3443 5526 :25
3477 5490 3495 5522 ε
3535 5473 3601 5526 Et
3628 5488 3809 5528 accero

2247 5554 2362 5607 sitis
2392 5554 2600 5608 duobus
2627 5556 2937 5623 quibusdam
2982 5561 3382 5617 centurionibus
3407 5605 3421 5629 ,
3451 5563 3587 5619 dixit
3622 5585 3633 5619 :
3668 5567 3811 5621 Prm-

2247 5656 2430 5713 parate
2482 5647 2609 5699 mihi
2684 5648 2877 5703 milites
2929 5651 3221 5715 ducentos,
3284 5663 3339 5708 ut
3408 5656 3813 5725 proﬁciscantur

2246 5736 2539 5791 Caesaream
2566 5778 2579 5800 ,
2611 5748 2661 5791 ct
2694 5740 2898 5807 equites
2926 5743 3277 5811 septuaginta,
3311 5754 3362 5800 et
3388 5746 3687 5802 lancearios
3713 5748 3806 5803 du-

2248 5838 2450 5894 centos,
2484 5844 2511 5881 a
2548 5830 2695 5883 tertia
2723 5830 2850 5885 hora
2882 5831 3049 5887 noetis
3082 5852 3092 5885 :
3134 5833 3220 5890 24.
3250 5846 3295 5892 ct
3326 5837 3567 5907 jumeuta
3598 5856 3806 5913 prmia-
