4070 6516
232 413 335 470 330

230 529 466 595 Παῦλος
491 527 595 584 ὑπ’
618 529 835 595 αὐτῶν,
859 529 1143 585 ἐκέλευσε
1172 527 1237 582 τὸ
1260 526 1600 600 στράτευμα
1629 524 1894 578 καταϐὰν

224 618 490 683 ἁρπάσαι
548 616 736 670 αὑτὸν
786 617 854 670 ἐκ
900 612 1096 684 μέσου
1151 613 1369 680 αὐτῶν,
1419 613 1665 684 ἀγαγεῖν
1703 629 1768 666 τε
1801 613 1888 677 είς

225 699 341 769 τὴν
366 702 776 772 παρεμϐολήν.
827 702 1073 755 Φοϐεῖται
1128 701 1311 754 λοιπὸν
1374 703 1402 754 6
1463 700 1762 769 χιλίαρχος,
1816 698 1892 769 μὴ

224 788 554 860 διασπασθῇ,
599 791 784 862 ἐπειδὴ
805 786 977 854 εἶπεν,
1001 791 1083 843 ὅτι
1122 789 1387 859 Ῥωμαῖός
1421 790 1567 841 ἐστιν
1597 804 1610 818 ·
1641 788 1764 842 ὅθεν
1797 787 1893 840 καὶ

224 875 326 928 οὐκ
355 876 636 930 ἀκίνδυνον
675 873 742 948 ἦν
779 877 838 929 τὸ
864 878 1114 946 πρᾶγμα.
1160 876 1344 946 Ὁρᾷς,
1374 876 1455 928 ὅτι
1484 874 1707 936 δικαίως
1742 873 1891 942 ὡμο-

226 961 455 1030 λόγησεν
507 965 694 1017 ἑαυτὸν
727 966 995 1035 Ῥωμαῖον
1047 959 1215 1030 εἶναι;
1265 959 1302 1033 ἦ
1349 962 1458 1034 γάρ
1503 962 1570 1016 ἂν
1625 961 1745 1014 οὐδέ
1798 958 1893 1012 νῦν

226 1049 492 1120 ἐφοϐήθη.
519 1051 628 1106 Καὶ
655 1051 715 1104 τὸ
747 1050 847 1121 μὲν
872 1051 1188 1123 στράτευμα
1214 1051 1400 1104 λοιπὸν
1426 1049 1666 1118 ἁρπάζει
1707 1047 1888 1102 αὐτόν.

238 1134 328 1199 Ὦς
358 1136 414 1188 δὲ
438 1132 578 1191 εῐδον
623 1138 673 1191 οἱ
722 1139 908 1208 μιαροὶ
962 1139 1138 1192 πάντα
1191 1139 1449 1210 ἀνήνυτα,
1495 1136 1574 1188 δι’
1597 1134 1805 1190 ἑαυτῶν
1832 1134 1894 1188 τὸ

227 1230 339 1279 πᾶν
371 1228 604 1289 ποιοῦσι,
633 1225 989 1296 βουληθέντες
1025 1227 1125 1297 μὲν
1185 1226 1278 1281 καὶ
1332 1225 1440 1298 πρὸ
1467 1223 1680 1289 τούτου,
1714 1223 1893 1277 κωλυ-

228 1313 413 1379 οέντες
437 1314 493 1368 δέ
523 1331 536 1345 ο
569 1314 743 1377 οὕτως
799 1315 1036 1386 οὐδαμοῦ
1093 1315 1306 1368 ἵσταται
1335 1314 1368 1384 ή
1399 1313 1567 1367 κακία
1617 1312 1894 1374 τοσούτοις

229 1401 607 1473 ἐγκοπτομένη
636 1419 649 1432 ·
687 1401 862 1455 καίτοι
914 1402 1055 1455 πόσα
1105 1399 1448 1472 ᾤκονομήθη,
1507 1398 1648 1452 ὥστε
1681 1397 1894 1452 καὶτοῦ

227 1488 402 1560 θυμοῦ
435 1487 772 1562 καθυφεῖναι,
821 1489 914 1543 καὶ
947 1489 1138 1559 μαθεῖν
1181 1488 1261 1541 δι’
1298 1480 1373 1541 ὧν
1404 1486 1655 1540 ἐδύναντο
1676 1486 1896 1553 ἀνενεγ-

228 1579 365 1630 κεῖν.
408 1575 548 1629 Ἀλλ’
567 1577 719 1630 οὐδὲν
743 1571 905 1649 ἦττον
947 1577 1288 1645 ἐφίστανται.
1333 1574 1512 1645 Ἰκανὴ
1552 1572 1682 1643 γοῦν
1711 1571 1892 1642 ἐκείνη

227 1666 260 1734 ή
290 1664 577 1732 ἀπολογία,
608 1665 670 1717 τὸ
699 1663 962 1735 μέλλοντα
986 1661 1319 1717 διασπᾶσθαι
1356 1660 1448 1720 τὸν
1480 1659 1766 1730 ἄνθρωπον
1793 1659 1893 1728 ἀρ-

231 1755 522 1819 πάζεσθαι,
554 1756 647 1808 καὶ
684 1753 971 1818 τοσούτους
1007 1763 1027 1785 ·
1059 1754 1334 1816 κινδύνους
1355 1753 1636 1822 διαφυγεῖν
1672 1767 1687 1782 ·
1727 1749 1806 1819 Τῇ
1829 1748 1897 1803 δὲ

227 1842 486 1909 ἐπιούσῃ
515 1843 683 1897 νυκτὶ
705 1843 957 1909 ἐπιστάς
979 1841 1138 1908 αὐτῷ
1162 1845 1194 1896 ό
1217 1843 1448 1910 Κύριος,
1471 1837 1621 1895 εἷπε·
1649 1838 1864 1908 Θάρσει
1881 1855 1894 1868 ⁶

226 1927 310 1994 ὡς
345 1927 457 1996 γὰρ
503 1927 864 1997 διεμαρτύρω
896 1929 970 1983 τὰ
1011 1929 1145 1996 περὶ
1172 1928 1320 1997 ἐμοῦ
1353 1932 1440 1994 είς
1478 1925 1895 1996 Ἰερουσαλὴμ,

229 2015 387 2069 οὕτω
409 2031 484 2069 σε
512 2014 603 2069 δεῖ
652 2016 749 2072 καὶ
782 2019 868 2081 είς
907 2016 1139 2086 Ῥώμην
1180 2016 1580 2086 μαρτυρῆσαι.
1638 2014 1899 2082 Γενομέ-

229 2121 345 2172 νης
373 2103 438 2156 δὲ
468 2101 712 2172 ἡμέρας,
742 2103 1105 2169 ποιήσαντες
1138 2106 1192 2158 οί
1227 2103 1491 2157 Ἰουδαῖοι
1517 2101 1898 2172 συστροφὴν,

231 2188 675 2258 ἀνεθεμάτισαν
705 2190 954 2256 ἐαυτσὺς
983 2190 1069 2260 μὴ
1117 2190 1331 2260 φαγεῖν
1367 2190 1523 2260 μηδὲ
1559 2189 1718 2244 πιεῖν
1739 2232 1754 2256 ,
1789 2189 1902 2256 ἔως

230 2274 306 2335 οὗ
329 2277 594 2332 ἀνέλωσι
625 2275 732 2329 τὸν
762 2276 1026 2332 Παῦλον.
1064 2273 1268 2331 Ἦσαν
1283 2277 1350 2331 δὲ
1398 2276 1648 2342 πλείους
1680 2290 1904 2330 τεσσα-

225 2365 500 2433 ράκοντα
532 2369 585 2420 οί
618 2366 844 2432 ταύτην
882 2363 996 2433 τὴν
1047 2364 1440 2434 συνωμοσίαν
1486 2363 1899 2431 πεποιηκότες.

233 2451 706 2521 ’Λνεθεμάτισαν
755 2452 1029 2519 ἑαυτοὺς,
1068 2453 1255 2522 φησιν.
1299 2453 1461 2523 Ὁρᾷς
1483 2452 1599 2516 πῶς
1628 2452 1732 2504 είσι
1780 2468 1906 2519 σφοο

233 2541 354 2612 δροὶ
417 2541 512 2594 καὶ
548 2542 835 2612 ἀμυντικοὶ
862 2541 889 2581 δ
918 2542 1044 2612 περὶ
1073 2541 1170 2612 τὴν
1203 2541 1436 2605 κακίαν;
1472 2541 1536 2593 Τί
1574 2541 1742 2602 ἐστιν,
1782 2539 1904 2592 Ἁν-

233 2627 598 2697 εθεμάτισαν
613 2643 632 2691 ;
658 2627 806 2680 Ἀντὶ
831 2626 1100 2692 τοῦ,Ἐξω
1131 2623 1268 2680 εἶναι
1290 2628 1387 2697 τῆς
1409 2629 1488 2690 εις
1514 2626 1645 2680 Θεὸν
1671 2628 1907 2690 πίστεως

236 2708 420 2779 εἶπον,
459 2716 509 2768 ει
552 2715 626 2784 μὴ
677 2714 738 2766 τὸ
790 2713 944 2779 δόξαν
998 2715 1138 2768 κατά
1179 2713 1393 2767 Παύλου
1422 2715 1723 2785 ποιήσαιεν,
1765 2716 1906 2784 Ἀρα

236 2801 536 2865 διαπαντός
584 2804 722 2855 είσιν
769 2801 1328 2871 ἀνατεθεματισμένοι
1389 2804 1585 2855 ἐκεῖνοι
1621 2818 1636 2832 ·
1682 2801 1742 2854 οὐ
1801 2800 1908 2872 γὰρ

238 2889 568 2943 ἀπέκτειναν
595 2889 686 2960 τὸν
711 2889 942 2943 Παῦλον.
984 2890 1094 2942 Kal
1124 2888 1530 2958 τεσσαράκοντα
1554 2888 1689 2960 όμοῦ
1717 2888 1910 2958 συνέρ-

238 2994 432 3047 χονται
461 2987 509 3031 ο.
530 2975 780 3030 Τοιοῦτον
816 2977 924 3045 γὰρ
958 2976 1019 3029 τὸ
1061 2976 1230 3042 ἔθνος,
1279 2977 1406 3029 ὅταν
1457 2976 1554 3046 μὲν
1587 2977 1679 3028 ἐπὶ
1723 2975 1911 3045 ἀγαθῷ

239 3063 338 3134 δέῃ
374 3063 756 3134 συμφωνῆσαι,
795 3063 914 3116 οὐδὲ
955 3062 1049 3115 δύο
1091 3063 1472 3134 συντρέχουσιν
1503 3080 1516 3093 ο
1551 3064 1678 3116 ὅταν
1717 3063 1773 3116 δέ
1820 3063 1912 3115 ἐπὶ

242 3150 426 3220 κακῷ,
457 3151 626 3220 δῆμος
650 3149 957 3220 ὁλόκληρος.
991 3151 1101 3202 Kal
1139 3149 1476 3220 λαμϐάνουσι
1505 3149 1793 3212 κοινωνοὺς
1821 3150 1914 3202 καὶ

243 3238 375 3300 τοὺς
397 3238 663 3307 ἄρχοντας
690 3253 704 3268 ·
734 3237 814 3290 διὸ
833 3237 928 3290 καὶ
960 3237 1116 3291 τοῦτο
1143 3236 1316 3306 δηλῶν
1347 3238 1650 3306 ἐπήγαγεν·
1686 3238 1916 3302 Οῖτινες

245 3325 690 3392 προσελθόντες
726 3323 850 3390 τοῖς
883 3323 1224 3395 ἀρχιερεῦσι
1266 3325 1364 3378 καὶ
1420 3323 1545 3390 τοῖς
1591 3323 1918 3391 πρεσϐυτέ-

244 3428 379 3478 ροις
431 3408 604 3465 εἷπον
645 3427 662 3443 ο
711 3410 1056 3479 Ἀναθέματι
1110 3412 1620 3479 ἀνεθεματίσαμεν
1665 3409 1918 3477 ἑαυτοὺς

243 3499 514 3569 μηδενὸς
540 3500 892 3569 γεύσασθαι,
914 3498 1025 3564 ἕως
1053 3494 1124 3553 οὗ
1150 3498 1599 3566 ἀποκτείνωμεν
1632 3497 1738 3551 τὸν
1761 3497 1919 3551 Παῦ-

247 3587 388 3640 λον.
422 3586 551 3640 Νῦν
579 3582 694 3642 οὖν
708 3585 878 3654 ὑμεῖς
905 3584 1275 3655 ἐμφανίσατε
1297 3583 1550 3650 ἑαυτοὺς
1579 3583 1660 3649 τῷ
1698 3583 1920 3653 χιλιάρ-

251 3689 342 3742 χῳ
370 3673 440 3726 ὲν
467 3671 546 3737 τῷ
589 3671 905 3740 συνεδρίῳ,
961 3672 1122 3736 ὅπως
1181 3671 1367 3725 αὐτὸν
1426 3670 1732 3741 καταγάγῃ
1770 3672 1922 3740 πρὸς

252 3757 434 3830 ὑμᾶς,
461 3760 541 3823 ὡς
569 3758 908 3827 μέλλοντας
947 3758 1362 3828 διαγινώσκειν
1391 3759 1815 3828 ἀκριϐέστερον
1851 3759 1922 3812 τὰ

257 3847 391 3915 περὶ
424 3845 610 3900 αὑτοῦ
629 3863 644 3878 ο
687 3845 858 3915 ἡμεῖς
879 3845 966 3908 δὲ,
990 3845 1102 3913 πρὸ
1136 3844 1242 3900 τοῦ
1273 3845 1509 3916 ἐγγίσαι
1538 3848 1745 3910 αὑτὸν,
1775 3847 1924 3901 ἕτοι-

252 3934 359 4001 μοί
387 3933 577 4002 ἐσμεν
615 3932 720 3986 τοῦ
769 3931 1012 3988 ἀνελεῖν
1046 3932 1250 3987 αὐτόν.
1293 3935 1580 4000 Ἀκούσας
1618 3934 1686 3987 δὲ
1733 3938 1766 3989 ό
1792 3935 1923 4000 υίὸς

257 4019 372 4088 τῆς
413 4019 685 4088 ἀδελφῆς
727 4022 972 4075 Παύλου
1020 4021 1087 4073 τὸ
1130 4019 1397 4088 ἕνεδρον,
1442 4023 1926 4091 παραγενόμενος

261 4107 362 4161 καὶ
387 4107 679 4161 εἰσελθὼν
716 4108 804 4173 είς
862 4105 977 4175 τὴν
1023 4107 1442 4177 παρεμϐολὴν,
1481 4109 1810 4178 ἀπήγγειλε
1846 4109 1926 4176 τῷ

264 4196 503 4260 Παύλῳ.
545 4195 1126 4264 Προσκαλεσάμενος
1180 4195 1249 4248 δὲ
1305 4198 1337 4249 ό
1389 4196 1629 4263 Παῦλος
1657 4197 1764 4252 ἕνα
1807 4198 1926 4252 τῶν

261 4281 736 4351 ἑκατοντάρχων,
765 4282 913 4350 ἔφη·
961 4281 1072 4336 Τὸν
1110 4284 1360 4336 νεανίαν
1402 4284 1619 4338 τοῦτον
1659 4285 1929 4356 ἀπάγαγε

264 4367 419 4433 πρὸς
448 4367 551 4419 τὸν
593 4367 906 4435 χιλίαρχον
935 4383 948 4396 ·
979 4366 1103 4436 ἔχει
1138 4366 1248 4436 γάρ
1270 4385 1323 4420 τι
1358 4369 1711 4440 ἀπαγγεῖλαι
1747 4371 1925 4437 αὐτῷ.

276 4453 344 4506 '0
359 4453 476 4521 μὲν
496 4447 608 4506 οὖν
645 4452 1007 4520 παραλαϐὼν
1036 4453 1243 4519 αὑτὸν,
1275 4454 1460 4524 ἤγαγε
1514 4458 1664 4524 πρὸς
1709 4458 1816 4512 τὸν
1843 4478 1931 4527 χι-

264 4542 541 4608 λίαρχον.
571 4541 740 4594 Πάλιν
790 4541 868 4593 δι’
909 4541 1253 4612 ἀνθρωπίνης
1291 4542 1517 4607 σώζεται
1567 4547 1925 4616 προμηθείας.

267 4628 380 4682 Kal
423 4629 524 4694 ὅρα
552 4644 566 4658 ·
606 4629 634 4680 6
667 4626 876 4691 Παῦλος
929 4629 1120 4682 οὐδένα
1166 4630 1355 4702 ἀφίησι
1413 4631 1624 4702 μαθεῖν,
1689 4635 1811 4688 οὐδέ
1839 4635 1930 4690 τὸν

267 4714 831 4785 ἐκατόνταρχον,ὥστε
857 4715 930 4786 μή
958 4715 1018 4768 τὺ
1036 4717 1264 4786 πρᾶγμα
1284 4718 1532 4785 γενέσθαι
1550 4721 1930 4791 διόδηλον.Καὶ

265 4802 462 4857 ἐλθὼν
483 4807 514 4854 ὀ
540 4800 686 4873 [566]
704 4803 1155 4873 ἑκατόνταρχος,
1186 4803 1500 4873 ἀνήγγειλε
1523 4807 1602 4872 τῷ
1623 4809 1930 4878 χιλιάρχῳ,

267 4891 468 4959 λέγων
491 4905 505 4918 ο
563 4889 626 4942 '0
661 4890 904 4958 δέσμιος
939 4892 1175 4959 Παῦλος
1213 4896 1788 4965 προσκαλεσάμενός
1830 4917 1932 4968 με,

267 4977 545 5044 ἠρώτησε
599 4975 814 5030 τοῦτον
869 4977 975 5033 τόν
1042 4981 1290 5033 νεανίαν
1339 4982 1585 5051 ἀγαγεῖν
1642 4984 1795 5053 πρὸς
1838 4985 1932 5050 σὲ,

268 5062 492 5131 ἔχοντά
519 5079 573 5115 τι
593 5063 864 5132 λαλῆσαί
893 5082 1010 5120 σοι.
1060 5067 1523 5137 ἐπιλαϐόμενος
1571 5070 1639 5123 δὲ
1677 5070 1790 5141 τῆς
1815 5089 1937 5142 χει-

263 5150 379 5220 ρὸς
398 5151 585 5204 αὐτοῦ
615 5154 646 5205 ὁ
687 5153 992 5221 χιλίαρχος
1019 5154 1116 5208 καὶ
1164 5155 1562 5224 ἀναχωρήσας
1592 5159 1719 5212 κατ’
1755 5161 1932 5224 ἰδίαν,

267 5237 642 5291 ἐπυνθάνετο
677 5253 692 5269 ο
740 5239 800 5292 Τί
850 5239 1039 5306 ἐστιν,
1096 5241 1127 5294 ὃ
1181 5242 1339 5310 ἔχεις
1391 5244 1750 5314 ἀπαγγεῖλαί
1800 5267 1934 5318 μοι;

270 5321 423 5380 Elge
445 5324 529 5383 δὲ,
556 5324 644 5378 δτι
679 5325 949 5380 Ἰουδαῖοι
983 5329 1308 5383 συνέθεντο
1359 5332 1469 5385 τοῦ
1516 5333 1812 5401 ἐρωτῆσαί
1842 5353 1935 5399 σε,

271 5421 434 5486 ὅπως
459 5421 666 5488 αὔριον
699 5423 805 5476 τὸν
847 5425 1092 5479 Παῦλον
1141 5428 1481 5498 καταγάγῃς
1538 5433 1625 5494 εἰς
1672 5430 1737 5481 τὸ
1793 5448 1938 5486 συν-

269 5506 472 5575 έδριον
502 5508 582 5574 ὡς
612 5513 958 5577 μελλόντων
977 5529 1030 5568 τι
1070 5513 1489 5584 ἀκριϐέστερον
1530 5518 1940 5572 πυνθάνεσθαι

271 5595 410 5664 παρ’
477 5597 684 5652 αὐτοῦ.
747 5598 831 5652 Σὺ
888 5600 1000 5653 οὖν
1068 5601 1151 5668 μὴ
1214 5603 1467 5670 πεισθῇς
1520 5606 1723 5671 αὐτοῖς
1775 5624 1789 5637 ο
1846 5609 1939 5659 ὲν-

272 5681 588 5749 εδρεύουσι
640 5685 747 5752 γὰρ
776 5685 844 5750 ἐξ
882 5685 1078 5740 αὐτῶν
1105 5687 1316 5756 ἄνδρες
1364 5692 1613 5755 πλείους
1650 5696 1944 5762 τεσσαρά-

341 5804 364 5877 ξ
384 5802 520 5876 ans
543 5806 669 5877 θρίξ..
683 5807 736 5877 τδ
749 5809 1035 5877 διασωθῆναι
1059 5811 1598 5877 μέλλοντα-διασπᾶσθαι
1608 5814 1688 5862 τὸν
1700 5816 1944 5877 ἄνθρωπον

274 5864 1263 5953 ’ἐπεὶῑ.εΐε·.,,ἶὲίξ.ιτῖῖςῖρέἑ-,εὲἓεέὲῖς
1293 5869 1456 5925 Non“
1485 5864 1937 5937 εημιωτικοί-ἐυπ-

326 5925 628 5991 Συνέρχονται
669 5929 719 5978 in
761 5930 1049 5991 quibusdam
1090 5932 1245 5985 deest.

1293 413 1358 468 IN
1397 413 1573 468 ACTA
1615 409 2149 468 Αροδτοιοιιωι.
2192 410 2426 467 ΠΟΜΙΙ..
2470 410 2657 466 ΧΙΛΧ.

3557 413 3665 466 3-10

1999 541 2205 589 κοντα,
2241 525 2459 590 οἵτινες
2501 521 2942 593 ἀνεθεμάτισαν
2986 519 3239 586 ἑαυτοὺς
3263 522 3416 591 μήτε
3452 531 3667 597 φαγεῖν

1989 613 2145 680 μήτε
2172 611 2350 676 πιεῖν,
2380 611 2491 676 ἕως
2537 605 2609 666 οὗ
2663 609 2926 664 ἀνέλωσι
2959 607 3068 661 τὸν
3097 609 3342 664 Παῦλον
3367 625 3381 640 ⁸
3406 615 3505 668 καὶ
3546 615 3664 669 νῦν

1992 698 2217 768 ἕτοιμοί
2238 702 2356 752 εἱσι
2399 698 2869 768 προσδεχόμενοι
2923 695 3039 762 τὴν
3078 697 3240 764 παρὰ
3260 697 3378 752 σοῦ
3414 699 3668 772 ἐπαγγε-

1992 787 2155 842 λίαν.
2200 786 2263 840 '0
2282 786 2399 855 μὲν
2433 783 2548 840 οὖν
2586 786 2897 853 χιλίαρχος
2935 782 3211 838 ἀπέλυσε
3259 785 3368 839 τὸν
3392 791 3668 854 νεανίαν,

1995 876 2394 944 παραγγείλας
2456 873 2671 943 μηδενί
2744 871 3103 940 ἐκλαλῆσαι,
3159 872 3250 928 ὅτι
3304 874 3672 946 ἐνεφάνισας

1994 964 2180 1018 ταῦτα
2208 964 2356 1031 πρός
2372 979 2469 1030 με.

2066 1053 2131 1122 β’.
2168 1050 2360 1114 Καλῶς
2389 1051 2416 1101 6
2441 1049 2715 1120 χιλίαρχος
2756 1048 2967 1102 κελεύει
3008 1049 3250 1120 κρύψαι,
3290 1051 3431 1105 ὥστε
3475 1053 3550 1123 μὴ
3579 1069 3672 1123 γε·

1995 1139 2179 1193 νέσθαι
2201 1138 2379 1206 δῆλον.
2407 1138 2517 1190 Kal
2549 1137 2670 1189 τότε
2691 1136 2838 1204 λέγει
2864 1139 2975 1200 τοῖς
2996 1139 3441 1212 ἑκατοντάρχοις,
3458 1141 3546 1194 ὅτε
3575 1141 3673 1194 καὶ

1994 1226 2248 1295 γενέσθαι
2279 1225 2464 1295 ἐχρῆψ
2497 1225 2592 1277 καὶ
2621 1223 3098 1294 πέμπεταιλοιπδν
3130 1227 3186 1278 ἐν
3218 1227 3545 1298 Καισαρείᾳ,
3585 1229 3674 1281 ῖνα

1996 1315 2158 1368 κάκεῖ
2186 1310 2438 1381 διαλεχθῇ
2470 1311 2562 1363 ἐπὶ
2605 1309 2848 1380 μείζονος
2884 1310 3114 1380 θεάτρου
3147 1304 3241 1364 καὶ
3287 1312 3674 1385 λαμπροτέρου

1996 1401 2090 1455 τοῦ
2131 1399 2498 1472 ἀκροατηρίου
2526 1413 2538 1425 ⁸
2582 1399 2668 1450 ἵνα
2698 1397 2772 1468 μὴ
2807 1397 2970 1467 ἔχωσι
3010 1398 3192 1466 λέγειν
3217 1400 3266 1452 οἱ
3303 1401 3563 1463 Ἰουδαῖοι,
3591 1404 3675 1455 ὅτι

1996 1490 2046 1542 εί
2070 1487 2283 1556 εἴδομεν
2310 1485 2541 1549 Παῦλον,
2585 1485 2986 1554 ἐπιστεύσαμεν
3008 1484 3094 1551 ἂν,
3127 1487 3175 1538 εί
3231 1487 3548 1558 ἠκούσαμεν
3580 1490 3673 1540 αὐ-

1995 1577 2091 1630 τοῦ
2119 1576 2478 1638 διδάσκοντος.
2515 1575 2622 1627 Kal
2649 1573 2788 1643 αὕτη
2838 1569 2930 1627 οὖν
2964 1574 3148 1638 αὐτοῖς
3187 1575 3439 1628 ἐντεῦθεν
3473 1578 3505 1646 ἡ
3538 1577 3676 1629 ἀποσ-

1996 1663 2152 1734 λογία
2187 1665 2532 1718 ἐκκόπτεται.
2557 1662 2667 1717 Καὶ
2688 1662 2961 1727 ἐπιστὰς,
2987 1662 3175 1731 φησὶν,
3210 1665 3243 1716 ό
3271 1664 3486 1731 Κύριος
3506 1659 3676 1717 εἶπεν

1998 1753 2159 1818 αὐτῷ
2185 1770 2198 1783 ·
2231 1753 2449 1821 Θάρσει
2473 1767 2487 1782 ·
2519 1753 2599 1817 ὡς
2628 1750 2737 1820 γὰρ
2772 1750 3137 1820 διεμαρτύρω
3164 1751 3236 1804 τὰ
3264 1753 3397 1821 περὶ
3422 1752 3677 1823 ἐμοῦ-είς

2011 1840 2430 1910 Ἰερουσαλὴμ,
2460 1839 2615 1893 οὕτω
2649 1853 2721 1892 σε
2747 1838 2843 1892 δεῖ
2861 1838 2960 1892 καὶ
3002 1843 3089 1904 εις
3119 1839 3356 1909 Ῥώμην
3373 1841 3678 1910 μαρτυρῆ-

2000 1945 2124 1984 σαι.
2167 1930 2328 1998 Ὅρα,
2365 1929 2459 1980 καὶ
2498 1926 2636 1997 μετά
2678 1926 2739 1979 τὸ
2774 1926 3041 1996 φανῆναι,
3074 1927 3240 1980 πάλιν
3266 1929 3492 1997 ἀφίησιν
3520 1929 3680 1981 αὐτὸν

2001 2016 2355 2088 ἀνθρωπίνως
2379 2015 2638 2084 σωθῆναι.
2664 2014 2773 2067 Kal
2794 2012 2939 2078 ἀξιον
2956 2014 3294 2084 ἐκπλαγῆναι
3323 2015 3414 2067 τὸν
3446 2007 3678 2079 Παῦλον,

2002 2101 2117 2165 πῶς
2141 2103 2240 2154 οὐκ
2262 2100 2585 2173 ἐθορυϐήθη,
2622 2101 2741 2154 οὐδέ
2765 2095 2904 2153 εἴπεο
2923 2101 2987 2152 Τί
3007 2100 3072 2170 δὴ
3099 2100 3257 2154 τοῦτό
3285 2103 3452 2166 ἐστιν;
3472 2096 3580 2174 ἀρα
3607 2101 3683 2172 μὴ

2001 2187 2288 2257 ἠπάτημαι
2312 2186 2462 2256 παρά
2483 2185 2576 2238 τοῦ
2597 2185 2854 2256 Χριστοῦ;
2875 2184 2996 2237 Ἀλλ
3013 2185 3025 2201 ⁸
3039 2186 3190 2240 οὐδὲν
3201 2186 3443 2239 τοιοῦτον
3464 2187 3682 2255 ἐνενόη-

2005 2294 2116 2339 σεν,
2134 2277 2254 2330 οὐδὲ
2267 2275 2484 2340 ἔπαθεν,
2501 2275 2636 2329 ἀλλά
2651 2277 2806 2344 μόνον
2819 2276 3225 2330 ἐπίστευσεν⁶οὐ
3241 2276 3346 2346 μὴν
3362 2276 3550 2345 ἐπειδὴ
3562 2275 3686 2328 ἐπί-

2006 2381 2228 2418 στευσεν
2243 2407 2257 2429 ,
2293 2363 2540 2418 ὕπνωσεν
2563 2405 2577 2430 ,
2609 2351 2744 2416 ἀλλά
2758 2363 2826 2417 τὰ
2843 2363 3029 2416 ἐνόντα
3043 2362 3103 2427 ἐξ
3128 2362 3474 2434 ἀνθρωπίνης
3494 2361 3686 2432 σοφίας

2008 2451 2236 2504 συνιδεῖν
2278 2451 2339 2503 οὐ
2388 2450 2619 2522 προῆκε.
2669 2450 2781 2502 Kal
2829 2449 3023 2502 σκόπει
3081 2448 3198 2514 πῶς
3228 2450 3477 2520 ἀνάγκην
3507 2448 3629 2502 τινὰ
3656 2447 3684 2486 ἀ

2007 2542 2218 2602 ἑαυτοῖς
2242 2539 2438 2592 ἐκεῖνοι
2468 2537 2802 2608 περιέθηκαν
2830 2538 2918 2592 διά
2938 2537 3032 2591 τοῦ
3059 2536 3530 2607 ἀναθεματισμοῦ.
3551 2537 3686 2589 ’ἰδοὺ

2007 2625 2233 2697 νηστεία
2263 2626 2617 2696 ἀνδροφονίας
2652 2628 2852 2697 μήτηρ.
2879 2623 3144 2694 Καθάπερ
3178 2625 3206 2676 6
3239 2623 3487 2694 Ἡρώδης
3515 2622 3676 2689 ἀνάγο

2009 2733 2111 2784 κην
2136 2715 2235 2785 τὴν
2280 2714 2387 2767 ἀπὸ
2427 2713 2518 2767 τοῦ
2555 2714 2720 2784 ὅρκου
2763 2712 2942 2782 ἐαυτῷ
2984 2712 3254 2782 ἐπέθηκεν
3281 2726 3296 2740 ⁸
3338 2710 3481 2764 οὕτω
3506 2710 3571 2780 δὴ
3598 2711 3690 2764 καὶ

2013 2796 2183 2856 οῦτοι.
2209 2800 2450 2854 Τοιαῦτα
2478 2801 2586 2871 γὰρ
2607 2800 2675 2853 τὰ
2703 2799 2986 2852 διαϐολικά
3018 2799 3267 2870 θήρατρα
3289 2815 3302 2830 ο
3338 2800 3695 2869 προσχήματι

2011 2894 2170 2965 δῆθεν
2200 2892 2484 2955 εὐλαϐείας
2544 2893 2642 2955 τὰς
2697 2891 2932 2959 παγίδας
2983 2890 3188 2961 τίθησι.
3233 2888 3344 2942 Kal
3384 2887 3490 2959 μὴν
3521 2887 3691 2957 ἐχρῆν

2015 2981 2357 3052 προσελθεῖν,
2389 2980 2556 3052 ἐχρῆν
2596 2978 2944 3032 αἰτιάσασθαι
2965 3017 2980 3042 ,
3010 2977 3360 3047 δικαστήριον
3387 2974 3694 3046 συγκροτῆ-

2016 3087 2144 3123 σαι·
2177 3069 2351 3122 ταῦτα
2401 3067 2510 3139 γὰρ
2567 3067 2666 3136 οὐχ
2713 3066 2927 3137 ἱερέων,
2977 3065 3113 3118 ἀλλά
3144 3064 3488 3134 λῃστάρχων,
3520 3060 3695 3115 ταῦτα

2014 3158 2114 3211 οὐκ
2140 3157 2436 3226 ἀρχόντων,
2461 3152 2598 3207 ἀλλά
2641 3153 2957 3224 λυμεώνων.
3009 3152 3118 3204 Kal
3153 3151 3254 3222 ὅρα
3293 3150 3492 3212 κακίας
3521 3149 3696 3219 ὑπερ-

2016 3246 2197 3316 ϐολήν.
2251 3245 2326 3296 Οὐ
2375 3242 2534 3313 μόνον
2585 3240 2848 3311 ἀλλήλους
2912 3237 3328 3310 διαφθείραντες
3371 3235 3689 3308 ἀρκοῦνται,

2017 3332 2155 3387 ἀλλὰ
2187 3332 2281 3384 καὶ
2309 3329 2401 3383 τὸν
2445 3330 2686 3400 ἀρχοντα
2733 3326 3145 3396 συνδιαφθεῖραι
3191 3323 3526 3394 ἐπιχειροῦσι
3557 3339 3574 3354 ο
3599 3322 3688 3374 διὰ

2016 3421 2176 3474 τοῦτο
2197 3417 2524 3490 ᾡκονομήθη
2557 3417 2698 3470 ὥστε
2726 3417 2976 3470 κάκεῖνον
3018 3413 3212 3484 μαθεῖν
3237 3410 3419 3464 αὐτῶν
3447 3411 3543 3481 τὴν
3570 3411 3695 3462 ἐπι-

2019 3508 2235 3579 ϐουλήν.
2265 3505 2429 3559 Αὐτοὶ
2464 3504 2520 3557 δέ
2553 3504 2614 3556 οὐ
2657 3502 2816 3574 μόνον
2861 3503 2926 3554 ἐκ
2952 3499 3048 3554 τοῦ
3094 3500 3260 3571 μηδὲν
3307 3498 3452 3568 ἐχειν
3496 3499 3692 3563 είπεῖν,

2025 3594 2157 3649 ἀλλά
2190 3595 2287 3646 καὶ
2309 3594 2372 3644 ἐκ
2398 3591 2491 3644 τοῦ
2519 3591 2695 3662 λάθρα
2723 3591 3031 3659 ’ἐπιχειρεῖν
3073 3587 3309 3658 ήλεγξαν
3343 3587 3573 3648 ἑαυτοὺς
3605 3585 3701 3638 οὐ-

2022 3683 2108 3734 δέν
2147 3681 2325 3743 ὄντας.
2349 3678 2510 3740 Είκὸς
2551 3677 2607 3729 δὲ
2654 3677 2749 3729 καὶ
2785 3676 2925 3746 μετὰ
2983 3673 3044 3726 τὸ
3085 3673 3459 3743 ἀποσταλῆναι
3517 3670 3701 3737 αὐτὸν,

2026 3768 2340 3840 προσελθεῖν
2372 3766 2497 3828 τούς
2523 3765 2798 3835 ἀρχιερεῖς
2836 3761 3144 3825 αἰτοῦντας,
3177 3761 3271 3813 καὶ
3302 3758 3705 3829 καταισχυνθῆ-

2025 3874 2111 3909 ναι
2145 3854 2463 3925 ἀπράκτους
2509 3850 2903 3914 ἀπολυθέντας.
2949 3849 3190 3916 Εἰκότως
3218 3848 3275 3902 δέ
3305 3847 3464 3901 τοῦτο
3501 3847 3649 3900 ποιεῖ
3675 3847 3706 3899 6

2026 3942 2303 4014 χιλίαρχος
2336 3957 2350 3971 ο
2392 3940 2453 3993 οὐ
2502 3938 2609 4009 γὰρ
2648 3937 2714 4008 δὴ
2753 3935 3004 3989 ἐϐούλετο
3050 3935 3174 3988 οὐτε
3220 3935 3551 4006 χαρίσασθαι
3581 3932 3702 3987 οὔτε

2028 4029 2328 4084 ἐπινεῦσαι.
2361 4027 2471 4080 Kal
2498 4026 2635 4091 πῶς,
2665 4025 2863 4095 φησὶν,
2912 4023 3233 4076 ἐπίστευσεν
3268 4021 3442 4093 ἀληθῆ
3473 4017 3612 4074 εἶναι
3637 4021 3706 4075 τά

2029 4116 2434 4186 ἐπαγγελθέντα
2457 4115 2608 4184 παρὰ
2629 4112 2720 4166 τοῦ
2763 4111 3013 4176 νεανίου;
3057 4111 3152 4164 Ἐκ
3191 4109 3300 4163 τῶν
3338 4109 3441 4180 ήδη
3478 4109 3708 4179 γενομέα

2029 4221 2134 4258 νων
2159 4201 2511 4272 ἐστοχάσατο,
2539 4201 2620 4253 ὅτι
2653 4198 2749 4252 καὶ
2775 4197 2934 4251 τοῦτο
2966 4196 3114 4261 είκὸς
3132 4192 3201 4268 ἦν
3234 4195 3435 4260 αὐτοὺς
3455 4195 3703 4265 ποιῆσαι.

2030 4292 2140 4346 Kal
2167 4292 2267 4361 ὅρα
2294 4289 2393 4360 τὴν
2427 4287 2777 4360 κακουργίαν·
2815 4284 2964 4357 [567]
2986 4285 3176 4355 ὥσπερ
3206 4284 3452 4354 ἀνάγκην
3478 4283 3573 4335 καὶ
3596 4284 3708 4345 τοῖς

2031 4377 2375 4452 ἀρχιερεῦσιν
2426 4376 2752 4445 ἐπέστησαν.
2795 4374 2905 4434 Kal
2969 4372 3044 4443 μή
3075 4371 3362 4443 θαυμάσῃς
3384 4382 3407 4411 ο
3434 4385 3447 4399 °
3479 4371 3528 4423 εί
3598 4369 3708 4440 γὰρ

2032 4465 2282 4520 τοσοῦτον
2332 4463 2534 4516 εἴλοντο
2564 4461 2740 4524 αὐτοὶ,
2792 4461 2885 4512 καὶ
2941 4459 3033 4512 τὸν
3089 4458 3332 4512 κίνδυνον
3393 4455 3710 4520 ἀνεδέξαντο

2035 4555 2235 4618 πάντα,
2272 4551 2454 4622 πολλῷ
2486 4549 2686 4620 μᾶλλον
2720 4549 2814 4602 καὶ
2841 4547 3081 4609 ἐκείνους
3114 4545 3273 4599 τοῦτο
3307 4545 3533 4615 ποιῆσαι
3563 4544 3708 4606 εἰκὸς

2031 4638 2120 4712 ἦν.
2168 4639 2351 4709 Ὁρᾷς,
2409 4637 2526 4699 πῶς
2552 4636 2641 4688 διὰ
2673 4635 2774 4704 τῆς
2794 4634 2976 4704 ψήφου
3019 4631 3129 4685 τῶν
3165 4632 3270 4700 ἐξω
3297 4631 3470 4694 ἀθῶος
3503 4630 3712 4699 γίνεται

2034 4729 2062 4780 6
2090 4727 2321 4789 Παῦλος,
2348 4725 2421 4788 ὼς
2449 4725 2542 4778 καὶ
2573 4725 2599 4777 6
2637 4722 2872 4793 Χριστὸς
2918 4719 3070 4790 παρά
3110 4717 3386 4783 Πιλάτου;
3432 4717 3571 4771 Ἀλλ’
3610 4717 3712 4788 ὅρα

2036 4815 2128 4868 καί
2177 4813 2273 4884 τὴν
2312 4812 2510 4866 κακίαν
2557 4810 2645 4878 ὐφ’
2689 4809 2886 4878 ἑαυτῆς
2912 4806 3336 4878 ἀναιρουμένην.
3376 4805 3714 4875 Παρέδωκαν

2041 4903 2137 4973 μὲν
2161 4901 2270 4971 γὰρ
2294 4900 2476 4965 αὐτὸν,
2505 4899 2644 4952 ὥστε
2703 4897 2796 4950 καὶ
2832 4895 3040 4950 ἀνελεῖν
3073 4894 3166 4948 καὶ
3195 4893 3557 4948 καταδικάσαι
3583 4908 3597 4923 ο
3627 4891 3713 4960 γί-

2037 5007 2184 5042 νεται
2205 4989 2260 5041 δέ
2277 4986 2602 5049 τούναντίον,
2619 4985 2710 5039 καὶ
2729 4982 2981 5048 σώζεται,
2995 4984 3089 5036 καὶ
3106 4981 3280 5044 ἀθῶος
3295 4980 3629 5050 εὑρίσκεται.
3651 4979 3714 5030 El

2038 5077 2146 5148 γὰρ
2183 5075 2258 5148 μὴ
2285 5074 2446 5140 οὕτω,
2471 5074 2574 5127 κᾶν
2594 5071 2894 5142 διεσπάσθη
2922 5087 2933 5098 '
2956 5072 3004 5123 εί
3024 5069 3098 5140 μὴ
3116 5068 3280 5131 οὕτω,
3319 5067 3424 5121 κᾶν
3441 5065 3711 5126 ἀπώλετο,

2040 5168 2142 5220 κᾶν
2156 5162 2537 5230 κατεδικάσθη.
2552 5163 2626 5214 Οὐ
2644 5160 2865 5230 μόνονδέ
2881 5158 3092 5227 ἐκείνης
3104 5155 3265 5211 αὐτὸν
3279 5156 3376 5226 τῆς
3388 5155 3566 5226 ὁρμῆς
3580 5154 3716 5218 ἐξαι-

2044 5256 2214 5325 ρεῖται
2233 5255 2261 5306 6
2279 5253 2553 5323 χιλίαρχος
2572 5291 2585 5309 ,
2604 5249 2741 5302 ἁλλά
2771 5248 2862 5301 καὶ
2877 5245 3152 5315 ὑπηρέτης
3170 5243 3557 5312 αὐτῷγίνεται,
3575 5242 3714 5294 ὥστε

2039 5341 2333 5402 ἀκινδύνως
2357 5336 2684 5405 διασωθῆναι
2720 5333 2856 5404 μετὰ
2879 5332 3149 5402 τοσαύτης
3178 5329 3564 5402 παρατάξεωςο
3622 5326 3718 5381 καὶ

2040 5429 2206 5489 ὅπως,
2227 5425 2410 5478 ἄκουεν
2428 5425 2762 5491 ἐπάγειγάρ·
2783 5419 2828 5472 Κ
2835 5421 2891 5472 αὶ
2914 5418 3488 5488 προσκαλεσάμενος
3501 5415 3609 5469 δύο
3631 5431 3716 5466 τι-

2041 5515 2151 5579 νὰς
2170 5513 2287 5566 τῶν
2313 5510 2781 5578 ἑκατοντάρχων,
2800 5505 2930 5561 εἶπε
2955 5522 2966 5535 ·
3007 5504 3396 5574 Ἑτοιμάσατέ
3409 5520 3509 5573 μοι
3533 5519 3714 5569 στρα·

2043 5600 2250 5664 τιώτας
2267 5598 2632 5661 διακοσίους,
2653 5596 2812 5661 ὅπως
2825 5593 3198 5662 πορευθῶσιν
3226 5597 3313 5657 εἰς
3330 5590 3711 5657 Καισάρειαν,

2045 5688 2142 5742 καὶ
2182 5685 2383 5750 ἱππεῖς
2434 5683 2862 5753 ἐϐδομήκοντα,
2914 5682 3013 5734 καὶ
3066 5678 3447 5744 δεξιολάϐους
3511 5677 3708 5730 διακο-

2129 5880 2157 5920 ιι
2181 5880 2402 5938 Quidam.
2426 5879 2611 5940 σοφίας,
2654 5879 2707 5924 οὐ
2747 5879 3024 5940 προέδωκαν
3062 5875 3270 5938 ἀνάγκην
3294 5875 3411 5924 τινά.
3485 5884 3508 5914 θ
3531 5873 3622 5924 Kal
3650 5875 3712 5929 μὴ

2052 5942 2295 6006 θαυμάσῃς
2338 5943 2480 5993 deest
2507 5940 2555 5992 in
2579 5952 2675 5992 uno
2717 5940 2901 5991 codice.
