4076 6516
404 419 497 470 ὗίΙ

399 532 593 595 σίους.
618 529 733 584 ἀπὸ
755 527 952 596 τρίτης
972 525 1126 594 ὥρας
1159 527 1264 594 τῆς
1308 525 1544 589 νυκτὸς,
1592 519 1778 589 κτήνη
1830 537 1894 573 τε
1926 535 2032 572 πα-

401 614 719 682 ραστῆσαι,
757 615 856 667 ἵνα
885 611 1334 676 ἐπιϐιϐάσαντες
1356 616 1461 664 τόν
1491 609 1750 668 Παῦλον,
1777 605 2038 675 ἀγάγωσι

403 704 548 768 πρὸς
571 701 798 770 Φήλικα
834 700 940 754 τόν
975 700 1234 768 ἡγεμόνα
1259 716 1270 729 ·
1312 697 1541 766 γράψας
1570 694 1924 760 ἐπιστολὴν,
1950 708 2044 746 ςιτε⁸

402 787 726 855 ριέχουσαν
757 789 864 840 τὸν
889 788 1079 840 τύπον
1117 787 1346 840 τοῦτον
1390 783 1685 847 Κλαύδιος
1715 783 1940 845 Λυσίας
1965 779 2044 846 τῷ

405 874 694 938 κρατίστῳ
713 874 956 942 ἡγεμόνι
972 873 1178 940 Φήλικι
1205 871 1450 940 χαίρειν.
1491 869 1600 923 Τὸν
1624 867 1809 935 ἄνδρα
1833 867 2046 920 τοῦτον

404 961 829 1026 συλληφθέντα
874 960 988 1012 ὑπὸ
1039 957 1156 1011 τῶν
1206 956 1532 1018 Ἰουδαίων,
1584 952 1682 1006 καί
1749 951 2047 1022 μέλλοντα

404 1042 769 1108 ἀναιρεῖσθαι
815 1045 926 1098 ὑπ’
956 1043 1171 1104 αὐτῶν,
1211 1043 1460 1109 ἐπιστὰς
1494 1044 1615 1096 σὺν
1659 1042 1735 1107 τῷ
1762 1027 2047 1107 στρατεύο

403 1144 536 1194 ματι
561 1121 873 1194 ἐξειλόμην
892 1129 1113 1196 μαθὼν,
1145 1130 1231 1182 ὅτι
1266 1129 1538 1197 Ῥωμαῖός
1558 1131 1687 1185 ἐστι
1715 1146 1726 1159 ·
1746 1129 2044 1192 βουλόμε-

406 1231 512 1278 νος
534 1214 601 1266 δὲ
626 1214 841 1282 γνῶναι
883 1215 996 1281 τὴν
1025 1217 1238 1279 αἰτίαν,
1287 1217 1362 1269 δι’
1387 1217 1467 1284 ἢν
1503 1217 1832 1272 ἐνεκάλουν
1864 1211 2046 1276 αὐτῷ,

408 1299 744 1367 κατήγαγον
801 1300 985 1353 αὐτόν
1052 1304 1137 1367 είς
1193 1302 1258 1355 τὸ
1303 1303 1620 1372 συνέδριον
1660 1301 1874 1356 αὐτῶν.
1939 1302 2033 1351 ⁸οι

408 1382 583 1452 εὗρον
633 1387 1072 1454 ἐγκαλούμενον
1134 1389 1264 1455 περὶ
1321 1387 1657 1458 ζητημάτων
1705 1386 1809 1441 τοῦ
1860 1385 2046 1452 νόμου

408 1469 622 1530 αὐτῶν,
653 1473 846 1539 μηδὲν
892 1473 1062 1532 ἀξιον
1100 1474 1355 1527 θανάτου
1404 1475 1442 1542 ἣ
1501 1472 1738 1542 δεσμῶν
1783 1473 2050 1540 ἔγκλημα

409 1557 644 1624 ἔχοντα.
717 1560 1096 1625 Μηνυθείσης
1156 1558 1222 1612 δέ
1276 1577 1378 1627 μοι
1427 1560 1750 1625 ἐπιϐουλῆς
1801 1557 2050 1626 μέλλειν

411 1642 657 1695 ἔσεσθαι
678 1645 760 1708 είς
781 1645 886 1697 τὸν
905 1643 1092 1711 ἄνδρα
1115 1646 1231 1699 ὑπὸ
1261 1645 1376 1698 τῶν
1421 1647 1726 1701 Ἰουδαίων
1745 1646 1813 1709 ἐξ
1833 1643 2048 1710 αὐτῶν,

413 1727 812 1798 ἕπξμψαπρὸς
835 1733 930 1792 σε,
963 1733 1359 1799 παραγγείλας
1393 1732 1492 1785 καί
1530 1732 1653 1798 τοῖς
1700 1731 2047 1799 κατηγόροις

411 1816 610 1880 λέγειν
636 1814 705 1868 τὰ
741 1816 887 1882 πρὸς
915 1816 1097 1870 αὐτόν
1119 1817 1214 1870 ἐπὶ
1257 1819 1391 1872 σοῦ.
1419 1820 1677 1887 Ἕρρωσο
1715 1831 1760 1859 ι’
1790 1818 1931 1888 Ὅρα
1957 1817 2051 1868 καὶ

411 1901 508 1968 τὴν
553 1900 836 1970 ἐπιστολὴν
887 1901 1178 1968 ἀπολογίαν
1242 1903 1467 1973 ἔχουσαν
1532 1905 1628 1973 μὲν
1687 1904 1825 1973 ὐπέρ
1883 1903 2049 1956 αὐτοῦ

413 1985 629 2052 (Οὐδὲν
651 1985 776 2056 γὰρ,
819 1987 1002 2056 φησὶν,
1046 1984 1227 2056 εὗρον
1259 1990 1431 2054 ἄξιον
1478 1990 1735 2045 θανάτου
1782 1990 2049 2059 ἔγκλημα

413 2071 670 2141 ἔχοντα),
717 2074 1040 2143 κατηγορίαν
1079 2075 1134 2127 δέ
1173 2075 1292 2129 κατ’
1321 2075 1601 2145 ἐκείνωνῆ
1635 2075 1774 2129 κατά
1816 2074 2004 2128 τούτου
2030 2091 2044 2105 ο

412 2159 584 2222 οὕτως
610 2159 896 2216 ἐθανάτων.
923 2162 1029 2215 Καὶ
1066 2162 1278 2233 πρῶτον
1303 2163 1398 2232 μέν
1423 2181 1606 2234 φησιν,
1628 2165 1708 2216 ὅτι
1737 2163 2050 2217 Μέλλοντα

415 2245 775 2312 ἀναιρεῖσθαι
826 2244 942 2300 ὑπὸ
991 2246 1108 2300 τῶν
1160 2250 1460 2304 Ἰουδαίων
1515 2250 1830 2317 ἐξειλόμην
1869 2265 1882 2279 ·
1935 2244 2052 2301 εἶτα

417 2332 782 2401 προστίθησιν,
815 2334 896 2386 δτι
927 2335 1031 2388 Καὶ
1058 2335 1394 2403 κατήγαγον
1419 2338 1603 2390 αὐτόν
1627 2337 1774 2403 πρὸς
1799 2336 2017 2398 αὐτούς
2035 2350 2049 2366 ⁸

417 2420 507 2469 καὶ
533 2419 638 2470 οὐδ’
676 2418 846 2482 οῦτως
879 2415 1035 2490 εὗρόν
1080 2440 1130 2474 τι
1184 2421 1478 2489 ἐγκαλέσαι
1532 2424 1759 2475 ἐκεῖνοι·
1807 2424 1900 2474 καὶ
1937 2422 2052 2473 δέον

415 2501 551 2573 ἰπέρ
578 2502 669 2555 τοῦ
697 2507 960 2576 προτέρου
999 2507 1412 2575 καταπλαγῆναι
1439 2509 1532 2561 καὶ
1577 2508 2050 2577 καταισχυνθῖψαι,

417 2590 573 2641 πάλιν
598 2591 959 2661 ἐπιχειροῦσιν
986 2593 1213 2657 ἀνελεῖν,
1241 2594 1378 2647 ὥστε
1400 2595 1556 2647 πάλιν
1579 2595 1950 2666 λαμπρότερον
1968 2610 2056 2661 γε-

421 2676 597 2729 νέσθαι
628 2677 717 2728 τὸν
741 2678 880 2748 ὑπὲρ
907 2679 1069 2730 αὐτοῦ
1107 2680 1279 2748 λόγον.
1327 2681 1435 2733 Καὶ
1466 2681 1516 2732 τί
1547 2681 1742 2750 δήποτε
1780 2682 1904 2742 τοὺς
1935 2697 2059 2733 κατ-

417 2762 647 2832 ηγόρους
692 2765 929 2832 πέμπεις
963 2765 1078 2818 Ἰνα
1122 2774 1178 2817 ἐν
1204 2765 1282 2834 τῷ
1320 2765 1679 2836 δικαστηρίῳ,
1728 2766 1852 2819 ἔνθα
1886 2766 2057 2819 ταῦτα

415 2849 800 2921 ἀκριϐέστερον
866 2851 1239 2921 γυμνάζεται,
1295 2851 1470 2915 ἀθῶος
1523 2853 1767 2922 γένηται.
1833 2853 2057 2922 Ἴδωμεν

415 2937 592 2990 τοίνυν
637 2937 840 2990 ἀνωθεν
900 2938 968 2991 τά
1019 2940 1300 3008 εἰρημένα.
1344 2941 1509 3008 Ἐγὼ,
1555 2940 1708 3010 φησὶ,
1745 2940 2059 3007 Φαρισαῖός

417 3026 549 3092 ειμι.
592 3023 758 3077 Τοῦτο
779 3021 948 3088 εἶπεν,
973 3024 1109 3077 ὥστε
1145 3028 1339 3089 αὐτοὺς
1360 3026 1786 3081 ἐπισπάσασθαι.
1822 3025 1954 3081 Εἶτα
1972 3029 2058 3082 ῖνα

421 3111 494 3179 μὴ
524 3109 647 3179 δόξῃ
674 3110 1002 3172 κολακεύειν,
1022 3111 1232 3179 ἐπάγει’
1259 3114 1394 3181 Περὶ
1420 3114 1664 3179 ἐλπίδος
1686 3114 1781 3167 καὶ
1809 3114 2062 3168 ἀναστάο

420 3212 572 3260 σεως
595 3195 818 3262 νεκρῶν
845 3197 956 3266 ἐγὼ
988 3199 1275 3266 κρίνομαι.
1331 3198 1462 3251 Ἀπὸ
1486 3199 1584 3268 τῆς
1611 3201 1941 3271 κατηγορίας
1967 3201 2062 3254 αὐο

419 3283 526 3333 τῶν
553 3283 644 3334 καὶ
685 3285 781 3352 τῆς
819 3282 1072 3352 διαϐολῆς
1118 3285 1421 3353 συνίστησιν
1462 3287 1650 3340 ἐαυτόν
1678 3303 1692 3317 ·
1721 3287 2059 3340 Σαδδουκαῖοι

425 3369 646 3438 μὲνγὰρ
674 3368 888 3435 λέγουσι
921 3370 994 3441 μὴ
1022 3365 1159 3423 εἶναι
1183 3371 1431 3439 ἄγγελον,
1463 3373 1596 3442 μήτε
1625 3371 1858 3441 πνεῦμα.
1897 3373 2060 3427 Ούδέν

422 3453 706 3522 ἀσώματον
751 3454 896 3506 ίσασι
936 3457 1294 3518 Σαδδουκαῖοι,
1343 3459 1479 3525 τάχα
1504 3459 1622 3510 οὐδὲ
1654 3458 1742 3510 τὸν
1778 3459 1927 3520 Θεὸν,
1961 3478 2061 3512 πα-

424 3538 534 3603 χεῖς
561 3553 701 3599 τινες
729 3536 876 3600 ὄντες
899 3554 914 3568 ’
940 3537 1060 3591 ὅθεν
1115 3539 1235 3592 οὐδὲ
1285 3540 1577 3594 ἀνάστασιν
1620 3539 1894 3610 βούλονται
1924 3538 2061 3597 εῖναι

423 3623 712 3675 πιστεύειν.
767 3624 874 3677 Καὶ
929 3625 1319 3691 ἀναστάντες,
1368 3631 1520 3696 φησὶ,
1577 3628 1929 3697 γραμματεῖς
1955 3629 2061 3684 τοῦ

416 3709 634 3776 μέρους
659 3709 775 3761 τῶν
795 3710 1146 3777 Φαρισαίων,
1170 3710 1518 3780 διεμάχοντο
1544 3712 1821 3781 λέγοντες
1837 3730 1849 3742 °
1875 3714 2064 3768 Οὐδὲν

424 3795 610 3846 κακὸν
634 3795 987 3862 εὑρίσκομεν
1020 3795 1088 3848 ἐν
1107 3795 1184 3859 τῷ
1208 3795 1492 3862 ἀνθρώπῳ
1525 3799 1728 3860 τούτῳ.

495 3880 645 3951 [568]
669 3887 736 3947 γ’.
766 3882 925 3950 Ὅρα⁹
941 3880 1126 3935 ἀκούει
1142 3881 1234 3933 καὶ
1258 3885 1286 3934 6
1309 3882 1602 3953 χιλίαρχος,
1621 3885 1700 3936 δτι
1723 3884 1881 3937 αὐτὸν
1896 3887 2066 3956 ἀπήλ-

423 3967 585 4031 λαξαν
619 3969 972 4037 ἐγκλημάτων
1011 3969 1058 4021 οί
1101 3969 1411 4039 Φαρισαῖοι,
1449 3970 1539 4022 καὶ
1577 3971 1876 4040 ἐψηφίσατο
1925 3974 2063 4045 ὑπὲρ

423 4053 606 4116 αὐτοῦ,
631 4053 722 4106 καὶ
749 4053 884 4124 μετά
913 4054 1149 4118 πλείονος
1171 4055 1478 4126 παρρησίας
1506 4058 1736 4125 ἁρπάζει
1759 4059 1935 4112 αὐτόν.
1955 4062 2066 4113 Καὶ

424 4143 624 4196 αὐτὰδέ
638 4144 894 4212 εἰρημένα
908 4143 1101 4212 Παύλῳ
1119 4144 1426 4213 φιλοσοφίας
1441 4143 1530 4212 ἐγε
1537 4162 1623 4214 με.
1646 4145 1721 4213 Τῇ
1735 4146 1802 4197 δὲ
1813 4148 2063 4216 ἐπιούσῃ

425 4230 595 4283 νυκτὶ
623 4229 868 4296 ἐπιστὰς
895 4229 1099 4294 αὺτῷό
1133 4232 1345 4299 Κύριος
1372 4227 1500 4285 εἶπε
1532 4249 1544 4261 ·
1579 4231 1812 4299 Θάρσει,
1841 4234 2061 4287 Παῦλε

423 4317 504 4382 ὡς
534 4317 640 4385 γάρ
688 4315 1041 4383 διεμαρτύρω
1067 4317 1135 4369 τά
1182 4316 1314 4384 περί
1350 4317 1493 4385 ἐμοῦ
1534 4320 1620 4383 είς
1653 4319 2064 4389 Ἰερουσαλὴμ,

427 4405 577 4457 οὕτω
596 4420 666 4456 σε
690 4402 778 4455 δεῖ
821 4403 919 4454 καί
959 4404 1045 4467 είς
1089 4402 1312 4470 Ῥώμην
1332 4402 1724 4471 μαρτυρῆσαι.
1760 4406 1902 4476 Ὅρα
1926 4407 2064 4478 πόση

427 4493 461 4560 ἠ
499 4489 834 4560 παράκλησις
858 4505 870 4518 ·
899 4487 1112 4557 πρῶτον
1141 4488 1300 4540 αὐτὸν
1323 4491 1551 4554 ἐπαινεῖ,
1577 4486 1693 4543 εἶτα
1713 4492 1808 4546 οὐκ
1846 4493 2067 4562 ἀφίησιν

425 4579 543 4630 οὐδέ
572 4577 630 4628 τὸ
651 4575 838 4644 ἀδηλον
872 4574 970 4644 τῆς
1009 4575 1315 4644 ἀποδημίας
1355 4577 1653 4646 φοϐηθῆναι
1679 4579 1777 4647 τῆς
1810 4580 1901 4632 ἐπὶ
1935 4580 2069 4633 Ῥώ-

431 4680 536 4732 μην
573 4677 586 4691 ’
624 4662 695 4723 ὡς
738 4663 785 4713 εί
827 4660 1006 4728 ἔλεγεν
1037 4677 1050 4691 ο
1091 4661 1203 4713 Οὐκ
1235 4661 1508 4732 ἀπελεύσῃ
1540 4662 1697 4730 μόνον
1733 4666 1911 4727 κακεῖ,
1937 4665 2068 4719 ἀλλά

429 4750 524 4800 καὶ
544 4748 772 4818 τοσαύτῃ
801 4749 974 4818 χρήσῃ
1006 4748 1304 4818 παρρησίᾳ.
1355 4748 1627 4802 Ἐντεῦθεν
1649 4750 1742 4819 οὐχ
1776 4752 1857 4803 ὄτι
1894 4753 2066 4823 σωθή⁴

433 4851 584 4886 σεται
608 4833 874 4902 ἐδηλοῦτο,
898 4835 1009 4886 ἀλλ’
1032 4836 1112 4886 δτι
1141 4839 1235 4888 καὶ
1271 4837 1362 4888 ἐπὶ
1389 4835 1642 4905 μεγάλοις
1675 4838 2010 4906 μαρτυρήσει
2043 4838 2069 4876 ιι

432 4921 713 4988 στεφάνοις
750 4921 806 4971 ἐν
840 4922 905 4989 τῇ
968 4919 1178 4992 μεγάλῃ
1229 4922 1396 4974 πόλει,
1440 4923 1537 4975 Διά
1576 4923 1628 4974 τί
1673 4923 1726 4974 δὲ
1771 4923 1832 4974 οὐ
1878 4923 2068 4994 πρὶνῆ

432 5008 688 5077 ἐμπεσεῖν
710 5006 788 5068 εἰς
807 5006 898 5058 τὸν
924 5006 1182 5065 κίνδυνον,
1208 5007 1377 5078 ἐφάνη
1400 5009 1543 5077 αὐτῷ
1566 5027 1579 5073 ;
1612 5009 1732 5061 Ὅτι
1764 5010 1848 5062 ἀεὶ
1873 5011 1930 5062 ἐν
1955 5014 2071 5073 ταῖς

431 5094 639 5162 θλίψεσι
674 5093 971 5162 παρακαλεῖ
1003 5096 1029 5145 6
1062 5093 1191 5155 Θεὸς
1224 5095 1361 5160 (τότε
1409 5095 1512 5164 γὰρ
1555 5096 1919 5168 ποθεινότερος
1945 5099 2070 5164 φαί-

434 5182 624 5248 νεται),
647 5181 740 5232 καὶ
777 5181 834 5231 ἐν
870 5184 978 5240 τοῖς
1012 5180 1268 5242 κινδύνοις
1307 5182 1636 5250 ἐγγυμνάζει
1674 5186 1838 5252 ἡμᾶς.
1865 5185 2073 5247 ’Ἄλλως

431 5270 490 5322 δὲ
515 5269 632 5320 τότε
666 5267 762 5337 μὲν
785 5269 840 5320 ἐν
872 5268 1049 5319 ἀνέσει
1080 5263 1145 5336 ἦν
1166 5308 1179 5329 ,
1214 5269 1432 5338 ἀφεθεὶς
1466 5269 1572 5322 τῶν
1603 5270 1810 5339 δεσμῶν
1840 5291 1852 5302 ·
1889 5274 1983 5327 νῦν
2018 5275 2071 5327 δὲ

435 5355 653 5426 ἔμελλεν
686 5355 842 5407 αὐτὸν
864 5355 1195 5423 διαδέχεσθαι
1220 5356 1381 5410 δεινά.
1411 5359 1529 5410 ’Ότι
1567 5360 2072 5430 ἀνεθεματίσαμεν

437 5440 704 5504 ἑαυτοὺς.
732 5441 880 5510 φησὶ,
912 5440 996 5509 μὴ
1040 5441 1249 5508 φαγεῖν
1275 5443 1425 5510 μηδὲ·
1493 5447 1666 5499 πιεῖν.
1715 5448 1903 5513 Βαϐαῖ,
1934 5449 2070 5518 πόση

441 5529 604 5598 μανία
632 5530 643 5581 !
673 5529 890 5589 ἑαυτοὺς
916 5527 990 5597 τῷ
1016 5528 1314 5598 ἀναθέματι
1335 5531 1718 5584 ὑποϐάλλουσιν
1753 5535 2066 5602 ἀλογίστως.

440 5620 636 5681 ’Ὅπως
658 5613 950 5682 καταγάγῃ
980 5615 1183 5677 αὐτόν,
1221 5618 1372 5686 φησὶ,
1412 5617 1560 5683 πρὸς
1600 5618 1774 5687 ὑμᾶς,
1820 5621 1898 5686 ὡς
1928 5621 2072 5690 μέλ-

438 5707 655 5764 ,κοντας
699 5699 1114 5765 ἀκριϐέστερον
1157 5700 1567 5768 διαγινώσκειν
1608 5704 1679 5756 τὰ
1707 5705 1838 5772 περὶ
1864 5709 2070 5763 αὑτοῦ.

441 5791 501 5837 Τί
542 5789 748 5852 λέγειςς
782 5786 899 5852 οὐχὶ
943 5785 1188 5856 δεύτερον
1243 5789 1377 5858 πρὸς
1430 5792 1572 5858 ὑμᾶς
1629 5792 2073 5867 ἐδημηγόρησεν;

504 5891 526 5910 ⁸
555 5883 701 5931 Morel
745 5883 960 5948 ἰῤῥωσθε.
1029 5882 1050 5920 b
1079 5882 1125 5930 In
1147 5898 1239 5932 uno
1261 5883 1540 5946 μαρτυρήτει
1565 5888 1725 5937 deest.

1186 413 1243 467 S.
1285 408 1560 466 JOANNIS
1598 401 2075 463 CIIRYSOSTOMI
2117 401 2432 458 ARCIIIEP.
2475 394 3017 457 CONSTA'NTINOP.

3696 375 3808 434 διε

2145 518 2261 586 οὐχὶ
2290 519 2576 587 Φαρισαῖον
2602 513 2786 568 ἐαυτὸν
2823 507 2974 576 εἶπες
2999 507 3051 561 τί
3090 500 3181 558 οῦν
3208 503 3267 557 τὸ
3295 501 3542 587 περιττὸν
3560 538 3572 559 .
3617 494 3811 587 Οὕτως

2141 581 2296 656 οὐδὲν
2322 581 2629 670 ἐφοϐοῦντο,
2655 601 2714 653 οὐ
2737 597 3080 667 δικαστήρια,
3103 594 3165 645 οὐ
3193 591 3387 661 νόμους
3413 602 3427 618 ⁶
3455 584 3630 646 οὕτως
3654 581 3810 670 οὐδὲν

2141 691 2326 753 αὐτοῖς
2353 668 2657 759 ἀτόλμητον
2685 683 2772 757 ἦν.
2808 685 2918 739 Καὶ
2945 687 3041 755 τὴν
3064 681 3290 750 γνώμην
3315 672 3688 745 εἰσηγοῦνται,
3710 668 3810 759 καὶ

2141 779 2237 847 τὴν
2284 752 2499 847 πρᾶξιν.
2522 752 2969 843 ἐπαγγέλλονται.
3000 752 3300 832 -Ἆκούσας
3341 763 3408 817 δέ
3525 759 3667 847 Ϋυιδς

2141 844 2408 932 ἀδελφῆς
2424 863 2664 916 Παύλου
2693 860 2755 913 τὸ
2789 858 3055 925 ἐνεδρον.
3080 854 3248 907 Τοῦτο
3270 852 3366 921 τῆς
3395 846 3487 901 τοῦ
3508 844 3646 932 Θεοῦ
3667 845 3809 894 οἰκο-

2143 951 2330 1019 νομίας
2357 945 2423 1019 ἦν
2441 947 2642 1010 λοιπὸν,
2675 945 2736 998 τὸ
2777 944 2852 1014 μὴ
2899 941 3129 995 συνιδεῖν
3153 938 3347 1000 αὐτοὺς
3379 935 3461 988 ὅτι
3486 931 3800 1019 ἀκούσεταιί

2213 1011 2278 1089 τί
2291 1011 2424 1089 ὦνί
2439 1033 2668 1097 Παῦλος;
2687 1011 2800 1084 υύκ
2813 1011 3113 1100 ἐθορυϐήθη
3124 1067 3136 1084 .
3153 1024 3287 1078 ἀλλά
3304 1021 3557 1084 συνεῖδεν,
3571 1019 3657 1100 ὅτι
3670 1011 3805 1068 Θεοῦ

2147 1123 2292 1174 ἐστιν
2318 1120 2474 1193 ἔργον
2496 1119 2672 1174 τοῦτο’
2698 1119 2794 1172 καὶ
2820 1117 2880 1170 τὸ
2908 1099 3021 1169 πᾶν
3059 1111 3144 1165 ἐπ’
3168 1109 3330 1164 αὐτὸν
3367 1107 3550 1193 ῥίψας,
3580 1099 3728 1193 εἶχεν
3749 1101 3807 1193 ἐξ

2145 1208 2304 1278 ἔργου
2336 1189 2432 1276 τὴν
2452 1204 2741 1273 σωτηρίαν.
2767 1203 2876 1256 Καὶ
2899 1200 3087 1255 σκόπει
3115 1197 3231 1259 πῶς
3253 1197 3331 1260 είς
3351 1192 3552 1262 ἀγαθὸν
3579 1192 3759 1244 πάντα
3774 1189 3806 1240 6

2144 1295 2274 1356 Θεὸς
2301 1293 2666 1364 ᾠκονόμησεν.
2692 1285 2858 1342 Εἶπεν
2885 1290 2912 1342 6
2937 1287 3151 1349 νεανίας
3197 1285 3294 1354 τὴν
3326 1278 3637 1348 ἐπιϐουλὴν,

2147 1361 2364 1449 στεύθη.
2381 1379 2474 1432 καὶ
2483 1361 2622 1430 οὐτω
2638 1375 2822 1429 λοιπὸν
2839 1373 3158 1437 διασώζεται
3177 1369 3404 1432 Παῦλος.
3423 1366 3532 1420 Καὶ
3547 1361 3805 1431 είάφέθη,

2145 1470 2295 1538 φησὶ,
2324 1467 2422 1536 τῆς
2449 1462 2754 1528 αἰτίας,διά
2775 1463 2826 1515 τί
2852 1462 2975 1524 τοὺς
2999 1461 3331 1530 κατηγόρους
3346 1455 3624 1524 ἐπεμψανς
3643 1452 3807 1504 ’Ὥστε

2145 1553 2534 1626 ἀκριϐεστέραν
2554 1550 2801 1618 γενέσθαι
2826 1549 2916 1620 τὴν
2948 1547 3208 1614 ἐξέτασιν·
3229 1545 3365 1599 ὥστε
3384 1542 3579 1613 μᾶλλον
3607 1539 3810 1626 καθαρ-

2146 1617 2302 1710 θῆναι
2325 1652 2346 1680 ο
2369 1617 2458 1693 τὸν
2473 1617 2659 1710 ἀνδρα.
2677 1617 2928 1692 Τοιαῦται
2950 1638 3004 1690 αῖ
3021 1635 3113 1688 τοῦ
3125 1632 3256 1688 Θεοῦ
3276 1629 3594 1700 οἰκονομίαι·
3634 1627 3714 1679 δι’
3737 1617 3811 1677 ὧν

2150 1727 2500 1799 βλαπτόμεθα
2520 1765 2534 1789 ,
2567 1725 2654 1779 διά
2681 1725 2888 1779 τούτων
2914 1719 3288 1793 ὠφελούμεθα.
3315 1718 3471 1773 Οῦτω
3500 1716 3594 1770 καὶ
3612 1713 3811 1782 Ἰωσὴφ

2148 1813 2530 1869 ἐπεϐουλεύετο
2597 1813 2704 1865 ὐπὸ
2761 1814 2857 1880 τῆς
2940 1809 3223 1879 δεσποίνης
3255 1823 3272 1840 ο
3336 1804 3426 1858 καὶ
3487 1802 3660 1855 ἐδόκει
3716 1800 3814 1870 μὲν

2150 1901 2539 1966 ἐπιϐουλεύειν,
2570 1899 2988 1954 ἐπιϐουλεύουσα
3007 1897 3063 1951 δέ
3097 1897 3153 1948 ἐν
3181 1892 3450 1963 ἀσφαλείᾳ
3482 1889 3814 1958 κατέστησεν

2148 1988 2308 2042 αὐτόν
2333 2005 2348 2020 ο
2395 1987 2500 2056 τῆς
2534 1985 2642 2055 γάρ
2692 1985 2888 2048 οἰκίας,
2939 1983 3065 2036 ἔνθα
3104 1981 3163 2035 τὸ
3201 1979 3384 2050 θηρίον
3425 1979 3599 2029 ἐκεῖνο
3658 1975 3815 2044 ἐτρέ-

2149 2094 2299 2146 φετο,
2332 2075 2510 2144 πολλῷ
2541 2075 2601 2128 τὸ
2641 2075 3010 2142 δεσμωτήριον
3036 2069 3381 2140 ἡμερώτερον
3416 2062 3503 2135 ἦν.
3534 2065 3684 2118 Ἐκεῖ
3717 2063 3812 2133 μὲν

2148 2163 2254 2231 γὰρ
2281 2161 2375 2224 ὣν,
2399 2162 2445 2213 εἰ
2468 2160 2560 2214 καὶ
2582 2160 2640 2213 ἐν
2665 2159 2926 2230 θεραπείᾳ
2937 2154 3022 2229 ἦν,
3044 2156 3168 2209 ἀλλ’
3194 2157 3250 2208 ἐν
3272 2153 3420 2224 φόϐῳ
3446 2151 3703 2220 διηνεκεῖ,
3739 2147 3810 2219 μή

2151 2266 2279 2301 ποτε
2304 2247 2558 2316 ἐπίθηται
2583 2249 2617 2316 ἡ
2639 2246 2916 2310 δέσποινα,
2963 2245 3054 2297 καὶ
3099 2239 3471 2311 δεσμωτηρίου
3501 2235 3810 2309 χαλεπώτε-

2156 2349 2244 2401 ρον
2269 2335 2297 2386 ό
2329 2332 2489 2401 φόϐος
2510 2330 2656 2401 αὐτῷ
2690 2331 2938 2385 ἐπέκειτο
2963 2345 2976 2359 ·
3009 2327 3146 2400 μετά
3175 2326 3231 2380 δὲ
3270 2326 3369 2396 τὴν
3400 2323 3735 2394 κατηγορίαν
3759 2321 3813 2373 ἐν

2153 2419 2303 2489 ἀδείᾳ
2330 2419 2516 2471 λοιπὸν
2547 2419 2639 2471 καὶ
2676 2417 2876 2488 ἡσυχίᾳ
2898 2412 2986 2486 ἦν,
3014 2413 3345 2480 ἀπαλλαγεὶς
3370 2411 3580 2464 ἐκείνου
3605 2407 3702 2462 τοῦ
3728 2407 3816 2476 θη-

2152 2506 2263 2576 ρίου
2301 2506 2392 2558 καὶ
2422 2505 2518 2574 τῆς
2545 2502 2934 2574 ἀσχημοσύνης
2965 2500 3060 2553 κα⁸ι
3099 2499 3199 2568 τῆς
3224 2495 3516 2565 ἐπιϐουλῆς
3550 2510 3565 2524 ·
3605 2493 3815 2563 βέλτιον

2153 2592 2261 2660 γὰρ
2285 2591 2428 2660 αὐτῷ
2455 2587 2522 2662 ἦν
2555 2586 3122 2658 τεταλαιπωρημένοις
3153 2583 3462 2652 ἀνθρώποις
3493 2582 3756 2641 συνεῖναι,
3781 2578 3814 2648 ἢ

2159 2679 2455 2749 μαινομένῃ
2512 2677 2787 2748 δεσποίνῃ.
2836 2675 3101 2729 Ἐνταῦθα
3162 2675 3258 2744 μὲν
3311 2671 3402 2727 οὖν
3453 2671 3818 2738 παρεμυθεῖτο

2156 2763 2368 2827 ἐαυτὸν,
2401 2765 2479 2816 ὅτι
2508 2763 2592 2816 διά
2617 2761 2969 2832 σωφροσύνην
2995 2761 3248 2814 ἐνέπεσεν
3267 2776 3280 2789 ο
3316 2761 3431 2812 ἐκεῖ
3449 2758 3505 2809 δὲ
3536 2755 3813 2816 ἐδεδοίκει,

2159 2851 2232 2920 μὴ
2260 2852 2385 2921 περὶ
2413 2849 2508 2920 τὴν
2535 2849 2710 2919 ψυχὴν
2737 2847 2871 2919 λάϐῃ
2892 2848 2988 2918 τὴν
3015 2848 3248 2917 πληγήν·
3277 2845 3426 2899 οὐδὲν
3453 2843 3561 2913 γάρ
3579 2841 3816 2912 ἐπαχθέν

2158 2953 2344 3006 στερον
2378 2935 2654 3007 ἐρωμένης
2688 2933 2839 3005 [369]
2859 2934 2964 3003 νέῳ
2995 2935 3069 3004 μὴ
3103 2930 3596 3003 βουλομένῳ,οὐδὲν
3631 2927 3820 2997 ἐναγέ·

2157 3039 2369 3092 στερον,
2393 3022 2545 3073 οὐδὲν
2579 3021 2876 3092 βαρύτερον
2901 3037 2914 3051 ο
2956 3019 3170 3073 πάντων
3208 3018 3422 3088 δεσμῶν
3468 3016 3626 3069 τοῦτο
3653 3014 3816 3084 χαλε-

2157 3109 2418 3178 πώτερον.
2451 3109 2611 3160 ’Ὥστε
2654 3109 2755 3160 οὐκ
2819 3108 2899 3170 εἰς
2945 3107 3320 3177 δεσμωτήριον
3358 3104 3634 3166 ἐνέπεσεν,
3683 3101 3820 3155 ἀλλά

2157 3193 2525 3264 δεσμωτηρίου
2548 3193 2836 3264 ἀπηλλάγη
2858 3213 2871 3226 ο
2901 3193 3304 3263 ἐξεπολέμωσεν
3328 3190 3475 3261 αὐτῷ
3505 3190 3597 3244 τὸν
3617 3187 3818 3243 δεσπόο

2157 3299 2274 3350 την,
2309 3281 2444 3334 ἀλλά
2475 3279 2771 3349 κατήλλαξε
2809 3282 2899 3334 τὸν
2932 3279 3082 3344 Θεὸν,
3141 3278 3464 3348 οἰκειότερον
3490 3277 3652 3330 αὐτὸν
3683 3292 3819 3329 κατ-

2160 3368 2355 3438 έστησε
2412 3367 2488 3437 τῷ
2517 3368 2685 3430 δντως
2749 3367 2995 3439 Δεσπότῃ
3049 3365 3125 3436 τῷ
3159 3363 3396 3439 ἀληθινῷ
3421 3379 3437 3394 ’
3466 3363 3692 3427 ἐξέϐαλε
3719 3362 3821 3432 τῆς

2159 3456 2476 3518 ἐπιστασίας
2498 3457 2594 3526 τῆς
2623 3457 2679 3508 ἐν
2705 3459 2770 3527 τῇ
2799 3457 2965 3526 οἰκίᾳ,
3009 3455 3135 3508 ἀλλ’
3163 3454 3406 3525 ᾠκείωσε
3435 3451 3512 3522 τῷ
3546 3452 3816 3522 Δεσπὸτῃ·

2158 3543 2324 3597 Πάλιν
2352 3545 2399 3596 οῖ
2426 3543 2638 3612 ἀδελφοὶ
2664 3542 2968 3612 ἐπώλησαν,
2985 3543 3110 3595 ἀλλ’
3135 3541 3447 3613 ἀπήλλαξαν
3484 3538 3649 3592 αὐτὸν
3688 3554 3818 3591 συν-

2158 3629 2446 3686 οικούντων
2490 3629 2722 3701 ἐχθρῶν,
2769 3629 2965 3696 φθόνου
2997 3629 3090 3682 καὶ
3131 3627 3425 3697 βασκανίας
3448 3625 3668 3695 πολλῆς,
3698 3625 3821 3676 ἐπι-

2160 3712 2355 3780 ϐουλῆς
2409 3711 2804 3783 καθημερινῆς,
2864 3712 3082 3782 μακράν
3135 3711 3476 3779 κατέστησαν
3523 3708 3687 3761 αὐτὸν
3708 3707 3820 3761 τῶν

2162 3799 2474 3868 μισούντων.
2505 3797 2567 3851 Τί
2613 3798 2720 3868 γάρ
2768 3799 2959 3850 τούτου
3013 3801 3213 3867 χεῖρον,
3263 3797 3390 3848 ὅταν
3435 3812 3520 3856 τις
3568 3794 3819 3862 ἀδελφοῖς

2165 3887 2417 3956 φθονοῦσι
2442 3890 2705 3940 συνοικεῖν
2763 3885 3153 3954 ἀναγκάζηται,
3210 3885 3338 3938 δταν
3380 3883 3460 3935 δι’
3486 3881 3724 3951 ὑποψίας
3756 3879 3814 3952 ᾖ,

2159 3975 2285 4026 ὅταν
2312 3972 2757 4042 ἐπιϐουλεύηται;
2792 3974 2954 4026 Ὥστε
2983 3972 3151 4042 ἔτερα
3177 3972 3274 4041 μέν
3305 3969 3522 4022 ἐποίουν
3556 3968 3651 4022 καὶ
3672 3962 3818 4020 οὗτοι

2161 4060 2404 4129 κάκείνη,
2433 4061 2595 4129 ’ἐτερα
2626 4061 2682 4112 δέ
2715 4060 3050 4129 ᾠκονομεῖτο
3084 4059 3227 4128 ὑπὲρ
3276 4057 3369 4110 τοῦ
3407 4056 3614 4110 δικαίου
3645 4056 3799 4124 μεγά·

2161 4147 2246 4200 λα.
2275 4147 2402 4200 Ὀτε
2434 4143 2500 4217 ἦν
2528 4150 2582 4199 ἐν
2599 4150 2748 4216 τιμῇ,
2784 4147 2904 4198 τότε
2947 4142 3014 4214 ἦν
3031 4146 3086 4196 ἐν
3107 4144 3330 4213 κινδύνῳ
3364 4159 3378 4173 ο
3411 4144 3498 4196 ὅτε
3517 4138 3584 4213 ἦν
3620 4145 3678 4195 ἐν
3697 4142 3814 4195 ἀτι-

2167 4235 2262 4305 μία
2293 4235 2345 4298 ἀ,
2374 4235 2494 4288 τότε
2519 4231 2584 4301 ἦν
2608 4235 2663 4285 ἐν
2707 4232 2975 4301 ἀσφαλείᾳ
3003 4247 3015 4260 ·
3056 4231 3154 4283 οὐκ
3183 4230 3547 4299 ἐμνημόνευον
3576 4228 3738 4281 αὐτοῦ
3765 4229 3816 4280 οι

2173 4319 2463 4389 εὐνοῦχοι-
2512 4321 2604 4371 καὶ
2649 4318 2844 4382 καλῶς,
2908 4317 2994 4370 ἵνα
3044 4315 3397 4386 λαμπροτέρα
3447 4314 3671 4384 γένηται
3719 4314 3814 4382 τῆς

2165 4407 2346 4470 ἐξόδου
2397 4407 2430 4474 ἡ
2476 4403 2726 4466 ὑπόθεσις
2757 4420 2770 4432 ’
2809 4403 2892 4455 ἵνα
2941 4402 3013 4472 μὴ
3067 4403 3249 4473 χάριτι
3308 4400 3640 4471 ἀνθρωπίνῃ,
3679 4398 3816 4452 ἀλλ’

2164 4492 2440 4562 οἰκονομίᾳ
2485 4490 2604 4561 θείᾳ
2650 4490 2709 4542 τὸ
2753 4491 2858 4542 πᾶν
2904 4489 3180 4558 λογίζηται
3224 4504 3235 4516 ·
3273 4490 3358 4541 ἵνα
3408 4487 3681 4558 εὐκαίρως
3736 4486 3812 4548 είς

2165 4580 2352 4650 χρείαν
2375 4578 2646 4641 καταστὰς
2688 4577 2928 4647 ἐξαγάγῃ
2967 4593 2980 4607 ο
3038 4577 3124 4630 ἵνα
3192 4575 3264 4646 μὴ
3317 4573 3642 4645 εὐεργετῶν,
3684 4571 3811 4626 ἀλλ’

2164 4667 2613 4733 εὐεργετούμενος
2656 4664 2815 4716 αὐτὸν
2866 4664 3071 4733 ἐκϐάλῃ
3123 4662 3215 4715 τοῦ
3260 4662 3632 4732 δεσμωτηρίου
3658 4661 3816 4713 δῡαο

2170 4752 2300 4823 ραώ.
2343 4753 2452 4806 Οὐκ
2511 4751 2614 4803 ἔδει
2659 4751 2841 4803 δοῦλον
2899 4749 3152 4818 γενέσθαι
3211 4749 3271 4802 τὸ
3329 4748 3519 4819 δῶρον,
3580 4747 3810 4809 cura;

2166 4839 2406 4906 ἀνάγκην
2438 4839 2772 4904 καταστῆναι
2810 4838 2900 4890 τὸν
2935 4836 3157 4907 βασιλέα
3190 4853 3204 4866 ·
3237 4836 3343 4889 ἔδει
3387 4834 3624 4904 φανερὰν
3649 4831 3812 4887 αὐτοῦ

2167 4925 2411 4992 γενέσθαι
2439 4929 2534 4994 τὴν
2560 4927 2768 4994 σοφίαν.
2829 4925 2926 4976 Διά
2973 4923 3129 4976 τοῦτο
3183 4921 3429 4975 λανθάνει
3462 4922 3491 4972 6
3541 4919 3811 4989 εὐνοῦχος,

2171 5014 2254 5066 ἵνα
2284 5014 2356 5083 μὴ
2381 5015 2516 5086 λάθῃ
2559 5013 2846 5079 Αἴγυπτος,
2881 5012 2964 5065 ἵνα
3017 5011 3090 5082 μὴ
3129 5010 3371 5079 ἁγνοήσῃ
3411 5007 3570 5061 αὐτὸν
3595 5006 3624 5057 6
3671 5007 3814 5076 βασι-

2167 5100 2308 5163 λεύς.
2341 5103 2399 5153 Εἰ
2429 5103 2546 5154 τότε
2572 5100 2856 5169 ἐξηνέχθη,
2889 5100 3015 5161 ἴσως
3052 5099 3118 5152 ἂν
3144 5098 3238 5151 καὶ
3287 5095 3631 5164 ἐπεθύμησεν
3658 5095 3814 5146 ἀττελ-

2171 5187 2280 5239 θεῖν
2326 5191 2403 5250 είς
2428 5189 2521 5258 τὴν
2557 5187 2718 5240 αὐτοῦ
2755 5205 2766 5218 ·
2800 5185 2887 5239 διὰ
2932 5186 3087 5240 τοῦτο
3124 5186 3346 5255 μυρίαις
3385 5184 3653 5250 ἀνάγκαις
3683 5199 3811 5235 κατ-

2170 5278 2371 5346 έχεται,
2401 5277 2612 5347 πρῶτον
2637 5280 2699 5346 τῇ
2727 5276 3031 5346 δεσποτεία.
3054 5277 3304 5345 δεύτερον
3331 5273 3409 5343 τῷ
3433 5271 3809 5343 δεσμωτηρίῳ,

2169 5364 2347 5434 τρίτον
2371 5366 2428 5415 ἐν
2449 5365 2514 5432 τῇ
2553 5361 2817 5432 βασιλείᾳ,
2849 5363 2933 5414 ἵνα
2955 5362 3126 5414 ταῦτα
3158 5359 3506 5429 οἱκονομηθῇ.
3549 5357 3813 5429 Καθάπερ

2170 5447 2258 5502 οὖν
2286 5468 2404 5503 τινα
2460 5450 2700 5517 γενναῖον
2741 5449 2914 5501 πῶλον
2957 5449 3258 5517 ἐκπηδῆσαι
3309 5446 3626 5515 βουλόμενον
3679 5444 3811 5514 πρὸς

2171 5537 2295 5599 τοὺς
2320 5535 2504 5600 αὐτοῦ,
2534 5537 2780 5604 κατεῖχεν
2813 5535 2840 5586 6
2883 5534 3012 5598 Θεὸς
3063 5535 3178 5586 ἐκεῖ
3237 5533 3314 5586 δι’
3343 5533 3532 5585 αἰτιῶν
3564 5531 3810 5597 ἐνδόξων.

2173 5621 2294 5674 Ὂτι
2323 5624 2428 5690 γὰρ
2469 5620 2728 5690 ἐπεθύμει
2750 5620 2838 5672 τὸν
2870 5621 3080 5691 πατέρα
3116 5620 3239 5672 ίδεῖν
3266 5620 3357 5671 καὶ
3393 5619 3700 5684 ἀπαλλάξαι
3720 5621 3813 5691 τῆς

2171 5709 2379 5777 ὀδύνης,
2411 5709 2568 5778 δῆλον
2596 5709 2657 5761 ἐκ
2688 5708 2779 5759 τοῦ
2809 5707 3027 5760 καλέσαι
3053 5707 3212 5760 αὐτὸν
3237 5707 3367 5758 ἐκεῖ.

2242 5795 2301 5848 δ’.
2334 5794 2593 5846 Βούλεσθε
2623 5794 2714 5846 καὶ
2744 5794 2930 5864 ἐτέρας
2965 5793 3159 5863 ἴδωμεν
3198 5791 3517 5856 ἐπιϐουλὰς,
3568 5794 3649 5846 ὅτι
3682 5793 3816 5865 ὑπὲρ

2233 5890 2254 5912 ⁸
2283 5889 2449 5938 Mure].
2471 5927 2482 5950 ,
2505 5892 2781 5951 καθαρῆναι,
2805 5889 2951 5937 male.
3035 5890 3059 5926 ιι
3081 5886 3275 5945 Morel,
3301 5888 3347 5935 ίν
3367 5885 3556 5950 ἀθυμίᾳ.
