4076 6546
163 448 263 507 3H

162 572 302 627 rate,
331 568 388 616 ut
429 558 765 629 imponentcs
811 553 1057 618 Paulum,
1098 552 1314 606 salvum
1368 549 1665 620 perducant
1693 549 1759 604 ad

162 653 402 708 Felicem
447 649 736 722 prmsidcm
779 646 912 702 :26.
967 645 1213 700 scribens
1261 643 1546 714 epistolam
1587 643 1766 698 conti~

160 755 384 803 nentem
425 746 539 798 haec
569 759 586 804 ξ
615 741 871 800 Claudius
895 739 1086 812 Lysias
1111 738 1317 810 optimo
1343 737 1559 808 prasidi
1594 736 1760 793 Felici

157 839 411 893 salutem.
443 835 538 891 27.
568 835 754 890 Virum
800 832 942 888 hunc
993 825 1446 902 comprehensum
1475 846 1505 885 a
1533 829 1758 898 Judmis,

157 943 211 988 ct
261 931 606 1002 incipientem
657 925 886 985 interfici
940 927 1008 982 ab
1062 927 1164 993 eis,
1216 924 1606 996 superveniens
1638 940 1760 979 cum

156 1025 410 1082 exercitu
464 1023 667 1095 eripui,
711 1021 929 1094 cognito
951 1021 1094 1092 quod
1136 1020 1416 1077 Romanus
1444 1029 1627 1081 esset;
1667 1019 1759 1076 28.

157 1119 455 1190 volensque
475 1117 616 1174 scire
645 1129 888 1181 causam,
912 1130 1071 1186 quam
1093 1113 1422 1185 objiciebant
1442 1113 1543 1180 illi,
1563 1111 1760 1167 deduxi

153 1228 285 1269 eum
313 1213 368 1268 in
397 1211 687 1268 concilium
717 1225 930 1266 eorum.
972 1208 1064 1264 29.
1099 1207 1272 1276 Quem
1318 1206 1564 1278 comperi
1596 1220 1756 1262 accu-

155 1305 270 1361 sari
311 1305 379 1360 de
412 1303 799 1376 quaestionibus
839 1301 972 1372 legis
1017 1301 1256 1371 ipsorum
1283 1341 1299 1366 ,
1329 1298 1461 1354 nihil
1507 1314 1637 1354 vero
1675 1297 1756 1353 di-

156 1414 325 1469 gnum
357 1405 537 1452 morte
564 1404 658 1450 aut
686 1395 915 1450 vinculis
948 1393 1234 1450 habentem
1265 1391 1535 1448 criminis.
1571 1390 1663 1446 50.
1695 1390 1764 1445 Ει

155 1506 280 1546 cum
309 1489 440 1544 mihi
493 1490 762 1559 perlatum
810 1496 957 1544 esset
985 1486 1055 1544 de
1089 1486 1335 1552 insidiis,
1369 1500 1504 1557 quas
1528 1499 1755 1557 parave-

157 1590 282 1637 rant
307 1581 381 1636 illi
411 1581 606 1648 Judazi,
656 1580 776 1635 misi
806 1594 930 1635 eum
952 1578 1020 1634 ad
1049 1587 1122 1644 te,
1165 1577 1485 1648 prmcipiens
1532 1592 1761 1632 accusa-

157 1674 387 1736 toribus.
416 1683 474 1729 ut
494 1688 613 1744 quae
639 1683 826 1729 contra
860 1671 1009 1727 illum
1036 1669 1257 1736 habent,
1282 1668 1466 1725 dicant
1493 1667 1636 1740 apud
1665 1676 1718 1723 te
1744 1683 1759 1722 :

163 1767 315 1824 Vale.
353 1787 371 1820 ι
409 1766 542 1823 Vide
585 1765 867 1836 epistolam
917 1779 1022 1834 qua
1070 1765 1187 1832 ipse
1223 1763 1553 1820 defenditur.
1586 1761 1764 1834 (Nihil

154 1861 323 1925 enim,
368 1860 559 1930 inquit,
592 1858 761 1913 iuveni
810 1857 1020 1930 dignum
1058 1865 1220 1911 morte
1266 1854 1616 1926 habentem);
1664 1869 1758 1910 ac-

154 1953 489 2007 cusationem
535 1958 716 2006 autem
764 1950 940 2020 potius
986 1957 1174 2004 contra
1198 1947 1343 2016 illos,
1375 1962 1536 2018 quam
1568 1955 1757 2002 contra

156 2046 320 2106 hunc,
371 2042 461 2098 Sic
484 2042 638 2097 illum
666 2041 1020 2109 occidebant,
1044 2039 1138 2095 scd
1180 2039 1354 2110 primo
1373 2081 1388 2106 ,
1417 2039 1586 2109 inquit
1609 2080 1624 2105 ,
1648 2037 1759 2093 eri--

155 2138 246 2207 pui
276 2137 426 2191 illum
464 2151 591 2190 mox
621 2133 1049 2190 interficiendum
1086 2149 1116 2188 a
1150 2130 1607 2188 .ludtciSuDeinde
1659 2131 1758 2187 ad-

157 2227 235 2282 dit
264 2243 280 2284 :
314 2225 518 2281 Deduxi
548 2242 661 2280 eum
689 2226 757 2279 ad
809 2224 958 2290 illos;
992 2234 1049 2280 et
1090 2239 1266 2295 neque
1311 2223 1392 2281 sic
1436 2223 1511 2278 illi
1557 2221 1759 2295 aliquid

153 2321 518 2378 accusandum
571 2320 928 2376 habuere:et
977 2335 1099 2375 cum
1143 2318 1471 2388 oportuisset
1525 2317 1650 2372 illos
1691 2332 1761 2372 ex

159 2414 327 2484 priori
356 2421 552 2469 conatu
606 2412 871 2468 deterreri
904 2419 959 2466 et
988 2411 1336 2476 erubescere,
1382 2423 1571 2465 rursus
1608 2409 1760 2464 occi-

153 2506 286 2561 dcre
316 2513 563 2570 tentant,
605 2513 662 2559 ut
704 2504 904 2559 clarior
947 2517 1111 2559 causa
1158 2502 1300 2558 illius
1327 2502 1542 2558 evadat.
1567 2501 1640 2557 Et
1662 2516 1760 2557 cur

153 2607 497 2654 accusatores
526 2598 688 2652 mittit
715 2597 737 2651 ?
768 2596 836 2653 Ut
874 2597 926 2651 in
959 2596 1235 2661 tribunali,
1269 2596 1356 2650 ubi
1383 2593 1502 2650 lucc
1540 2609 1762 2650 accura-

153 2692 259 2746 tius
281 2691 756 2756 examinabantur,
806 2691 992 2745 insons
1019 2688 1412 2745 declarantur.
1445 2686 1554 2744 Sed
1581 2702 1756 2758 supc—

153 2786 267 2841 rius
295 2785 438 2840 dicta
467 2794 797 2855 repetamus.
841 2783 974 2855 Ego,
1020 2781 1215 2853 inquit,
1268 2780 1567 2837 Phariucus
1614 2798 1748 2836 sum.

156 2881 268 2936 Iloc
307 2879 466 2943 dixit,
491 2891 548 2934 ut
576 2879 700 2934 illos
748 2877 1064 2934 attraheret.
1095 2875 1335 2944 Deinde,
1382 2892 1450 2934 ne
1480 2877 1755 2933 videretur

155 2975 362 3030 adulari
387 3015 404 3041 ,
446 2973 631 3030 subdit
658 2991 672 3026 :
698 2972 776 3027 De
823 2987 916 3041 spe
967 2981 1014 3026 et
1033 2970 1401 3026 resurrectione
1443 2979 1762 3024 mortuorum

156 3083 247 3137 rgo
275 3066 502 3134 iudicor.
534 3065 617 3120 Ab
640 3064 984 3119 accusatione
1027 3071 1083 3118 et
1112 3061 1379 3117 calumnia
1423 3076 1612 3117 eorum
1638 3075 1761 3117 sese

155 3160 532 3225 commendat;
565 3158 846 3216 Sadducaei
896 3171 1129 3227 namque
1152 3155 1338 3211 dicunt
1367 3169 1474 3210 non
1499 3169 1621 3211 esse
1648 3170 1750 3209 an-

156 3255 334 3327 gelum
365 3297 378 3321 ,
411 3268 584 3322 neque
630 3251 900 3325 spiritum.
954 3246 1100 3306 Nihil
1165 3249 1542 3320 incorporeum
1596 3261 1762 3320 agno-

157 3359 315 3404 scunt
370 3345 672 3412 Sadduczci,
703 3343 844 3400 forte
900 3357 1075 3414 neque
1132 3342 1338 3408 Deum;
1384 3340 1523 3397 adeo
1579 3340 1757 3397 crassi

157 3453 310 3499 erant
339 3460 355 3498 :
387 3441 530 3497 unde
569 3454 746 3511 neque
788 3437 1244 3493 resurrectionem
1291 3433 1519 3492 credere
1546 3435 1760 3490 volunt.

165 3535 224 3590 Et
253 3543 537 3608 surgentes,
583 3532 774 3605 inquit,
822 3530 1002 3585 scriba:
1041 3545 1105 3584 ex
1140 3537 1284 3600 parte
1330 3525 1720 3582 Pharisteorum
1744 3567 1759 3593 ,

161 3627 456 3697 pugnabant
483 3625 707 3679 dicentes
734 3641 745 3676 :
782 3621 931 3676 Nihil
955 3621 1148 3674 malum
1171 3619 1459 3675 invenimus
1480 3619 1533 3673 in
1555 3618 1761 3672 homine

161 3722 273 3776 ista.

229 3815 282 3871 5.
311 3814 445 3870 Vide
469 3831 488 3870 ι
513 3813 662 3868 audit
683 3811 952 3880 tribunus,
976 3808 1120 3882 quod
1151 3807 1408 3864 Pharisaei
1440 3807 1588 3863 illum
1609 3820 1639 3861 a
1661 3806 1768 3862 cri-

163 3909 305 3964 mine
348 3908 600 3974 liberent,
632 3915 688 3962 et
719 3920 814 3975 pro
842 3904 937 3959 illo
966 3902 1289 3959 sententiam
1337 3901 1498 3968 tulit,
1529 3916 1592 3956 ac
1640 3915 1762 3956 cum

163 4001 369 4071 majore
417 3999 608 4054 fiducia
654 3997 872 4068 abripit.
930 3996 1005 4052 Ea
1055 4008 1218 4060 vero,
1250 4007 1372 4065 qua}
1415 3992 1554 4048 dicta
1583 4003 1707 4047 sunt
1735 4007 1766 4047 a

165 4093 327 4148 Paulo
347 4135 363 4157 ,
393 4090 744 4162 philosophiae
769 4091 922 4160 plena
969 4095 1142 4144 erant.
1193 4085 1435 4157 Sequenti
1461 4100 1576 4139 vero
1624 4094 1769 4139 nocte

162 4185 372 4240 adstans
400 4184 479 4238 illi
506 4182 758 4238 Dominus
785 4181 913 4236 dixit
941 4198 960 4236 :
987 4179 1129 4234 Bono
1152 4179 1325 4233 animo
1370 4187 1476 4233 esto
1501 4219 1516 4244 ,
1551 4175 1717 4231 Paule
1746 4193 1766 4232 :

166 4286 218 4330 ut
249 4277 386 4331 enim
416 4274 711 4344 testiﬁcatus
739 4289 792 4328 es
819 4273 944 4327 mihi
966 4272 1021 4326 in
1048 4270 1340 4326 Jerusalem
1358 4312 1373 4337 ,
1406 4271 1480 4324 ita
1498 4279 1696 4340 Oportet
1721 4282 1770 4323 te

162 4377 209 4421 et
235 4367 418 4423 Romi:
440 4365 724 4436 testiﬁcari.
780 4364 916 4420 Vide
962 4374 1161 4436 quanta
1214 4362 1558 4418 consolatio:
1594 4363 1768 4433 primo

165 4460 343 4516 laudat
366 4461 536 4524 illum;
560 4458 756 4515 deinde
779 4472 886 4514 non
903 4456 1028 4513 sinit
1045 4471 1166 4513 eum
1188 4455 1453 4512 occultam
1471 4454 1573 4510 sibi
1593 4454 1769 4510 adhuc

168 4552 394 4609 Romam
425 4551 817 4624 profectionem
845 4549 1137 4606 formidare
1163 4566 1180 4604 :
1208 4564 1272 4604 ac
1299 4550 1345 4606 si
1374 4548 1580 4606 diceret
1609 4567 1621 4604 :
1649 4548 1767 4604 Non

166 4645 325 4701 modo
359 4644 482 4699 illuc
509 4643 632 4708 ibis,
663 4642 762 4700 sed
787 4643 947 4698 etiam
976 4650 1124 4697 tanta
1148 4641 1315 4697 uteris
1344 4640 1596 4712 loquendi
1628 4640 1768 4695 fidu-

164 4738 265 4792 cia.
299 4738 440 4794 Hinc
467 4752 600 4793 vere
619 4752 725 4792 non
747 4736 1050 4792 declaratur
1071 4735 1141 4802 ei,
1170 4735 1314 4806 quod
1344 4736 1526 4791 salvus
1557 4733 1769 4789 futurus

166 4831 259 4898 sit,
281 4831 378 4887 sed
404 4831 546 4902 quod
587 4833 638 4886 in
676 4845 867 4903 magna
890 4830 1022 4886 urbe
1051 4845 1148 4900 pro
1174 4844 1365 4900 magna
1393 4843 1592 4885 corona
1619 4828 1771 4884 testi-

169 4919 420 4977 ficaturus
456 4922 545 4980 sit.
577 4919 683 4977 Cur
710 4933 889 4977 autem
918 4937 1049 4989 non,
1075 4922 1388 4993 priusquam
1421 4922 1685 4977 incideret
1713 4921 1766 4975 in

173 5015 490 5084 periculum,
509 5017 754 5086 apparuit
781 5015 1207 5084 illi‘lQuiaDeus
1227 5032 1444 5087 semper
1471 5017 1527 5070 in
1549 5015 1772 5070 tribula-

173 5108 404 5164 tionibus
432 5108 929 5180 consolatur(tunc
974 5108 1118 5164 enim
1155 5107 1564 5163 desiderabilior
1602 5123 1771 5179 appa-

174 5204 308 5273 ret),
334 5211 392 5257 et
420 5202 472 5256 in
499 5201 752 5273 periculis
773 5216 871 5257 nos
891 5210 1124 5258 exercet.
1154 5201 1406 5273 Alioquin
1433 5212 1614 5257 autem
1645 5212 1771 5258 tunc

175 5291 224 5346 in
255 5296 438 5365 quiete
485 5305 603 5351 erat
660 5294 798 5351 liber
827 5310 855 5348 a
886 5295 1114 5350 vinculis
1146 5309 1160 5348 :
1195 5310 1337 5350 nunc
1389 5304 1572 5351 autem
1622 5295 1770 5350 illum

175 5399 351 5452 gravia
374 5396 663 5456 exceptura
691 5395 863 5442 erant.
893 5387 1025 5454 Quia
1047 5387 1333 5442 devouimus
1359 5404 1471 5452 nos,
1501 5388 1769 5458 inquiunt,

177 5491 273 5530 non
319 5477 629 5536 manducare
663 5494 822 5550 neque
862 5479 1046 5533 bibere.
1073 5479 1254 5549 Papm,
1287 5489 1486 5550 quanta
1533 5481 1770 5557 insania!

177 5567 304 5632 Sua
331 5571 659 5627 anathemati
688 5573 804 5627 sine
829 5572 1038 5627 ratione
1083 5571 1346 5626 obnoxios
1391 5571 1646 5626 reddunt.
1705 5571 1773 5627 Ut

177 5660 416 5730 deducat,
446 5664 710 5733 inquiunt,
743 5664 888 5717 illum
920 5663 987 5715 ad
1010 5679 1113 5726 nos,
1147 5672 1200 5716 ut
1223 5665 1513 5717 accuratius
1536 5664 1775 5733 cognitu-

184 5767 262 5806 ros
285 5771 492 5810 causam
518 5757 649 5826 ejus.
693 5755 828 5824 Quid
855 5755 1026 5810 dicis?
1056 5771 1233 5809 annon
1263 5755 1345 5810 bis
1372 5755 1524 5811 vobis
1555 5759 1775 5812 concio-

187 5853 333 5900 natus
373 5846 492 5903 est?
543 5861 721 5899 annon
773 5845 1102 5900 Pharismum
1153 5861 1211 5901 se
1256 5845 1429 5900 dixit?
1484 5863 1579 5902 cur
1633 5846 1777 5900 aliud

186 5942 443 6007 superflue
465 5938 735 6010 (puerilis?
769 5937 840 5992 Ita
875 5937 1004 5992 nihil
1040 5938 1370 6006 metuebant,
1400 5954 1508 5994 non
1535 5941 1774 5995 tribuna-

1165 439 1230 495 ΙΝ
1270 437 1450 495 ACTA
1489 435 2014 495 APOSTOLORUM.
2059 439 2285 497 HOMIL.
2327 439 2519 499 XLIX.

3380 449 3489 507 3ιὶ

1878 552 1963 616 lia,
1993 568 2095 607 non
2119 553 2262 626 leges
2290 574 2303 610 :
2333 555 2402 611 ita
2425 556 2556 612 nihil
2581 555 2722 628 apud
2753 553 2876 614 illos
2904 557 3224 617 intentatum
3254 575 3390 618 erat.
3421 568 3489 623 Et

1869 648 2190 702 sententiam
2242 649 2518 717 inducunt,
2549 651 2906 707 etactioncm
2957 652 3302 711 denuntiant.
3353 655 3492 714 Cum

1869 740 2093 794 audisset
2116 751 2284 797 autem
2309 743 2451 813 ﬁlius
2475 744 2667 799 sororis
2692 742 2849 801 Pauli
2874 745 3109 803 insidias.
3159 747 3270 804 Hoc
3299 766 3366 806 ex
3397 751 3484 805 tli-

1871 831 1991 886 vina
2018 832 2442 902 dispensatione,
2469 835 2612 906 quod
2632 837 2904 908 nescirent
2922 837 2971 892 id
2990 839 3318 895 audiendum
3338 856 3484 898 esse.

1940 921 2100 978 Pauli
2136 925 2374 994 ﬁrmitas.
2398 956 2470 966 —
2490 925 2628 995 Quid
2660 942 2790 999 ergo
2817 928 3058 985 Paulus?
3087 928 3202 984 Non
3234 930 3481 988 turbatus

1868 1024 1972 1080 est,
2005 1015 2099 1071 sed
2129 1016 2394 1074 intellexit
2420 1017 2662 1074 divinum
2694 1033 2831 1090 opus
2851 1036 2975 1076 esse
3000 1037 3013 1074 :
3043 1031 3099 1078 et
3130 1029 3298 1078 totum
3334 1022 3386 1079 in
3416 1023 3483 1078 il-

1871 1106 1979 1162 lum
2006 1109 2323 1180 conjicicns,
2355 1127 2422 1166 cx
2450 1127 2512 1166 ea
2545 1129 2608 1170 re
2627 1112 2857 1169 salutem
2886 1123 3076 1170 nactus
3104 1124 3208 1171 est.
3242 1116 3309 1170 Et
3337 1116 3481 1181 vide,

1870 1200 2141 1271 quomodo
2182 1202 2322 1258 Deus
2371 1204 2550 1258 omnia
2579 1205 2632 1258 in
2660 1205 2859 1260 bonum
2917 1206 3219 1277 provideat.
3253 1207 3484 1264 Insidias

1871 1293 2080 1347 nuntiat
2104 1294 2441 1362 adulescens,
2476 1296 2740 1353 creditum
2768 1307 2850 1354 cst
2876 1299 2947 1365 ci,
2975 1309 3028 1354 et
3053 1299 3133 1356 sic
3159 1309 3343 1371 postea
3369 1317 3484 1356 ser-

1869 1398 2028 1443 vatur
2071 1388 2290 1446 Paulus.
2330 1390 2400 1445 Et
2434 1392 2479 1446 si
2518 1406 2546 1444 a
2587 1405 2748 1447 causa
2779 1392 2901 1460 illa,
2934 1392 3168 1464 inquies,
3200 1393 3483 1450 absolutus

1869 1491 1972 1548 cst,
1999 1495 2098 1536 cur
2123 1483 2389 1539 miserunt
2415 1493 2759 1540 accusatores
2778 1485 2802 1538 ἲ
2823 1483 2895 1542 Ut
2919 1487 3223 1542 accuratius
3251 1501 3480 1543 examen

1871 1573 2064 1641 fleret;
2121 1583 2180 1630 ut
2230 1574 2402 1648 magis
2460 1575 2552 1632 ille
2609 1587 2952 1647 purgaretur.
3001 1577 3162 1634 Tales
3207 1587 3334 1633 sunt
3383 1579 3480 1635 Dei

1867 1666 2299 1738 dispensationes
2329 1686 2343 1724 :
2377 1686 2444 1726 ex
2475 1671 2668 1742 quibus
2696 1671 2972 1740 laedimur,
3001 1687 3066 1729 ex
3105 1673 3171 1729 iis
3199 1674 3472 1742 juvamnr.

1868 1760 1946 1817 sic
1974 1771 2029 1817 et
2054 1761 2255 1833 Joseph
2284 1763 2493 1819 insidiis
2523 1764 2888 1835 impetebatur
2918 1781 2946 1819 a
2978 1765 3230 1832 domina;
3264 1775 3323 1823 et
3343 1766 3472 1824 dum

1870 1853 1961 1910 illa
2017 1854 2295 1912 videretur
2322 1856 2402 1912 illi
2432 1857 2700 1925 insidiari,
2730 1858 2781 1912 in
2814 1859 3108 1915 securitate
3155 1861 3434 1915 constituit
3463 1879 3479 1917 :

1868 1961 2058 2002 carcer
2085 1948 2227 2003 enim
2261 1948 2421 2020 longe
2452 1949 2634 2005 mitior
2660 1961 2779 2006 erat
2807 1951 3168 2026 domo(Gen.
3220 1952 3330 2024 39)
3354 1997 3370 2022 ,
3427 1955 3478 2009 in

1867 2052 1972 2109 qua
2013 2038 2130 2095 fera
2179 2040 2269 2097 illa
2302 2043 2663 2098 nutriebatur.
2718 2043 2832 2100 lllic
2857 2045 3002 2099 enim
3030 2060 3154 2100 cum
3183 2053 3348 2112 esset,
3377 2047 3478 2102 etsi

1870 2132 2267 2189 tninistraretur
2288 2133 2412 2206 ipsi,
2435 2143 2492 2190 at
2518 2135 2575 2189 in
2598 2145 2746 2191 metu
2769 2150 2985 2206 semper
3005 2147 3144 2204 erat,
3169 2152 3240 2191 ne
3259 2137 3480 2192 domina

1867 2238 1928 2278 se
1953 2223 2338 2295 aggrederetur
2362 2267 2382 2293 ,
2411 2234 2467 2282 et
2491 2241 2716 2282 carcere
2745 2228 2966 2298 gravior
2995 2228 3080 2285 illi
3104 2240 3280 2285 metus
3309 2230 3480 2286 insta-

1867 2315 1958 2371 bat
1985 2335 1997 2372 :
2031 2327 2152 2387 post
2181 2318 2582 2386 accusationem
2610 2328 2790 2375 autem
2825 2321 2877 2376 in
2908 2323 3206 2377 securitate
3259 2322 3478 2379 demum

1867 2419 1923 2464 et
1974 2409 2158 2479 quiete
2203 2409 2455 2482 degebat,
2489 2409 2559 2465 ab
2601 2412 2746 2467 illius
2786 2412 2916 2468 ferae
2961 2422 3018 2469 et
3067 2414 3402 2484 turpitudine
3427 2427 3483 2472 ct

1867 2501 2076 2557 insidiis
2135 2503 2442 2560 liberatus:
2470 2504 2765 2574 jucundius
2815 2505 2962 2560 enim
3017 2505 3120 2578 ipsi
3178 2516 3299 2563 erat
3355 2523 3480 2564 cum

1867 2595 2190 2650 montuosis
2221 2594 2529 2650 hominibus
2557 2596 2777 2667 degere,
2811 2612 2972 2668 quam
2996 2612 3119 2653 cum
3147 2598 3360 2656 furente
3387 2600 3482 2655 do-

1867 2684 2032 2739 mina.
2058 2683 2221 2740 lsthic
2242 2701 2371 2756 ergo
2397 2685 2637 2756 seipsum
2666 2687 3070 2756 consolabatur,
3097 2689 3240 2760 quod
3265 2701 3484 2762 promer

1867 2776 2166 2831 castitatem
2218 2791 2285 2832 eo
2334 2778 2643 2846 incidisset;
2692 2779 2805 2836 illic
2854 2795 2984 2835 vero
3033 2781 3296 2851 timebat,
3331 2799 3398 2840 ne
3430 2786 3482 2839 in

1867 2870 2047 2924 anima
2073 2871 2280 2942 plagam
2307 2872 2584 2939 acciperet
2606 2891 2618 2926 :
2647 2873 2873 2929 muliere
2894 2873 3092 2945 quippe
3111 2885 3329 2933 amante
3351 2877 3484 2933 nihil

1868 2964 2073 3020 nolenti
2098 2963 2282 3034 juveni
2314 2965 2628 3032 molestius,
2655 2965 2788 3020 nihil
2835 2966 3142 3036 scelestius,
3176 2967 3309 3024 nihil
3356 2985 3483 3042 gra-

1866 3055 2020 3111 vius:
2051 3045 2298 3112 omnibus
2327 3056 2431 3111 hoc
2459 3057 2689 3114 vinculis
2709 3059 3157 3115 onerosissimum
3176 3071 3279 3116 est.
3303 3060 3487 3135 Itaque

1867 3162 1976 3202 non
2008 3147 2058 3201 in
2088 3162 2361 3203 carcerem
2395 3147 2619 3215 incidit,
2649 3148 2745 3204 sed
2768 3165 2796 3202 a
2824 3164 3046 3206 carcere
3069 3151 3328 3208 liberatus
3357 3164 3439 3209 est
3470 3173 3483 3208 :

1867 3240 2143 3296 inimicum
2177 3241 2252 3294 illi
2285 3240 2524 3296 reddidit
2556 3241 2770 3308 herum,
2805 3242 2903 3299 sed
2931 3243 3244 3300 conciliavit
3272 3247 3442 3302 Deum
3469 3266 3483 3303 :

1846 3336 2269 3392 -familiari0rem
2291 3337 2464 3408 ipsum
2485 3336 2721 3394 reddidit
2737 3352 2869 3393 vero
2890 3337 3134 3406 domino,
3155 3339 3313 3412 ejecit
3334 3341 3485 3397 illum

1868 3444 1933 3484 ex
1979 3429 2304 3499 praefectura
2350 3429 2548 3485 domus
2598 3443 2733 3497 suae,
2763 3429 2856 3485 sed
2883 3429 3104 3487 domino
3129 3431 3488 3491 domesticum

1868 3520 2123 3578 reddidit.
2169 3521 2403 3578 Rursum
2430 3521 2625 3578 fratres
2655 3521 3032 3592 vendiderunt,
3061 3522 3157 3580 sed
3188 3523 3487 3582 liberarunt

1870 3630 1993 3672 eum
2025 3631 2054 3670 a
2082 3615 2566 3672 contubernalibus
2609 3616 2862 3678 inimicis.
2914 3616 2983 3672 ab
3005 3617 3204 3674 invidia
3234 3629 3286 3675 et
3319 3620 3490 3678 livore

1871 3711 2063 3780 multo,
2091 3727 2121 3767 a
2152 3711 2484 3785 quotidianis
2507 3712 2720 3769 insidiis
2742 3731 2761 3781 ;.
2810 3713 2959 3770 illum
2993 3715 3179 3786 procul
3207 3715 3276 3772 ab
3302 3716 3492 3773 odieno

1873 3805 2014 3860 tibus
2049 3820 2108 3861 se
2135 3804 2512 3860 amandarunt.
2573 3805 2713 3873 Quid
2760 3805 2905 3861 enim
2953 3806 3055 3863 hac
3103 3823 3164 3864 re
3210 3808 3488 3879 deterius,

1871 3895 2088 3968 quando
2116 3896 2235 3968 quis
2265 3912 2389 3952 cum
2421 3896 2676 3953 fratribus
2735 3897 2934 3953 invidis
2967 3898 3210 3956 habitare
3237 3901 3449 3972 cogitur
3473 3945 3488 3969 ,

1871 3987 2090 4058 quando
2135 3995 2418 4059 suspectus
2458 3997 2581 4054 est,
2613 3997 2669 4044 et
2695 3988 2907 4044 insidiis
2953 3977 3265 4061 appetitur?
3306 3991 3490 4065 Itaque

1873 4079 1975 4134 alia
2026 4079 2292 4134 faciebant
2323 4088 2378 4135 et
2409 4079 2484 4134 illi
2515 4089 2569 4136 ct
2601 4080 2712 4148 illa,
2747 4080 2851 4135 alia
2904 4089 2961 4137 et
3005 4097 3199 4154 magna
3228 4100 3324 4155 pro
3343 4085 3491 4156 justo

1873 4175 2293 4247 apparabantur.
2352 4174 2487 4233 Cum
2514 4176 2566 4231 in
2596 4175 2803 4232 honore
2827 4177 3079 4249 degebat,
3115 4189 3241 4235 tunc
3264 4179 3316 4234 in
3349 4180 3492 4250 peri-

1874 4267 1998 4322 culo
2045 4275 2193 4338 erat;
2239 4282 2367 4323 cum
2412 4269 2463 4323 in
2515 4268 2832 4340 ignominia,
2882 4279 3008 4326 tunc
3050 4271 3104 4325 in
3151 4273 3489 4328 securitate:

1875 4375 1982 4416 non
2014 4376 2282 4418 memores
2307 4361 2427 4433 ejus
2455 4373 2611 4418 erant
2634 4363 2906 4430 eunuchi;
2931 4376 2986 4421 et
3010 4366 3149 4422 bene
3177 4386 3190 4422 :
3224 4379 3281 4422 ut
3308 4368 3492 4438 splen-

1875 4455 2050 4511 didior
2072 4455 2224 4512 fieret
2246 4457 2425 4511 exitus
2449 4472 2633 4523 causa,
2667 4465 2833 4528 utque
2859 4473 2968 4514 non
3000 4459 3249 4515 humanae
3279 4463 3492 4532 gratim,

1876 4549 1970 4605 sed
1993 4549 2189 4605 divina:
2211 4549 2567 4621 providentia:
2596 4558 2767 4606 totum
2799 4551 3236 4608 adscriberetur:
3269 4564 3326 4609 ut
3357 4563 3494 4609 tem-

1877 4643 2083 4714 pestive
2107 4643 2256 4698 illum
2275 4643 2342 4698 ad
2366 4659 2521 4699 usum
2541 4644 2880 4701 constituens
2900 4644 3186 4714 educeret;
3206 4655 3263 4701 ut
3281 4645 3494 4702 Pharao

1878 4749 1986 4790 non
2015 4734 2339 4791 beneficium
2370 4735 2506 4791 dans
2526 4779 2542 4804 ,
2571 4737 2667 4792 sed
2695 4736 2765 4792 ab
2792 4752 2857 4793 eo
2885 4737 3189 4809 accipiens,
3222 4738 3397 4810 ipsum
3423 4755 3494 4795 ex

1877 4841 2096 4882 carcere
2126 4826 2370 4897 ejiceret.
2419 4827 2538 4883 Non
2572 4829 2856 4898 oportebat
2885 4830 3082 4886 servile
3108 4831 3309 4887 donum
3345 4847 3497 4897 esse,

1877 4917 1971 4972 sed
2005 4932 2185 4988 regem
2217 4919 2541 4975 necessitate
2572 4921 2689 4991 cogi
2718 4938 2730 4974 :
2761 4929 3045 4992 oportebat
3087 4922 3230 4979 illius
3272 4923 3492 4994 sapien-

1881 5013 2005 5067 tiam
2037 5013 2378 5068 manifestam
2410 5029 2550 5069 esse.
2586 5013 2714 5070 ldeo
2736 5015 3076 5071 obliviscitur
3105 5016 3405 5082 eunuchus,
3437 5027 3498 5074 ut

1879 5122 1946 5160 ne
1970 5107 2132 5162 lateat
2156 5105 2470 5178 Aigyptum,
2506 5116 2563 5162 ut
2592 5124 2660 5163 ne
2686 5107 2834 5163 illum
2867 5124 2961 5163 rex
2991 5109 3224 5179 ignoret.
3281 5108 3336 5165 Si
3368 5120 3494 5167 tunc

1879 5198 2106 5253 eductus
2147 5197 2355 5265 fuisset,
2383 5198 2522 5255 forte
2556 5199 2816 5256 voluisset
2858 5202 2912 5256 in
2955 5209 3152 5255 terram
3199 5216 3352 5255 suam
3406 5218 3499 5256 rc-

1879 5290 2044 5346 verti:
2071 5291 2298 5361 ideoque
2317 5291 2462 5347 mille
2491 5292 2904 5348 necessitatibus
2935 5293 3230 5348 retinetur:
3256 5294 3498 5365 primum

1880 5382 2144 5450 dominio,
2190 5383 2390 5439 deinde
2441 5398 2699 5451 carcere,
2730 5386 2890 5440 tertio
2939 5386 2992 5440 in
3039 5401 3206 5458 regno
3232 5428 3247 5452 ,
3281 5397 3340 5440 ιιι
3380 5383 3505 5443 lues

1881 5477 2346 5549 dispensarentur.
2374 5479 2527 5536 Sicut
2547 5495 2675 5551 ergo
2704 5495 3026 5549 generosum
3053 5495 3248 5551 equum
3273 5481 3341 5535 ad
3370 5496 3508 5536 sum»

1882 5573 2100 5628 exsilire
2119 5572 2412 5638 volentem,
2442 5573 2582 5627 Deus
2628 5589 2750 5629 eum
2800 5573 2958 5628 isthic
2985 5574 3248 5643 gloriosas
3275 5573 3347 5627 ob
3370 5588 3508 5627 catt-

1883 5679 1974 5718 sas
1999 5664 2240 5718 retinuit.
2290 5664 2445 5732 Quod
2473 5665 2616 5720 enim
2648 5675 2856 5736 patrem
2889 5665 3074 5720 videre
3121 5675 3354 5735 optaret,
3387 5676 3442 5721 et
3469 5682 3508 5720 α

1886 5755 2075 5810 dolore
2105 5756 2344 5822 liberari,
2397 5757 2574 5828 palam
2605 5770 2777 5814 estex
2807 5774 2874 5812 eo
2896 5801 2909 5823 τ
2941 5758 3082 5828 quod
3112 5759 3286 5829 ipsum
3319 5757 3501 5812 isthna
3543 5781 3546 5787 -

1886 5850 2160 5904 acciverit.

1963 5945 2013 5996 4.
2048 5942 2222 5997 Vultis
2251 5943 2382 5996 alias
2412 5959 2625 6016 quoque
2647 5945 2926 6001 videamus
2958 5946 3201 6013 insidias,
3228 5946 3370 6017 quod
3402 5960 3511 6017 pro
