4070 6476
568 414 671 466 34⁸5

571 526 725 578 nobis
755 520 882 575 ﬁant
902 560 914 582 ,
944 532 1049 573 non
1082 514 1240 569 modo
1268 514 1407 585 quod
1440 511 1737 567 mercedem
1772 510 2020 576 habeant,
2054 511 2146 564 sed

571 616 728 669 etiam
763 613 812 665 in
851 611 965 680 ipso
992 620 1231 676 tempore
1264 623 1356 677 pro
1387 607 1536 661 nobis
1564 604 1793 659 faciant?
1821 604 1985 674 Hujus
2014 606 2148 673 patri

574 718 789 776 patruus
819 705 980 774 ipsius
1006 703 1281 757 insidiatus
1302 709 1403 764 est,
1434 707 1488 754 et
1507 713 1629 753 eum
1657 713 1685 751 a
1716 697 1884 765 patria
1912 696 2146 765 expulit:

572 800 694 869 quid
725 801 886 868 ergo?
909 797 1079 866 Ipsum
1104 809 1310 865 quoque
1329 792 1510 863 procul
1535 807 1563 845 a
1584 790 1820 862 periculo
1840 788 2146 852 constituit;

574 907 691 943 nam
734 892 783 944 iu
828 900 940 943 tuto
972 888 1061 944 ille
1106 888 1240 941 fuit:
1273 885 1505 940 reddidit
1549 900 1670 939 eum
1711 883 1877 953 magis
1914 881 2149 951 philoso-

572 980 755 1047 phum.
781 978 907 1032 feeit
928 988 985 1032 ut
1006 973 1206 1031 videret
1226 976 1512 1030 somnium.
1537 974 1642 1029 Sed
1666 974 1883 1029 servivit
1900 974 1949 1026 in
1975 973 2149 1027 aliena

572 1070 751 1124 terra?
786 1070 978 1124 Verum
1004 1068 1071 1123 ad
1100 1083 1223 1122 suos
1250 1066 1520 1136 profecms
1546 1082 1795 1135 sponsam
1822 1066 2014 1134 accipit
2036 1064 2146 1130 ilie,

572 1169 625 1214 et
652 1161 842 1230 dignus
874 1159 1077 1213 videtur
1107 1172 1314 1213 socero.
1344 1157 1446 1213 Sed
1478 1158 1687 1227 det-epit
1712 1164 1764 1210 et
1791 1156 1913 1210 ille?
1945 1155 2050 1210 Sed
2082 1156 2147 1209 il-

574 1253 660 1307 lud
691 1254 739 1305 in
770 1254 963 1305 bonum
990 1252 1183 1315 cessit,
1217 1260 1273 1305 ut
1302 1252 1587 1304 munitorum
1618 1250 1841 1304 filiorum
1875 1258 2024 1317 pater
2052 1248 2147 1303 lic-

576 1356 674 1399 ret.
702 1344 803 1399 Sed
828 1345 993 1399 voluit
1018 1345 1295 1398 insidiari?
1324 1345 1392 1398 At
1431 1344 1531 1397 hoc
1562 1344 1721 1398 etiam
1755 1343 1804 1395 in
1832 1341 2027 1397 bonum
2061 1356 2149 1396 ce-

571 1436 668 1498 dit,
702 1445 756 1489 ut
787 1435 1000 1491 demum
1026 1437 1089 1489 ad
1116 1445 1307 1491 terram
1345 1449 1493 1490 suam
1526 1435 1755 1490 rediret:
1785 1450 1905 1488 nam
1933 1435 1975 1489 si
2012 1433 2062 1487 in
2090 1448 2149 1488 re

574 1542 826 1596 ριῸςμοΓίι
860 1528 1079 1594 fuisset,
1115 1542 1218 1580 non
1257 1527 1324 1580 ita
1365 1526 1585 1595 patriam
1627 1524 2003 1579 desiderasset.
2045 1523 2149 1579 Sed

574 1618 874 1672 mercedem
903 1619 973 1671 illi
1006 1618 1256 1672 abstulit?
1277 1620 1343 1671 At
1366 1618 1534 1686 major
1560 1616 1753 1671 deinde
1780 1615 1897 1670 fuit.
1923 1616 2011 1671 Sic
2038 1616 2151 1670 ubi-

570 1726 672 1778 que
703 1719 901 1779 quanto
928 1711 1095 1779 magis
1124 1709 1328 1764 insidiis
1367 1710 1778 1779 impelcbantur,
1808 1717 1954 1763 tanto
1984 1708 2151 1777 magis

574 1816 660 1854 res
699 1802 931 1869 ipsorum
960 1800 1241 1857 florebant.
1278 1801 1387 1855 Nisi
1424 1802 1679 1871 majorem
1725 1801 1995 1866 duxisset,
2043 1815 2147 1854 non

571 1894 677 1945 cito
708 1891 892 1946 fuisset
925 1901 1001 1946 tot
1036 1892 1263 1947 filiorum
1296 1902 1475 1961 pater;
1509 1893 1601 1947 sed
1633 1892 1683 1946 in
1715 1892 1941 1947 orbitate
1970 1893 1984 1923 ¹
2018 1892 2152 1945 mul-

572 1993 681 2037 tum
713 1984 968 2053 temporis
999 1986 1294 2054 exegisset,
1327 1992 1380 2037 et
1413 1984 1638 2038 lusisset
1666 1995 1721 2037 ut
1753 1998 1892 2036 uxor
1915 1997 2028 2037 sua.
2059 1981 2147 2035 Illa

572 2094 801 2148 namque
846 2079 1035 2131 merito
1072 2078 1316 2147 lugebat,
1349 2090 1414 2130 eo
1442 2076 1583 2145 quod
1623 2092 1726 2139 non
1767 2086 1906 2131 esset
1947 2084 2146 2141 mater;

573 2170 685 2235 ipsc
717 2185 840 2221 vero
872 2169 1294 2222 consolationem
1333 2167 1491 2223 habet
1526 2186 1537 2220 ε
1570 2168 1688 2223 ideo
1724 2170 1890 2238 ipsam
1919 2170 2146 2238 repellit.

570 2260 770 2313 Rursus
801 2259 845 2313 si
886 2276 989 2313 non
1022 2260 1165 2314 illum
1195 2276 1224 2315 a
1258 2260 1504 2315 mercede
1534 2260 1813 2329 privasset,
1846 2275 1948 2313 non
1973 2269 2154 2329 aptas-

571 2362 652 2405 set
678 2352 860 2407 videre
883 2360 1075 2406 terram
1108 2367 1280 2416 suam,
1305 2368 1478 2421 neque
1507 2353 1835 2422 philosophia
1860 2353 1954 2407 viri
1985 2368 2149 2422 appa-

574 2444 797 2505 ruisset,
835 2458 932 2497 nec
959 2445 1127 2513 magis
1159 2445 1231 2497 illi
1270 2443 1557 2498 familiares
1588 2444 1707 2497 facti
1740 2444 1983 2498 fuissent.
2022 2444 2151 2499 Vide

570 2550 798 2603 namque
836 2536 958 2604 quid
994 2535 1172 2590 dicant
1202 2554 1212 2587 :
1248 2536 1548 2590 Devorando
1577 2538 1830 2590 devoravit
1857 2554 1947 2591 nos
1983 2548 2029 2591 et
2064 2554 2151 2590 ar-

570 2636 772 2695 gentum
795 2638 1016 2680 nostrum
1037 2627 1191 2695 (Gen.
1210 2630 1271 2682 3|
1287 2667 1299 2680 .
1323 2630 1435 2698 15).
1457 2630 1637 2699 itaque
1657 2631 1757 2684 hoc
1775 2631 1971 2684 amoris
1992 2646 2152 2687 causa

572 2718 690 2769 fuit.
724 2718 955 2771 Ancillas
981 2718 1196 2772 demum
1226 2718 1409 2772 halmit
1439 2735 1532 2787 pro
1560 2721 1846 2786 uxoribus,
1885 2731 1936 2775 et
1963 2721 2151 2792 dilige-

571 2809 726 2862 batur
755 2810 977 2875 abillis,
1010 2812 1092 2864 cui
1122 2812 1443 2880 possessioni
1476 2812 1617 2865 nulla
1648 2814 1878 2868 conferri
1917 2816 2149 2883 poterit:

573 2899 699 2952 nihil
728 2900 867 2953 enim
896 2902 1175 2969 pretiosius
1203 2917 1359 2971 quam
1386 2905 1549 2956 amari
1576 2904 1643 2957 ab
1674 2918 1859 2969 uxore,
1888 2915 1941 2959 et
1972 2920 2153 2961 amare

572 2989 735 3043 illam.
765 2988 828 3041 Et
860 3007 1008 3054 uxor,
1035 2990 1223 3061 inquit,
1252 2993 1357 3045 viro
1384 2996 1701 3048 consentiens
1731 2994 1921 3062 (Eccli.
1950 2998 2038 3052 25.
2067 2995 2148 3065 2).

574 3081 718 3135 lianc
750 3097 909 3135 unam
950 3084 1084 3137 inter
1112 3084 1467 3139 beatitudines
1493 3087 1641 3155 ponit
1675 3087 1935 3157 Sapiens:
1967 3092 2018 3142 iu
2050 3088 2153 3144 hoc

572 3173 713 3226 enim
753 3188 939 3227 omnes
971 3175 1167 3228 dii-itte
1187 3214 1203 3241 ,
1248 3176 1422 3230 omnis
1451 3175 1675 3231 felicitas
1706 3180 1987 3233 consistit:
2017 3181 2155 3234 sicut

574 3266 615 3317 si
646 3265 770 3319 illud
802 3280 903 3319 non
935 3267 1023 3329 sit,
1054 3267 1151 3320 alia
1184 3266 1313 3321 nihil
1340 3268 1559 3336 juvant,
1590 3269 1684 3323 sed
1715 3270 1966 3325 subversa
1995 3282 2149 3337 sunt,

574 3368 629 3409 ut
670 3358 980 3412 insuavitate
1010 3358 1427 3429 eonfusioneque
1458 3361 1634 3429 plena.
1663 3360 1823 3430 Igitur
1844 3372 1897 3417 et
1924 3378 2021 3417 nos
2054 3363 2155 3418 hoc

576 3466 683 3517 pne
709 3450 954 3505 omnibus
992 3466 1313 3519 quteramus.
1354 3452 1450 3517 Qui
1489 3455 1742 3523 pecunias
1778 3456 2003 3523 quierit,
2048 3471 2152 3510 non

573 3545 672 3597 hoc
702 3543 909 3612 quau-it.
943 3542 1066 3596 Hmc
1092 3557 1414 3612 quatramns,
1445 3559 1562 3613 qua:
1586 3546 1735 3599 firma
1762 3560 1881 3601 esse
1908 3558 2152 3616 possunt.

574 3698 651 3807 Νι
669 3699 852 3808 (Morel.
881 3706 931 3747 et
952 3699 1145 3761 quidam
1170 3699 1250 3749 alii
1280 3699 1467 3762 legunt,
1505 3702 1888 3765 peregrinatione
1906 3741 1919 3765 ,
1940 3719 2046 3769 pro,
2074 3693 2151 3755 οἱ·-

591 3772 618 3807 't
640 3776 666 3807 (ι
688 3773 731 3807 ρ.

591 3772 731 3807 'Ilfllt’.

894 3886 989 3893 ——

1452 3888 1819 3900 ..__.___.___

1295 400 1349 456 S.
1392 397 1665 456 JOANNIS
1703 396 2172 453 CHRYSOSTOMI
2218 395 2528 451 ARCHIEP.
2570 393 3094 450 (ΣΟΝΞῙᾹΝῙἸΝΟΡ.

3747 395 3851 450 3-H

2333 509 2473 562 Uxor
2502 524 2731 577 quantum
2753 509 3005 563 ducenda.
3031 539 3093 548 —
3117 506 3192 563 Ne
3211 522 3515 579 qumramus
3540 509 3754 579 nuptias
3783 525 3855 566 es

2258 600 2551 668 epulentis,
2587 616 2653 654 ne
2676 616 2807 670 opes
2836 602 3011 655 nimia-
3034 602 3183 656 uxori
3210 600 3469 655 suadeant
3489 610 3547 655 ut
3570 603 3739 656 altum
3767 616 3855 656 sa-

2260 694 2385 761 piat,
2419 707 2484 746 ne
2514 706 2706 745 sensus
2735 693 2822 747 ille
2853 708 3011 747 causa
3044 696 3113 747 sit
3142 693 3519 763 corruptionis.
3550 693 3667 748 Non
3700 694 3854 750 vides

2257 788 2383 856 quid
2429 786 2617 840 fecerit
2658 786 2837 839 Deus?
2867 786 3136 855 quomodo
3182 787 3325 839 illam
3365 786 3663 841 subdiderit
3694 788 3717 839 τ
3743 788 3855 841 Cur

2259 880 2498 949 ingratus
2518 878 2613 933 es?
2635 893 2732 933 cur
2755 878 2873 933 sine
2894 881 3091 933 sensu?
3118 880 3269 946 Quod
3301 879 3389 933 tibi
3415 895 3478 933 ex
3507 888 3698 931 natura
3720 894 3855 933 cou-

2257 971 2453 1037 cessit,
2484 970 2585 1025 hoc
2626 978 2679 1023 tu
2722 986 2787 1024 ne
2826 985 3138 1038 corrumpas
3168 970 3443 1025 auxilium.
3480 970 3595 1025 Non
3630 979 3689 1025 ut
3716 986 3852 1040 Opu-

2259 1063 2455 1117 leutam
2487 1078 2728 1130 quaerere
2758 1070 2991 1133 oportet,
3021 1061 3114 1129 sed
3144 1072 3198 1115 ut
3218 1063 3341 1116 vita:
3362 1074 3666 1141 consortem
3696 1062 3764 1116 ad
3792 1060 3854 1115 li-

2259 1156 2416 1210 beros
2447 1155 2826 1226 procreaudos.
2860 1155 2972 1209 Non
3008 1155 3127 1209 ideo
3161 1171 3381 1210 uxorem
3412 1156 3559 1210 dedit
3590 1156 3761 1218 Deus,
3794 1163 3855 1207 ut

2258 1249 2509 1317 pecunias
2537 1248 2771 1313 afferret,
2804 1248 2898 1302 sed
2926 1258 2981 1301 ut
3007 1247 3236 1318 adjutrix
3260 1258 3422 1302 esset.
3456 1250 3585 1315 Quae
3608 1263 3740 1303 vero
3763 1260 3855 1317 pe-

2257 1341 2439 1395 cunias
2465 1339 2635 1403 affert,
2658 1340 2816 1395 etiam
2836 1340 3148 1394 insidiatur‘
3173 1339 3249 1412 [et
3274 1339 3484 1393 domina
3510 1342 3565 1394 fit
3590 1356 3690 1410 pro
3717 1357 3853 1395 cnu~

2252 1431 2411 1500 jnge;
2447 1432 2553 1485 imo
2578 1431 2743 1486 bestia
2777 1448 2871 1501 pro
2894 1433 3116 1487 muliere
3143 1431 3191 1504 ],
3226 1434 3497 1503 altumque
3523 1448 3719 1503 sapere
3741 1433 3856 1487 vult

2258 1523 2325 1577 ob
2354 1522 2584 1577 divitias.
2618 1522 2757 1577 Nihil
2782 1525 2988 1594 turpius
3018 1524 3154 1589 viro,
3184 1525 3273 1594 qui
3302 1525 3371 1578 ita
3404 1524 3669 1580 ditescere
3702 1526 3847 1580 velit.

2257 1614 2387 1669 Nam
2421 1616 2463 1670 si
2488 1616 2597 1684 ipsa
2624 1616 2969 1685 pecuniarum
2999 1616 3262 1686 cupiditas
3286 1618 3670 1672 teutationibus
3695 1619 3849 1687 plena

2258 1714 2361 1769 est,
2394 1706 2459 1759 de
2484 1706 2783 1775 bujusmodi
2810 1705 3010 1760 divitiis
3034 1707 3160 1775 quid
3185 1706 3465 1763 dicemus?
3496 1706 3573 1762 Ne
3599 1709 3745 1762 enim
3778 1720 3854 1762 at-

2261 1800 2465 1864 tendas,
2500 1800 2543 1852 si
2574 1815 2694 1853 raro
2715 1799 2956 1865 accidat,
2991 1800 3036 1855 si
3058 1816 3207 1868 casu,
3247 1802 3288 1856 si
3319 1811 3515 1871 praeter
3542 1803 3810 1857 rationem
3836 1820 3849 1854 :

2258 1905 2430 1959 neque
2453 1891 2593 1945 enim
2625 1892 2745 1946 aliis
2772 1891 2953 1957 rebus,
2980 1894 3173 1962 quibus
3202 1894 3451 1948 fruuntur
3472 1894 3657 1964 aliqui,
3681 1904 3740 1949 et
3770 1896 3851 1948 in-

2257 1992 2470 2053 sperato
2496 1983 2768 2051 obtinent,
2804 1984 3190 2040 attendendum
3222 1996 3334 2051 est;
3368 1986 3461 2041 sed
3493 1986 3619 2057 quid
3656 2002 3851 2041 secun-

2256 2073 2379 2128 dum
2405 2076 2662 2130 rationem
2686 2076 2754 2130 sit
2782 2076 3079 2144 videamus,
3107 2092 3285 2131 annon
3311 2079 3456 2132 mille
3482 2078 3748 2133 moleStiis
3771 2093 3854 2133 res

2259 2168 2414 2237 plena
2446 2169 2533 2222 sit.
2564 2168 2677 2223 Non
2712 2167 2858 2224 solus
2884 2170 3073 2239 ipsein
3104 2171 3392 2241 ignominia
3416 2172 3543 2236 eris,
3569 2171 3663 2226 sed
3690 2172 3852 2225 etiam

2261 2258 2399 2314 filios
2434 2260 2719 2330 deturpas,
2756 2276 3016 2332 pauperes
3047 2262 3387 2333 relinquens,
3421 2262 3464 2317 si
3490 2263 3781 2333 contigerit
3806 2273 3851 2318 te

2261 2352 2491 2420 priorem
2522 2353 2691 2416 mori;
2726 2352 2955 2423 hincque
2986 2354 3180 2407 multas
3207 2353 3301 2407 das
3332 2354 3484 2407 uxori
3514 2354 3849 2418 occasiones,

2260 2454 2314 2497 ut
2338 2446 2565 2498 alterum
2591 2457 2792 2513 quazrat
2819 2446 3089 2500 maritum.
3113 2448 3304 2501 Annon
3334 2446 3503 2508 vides,
3528 2446 3668 2501 hanc
3691 2446 3853 2500 fuisse

2258 2536 2439 2591 multis
2467 2536 2825 2591 secundarum
2860 2536 3163 2606 nuptiarum
3198 2552 3415 2592 causam
3436 2580 3452 2603 ,
3491 2546 3550 2591 ut
3582 2552 3687 2591 nou
3721 2553 3850 2591 con-

2260 2636 2645 2692 temnerentur,
2678 2638 2729 2681 et
2757 2639 2813 2682 ut
2833 2639 3139 2697 quaererent
3159 2630 3295 2683 alios
3320 2630 3408 2698 qui
3440 2644 3554 2685 rem
3584 2644 3741 2685 suam
3763 2645 3852 2684 cu-

2261 2722 2476 2773 rarent?
2502 2719 2575 2773 Ne
2605 2720 2783 2789 igitur,
2812 2735 3014 2789 qumso,
3050 2732 3269 2791 propter
3307 2736 3436 2791 opes
3475 2729 3617 2774 tanta
3651 2736 3845 2789 Opere-

2262 2829 2441 2867 remur
2481 2813 2655 2876 mala;
2703 2812 2795 2867 sed
2848 2814 3026 2866 omnia
3073 2813 3476 2883 relinquamus,
3519 2822 3573 2868 et
3617 2814 3849 2866 animam

2259 2920 2563 2975 quaeramus
2594 2905 2821 2970 bonam,
2857 2914 2913 2959 ut
2954 2915 3005 2960 et
3043 2906 3321 2960 caritatem
3356 2920 3729 2975 assequamur.
3765 2905 3853 2959 lla:

2259 3007 2385 3052 sunt
2412 3012 2616 3067 magum
2642 2996 2859 3061 divitize,
2894 2996 2980 3051 hic
3016 3012 3241 3067 magnus
3273 2997 3584 3061 thesaurus,
3622 2997 3739 3051 haec
3773 2999 3851 3051 in-

2262 3103 2483 3143 numera
2520 3088 2656 3143 bona
2684 3106 2696 3139 :
2732 3088 2923 3157 quibus
2955 3088 3155 3142 utinam
3188 3102 3285 3143 nos
3320 3103 3507 3143 omnes
3537 3087 3779 3143 fruamur
3804 3097 3854 3143 et

2262 3179 2553 3233 secundum
2584 3179 2727 3248 leges
2752 3179 2845 3233 Dei
2872 3182 3133 3245 vivamus,
3164 3189 3219 3233 ut
3239 3189 3292 3234 et
3316 3180 3493 3235 futura
3521 3180 3659 3235 bona
3686 3183 3855 3250 possi-

2262 3286 2381 3325 mus
2404 3270 2648 3341 adipisci,
2677 3272 2846 3341 gratia
2869 3281 2916 3325 el
2949 3272 3274 3340 benigunate
3298 3274 3506 3327 Domini
3535 3275 3705 3329 nostri
3729 3275 3853 3330 Jesu

2261 3364 2478 3428 Christi,
2512 3364 2724 3431 quicum
2760 3363 2900 3416 Patri
2922 3372 2971 3416 et
3000 3362 3219 3433 Spiritui
3250 3374 3435 3418 saneto
3458 3366 3652 3434 gloria,
3688 3366 3853 3436 impe-

2263 3458 2433 3518 rium,
2468 3456 2660 3519 honor,
2696 3469 2836 3509 nunc
2873 3464 2926 3509 et
2968 3470 3199 3526 semper,
3225 3465 3278 3511 et
3310 3457 3361 3511 iu
3400 3456 3593 3511 saecula
3623 3458 3853 3512 smculo-

2264 3563 2401 3602 rum.
2430 3548 2618 3600 Amen.

2328 3709 2342 3739 ¹
2370 3714 2483 3763 Quae
2517 3705 2705 3754 uncinis
2728 3702 3031 3765 clauduntur,
3058 3704 3237 3755 desunt
3262 3706 3310 3753 in
3346 3703 3529 3766 Moutf.,
3555 3713 3607 3755 et
3632 3719 3662 3755 c
3704 3705 3847 3757 αλια.

2261 3767 2482 3833 suppleta
2508 3775 2638 3816 sunt.

1982 3971 2326 4033 HOMILIA
2386 3967 2456 4027 L.

572 4106 697 4163 Car.
726 4106 812 4161 23.
845 4123 895 4159 ν.
924 4107 1009 4160 ⁸51.
1050 4105 1235 4159 Milites
1274 4124 1413 4178 ergo,
1464 4118 1515 4162 ut
1544 4121 1846 4180 prwceptum
1884 4124 1990 4167 erat
2035 4116 2149 4179 sibi,

643 4209 949 4252 assmnentes
981 4197 1220 4260 Paulum,
1250 4200 1499 4254 duxerunt
1528 4219 1615 4270 per
1651 4214 1843 4256 noctem
1875 4207 2152 4276 Antipatri-

643 4293 774 4344 dem.
808 4290 895 4345 '52.
928 4290 988 4343 Et
1018 4302 1214 4357 postera
1257 4293 1337 4346 die
1380 4294 1568 4348 relictis
1607 4297 1849 4364 equitibus
1880 4308 1931 4351 ut
1958 4317 2067 4351 cum
2096 4317 2153 4353 eo

646 4384 791 4443 irent,
824 4384 1135 4434 rcvet'sistmt
1166 4384 1231 4434 ad
1244 4395 1427 4437 castra.
1462 4387 1546 4440 33.
1580 4388 1641 4439 At
1661 4387 1738 4441 illi
1767 4406 1880 4441 cum
1910 4392 2154 4444 venissent

644 4474 928 4527 Cwsaream
946 4515 957 4533 ,
983 4485 1029 4525 et
1059 4476 1381 4527 tradidissent
1408 4479 1670 4545 epistolam
1700 4482 1904 4550 prccsidi
1927 4522 1941 4546 ,
1967 4492 2152 4536 statue-

644 4574 759 4617 runt
786 4574 900 4616 ante
931 4564 1073 4616 illum
1092 4575 1137 4617 et
1159 4562 1398 4617 Paulum.

646 4659 694 4710 l.
739 4656 897 4723 Quasi
959 4670 1137 4724 regem
1179 4657 1462 4725 quemdam
1511 4660 1827 4714 satellitibus
1876 4663 2149 4730 stipatum,

574 4748 937 4801 transmittunt
998 4762 1118 4800 cum
1172 4756 1313 4801 tanta
1363 4748 1703 4803 multitudine
1760 4761 1812 4804 et
1869 4752 1918 4803 in
1973 4763 2145 4817 nocte,

577 4840 823 4891 timentes
874 4839 1002 4891 iram
1043 4848 1095 4892 et
1126 4839 1377 4908 impetum
1413 4841 1614 4909 populi.
1660 4842 1944 4910 Postquam
1992 4846 2150 4912 igitur

574 4930 845 4996 ejecerunt
888 4929 1032 4981 illum
1078 4944 1143 4982 ex
1199 4930 1430 4996 civitate,
1485 4941 1607 4986 tunc
1654 4934 1936 4987 άθδὶμιιιιιι.
1969 4936 2150 5005 Neque

576 5022 819 5073 tribunus
847 5036 966 5073 cum
1000 5029 1141 5073 tanta
1166 5020 1312 5074 illum
1358 5024 1588 5077 misisset
1633 5028 1939 5092 securitate,
1973 5030 2070 5082 nisi
2099 5039 2151 5083 et

574 5115 745 5181 ipsum
785 5112 1057 5165 innoxium
1101 5122 1377 5181 putasset,
1416 5123 1467 5166 et
1500 5115 1708 5168 illorum
1753 5121 2147 5186 sanguinarium

572 5208 804 5258 animum
834 5205 1083 5258 novisset.
1117 5224 1134 5255 ‹
1166 5205 1252 5281 5'4.
1274 5206 1401 5259 Cum
1436 5215 1611 5261 autem
1641 5210 1873 5276 legisset,
1903 5222 1953 5264 et
1982 5214 2149 5267 inter-

574 5307 811 5367 rogasset
837 5296 902 5349 de
931 5311 1031 5365 qua
1064 5299 1329 5365 provincia
1362 5310 1524 5363 esset,
1552 5300 1892 5371 audissetque
1916 5306 2054 5371 quod
2084 5322 2146 5358 ex

571 5390 748 5443 Cilicia
784 5408 795 5440 :
827 5390 913 5445 35.
951 5375 1174 5442 Audiam
1205 5399 1270 5454 te,
1313 5390 1499 5459 inquit,
1533 5407 1653 5444 cum
1704 5405 2043 5449 accusatores
2075 5398 2143 5449 tui

571 5485 811 5537 venerint
843 5502 855 5537 :
884 5484 1147 5552 jussitqne
1173 5484 1317 5537 illum
1348 5489 1395 5538 in
1435 5487 1682 5553 praetorio
1714 5488 1941 5542 Herodis
1966 5502 2142 5543 custu.

570 5577 692 5632 diri,
726 5593 740 5622 ι
765 5576 877 5629 iam
910 5576 1110 5644 proillo
1135 5577 1389 5630 rationem
1415 5579 1633 5632 dederat
1657 5581 1875 5650 Lysias;
1910 5594 2141 5637 attamen

572 5667 743 5717 adhuc
778 5666 881 5719 illic
910 5668 1056 5722 illum
1090 5668 1256 5721 ,Ιιιιιίιτὶ
1291 5670 1602 5724 adoriuntur
1626 5714 1640 5736 ,
1688 5686 1737 5726 et
1771 5688 2143 5744 pra'occnpant

568 5758 884 5823 auditorem,
930 5772 982 5815 et
1026 5762 1214 5815 iterum
1266 5763 1315 5814 in
1366 5764 1567 5818 vinciila
1619 5766 1900 5834 conjicitur
1959 5788 1969 5821 :
2020 5770 2138 5822 audi

571 5850 835 5917 quomodo
868 5868 875 5901 :
912 5852 1059 5922 (Cap.
1091 5856 1210 5924 2i.)
1274 5856 1319 5907 ί.
1380 5853 1498 5909 Ι¹ιιδι
1556 5862 1771 5927 quinque
1826 5878 1986 5915 (ιι-τίνι
2032 5864 2135 5915 dies

2256 4107 2510 4164 descendit
2546 4107 2778 4177 princeps
2806 4104 3122 4158 sacerdotum
3150 4106 3374 4159 .inanias
3416 4122 3529 4158 cum
3572 4109 3851 4164 senioribus

2255 4214 2301 4256 et
2352 4202 2577 4255 Tertullo
2626 4199 2842 4269 quodam
2888 4208 3124 4263 oratore,
3174 4201 3259 4269 qui
3301 4201 3536 4253 adierunt
3586 4204 3852 4269 president

2257 4295 2492 4347 adversus
2536 4290 2780 4344 Paulum.
2806 4290 2939 4343 Vide
2982 4291 3249 4359 quomodo
3301 4308 3472 4361 neque
3514 4294 3584 4346 ita
3627 4295 3849 4349 destite-

2258 4395 2403 4450 runt,
2450 4384 2541 4439 sed
2594 4385 2835 4447 veniunt,
2880 4382 3005 4437 licet
3055 4384 3202 4439 mille
3248 4394 3533 4439 occurrant
3561 4386 3762 4453 obices,
3797 4397 3850 4442 ut

2259 4482 2365 4534 illic
2417 4479 2828 4533 confundantur.
2874 4498 2893 4530 ι
2927 4479 2979 4532 ‘2.
3034 4479 3098 4534 Et
3131 4481 3296 4535 citato
3344 4482 3437 4535 illo
3486 4484 3647 4552 cmpit
3688 4500 3847 4539 accu-

2257 4588 2377 4626 sarc
2406 4571 2693 4634 Tertullus,
2723 4570 2908 4625 dicens
2942 4589 2954 4624 :
2989 4572 3121 4626 Cum
3156 4574 3208 4626 in
3261 4574 3423 4627 multa
3456 4589 3583 4642 pace
3629 4592 3849 4646 agamus

2256 4680 2353 4733 per
2382 4675 2451 4729 te,
2477 4673 2529 4719 et
2579 4664 2739 4718 multa
2793 4664 2931 4719 bona
2973 4680 3132 4734 opera
3177 4666 3307 4721 fiant
3338 4667 3388 4721 in
3427 4666 3524 4723 hac
3566 4680 3723 4732 gente
3756 4688 3847 4738 per

2259 4766 2398 4811 tuam
2429 4756 2842 4826 providentiam,
2875 4758 2927 4810 5.
2955 4772 3167 4827 semper
3197 4768 3249 4812 et
3277 4760 3472 4829 ubique
3496 4762 3843 4829 suscipimus,

2256 4851 2457 4917 Optime
2492 4849 2661 4917 Felix,
2695 4866 2814 4905 cum
2860 4852 3003 4903 omni
3050 4852 3341 4920 gratiarum
3385 4854 3613 4908 actione.
3662 4868 3713 4909 4.
3770 4856 3846 4909 Ne

2255 4941 2451 4995 diutius
2478 4952 2655 4995 autem
2689 4951 2738 4995 te
2768 4941 3095 5009 protrabam,
3130 4957 3246 5008 oro,
3274 4943 3506 4998 breviter
3528 4946 3714 4999 audias
3746 4963 3845 5001 nos

2257 5050 2350 5101 pro
2403 5045 2486 5088 tua
2540 5035 2848 5089 clementia.
2891 5052 2913 5085 ι
2956 5036 3109 5104 Atqui
3144 5051 3237 5089 vos
3280 5036 3381 5091 hoc
3436 5036 3636 5093 fecistis
3672 5056 3683 5091 :
3718 5040 3841 5109 quid

2257 5127 2413 5194 igitur
2444 5143 2579 5195 opus
2607 5136 2723 5181 erat
2750 5128 2999 5181 oratore?
3033 5127 3163 5183 Vide
3190 5130 3461 5198 quomodo
3512 5129 3599 5185 hic
3629 5147 3841 5202 quoque

2254 5218 2428 5271 statim
2461 5219 2526 5271 ab
2555 5219 2775 5272 eimrdio
2805 5219 2949 5273 illum
2974 5230 3028 5272 ut
3053 5231 3360 5275 novatorem
3391 5220 3700 5278 seditiosum
3731 5227 3841 5280 vult

2256 5312 2551 5375 traducere,
2576 5311 2813 5365 laudibus
2832 5328 2959 5367 vero
2982 5314 3214 5381 judicent
3241 5324 3594 5383 prmoccupat.
3616 5316 3834 5383 Deinde,

2252 5404 2398 5471 quasi
2457 5403 2619 5455 multa
2665 5403 2886 5458 dicenda
2938 5404 3150 5469 habeat,
3203 5408 3582 5474 pr.rtercurrit.
3639 5419 3693 5463 et
3736 5408 3837 5464 hoc

2252 5512 2410 5549 unum
2459 5495 2584 5548 dicit
2618 5513 2629 5545 :
2662 5495 2740 5549 Ne
2791 5498 2983 5549 diutius
3031 5507 3200 5548 autem
3252 5509 3296 5550 te
3344 5501 3661 5565 protrahunt.
3704 5500 3837 5556 Vide

2250 5586 2517 5656 quomodo
2552 5588 2799 5654 puniendi
2829 5587 3157 5642 desiderium
3179 5590 3340 5656 judici
3368 5591 3641 5655 immittat,
3678 5594 3831 5662 quasi

2248 5676 2705 5744 comprehensum
2758 5695 2919 5743 cum,
2979 5678 3065 5746 qui
3120 5681 3302 5736 orbem
3359 5681 3734 5745 subverteret,
3781 5693 3830 5738 et

2250 5770 2401 5838 quasi
2451 5768 2516 5820 de
2569 5771 2822 5838 praeclaro
2868 5786 3029 5839 opere
3074 5774 3329 5826 sentiunt.
3382 5791 3402 5824 ί
3441 5775 3494 5829 5.
3530 5773 3831 5830 iuvenibus

2252 5869 2387 5917 l-nne
2422 5866 2688 5918 hominem
2720 5862 3050 5933 pestiferum,
3084 5875 3131 5919 et
3160 5868 3513 5923 concitantem
3539 5868 3826 5926 seditiones
