4076 6546
157 546 247 601 ’565

156 652 390 708 omnibus
419 649 622 706 ludatis
649 649 700 704 in
729 647 982 704 universo
1009 645 1164 712 orbe,
1198 655 1254 698 et
1283 653 1560 698 auctorem
1591 639 1737 695 sedi-

158 746 304 800 tionis
348 755 510 800 sectae
557 742 980 805 Nazareuorum,
1031 738 1084 795 6.
1137 738 1227 809 qui
1277 739 1439 792 etiam
1485 733 1742 802 templum

158 837 346 892 violare
368 843 593 889 conatus
619 843 701 888 est
725 851 739 887 :
771 846 932 902 quem
958 839 1014 885 et
1049 830 1446 899 apprehensum
1476 825 1743 880 voluimus

160 928 444 981 secundum
477 926 647 995 legem
677 933 917 978 nostram
964 920 1230 991 judicare.
1261 920 1314 974 ’1.
1346 916 1744 986 Superveniens

157 1030 320 1074 autem
368 1019 616 1074 tribunus
661 1016 872 1086 Lysias,
920 1031 1040 1069 cum
1073 1013 1121 1067 vi
1161 1025 1352 1082 magna
1394 1008 1591 1078 eripuit
1619 1021 1742 1061 eum

157 1112 215 1165 ile
244 1111 488 1164 manibus
518 1107 742 1172 nostris,
770 1107 823 1161 8.
853 1105 1056 1176 jubens
1085 1111 1431 1159 accusatores
1459 1100 1576 1169 ejus
1598 1096 1662 1150 ad
1693 1105 1746 1151 te

161 1202 331 1255 venire
356 1216 372 1268 ;
400 1215 430 1254 a
461 1214 568 1269 quo
595 1198 797 1268 poteris
830 1198 947 1267 ipse
968 1196 1222 1267 judicans
1267 1193 1336 1248 de
1365 1191 1614 1245 omnibus
1638 1187 1746 1242 illis

157 1307 490 1361 rognoscerc,
534 1289 603 1345 de
639 1290 832 1360 quibus
880 1303 978 1342 nos
1008 1299 1326 1340 accusamus
1355 1298 1500 1338 ctun.
1544 1280 1744 1336 Cone"-

159 1395 366 1446 tantem,
404 1402 424 1436 ι
479 1384 690 1452 inquit,
745 1400 764 1434 ι
799 1380 1098 1435 seditiones
1137 1377 1386 1432 omnibus
1427 1373 1630 1429 Jttdteis
1689 1374 1744 1425 in

158 1476 396 1528 universo
418 1474 570 1529 orbe.
610 1491 630 1524 ι
670 1472 731 1527 Ut
765 1470 1082 1541 pestiferum
1111 1478 1166 1523 et
1197 1481 1540 1522 communem
1568 1463 1744 1533 gemis

159 1570 353 1623 Instent
382 1567 533 1622 illum
574 1566 975 1620 calumniantur
995 1605 1009 1629 ,
1042 1577 1105 1617 ac
1135 1569 1300 1617 secta:
1344 1559 1742 1614 Nazarcnnrum

157 1664 547 1737 principem=(a)
568 1663 708 1735 [lloc
734 1663 1024 1716 maximum
1053 1658 1261 1713 crimen
1290 1654 1573 1710 videbatur
1603 1649 1744 1721 quod

156 1768 289 1812 esset
314 1749 676 1822 Nazarenus.]
737 1754 859 1809 ideo
888 1753 991 1806 hoc
1014 1750 1401 1820 produxerunt,
1424 1755 1479 1802 et
1504 1760 1567 1800 ea
1595 1744 1662 1798 de
1688 1757 1747 1797 re

157 1849 336 1902 iterum
366 1846 832 1902 ealumniabantur
851 1859 1006 1904 eum;
1038 1842 1265 1897 Nazaret
1291 1842 1434 1896 enim
1458 1838 1578 1893 vilis
1608 1848 1743 1892 erat.

159 1939 216 1992 Et
244 1940 573 2002 invenientes,
608 1939 801 2007 inquit.
837 1935 972 1990 Vide
995 1977 1010 1999 ,
1043 1950 1204 2003 quam
1248 1942 1467 1988 versute
1510 1931 1658 1985 illutn
1690 1938 1749 1982 ut

159 2030 434 2100 profugum
485 2030 908 2093 calumnientur,
944 2027 1026 2080 vix
1077 2026 1225 2079 illum
1277 2023 1574 2093 assequuti,
1624 2035 1744 2075 cum

153 2132 348 2191 septem
380 2121 570 2176 diebus
599 2122 649 2174 iu
683 2119 882 2191 templo
909 2120 1088 2173 fuerit.
1113 2118 1276 2184 Quem
1297 2125 1343 2168 et
1372 2114 1748 2185 apprehensum

154 2217 395 2269 voluimus
426 2215 704 2268 secundum
733 2214 891 2283 legem
918 2219 1142 2264 nostram
1163 2207 1423 2280 judicare.
1452 2206 1582 2261 Vide
1612 2220 1748 2275 quo-

157 2308 310 2361 modo
335 2318 391 2363 et
417 2308 590 2377 legem
611 2305 937 2360 contumelia
967 2303 1205 2357 amciant
1239 2321 1252 2356 :
1284 2302 1385 2356 nisi
1415 2301 1642 2355 fortasse
1663 2314 1750 2354 se-

153 2399 380 2453 cundum
431 2399 604 2469 legem
654 2408 793 2460 erat,
825 2398 1136 2460 verberare,
1178 2392 1450 2457 occidere,
1485 2391 1744 2446 insidiari.

155 2490 399 2561 Sequitur
427 2490 602 2563 Lysiae
630 2490 921 2544 accusatio.
973 2488 1346 2557 Superveniens
1372 2495 1540 2538 autem
1567 2483 1750 2554 Lysias

154 2583 376 2635 tribunus
400 2599 513 2634 cum
541 2581 588 2633 vi
619 2597 808 2651 magna
828 2580 1013 2649 eripuit
1041 2595 1153 2632 eum
1183 2595 1247 2631 ex
1271 2575 1504 2630 manibus
1542 2575 1746 2629 nostris.

155 2675 264 2729 Non
291 2676 650 2730 conveniebat
682 2674 780 2739 illi,
817 2674 1010 2743 inquit,
1044 2690 1158 2727 rem
1190 2671 1327 2726 hanc
1355 2669 1555 2735 facere,
1591 2684 1748 2740 quam

158 2776 328 2820 tamen
358 2766 509 2820 fecit.
549 2766 629 2819 Ea:
656 2782 754 2834 quo
783 2765 972 2833 poteris
993 2764 1238 2834 judicans
1283 2763 1347 2817 de
1395 2762 1474 2816 his
1519 2762 1752 2814 omnibus

156 2875 473 2927 cognoscere,
506 2863 568 2912 de
594 2858 776 2925 quibus
807 2875 898 2911 nos
931 2871 1234 2910 accusamus
1252 2855 1421 2907 illum.
1449 2859 1502 2907 υ.
1536 2854 1753 2922 Adjece-

156 2962 266 3005 runt
294 2964 465 3006 autem
501 2963 546 3005 et
573 2951 776 3014 Iudici,
813 2951 1032 3003 dicentes
1061 2950 1166 3003 lucc
1199 2949 1266 3000 ita
1303 2963 1357 3001 se
1384 2946 1584 3000 habere.
1616 2945 1753 3012 Quid

155 3059 276 3111 ergo
310 3043 545 3096 Paulus?
576 3059 701 3096 num
725 3043 791 3096 ad
821 3042 934 3095 huic
982 3040 1161 3094 tacet?
1191 3039 1430 3102 Minime,
1462 3037 1556 3092 sed
1585 3037 1755 3090 libere

156 3136 170 3188 l
195 3137 386 3205 iquitur
415 3138 611 3190 iterum
641 3144 694 3189 et
724 3133 1038 3204 reSpondet,
1070 3132 1230 3201 idque
1254 3131 1472 3184 volente
1499 3129 1750 3198 prteside;

156 3228 386 3282 subdidit
415 3229 564 3284 enim
599 3246 611 3281 :
647 3246 666 3279 ι
708 3229 796 3281 10.
829 3227 1128 3295 Respondit
1174 3233 1355 3278 autem
1388 3223 1586 3277 l’aulus
1608 3264 1621 3288 ,
1655 3237 1756 3275 au-

159 3332 352 3377 nuente
380 3322 484 3375 sibi
529 3321 753 3390 prteside
794 3331 848 3372 ut
894 3319 1137 3372 diceret:
1172 3317 1248 3370 Ex
1298 3315 1480 3369 multis
1519 3315 1673 3369 annis
1705 3323 1756 3368 te

156 3414 754 3482 essejustumjudicem
783 3410 930 3480 genti
962 3409 1087 3462 huic
1124 3410 1304 3462 sciens
1331 3448 1345 3470 ,
1396 3408 1537 3461 liouo
1575 3406 1758 3460 animo

159 3521 249 3572 pre
277 3523 363 3558 me
395 3503 746 3558 satisfaciam.
780 3503 868 3555 ll.
901 3501 1058 3555 Potes
1081 3500 1224 3553 enim
1249 3513 1600 3575 cognoscere,
1634 3497 1755 3566 quia

159 3610 257 3649 non
321 3597 441 3664 plus
492 3603 617 3648 sunt
680 3594 807 3647 mihi
858 3592 1014 3656 dies,
1093 3607 1254 3660 quam
1301 3589 1623 3654 duodecim,
1692 3603 1759 3643 ex

157 3704 258 3756 quo
287 3688 509 3742 ascendi
534 3687 760 3741 adorare
808 3687 860 3739 in
900 3684 1200 3740 Jerusalem
1238 3703 1251 3738 :
1289 3685 1372 3738 12.
1408 3695 1463 3740 et
1497 3700 1671 3754 neque
1704 3686 1755 3739 in

160 3781 356 3848 templo
409 3781 734 3834 invenerunt
763 3792 848 3831 me
886 3792 1006 3834 cum
1048 3777 1228 3845 aliqua
1273 3776 1637 3845 disputantem
1669 3787 1761 3831 aut

159 3885 482 3925 concursum
516 3870 799 3924 facientem
828 3869 1020 3931 turbae,
1045 3877 1221 3938 neQue
1243 3868 1295 3921 in
1329 3868 1636 3938 synagogis,
1669 3870 1757 3924 15.

161 3978 329 4032 neque
373 3965 426 4017 iu
473 3963 733 4018 civitate:
773 3977 946 4031 neque
988 3961 1215 4028 probare
1256 3971 1482 4030 pissuut
1541 3977 1639 4023 ea.
1693 3963 1763 4019 de

160 4057 348 4122 quibus
383 4071 527 4109 nunc
556 4070 640 4107 me
667 4062 938 4108 accusant.
977 4073 994 4102 ›
1041 4052 1155 4104 Νοιι
1188 4063 1313 4106 sunt
1346 4053 1461 4107 lia-c
1493 4055 1762 4110 adulatio-

163 4153 241 4202 nis
272 4151 458 4212 Verba,
497 4150 772 4203 testiﬁcari
801 4148 958 4215 iudici
985 4147 1247 4215 jmtitiam
1273 4164 1287 4210 ;
1322 4149 1416 4202 sed
1451 4149 1536 4201 illa
1563 4151 1761 4218 pOIiIIs,

162 4243 284 4294 Cum
315 4244 367 4294 in
416 4242 582 4294 multa
626 4257 748 4309 pace
785 4257 996 4309 agamus
1042 4256 1131 4308 per
1175 4249 1238 4292 te.
1274 4239 1382 4294 Cur
1411 4256 1540 4311 ergo
1570 4244 1766 4311 injuste

163 4333 459 4387 seditiones
488 4331 688 4400 agitis?
722 4330 1002 4399 Perpende
1025 4340 1229 4395 autem,
1266 4331 1341 4385 illi
1362 4333 1426 4384 ad
1449 4335 1765 4401 injustitiam

168 4424 462 4490 pellebant,
501 4424 589 4475 hic
632 4422 894 4490 justitiam
945 4423 1221 4487 quzerebut
1266 4440 1278 4474 :
1330 4423 1452 4478 ideo
1507 4424 1765 4480 dicebat:

166 4515 302 4568 Bono
348 4517 526 4568 animo
575 4531 666 4585 pro
720 4531 798 4567 me
836 4515 1182 4582 satisfaciam;
1225 4515 1420 4571 deinde
1465 4532 1492 4569 a
1529 4530 1771 4588 tempore

165 4610 450 4663 conﬁrmat
479 4628 490 4661 :
535 4607 597 4660 Et
630 4608 799 4661 multis
836 4608 1005 4672 anuis,
1041 4608 1232 4676 inquit,
1265 4620 1312 4662 te
1339 4611 1560 4667 iudicem
1587 4615 1768 4667 sciens.

169 4702 232 4755 Et
267 4702 396 4771 quid
434 4703 541 4755 hoc
583 4701 647 4754 ad
689 4702 1205 4754 ile-iuonstratiouein
1239 4703 1571 4758 conducebat
1595 4706 1617 4757 ?
1642 4706 1774 4760 Mul-

169 4803 274 4844 tum
310 4811 321 4844 :
356 4791 604 4845 ostendit
648 4791 792 4844 enim
821 4791 996 4859 ipsum
1048 4809 1263 4861 quoque
1310 4795 1484 4858 scire,
1540 4799 1671 4852 nihil
1717 4815 1775 4854 se

167 4898 352 4938 eorum
404 4884 640 4942 fet-isse.
681 4883 749 4935 de
786 4884 979 4952 quibus
1016 4891 1385 4940 accusabatur.
1439 4890 1493 4942 Si
1537 4906 1666 4944 vero
1693 4907 1777 4946 se-

168 4976 427 5030 ditionem
457 4975 806 5036 concitasset,
837 4976 948 5042 ipse
975 4977 1138 5044 judex
1170 4987 1390 5045 nosset,
1421 4997 1594 5050 neque
1627 4984 1777 5039 ilium

171 5076 310 5120 tanta
340 5083 428 5122 res
461 5069 678 5120 lulet‘cl.
713 5067 915 5120 Deinde
946 5069 1070 5136 quia
1090 5081 1370 5124 accusator
1395 5072 1524 5126 nihil
1548 5074 1766 5142 probari

172 5172 420 5230 potuerat
462 5161 854 5231 Jcrosolymis,
887 5163 1008 5217 vide
1038 5165 1161 5231 quid
1197 5165 1338 5219 dicat
1371 5186 1382 5219 :
1423 5167 1667 5222 Omnibus
1695 5175 1781 5241 qui

170 5253 222 5307 in
268 5264 374 5309 toto
404 5255 528 5308 orbe
558 5265 676 5306 sunt
714 5253 937 5319 Juda’is,
975 5258 1310 5311 mendacium
1357 5263 1638 5316 mendacio
1682 5266 1778 5317 ad-

173 5347 304 5402 den+
331 5351 370 5402 '.
401 5349 530 5403 Ideo
565 5348 760 5402 Paulus
789 5348 912 5403 inde
941 5350 1088 5403 illum
1111 5351 1427 5417 deturbatis,
1463 5356 1536 5408 ait
1585 5374 1597 5406 :
1640 5357 1776 5411 Ado-

175 5449 376 5496 raturus
397 5440 653 5503 ascendi,’
683 5443 834 5510 quasi
862 5458 920 5495 se
952 5443 1029 5497 sic
1057 5459 1289 5514 purgans
1317 5445 1576 5501 :Tantum
1610 5451 1784 5512 abest.

178 5540 229 5583 nt
257 5532 565 5586 seditiones
597 5533 827 5585 excitem
857 5548 872 5597 ;
903 5545 954 5588 et
989 5536 1040 5588 in
1077 5537 1178 5591 hoc
1209 5552 1450 5593 moratur
1480 5543 1785 5608 rati0ci:.iu,

176 5624 317 5692 quod
341 5633 492 5679 certe
519 5623 756 5678 validum
779 5636 896 5680 erat
923 5644 936 5691 ;
971 5627 1119 5682 addit
1150 5632 1292 5684 enim
1327 5649 1338 5683 :
1375 5631 1556 5703 Neque
1581 5637 1631 5687 in
1665 5649 1791 5690 tem-

181 5717 279 5783 plo,
309 5735 473 5782 neque
499 5719 551 5769 in
576 5718 797 5784 civitate,
823 5735 979 5789 neque
999 5721 1050 5773 in
1081 5726 1352 5793 synagogis
1382 5725 1679 5781 invenerunt
1711 5747 1790 5782 me

247 5854 261 5916 ἢ
305 5853 447 5911 Illud,
473 5852 812 5913 mendacium,
833 5855 1088 5905 mendacio
1111 5857 1318 5916 addens,
1360 5859 1508 5911 deest
1533 5862 1580 5910 iu
1606 5877 1724 5912 uno.

241 5915 314 5974 (a)
331 5924 447 5974 Qum
477 5917 612 5986 inter
637 5917 841 5986 uncinos
863 5917 1022 5967 clausa
1044 5926 1151 5969 sunt
1174 5934 1270 5970 nou
1295 5915 1586 5986 legtmturin
1606 5926 1788 5985 5tontf.,

186 5981 326 6038 atque
355 5991 383 6025 e
401 5978 580 6026 ειη-ηπ
599 5978 826 6040 suppleta
851 5987 982 6028 sunt.

1179 531 1245 588 ΚΝ
1286 529 1470 586 ACTA
1509 523 2032 584 APOS'I'OLURL’M.
2079 525 2305 580 llUMlL.
2353 524 2411 580 L.

3350 524 3456 580 5-56

1849 654 1962 690 rum
1994 639 2167 709 aliqua
2208 640 2574 709 disputantem.
2618 641 2770 708 Quod
2816 641 2982 697 etiam
3013 657 3198 697 verum
3227 651 3361 699 erat.
3400 642 3466 696 Et

1851 730 1940 783 ille
1970 731 2187 801 quidem
2223 733 2372 786 illum
2399 731 2694 802 Principem
2717 733 2872 800 dicit,
2899 735 3050 805 quasi
3085 736 3136 790 ia
3162 750 3340 806 pugna
3368 745 3465 788 aut

1851 827 2112 886 tumultu:
2147 827 2233 882 bic
2258 842 2390 881 vero
2427 828 2549 883 vide
2573 845 2734 898 quam
2765 838 3048 885 mansuete
3088 829 3416 899 respondeat
3445 848 3459 881 :

1855 938 1873 971 ι
1918 921 2006 975 ﬂ.
2054 919 2334 975 Confiteor
2379 931 2559 975 autem
2605 922 2698 976 tibi
2745 921 2888 992 quod
2941 922 3240 978 secundum
3294 922 3458 987 viam,

1848 1026 2007 1081 quam
2040 1021 2231 1066 vocant
2263 1013 2534 1081 hmresim,
2564 1015 2643 1068 sic
2673 1016 2846 1084 patrio
2871 1016 2980 1070 Deo
2998 1013 3198 1076 servio.
3229 1015 3462 1070 credens

1846 1105 2122 1167 omnibus,
2156 1121 2276 1176 quae
2306 1107 2358 1160 in
2392 1108 2510 1178 lege
2540 1118 2593 1164 et
2616 1108 2899 1178 prophetis
2929 1110 3130 1179 scripta
3158 1118 3286 1163 sunt
3311 1126 3327 1175 ;
3368 1109 3459 1166 15.

1851 1210 2001 1264 spem
2028 1197 2234 1252 habens
2257 1200 2308 1252 in
2343 1199 2548 1266 Deum,
2579 1216 2741 1269 quam
2785 1210 2838 1256 et
2893 1202 2991 1270 ipsi
3036 1203 3459 1270 amplectuntur,

1853 1288 2085 1342 futuram
2119 1293 2573 1346 resurrectiOnem
2601 1294 2870 1360 iustorum
2901 1304 2950 1348 et
2982 1294 3330 1363 injustorum.
3365 1313 3383 1346 ι

1921 1381 1973 1436 9..
2017 1381 2186 1438 Vide:
2221 1384 2392 1453 ipsum
2429 1385 2500 1438 illi
2529 1386 2874 1453 separabant,
2903 1386 2987 1439 hic
3015 1401 3143 1440 Vero
3170 1401 3229 1439 se
3259 1385 3421 1454 adjun
3440 1416 3455 1426 -

1851 1475 1926 1543 git
1966 1475 2064 1545 legi
2113 1490 2235 1528 sese
2267 1477 2563 1544 purgando.
2599 1477 2666 1531 Et
2702 1477 2844 1546 «μιυά
2869 1477 3076 1532 dixerat
3109 1477 3460 1544 confirmans,

1854 1567 2046 1620 iterum
2079 1567 2261 1635 adjicit
2291 1585 2304 1622 :
2336 1567 2423 1623 16.
2459 1567 2523 1620 In
2548 1568 2642 1622 hoc
2671 1578 2714 1621 et
2741 1571 2850 1638 ipse
2878 1569 3058 1622 studeo
3090 1570 3200 1623 sine
3233 1569 3462 1638 oﬂ'eadi-

1851 1661 1966 1713 culo
1995 1661 2351 1713 conscientiam
2393 1660 2577 1715 habere
2601 1661 2669 1714 ad
2700 1659 2865 1714 Deum
2894 1672 2942 1716 et
2969 1661 3038 1714 ad
3075 1662 3305 1716 homines
3333 1679 3466 1717 scm-

1852 1769 1960 1817 per.
1991 1751 2073 1806 l7.
2108 1749 2230 1804 l’ost
2257 1767 2418 1805 annos
2439 1764 2606 1806 autem
2626 1753 2816 1820 plures.
2837 1755 3184 1823 eleemosgnas
3231 1758 3464 1825 [acturus

1849 1843 1902 1895 in
1939 1853 2135 1913 gentem
2179 1859 2362 1907 meam,
2417 1844 2548 1906 veni,
2590 1854 2636 1897 et
2684 1843 2985 1898 oblationes.
3031 1845 3121 1900 18.
3171 1843 3236 1899 In
3282 1846 3464 1915 quibus

1851 1945 2145 1988 invenerunt
2182 1950 2261 1987 me
2297 1935 2626 2003 puriﬁcatam
2668 1936 2721 1988 in
2750 1936 2941 2004 templo
2965 1977 2981 2002 ,
3015 1953 3119 1990 non
3148 1952 3266 1990 cum
3292 1937 3456 1998 turba,

1850 2042 2008 2092 neque
2035 2042 2146 2078 cum
2174 2027 2410 2078 tumultu.
2445 2025 2555 2080 Cur
2577 2041 2707 2096 ergo
2736 2027 3026 2082 ascendisti
3047 2029 3071 2081 ?
3095 2042 3194 2082 cur
3219 2029 3413 2083 venisti
3441 2030 3464 2082 ἲ

1851 2119 2188 2181 Adoraturus,
2210 2119 2572 2188 eleemosynas,
2595 2120 2784 2188 inquit,
2805 2124 3058 2190 facturus.
3078 2121 3262 2193 Itaque
3285 2121 3335 2176 id
3356 2137 3462 2177 non

1852 2221 1969 2265 crat
2000 2211 2263 2265 seditiosi.
2313 2211 2518 2267 Deinde
2549 2212 2760 2266 illorum
2811 2213 2995 2284 dejicit
3023 2231 3343 2284 personam,
3375 2218 3464 2272 dio

1854 2321 1983 2359 cens
2015 2306 2132 2359 sine
2173 2305 2528 2359 discrimine:
2584 2305 2649 2358 In
2677 2307 2856 2375 quibus
2903 2325 2984 2363 me
3028 2309 3326 2363 invenerunt
3371 2312 3460 2365 t9.

1853 2395 2062 2463 quidam
2093 2411 2155 2448 ex
2203 2395 2322 2448 Asia
2349 2393 2543 2460 Juda'i,
2570 2412 2696 2465 quos
2736 2397 3001 2466 oportebat
3025 2401 3168 2468 apud
3198 2409 3244 2453 te
3274 2410 3461 2469 prwsto

1856 2503 1986 2550 esse,
2037 2496 2082 2539 et
2131 2502 2372 2539 accusare
2397 2527 2411 2550 ,
2436 2487 2478 2539 si
2499 2487 2626 2555 quid
2654 2487 2895 2540 haberent
2922 2489 3191 2542 adversum
3233 2507 3311 2545 me
3335 2507 3351 2542 :
3371 2490 3464 2546 20.

1855 2586 1941 2629 aut
1973 2578 2023 2629 lii
2055 2576 2153 2644 ipsi
2181 2577 2386 2640 dicant,
2420 2577 2464 2630 si
2489 2577 2611 2644 quid
2634 2578 2932 2632 invenerunt
2967 2580 3019 2632 in
3049 2597 3129 2633 me
3160 2582 3464 2646 iniquitatis,

1854 2688 1968 2723 cum
1993 2681 2114 2724 stem
2137 2672 2187 2724 in
2205 2671 2442 2733 concilio,
2465 2671 2554 2724 2|.
2581 2671 2680 2724 nisi
2710 2673 2774 2723 de
2803 2673 2897 2724 huc
2926 2690 3029 2725 una
3057 2690 3197 2738 voce,
3228 2691 3329 2741 qua
3357 2676 3468 2728 clu-

1857 2764 1989 2814 mavi
2032 2762 2160 2814 inter
2187 2777 2272 2814 eos
2295 2770 2437 2814 stans
2479 2777 2494 2814 :
2529 2761 2592 2814 de
2621 2763 2987 2816 resurrectione
3017 2773 3335 2817 mortuorum
3374 2782 3469 2836 ego

1857 2854 2008 2908 hodie
2019 2853 2228 2924 judicor
2253 2871 2284 2907 a
2307 2855 2464 2908 vobis.
2498 2855 2622 2909 Ilazc
2643 2866 2724 2910 est
2755 2858 2974 2925 c0piosa
2993 2857 3328 2927 justiﬁcatio,
3362 2874 3467 2914 non

1860 2945 2043 3013 fugere
2071 2945 2138 2999 ab
2169 2947 2576 3000 accusatoribus
2596 2989 2611 3012 ,
2659 2948 2753 3000 Sed
2786 2957 3030 3016 paratum
3060 2964 3180 3003 esse
3224 2951 3290 3002 ad
3342 2951 3467 3004 red-

1857 3037 2088 3090 dendam
2117 3037 2365 3091 omnibus
2396 3039 2678 3092 rationem.
2714 3038 2792 3093 De
2826 3043 3195 3095 resurrectione
3241 3053 3468 3095 mortua-

1858 3145 1972 3182 rum
2016 3145 2128 3198 ego,
2165 3130 2357 3198 inquit,
2396 3129 2548 3183 hodie
2577 3130 2789 3201 judicor
2814 3132 3026 3186 avobis.
3067 3133 3134 3187 Et
3163 3133 3292 3188 nihil
3341 3134 3473 3189 dixit

1859 3233 2068 3284 eorum,
2103 3233 2223 3286 qua:
2248 3219 2370 3286 jure
2402 3229 2612 3288 poterat
2633 3221 2815 3277 dicere
2842 3240 2854 3276 :
2882 3222 3025 3292 qttod
3057 3224 3294 3280 insidiati
3324 3237 3474 3292 sunt,

1860 3310 2209 3365 detinuerunt
2254 3312 2450 3381 ipsum,
2494 3312 2718 3368 insidias
2747 3323 3063 3368 struxerunt
3113 3316 3269 3386 (haec
3325 3317 3474 3372 enim

1860 3403 1929 3457 ab
1960 3404 2093 3470 ipsis
2125 3403 2262 3458 facta
2308 3415 2627 3469 narrantur;
2662 3407 2729 3460 ab
2761 3408 2860 3461 hoc
2891 3417 3070 3463 autem
3093 3451 3106 3472 ,
3139 3411 3263 3463 licet
3290 3411 3340 3464 iu
3375 3428 3474 3482 pe-

1860 3497 2030 3551 riculo
2060 3506 2306 3551 versante
2327 3539 2341 3561 ,
2372 3514 2479 3552 non
2507 3499 2657 3570 item)
2683 3542 2696 3562 ,
2755 3500 2848 3555 sed
2883 3511 3042 3566 tacet,
3072 3512 3125 3557 et
3151 3503 3326 3558 solum
3356 3520 3478 3560 sese

1865 3598 2077 3657 purgat,
2112 3598 2164 3643 et
2196 3589 2240 3641 si
2271 3589 2550 3644 innumera
2574 3589 2756 3644 dicere
2783 3593 3062 3659 potuisset.
3094 3593 3206 3647 lloc
3239 3595 3388 3648 illum
3424 3597 3476 3650 in

1861 3682 2109 3734 Caesarea
2150 3680 2356 3734 clarum
2390 3680 2682 3743 reddebat,
2715 3683 2858 3752 quod
2891 3699 3015 3738 cum
3060 3693 3210 3739 tanto
3260 3688 3478 3756 agmine

1863 3772 2125 3826 venisset.
2155 3769 2220 3824 In
2242 3771 2425 3838 quibus
2458 3773 2754 3826 invenerunt
2783 3791 2882 3841 me,
2913 3775 3112 3842 inquit,
3149 3779 3262 3846 puri
3269 3780 3481 3847 [iculum

1863 3866 1918 3917 in
1962 3865 2168 3934 templo.
2222 3863 2503 3931 Quomodo
2534 3880 2664 3934 ergo
2712 3866 2968 3921 violavit?
3007 3885 3111 3923 non
3140 3872 3286 3926 enim
3324 3872 3467 3943 ejus-

1864 3958 1986 4012 dem
2031 3958 2266 4012 hominis
2293 3967 2437 4025 erat,
2498 3959 2794 4028 purilicari,
2824 3961 3086 4024 adorare,
3119 3973 3172 4017 et
3211 3965 3334 4019 ideo
3383 3983 3478 4021 ve-

1868 4053 2019 4116 nire,
2081 4060 2135 4106 et
2207 4053 2433 4106 violare.
2507 4052 2621 4108 lloc
2678 4064 2857 4108 autent
2911 4057 2975 4108 ad
3040 4057 3481 4126 justitivaliomtn

1869 4146 2119 4200 conferre
2167 4147 2434 4205 videatur.
2468 4147 2611 4217 quod
2642 4163 2746 4200 non
2776 4148 2830 4202 in
2864 4149 3083 4220 lungnm
3131 4153 3331 4206 incidat
3363 4170 3484 4208 ser-

1872 4255 2110 4292 monem.
2153 4239 2219 4292 Et
2258 4238 2594 4304 gratiﬁcatur
2639 4239 2828 4307 jndici.
2866 4241 2993 4294 Mihi
3043 4254 3220 4296 autem
3276 4245 3486 4299 videtur

1871 4330 2032 4383 etiam
2065 4329 2167 4383 hoc
2212 4328 2585 4382 defensionem
2612 4343 2762 4382 suam
2799 4331 3140 4387 contrahere.
3175 4334 3279 4388 Sed
3320 4351 3485 4404 supe-

1873 4423 1984 4475 rius
2013 4421 2154 4476 dicta
2187 4431 2518 4491 repetamus.
2548 4420 2683 4488 Quia
2717 4424 2950 4478 antehac
2991 4427 3216 4480 multum
3262 4432 3484 4482 concio-

1876 4523 2032 4566 natus
2054 4523 2169 4567 erat
2186 4511 2479 4579 Tertullus,
2505 4514 2798 4568 ostendens
2822 4531 2882 4570 se
2901 4519 3222 4585 compendio
3245 4522 3485 4582 studere,

1877 4623 1981 4660 non
2012 4606 2167 4672 dixit,
2201 4606 2337 4661 Audi
2368 4621 2519 4670 rem;
2555 4607 2671 4672 sed,
2708 4607 2790 4663 Ne
2824 4619 2871 4662 te
2919 4611 3109 4664 diutius
3138 4630 3328 4678 morer,
3367 4631 3489 4684 rage

1879 4699 2057 4751 audias
2085 4715 2176 4751 nos
2203 4715 2296 4767 pro
2324 4715 2411 4750 tua
2442 4698 2776 4753 humanitate.
2828 4701 2990 4757 Forte
3018 4713 3073 4756 ut
3100 4710 3323 4774 gratiam
3373 4708 3493 4775 ejus

1873 4798 2174 4855 aucupetur
2224 4789 2302 4842 sic
2349 4803 2655 4844 sermonem
2698 4804 2971 4861 apparat:
3009 4797 3088 4849 vel
3134 4799 3295 4850 etiam
3329 4815 3488 4851 mau-

1882 4883 2180 4936 suctudinis
2207 4883 2417 4950 signum
2462 4893 2564 4947 est,
2596 4899 2718 4938 cum
2742 4888 2862 4954 quis
2893 4889 3041 4954 plura
3073 4888 3255 4944 dicere
3285 4893 3494 4953 valens,

1885 4989 2049 5043 pauca
2080 4973 2229 5036 dicit,
2265 4982 2320 5024 ut
2376 4988 2441 5028 ne
2473 4975 2776 5029 molestiam
2811 4979 3006 5045 pariat.
3043 4978 3366 5044 Invenimus,
3415 4984 3498 5036 in-

1884 5067 2017 5135 quit,
2053 5068 2185 5117 hunc
2215 5065 2379 5116 virum
2423 5067 2721 5136 pestiferum
2751 5084 2770 5121 :
2801 5070 2907 5138 qui,
2949 5072 3139 5140 inquit,
3179 5084 3224 5126 et
3249 5076 3497 5142 templum

1889 5160 2082 5214 stature
2104 5157 2328 5210 tentavit.
2359 5157 2498 5225 Ergo
2518 5173 2623 5211 non
2646 5158 2888 5214 violavit.
2925 5162 3062 5230 Quid
3085 5166 3261 5234 igitur,
3297 5169 3341 5221 si
3374 5169 3502 5225 alibi

1888 5249 1994 5305 hoc
2027 5249 2190 5303 fecit?
2225 5249 2441 5302 Minime
2471 5267 2483 5298 :
2515 5251 2648 5304 alias
2669 5253 2812 5306 enim
2867 5253 3122 5322 dixisset;
3173 5258 3283 5327 jam
3333 5277 3462 5316 vero
3489 5304 3502 5325 ,

1891 5338 2144 5404 Tentavit,
2183 5340 2349 5404 dicit;
2381 5356 2487 5410 quo
2510 5353 2691 5394 autem
2720 5343 2902 5410 modo,
2938 5360 3045 5400 non
3078 5348 3247 5402 addit.
3287 5350 3347 5404 Et
3376 5368 3498 5420 qua:

1893 5431 2116 5486 Paulum
2149 5433 2367 5501 quidem
2411 5437 2732 5502 spectabant
2755 5477 2768 5500 ,
2801 5437 2880 5492 sic
2911 5441 3137 5503 extulit;
3172 5443 3293 5498 vide
3322 5458 3502 5502 autem

1893 5523 2164 5594 quomodo
2191 5540 2312 5593 qua:
2339 5539 2432 5576 sua
2463 5535 2588 5578 sunt
2606 5527 2832 5581 ntiuuat.
2861 5529 3024 5592 Quem
3045 5536 3501 5602 appre/tenatmus,

1896 5615 2085 5683 inquit,
2117 5624 2164 5670 et
2196 5616 2444 5668 voluimus
2477 5617 2717 5686 judicare
2745 5625 3025 5675 secundum
3069 5626 3227 5694 legem
3254 5642 3500 5683 nostram.

1898 5707 2268 5776 Superveniens
2298 5719 2469 5761 autem
2501 5707 2684 5778 Lysias
2734 5713 2970 5768 tribunus
3022 5732 3139 5768 cum
3171 5724 3332 5772 multa
3362 5724 3408 5774 vi
3438 5740 3502 5775 es:

1899 5799 2130 5852 manibus
2154 5802 2338 5853 nostris
2379 5801 2622 5872 abripuit.
2663 5804 2758 5859 llic
2779 5807 3053 5874 ostendit,
3083 5810 3184 5865 sibi
3217 5814 3501 5868 molestum

1897 5907 2017 5946 esse
2048 5893 2113 5946 ad
2146 5902 2402 5948 extranea
2453 5897 2739 5952 tribunalia
2769 5903 2976 5963 venire,
3011 5912 3063 5955 et
3091 5905 3229 5972 quod
3264 5923 3367 5958 non
3405 5911 3500 5975 ιιι-ε

1901 5985 2110 6040 molesti
2167 5985 2417 6054 fuissent,
2471 5991 2573 6041 nisi
2628 5992 2738 6059 ipse
2790 5996 3366 6066 coegisset,quod-1m
3399 6017 3504 6055 nim
