4076 6526
207 445 314 499 5w

207 580 405 634 gnam,
435 563 530 619 sed
563 562 667 619 illis
705 563 861 635 longe
887 561 1142 630 majorem
1168 561 1186 592 ⁸
1217 575 1232 614 :
1266 575 1370 615 non
1403 575 1498 630 par
1535 569 1616 625 est
1656 559 1799 612 enim

214 658 491 712 inimicum
543 667 938 727 Oppugnantem
981 655 1181 722 ferire,
1222 663 1278 709 et
1318 655 1420 708 tela
1451 654 1546 707 ira:
1571 653 1806 706 vincere.

216 748 402 804 Vicisti
444 749 587 804 nulla
628 750 750 804 data
787 763 914 803 ansa
937 789 952 813 ,
987 748 1236 803 morbum
1265 747 1427 801 animi
1471 757 1618 800 tuum
1659 745 1808 813 deje-

213 840 335 892 cisti
357 880 372 902 ,
403 849 730 894 connuotam
762 844 925 893 feram
954 837 1207 908 jugulasti
1230 877 1247 903 ,
1279 848 1332 890 et
1365 835 1599 890 furorem
1648 850 1812 889 eoin-

217 932 500 998 pressisti,
549 941 603 984 ut
649 940 833 1000 pastor
863 930 1077 999 quidam
1116 930 1386 997 optimus:
1427 926 1583 981 civile
1615 923 1808 979 bellum

216 1021 458 1075 futurutn
498 1030 645 1085 erat,
679 1020 970 1074 domestica
1019 1035 1211 1089 pugna.
1245 1017 1377 1073 Nam
1422 1019 1560 1072 sicut
1604 1015 1674 1076 ii.
1721 1016 1810 1084 qui

217 1115 418 1168 mania
461 1113 589 1167 foris
638 1113 930 1176 obsident,
981 1111 1139 1165 civile
1188 1110 1385 1164 bellum
1436 1109 1708 1172 excitant,
1759 1116 1814 1161 et

217 1206 293 1258 ita
327 1206 546 1258 vincunt
573 1221 587 1256 :
639 1203 718 1258 sic
748 1203 836 1272 qtti
867 1202 1248 1257 contumeliam
1282 1199 1443 1254 infert
1470 1242 1482 1262 ,
1529 1200 1573 1252 si
1605 1198 1811 1268 passio-

222 1313 350 1352 nem
386 1298 436 1350 in
470 1296 624 1350 nobis
653 1311 758 1349 non
790 1297 1019 1358 excitet,
1052 1297 1265 1348 vincere
1307 1308 1412 1346 non
1447 1291 1678 1360 poterit;
1713 1290 1812 1343 nisi

222 1406 323 1445 nos
354 1390 454 1459 ipsi
489 1405 586 1443 nos
617 1389 996 1450 incendamus.
1029 1388 1118 1442 ille
1151 1388 1348 1442 nullam
1381 1387 1485 1439 vim
1523 1384 1701 1439 habet.
1735 1384 1817 1438 Sit

218 1483 367 1537 enim
403 1482 558 1535 nobis
591 1482 683 1536 ine
714 1481 944 1534 scintilla
973 1521 989 1544 ,
1029 1489 1084 1533 nt
1113 1487 1415 1548 opportune
1452 1477 1774 1531 accendatur
1798 1517 1813 1536 .

223 1581 545 1646 non_contra
580 1588 677 1624 nos
701 1571 865 1639 ipsos.
893 1585 958 1624 ne
981 1585 1079 1624 nos
1107 1569 1400 1623 innumeris
1427 1568 1616 1621 afficiat
1641 1566 1814 1620 malis.

220 1663 338 1719 Non
369 1665 557 1718 videtis
586 1664 637 1717 itt
667 1663 915 1717 domibus
945 1663 1118 1732 ignem
1161 1661 1491 1717 reconditum
1518 1702 1532 1724 ,
1563 1675 1662 1715 nec
1699 1660 1817 1714 tibi-

219 1770 327 1824 qnc
357 1755 652 1825 projectum
678 1795 691 1817 .
727 1770 830 1807 non
863 1754 915 1808 in
952 1754 1094 1808 [αιηθ
1118 1795 1131 1816 ,
1166 1768 1272 1807 non
1305 1753 1356 1807 in
1388 1753 1625 1806 vestibus
1650 1794 1664 1816 ,
1713 1767 1816 1804 non

224 1856 431 1900 temere
456 1887 469 1908 ,
501 1862 568 1900 ne
595 1847 756 1900 flante
788 1855 949 1899 vento
978 1845 1334 1909 incendatur;
1367 1845 1460 1900 sed
1491 1845 1604 1899 sive
1629 1843 1818 1897 ancilla

225 1936 501 1990 lucernam
525 1936 731 2016 habeat
755 1979 769 2003 ,
810 1936 922 1990 sive
952 1952 1114 1991 cocus
1149 1937 1445 2002 accendat,
1477 1935 1822 1990 denuntiatur

223 2029 349 2094 illis,
380 2044 447 2084 ne
475 2023 538 2082 ad
572 2040 812 2095 ventum,
848 2047 914 2084 ne
947 2045 1113 2100 prope
1147 2031 1402 2092 tabulam,
1438 2047 1504 2085 ne
1534 2040 1691 2085 noctu
1721 2030 1823 2084 hoc

226 2119 430 2174 faciant
455 2138 468 2186 ;
503 2121 594 2176 sed
622 2121 944 2177 adveniente
976 2132 1132 2176 nocte
1161 2123 1338 2191 ignem
1368 2123 1638 2192 sepimus,
1669 2123 1822 2176 veriti

223 2227 292 2265 ne
336 2212 472 2267 forte
506 2213 896 2270 dormientibus
936 2216 1091 2269 nobis
1129 2225 1185 2269 et
1223 2219 1436 2270 ncm’ne
1465 2228 1686 2271 curante
1730 2231 1822 2270 ac-

219 2305 522 2372 cendatur,
556 2317 611 2361 et
646 2323 837 2363 omnes
867 2309 1099 2363 exurat?
1132 2307 1242 2363 lloc
1271 2309 1323 2362 in
1353 2308 1428 2361 ira
1456 2324 1666 2378 quoque
1695 2310 1781 2361 tiat
1807 2329 1818 2360 :

224 2415 294 2451 ne
322 2399 543 2452 omnino
572 2398 622 2452 in
651 2398 1066 2467 cegitationibus
1093 2401 1294 2455 nostris
1322 2401 1663 2470 dlspergatur
1683 2441 1696 2462 ,
1727 2399 1822 2455 sed

224 2491 277 2543 in
310 2490 541 2558 quodam
569 2491 764 2544 mentis
797 2491 1062 2560 profundo
1094 2501 1321 2560 ponatur
1341 2534 1355 2557 ,
1385 2501 1442 2546 ut
1472 2508 1539 2546 ne
1564 2500 1755 2546 ventus
1795 2507 1823 2546 a

224 2581 406 2635 verbis
435 2581 729 2637 adversarii
773 2583 926 2637 facile
958 2583 1245 2645 adveniat.
1279 2583 1373 2638 sed
1404 2599 1432 2638 a
1467 2584 1622 2638 nobis
1652 2584 1824 2638 susci-

223 2673 404 2743 piatur
431 2685 640 2737 ventus,
674 2676 968 2730 scientibus
997 2676 1144 2729 illum
1176 2685 1472 2746 temperante
1498 2687 1552 2731 et
1580 2685 1692 2731 tuto
1714 2692 1830 2731 mo-

225 2781 372 2820 vere.
413 2766 469 2821 Si
499 2767 700 2821 deforis
733 2777 947 2822 ventum
979 2769 1228 2837 accipiat,
1263 2769 1432 2823 nescit
1461 2768 1700 2832 modum,
1733 2769 1827 2823 sed

221 2858 407 2910 mnnia
436 2859 728 2912 accendet:
759 2874 903 2927 sarpe
933 2859 1088 2913 nobis
1115 2859 1503 2915 dormientibus
1531 2871 1716 2914 ventus
1740 2859 1829 2914 ille

225 2948 434 3003 incidet
475 2959 528 3002 et
559 2950 739 3004 Omnia
765 2951 1066 3006 comburet.
1115 2951 1196 3006 Sit
1225 2967 1355 3022 ergo
1387 2952 1541 3006 nobis
1583 2962 1784 3006 tantum
1810 2994 1826 3018 ,

224 3051 284 3094 ut
312 3041 482 3095 lucem
506 3043 805 3096 accendat:
839 3043 1012 3098 lucem
1042 3043 1185 3098 enim
1215 3043 1460 3098 accendit
1487 3045 1583 3107 ira,
1614 3045 1831 3113 quando

221 3135 485 3188 decenter
508 3145 753 3190 movetur
779 3153 791 3189 :
814 3147 865 3191 et
893 3135 1037 3190 faces
1064 3136 1358 3191 habeamus
1378 3145 1564 3190 contra
1594 3151 1710 3200 eos,
1739 3137 1828 3206 qui

223 3228 364 3281 alios
393 3228 592 3281 lasdunt
612 3270 626 3291 ,
651 3236 836 3281 contra
867 3227 1159 3282 diabolum.
1188 3227 1265 3282 Ne
1290 3229 1484 3298 ubique
1505 3231 1704 3298 jaceat,
1735 3243 1833 3284 nec

228 3318 550 3388 projiciatur
581 3319 836 3384 scintilla,
865 3317 959 3373 sed
1002 3318 1052 3372 in
1094 3319 1276 3374 cinere
1307 3334 1584 3376 servennts
1611 3340 1624 3374 :
1655 3322 1705 3373 in
1737 3322 1832 3374 bu-

228 3409 446 3463 milibus
485 3410 896 3479 Cogitationihus
940 3410 1215 3480 sopiamus
1263 3410 1573 3479 illam..Non
1619 3425 1836 3481 semper

227 3502 315 3555 illa
343 3516 476 3571 opus
503 3502 781 3567 habemus,
809 3502 902 3556 sed
932 3501 1148 3570 quando
1171 3503 1379 3570 operari
1401 3503 1526 3572 quid
1547 3513 1756 3572 oporzet
1781 3514 1835 3556 et

226 3593 476 3647 emollire
498 3635 512 3657 ,
541 3593 756 3663 quando
787 3595 1133 3663 pertinaciam
1163 3608 1444 3662 superare,
1475 3595 1689 3663 quando
1720 3597 1835 3648 ani-

229 3700 373 3739 mam
405 3685 746 3753 redarguere.

303 3777 357 3831 4.
397 3776 758 3830 Reconciliatio
783 3778 1036 3848 quomodo
1060 3780 1639 3849 quwrenda.—Quanta
1663 3781 1736 3833 ira
1758 3780 1835 3831 fu—

231 3886 431 3938 rorque
456 3870 588 3923 maia
612 3882 931 3939 pepererunt
959 3872 971 3926 !
994 3871 1253 3941 Quodque
1270 3874 1483 3941 gravius
1500 3889 1551 3927 c.-
1565 3883 1600 3931 t.
1622 3873 1835 3943 qnamlo

236 3964 531 4029 surgimus,
568 3978 673 4016 non
703 3963 838 4017 ultra
869 3964 1029 4017 simul
1058 3965 1347 4018 convenire
1375 3964 1668 4032 poterimus
1689 4007 1702 4027 ,
1741 3966 1834 4019 sed

231 4055 372 4106 alios
401 4064 776 4124 esspectatnus
807 4071 820 4106 :
851 4055 1216 4124 unusquisque
1247 4054 1594 4109 confunditur
1623 4073 1678 4109 et
1708 4073 1835 4108 eru-

234 4144 408 4198 lit-scit
435 4143 646 4198 rediens
675 4145 738 4198 ad
768 4145 1230 4200 reconciliandum
1261 4146 1447 4200 alium.
1480 4147 1638 4211 Vide,
1672 4148 1834 4204 dividi

233 4248 284 4293 et
316 4236 542 4290 discindi
574 4252 680 4290 non
710 4238 999 4304 erubescit,
1033 4239 1125 4292 sed
1159 4239 1216 4292 fit
1246 4240 1367 4293 mali
1399 4240 1505 4294 dux
1534 4257 1547 4305 ;
1578 4240 1838 4295 accedere

232 4340 416 4383 alitem
447 4338 498 4383 et
529 4330 758 4383 scissum
789 4346 1053 4385 censuere
1080 4332 1369 4385 erubescit.
1403 4333 1578 4401 Atque
1607 4333 1836 4401 idipsnm

235 4421 483 4489 Contigit,
508 4435 570 4475 ac
599 4422 641 4474 si
671 4422 789 4491 quis
818 4421 1117 4475 tnemhrum
1145 4422 1359 4491 quidem
1386 4423 1703 4478 abscindere
1731 4439 1837 4478 nou

234 4522 492 4582 gravetur
515 4554 530 4575 ,
573 4513 903 4583 conjungere
942 4525 1118 4568 autem
1164 4516 1464 4568 Cl'llht‘SCill.
1495 4515 1630 4582 Quid
1663 4516 1798 4570 diris
1822 4556 1836 4580 ,

241 4606 450 4660 lmno?
481 4606 704 4658 multum
736 4605 916 4659 la'sisti
939 4648 951 4669 ,
983 4615 1037 4658 ct
1069 4608 1179 4674 ip~c
1208 4617 1393 4659 anctOr
1422 4606 1565 4659 fuisti
1610 4607 1840 4676 pugna)?

240 4701 424 4766 Itaque
466 4699 586 4764 jure
619 4698 762 4766 prior
789 4713 886 4752 eas
922 4710 974 4752 ct
1005 4700 1367 4752 reconcilieris
1391 4742 1404 4763 ,
1436 4708 1619 4767 utpote
1649 4700 1738 4768 qtti
1786 4701 1838 4753 in

237 4805 402 4843 causa
435 4790 617 4843 fueris.
650 4792 716 4844 At
760 4790 919 4845 lu'sus
961 4807 1018 4844 es
1043 4832 1058 4856 ,
1092 4800 1148 4844 et
1196 4792 1282 4845 ille.
1326 4794 1375 4844 in
1419 4809 1576 4845 causa
1610 4795 1734 4846 est?
1774 4793 1839 4847 Et

239 4883 364 4936 ideo
393 4883 551 4952 igitur
573 4924 588 4946 ,
626 4892 682 4936 ut
724 4883 890 4951 magis
920 4882 1261 4935 admirationi
1295 4885 1539 4936 habearis
1560 4926 1573 4946 ,
1608 4893 1663 4937 ut
1694 4894 1747 4938 et
1789 4887 1838 4937 in

241 4975 418 5042 primo
449 4983 498 5027 ct
531 4975 581 5025 in
610 4974 848 5027 secundo
878 4976 1073 5043 printas
1108 4975 1323 5035 habeas,
1355 4963 1466 5028 Non
1499 4976 1639 5029 fuisti
1669 4977 1842 5029 inimi-

237 5068 384 5118 citizc
418 5080 579 5119 causa
605 5107 618 5128 ,
665 5066 736 5118 ita
784 5083 882 5120 nec
910 5082 1069 5119 causa
1100 5079 1215 5119 esto
1244 5069 1384 5134 quod
1411 5083 1470 5120 ca
1502 5069 1721 5122 ulterius
1748 5086 1842 5122 ex-

241 5158 530 5211 tendatur:
580 5159 818 5212 fortassis
864 5169 918 5210 et
968 5159 1056 5210 ille
1108 5161 1394 5212 multorum
1444 5161 1544 5212 sibi
1593 5163 1842 5215 Conscius

237 5249 533 5304 erubescit.
568 5249 670 5302 Sed
704 5264 960 5317 arrogans
991 5262 1065 5302 (γει
1092 5251 1115 5302 2
1156 5251 1278 5303 1ι1ιὈ
1311 5252 1540 5304 maxime
1571 5270 1634 5306 ne
1664 5255 1842 5322 segnis

240 5345 319 5395 sis
353 5341 419 5394 ad
449 5341 812 5395 accedendum
841 5359 852 5392 :
885 5359 1004 5394 nam
1034 5342 1226 5410 duplex
1260 5353 1343 5398 est
1371 5346 1508 5412 apud
1542 5347 1685 5398 illum
1721 5364 1839 5415 pas-

241 5433 364 5496 sio,
416 5432 719 5502 arrogantia
768 5443 821 5486 et
872 5433 967 5486 ira.
1017 5434 1095 5487 Tu
1129 5436 1341 5502 quidem
1373 5452 1589 5491 can3am
1619 5438 1840 5503 dixisti,

246 5534 470 5593 propter
498 5539 658 5590 quam
693 5525 836 5592 prior
865 5524 1123 5579 accedere
1163 5525 1329 5580 debes
1353 5569 1366 5591 ,
1398 5529 1515 5597 quia
1551 5543 1712 5582 sanus
1743 5545 1800 5583 es
1829 5574 1842 5596 ,

245 5617 370 5683 quia
403 5614 586 5669 videre
621 5624 770 5683 prius
799 5633 811 5668 :
847 5615 936 5670 ille
968 5632 1197 5686 namque
1229 5618 1280 5670 in
1311 5619 1547 5673 tenebris
1580 5629 1694 5684 est;
1727 5621 1845 5675 talis

245 5707 448 5778 quippe
479 5714 560 5759 est
593 5707 665 5758 ira
698 5715 751 5760 ct
778 5707 1102 5776 arrogantia.
1139 5707 1218 5762 Tu
1248 5725 1374 5763 vero
1406 5709 1473 5763 ab
1503 5709 1605 5764 illis
1639 5711 1773 5766 liber
1795 5723 1846 5765 et

324 5847 356 5909 ι-
375 5842 574 5901 quidam
592 5844 785 5909 legunt.
811 5856 1036 5909 umquam
1055 5843 1284 5906 accepisti
1308 5858 1534 5894 coronam
1551 5880 1563 5902 ,
1591 5844 1684 5895 illis
1711 5845 1848 5907 finge

254 5904 515 5972 maiorm»,
529 5921 559 5954 o
582 5904 728 5955 nissis
747 5906 1059 5967 interpositis.

1242 437 1308 494 ΙΝ
1349 438 1525 495 ACTA
1567 433 2092 492 APOSTULORUM.
2137 431 2365 489 llUilll..
2410 431 2471 488 L.

3414 434 3520 486 ἐἕιέὶ

1917 574 2079 611 sanus
2119 560 2313 611 accede
2344 557 2408 610 ad
2454 569 2654 623 a-grum
2701 551 2958 605 metuens.
3009 549 3142 605 Num
3185 551 3304 620 quis
3347 552 3523 604 medi.

1916 665 2099 704 eorum
2134 650 2349 711 dixerit,
2398 647 2531 715 Quia
2581 646 2825 698 infirmus
2871 656 2990 709 est,
3028 660 3132 697 non
3181 642 3359 698 vado?
3407 639 3521 696 [tuo

1919 741 2041 796 ideo
2070 743 2303 797 maxime
2333 739 2533 794 vadunt
2560 781 2574 802 ,
2609 754 2728 793 cum
2771 737 2985 790 videant
3031 736 3177 790 illiilli
3225 752 3329 789 non
3363 749 3522 804 posse

1917 835 2120 888 venire.
2162 833 2293 888 Nam
2324 848 2438 895 eos.
2461 833 2549 900 qui
2584 831 2834 885 incedere
2859 830 3070 892 valent,
3098 829 3276 881 minus
3303 836 3517 885 curant.

1916 925 2056 993 quod
2087 939 2191 979 non
2224 924 2446 978 nimium
2490 931 2789 991 mgrtitertt;
2835 920 3221 974 dicumbettles
3248 934 3375 973 vero
3413 934 3518 996 non

1919 1017 2066 1069 item.
2103 1018 2293 1068 Annon
2326 1014 2537 1070 videtur
2582 1013 2673 1070 tibi
2721 1012 3030 1065 infirmitate
3064 1011 3367 1080 graviorem
3399 1023 3521 1063 esse

1917 1110 2278 1180 arrogantiam
2309 1117 2365 1162 et
2404 1108 2582 1162 iram?
2624 1120 2803 1160 annon
2857 1103 2946 1159 illa
2997 1104 3302 1158 vehementi
3342 1102 3517 1169 febri,

1920 1202 2037 1256 haec
2060 1215 2190 1256 vero
2227 1200 2452 1254 tmuenti
2485 1208 2537 1252 et
2568 1198 2754 1252 inﬂato
2785 1196 2998 1265 corpori
3036 1194 3229 1249 similis
3255 1197 3375 1249 est?
3411 1194 3516 1249 Cu-

1920 1295 2026 1362 gita
2053 1305 2313 1362 quantum
2365 1294 2433 1347 sit
2480 1292 2671 1347 febrim
2722 1298 2779 1345 et
2827 1289 3108 1344 lmmorem
3143 1288 3380 1343 habere:
3427 1304 3519 1340 Va:

1919 1386 2007 1450 de,
2040 1385 2320 1454 exstingui:
2352 1386 2528 1454 ignem
2560 1400 2572 1435 :
2607 1391 2761 1452 potes
2801 1382 2945 1436 enim
2991 1396 3087 1449 per
3129 1380 3355 1450 gratiam
3391 1379 3477 1434 Dei
3508 1395 3520 1428 :

1920 1481 2072 1547 quasi
2100 1493 2238 1547 aqua
2281 1492 2564 1547 compesce
2593 1476 2863 1529 ardorem.
2910 1473 3048 1542 Quid
3079 1490 3238 1544 ergo,
3272 1471 3480 1543 inquies
3505 1513 3522 1537 ,

1921 1570 1964 1623 si
1996 1569 2098 1623 hoc
2141 1570 2255 1637 ipso
2298 1574 2469 1638 magis
2506 1566 2836 1622 extollatur?
2868 1566 3010 1621 Nihil
3055 1565 3123 1619 ad
3172 1575 3261 1619 te:
3296 1573 3351 1618 tu
3381 1565 3524 1618 enim

1923 1663 2063 1731 quod
2107 1663 2158 1716 in
2205 1672 2254 1715 te
2297 1671 2412 1716 erat
2443 1660 2611 1716 fecisti
2640 1702 2653 1727 ,
2687 1660 2776 1715 ille
2803 1659 2904 1713 sibi
2933 1658 3031 1728 ipsi
3066 1659 3330 1727 imputet:
3366 1657 3526 1710 modo

1927 1769 1992 1807 ne
2021 1753 2350 1808 condemnet
2380 1769 2479 1806 nos
2503 1752 2834 1807 conscientia
2865 1760 3068 1814 nostra,
3103 1751 3242 1819 quod
3277 1748 3403 1804 illud
3435 1747 3530 1802 fiat

1927 1844 2080 1900 nobis
2120 1861 2240 1914 qua:
2283 1845 2700 1914 requirebantur
2729 1843 3116 1896 omittentibus.
3156 1840 3321 1896 Pasce
3359 1841 3532 1894 inimi-

1925 1955 2040 1991 cum
2088 1947 2230 1990 tuum
2261 1977 2276 2002 ,
2325 1937 2536 2008 inquit,
2588 1938 2685 1990 hoc
2725 1935 2860 1989 enim
2893 1935 3085 2006 faciens
3115 1935 3358 1986 carbones
3396 1934 3530 2006 ignis

1926 2028 2218 2083 accumula:
2243 2045 2396 2099 super
2425 2038 2577 2096 caput
2612 2028 2724 2094 eius
2749 2026 2767 2098 (
2795 2025 2945 2079 Rom.
2981 2023 3066 2080 12.
3095 2025 3167 2079 20
3188 2024 3230 2094 ).
3263 2025 3326 2078 Et
3353 2035 3529 2079 tamen

1927 2136 2048 2176 cum
2090 2137 2179 2176 res
2210 2121 2280 2175 ita
2312 2121 2526 2186 habeat,
2553 2120 2705 2191 jubet
2731 2121 2879 2174 abire
2903 2160 2916 2184 ,
2951 2119 3294 2174 reconciliari
3341 2128 3396 2175 et
3439 2120 3533 2182 bc-

1929 2211 2179 2267 nefacere
2201 2254 2216 2278 ,
2249 2227 2356 2266 non
2391 2222 2448 2266 ut
2487 2212 2752 2268 carbones
2781 2212 2917 2283 ignis
2947 2213 3392 2277 accumulcmus;
3439 2217 3532 2268 sed

1931 2319 1988 2363 ut
2018 2310 2109 2365 ille
2139 2309 2240 2364 hoc
2270 2310 2449 2363 sciens
2479 2319 2890 2378 compcsCatur,
2926 2318 2984 2362 ut
3016 2319 3211 2364 tremat
3253 2307 3536 2363 formidet-

1930 2417 2034 2471 que
2082 2402 2252 2471 magis
2301 2400 2562 2456 beneficia
2604 2415 2764 2470 quam
2798 2399 3140 2464 inimicitias,
3173 2409 3227 2455 et
3273 2400 3539 2454 amicitias

1933 2494 2103 2564 magis
2144 2508 2305 2564 quam
2354 2493 2598 2548 insidias.
2650 2491 2766 2547 Non
2808 2494 2950 2546 enim
2985 2493 3235 2548 inimicus
3279 2493 3538 2546 ultionem

1933 2586 2202 2640 meditans
2232 2587 2301 2640 ita
2331 2586 2477 2640 la'dit
2505 2601 2565 2640 se
2591 2585 2887 2644 odientcm.
2926 2595 2985 2640 ut
3014 2586 3102 2654 qui
3126 2585 3340 2654 adjuvat
3372 2596 3423 2639 et
3449 2586 3541 2639 be.-

1935 2677 2151 2731 nefacit.
2184 2676 2397 2731 Etenim
2430 2678 2521 2746 qui
2555 2677 2814 2731 ultionem
2845 2671 3138 2729 raeditatur
3162 2716 3178 2741 ,
3208 2686 3262 2728 ct
3292 2690 3351 2729 se
3394 2677 3539 2728 Izcdit

1933 2778 1987 2822 et
2015 2769 2160 2822 illum
2197 2767 2336 2822 forte
2368 2784 2590 2838 parum;
2624 2769 2714 2838 qui
2745 2779 2928 2823 autem
2958 2766 3248 2832 benefacit,
3279 2769 3544 2822 carbones

1937 2860 2073 2930 ignis
2099 2861 2405 2915 accunmlat
2431 2876 2595 2929 super
2621 2869 2780 2929 caput
2809 2859 2948 2929 ejus.
2979 2859 3119 2929 Ergo
3152 2860 3201 2913 id
3231 2858 3407 2912 facere
3436 2876 3543 2912 non

1935 2952 2237 3017 debemus,
2292 2967 2360 3005 ne
2409 2953 2812 3006 accumnlemus
2859 2952 3166 3006 carbones?
3215 2951 3319 3006 Sed
3367 2952 3548 3007 alioue

1937 3043 2099 3097 modo
2146 3043 2227 3097 vis
2276 3043 2539 3098 carbones
2584 3058 2880 3114 congerere
2937 3057 3102 3113 super
3140 3053 3304 3112 caput
3349 3045 3549 3098 tuum?

1936 3136 2137 3189 etenim
2187 3135 2293 3188 hoc
2345 3134 2473 3189 facit
2517 3135 2738 3191 ultionis
2777 3136 3063 3204 cupiditas.
3098 3135 3209 3190 Sed
3253 3137 3421 3206 magis
3467 3137 3548 3190 vis

1938 3227 2230 3281 extendam
2255 3229 2278 3281 ?
2300 3227 2519 3282 Minime
2546 3246 2558 3281 :
2587 3242 2694 3282 non
2719 3229 2863 3282 enim
2894 3237 2950 3282 tu
2978 3227 3080 3282 hoc
3101 3227 3252 3293 facis,
3283 3229 3377 3283 sed
3405 3228 3548 3284 illius

1942 3319 2146 3375 feritas.
2175 3319 2230 3374 Si
2264 3321 2409 3373 enim
2445 3329 2495 3374 te
2525 3319 2895 3375 benefaciente
2918 3329 2972 3374 et
3004 3319 3309 3374 honoraote
3340 3329 3393 3374 el
3419 3335 3550 3375 con-

1940 3411 2125 3465 ciliare
2154 3412 2426 3477 studente,
2459 3411 2551 3464 ille
2588 3421 2803 3465 maneat
2834 3426 3062 3465 servans
3090 3412 3418 3476 inimicitias.
3442 3414 3547 3468 sibi

1943 3504 2040 3571 ipsi
2086 3503 2263 3573 ignem
2306 3503 2593 3566 accendit;
2642 3504 2756 3571 ipse
2799 3518 2955 3556 suum
2989 3504 3196 3558 exussit
3238 3515 3437 3575 caput:
3493 3516 3550 3560 tu

1942 3610 2070 3648 vero
2103 3595 2406 3663 inculpatus
2447 3610 2526 3648 es.
2582 3593 2658 3649 Ne
2707 3594 2783 3648 sis
2824 3597 2995 3665 magis
3036 3597 3344 3651 misericors
3389 3613 3549 3668 quam

1946 3689 2105 3754 Deus,
2135 3689 2257 3758 quia
2290 3689 2575 3742 innumera
2608 3688 2828 3757 patieris
2857 3689 3012 3743 malis
3039 3690 3174 3742 mala
3202 3705 3216 3754 ;
3253 3690 3361 3743 imo
3387 3691 3429 3744 si
3460 3706 3554 3744 vo-

1945 3780 2137 3842 lui-ris,
2169 3793 2274 3832 non
2308 3780 2509 3848 poteris
2530 3820 2545 3845 ,
2575 3794 2641 3832 ne
2669 3779 2948 3832 minimum
2976 3779 3213 3849 quidem.
3262 3780 3551 3848 Quomodo

1943 3874 2084 3926 enim
2109 3875 2132 3926 ’ί
2161 3873 2423 3936 Quantum
2454 3872 2609 3924 distat
2640 3872 2821 3926 cwlum
2850 3890 2881 3925 ιι
2911 3884 3044 3926 terra
3069 3913 3083 3937 ,
3115 3873 3319 3943 inquit,
3349 3883 3546 3927 (minim

1944 3968 2133 4018 distant
2164 3965 2378 4018 consilio
2405 3980 2514 4016 mea
2553 3981 2583 4016 α
2625 3964 2853 4017 consiliis
2897 3967 3073 4018 vestris
3120 3963 3288 4036 (lsai.
3445 3966 3502 4032 9)
3535 3984 3548 4025 ;

1945 4067 1994 4110 et
2025 4072 2234 4110 rursum
2266 4074 2278 4107 :
2327 4055 2387 4109 Si
2418 4071 2524 4118 vos,
2551 4053 2744 4122 inquit,
2773 4071 2885 4105 cum
2909 4055 3020 4106 sitis
3046 4055 3190 4117 mali,
3225 4057 3382 4107 nostis
3415 4056 3548 4108 bona

1943 4147 2069 4199 dare
2105 4146 2226 4213 ﬁliis
2265 4146 2487 4207 vestris;
2538 4154 2730 4215 quanto
2775 4146 2939 4214 magis
2969 4143 3122 4196 Pater
3147 4155 3308 4198 vester
3337 4147 3551 4200 cwlestis

1945 4241 2083 4294 dabit
2115 4239 2253 4293 vobis
2304 4237 2523 4306 (Matth.
2572 4238 2625 4289 7.
2662 4235 2795 4306 H)?
2838 4236 2943 4291 Sed
2978 4238 3091 4290 ha'c
3122 4236 3373 4291 obtentus
3404 4247 3549 4292 sunt.

1945 4334 2022 4388 Nc
2067 4333 2228 4403 igitur
2271 4329 2567 4398 sophistice
2597 4329 3016 4398 interpretemur
3043 4329 3294 4382 mandata
3327 4329 3438 4383 Dei.
3489 4330 3554 4384 Et

1946 4423 2218 4495 quomodo
2259 4422 2556 4491 sophistice
2588 4421 3053 4490 interpretamur?
3089 4421 3269 4488 Dixit,
3317 4420 3432 4475 Hoc
3473 4422 3554 4490 {u-

1946 4521 2102 4584 ciens,
2132 4521 2374 4571 carbones
2402 4516 2533 4586 ignis
2556 4517 2786 4586 congeris
2817 4531 2968 4584 super
2992 4523 3145 4579 caput
3167 4516 3276 4582 ejus
3302 4531 3318 4576 ;
3348 4525 3400 4569 Ill
3427 4532 3557 4569 vero

1946 4613 2083 4666 dicis
2104 4653 2117 4677 ,
2149 4612 2339 4664 Timeo
2368 4610 2644 4663 inimicum
2667 4650 2682 4673 ,
2714 4608 2835 4678 quia
2867 4624 2951 4662 me
2983 4607 3138 4662 valde
3171 4609 3323 4663 ἰςιιεὶι.
3359 4611 3551 4663 Annon

1949 4704 2051 4757 hoc
2081 4703 2255 4756 dicis?
2293 4699 2577 4769 Quomodo
2627 4700 2905 4753 inimicum
2952 4699 3155 4752 habes?
3206 4700 3382 4753 Times
3431 4716 3555 4759 cum

1949 4798 2034 4861 qni
2083 4806 2134 4848 te
2178 4793 2311 4847 la-sit
2340 4834 2352 4855 ,
2402 4792 2634 4855 tcipsum
2676 4804 2805 4843 vero
2839 4806 2943 4842 non
2980 4789 3178 4842 times?
3218 4789 3431 4845 Utinam
3477 4796 3550 4845 tui
3617 4827 3626 4839 .

1949 4902 2132 4939 curam
2167 4883 2422 4937 haberes!
2448 4883 2524 4936 Ne
2554 4881 2686 4935 illud
2719 4883 2820 4935 hoc
2862 4897 3027 4950 scepo
3060 4881 3262 4946 facias,
3311 4884 3418 4936 itno
3448 4886 3554 4939 sal-

1953 4991 2058 5031 tem
2105 4978 2203 5030 hoc
2234 4990 2400 5043 scepo
2440 4973 2622 5027 facias.
2670 4973 2776 5028 Sed
2811 4988 2914 5026 non
2946 4972 3097 5026 facis.
3150 4973 3263 5027 Non
3309 4975 3428 5028 dico
3462 4977 3554 5029 tibi

1951 5071 2092 5138 quod
2126 5070 2390 5122 carbones
2418 5067 2554 5137 ignis
2581 5081 2863 5134 congercs.
2894 5065 2990 5120 sed
3020 5065 3179 5118 etiam
3213 5067 3354 5121 aliud
3387 5069 3557 5134 majus

1961 5164 2116 5216 lico:
2165 5172 2369 5214 tantum
2414 5159 2515 5214 fac.
2559 5159 2685 5213 llrcc
2717 5163 2859 5212 enim
2898 5160 3076 5213 omnia
3112 5171 3166 5212 ut
3211 5171 3260 5214 te
3303 5173 3558 5230 prmocel.

1955 5253 2149 5310 Paulus
2192 5255 2318 5307 dicit
2347 5295 2360 5314 ,
2411 5257 2819 5321 “spectatione
2867 5268 3040 5322 pmnm
3072 5254 3284 5308 solvere
3325 5256 3556 5309 inimici-

1955 5351 2104 5402 tiam.
2149 5346 2413 5416 Quoniam
2448 5345 2599 5399 fcrini
2634 5360 2839 5404 sumus.
2873 5359 3047 5413 neque
3077 5345 3235 5398 aliter
3259 5345 3557 5401 adducere.

1957 5456 2075 5491 mnr
2123 5438 2185 5490 ad
2238 5437 2514 5489 inimicum
2549 5434 2915 5504 diligendum,
2965 5436 3063 5488 nisi
3097 5437 3415 5504 supplicium
3463 5458 3562 5494 cv-

1956 5541 2346 5598 Spcctarcmus,
2372 5527 2521 5595 quasi
2553 5526 2762 5580 cuidam
2795 5527 2920 5578 ferae
2951 5526 3088 5580 hanc
3119 5543 3349 5580 massam
3377 5532 3555 5582 tradit.

1958 5622 2086 5676 Nam
2119 5619 2383 5690 apostolis
2418 5633 2522 5672 non
2554 5617 2658 5672 hoc
2684 5617 2930 5671 Christus
2956 5618 3083 5671 dicit
3105 5659 3116 5676 .
3153 5620 3245 5671 sed
3285 5621 3450 5687 quid?
3491 5618 3560 5676 Ut

1957 5716 2062 5766 sitis
2091 5711 2278 5765 similes
2313 5709 2458 5761 Patri
2479 5721 2662 5772 vestro,
2685 5709 2770 5776 qui
2793 5720 2862 5762 est
2895 5709 2943 5761 in
2964 5711 3100 5762 cru/is
3131 5711 3341 5780 (Matth.
3367 5712 3422 5767 5.
3441 5714 3557 5778 45).

1959 5804 2206 5874 Alioquin
2234 5816 2359 5854 vero
2384 5800 2497 5854 fieri
2525 5817 2628 5855 non
2655 5811 2851 5870 potest,
2878 5810 2931 5852 nt
2959 5803 3045 5870 qui
3073 5802 3329 5856 beneficia
3356 5807 3490 5858 conti
3517 5819 3563 5863 rt

1960 5910 2011 5950 et
2042 5912 2129 5966 qm
2163 5895 2391 5964 accipit,
2425 5905 2675 5948 maneant
2723 5896 2943 5946 inimici.
2980 5895 3180 5947 Idcirco
3213 5896 3326 5950 lia-c
3363 5899 3556 5966 result.
