4076 6514
620 415 716 470 5ΰὶ

622 527 730 583 Cur
787 528 912 580 dum
970 524 1146 580 verbis
1199 519 1625 593 philosopharis,
1689 519 1739 570 in
1782 530 1946 585 opere
1989 515 2202 566 modunn

626 633 730 671 non
760 618 980 670 servas?
1022 616 1199 677 Bene,
1241 629 1346 667 non
1391 611 1560 680 pascis
1601 609 1745 662 ἰΙΙιιιιι
1771 647 1786 668 ,
1833 621 1899 661 ne
1942 607 2202 658 carbones

625 709 759 777 ignis
788 720 1047 774 congeras
1078 723 1090 756 :
1126 719 1254 774 ergo
1285 702 1494 772 parcis?
1523 714 1653 767 ergo
1679 698 1888 766 diligis,
1921 705 1974 749 ct
2015 711 2079 747 ex
2110 693 2200 748 tali

619 815 780 869 scopo
824 798 926 851 hoc
965 796 1140 851 facis?
1182 795 1293 850 Scit
1332 795 1508 857 Deus,
1555 799 1730 844 utrum
1779 789 1864 842 tali
1911 801 2073 854 scopo
2121 786 2201 839 di-

622 905 746 943 ras:
787 899 933 943 certe
977 887 1115 956 apud
1163 901 1261 940 nos
1301 883 1594 953 sophistam
1643 879 1776 948 agis.
1823 878 2014 931 Curam
2057 877 2200 944 geris

617 982 840 1042 inimici,
865 990 918 1034 ct
947 982 1099 1033 times
1129 993 1194 1032 ne
1222 975 1508 1046 puniatur?
1533 975 1671 1042 lirgo
1700 972 1829 1024 iram
1853 967 2152 1024 exstinxisti
2181 985 2194 1020 :

615 1073 703 1138 qui
738 1073 880 1124 enim
911 1072 987 1123 sic
1014 1069 1200 1138 diligit.
1235 1076 1289 1122 ut
1319 1067 1436 1136 ejus
1467 1065 1746 1118 utilitatem
1773 1077 1882 1116 sum
1911 1057 2161 1127 praeferat

617 1179 722 1215 non
753 1163 910 1216 habet
948 1161 1238 1214 inimicum.
1276 1159 1386 1212 Iloc
1430 1157 1610 1211 dicere
1652 1153 1861 1222 possis:
1912 1149 2197 1216 Usquequo

616 1253 858 1306 ludemus
884 1254 932 1304 in
963 1251 1122 1306 rebus
1155 1267 1262 1304 non
1295 1249 1514 1304 ludicris
1539 1256 1594 1302 et
1622 1246 1828 1299 veniam
1859 1257 1961 1294 non
1995 1237 2195 1291 haben-

616 1343 790 1395 tibus?
830 1343 1166 1411 Quapropter
1212 1356 1341 1410 rogo
1371 1339 1390 1412 [
1415 1339 1799 1393 fraternitatem
1833 1340 2065 1386 nostram
2114 1327 2192 1378 di—

1392 407 1448 462 S.
1490 403 1764 461 JOANNIS
1788 397 2256 456 CllllYSUSTOMl
2299 395 2616 452 AliClllEP.
2653 395 3181 453 CONSTANTINOP.

3793 404 3896 458 ΞΒ

2313 519 2497 566 lectam
2529 528 2558 566 ει
2590 514 2813 568 Domino
2831 516 2940 569 Deo
2956 524 3008 570 et
3024 516 3292 571 Salvatore
3309 527 3495 572 nostro
3509 516 3638 572 Jcsu
3654 517 3895 586 Christo,

2309 618 2404 659 oro
2431 617 2483 657 et
2508 604 2731 658 obsecro
2760 620 2853 660 vos
2897 647 2911 669 .
2954 609 3202 661 ohtcntus
3232 607 3534 676 hujusmodi
3578 611 3893 665 rescinden-

2310 704 2409 754 tes.
2436 711 2500 749 ne
2526 704 2934 751 contemnamus
2961 698 3106 768 leges
3135 699 3224 752 Dei
3252 697 3459 770 [neque
3484 712 3756 772 pra-cepta
3779 703 3892 772 ejus

2305 786 2681 860 spernamus],
2718 799 2772 842 ut
2806 791 3074 858 possimus
3105 790 3329 845 Domino
3356 793 3628 862 placentes
3657 811 3893 864 praesen-

2307 885 2410 930 tem
2443 878 2600 931 vitam
2633 880 2967 948 transigere,
3013 892 3066 935 et
3109 884 3370 950 promissa
3410 887 3666 956 consequi
3715 887 3888 950 bona,

2303 967 2470 1035 gratia
2497 977 2553 1022 et
2578 968 2906 1038 benignitate
2941 971 3148 1026 Domini
3174 974 3340 1027 nostri
3366 974 3490 1029 Jesu
3521 976 3744 1044 Christi,
3774 980 3891 1048 qui-

2301 1075 2420 1110 cum
2451 1059 2588 1112 Patri
2619 1060 2809 1130 gloria,
2835 1062 3137 1130 imperium,
3157 1064 3350 1129 honor,
3377 1081 3495 1120 cum
3521 1070 3885 1135 sanctissimo,

2301 1148 2442 1202 bono
2469 1159 2521 1203 et
2550 1151 2757 1204 viviﬁco
2783 1151 3004 1221 Spiritu,
3037 1168 3179 1208 nunc
3205 1165 3259 1209 et
3289 1170 3504 1227 semper
3529 1200 3544 1225 ,
3585 1169 3642 1214 et
3687 1161 3740 1214 in
3785 1176 3884 1215 ςτ-

2299 1240 2416 1292 cula
2464 1241 2803 1295 surculorum.
2854 1243 3042 1298 Amen.

619 1467 671 1475 η
687 1449 2169 1474 *m_________________________

2279 1447 3885 1470 *Ἤρ-*-

1989 1549 1994 1554 -
2027 1504 2356 1570 HOMILIA
2405 1506 2502 1566 LI.

607 1666 734 1722 Car.
791 1669 879 1722 ‘25.
931 1687 982 1724 v.
1028 1670 1114 1724 22.
1151 1669 1359 1722 Distulit
1413 1677 1578 1719 autem
1625 1665 1740 1718 illos
1783 1659 1972 1719 Felix,
2019 1655 2189 1709 certis-

675 1763 800 1814 sime
827 1763 984 1814 Sciens
1010 1764 1072 1814 de
1096 1762 1174 1814 via
1195 1762 1289 1813 Imc
1315 1803 1328 1824 ,
1358 1760 1525 1812 dicens
1548 1774 1566 1810 :
1594 1756 1720 1810 Cum
1749 1754 1927 1823 Lysias
1961 1751 2187 1802 tribunus

675 1851 1022 1917 descenderit,
1075 1853 1368 1922 diguoscam
1414 1867 1493 1902 res
1541 1858 1748 1901 vestras.
1795 1844 1885 1899 23.
1933 1842 2189 1908 eritquc

675 1942 1019 1995 centurionem
1064 1942 1313 1995 custodire
1361 1939 1622 2002 Paulum,
1669 1938 1928 2006 ipsumque
1973 1931 2186 1998 requiem

676 2036 854 2088 habere
881 2076 892 2094 ,
936 2036 1277 2101 neminemque
1307 2032 1635 2100 familiarium
1664 2026 1914 2097 ριόΙιὶὺιϊὶ
1940 2066 1955 2087 ,
1994 2023 2180 2089 quomi-

677 2141 773 2176 nus
799 2125 1099 2176 ministraret
1127 2124 1171 2175 ei
1195 2164 1211 2187 ,
1241 2122 1316 2174 vel
1340 2121 1598 2173 accederet
1623 2119 1690 2170 ad
1718 2134 1850 2171 etou.

677 2218 726 2269 l.
793 2216 923 2270 Vide
971 2225 1164 2286 quanta
1216 2215 1306 2268 liat
1352 2213 1631 2284 probatio,
1679 2211 1852 2280 primo
1891 2208 2103 2278 quidem
2154 2222 2181 2258 a

602 2308 783 2360 multis
808 2349 822 2370 ,
851 2307 1046 2360 deinde
1078 2307 1243 2360 multo
1269 2315 1510 2374 tempore
1535 2344 1550 2368 ,
1584 2313 1642 2356 ut
1668 2318 1733 2355 ne
1762 2301 1864 2354 dici
1900 2297 2181 2369 possetju-

601 2400 796 2452 dicium
822 2399 1012 2467 raptim
1041 2401 1232 2451 factum
1262 2397 1444 2450 fuisse.
1467 2395 1600 2461 Quia
1629 2394 1770 2447 enim
1799 2399 2182 2445 memoraverat

603 2491 812 2560 Lysiam
844 2499 1025 2543 orator
1050 2533 1063 2552 ,
1094 2489 1276 2542 dicens
1307 2489 1450 2540 illmn
1499 2486 1549 2539 vi
1595 2484 1877 2538 abduxisse
1921 2483 2136 2535 Paulum
2164 2524 2177 2546 ,

601 2594 893 2647 opportune
920 2581 1096 2633 subdit
1123 2580 1313 2634 Felicis
1341 2580 1504 2633 verba
1524 2620 1537 2642 ,
1566 2587 1618 2631 ct
1645 2579 1716 2629 ait
1743 2596 1757 2630 :
1789 2575 1991 2627 Distulit
2016 2584 2180 2624 autrm

600 2675 712 2724 illos-
749 2672 893 2724 I'°cli.r
919 2714 930 2730 ,
967 2673 1240 2725 certissime
1265 2672 1425 2724 sciens
1452 2669 1514 2722 de
1541 2669 1620 2720 ria
1645 2668 1778 2731 hac;
1811 2665 1859 2718 id
1892 2676 1966 2716 est
1999 2705 2011 2726 ,
2043 2673 2178 2715 ιιυιιια

600 2764 798 2830 pestivc
832 2764 1070 2821 remisit;
1125 2778 1227 2814 non
1269 2776 1402 2830 opus
1448 2760 1651 2812 habens
1696 2759 1941 2818 discere,
1985 2759 2077 2807 sed
2125 2767 2180 2808 nt

597 2855 869 2922 repelleret
905 2853 1138 2907 εἰιιιιέυοδ.
1187 2853 1458 2906 Din’titlerc
1490 2861 1708 2920 propter
1750 2850 1866 2903 illos
1925 2849 2174 2910 nolebat;

599 2946 784 3010 punire
836 2960 939 2996 non
995 2953 1242 3012 poterat;
1292 2943 1572 3012 impudens
1607 2942 1747 2995 enim
1796 2941 1997 2993 luisset.
2057 2938 2175 2989 ldeo

595 3034 766 3088 dill‘ert
794 3077 808 3098 ,
837 3036 1019 3088 dicens
1049 3054 1061 3087 :
1093 3035 1215 3087 Cum
1249 3033 1425 3103 Lysias
1457 3033 1686 3085 tribunus
1714 3032 2022 3085 dcsccudcrit
2051 3071 2062 3087 ,
2092 3031 2171 3081 (li-

595 3141 830 3195 guoscam
865 3143 942 3178 res
990 3136 1194 3178 vestras.
1241 3125 1500 3193 Iussitque
1543 3125 1879 3176 centurionem
1924 3122 2175 3174 custodire

603 3215 818 3268 Paulum
845 3259 857 3278 ,
886 3219 1146 3285 ipsnmqu:
1173 3218 1387 3280 requiem
1415 3216 1594 3268 habere
1615 3257 1628 3275 ,
1657 3215 1997 3282 ucmiucmque
2020 3214 2170 3281 {anno

601 3308 798 3359 liarium
829 3308 1080 3375 pro/uberi
1105 3349 1117 3370 ,
1147 3309 1412 3371 quominus
1442 3307 1740 3358 ministraret
1780 3306 1825 3357 ei
1845 3347 1858 3367 ,
1911 3305 1983 3356 vel
2027 3321 2171 3356 accc-

594 3399 730 3449 deret
759 3399 824 3449 ad
853 3415 982 3450 cum.
1039 3398 1270 3466 Ilcquicm
1321 3397 1537 3460 habere,
1586 3396 1773 3463 inquit.
1821 3394 1907 3448 Sic
1951 3395 2094 3446 illum
2139 3409 2167 3444 a

591 3490 901 3543 criminibus
933 3491 1156 3543 liberum
1192 3490 1413 3556 judicat.
1446 3489 1552 3541 Cur
1598 3503 1725 3556 ergo
1762 3488 1964 3540 dctiIu-t
2004 3502 2123 3538 cum
2147 3488 2170 3534 ’ἐ

590 3579 645 3634 lu
672 3580 972 3634 Jutlmoruin
1003 3582 1223 3650 gratiam
1251 3622 1265 3644 ,
1297 3582 1376 3634 vel
1407 3582 1564 3634 etiam
1590 3596 1811 3648 Sperans
1834 3595 1890 3633 se
1920 3581 2168 3646 pecunias

587 3682 923 3740 arrepturum
957 3687 1097 3726 csse.
1135 3671 1333 3723 Idcirco
1367 3671 1585 3724 l’aulum
1619 3681 1843 3733 evocat;
1889 3671 2026 3738 qttutl
2070 3686 2165 3721 au-

594 3775 695 3815 Iem
725 3763 842 3815 ideo
870 3764 1173 3816 cvoc:uvcrit
1195 3804 1208 3828 ,
1242 3763 1437 3814 iudicat
1459 3762 1609 3813 noliis
1638 3763 1868 3829 scriptor
1891 3803 1906 3823 ,
1942 3761 2163 3828 subjun-

584 3869 715 3921 gezis
741 3868 802 3906 ac
831 3854 1012 3906 dicens
1045 3873 1056 3904 :
1089 3853 1180 3907 2i.
1219 3853 1338 3905 Post
1378 3855 1566 3921 aliquot
1606 3864 1771 3904 autem
1822 3854 1927 3904 dics
1968 3853 2167 3904 reuiens

590 3943 739 3995 Felix
769 3959 878 3995 cum
914 3943 1139 3996 Drusilla
1167 3961 1320 3996 ua‘ore
1345 3961 1435 3994 sua
1459 3985 1470 4005 ,
1503 3960 1612 4011 qua’
1639 3954 1745 3996 crat
1770 3943 1952 3996 Judam
1977 3985 1989 4004 ,
2024 3961 2165 3995 vaca-

583 4037 650 4087 rit
687 4033 902 4088 Paulum
929 4078 942 4100 ,
973 4045 1020 4088 et
1050 4037 1237 4089 audivit
1263 4036 1323 4087 ab
1353 4054 1408 4088 co
1436 4037 1586 4104 ﬁdem
1613 4079 1624 4100 ,
1655 4053 1766 4104 quw
1805 4049 1873 4090 cst
1918 4038 1968 4089 in
2015 4036 2164 4089 Clu-i-

578 4138 709 4180 stum
737 4125 930 4181 Jcsum.
962 4128 1052 4181 25.
1102 4127 1403 4197 Disputantc
1447 4141 1610 4180 au'em
1651 4128 1740 4181 illo
1785 4129 1846 4180 de
1883 4129 2082 4198 justitia
2117 4140 2165 4181 et

581 4220 807 4272 castitate
831 4229 876 4272 et
897 4220 958 4272 de
978 4221 1176 4290 judicio
1202 4222 1372 4287 futuro
1393 4265 1405 4283 ,
1435 4221 1751 4289 tremefactus
1783 4220 1931 4275 Felix
1952 4239 2162 4289 respou-

583 4313 655 4362 dit
682 4328 699 4364 :
730 4311 876 4374 Quod
903 4331 1035 4365 nunc
1064 4317 1235 4365 attinet
1258 4356 1270 4374 ,
1304 4314 1463 4377 vade;
1510 4324 1731 4380 tempore
1766 4325 1932 4366 autem
1972 4331 2159 4383 appor-

585 4413 706 4454 tuuo
736 4418 984 4454 accersam
1011 4413 1056 4454 te
1084 4419 1101 4454 :
1127 4403 1216 4455 26.
1241 4405 1389 4455 simul
1414 4420 1622 4472 sperans
1645 4408 1751 4472 [ore
1772 4414 1822 4454 ut
1851 4406 2060 4472 pecunia
2088 4405 2164 4457 illi

583 4495 791 4545 daretur
817 4511 846 4545 a
879 4494 1043 4568 Paulo
1074 4506 1127 4546 ut
1155 4496 1363 4547 solreret
1394 4513 1504 4546 cum
1535 4511 1552 4547 :
1586 4504 1788 4563 propter
1826 4495 1959 4564 quod
1989 4505 2032 4547 et
2059 4499 2161 4556 fre-

578 4596 783 4651 qurutcr
809 4602 1065 4638 accersens
1090 4601 1200 4638 eum
1225 4628 1237 4651 ,
1264 4586 1554 4654 loquebatur
1593 4603 1704 4638 cum
1745 4603 1821 4640 eo.
1869 4586 2001 4641 Vide
2028 4603 2157 4654 quo.

583 4663 742 4727 modo
787 4692 905 4744 qua:
946 4678 1140 4746 scripta
1189 4688 1347 4743 sunt,
1394 4681 1671 4733 veritatem
1717 4697 1823 4748 pra:
1871 4696 1928 4734 se
1970 4681 2156 4735 lerant.

586 4769 902 4822 Acecrscbat
947 4786 1065 4823 eum
1117 4771 1462 4840 fretpicntrr,
1513 4788 1618 4825 non
1661 4772 1932 4826 admirans
1976 4774 2156 4836 illum,

579 4875 746 4926 neque
778 4860 913 4911 dicta
953 4861 1210 4926 laudans,
1257 4878 1352 4916 nec
1399 4863 1537 4932 quod
1577 4864 1737 4917 vellet
1767 4864 2023 4926 credere;
2067 4866 2156 4917 sed

578 4948 751 5016 quid?
781 4949 1090 5018 Exspectans
1115 4993 1128 5014 ,
1165 4953 1372 5019 inquit,
1410 4965 1460 5004 ut
1498 4957 1719 5021 pecunia:
1764 4956 1857 5007 sibi
1897 4957 2155 5009 durentur.

579 5039 710 5092 Vide
742 5041 1009 5106 quomodo
1042 5058 1144 5095 non
1176 5045 1405 5096 occultct
1455 5047 1538 5098 hic
1577 5047 1768 5114 judicis
1812 5050 2153 5105 sententiam.

576 5131 734 5199 Atqui
767 5133 808 5183 si
831 5133 1136 5188 damnasset
1169 5177 1182 5197 ,
1214 5152 1317 5188 lion
1348 5126 1686 5191 Itoc'lecisset
1713 5180 1727 5202 ,
1759 5156 1929 5209 neque
1957 5143 2155 5194 voluis-

575 5231 657 5274 set
688 5221 875 5274 audire
899 5221 1209 5276 damnatura
1238 5237 1288 5277 et
1317 5228 1618 5280 scelestum.
1655 5228 1721 5282 Et
1741 5226 1866 5284 'vide
1899 5232 2116 5283 Paulum

574 5324 670 5364 ets:
703 5328 822 5364 cum
857 5313 1094 5382 principe
1140 5317 1474 5383 IOqttt'MCttt,
1526 5321 1652 5373 nihil
1701 5337 1884 5374 eorum
1934 5323 2152 5386 dicere,

575 5417 692 5468 qua:
719 5403 1035 5457 videbantur
1065 5423 1220 5473 ansc
1263 5409 1496 5460 animum
1530 5412 1643 5475 ejus
1680 5411 2021 5476 demulcere;
2061 5417 2152 5468 sed

579 5509 697 5559 qua:
728 5492 870 5545 ilhan
904 5497 1175 5550 terrebant
1199 5539 1212 5557 ,
1245 5499 1465 5568 ejusque
1498 5513 1727 5556 tuentem
1756 5506 2149 5559 concutielmnt.

580 5585 854 5651 Disputari:
881 5627 892 5646 ,
924 5589 1092 5655 inquit
1117 5631 1130 5652 ,
1160 5590 1222 5642 de
1241 5592 1445 5658 justitia
1471 5636 1482 5655 ,
1516 5595 1578 5647 de
1602 5597 1829 5647 castitate
1853 5609 1897 5649 et
1926 5600 1986 5651 de
2010 5601 2150 5658 judi-

577 5674 651 5726 cio
677 5674 868 5739 futuro.
895 5675 1241 5745 Tremcfactus
1269 5691 1340 5734 est
1371 5681 1537 5735 Felix.
1569 5685 1733 5737 Tanta
1767 5687 1843 5738 vis
1865 5699 1977 5740 erat
2006 5690 2147 5742 l‘auli

577 5765 898 5830 verborum,
935 5778 988 5820 ut
1021 5770 1308 5839 principem
1354 5783 1635 5829 terrerent.
1688 5777 1746 5828 lit
1803 5778 1887 5830 hic
1936 5782 2146 5848 quidem

577 5871 936 5914 sua'cessorcm
988 5863 1218 5932 act-ipit,
1279 5876 1332 5920 ct
1381 5867 1517 5923 lutnc
1577 5871 1806 5925 vinctum
1866 5874 2140 5944 relinquit,

2297 1649 2536 1716 quamvis
2567 1665 2672 1704 non
2703 1654 3018 1720 oportebat,
3050 1666 3114 1733 ειΔ
3151 1655 3274 1713 linis
3319 1661 3676 1730 imponendos
3725 1679 3882 1733 erat;

2293 1739 2388 1792 Sed
2419 1741 2508 1794 ille
2535 1741 2587 1794 in
2613 1742 2916 1800 Iudaeorum
2945 1728 3165 1817 gratiam
3193 1728 3409 1822 reliquit
3435 1756 3601 1810 illmn.
3638 1759 3718 1812 Illi
3751 1728 3882 1816 vero

2293 1831 2369 1883 sic
2413 1833 2712 1901 urgebant,
2766 1846 2820 1889 ut
2867 1838 3056 1892 iterum
3111 1841 3247 1910 apud
3297 1843 3530 1912 iudicem
3582 1849 3880 1918 instarent;

2293 1923 2533 1989 quamvis
2552 1925 2688 1992 apud
2720 1927 2921 1982 nullum
2954 1946 3199 2001 umquam
3225 1936 3592 2001 apostolorum
3623 1941 3700 1992 sie
3733 1958 3882 1996 urse-

2294 2015 2436 2077 rint,
2467 2015 2559 2068 sed
2596 2029 2872 2086 postquam
2905 2021 2954 2073 in
2987 2024 3106 2077 illos
3137 2025 3504 2091 incesserant,
3548 2031 3879 2087 destiterint.

2293 2103 2364 2155 lta
2397 2107 2662 2171 provisum
2690 2119 2772 2162 est
2797 2152 2812 2176 ,
2844 2122 2898 2164 ut
2927 2115 3255 2185 .lerostilyma
3289 2120 3568 2174 recederet
3597 2165 3607 2184 .
3641 2141 3764 2179 cum
3802 2139 3880 2182 ta-

2293 2198 2427 2251 libus
2459 2200 2582 2253 leris
2611 2202 2892 2257 decertans
2919 2223 2932 2268 ;
2963 2217 3016 2260 et
3047 2219 3220 2263 tamen
3273 2210 3345 2263 illi
3384 2225 3572 2283 rogant
3609 2217 3783 2286 ipsum
3816 2238 3880 2274 co

2289 2289 2478 2342 adduci
2524 2293 2889 2358 judicaudum.
2939 2298 3043 2352 Sed
3093 2300 3179 2355 hic
3225 2319 3435 2358 rursum
3479 2312 3730 2376 apparuit
3786 2313 3876 2368 Dci

2290 2384 2615 2447 providentia
2649 2426 2663 2448 ,
2698 2388 2783 2454 qui
2836 2389 2884 2441 id
2920 2390 3155 2458 judicem
3206 2393 3383 2450 lacere
3429 2414 3533 2451 non
3583 2404 3872 2468 permisit:

2289 2472 2575 2527 verisimile
2622 2488 2766 2530 certe
2813 2489 2926 2533 erat
2971 2482 3141 2551 ipsum
3191 2502 3359 2552 nuper
3401 2488 3465 2540 ad
3517 2493 3873 2562 principatum

2283 2576 2523 2617 evertunt
2550 2608 2561 2625 ,
2599 2567 2646 2620 id
2678 2569 2940 2624 facturum
2973 2574 3022 2627 in
3052 2575 3262 2629 illtirum
3305 2582 3529 2648 gratiam
3574 2600 3734 2650 esse;
3782 2589 3873 2641 sed

2287 2669 2388 2705 non
2420 2657 2667 2709 cont-edit
2703 2660 2861 2712 Deus.
2911 2662 3197 2732 Postquam
3231 2678 3406 2722 autem
3440 2671 3873 2744 descenderant,

2287 2746 2644 2812 impudentius
2674 2762 2728 2804 et
2761 2754 3123 2810 vehementius
3151 2767 3521 2818 occursationes
3555 2767 3820 2824 intentant
3851 2793 3863 2826 :

2282 2854 2506 2908 cunupie
2535 2859 2637 2895 non
2675 2859 2886 2911 possent
2925 2850 3070 2903 illum
3099 2869 3160 2904 ex
3197 2855 3451 2923 lcgaldius
3481 2875 3678 2928 capere
3703 2907 3718 2929 ,
3751 2883 3867 2919 rur-

2280 2947 2371 2985 sus
2399 2950 2493 3000 pro
2521 2951 2669 2990 more
2697 2955 2794 2990 suo
2823 2939 3087 2995 (Im-sarem
3122 2945 3414 3013 inducunt,
3446 2963 3502 3002 ut
3529 2951 3745 3008 Christo
3777 2960 3872 3012 ob.

2273 3023 2536 3089 jcccrunt.
2568 3027 2783 3082 Paulum
2815 3032 2957 3084 enim
2982 3049 3040 3086 se
3071 3035 3360 3092 defendere
3389 3042 3453 3095 de
3485 3045 3715 3112 objectis
3741 3066 3870 3104 ςυη.

2281 3127 2357 3168 tra
2420 3119 2687 3174 (lunarem
2749 3127 3020 3192 peccatis,
3083 3129 3253 3196 palam
3323 3144 3471 3199 erat,
3549 3141 3691 3194 umle
3754 3145 3868 3200 lure

2278 3205 2556 3262 declarans
2584 3213 2752 3279 pergit
2785 3231 2796 3265 :
2830 3213 2918 3267 27.
2951 3215 3163 3270 Biennio
3192 3232 3356 3274 autem
3388 3226 3586 3293 expleto
3607 3273 3622 3296 ,
3671 3239 3870 3305 accepit

2276 3315 2606 3354 successorem
2663 3303 2816 3358 Felix
2871 3305 3108 3361 Porcium
3168 3310 3396 3366 Festum.
3460 3316 3642 3373 Valens
3697 3303 3867 3382 autem

2275 3396 2489 3458 gratiam
2521 3409 2762 3462 pnes-tare
2783 3398 2982 3456 Juda'is
3012 3403 3158 3458 Felix
3181 3449 3195 3469 ,
3240 3411 3442 3478 reliquit
3485 3413 3711 3471 Paulum
3751 3422 3865 3474 rin-

2273 3494 2424 3535 ctuai.
2463 3485 2609 3553 (Cap.
2641 3488 2762 3564 25.)
2809 3493 2856 3543 l.
2910 3492 3090 3549 ("estus
3131 3515 3248 3566 ergo
3287 3515 3519 3570 suscepta
3560 3513 3822 3576 provincia
3847 3555 3863 3578 ,

2276 3587 2382 3635 post
2415 3579 2636 3632 triduum
2681 3586 2903 3636 ascendit
2947 3586 3175 3643 thsarca
3205 3590 3598 3664 Jcrosolymam.
3627 3600 3681 3654 9..
3712 3603 3867 3658 Adic-

2273 3683 2484 3738 runtque
2514 3673 2656 3726 illum
2684 3677 2934 3744 principes
2961 3684 3274 3736 sacerdotum
3306 3696 3352 3737 et
3381 3690 3532 3754 primi
3556 3690 3864 3751 Judworum

2270 3765 2509 3819 adversus
2561 3765 2818 3833 Paulum,
2861 3781 2906 3822 ct
2956 3773 3197 3841 rogabant
3245 3794 3395 3840 eum;
3444 3782 3496 3833 3.
3543 3788 3865 3850 postulantes

2271 3859 2487 3923 gratiam
2515 3861 2754 3913 att/uersus
2783 3879 2894 3914 eum
2915 3908 2926 3924 ,
2956 3875 3010 3916 ut
3028 3866 3226 3934 jubcret
3255 3871 3460 3934 perduci
3487 3890 3601 3926 eum
3631 3878 3680 3928 in
3708 3878 3866 3933 Jeru~

2270 3948 2424 3998 salem
2450 3989 2462 4011 ,
2499 3951 2707 4004 insidias
2737 3955 2991 4008 tendentes
3034 3967 3085 4009 ut
3118 3961 3451 4028 inter/iccrent
3497 3984 3608 4019 eum
3655 3970 3706 4024 in
3755 3976 3859 4030 ria.

2273 4043 2324 4092 4.
2360 4041 2538 4095 Festus
2570 4062 2682 4096 rt-ro
2713 4049 2970 4113 respondit
2995 4091 3009 4114 ,
3041 4062 3094 4102 ut
3121 4066 3403 4107 scrvaretur
3429 4063 3630 4124 quidem
3664 4061 3864 4121 Paulus

2268 4131 2547 4199 Ctt’sarctv,
2577 4154 2630 4188 sc
2657 4154 2767 4189 caro
2795 4141 2927 4190 brevi
2965 4141 3054 4194 illo
3094 4145 3456 4211 profecturum.
3496 4153 3548 4206 5.
3597 4153 3701 4217 Qui
3745 4175 3862 4212 rero

2267 4225 2396 4276 inter
2419 4241 2501 4276 vos
2529 4268 2540 4282 ,
2576 4227 2737 4294 inquit
2770 4270 2783 4290 ,
2820 4241 3042 4296 potentes
3067 4246 3182 4285 sunt
3207 4276 3220 4295 ,
3266 4237 3619 4294 descendentes
3659 4248 3814 4300 simul
3842 4295 3857 4313 ,

2267 4315 2307 4365 si
2338 4317 2469 4380 quod
2496 4327 2565 4368 est
2590 4320 2775 4369 etinten
2798 4359 2811 4381 ,
2842 4332 3074 4373 accusent
3100 4339 3230 4378 eum.
3269 4325 3329 4379 6.
3363 4328 3663 4390 Demaratus
3686 4350 3858 4394 autem

2267 4403 2396 4456 inter
2416 4421 2497 4457 cos
2520 4406 2694 4458 diebus
2717 4407 2831 4476 plus
2858 4427 3006 4478 quam
3032 4415 3196 4465 decem
3223 4457 3236 4480 ,
3263 4417 3514 4473 descendit
3538 4422 3819 4483 thsarcam
3838 4474 3855 4496 ,

2268 4509 2312 4548 et
2343 4509 2538 4562 postero
2581 4500 2662 4552 die
2705 4503 2830 4554 sedit
2873 4520 2966 4572 pro
3010 4506 3289 4575 tribunali,
3321 4513 3578 4582 jussitque
3625 4517 3856 4576 Paulum

2266 4591 2471 4643 adduci.
2509 4593 2559 4644 7.
2593 4592 2693 4657 Qui
2731 4611 2844 4646 cum
2891 4597 3161 4656 perductus
3207 4613 3366 4668 esset,
3414 4608 3856 4669 circumsteterunt

2266 4699 2375 4732 eum
2403 4723 2416 4744 ,
2446 4684 2533 4750 qui
2563 4701 2592 4735 η
2621 4683 2906 4739 Jerusalem
2938 4689 3294 4746 descenderant
3318 4695 3489 4750 1η(ιωί
3509 4741 3524 4765 ,
3574 4702 3760 4756 multas
3805 4721 3854 4759 et

2264 4791 2438 4842 qmch
2486 4793 2666 4830 causas
2714 4778 3000 4846 obiiciente;
3042 4781 3211 4836 Paulo
3237 4825 3251 4843 ,
3307 4803 3430 4854 quas
3469 4806 3570 4843 non
3619 4807 3854 4859 poterant

2264 4867 2474 4933 probare
2501 4885 2517 4920 :
2541 4869 2591 4922 8.
2627 4868 2790 4922 Paulo
2817 4873 3062 4926 rationem
3089 4875 3326 4929 reddente
3350 4920 3364 4944 ,
3405 4883 3643 4949 quoniam
3694 4904 3855 4956 neque

2263 4958 2312 5008 in
2342 4961 2495 5027 legem
2525 4958 2823 5013 Judazorurh
2849 5003 2862 5023 ,
2895 4980 3051 5032 neque
3080 4966 3130 5018 in
3157 4970 3432 5037 templum,
3473 4989 3629 5043 neque
3654 4978 3703 5030 in
3733 4979 3850 5032 Ctt-

2263 5068 2423 5102 sarcm
2455 5053 2671 5121 peccavi.
2705 5053 2757 5107 9.
2800 5052 2985 5107 Festus
3026 5067 3190 5110 autent
3236 5061 3406 5114 volens
3451 5068 3668 5130 gratiam
3709 5089 3848 5138 pra:-

2261 5152 2392 5193 :'are
2417 5141 2554 5193 Jud-t
2572 5145 2614 5195 is
2638 5185 2650 5205 ,
2683 5146 2991 5213 respondens
3021 5148 3184 5202 Paulo
3206 5190 3224 5215 ,
3253 5153 3382 5205 dixit
3410 5172 3428 5207 :
3466 5155 3548 5209 Vis
3572 5156 3811 5230 Jcrcsoly
3832 5199 3848 5208 ο

2264 5250 2392 5284 mam
2424 5235 2723 5288 descendere
2747 5280 2759 5299 ,
2789 5248 2833 5288 ct
2861 5237 2928 5290 ibi
2955 5241 3015 5293 de
3039 5241 3115 5294 liis
3131 5243 3356 5312 jadicari
3380 5249 3521 5314 apud
3553 5257 3670 5304 me?
3716 5253 3848 5310 Vide

2260 5328 2524 5394 tpunnodo
2551 5339 2605 5382 et
2639 5329 2727 5382 ille
2754 5330 2817 5382 Ju
2842 5333 2950 5384 imis
2974 5337 3331 5403 gratiticatnr,
3365 5341 3614 5396 universo
3648 5350 3801 5417 popui
3828 5373 3842 5398 ι

2260 5429 2310 5470 et
2364 5420 2582 5473 civitati.
2634 5421 2757 5475 ldeo
2807 5439 2990 5478 rursus
3042 5428 3188 5481 illum
3241 5432 3546 5500 terrcfacit,
3598 5438 3846 5496 lnnuanis

2261 5523 2412 5566 tuens
2439 5514 2602 5568 armis
2632 5532 2644 5567 :
2676 5525 2727 5567 et
2754 5516 2873 5569 audi
2905 5521 3188 5584 quomodo.
3221 5523 3310 5576 lO.
3345 5523 3483 5578 Dixit
3508 5539 3676 5583 autem
3703 5532 3845 5587 Pau-

2261 5604 2337 5656 lus
2368 5621 2385 5657 ε
2417 5607 2494 5657 Ad
2516 5607 2738 5660 tribunal
2763 5609 2974 5665 Cicsaris
3001 5623 3074 5666 sto
3100 5617 3205 5676 ,‘ibi
3245 5634 3323 5670 me
3357 5633 3550 5688 oportet
3582 5624 3828 5692 judicari.

2258 5695 2453 5749 .Iudtcis
2483 5699 2612 5751 ui/til
2642 5702 2788 5751 nocui
2812 5745 2824 5765 ,
2850 5705 2976 5755 sicut
3006 5717 3058 5757 tu
3089 5708 3262 5759 melius
3288 5712 3440 5764 nosti.
3474 5716 3492 5765 l
3517 5718 3558 5767 l.
3603 5715 3662 5769 Si
3707 5723 3842 5776 enim

2260 5789 2403 5836 uacui
2423 5829 2435 5848 ,
2460 5801 2543 5838 aut
2562 5791 2766 5857 dignum
2793 5807 2948 5847 morte
2969 5797 3162 5863 aliquid
3185 5800 3281 5864 [cci
3306 5842 3316 5857 ,
3345 5816 3442 5856 una
3469 5821 3642 5856 fccusn
3665 5814 3795 5864 mori
3825 5829 3842 5866 .'

2289 5895 2438 5931 tti‘i‘o
2483 5882 2607 5932 nillil
2654 5895 2722 5935 est
2767 5903 2937 5938 v‘utttt':
2965 5932 2977 5953 ,
3030 5907 3137 5957 qui!)
3167 5893 3215 5941 Ιιί
3262 5909 3497 5946 accusant
3541 5916 3653 5959 mc,
3705 5920 3846 5956 't-jma-
