4076 6552
243 492 353 548 5ὗὸ

254 616 417 679 potest
443 620 523 659 nte
550 602 656 657 illis
686 601 897 655 donare.
947 597 1197 653 Casuram
1241 590 1467 660 appello.
1513 586 1617 641 Sed
1664 583 1857 679 dixerit

256 676 523 769 quispiam
553 713 566 749 :
601 694 709 748 Cur
735 706 858 747 cum
882 688 1120 744 audisset
1145 726 1161 751 ,
1192 683 1401 754 Oportet
1430 694 1477 735 te
1501 680 1651 734 etiam
1681 676 1859 731 Roma:

258 789 520 858 testiﬁcari
547 787 608 841 de
633 802 712 842 nte
734 786 755 858 (
775 786 892 839 Act.
912 782 1004 838 25.
1028 781 1088 835 11
1116 779 1157 850 ).
1184 778 1333 847 quasi
1358 790 1462 829 non
1490 770 1718 827 credens
1746 769 1859 822 hzec

262 877 531 934 faciebat?
555 876 740 940 Absit;
763 875 855 930 sed
877 882 931 929 et
952 871 1107 926 valde
1133 868 1384 924 credens.
1404 864 1569 933 Magis
1595 876 1722 916 vero
1740 868 1858 913 ten-

261 971 423 1025 tantis
457 968 643 1023 fuisset
672 968 814 1022 illius
840 962 1123 1020 sententiae
1152 959 1339 1021 ﬁdere,
1366 967 1595 1023 seseque
1622 953 1674 1005 in
1715 949 1862 1004 mille

263 1063 496 1131 pericula
530 1060 801 1128 conjicere
826 1097 841 1121 ,
874 1070 937 1110 ac
958 1054 1177 1110 dicen:
1210 1049 1502 1104 Videamus
1530 1059 1655 1098 num
1692 1041 1859 1111 possit

265 1155 404 1209 Deus
426 1156 587 1209 etiam
612 1154 689 1205 sic
712 1150 921 1218 eripere
953 1164 1057 1203 me.
1082 1144 1188 1201 Sed
1215 1144 1316 1196 hoc
1347 1155 1453 1195 non
1481 1137 1606 1192 facit
1629 1133 1823 1189 Paulus
1842 1172 1857 1195 ,

266 1262 454 1301 verum
485 1260 601 1314 qua:
636 1257 801 1312 penes
826 1256 885 1297 se
917 1249 1071 1295 erant
1099 1236 1280 1291 omnia
1312 1232 1485 1287 adfert
1511 1271 1525 1293 ,
1558 1236 1723 1283 totum
1757 1226 1864 1279 Deo

265 1339 603 1408 pmnittens.
635 1334 765 1390 Sese
795 1346 928 1387 vero
950 1328 1248 1385 defendens
1269 1366 1285 1391 ,
1335 1324 1526 1379 leviter
1565 1317 1862 1408 principem

265 1406 617 1497 perstringit,
652 1439 715 1478 ac
744 1424 788 1477 si
817 1422 1063 1476 diceret:
1094 1416 1150 1471 Si
1191 1416 1387 1483 injuste
1428 1412 1553 1482 egi,
1597 1409 1771 1470 bene;
1822 1406 1866 1459 si

268 1534 375 1573 non
405 1519 603 1585 injuste
625 1517 705 1585 egi
734 1558 749 1580 ,
772 1530 870 1567 cur
892 1526 976 1564 me
999 1508 1165 1563 tradis
1186 1507 1208 1547 7
1244 1505 1410 1560 Nemo
1435 1511 1593 1573 potest
1618 1542 1632 1562 ,
1660 1498 1864 1564 inquit,

270 1627 351 1662 me
376 1609 585 1662 donare.
618 1607 812 1659 Metam
842 1604 916 1655 illi
950 1602 1175 1662 incutit,
1213 1608 1270 1651 ttt
1308 1612 1413 1649 non
1457 1593 1625 1662 possit
1666 1590 1870 1642 donare

274 1700 323 1756 si
347 1697 495 1761 velit,
528 1695 621 1750 sed
644 1692 807 1747 etiam
837 1689 981 1760 apud
1007 1688 1131 1742 illos
1162 1702 1261 1757 pro
1280 1684 1641 1740 excusatione
1671 1682 1872 1736 habeat

270 1787 715 1860 appellationem.
750 1782 837 1849 η,
873 1780 1018 1835 Tunc
1054 1778 1242 1833 Festus
1273 1793 1391 1831 cuin
1423 1774 1649 1829 concilio
1677 1776 1867 1843 loquu-

271 1892 383 1943 tus,
415 1878 680 1947 respondit
702 1891 719 1929 .'
744 1876 1008 1931 Ctesarem
1027 1874 1342 1943 appellasti;
1365 1873 1433 1926 ad
1457 1873 1723 1928 Ccesarem
1742 1871 1865 1925 ibis.

342 1970 401 2025 2.
446 1968 581 2023 Vide
608 2010 623 2033 ,
652 1983 768 2023 rem
798 1965 1047 2036 Agrippa:
1071 1962 1434 2042 communicat
1458 2000 1475 2023 ,
1508 1965 1565 2011 ut
1595 1958 1756 2011 etiam
1787 1954 1876 2007 alii

268 2062 382 2115 sint
408 2060 683 2116 auditores
709 2102 722 2123 ,
742 2069 795 2115 et
814 2073 914 2113 rex
937 2065 991 2111 et
1016 2054 1287 2111 exercitus
1314 2060 1369 2106 et
1394 2051 1640 2106 Bernice.
1673 2046 1877 2101 Deinde

272 2168 489 2207 rursum
526 2149 791 2205 defensio.
829 2166 847 2199 t
890 2148 976 2203 1³5.
1006 2146 1067 2201 Et
1098 2161 1221 2199 cum
1248 2143 1366 2198 dies
1393 2142 1597 2211 aliquot
1626 2138 1879 2192 transacti

270 2250 497 2308 essent,
532 2242 764 2311 Agrippa
797 2255 885 2294 rex
916 2248 970 2293 et
1007 2239 1232 2294 Bernice
1271 2232 1669 2289 descenderunt
1699 2230 1879 2287 Caesa-

276 2350 425 2388 ream
454 2332 517 2387 ad
547 2330 886 2386 salutandum
938 2329 1175 2383 Festum.
1204 2326 1291 2382 14.
1328 2326 1393 2380 Et
1436 2340 1559 2378 cum
1604 2323 1719 2377 dies
1764 2320 1883 2390 plu-

275 2441 368 2481 res
412 2426 479 2478 ibi
519 2424 961 2486 demorareutur,
1001 2420 1191 2475 Festus
1233 2419 1342 2487 regi
1387 2413 1657 2471 retulitde
1694 2411 1881 2477 Paulo,

274 2518 468 2572 dicens
496 2533 508 2567 :
545 2514 637 2568 Vir
663 2515 880 2583 quidam
908 2524 992 2567 est
1025 2511 1315 2566 derelictus
1355 2524 1385 2561 a
1418 2507 1597 2562 Felice
1630 2506 1839 2559 vinctus
1869 2521 1882 2555 :

282 2614 373 2667 15.
408 2610 475 2666 de
503 2625 610 2680 quo
638 2652 652 2677 ,
683 2625 803 2664 cum
853 2623 1031 2662 essem
1068 2606 1423 2677 Jerosolymis
1446 2646 1461 2671 ,
1507 2603 1757 2658 adierunt
1800 2615 1887 2655 me

282 2704 555 2774 principes
608 2701 950 2756 sacerdotum
1007 2709 1059 2753 et
1110 2698 1353 2752 seniores
1396 2695 1743 2757 Judmorum,
1794 2705 1892 2760 po—

284 2793 553 2847 stulantes
602 2791 862 2846 adversus
894 2791 1039 2843 illum
1094 2789 1514 2843 damnationem.
1556 2785 1644 2841 16.
1686 2783 1890 2852 Quibus

284 2883 589 2953 respondi:
638 2882 752 2937 Non
800 2891 885 2937 est
930 2881 1187 2935 Romanis
1235 2876 1574 2933 consuetudo
1625 2875 1888 2931 damnare

285 2976 523 3045 aliquem
558 2974 831 3028 hominem
860 3014 875 3035 ,
912 2973 1221 3041 priusquam
1255 2972 1300 3024 is
1331 2970 1421 3040 qui
1448 2975 1730 3023 accusatur
1752 2982 1889 3035 pne-

286 3078 472 3123 sentes
527 3067 724 3121 habeat
774 3076 1157 3127 accusatores,
1219 3064 1509 3132 locumque
1563 3058 1892 3115 defendendi

291 3162 522 3231 accipiat
572 3160 639 3213 ad
687 3158 949 3213 abluenda
1008 3158 1256 3213 crimina.
1305 3157 1393 3212 17.
1438 3155 1572 3210 Cum
1620 3169 1748 3223 ergo
1792 3151 1897 3206 huc

289 3268 421 3309 Com
435 3253 675 3307 coissent
700 3291 715 3313 ,
744 3251 862 3304 sine
894 3249 998 3302 ulla
1030 3249 1290 3301 dilatione
1317 3246 1561 3315 sequenti
1590 3244 1676 3298 die
1703 3242 1898 3297 sedens

293 3359 397 3414 pro
466 3342 716 3395 tribunali
778 3340 911 3409 jussi
983 3338 1173 3392 adduci
1226 3340 1420 3392 virum.
1474 3337 1558 3390 i8.
1625 3336 1700 3389 De
1756 3349 1893 3402 quo,

292 3450 418 3487 cum
449 3434 728 3490 stetissent
757 3443 1100 3487 accusatores
1126 3472 1141 3496 ,
1186 3431 1391 3485 nullam
1430 3444 1646 3483 causam
1686 3426 1898 3482 defere-

294 3526 466 3591 bant,
522 3525 591 3579 de
638 3524 834 3593 quibus
882 3538 983 3593 ego
1023 3520 1376 3590 suspicabar;
1434 3520 1524 3575 19.
1577 3520 1901 3589 quaestiones

295 3631 427 3670 vero
452 3615 710 3684 quasdam
738 3613 805 3669 de
834 3629 933 3667 sua
965 3613 1351 3683 superstitione
1393 3611 1667 3667 habebant
1712 3611 1903 3665 adver-

295 3720 393 3759 sus
417 3719 539 3759 eum
565 3745 580 3769 ,
614 3716 669 3758 et
703 3705 768 3759 de
792 3704 1026 3773 quodam
1072 3704 1198 3759 Jesu
1240 3703 1535 3765 defuncto,
1565 3719 1724 3774 quem
1752 3702 1900 3756 afﬁr-

302 3796 484 3850 mabat
529 3795 726 3850 Paulus
770 3796 969 3849 vivere.
1026 3794 1117 3851 20.
1168 3795 1436 3849 Hmsitans
1484 3806 1663 3849 autem
1710 3809 1809 3863 ego
1838 3794 1905 3848 tle

299 3887 608 3957 hujusmodi
640 3888 960 3958 qumstioue,
1002 3886 1246 3942 dicebam
1273 3928 1287 3951 ,
1316 3904 1442 3942 num
1468 3888 1629 3942 vellet
1657 3887 1733 3942 ire
1753 3885 1905 3941 Jero-

298 3980 678 4050 solymam,et
728 3979 800 4033 ibi
837 3979 1067 4049 judirari
1108 3978 1175 4033 de
1225 3979 1352 4033 illis.
1392 3978 1485 4032 2i.
1532 3979 1696 4033 Paulo
1724 3986 1904 4033 autem

298 4070 607 4138 appellante
631 4110 646 4135 ,
680 4080 733 4123 ut
765 4080 1078 4125 servaretur
1112 4070 1179 4123 ad
1221 4070 1445 4140 Augusti
1496 4070 1859 4138 cognitionem
1888 4110 1903 4133 ,

296 4161 435 4229 jussi
480 4161 683 4213 servari
711 4175 833 4215 eum
856 4202 870 4225 ,
904 4160 1075 4214 donec
1103 4161 1307 4214 mittam
1337 4176 1459 4215 eum
1507 4160 1572 4213 ad
1613 4160 1905 4215 Cursarem.

298 4250 394 4305 εξ.
446 4250 677 4319 Agrippa
742 4261 918 4303 autem
987 4251 1150 4305 Festo
1212 4250 1388 4304 dixit:
1444 4250 1647 4305 Vellem
1692 4261 1744 4304 et
1795 4251 1908 4320 ipse

302 4345 577 4397 hominem
607 4344 810 4397 audire.
842 4343 973 4398 Cras
994 4385 1009 4409 ,
1042 4345 1201 4413 inquit
1222 4384 1236 4405 ,
1286 4343 1475 4398 audies
1507 4345 1673 4397 illum.
1724 4362 1743 4396 ι
1779 4343 1909 4399 Vide

308 4450 523 4489 rursum
552 4436 950 4490 accusationem
983 4436 1291 4490 Juda-orum
1328 4452 1432 4490 non
1466 4450 1493 4488 a
1531 4436 1694 4489 Paulo
1717 4477 1731 4499 ,
1762 4436 1853 4489 sed
1880 4453 1910 4490 a

303 4527 549 4597 principe
588 4537 877 4581 narratam.
936 4529 1183 4581 Adierunt
1221 4544 1338 4593 me,
1390 4528 1596 4595 inquit,
1659 4530 1912 4597 principes

305 4618 628 4674 sacerdotum
650 4630 696 4673 et
718 4620 939 4673 seniores
961 4618 1264 4671 .Indceorum
1288 4658 1302 4682 ,
1332 4620 1647 4687 postulantes
1670 4619 1912 4673 adversus

305 4728 422 4765 eum
470 4711 867 4765 damnationem.
920 4709 1112 4775 Quibus
1164 4726 1253 4779 ego
1292 4711 1554 4778 respondi.
1611 4710 1741 4763 Vide
1784 4712 1911 4779 quid

309 4801 641 4870 respondeat
669 4800 736 4854 ad
766 4801 977 4854 illorum
1014 4799 1385 4853 confusionem
1415 4816 1429 4851 :
1462 4799 1583 4853 Non
1605 4810 1676 4853 est
1706 4817 1914 4854 consue-

310 4893 435 4944 tudo
471 4890 713 4944 Romanis
740 4898 931 4944 donare
957 4892 1177 4959 aliquem
1214 4892 1467 4944 hominem
1494 4934 1506 4954 ,
1540 4902 1592 4944 ut
1619 4904 1832 4963 pereat;
1863 4894 1912 4947 id

310 4992 434 5047 est,
472 4991 759 5051 antequam
808 4984 1070 5037 rationem
1114 4982 1343 5050 reddat,
1374 4999 1479 5035 non
1529 4995 1703 5052 potest
1746 4989 1912 5039 vestri

308 5072 482 5143 gratia
516 5072 673 5127 tradi.
701 5072 768 5127 Ut
797 5088 925 5126 vero
957 5076 1249 5127 διιειιιιιίιιιη
1279 5089 1481 5131 morem
1511 5073 1634 5127 fecit
1656 5116 1667 5136 ,
1697 5071 1912 5127 causam

312 5181 419 5219 non
472 5166 911 5234 invenitzquare
969 5167 1065 5219 hac
1117 5168 1181 5219 de
1231 5182 1288 5221 ιτ.
1335 5166 1589 5220 lia-stat?
1644 5179 1699 5220 ut
1753 5170 1915 5236 liquet

310 5276 376 5313 ex
440 5252 793 5327 sequentibus
850 5276 863 5311 :
922 5257 1183 5311 Hazsilans
1238 5270 1407 5310 autem
1461 5276 1551 5327 ego
1613 5260 1674 5313 de
1732 5261 1913 5321 hujus-

311 5352 453 5405 νιοάὶ
482 5351 777 5420 quastione.
810 5351 901 5407 Sic
932 5351 1180 5420 loquitur_
1232 5368 1387 5405 suum
1438 5343 1764 5405 adumbratis
1799 5368 1913 5420 pec-

315 5453 519 5499 catum.
553 5443 620 5498 Et
650 5444 740 5497 ille
769 5444 984 5512 quidem
1021 5444 1299 5495 adumbrat
1327 5483 1338 5502 ,
1366 5448 1595 5512 Agrippa
1623 5460 1751 5497 vero
1773 5455 1919 5513 cup;t

314 5535 465 5591 illum
493 5535 696 5589 videre.
744 5534 878 5589 Vide
906 5534 1176 5603 principes
1217 5548 1431 5601 semper
1463 5533 1793 5588 inimicitiam
1820 5536 1913 5590 ιιι-

315 5627 528 5682 daicatn
561 5624 824 5694 repellere
850 5666 865 5691 ,
898 5634 952 5680 et
982 5624 1281 5693 pneterjus
1310 5638 1452 5693 smpe
1482 5640 1641 5692 agere
1673 5627 1787 5693 cogi
1814 5669 1828 5690 ,
1856 5643 1917 5678 ac

315 5718 593 5773 dilationis
619 5731 782 5773 ansas
809 5732 1053 5786 quzcrerc
1085 5736 1098 5767 :
1137 5732 1240 5769 non
1269 5717 1413 5769 enim
1465 5716 1715 5783 ignorans
1766 5719 1915 5772 tlill'e-

319 5809 471 5862 rcbat
494 5851 508 5875 ,
541 5809 635 5863 sed
662 5822 879 5878 gnarus.
931 5807 1163 5878 Agrippa
1198 5823 1327 5860 vero
1362 5822 1467 5860 non
1503 5807 1661 5860 modo
1691 5825 1795 5863 nou
1830 5827 1913 5864 re-

319 5899 495 5965 pellit,
523 5900 617 5955 scd
642 5908 695 5955 et
719 5899 905 5954 audire
926 5909 1073 5969 optat
1098 5918 1109 5953 :
1137 5899 1275 5969 quod
1302 5898 1653 5954 admiratione
1675 5901 1913 5972 dignum,

1322 479 1384 533 IN
1426 476 1601 531 ACTA
1646 466 2169 527 Al’OS'l'OLORUM.
2216 468 2446 523 llUillL.
2490 467 2575 522 LI.

3455 471 3563 527 331

1968 577 2111 635 unde
2139 581 2190 634 in
2220 579 2547 634 desiderium
2574 578 2782 634 venerit
2808 578 3019 635 videndi
3046 579 3320 635 hominem
3346 596 3571 637 accusa-

1968 682 2077 726 tum
2107 673 2229 727 licet
2258 673 2477 742 injuste.
2512 672 2586 727 lta
2619 683 2671 727 et
2696 673 2799 728 hoc
2830 689 2924 743 per
2950 674 3343 742 providentiam
3370 674 3573 731 factum

1965 773 2066 818 est.
2110 762 2471 829 Quamobrem
2519 774 2573 819 et
2618 780 2754 819 uxor
2800 766 2918 834 ejus
2956 766 3112 820 simul
3164 767 3352 831 audit,
3402 782 3501 822 nec
3543 781 3575 822 a

1967 858 2229 911 concione
2260 857 2433 912 abest.
2468 857 2579 912 Nec
2606 859 2780 912 solum
2826 858 3011 923 audit,
3059 859 3153 914 sed
3196 874 3321 914 cum
3367 858 3576 915 honore

1966 963 2183 1017 magno.
2214 949 2395 1004 Talem
2431 950 2621 1004 habuit
2651 950 3005 1020 cupiditatem
3033 969 3047 1006 :
3074 966 3182 1006 non
3211 952 3356 1007 enim
3386 952 3577 1006 audire

1971 1042 2215 1111 petiisset
2241 1083 2255 1107 ,
2288 1036 2390 1095 nisi
2424 1042 2476 1096 id
2504 1051 2782 1109 Optasset,
2837 1059 3009 1113 neque
3037 1046 3238 1099 sociam
3268 1045 3577 1100 admisisset

1970 1146 2233 1194 uxorem,
2266 1132 2370 1186 nisi
2400 1147 2654 1201 magnum
2705 1132 2979 1203 quidpiam
3033 1134 3102 1189 de
3156 1134 3248 1189 illo
3295 1135 3574 1190 sensisset.

1973 1221 2194 1275 Videtur
2221 1232 2401 1277 autem
2432 1222 2559 1277 mihi
2591 1224 2740 1278 illam
2787 1240 3002 1294 quoque
3052 1226 3167 1281 lucc
3214 1226 3574 1282 desiderasse.

1975 1313 2038 1366 Et
2063 1312 2184 1366 vide
2214 1313 2434 1367 Paulum
2464 1314 2645 1368 Statim
2672 1329 2778 1369 non
2805 1314 2873 1369 de
2901 1315 3006 1371 fide
3044 1317 3219 1371 solum
3275 1327 3329 1372 et
3373 1318 3441 1372 de
3487 1333 3580 1372 re-

1972 1406 2232 1460 missione
2263 1416 2606 1475 peccatorum
2635 1446 2647 1470 ,
2684 1406 2779 1462 sed
2812 1408 2975 1461 etiam
3029 1407 3097 1462 de
3146 1408 3309 1463 rebus
3357 1408 3581 1479 agendis

1973 1500 2349 1563 disserentem.
2384 1497 2488 1553 Sed
2519 1499 2765 1567 superius
2794 1500 2937 1554 dicta
2966 1510 3294 1569 repetamus.
3342 1500 3408 1554 In
3442 1516 3581 1570 prae-

1975 1590 2130 1653 scnti,
2158 1590 2330 1658 iuqttit
2356 1631 2369 1657 ,
2396 1590 2478 1643 ubi
2501 1591 2973 1660 ;0pportunitatem
2995 1601 3163 1645 autem
3191 1602 3389 1658 nactus,
3414 1608 3583 1645 accer-
3610 1638 3611 1641 η

1976 1700 2088 1736 sam
2113 1693 2178 1737 te.
2213 1682 2346 1739 Vide
2394 1685 2739 1738 czccitatem:
2790 1682 2907 1737 haac
2953 1683 3181 1738 audiens
3231 1685 3482 1753 sperabat
3526 1701 3586 1740 se

1978 1776 2232 1845 pecunias
2253 1785 2599 1844 accepturum
2618 1775 2687 1831 ab
2714 1790 2800 1830 eo.
2825 1774 2892 1829 Et
2917 1791 3023 1829 non
3057 1776 3231 1829 Solum
3260 1776 3359 1829 hoc
3382 1791 3543 1845 grave
3568 1792 3583 1841 ι

1980 1869 2072 1923 sed
2101 1870 2264 1923 etiam
2296 1869 2551 1934 loquutus
2579 1884 2702 1923 cum
2729 1883 2796 1923 eo
2822 1910 2836 1935 ,
2872 1884 2978 1922 non
3027 1868 3229 1923 dimisit
3278 1884 3400 1923 eum
3427 1884 3442 1933 ;
3490 1868 3585 1923 sed

1981 1960 2104 2029 quia
2137 1961 2187 2014 in
2223 1960 2558 2029 principatus
2587 1961 2747 2014 finem
2780 1970 3000 2015 venerat
3029 2002 3044 2025 ,
3076 1962 3294 2031 reliquit
3320 1977 3443 2016 eum
3472 1963 3590 2016 vin-

1982 2060 2125 2105 ctum
2153 2093 2168 2115 ,
2202 2061 2259 2105 ut
2285 2051 2682 2121 gratificaretur
2711 2052 2914 2108 Juda'cis
2944 2070 2957 2106 :
2992 2052 3171 2123 itaque
3201 2070 3305 2107 non
3334 2054 3591 2124 pecunias

1984 2143 2146 2197 modo
2174 2184 2187 2208 ,
2216 2142 2311 2196 sed
2345 2152 2399 2197 et
2426 2143 2653 2213 gloriam
2685 2144 2956 2213 cupiebat.
3012 2143 3124 2199 Cur
3148 2186 3161 2210 ,
3193 2146 3420 2201 sceleSte
3440 2187 3455 2212 ,
3498 2162 3591 2218 pe—

1985 2235 2173 2287 cunias
2197 2233 2400 2302 quaeris
2425 2248 2454 2286 a
2482 2234 2600 2288 viro
2640 2234 2973 2288 contrarium
3018 2234 3343 2303 pra-dicente
3372 2235 3396 2289 ?
3437 2236 3592 2305 Quod

1987 2334 2166 2379 autem
2196 2339 2301 2379 non
2330 2325 2632 2395 receperit,
2658 2325 2832 2395 palam
2855 2336 2939 2381 est
2964 2340 3030 2380 ex
3053 2340 3119 2381 eo
3144 2367 3160 2394 ,
3188 2326 3330 2397 quod
3356 2328 3591 2382 vinctum

1989 2416 2307 2485 reliquerit,
2336 2417 2615 2471 soluturus
2662 2418 2708 2471 si
2751 2419 3072 2487 accepisset.
3127 2419 3203 2475 De
3238 2423 3594 2492 temperantia

1993 2509 2078 2563 hic
2109 2508 2415 2578 disputabat
2442 2548 2457 2575 ,
2487 2517 2540 2562 et
2573 2508 2661 2564 ille
2691 2526 2719 2562 a
2755 2510 2872 2564 viro
2905 2510 3028 2578 talia
3060 2510 3316 2582 loquente
3345 2513 3597 2583 sperabat

1991 2613 2051 2653 se
2080 2600 2359 2667 pecuniam
2389 2609 2757 2669 accepturum.
2802 2601 2868 2654 Et
2899 2609 3085 2671 petere
3111 2602 3330 2672 quidem
3360 2618 3467 2659 non
3496 2618 3598 2659 au-

1995 2692 2155 2747 debat
2189 2710 2202 2746 :
2232 2693 2355 2748 talis
2381 2694 2581 2763 quippe
2608 2704 2691 2748 est
2718 2693 2943 2758 malitia,
2971 2693 3046 2767 (α)
3079 2693 3290 2767 [timida
3320 2712 3516 2767 nempe
3544 2709 3599 2753 et

1994 2786 2175 2839 omnia
2197 2795 2443 2856 suspecta
2470 2785 2731 2859 habens];
2763 2787 3017 2855 sperabat
3039 2797 3254 2844 autem:
3280 2789 3460 2860 itaque
3476 2790 3601 2859 jure

1997 2877 2103 2931 illis
2132 2877 2535 2948 gratificabatur
2560 2920 2573 2942 ,
2609 2890 2794 2948 utpote
2820 2880 2911 2949 qui
2940 2880 3011 2935 ibi
3046 2889 3194 2936 tanto
3223 2892 3467 2953 tempore
3496 2883 3601 2938 im-

1999 2978 2260 3038 perasset.
2290 2968 2462 3039 Igitur
2492 2968 2705 3023 Festum
2727 3013 2741 3035 ,
2774 2971 2860 3024 ubi
2906 2972 3224 3040 provinciam
3260 2975 3559 3045 suscepisset
3586 3016 3600 3044 ,

1999 3064 2235 3116 adierunt
2282 3064 2537 3135 principes
2596 3064 2920 3117 sacerdotum
2966 3072 3013 3118 et
3058 3066 3209 3137 primi
3256 3065 3559 3121 Judazorurn
3588 3108 3602 3131 ,

2001 3154 2261 3207 adversus
2284 3154 2505 3208 Paulum
2533 3197 2548 3221 ,
2575 3154 2766 3223 inquit.
2793 3155 2985 3210 Statim
3005 3164 3061 3211 et
3086 3172 3115 3211 a
3141 3158 3405 3228 principio
3424 3174 3608 3215 acces-

2002 3254 2190 3300 serunt
2216 3244 2566 3309 sacerdotes,
2609 3246 2700 3315 qui
2752 3260 2858 3300 non
2905 3248 3113 3317 gravati
3158 3247 3386 3304 fuissent
3424 3248 3608 3305 Caesa-

2004 3352 2150 3392 ream
2180 3338 2363 3391 venire
2390 3378 2404 3402 ,
2438 3338 2538 3391 nisi
2572 3339 2928 3406 prmvenisset
2955 3338 3179 3394 veniens
3208 3339 3297 3401 ille
3323 3381 3339 3407 ,
3362 3340 3609 3411 quando-

2003 3428 2221 3499 quidem
2245 3428 2335 3481 ubi
2358 3428 2575 3483 advenit
2602 3470 2617 3495 ,
2652 3429 2831 3483 statim
2878 3430 3026 3485 illum
3072 3430 3339 3486 adierunt.
3379 3432 3445 3486 Et
3496 3451 3611 3487 cum

2004 3520 2343 3576 descendisset
2397 3519 2683 3575 Caesaream
2707 3562 2723 3586 ,
2783 3522 3080 3575 morabatur
3134 3522 3202 3575 ibi
3257 3522 3430 3577 decem
3482 3525 3610 3579 dies.

2006 3613 2169 3669 Forte
2192 3656 2210 3680 ,
2238 3608 2432 3682 opinor
2455 3654 2470 3678 ,
2502 3621 2559 3665 ut
2591 3623 2861 3681 prosuu'et
2887 3612 2966 3667 eis
2991 3655 3007 3679 ,
3055 3615 3146 3685 qui
3186 3615 3391 3670 vellent
3438 3618 3612 3687 ipsum

2007 3718 2376 3771 corrumpere.
2404 3703 2598 3758 Paulus
2622 3718 2752 3758 vero
2776 3712 2895 3757 erat
2924 3704 2975 3757 in
3005 3719 3247 3761 carcere.
3275 3706 3345 3761 Et
3365 3711 3615 3780 rogabant

2009 3812 2123 3849 eum
2148 3835 2163 3860 ,
2195 3794 2405 3864 inquit,
2433 3802 2487 3844 ut
2518 3792 2687 3863 ipsum
2719 3795 3079 3849 transmitteret
3114 3798 3168 3850 in
3196 3796 3503 3853 Jerusalem.
3551 3801 3615 3855 Et

2008 3902 2107 3941 cur
2138 3885 2363 3955 gratiam
2395 3885 2687 3954 petierunt,
2733 3886 2777 3939 si
2806 3885 3010 3954 justum
3043 3897 3159 3942 erat
3190 3897 3246 3943 ut
3275 3893 3617 3947 moreretur?

2011 3981 2118 4037 Sed
2154 3984 2222 4036 ita
2254 3983 2329 4037 illi
2370 3984 2669 4040 manifesta:
2710 3986 2925 4040 fuerunt
2966 3986 3213 4053 insidi-.e,
3266 3997 3325 4044 ut
3368 3988 3616 4046 diceret:

2024 4070 2133 4127 Viri
2156 4076 2241 4145 qui
2271 4086 2541 4145 praesentes
2567 4078 2872 4145 estis,videte
2901 4077 3038 4131 [tunc
3062 4119 3076 4143 ,
3104 4078 3166 4132 de
3205 4095 3305 4149 quo
3346 4070 3620 4137 multitudo

2013 4165 2319 4219 Judteorunt
2363 4184 2442 4223 me
2487 4168 2848 4238 interpellavit.
2899 4169 3005 4224 Per
3049 4169 3181 4224 illud
3223 4172 3410 4240 enim,
3452 4170 3621 4227 Inter-

2015 4256 2256 4327 pellavit,
2308 4260 2534 4328 gratiam
2586 4244 2775 4313 contra
2833 4259 2985 4314 illum
3056 4262 3279 4330 petiisse
3332 4262 3619 4333 significat.

2018 4349 2199 4420 Itaque
2259 4352 2368 4420 jam
2422 4352 2677 4407 Volebant
2726 4353 2873 4407 illum
2931 4353 2997 4409 ad
3059 4356 3385 4411 sententiam
3435 4356 3621 4413 feren-

2016 4443 2138 4497 dam
2191 4443 2479 4509 inducere,
2521 4444 2753 4514 linguam
2795 4444 2947 4499 Pauli
2993 4445 3264 4501 timentes.
3298 4446 3436 4516 Quid
3468 4452 3624 4505 time~

2020 4535 2127 4588 tis?
2155 4534 2281 4603 quid
2320 4534 2628 4589 festinatis?
2656 4536 2836 4589 Palam
2866 4545 2950 4590 est
2978 4536 3128 4590 illum
3153 4538 3435 4593 custodiri.
3482 4538 3621 4596 Num

2019 4626 2226 4696 fugiet?
2252 4626 2349 4692 Qui
2372 4644 2490 4697 ergo
2517 4628 2567 4679 in
2595 4628 2731 4681 vobis
2757 4670 2771 4689 ,
2796 4628 2970 4698 ittquit
2993 4669 3009 4693 ,
3036 4638 3260 4696 potentes
3286 4640 3403 4683 sunt
3429 4674 3443 4695 ,
3475 4648 3625 4685 accu-

2018 4726 2125 4769 sent
2156 4716 2321 4770 illum.
2358 4717 2591 4770 Rursum
2622 4729 2967 4773 accusatores
2990 4718 3255 4775 Cresarea)
3278 4762 3295 4786 ,
3328 4732 3383 4775 et
3411 4738 3621 4777 rursum

2019 4809 2267 4862 educitur
2314 4809 2532 4863 Paulus.
2588 4809 2826 4879 Sequenti
2870 4810 2994 4876 die,
3042 4810 3255 4879 inquit,
3302 4812 3482 4868 sedens
3530 4832 3624 4882 pro

2020 4900 2283 4953 tribunali.

2092 4994 2146 5046 '5.
2193 4991 2359 5055 Vide,
2408 4992 2589 5046 statim
2640 4994 2862 5048 veniens
2908 4994 3047 5048 sedit
3091 5011 3188 5065 pro
3235 4997 3626 5061 tribunalizsic

2024 5084 2172 5137 illum
2229 5094 2283 5137 et
2337 5100 2459 5137 cum
2516 5093 2665 5140 tanto
2729 5086 2907 5139 studio
2965 5086 3335 5155 impellebant,
3394 5089 3473 5143 sic
3532 5106 3626 5144 ur-

2024 5178 2237 5246 gebant.
2286 5176 2551 5241 Quamdiu
2602 5193 2730 5246 ergo
2787 5178 3024 5231 nondum
3071 5189 3325 5247 expertus
3374 5190 3485 5233 erat
3528 5181 3627 5237 Ju-

2025 5272 2169 5323 da:os
2218 5279 2281 5335 et
2322 5270 2581 5323 honorem
2635 5271 2871 5335 illorum,
2907 5280 3053 5325 recte
3112 5272 3423 5341 respondit;
3476 5285 3625 5342 post-

2024 5380 2180 5434 quam
2232 5371 2411 5415 autem
2465 5364 2611 5415 venit
2658 5361 3075 5434 Jerosnlymam,
3112 5362 3197 5417 hic
3244 5381 3459 5435 quoque
3505 5382 3625 5437 graa

2028 5457 2255 5510 “(lentur
2311 5457 2448 5520 illis;
2511 5454 2605 5508 sed
2660 5470 2781 5509 cum
2832 5455 2961 5509 dolo
3012 5458 3113 5513 hoc
3170 5456 3331 5524 facit;
3381 5470 3435 5513 et
3487 5476 3623 5529 quo-

2027 5549 2184 5603 modo
2205 5592 2216 5613 ,
2261 5548 2383 5601 audi
2416 5566 2428 5601 :
2457 5548 2603 5601 addit
2630 5549 2771 5602 enim
2801 5566 2815 5600 :
2850 5546 3001 5602 l'isne
3036 5548 3414 5621 Jerosolymam
3445 5570 3627 5606 ascen-

2026 5642 2167 5707 dens,
2197 5642 2301 5694 illic
2329 5641 2391 5694 de
2415 5640 2493 5694 Itis
2509 5641 2739 5710 judicori
2760 5660 2788 5691 u
2815 5641 2933 5693 me?
2963 5645 3037 5694 Ac
3064 5642 3104 5695 si
3127 5641 3355 5709 diceret,
3380 5645 3492 5697 Non
3520 5647 3628 5701 illis

2029 5744 2079 5789 te
2123 5732 2275 5788 trado
2302 5775 2314 5799 ,
2365 5733 2458 5787 sed
2503 5734 2615 5801 ipse
2640 5732 2802 5802 judex
2847 5747 2959 5787 ero.
2994 5733 3105 5789 Hoc
3142 5749 3267 5789 vero
3299 5733 3466 5802 dicit,
3514 5752 3627 5792 rem

2094 5914 2164 5973 tu)
2201 5920 2311 5969 QtliC
2339 5913 2527 5959 uncinis
2552 5908 2864 5972 clauduntur,
2885 5910 3059 5959 absunt
3080 5923 3107 5960 a
3131 5908 3438 5974 quibusdam.
