4076 6510
528 452 635 506 355

531 569 673 622 illius
698 559 917 616 arbitrio
943 554 1273 626 permittens,
1305 560 1361 603 ut
1388 549 1488 602 hoc
1511 548 1711 599 honore
1732 543 1904 610 ipsum
1925 538 2107 591 allice-

534 669 648 716 ret:
679 656 798 723 quia
831 650 875 705 si
908 651 1010 703 hoe
1056 648 1406 714 imperasset,
1449 636 1602 690 valde
1632 632 1910 703 impudens
1940 628 2110 683 visum

533 721 749 809 fuisset,
790 758 913 799 eum
961 741 1047 810 qui
1087 737 1245 792 isthic
1286 732 1561 788 convictus
1610 744 1714 783 non
1762 727 1979 789 fuisset,
2021 721 2112 775 illo

532 838 815 893 abducere.

606 924 761 978 Pauli
802 920 1037 988 loquendi
1076 916 1284 986 ﬁducia.
1310 911 1600 966 ——Paulus
1642 922 1768 963 vero
1807 920 1912 959 non
1956 901 2110 966 dixit,

535 1018 672 1075 Nolo
697 1034 713 1066 θ
735 1031 801 1069 nc
827 1012 1275 1067 vehementiorem
1303 1004 1549 1058 redderet
1574 1001 1834 1069 jndicem;
1865 994 1958 1051 sed
1992 1010 2111 1049 rur-

534 1126 653 1163 sum
702 1106 867 1159 libere
897 1103 1130 1169 loquitur
1157 1098 1239 1151 his
1264 1095 1475 1150 verbis:
1499 1095 1628 1146 Ante
1651 1087 1872 1144 tribunal
1898 1086 2114 1141 Cwsaris

535 1210 612 1253 sto
638 1215 655 1251 :
676 1198 744 1250 ibi
768 1212 843 1248 me
862 1201 1054 1262 oportet
1063 1187 1309 1260 judicari.
1335 1186 1519 1254 Magna
1544 1180 1789 1251 loquendi
1816 1177 2025 1231 fiducia.
2048 1174 2116 1229 Et

534 1290 654 1344 vide
671 1283 936 1353 quomodo
958 1283 1077 1335 illos
1098 1278 1380 1334 ratiocinio
1400 1276 1543 1344 capit
1563 1291 1577 1327 :
1597 1272 1744 1342 quasi
1769 1270 2016 1323 nimirum
2039 1268 2116 1320 sic

535 1395 630 1451 pro
651 1375 959 1431 defensione
986 1388 1080 1426 sua
1105 1372 1371 1439 loquatur.
1395 1367 1477 1421 Me
1508 1366 1579 1419 illi
1611 1363 1776 1417 semel
1807 1361 2077 1429 ejecerunt
2096 1398 2112 1423 ,

537 1481 590 1523 et
621 1468 746 1521 hine
773 1481 857 1519 me
888 1461 1245 1517 damnandum
1278 1468 1492 1527 putant,
1538 1455 1677 1524 quod
1717 1452 2002 1506 ostendant
2031 1464 2117 1503 me

538 1561 591 1614 in
634 1558 900 1613 Caesarem
934 1568 1220 1623 peccasse:
1246 1550 1383 1618 apud
1416 1550 1563 1603 illum
1597 1548 1766 1617 ipsum
1794 1587 1808 1609 ,
1837 1545 1925 1613 qui
1956 1543 2116 1597 hesus

538 1660 653 1713 est,
692 1648 916 1718 jndicari
946 1645 1086 1699 volo.
1119 1644 1213 1698 llis
1239 1638 1395 1696 dictis
1421 1640 1692 1707 subiungit
1717 1655 1729 1689 :
1752 1636 1950 1690 Judaei:
1990 1635 2118 1689 nihil

539 1741 688 1797 nocui
708 1781 722 1803 ,
753 1749 809 1790 ut
836 1739 986 1789 etiam
1016 1746 1069 1788 tu
1098 1734 1276 1786 melius
1308 1732 1453 1784 nosti.
1490 1729 1801 1797 Pcrstringit
1836 1728 1980 1780 illum
2008 1726 2115 1794 jam

543 1830 693 1901 quasi
736 1827 929 1882 Judieis
974 1825 1377 1895 gratiﬁcantem.
1431 1818 1632 1874 Deinde
1680 1829 1955 1887 postquam
2002 1831 2120 1885 pcr-

540 1922 869 1983 strinxerat,
903 1932 1086 1971 rursus
1117 1914 1278 1968 solvit
1308 1927 1610 1967 sermonem
1634 1953 1649 1975 ,
1681 1910 1883 1963 addens
1905 1927 1917 1961 :
1939 1907 2121 1977 Itaque

536 2014 580 2067 si
614 2014 815 2079 quidem
854 2011 1039 2078 injuste
1078 2009 1187 2077 egi,
1232 2003 1310 2059 vel
1349 2005 1558 2074 dignum
1584 2002 1778 2071 aliquid
1808 2011 1965 2055 morte
1988 2001 2115 2071 feci,

539 2120 639 2155 non
668 2117 840 2155 recuso
870 2100 1015 2152 mori.
1044 2096 1237 2152 Contra
1270 2110 1355 2149 me
1387 2095 1703 2149 sententiam
1738 2093 1852 2147 fero
1872 2134 1885 2157 ,
1930 2092 2116 2160 inquit.

538 2194 653 2247 lloc
683 2208 788 2245 non
825 2200 906 2244 est
931 2204 1050 2243 sese
1076 2187 1367 2241 occidentis
1387 2227 1402 2249 ,
1432 2184 1525 2239 sed
1555 2185 1708 2238 valde
1734 2184 1889 2238 dictis
1918 2190 2027 2238 suis
2061 2185 2119 2237 li-

536 2281 711 2336 dentis
730 2298 741 2333 :
760 2294 876 2331 nam
898 2293 1016 2332 cum
1038 2275 1284 2346 loquendi
1309 2274 1500 2327 ﬁducia
1523 2274 1680 2337 adsit,
1697 2282 1905 2341 oportet
1920 2273 2121 2341 justitia

540 2373 604 2426 ad
633 2368 1034 2425 conlittandum.
1069 2366 1130 2421 Si
1170 2376 1336 2419 autem
1376 2364 1505 2417 nihil
1530 2375 1600 2417 est
1624 2381 1794 2417 eorum
1814 2407 1827 2431 ,
1857 2365 1919 2416 de
1946 2365 2123 2432 quibus

538 2464 617 2516 illi
644 2470 915 2525 accusant,
954 2456 1098 2511 nemo
1137 2466 1292 2527 potest
1332 2472 1408 2507 nte
1454 2456 1664 2508 donare.
1708 2454 1931 2507 Etiamsi
1960 2454 2119 2515 velit,

541 2554 746 2623 inquit,
781 2566 884 2605 non
919 2549 1129 2618 poterit.
1163 2547 1277 2601 Non
1304 2546 1471 2609 dixit,
1519 2544 1631 2598 Non
1662 2544 1853 2614 dignus
1883 2559 2000 2598 sum
2031 2545 2119 2613 qui

540 2644 760 2705 moriar,
789 2655 979 2708 neque,
1012 2638 1109 2704 Qui
1134 2636 1413 2700 absolvar;
1445 2636 1561 2700 sed,
1591 2636 1813 2690 Paratus
1841 2651 1955 2689 sum
1982 2634 2123 2704 judi-

541 2736 650 2789 cari
691 2734 826 2803 apud
856 2732 1122 2787 Caesarem
1151 2748 1164 2783 :
1190 2730 1342 2783 simul
1381 2729 1572 2782 somnii
1605 2742 1837 2791 memor,
1875 2728 2125 2781 fidentius

543 2834 814 2895 provocat.
849 2822 1031 2890 Neque
1069 2820 1235 2880 digit,
1270 2819 1348 2872 Tu
1369 2861 1384 2885 ,
1416 2818 1541 2881 sed,
1578 2817 1781 2881 Nemo;
1810 2830 1860 2872 et
1889 2817 2122 2882 addidit,

547 2916 797 2972 Ca‘sarem
817 2911 1039 2982 appello,
1065 2928 1130 2965 ne
1155 2911 1224 2965 illi
1245 2910 1623 2965 cantumeliam
1647 2908 1842 2962 inferre
1862 2910 2121 2962 videatur.

549 3008 688 3061 Tunc
736 3005 917 3058 Festus
962 3004 1194 3070 loquutus
1238 3018 1351 3055 cum
1403 3002 1617 3053 concilio
1665 3000 1846 3053 dixit:
1874 2998 2123 3052 Caesarem

546 3098 856 3169 appellasti;
882 3094 949 3147 ad
976 3094 1223 3147 Umorem
1248 3094 1361 3145 ibis.
1398 3091 1639 3145 Vidistin‘
1667 3089 1932 3158 quomodo
1958 3090 2123 3158 grati-

548 3187 767 3242 licetur?
805 3185 982 3241 Gratia
1014 3185 1154 3238 enim
1198 3191 1347 3244 erat,
1388 3183 1617 3251 colloqui
1657 3198 1776 3234 eum
1807 3182 2128 3234 accusatori-

547 3280 646 3333 bus
667 3318 681 3343 ,
714 3277 852 3346 quod
880 3287 962 3330 est
989 3278 1221 3342 c0rrupti
1251 3272 1447 3335 animi,
1478 3281 1531 3326 ct
1571 3271 1811 3325 ordinem
1846 3271 2123 3325 turbantis.

554 3369 687 3424 Vide
716 3369 903 3422 itermn
937 3366 1076 3419 illius
1107 3374 1445 3433 prorogatum
1489 3362 1778 3430 judicium,
1818 3372 1874 3416 et
1912 3362 2128 3415 insidias

552 3457 941 3531 pra-dicationis
976 3457 1311 3509 occasionem
1354 3453 1540 3507 factas.
1582 3452 1707 3507 Haec
1743 3452 1884 3506 enim
1915 3451 2129 3520 dispen-

550 3560 755 3613 santur,
786 3558 841 3601 ut
872 3547 1021 3600 facile
1049 3556 1102 3600 et
1132 3561 1250 3598 cum
1274 3544 1516 3598 custodia
1543 3543 1934 3612 Jerosolymam
1962 3542 2126 3595 addu-

549 3655 721 3702 catur,
767 3638 979 3693 nomine
1026 3636 1344 3689 insidiante:
1371 3649 1475 3688 non
1516 3634 1653 3687 idem
1694 3644 1809 3687 erat
1843 3634 1965 3687 illnc
2003 3635 2129 3687 sim-

551 3732 755 3801 pliciter
777 3729 1083 3790 adventare,
1106 3735 1158 3778 et
1179 3740 1297 3779 cum
1325 3723 1412 3776 tali
1435 3738 1591 3777 causa
1616 3725 1817 3777 venire.
1838 3723 1950 3777 Hoc
1970 3725 2126 3778 etiam

552 3824 600 3875 id
630 3819 839 3881 ellecit,
872 3827 927 3870 ut
955 3815 1121 3870 Judad
1155 3816 1275 3867 illuc
1304 3814 1672 3868 convenirent.
1711 3813 1907 3867 Deinde
1939 3813 2127 3866 iterum

554 3927 717 3964 morae
744 3918 887 3972 sunt,
910 3908 1034 3961 dum
1063 3906 1151 3958 ille.
1174 3904 1523 3975 Jerosolymis
1552 3914 1827 3959 versatUr:
1854 3914 1914 3958 ut
1932 3905 2127 3970 diseas,

553 4002 711 4054 etiam
730 4014 849 4053 cum
870 4008 1076 4064 tempus
1094 4005 1254 4058 esset,
1278 3995 1491 4049 insidias
1516 3997 1799 4064 prmvalere
1822 4011 1925 4049 non
1952 4012 2127 4064 posse,

556 4092 664 4145 [leo
696 4105 797 4143 non
824 4086 1169 4141 concedente.
1196 4085 1421 4154 Agrippa
1444 4095 1611 4138 autem
1642 4086 1722 4137 I:ic
1743 4103 1831 4139 rex
1856 4097 1901 4139 et
1922 4085 2132 4139 Bernice

551 4181 913 4235 discenderunt
948 4176 1251 4231 Ctesaream.
1298 4176 1391 4230 llic
1419 4177 1650 4245 Agrippa
1672 4217 1686 4240 ,
1718 4179 1804 4245 qui
1837 4178 1994 4231 etiam
2030 4178 2129 4232 Ile-

550 4275 732 4339 rodes,
787 4272 923 4325 alius
969 4278 1050 4322 est
1104 4278 1223 4336 post
1274 4283 1395 4322 eum
1448 4268 1536 4337 qui
1591 4267 1845 4322 Jaeohum
1900 4269 2129 4333 occidit,

552 4374 610 4418 ut
660 4364 727 4417 sit
778 4372 1016 4429 quartus.
1077 4359 1207 4414 Vide
1265 4360 1508 4414 inimicos
1547 4361 1633 4414 vel
1673 4360 1863 4414 invitos
1921 4362 2136 4429 conspi-

555 4470 695 4509 rare.
754 4452 823 4507 Ut
864 4468 990 4504 vero
1033 4466 1219 4519 magna
1264 4449 1560 4504 auditorum
1609 4450 1900 4519 frequentia
1946 4464 2131 4514 esset,

556 4549 608 4599 in
652 4543 976 4599 desiderium
1025 4540 1208 4595 incidit
1249 4542 1477 4611 Agrippa
1517 4542 1686 4609 ipsum
1726 4542 1972 4596 audiendi
2000 4563 2012 4596 :
2041 4560 2136 4597 nec

555 4650 844 4705 mentuque
874 4634 1092 4698 audivit,
1123 4632 1215 4687 sed
1258 4648 1377 4687 cum
1406 4644 1685 4702 apparatu.
1712 4635 1777 4687 Et
1807 4635 1927 4689 vide
1954 4635 2140 4688 defen-

555 4734 783 4793 sioucm,
814 4743 968 4795 quam
1003 4742 1203 4795 praeses
1228 4726 1430 4795 profert
1454 4746 1466 4779 :
1490 4724 1616 4779 Cum
1638 4737 1804 4779 autem
1834 4728 1941 4795 ipse
1965 4729 2139 4797 appel-

558 4824 707 4875 lasset
740 4822 805 4873 ad
830 4822 1127 4891 Augustum,
1149 4820 1378 4891 judicavi
1399 4819 1591 4871 mittere
1614 4820 1757 4871 illum
1782 4822 1880 4871 :de
1905 4836 2002 4885 quo
2022 4821 2141 4887 ([llltl

561 4928 751 4969 (crtum
780 4916 991 4968 scribant
1022 4914 1244 4977 domino,
1278 4929 1375 4964 non
1405 4911 1581 4964 habeo.
1607 4909 1696 4965 Sic
1722 4912 1903 4964 scribit
1933 4910 2137 4973 Festus,

562 5018 611 5059 ct
639 5003 1159 5058 traduciturludaica
1174 5002 1460 5055 crudelitas
1482 5018 1494 5053 :
1514 5016 1633 5055 eum
1656 5001 1797 5055 enim
1821 5000 1920 5055 hoc
1945 5017 2138 5071 przcses

559 5102 723 5161 ilirat,
756 5105 1058 5162 suspectum
1090 5110 1192 5145 non
1225 5100 1325 5145 est.
1360 5092 1487 5145 Ideo
1517 5102 1694 5145 autem
1720 5092 1863 5157 dicit,
1899 5104 1955 5145 nt
1982 5093 2049 5147 ob
2076 5108 2141 5145 co

565 5193 681 5252 ipso
701 5188 1025 5240 damnentur
1049 5184 1216 5237 Judzri
1246 5203 1257 5236 :
1286 5192 1563 5251 postquam
1594 5192 1769 5235 autem
1798 5198 1981 5236 omnes
2010 5199 2141 5236 con-

568 5282 888 5332 demnarunt
905 5279 1064 5344 ipsos,
1083 5286 1205 5326 tnne
1225 5274 1475 5326 ultionem
1494 5274 1725 5325 immittit
1742 5273 1898 5327 Dens.
1912 5274 2142 5327 Observa

573 5378 745 5422 autem
773 5384 785 5420 :
810 5365 1079 5419 damnavit
1111 5364 1294 5433 Lysias
1320 5405 1332 5425 ,
1366 5364 1635 5417 damnavit
1666 5363 1809 5417 Felix
1832 5405 1846 5427 ,
1876 5364 2145 5417 damnavit

578 5458 763 5513 Festus
787 5469 839 5512 et
867 5460 898 5509 ii
921 5458 1005 5525 qni
1032 5456 1461 5525 gratiﬁcaliantnr
1483 5458 1579 5516 eis.
1606 5456 1869 5509 damnavit
1894 5459 2141 5527 Agrippa.

578 5550 712 5616 Quid
755 5549 925 5599 uitia?
968 5550 1365 5600 ltauinaverunt
1411 5563 1504 5601 eos
1550 5548 1645 5617 ipsi
1688 5548 1961 5609 Pharisaj.
1995 5551 2144 5616 Quod

572 5644 661 5698 illc
690 5640 1047 5700 damnaverit,
1082 5639 1199 5690 audi
1233 5640 1401 5707 ipsum
1444 5638 1704 5693 dicentem
1733 5658 1744 5691 :
1772 5638 1987 5693 Nullam
2028 5660 2149 5693 cau-

576 5750 685 5788 sam
712 5730 1018 5800 deferebant,
1044 5746 1103 5783 ea:
1128 5732 1301 5797 quibus
1324 5749 1414 5801 rgo
1440 5732 1753 5800 suspicabar.
1778 5731 1933 5787 Certe
1957 5736 2148 5787 attule-

579 5837 725 5886 rum.
748 5820 841 5877 sed
866 5834 973 5879 non
994 5824 1337 5878 convicerunt
1364 5843 1373 5877 ε
1398 5824 1602 5878 insidia:
1628 5839 1851 5893 namque.
1875 5836 1922 5878 et
1949 5825 2150 5880 Ticinus

1250 436 1307 493 S.
1347 431 1622 492 JOANNIS
1658 423 2131 487 CllRYSOSTOMl
2172 423 2485 481 ARClllEP.
2516 422 3045 480 CONSTANTINOP.
3700 414 3827 469 ’5ῖίσῖ

2221 537 2355 590 hanc
2392 536 2749 604 suspicionem
2794 535 3093 604 pariebant,
3136 530 3407 600 inquisitio
3449 544 3629 581 autem
3676 527 3824 576 liiiul

2222 628 2346 681 tale.
2381 622 2447 678 Et
2478 626 2539 678 de
2564 628 2780 695 quodam
2806 625 2953 688 Jesu,
2989 623 3177 689 inquit,
3212 622 3467 689 defuncto.
3500 619 3629 671 Jure
3659 618 3827 675 dicit,

2219 718 2298 772 De
2328 719 2578 787 quodam,
2618 729 2805 787 utpote
2835 718 2923 786 qui
2957 717 3319 784 magistratum
3352 722 3594 779 gereiet,
3641 723 3832 776 neque

2221 809 2337 864 hmo
2365 821 2597 865 curaret.
2631 810 2830 863 Eadem
2860 810 2927 861 de
2957 821 3114 861 causa
3144 804 3308 858 dicit:
3344 803 3603 855 Ila-simus
3630 816 3722 870 ego
3753 800 3835 852 de

2221 902 2512 972 hujusmodi
2539 904 2831 971 quaestione.
2865 902 3074 955 Etenim
3109 900 3290 951 talium
3325 914 3501 951 rerum
3536 895 3829 962 inquisitio

2221 996 2337 1048 talis
2362 994 2555 1061 judicis
2582 1008 2736 1048 aures
2767 1010 2891 1047 vere
2920 988 3347 1044 transcendebat.
3383 988 3450 1041 Et
3480 988 3522 1041 si
3560 988 3783 1039 Ιι;ιιςίυι-ι
3808 1027 3825 1046 ,

2219 1103 2315 1140 cur
2344 1085 2735 1157 Jerosolymam
2768 1084 2968 1139 trahis?
3000 1083 3122 1136 ldeo
3167 1081 3358 1135 Paulus
3402 1080 3519 1147 ejus
3553 1079 3825 1143 judicium

2220 1179 2547 1244 detrectans,
2576 1177 2950 1246 Caesaremque
2970 1175 3261 1244 appellans,
3290 1173 3419 1226 dicit
3444 1190 3455 1224 :
3483 1173 3564 1225 Ad
3594 1173 3828 1225 tribunal

2222 1268 2436 1323 Cwsaris
2474 1279 2571 1333 sto,
2613 1270 2697 1322 ubi
2736 1286 2813 1321 me
2850 1278 3039 1336 oportet
3070 1266 3294 1335 judicari
3317 1280 3334 1327 ;
3364 1263 3560 1319 ctenim
3604 1263 3672 1317 de
3714 1264 3827 1316 hoc

2219 1362 2564 1416 accusabant.
2597 1361 2765 1414 Audis
2794 1348 3251 1429 appellationem?
3277 1358 3431 1412 audis
3463 1358 3687 1411 insidias
3716 1357 3819 1411 Ju-

2220 1452 2489 1505 dazorum?
2516 1451 2668 1505 audis
2694 1450 3049 1505 seditionem?

2291 1541 2343 1595 ι.
2380 1540 2503 1595 "ire
2540 1542 2716 1594 omnia
2757 1542 3041 1610 Agrippam
3081 1540 3147 1594 ad
3189 1537 3439 1593 audiendi
3478 1538 3821 1593 desiderium

2220 1633 2574 1687 concitarunt.
2617 1633 2683 1686 Et
2724 1632 2813 1686 dat
2863 1632 3051 1686 Festus
3099 1632 3361 1702 gratiam,
3413 1641 3465 1685 et
3519 1631 3576 1683 ﬁt
3628 1642 3818 1700 postea

2224 1725 2415 1779 Paulus
2440 1725 2651 1779 clarior.
2683 1726 2827 1779 Talia
2848 1769 2862 1791 ,
2910 1735 2965 1778 ut
3008 1726 3114 1778 disi
3136 1767 3150 1789 ,
3196 1724 3401 1778 insidia!
3430 1725 3814 1778 conciliarent.

2223 1817 2276 1870 Si
2310 1818 2423 1871 hare
2455 1834 2559 1871 non
2591 1818 2847 1883 fuissent,
2883 1820 3060 1871 nullus
3092 1819 3390 1887 principum
3425 1818 3599 1886 ipsum
3630 1816 3821 1870 audire

2222 1908 2468 1976 dignatus
2498 1918 2674 1971 esset,
2707 1908 2881 1961 nullus
2909 1924 3028 1960 eum
3070 1918 3215 1960 tanto
3245 1908 3478 1962 silentio.
3514 1908 3578 1961 Et
3606 1908 3821 1962 videtur

2221 2000 2436 2067 quidem
2466 2000 2553 2053 ille
2576 1999 2771 2055 docere
2798 2011 2851 2053 et
2879 2016 2999 2054 sese
3027 1999 3339 2066 defendere,
3366 2000 3459 2054 sed
3490 2002 3667 2069 potius
3692 2016 3817 2053 cum

2222 2094 2481 2164 dignitate
2521 2110 2706 2163 magna
2739 2096 3110 2149 eoueionatur.
3152 2093 3227 2147 Ne
3254 2108 3383 2163 ergo
3411 2102 3665 2163 putemus
3700 2109 3814 2147 rem

2223 2203 2437 2257 gravem
2468 2187 2687 2241 insidias
2713 2202 2855 2241 esse.

2298 2275 2461 2330 Nemo
2493 2276 2692 2330 laeditur
2730 2278 2826 2329 nisi
2864 2294 2895 2328 a
2933 2278 3113 2342 seipso.
3147 2274 3399 2343 Rapiuant
3430 2275 3726 2329 insectatur.
3747 2305 3817 2316 —

2226 2366 2383 2421 Modo
2425 2367 2577 2421 nobis
2606 2368 2736 2436 ipsis
2768 2385 2869 2419 non
2913 2368 3223 2420 insidientur
3248 2407 3262 2431 ,
3306 2381 3464 2421 nemo
3496 2367 3651 2420 nobis
3683 2367 3815 2419 insi-

2225 2460 2357 2511 diari
2377 2460 2599 2526 poterit;
2623 2460 2727 2511 imo
2746 2459 3065 2512 insidiantur
3081 2457 3317 2527 quidem,
3337 2457 3427 2511 sed
3448 2457 3578 2510 nihil
3599 2470 3816 2520 nocent,

2226 2549 2317 2601 sed
2353 2550 2584 2602 maxime
2631 2561 2871 2617 prosunt.
2918 2549 3099 2617 Itaque
3129 2563 3295 2616 penes
3323 2562 3419 2599 nos
3449 2557 3563 2609 est,
3596 2556 3646 2601 et
3677 2548 3820 2600 malo

2228 2638 2363 2691 al‘ﬁri
2407 2649 2459 2691 et
2500 2655 2603 2692 non
2636 2638 2793 2691 afﬁci.
2827 2640 2961 2692 Erce
2994 2638 3253 2691 testiﬁcor
3279 2647 3333 2691 et
3362 2652 3549 2705 magna
3576 2637 3822 2705 tubaque

2227 2734 2456 2786 clariore
2493 2748 2623 2785 voce
2641 2732 2778 2795 dico,
2804 2732 2919 2785 etsi
2946 2733 3127 2785 liceret
3166 2731 3217 2782 in
3241 2730 3405 2783 altum
3431 2729 3606 2782 locum
3632 2744 3822 2783 ascen-

2228 2822 2378 2885 dere,
2400 2837 2503 2876 non
2529 2836 2829 2875 recusarem
2857 2838 2868 2873 :
2894 2820 3255 2874 Christianum
3272 2835 3375 2873 non
3398 2835 3555 2887 posse
3575 2836 3604 2873 a
3626 2821 3824 2888 quovis

2231 2913 2511 2966 liomiuein
2539 2924 2673 2964 terra
2695 2911 2967 2965 habitante
2994 2911 3133 2967 lmdi.
3155 2910 3217 2964 Et
3239 2910 3363 2979 quid
3391 2911 3532 2974 dico,
3559 2909 3825 2963 homine?

2227 3003 2303 3057 Ne
2336 3005 2448 3072 ipse
2478 3002 2691 3071 quidem
2725 3004 2956 3063 dromon,
3002 3004 3085 3054 vel
3131 3012 3388 3071 tyrannus
3412 3044 3425 3063 ,
3458 3002 3541 3054 vel
3574 3001 3826 3056 diabolus

2228 3106 2425 3162 potest,
2454 3095 2555 3147 nisi
2589 3109 2646 3147 se
2675 3094 2787 3161 ipse
2830 3092 3002 3145 liedat.
3038 3091 3092 3145 Si
3124 3107 3251 3159 ergo
3281 3094 3401 3161 quis
3431 3093 3584 3146 nobis
3618 3095 3823 3147 malum

2232 3186 2427 3239 inferre
2452 3185 2613 3248 velit,
2646 3184 2909 3236 incassum
2945 3184 3188 3236 teutahit.
3222 3184 3370 3237 Sicut
3395 3184 3539 3236 enim
3568 3184 3825 3251 angelum

2232 3275 2409 3329 nullus
2436 3276 2489 3327 in
2520 3285 2656 3328 terra
2687 3274 2845 3326 homo
2876 3274 3071 3337 laedat,
3102 3275 3180 3327 sic
3207 3290 3304 3327 nec
3337 3275 3495 3328 homo
3524 3274 3826 3332 hominem.

2233 3368 2338 3422 Sed
2383 3382 2553 3436 neque
2596 3367 2709 3433 ipse
2748 3366 2907 3418 alimn
2943 3366 3133 3418 lardere
3166 3366 3390 3432 poterit,
3437 3365 3612 3420 donec
3653 3368 3830 3421 bonus

2231 3461 2355 3514 erit.
2387 3458 2521 3523 Quid
2552 3473 2679 3525 ergo
2704 3457 2825 3509 huic
2856 3472 2948 3523 par
2977 3471 3094 3507 esse
3118 3456 3303 3524 possit,
3330 3471 3484 3523 quem
3517 3457 3697 3510 nullus
3729 3458 3829 3509 lu:-

2232 3552 2381 3615 dere,
2414 3551 2501 3618 qui
2532 3549 2732 3600 nullum
2762 3547 2954 3600 licdere
2986 3546 3194 3599 valeat?
3224 3562 3342 3599 nam
3380 3549 3478 3601 hoc
3510 3564 3614 3599 non
3649 3548 3831 3600 minus

2234 3642 2326 3694 illo
2354 3651 2456 3701 est,
2488 3638 2627 3708 quod
2664 3638 2864 3690 nullum
2894 3638 3087 3689 lirilere
3121 3638 3265 3690 velit.
3296 3636 3435 3704 Ergo
3465 3638 3685 3706 angelus
3707 3640 3833 3706 qui-

2233 3733 2353 3784 dam
2385 3740 2465 3784 est
2493 3740 2546 3783 et
2576 3731 2684 3783 Deo
2725 3729 2933 3781 similis.
2970 3728 3114 3781 Talis
3143 3728 3281 3779 enim
3316 3738 3365 3781 et
3400 3727 3539 3781 Dens
3567 3738 3683 3788 est;
3728 3730 3829 3782 sed

2235 3823 2321 3876 ille
2352 3830 2537 3875 natura
2565 3860 2581 3883 ,
2627 3820 2713 3873 hic
2756 3819 3046 3887 proposito.
3090 3817 3270 3886 Neque
3301 3833 3430 3885 ergo
3462 3818 3609 3883 hodi,
3650 3834 3832 3886 neque

2235 3912 2427 3966 laedere
2457 3918 2649 3979 potest.
2680 3907 2809 3961 lllud
2838 3924 2986 3971 vero,
3013 3922 3115 3959 ιεοιι
3148 3917 3341 3973 potest,
3378 3922 3445 3961 ne
3472 3917 3623 3975 putes
3652 3908 3830 3963 imbe-

2235 4002 2470 4055 cillitatis
2499 4015 2621 4053 esse
2651 3999 3002 4067 (contrarium
3035 3998 3174 4049 enim
3206 3997 3539 4051 imbecillitas
3565 4000 3703 4068 est);
3732 4000 3831 4053 sed

2237 4107 2342 4146 non
2362 4106 2479 4144 esse
2500 4104 2746 4157 capacem
2766 4087 2906 4141 diro.
2926 4087 3013 4139 Illa
3037 4086 3230 4155 quippe
3254 4095 3434 4139 natura
3455 4100 3553 4141 nec
3569 4087 3832 4142 dammnn

2236 4185 2429 4252 accipit
2454 4224 2467 4245 ,
2512 4198 2608 4235 nec
2649 4180 2804 4235 infert
2842 4198 2853 4231 :
2891 4196 3011 4233 nam
3055 4179 3153 4232 hoc
3193 4179 3334 4231 aliud
3368 4179 3617 4232 damnum
3659 4189 3831 4234 esset.

2240 4275 2449 4328 Etenim
2475 4288 2576 4323 non
2600 4272 2707 4323 alio
2732 4284 2828 4323 nos
2858 4270 3004 4336 ipsos
3029 4268 3189 4321 modo
3219 4268 3477 4332 Iredimus,
3504 4285 3665 4337 quam
3694 4271 3836 4324 alios

2244 4365 2507 4424 Izedendo.
2538 4372 2593 4417 ct
2622 4362 2847 4414 maxima
2884 4370 3100 4428 peccata
3134 4368 3313 4412 nostra
3342 4374 3411 4412 ex
3443 4358 3642 4413 damno
3674 4362 3836 4415 nobis

2244 4458 2531 4524 importato
2575 4454 2724 4507 liuut.
2775 4450 2896 4503 Ideo
2934 4465 3060 4519 ergo
3091 4443 3425 4503 Christianus
3458 4450 3574 4504 laedi
3609 4452 3833 4519 nequit,

2242 4546 2381 4613 quod
2409 4544 2604 4598 latdere
2629 4560 2732 4595 non
2766 4542 2946 4610 possit.
2977 4540 3256 4606 Quomodo
3283 4540 3418 4596 alios
3449 4540 3707 4595 lmdentrs
3735 4558 3837 4595 nos

2245 4641 2388 4707 ipsos
2417 4638 2693 4695 hrdamus,
2727 4649 2936 4704 age,res
2961 4635 3196 4703 singulas
3226 4634 3597 4702 pervadentes,
3629 4635 3834 4689 dictum

2244 4729 2603 4798 esploremus.
2633 4726 2817 4779 Lzedat
2848 4725 2987 4793 quis,
3020 4726 3341 4779 contumelia
3369 4725 3587 4791 al‘ﬁriat,
3619 4727 3794 4793 rapiat
3828 4748 3840 4782 :

2244 4836 2400 4889 quem
2443 4818 2608 4871 laesit?
2651 4830 2829 4869 nonne
2867 4817 3016 4884 prius
3054 4813 3497 4883 setpsum?Nulli
3537 4826 3687 4869 certe
3732 4833 3840 4870 non

2226 4912 2585 4966 manifestum
2614 4919 2714 4964 est.
2750 4908 2900 4961 Lasso
2927 4908 3069 4961 enim
3101 4906 3152 4959 in
3185 4908 3422 4975 pecuniis
3446 4907 3700 4961 damnant
3733 4920 3837 4968 est,

2247 5004 2369 5057 huic
2399 5004 2449 5055 iu
2478 5002 2650 5053 anima
2678 5016 2691 5054 :
2719 5016 2837 5053 nam
2863 4990 3216 5067 linjusaiiima
3241 5000 3291 5052 iii
3317 5001 3605 5069 perniciem
3629 5010 3684 5055 et
3711 5016 3841 5071 sup-

2252 5098 2463 5166 plicium
2494 5096 2671 5149 datur.
2705 5094 2906 5147 Rursus
2934 5092 3165 5146 invideat
3194 5094 3329 5147 alter
3353 5112 3365 5147 :
3390 5110 3548 5164 quem
3583 5096 3629 5148 is
3657 5096 3837 5149 latsit?

2253 5203 2449 5251 nonne,
2475 5200 2675 5255 qumso,
2702 5184 2973 5251 seipsum?
2994 5182 3137 5237 Talis
3162 5194 3244 5238 est
3270 5185 3409 5238 enim
3443 5186 3715 5250 iniustitiae
3744 5201 3837 5237 na-

2254 5290 2391 5342 tura,
2444 5294 2559 5347 ane
2610 5278 2653 5329 si
2697 5277 3000 5345 gignentem
3042 5277 3234 5329 millies
3274 5276 3451 5340 ltrdat,
3493 5277 3655 5329 alium
3708 5293 3837 5330 vero

2253 5386 2478 5441 parum;
2524 5370 2631 5422 imo
2679 5367 2801 5420 huic
2827 5370 2985 5421 etiam
3016 5368 3203 5434 prosit.
3235 5368 3303 5422 At
3330 5368 3457 5421 nihil
3490 5368 3591 5421 fide
3614 5368 3835 5438 dignum

2254 5463 2500 5517 dixerim.
2535 5461 2659 5514 Esto
2687 5459 2843 5527 igitur
2869 5461 2944 5524 (in
2974 5460 3055 5511 his
3080 5459 3220 5513 enim
3250 5460 3478 5513 maxime
3506 5469 3672 5513 telum
3703 5477 3837 5515 eon-

2256 5554 2415 5622 sistit)
2444 5566 2641 5619 pauper
2668 5550 2927 5602 tantillum
2954 5551 3153 5603 habens
3177 5551 3433 5618 pecunia;
3459 5560 3507 5604 rt
3534 5552 3840 5607 iteci2s5ario

2259 5645 2545 5695 instructus
2583 5641 2734 5700 cibo;
2776 5640 2912 5692 allus
2951 5655 3079 5692 vero
3118 5641 3266 5693 dives
3304 5652 3354 5693 ct
3394 5642 3701 5711 opulentus,
3744 5658 3838 5713 po-

2262 5745 2447 5787 testate
2475 5734 2677 5796 vah-ns,
2712 5735 2797 5802 qui
2827 5750 2888 5788 ea
2918 5751 3039 5801 qiue
3066 5743 3188 5787 sunt
3215 5737 3459 5803 pauperis
3491 5738 3700 5806 rapiat,
3746 5755 3837 5793 nu-

2263 5832 2385 5879 dum
2416 5827 2557 5879 illum
2591 5826 2777 5880 reddat
2804 5837 2851 5881 et
2878 5826 3213 5891 famelicum;
3246 5827 3332 5881 ille
3360 5845 3482 5881 vero
3512 5845 3576 5883 ex
3612 5825 3702 5892 iis,
3723 5842 3843 5897 qua:
