4070 6488
283 461 389 523 ειη
478 497 487 506 ,

291 580 493 651 injuste
533 579 641 648 ipsi
684 579 880 648 rapuit,
923 576 975 630 in
1016 573 1222 629 deliciis
1261 573 1404 625 vivat
1431 589 1442 624 :
1469 569 1558 624 hic
1596 583 1702 623 non
1742 567 1905 622 modo

297 690 590 746 pauperem
622 688 728 726 non
758 671 912 731 laesit,
945 668 1037 723 sed
1067 667 1226 720 etiam
1259 664 1356 733 ipsi
1386 662 1612 734 profuit;
1644 662 1742 715 sibi
1776 675 1905 713 vero

296 786 406 822 non
448 767 612 822 modo
656 782 762 820 nou
811 762 1029 833 profuit,
1072 761 1164 814 sed
1207 760 1366 812 etiam
1407 757 1662 811 damnum
1706 754 1899 807 itttulit.

297 857 626 928 Quomodo?
673 858 854 913 Primo
885 851 1102 923 quidem
1131 868 1159 904 a
1191 851 1326 904 mala
1355 849 1682 902 conscientia
1717 845 1905 900 verbe-

297 960 452 1004 ratus
474 991 489 1014 ,
532 959 587 1005 et
616 947 855 1019 quotidie
882 943 1176 1006 cruciatus,
1209 941 1277 996 ab
1304 939 1557 994 onmibus
1580 939 1900 998 damnatus;

298 1041 605 1110 deindeque
637 1042 688 1094 in
737 1041 916 1093 futuro
941 1035 1167 1105 judicio.
1211 1033 1315 1090 Sed
1344 1033 1484 1102 quod
1518 1031 1604 1085 hie
1634 1031 1862 1085 ltedatttr
1885 1073 1901 1097 ,

301 1134 433 1188 hinc
465 1134 636 1198 palam
667 1141 782 1195 est;
825 1129 1095 1200 quomodo
1125 1136 1306 1182 autem
1334 1126 1423 1180 ille
1451 1125 1736 1181 utilitatem
1763 1125 1902 1178 acet-

302 1226 403 1295 pit,
434 1224 603 1280 dicas.
638 1221 772 1288 Quia
804 1221 944 1276 male
969 1220 1110 1274 affici
1140 1228 1194 1272 et
1221 1217 1432 1272 fortiter
1455 1215 1620 1282 ferre,
1647 1231 1901 1286 maguum

297 1317 464 1372 habet
488 1319 696 1372 lucrum
723 1333 735 1368 :
761 1324 839 1370 est
873 1314 1014 1367 enim
1044 1320 1386 1381 peccatorum
1417 1309 1638 1375 solutio,
1666 1309 1906 1379 graviter

297 1409 487 1478 aflligi,
519 1419 594 1462 est
631 1405 982 1476 philosolihim
1007 1403 1368 1474 gymnasium,
1397 1401 1608 1455 virtutis
1631 1400 1896 1455 doctrina.

297 1499 593 1555 Videamus
618 1515 748 1570 ergo
775 1508 892 1553 uter
920 1498 970 1551 iit
1003 1497 1157 1550 malis
1183 1497 1272 1560 sit,
1307 1494 1395 1550 hic
1424 1510 1491 1548 an
1525 1494 1632 1548 ille.
1665 1493 1759 1550 Ille
1786 1494 1903 1563 qui-

293 1591 424 1646 dem
451 1591 496 1645 si
525 1590 878 1660 philosophus
899 1589 988 1652 sit,
1022 1589 1230 1642 fortiter
1258 1589 1426 1650 feret;
1457 1587 1542 1641 hic
1573 1603 1699 1641 vero
1725 1587 1903 1656 quoti-

293 1683 390 1738 die
419 1684 471 1738 in
497 1693 734 1738 tremore
758 1690 811 1737 et
839 1681 1143 1750 suspicione
1184 1681 1288 1735 erit
1315 1698 1327 1733 :
1359 1691 1480 1734 uter
1505 1695 1635 1749 ergo
1665 1680 1898 1745 lmditur,

295 1772 390 1829 hic
427 1789 497 1829 an
538 1773 667 1828 ille?
706 1772 935 1827 Fabulas
974 1787 1184 1834 narras,
1235 1772 1445 1840 inquies
1477 1789 1490 1825 :
1525 1771 1741 1840 quando
1780 1772 1902 1842 quis

297 1866 446 1934 quod
478 1865 602 1921 edat
630 1881 736 1920 non
763 1864 943 1930 habet,
972 1874 1024 1919 et
1051 1864 1331 1919 lamentari
1365 1864 1780 1936 mendicareque
1809 1879 1900 1920 co-

297 1959 469 2032 gitur,
511 1975 610 2014 nec
647 1959 860 2027 accipit,
896 1973 1075 2013 nonne
1113 1958 1273 2013 simul
1304 1967 1358 2013 et
1386 1974 1616 2029 corpore
1642 1969 1697 2014 et
1721 1960 1898 2014 anima

294 2051 486 2123 perit?
532 2051 644 2104 ltuo
693 2051 898 2104 fabulas
940 2061 995 2105 tu
1039 2067 1256 2115 narras;
1299 2066 1401 2121 ego
1443 2066 1532 2106 res
1570 2052 1716 2121 ipsas
1753 2068 1902 2106 com-

295 2153 565 2200 menstro.
603 2145 696 2197 Dic
727 2145 868 2199 enim
902 2144 1030 2198 mibi
1057 2186 1072 2208 ,
1109 2145 1362 2200 nullusne
1391 2145 1615 2201 divitum
1648 2146 1751 2201 fert
1778 2163 1902 2202 cru-

293 2235 538 2292 ciatum?
564 2235 701 2304 Quid
737 2237 935 2305 igitur?
965 2251 1033 2290 an
1064 2235 1128 2291 \id
1174 2252 1238 2292 ex
1274 2248 1590 2307 paupertate
1623 2241 1901 2315 provenit?

295 2329 408 2384 Sed
448 2344 553 2382 non
593 2330 802 2384 esurit?
831 2329 896 2382 Et
933 2329 1058 2396 quid
1100 2329 1201 2384 hoc
1240 2331 1366 2386 est?
1398 2331 1564 2401 Major
1603 2334 1705 2388 erit
1748 2334 1899 2398 ultio,

261 2413 268 2418 ’
295 2419 516 2490 quando
546 2435 667 2476 eum
703 2420 908 2474 divitiis
939 2423 1038 2475 hoc
1071 2420 1276 2476 fecerit.
1311 2421 1492 2493 Neque
1523 2425 1667 2479 enim
1699 2424 1902 2479 divitia:

297 2511 493 2566 fortem
525 2511 778 2578 reddunt,
805 2527 979 2582 neque
1001 2524 1286 2582 paupertas
1310 2515 1670 2578 imbecillum;
1702 2519 1900 2584 ηιίοιμιί

297 2602 481 2656 nullus
511 2604 890 2672 opulentorum
916 2604 1167 2659 miseram
1190 2615 1373 2675 ageret
1397 2608 1582 2673 vitam,
1613 2608 1902 2678 nullusque

299 2709 596 2764 pauperum
647 2696 747 2750 sibi
805 2695 1175 2751 malediceret.
1230 2697 1383 2765 Quod
1439 2715 1569 2753 vero
1621 2715 1901 2756 sermones

297 2788 469 2842 vestri
502 2804 629 2843 vere
661 2787 836 2843 fabula
866 2790 992 2854 sTnt,
1030 2789 1154 2844 hinc
1184 2789 1356 2859 palam
1392 2790 1602 2847 faciam.
1636 2793 1903 2849 Paulusne

297 2884 354 2936 in
396 2882 595 2935 divitiis
635 2891 773 2946 erat,
815 2897 882 2937 an
926 2883 977 2936 in
1021 2884 1383 2952 paupertate?
1425 2885 1563 2940 fame
1603 2886 1901 2956 laborabat,

297 2973 516 3027 annon?
545 2971 722 3042 Ipsum
751 2971 940 3027 audire
968 2973 1094 3027 licet
1124 2973 1397 3029 dicentem
1426 3017 1439 3034 .
1486 2974 1549 3029 In
1580 2978 1716 3046 {ante
1743 2986 1789 3030 et
1820 2979 1904 3031 siti

303 3062 385 3130 (2.
415 3061 532 3116 Cor.
578 3063 664 3120 Η.
701 3062 815 3132 27).
847 3063 1131 3132 Propheta:
1177 3064 1524 3121 csoriebaut?
1562 3070 1780 3123 annon?
1825 3069 1900 3123 Illi

300 3172 516 3225 quoque
545 3157 595 3209 in
629 3155 783 3210 malis
809 3167 984 3210 erant.
1018 3157 1222 3211 Rursus
1253 3158 1473 3212 Paulum
1501 3161 1634 3214 mibi
1671 3162 1900 3229 profers,

300 3259 491 3301 rurSus
539 3246 850 3315 prOpbetas,
895 3246 1082 3301 decem
1128 3259 1221 3302 aut
1259 3250 1442 3319 viginti
1485 3251 1751 3308 homines.
1796 3254 1902 3310 Sed

303 3341 444 3393 unde
499 3341 617 3394 vis?
669 3339 748 3396 Ex
797 3341 1162 3408 multitudine,
1212 3344 1440 3413 inquies.
1494 3348 1722 3403 ostende
1772 3350 1904 3404 mihi

303 3432 567 3502 quosdam
598 3434 685 3501 qui
717 3433 926 3487 fortiter
957 3431 1150 3488 ferant.
1197 3434 1301 3490 Sed
1336 3452 1514 3490 rarum
1559 3453 1774 3509 semper
1803 3441 1906 3498 hoc

303 3535 409 3589 est,
460 3525 610 3593 pauci
651 3525 776 3579 boni
821 3535 966 3579 sunt.
1009 3527 1066 3581 Si
1116 3526 1197 3581 vis
1232 3539 1434 3596 autem,
1484 3547 1598 3585 rem
1644 3534 1694 3587 in
1727 3534 1904 3604 seipsa

303 3619 694 3672 examinetnus.
722 3614 1010 3672 Videamus
1037 3618 1192 3688 cujus
1221 3621 1529 3677 sollicitudo
1553 3626 1725 3694 major
1756 3628 1825 3681 sit
1852 3639 1907 3682 et

302 3709 554 3776 gravior,
589 3709 742 3778 cujus
775 3709 960 3764 levior.
1010 3709 1198 3766 Nonne
1231 3711 1317 3767 hic
1347 3729 1444 3783 pro
1471 3719 1778 3775 necessario
1809 3721 1904 3777 ali-

303 3810 488 3854 mento
518 3799 784 3855 sollicitus
825 3807 942 3864 est,
975 3802 1062 3856 ille
1092 3818 1188 3872 pro
1220 3803 1516 3861 innumeris
1541 3809 1701 3864 rebus
1732 3813 1904 3882 ipsum

304 3891 484 3944 cibum
531 3891 824 3961 relinquit?
871 3893 986 3946 Non
1034 3892 1229 3949 famem
1283 3899 1434 3950 timet
1465 3899 1634 3963 dives.
1679 3905 1772 3958 sed
1803 3908 1905 3961 alia

307 3982 601 4048 formidat;
643 3999 788 4054 smpe
819 3999 914 4054 pro
941 3986 1114 4042 salute
1145 3991 1314 4043 timet.
1347 3989 1463 4043 Non
1493 4005 1642 4049 vacat
1664 3998 1766 4051 cibi
1796 4002 1906 4052 sol-

309 4074 584 4130 licitudine
626 4093 853 4148 pauper,
902 4083 995 4134 sed
1043 4084 1164 4138 aliis
1219 4097 1369 4141 vacat
1417 4090 1907 4160 sollicitudinibus,

311 4170 657 4225 securitatem
693 4171 871 4238 habet,
901 4177 1160 4245 quietem,
1193 4182 1656 4250 tramptillitateut.

381 4263 436 4318 5.
471 4263 720 4334 Alioqutn
755 4281 914 4331 vero,
947 4270 989 4323 si
1020 4271 1217 4339 injuste
1247 4289 1408 4343 agere
1438 4280 1632 4335 malum
1660 4299 1763 4337 non
1792 4293 1871 4339 est
1891 4327 1909 4351 ,

310 4354 406 4408 sed
435 4356 658 4424 bonum,
687 4372 784 4412 cur
810 4361 1230 4419 confundimur?
1257 4385 1353 4421 cur
1383 4372 1790 4431 erubescimus?
1817 4395 1913 4433 cur

315 4447 528 4516 probris
579 4449 753 4504 affecti
805 4453 1164 4523 indignamur,
1216 4474 1359 4529 a-gre
1403 4463 1661 4520 ferimus?
1706 4469 1762 4524 Si
1806 4489 1911 4526 non

313 4540 512 4594 bonum
550 4549 634 4594 est
666 4543 863 4610 injuste
903 4545 1066 4617 afﬂigi
1091 4591 1103 4610 ,
1136 4565 1232 4604 cur
1259 4567 1320 4606 ea
1349 4554 1414 4609 dc
1449 4572 1504 4611 re
1533 4559 1832 4628 gaudemus
1860 4577 1914 4618 et

312 4630 642 4699 gloriamur,
676 4643 729 4686 et
759 4650 856 4689 nos
895 4637 1248 4703 justificamus
1276 4660 1336 4697 ea
1369 4646 1434 4700 de
1473 4654 1676 4704 eausa?
1705 4652 1798 4707 Vis
1829 4656 1881 4708 di
1902 4685 1916 4695 -

315 4737 467 4776 set-re
494 4724 764 4791 quomodo
789 4729 890 4781 hoe
915 4729 1006 4784 illo
1028 4733 1098 4786 sit
1119 4736 1348 4792 melius?
1379 4741 1507 4796 Vide
1530 4745 1739 4812 ambos,
1771 4750 1914 4805 hunc

313 4823 368 4867 et
391 4813 560 4867 illutn.
587 4814 694 4869 Cur
725 4815 874 4889 leges
913 4833 1038 4877 sunt
1058 4824 1080 4876 ?
1104 4841 1198 4879 cur
1228 4830 1510 4886 tribunalia
1534 4836 1556 4889 ?
1585 4852 1681 4891 cur
1710 4843 1915 4911 suppli-

314 4906 442 4958 cia?
489 4922 667 4961 nonue
709 4920 928 4979 propter
971 4914 1092 4967 illos
1120 4927 1176 4970 ut
1206 4927 1564 4990 :rgrotantes?
1595 4913 1698 4985 sed
1749 4906 1914 4990 multa

315 4997 567 5064 voluptas
588 5007 690 5063 est,
721 5000 948 5071 inquies.
980 5005 1174 5061 Futura
1201 5024 1606 5083 praetereamus,
1631 5031 1913 5090 przescntia

317 5087 683 5153 exploremus.
725 5090 860 5155 Quid
905 5096 1151 5152 miserius
1199 5101 1417 5160 homine
1472 5087 1645 5166 talcm-
1685 5114 1916 5176 habente

316 5181 723 5248 suspicionem?
751 5186 875 5255 quid
906 5189 969 5240 ad
1000 5193 1259 5246 ruentlum
1302 5199 1626 5265 proclivius?
1653 5213 1778 5277 quid
1814 5233 1908 5283 [Ht-

319 5277 1962 5329 Ἦ

1305 450 1370 508 IN
1411 449 1591 507 ACTA
1634 442 2158 503 APOSTOLORUM.
2202 444 2430 500 ll0.\llL.
2474 446 2558 501 th

3513 455 3620 519 3.73

2013 561 2212 616 lidius?
2239 578 2420 617 annon
2467 580 2683 634 semper
2708 566 2760 619 in
2787 566 3066 638 naufragio
3095 569 3215 624 est?
3243 569 3297 623 Si
3323 570 3448 638 quid
3475 571 3622 639 justo

2013 655 2222 721 feerrit,
2256 672 2360 710 non
2388 658 2650 724 creditur,
2682 661 2751 713 ob
2782 661 3066 716 facultates
3095 664 3161 717 ab
3185 665 3438 718 omnibus
3464 671 3620 718 dam-

2012 759 2203 810 natus;
2229 763 2422 803 omnes
2445 751 2588 804 enim
2612 753 3032 808 contubernales
3054 769 3397 811 accusatores
3419 757 3618 814 habet:

2013 855 2115 892 non
2135 841 2368 895 amicitia
2390 843 2464 896 uti
2491 854 2701 912 potest;
2729 861 2887 899 nemo
2910 847 3107 915 quippe
3131 846 3289 902 facile
3308 848 3436 904 velit
3459 859 3620 904 tanta:

2009 933 2196 1002 gloria:
2228 933 2467 988 hominis
2496 937 2702 992 amicus
2727 953 2867 1000 esse,
2915 955 2982 993 ne
3023 940 3140 1008 ejus
3169 942 3323 996 mal:e
3353 944 3422 995 sit
3463 945 3620 998 fama:

2009 1040 2254 1080 consors.
2290 1026 2440 1081 lllutn
2475 1039 2531 1082 ttt
2565 1029 2729 1083 feram
2759 1047 2950 1086 omnes
2987 1044 3326 1099 aversantur,
3354 1045 3410 1088 ut
3433 1038 3622 1106 perui-

2009 1117 2253 1182 ciosum,
2285 1121 2598 1189 inimicum,
2632 1123 2953 1180 homicidam
2980 1169 2995 1191 ,
3033 1139 3238 1181 naturm
3267 1129 3496 1190 hostem.
3531 1132 3617 1185 in-

2005 1208 2208 1278 justum
2239 1210 2537 1268 hominem.
2569 1215 2623 1269 Si
2647 1216 2713 1270 ad
2748 1218 2978 1272 tribunal
3007 1219 3207 1273 incidat
3236 1222 3279 1274 is
3303 1222 3392 1293 qui
3422 1224 3618 1293 injuria

2009 1303 2191 1358 affecit
2212 1345 2225 1368 ,
2260 1321 2368 1360 non
2398 1323 2534 1378 opus
2562 1310 2666 1362 erit
2695 1321 3032 1376 accusatore,
3068 1313 3204 1367 fama
3233 1314 3408 1384 ipsum
3450 1320 3623 1389 magis

2009 1410 2169 1466 quam
2199 1408 2516 1453 accusatore
2548 1402 2801 1470 quopiam
2833 1407 3252 1461 eondemnante.
3292 1411 3362 1462 At
3392 1426 3501 1464 non
3548 1412 3619 1464 ita

2008 1501 2068 1541 se
2116 1487 2276 1543 habet
2322 1490 2386 1554 is,
2431 1493 2518 1560 qui
2550 1492 2746 1562 injuste
2775 1495 3064 1566 :tflligitur;
3108 1501 3201 1554 sed
3243 1517 3435 1557 omnes
3459 1503 3623 1561 habet

2011 1592 2288 1650 patronos,
2316 1586 2688 1653 eootlolentes,
2720 1607 2935 1644 manum
2968 1594 3341 1663 pet-rigentes;
3376 1597 3426 1651 in
3457 1615 3617 1653 secu-

2009 1673 2173 1729 ritate
2199 1686 2324 1729 stat.
2355 1677 2408 1730 Si
2460 1679 2655 1734 bonum
2684 1693 2770 1736 est
2800 1694 2853 1736 ct
2897 1693 3067 1738 tutum
3102 1687 3298 1757 injuste
3329 1706 3513 1760 agerc,
3545 1693 3622 1748 fa-

2011 1773 2188 1820 teatur
2211 1769 2333 1837 quis
2359 1784 2417 1823 se
2449 1772 2708 1841 iujustum
2749 1789 2870 1828 esse
2896 1794 2910 1830 :
2935 1777 3028 1831 sed
3059 1779 3103 1834 si
3137 1796 3244 1834 non
3286 1783 3482 1848 audet,
3524 1801 3622 1842 eur

2007 1873 2144 1928 ergo
2191 1859 2294 1915 hoc
2337 1872 2394 1915 ttt
2439 1863 2640 1919 bonum
2691 1868 3043 1938 aggreditur?
3085 1871 3378 1929 Videamus
3425 1881 3622 1946 porro;

2008 1954 2280 2022 quomodo
2308 1958 2471 2011 etiam
2506 1960 2557 2012 itt
2588 1961 2742 2014 nobis
2771 1963 2903 2031 ipsis
2929 1965 2974 2018 si
3007 1965 3121 2021 hmc
3151 1968 3302 2036 fiant,
3327 1982 3460 2041 quot
3495 1975 3620 2028 inde

2008 2045 2515 2118 ntala.Dic,qua-so,
2541 2054 2584 2107 si
2608 2055 2733 2124 quid
2759 2057 2810 2109 in
2831 2058 3006 2123 nobis,
3036 2072 3291 2130 superato
3315 2065 3476 2120 utodo
3497 2082 3618 2130 suo,

2008 2139 2238 2194 alterum
2284 2144 2523 2212 invadat,
2559 2152 2603 2202 si
2635 2151 2814 2219 splen,
2847 2153 3038 2208 relicto
3078 2155 3197 2210 loco
3225 2173 3344 2221 suo,
3378 2159 3617 2216 alienum

2008 2233 2140 2287 velit
2167 2250 2287 2289 cum
2315 2251 2413 2290 suo
2439 2241 2706 2311 arripere,
2737 2260 2918 2300 annon
2962 2247 3063 2303 hoc
3089 2250 3310 2305 morbus
3333 2252 3476 2308 erit?
3505 2255 3619 2308 llu-

2008 2325 2212 2380 mitlutu
2266 2329 2391 2384 item
2437 2343 2578 2403 quoa
2627 2333 2680 2388 in
2722 2336 2878 2391 nobis
2927 2349 3010 2394 est
3055 2341 3100 2394 si
3148 2344 3326 2397 omnia
3376 2345 3617 2415 impleat,

2009 2431 2193 2472 nonne
2235 2419 2548 2491 ltydt-Opisis
2596 2425 2737 2480 erit?
2787 2428 3055 2485 Prmterea
3105 2432 3228 2487 bil.s
3280 2436 3618 2495 latitudinem

2007 2524 2238 2581 quierat,
2270 2526 2323 2568 ct
2373 2516 2570 2587 ubique
2613 2519 2947 2577 diffundatur
2987 2529 3223 2597 Sanguis.
3258 2530 3394 2598 Quid
3437 2543 3616 2589 autem

2010 2604 2063 2659 in
2112 2608 2292 2660 anima
2337 2609 2436 2675 ira,
2484 2615 2922 2684 concupiscentia
2965 2629 3018 2674 et
3071 2623 3276 2693 reliqua
3326 2629 3531 2696 omnia,
3573 2634 3619 2685 si

2013 2701 2478 2770 trattsgretliantur
2504 2723 2836 2774 ttteusuram,
2873 2727 3052 2768 nonne
3075 2729 3134 2770 se
3161 2717 3318 2772 simul
3351 2722 3620 2789 perdunt?

2013 2792 2085 2846 Ita
2115 2805 2168 2849 et
2193 2796 2347 2851 cibus
2372 2816 2386 2851 :
2411 2799 2454 2852 si
2498 2801 2623 2870 plus
2650 2819 2811 2872 quatn
2857 2811 3119 2880 concoqui
3151 2814 3319 2881 possit
3350 2828 3616 2881 sumatur,

2011 2889 2213 2944 morbis
2234 2905 2431 2960 corpus
2460 2895 2697 2950 infestat.
2721 2897 2875 2955 Unde
2902 2918 3134 2973 namque
3161 2907 3450 2978 podagra‘?
3479 2916 3620 2967 unde

2012 2981 2276 3051 paralysis
2300 2995 2355 3037 et
2378 2986 2599 3053 agitatio
2625 2992 2912 3059 corporis?
2949 3009 3131 3050 annon
3168 3014 3231 3052 ex
3265 3001 3622 3062 itntttotlcrztlo

2010 3073 2171 3127 cibo?
2199 3075 2406 3133 Rursus
2432 3081 2482 3134 in
2508 3097 2740 3152 corpore
2766 3087 2808 3138 si
2835 3087 2954 3155 plus
2983 3091 3112 3144 velit
3133 3094 3323 3148 oculus
3348 3097 3618 3166 accipere,

2010 3175 2063 3218 et
2091 3168 2206 3234 plus
2231 3170 2411 3225 videre
2435 3190 2592 3242 quain
2623 3177 2903 3232 definitum
2933 3182 3023 3246 sit,
3056 3184 3144 3238 vel
3176 3186 3218 3239 si
3249 3188 3505 3256 majorem
3533 3207 3622 3244 ac-

2010 3259 2175 3326 cipiat
2198 3261 2372 3316 lucem
2395 3280 2410 3329 ;
2436 3266 2577 3335 quod
2607 3283 2767 3338 supra
2793 3287 3105 3329 mensuram
3133 3287 3215 3333 est
3245 3295 3364 3351 mag
3387 3297 3412 3334 ε
3441 3294 3621 3350 nocet,

2010 3363 2170 3417 quam
2198 3355 2388 3420 prosit.
2422 3355 2476 3409 Si
2513 3373 2662 3424 vero,
2696 3378 2819 3416 cum
2853 3363 2939 3418 lux
2990 3366 3128 3421 bona
3158 3369 3249 3436 sit,
3293 3376 3500 3438 oculus,
3532 3377 3623 3444 qui

2013 3442 2134 3512 plus
2171 3462 2331 3516 quam
2373 3465 2471 3519 par
2509 3454 2576 3506 sit
2621 3456 2734 3510 vult
2773 3457 2980 3522 videre,
3026 3461 3160 3530 perit
3195 3482 3207 3515 :
3239 3469 3454 3532 quando
3493 3442 3624 3540 quid

2011 3539 2348 3606 splendidius
2380 3547 2636 3616 respicit,
2665 3551 2839 3619 cogita
2868 3566 3126 3623 quantum
3158 3559 3226 3611 sit
3257 3559 3477 3614 malum.
3512 3539 3623 3616 Att-

2013 3628 2157 3684 ditus
2196 3633 2240 3686 si
2290 3649 2535 3704 magnam
2566 3641 2798 3710 excipiat
2831 3660 3039 3706 vocem,
3084 3663 3236 3702 mens
3268 3654 3578 3717 percellitur
3609 3676 3623 3710 :

2015 3739 2170 3777 mens
2213 3727 2256 3779 si
2287 3741 2347 3781 ea
2377 3743 2498 3798 qua:
2526 3747 2585 3785 se
2614 3746 2874 3800 superant
2920 3739 3139 3808 cogitet,
3171 3744 3396 3795 attonita
3440 3758 3542 3804 est.
3573 3760 3626 3801 et

2017 3819 2066 3871 id
2096 3821 2235 3886 quod
2272 3823 2486 3875 modum
2519 3841 2808 3897 exsuperat
2842 3833 3036 3900 pcrdit.
3071 3834 3183 3889 lloc
3212 3847 3296 3891 est
3326 3842 3467 3893 enim
3499 3858 3625 3895 ata-

2017 3916 2136 3968 ritia
2168 3933 2328 3985 quam
2359 3926 2626 3985 aiio-utinm
2652 3936 2871 3988 vocant,
2908 3927 3025 3992 plus
3057 3927 3278 3992 habere,
3308 3948 3468 4001 quam
3497 3952 3627 3987 t-on-

2015 4008 2257 4060 stitutmo
2288 4012 2374 4063 sit.
2404 4011 2490 4065 Sic
2513 4022 2572 4065 et
2597 4012 2647 4066 in
2672 4019 2917 4083 pecuniis
2938 4034 3060 4071 cum
3087 4021 3336 4077 volumus
3365 4026 3626 4095 majotetu

2017 4103 2285 4154 sort-inani
2323 4105 2622 4173 imponere,
2671 4109 2793 4162 licet
2821 4127 2926 4163 non
2957 4114 3254 4167 st-ntiatnus
3281 4159 3295 4182 ,
3327 4134 3541 4186 gravem
3576 4127 3627 4175 in

2017 4196 2175 4250 nobis
2205 4198 2398 4251 alimus
2431 4200 2620 4264 feram,
2657 4203 2822 4257 multa
2856 4203 3140 4273 habentes,
3172 4210 3356 4265 multis
3383 4225 3572 4279 egente
3611 4258 3627 4280 ,

2021 4287 2314 4343 innumeris
2337 4306 2434 4344 ttos
2455 4293 2600 4346 curis
2625 4294 2988 4364 itnplicatttes,
3011 4301 3206 4358 multas
3229 4303 3444 4358 diabolo
3467 4323 3627 4359 ansas

2022 4383 2349 4449 prtebentes.
2386 4384 2512 4440 ltlco
2541 4387 2590 4440 in
2616 4387 2872 4444 divitibus
2898 4392 3145 4448 diabolus
3175 4412 3278 4449 non
3304 4414 3439 4466 opus
3468 4399 3628 4456 habet

2025 4473 2252 4528 labore:
2281 4491 2403 4529 nam
2434 4487 2600 4547 raptu
2630 4479 2819 4534 faciles
2848 4482 2923 4535 illi
2951 4495 3080 4537 sunt
3109 4500 3137 4539 a
3169 4487 3388 4542 divitiis.
3422 4493 3489 4544 At
3519 4509 3630 4547 non

2021 4567 2098 4621 sic
2131 4569 2180 4620 in
2213 4570 2536 4641 pauperibus
2558 4613 2572 4634 .
2615 4569 2726 4626 imo
2765 4578 3120 4632 contrarium.
3155 4579 3226 4633 Ita
3257 4598 3342 4637 res
3375 4584 3504 4652 ipsa:
3535 4602 3631 4655 per

2024 4677 2082 4715 se
2137 4664 2386 4730 |'Cl'dtlttl.
2442 4666 2623 4734 Quare
2663 4683 2794 4738 rogo
2832 4671 2900 4722 ab
2943 4669 3132 4726 harum
3188 4678 3626 4744 cauetqisceutia

2022 4753 2393 4810 abstineamus
2417 4798 2431 4820 ,
2469 4765 2525 4810 ut
2558 4759 2827 4826 possimus
2873 4762 3088 4830 maligni
3123 4763 3344 4833 laqueos
3369 4768 3627 4838 t'iTttgcre,

2025 4859 2076 4901 et
2105 4849 2446 4920 apprehensa
2479 4853 2681 4907 virtute
2710 4865 2912 4907 :t-terna
2943 4859 3198 4927 eonsequi
3248 4859 3383 4913 bona
3413 4905 3425 4924 ,
3459 4866 3631 4932 gratia

2024 4951 2079 4996 et
2128 4943 2459 5012 benignitate
2504 4945 2711 4998 Domini
2767 4947 2934 5000 nostri
2983 4947 3108 5002 Jesu
3143 4951 3378 5015 Citt'irti,
3413 4957 3633 5024 quicum

2024 5035 2169 5090 Patri
2191 5035 2479 5106 etSpiritui
2503 5047 2690 5091 sancto
2710 5038 2903 5108 gloria,
2931 5040 3238 5109 imperium,
3268 5042 3462 5112 honor,
3493 5065 3634 5103 nunc

2026 5139 2080 5184 et
2108 5146 2345 5199 cemper,
2373 5141 2426 5184 et
2455 5132 2503 5184 in
2535 5133 2731 5186 saacula
2762 5133 3112 5190 szt-eulorum.
3142 5137 3338 5191 Amen.

1661 5373 2007 5444 HOMHJA
2059 5385 2182 5445 Lll.

318 5486 451 5543 CAP.
503 5489 590 5545 95.
653 5508 704 5547 ν.
751 5494 841 5550 93.
919 5496 1131 5553 Postera
1184 5514 1351 5557 autem
1398 5508 1480 5561 die
1524 5528 1635 5564 cum
1704 5522 1920 5574 oratiu"!

394 5582 621 5652 Agrippa
649 5595 695 5637 et
725 5585 936 5641 Berm'ce
961 5606 1077 5643 cum
1105 5597 1264 5647 multa
1291 5599 1565 5654 ambitione
1589 5647 1602 5666 ,
1627 5617 1671 5658 et
1713 5609 1920 5666 introis-

392 5683 502 5725 s’nt
551 5674 602 5726 in
650 5677 963 5732 auditorium
995 5697 1110 5734 cum
1153 5685 1365 5740 tribunis
1396 5701 1440 5743 et
1470 5695 1589 5747 viris
1617 5701 1922 5771 principali-

395 5762 486 5818 lms
514 5768 728 5820 civitatis
755 5810 769 5829 ,
793 5770 1003 5838 jttbeute
1035 5772 1185 5828 Festo
1207 5820 1221 5841 ,
1248 5781 1496 5836 adductus
1519 5799 1589 5840 est
1619 5762 1846 5845 Paulus.

402 5858 424 5913 I
509 5859 640 5914 Vide
666 5861 840 5930 qualis
893 5863 1192 5934 frequentia
1223 5888 1251 5923 a
1289 5875 1455 5926 Paulo
1509 5894 1872 5953 eongrcgctur
1905 5903 1919 5939 :

324 5952 460 6006 Cum
504 5950 624 6006 viris
647 5991 662 6018 ,
721 5953 888 6023 inquit
915 5998 927 6021 ,
961 5956 1328 6029 principalibus
1379 5969 1591 6027 civitatis
1621 5991 1636 6025 :
1669 5950 1921 6034 (annilius

2033 5527 2179 5580 enim
2227 5527 2542 5580 Convocatis
2570 5529 2893 5581 satellitibus
2925 5529 3211 5598 perfectus
3242 5543 3294 5586 et
3335 5550 3424 5587 rex
3479 5551 3638 5590 acce-

2035 5617 2189 5672 dunt.
2240 5619 2377 5673 Cum
2407 5620 2538 5689 ipsis
2568 5622 2729 5676 etiam
2765 5623 2965 5678 tribuni
2996 5635 3051 5679 et
3099 5627 3366 5695 primores
3407 5630 3640 5685 civitatis

2035 5707 2323 5762 adfuerunt
2363 5728 2374 5762 :
2411 5711 2509 5764 bos
2554 5713 2695 5766 enim
2753 5714 3077 5785 principales
3127 5727 3302 5771 vocat.
3350 5719 3409 5773 Et
3474 5721 3640 5788 vide,

2035 5803 2305 5870 quomodo
2336 5805 2449 5872 ipse
2475 5806 2669 5860 ductus
2704 5808 3026 5877 prtrdicatur
3055 5826 3080 5864 a
3112 5810 3274 5867 Festo
3302 5832 3312 5865 :
3347 5830 3450 5865 non
3481 5815 3644 5868 modo

2035 5894 2178 5946 enim
2231 5895 2379 5948 illtttn
2413 5898 2639 5952 crimine
2672 5901 2898 5954 liberum
2928 5901 3093 5966 dicit,
3125 5905 3217 5956 sed
3248 5906 3408 5958 etiam
3457 5906 3640 5959 ιιι-τρυε

2035 5986 2129 6040 dit.
2164 5988 2298 6056 Quit!
2332 5992 2505 6047 dicit?
2532 5993 2620 6047 9i.
2662 5994 2890 6064 Agrippa
2920 6013 3008 6048 t'c.t'
3033 6039 3046 6064 ,
3080 6007 3125 6049 rt
3158 6013 3329 6051 omnes
3359 5998 3444 6065 qui
3491 6001 3640 6054 situm
