4076 6490
597 409 703 463 ’559

597 518 781 571 adt-stis
807 518 1061 573 nobiscum
1092 517 1204 581 viri,
1240 517 1417 571 ridetis
1446 518 1598 581 hunc,
1628 516 1690 570 de
1720 534 1819 584 quo
1848 518 2010 569 onmis
2037 517 2171 569 mul~

597 610 755 660 tituda
787 608 1082 660 Juda'orum
1127 608 1458 676 interpellavit
1491 624 1566 661 me
1594 607 1927 677 lerosolgmis
1972 616 2017 659 et
2058 606 2170 669 hic,

596 702 928 752 acclamantes
959 719 1058 754 non
1082 712 1311 771 oportere
1334 717 1445 754 eum
1474 702 1695 767 amplius
1727 702 1908 754 vivere.
1938 700 2027 755 25.
2063 698 2174 771 Ego

598 806 708 841 rcro
737 791 958 859 comperi
987 792 1117 843 nihil
1147 792 1352 861 dignum
1400 802 1560 843 morte
1591 808 1700 843 eum
1745 791 2025 843 admisisse.
2069 788 2172 844 Illo

591 892 756 931 autem
783 882 1075 950 uppellaute
1103 882 1170 933 ad
1210 883 1489 950 Augustum
1518 922 1530 940 ,
1570 881 1801 950 judicnvi
1828 883 1970 933 illum
1999 882 2169 935 mitte-

588 984 659 1021 re.
680 969 768 1023 26.
805 972 877 1023 Ue
902 988 1000 1039 quo
1024 972 1143 1038 quid
1169 982 1357 1024 certum
1381 972 1596 1023 scribam
1624 972 1844 1034 domino,
1868 988 1966 1023 non
1989 972 2167 1025 habeo.

593 1058 812 1128 I’rOpter
851 1060 987 1130 quod
1012 1061 1232 1129 produxi
1262 1078 1374 1113 eum
1401 1062 1468 1112 ad
1514 1078 1598 1113 ros
1618 1103 1632 1124 ,
1665 1075 1710 1113 et
1743 1062 1958 1113 maxime
1984 1061 2051 1112 ad
2081 1070 2129 1113 te
2149 1102 2165 1125 ,

589 1170 678 1206 rex
731 1154 955 1223 Agrippa
980 1195 994 1216 ,
1024 1155 1519 1223 ut'interrogatione
1564 1159 1702 1223 facta
1723 1195 1735 1217 ,
1770 1153 1977 1205 habeant
2031 1153 2168 1219 quod

585 1246 819 1297 scribunt.
852 1244 941 1296 ‘27.
992 1244 1118 1297 Sine
1146 1244 1341 1297 ratione
1370 1246 1501 1297 enim
1530 1244 1653 1296 mihi
1695 1244 1889 1296 videtur
1913 1284 1926 1305 ,
1973 1242 2169 1295 mittere

589 1338 808 1387 vinctum
829 1377 842 1397 ,
874 1344 920 1387 et
942 1352 1119 1388 causas
1142 1336 1249 1403 ejus
1278 1351 1375 1386 non
1404 1335 1707 1405 signiﬁcare.
1739 1334 1866 1387 Vide
1894 1348 2165 1402 quomodo

582 1427 701 1480 illos
732 1426 948 1495 quidem
981 1436 1224 1485 accusat,
1270 1424 1408 1477 Imuc
1440 1440 1566 1477 vero
1595 1424 1840 1477 absolvit.
1873 1422 1916 1476 Ο
1942 1423 2163 1491 justitiu'.

579 1517 797 1584 copiosa
826 1527 1135 1585 argutueuta
1162 1516 1175 1568 i
1210 1516 1441 1568 Plurima
1476 1514 1608 1567 facta
1642 1516 2026 1583 perquisitioue
2056 1530 2159 1567 non

582 1606 781 1659 invenit
812 1621 1010 1674 praeses
1042 1604 1304 1673 quomodo
1334 1604 1693 1657 condemnet:
1728 1606 1800 1657 illi
1830 1620 1956 1658 vero
1990 1612 2161 1658 morte

579 1698 794 1766 dignum
816 1698 1088 1751 dicebant.
1125 1697 1246 1751 Ideo
1268 1698 1473 1751 dicebat
1500 1697 1586 1750 ille
1615 1716 1627 1751 :
1659 1696 1772 1767 Ego
1799 1714 1913 1751 vero
1939 1698 2160 1765 comperi

576 1791 706 1843 nihil
736 1791 946 1859 dignum
993 1801 1150 1843 morte
1192 1806 1303 1842 eum
1346 1790 1651 1853 admisisse;
1698 1790 1892 1843 deinde
1930 1789 2156 1858 adjicit:

574 1879 652 1933 De
697 1898 793 1949 quo
819 1882 941 1949 quid
968 1891 1154 1933 certum
1182 1881 1395 1934 scribam
1422 1881 1488 1932 ad
1539 1881 1799 1933 dominum
1831 1898 1996 1933 meum
2015 1920 2029 1944 ,
2056 1897 2159 1934 non

574 1972 750 2023 habeo.
785 1971 848 2025 Et
889 1970 987 2024 hoc
1014 1954 1081 2025 ex
1110 1970 1253 2024 Pauli
1299 1972 1597 2025 innocentia
1632 1972 1807 2041 prodit
1830 2013 1843 2034 ,
1879 1972 2019 2041 quod
2060 1971 2152 2040 ju-

568 2062 675 2116 dex
707 2063 839 2116 nihil
866 2064 1056 2117 habeat
1076 2065 1140 2117 dc
1170 2064 1256 2116 illo
1276 2064 1582 2118 dict-udum.
1613 2062 1737 2117 Ideo
1765 2066 1984 2135 produxi
2014 2082 2147 2131 eum,

568 2155 738 2224 inquit
760 2197 775 2220 ,
821 2155 888 2207 ad
932 2169 1037 2208 vos.
1089 2154 1215 2210 Sine
1244 2157 1438 2209 ratione
1466 2158 1599 2209 enim
1630 2158 1751 2208 mihi
1781 2158 1977 2209 videtur
2003 2173 2110 2210 esse
2134 2198 2150 2223 ,

566 2248 767 2299 mittere
808 2247 1027 2299 vinctum
1047 2289 1062 2311 ,
1095 2258 1142 2301 et
1187 2264 1365 2302 timeas
1396 2251 1505 2317 ejus
1536 2266 1635 2301 non
1679 2250 1988 2319 signi/icore.
2022 2248 2154 2303 Vide

566 2340 619 2389 iu
646 2348 874 2407 quantas
914 2339 1184 2407 angustias
1224 2339 1394 2392 Juduri
1442 2341 1706 2408 principes
1744 2356 1868 2393 suos
1898 2342 2151 2409 coniece-

566 2432 691 2481 riul.
727 2430 862 2496 Quid
894 2446 1021 2484 vero
1052 2432 1282 2500 Agrippa
1306 2432 1330 2481 7
1361 2433 1435 2485 De
1468 2433 1550 2486 his
1589 2435 1775 2487 VUICIIS
1821 2433 2017 2503 aliquid
2064 2434 2151 2487 di-

560 2535 713 2575 Scerc
734 2525 771 2583 ⁸,
807 2523 967 2577 Paulo
991 2523 1123 2578 dixit
1152 2545 1165 2577 :
1193 2522 1345 2597 (Cap.
1387 2517 1565 2587 26.”.
1594 2524 1914 2581 Permittitur
1956 2528 2045 2581 tibi
2074 2530 2151 2581 lo-

561 2614 645 2681 qui
693 2630 783 2680 pro
815 2616 1099 2682 temetipso.
1148 2616 1227 2669 Ex
1275 2617 1443 2669 multo
1473 2618 1723 2672 audiendi
1754 2618 2022 2673 desiderio
2071 2620 2147 2673 illi

564 2721 654 2755 rex
688 2704 869 2758 dicere
899 2706 1179 2772 permittit.
1224 2706 1420 2762 Paulus
1454 2723 1583 2762 vero
1604 2724 1727 2763 cum
1767 2710 1955 2765 fiducia
1998 2711 2149 2765 deiu-

561 2810 687 2865 ci-ps
721 2796 985 2863 loquitur,
1035 2812 1140 2850 non
1184 2798 1481 2865 adulando;
1529 2800 1623 2855 sed
1670 2800 1789 2856 ideo
1834 2818 1892 2856 se
1934 2804 2144 2858 beatum

558 2900 681 2939 esse
710 2885 879 2950 dicit,
914 2886 1055 2955 quod
1082 2888 1129 2941 ei
1176 2888 1456 2959 loquatur,
1490 2892 1581 2960 qui
1626 2893 1804 2946 omnia
1849 2894 2014 2949 sciret
2043 2912 2056 2948 :
2091 2904 2145 2949 et

558 2978 697 3043 quod
731 2978 849 3031 ideo
870 3021 882 3043 ,
914 2980 1034 3033 audi
1064 2997 1182 3050 qua:
1223 2983 1335 3051 ipse
1366 2984 1570 3051 profert
1596 3002 1609 3038 :
1639 2984 1781 3039 Tunc
1827 2985 2025 3041 Paulus
2051 3004 2141 3041 ea:-

560 3078 693 3118 tt'ttltt
724 3085 877 3120 manu
906 3076 1051 3139 coepit
1081 3073 1326 3125 rationem
1372 3074 1602 3129 reddere.
1643 3076 1698 3128 ἓ.
1752 3074 1831 3130 De
1868 3080 2098 3133 omnibus
2125 3120 2141 3146 ,

559 3160 740 3229 quibus
771 3176 978 3215 accusor
1004 3178 1035 3212 a
1064 3161 1281 3227 Judseis,
1311 3181 1402 3217 rex
1433 3167 1679 3236 Agrippa,
1709 3169 1903 3223 a'stimo
1925 3186 2002 3223 me
2028 3170 2145 3224 bea-

558 3266 696 3317 tum,
726 3256 866 3321 apud
894 3265 941 3308 te
968 3271 1080 3308 cum
1111 3255 1205 3311 sim
1234 3255 1531 3326 defensurus
1563 3274 1643 3310 nte
1672 3258 1822 3311 hodie
1841 3301 1856 3324 ,
1890 3261 1943 3314 5.
1977 3262 2144 3315 ηειιεί-

557 3365 636 3399 me
661 3360 705 3400 te
733 3354 921 3401 sciente
947 3365 1140 3416 omnes,
1170 3369 1283 3419 ηιιιιο
1308 3356 1447 3419 apud
1472 3351 1682 3406 Juda'os
1712 3362 1848 3419 sunt,
1877 3364 2142 3409 consuetu-

555 3439 698 3491 dines
748 3450 792 3490 et
836 3442 1139 3511 qua'stiones
1165 3457 1184 3494 :
1226 3454 1435 3511 propter
1472 3444 1607 3513 quod
1652 3445 1853 3499 obsecro
1898 3448 2142 3515 patienter

553 3545 631 3582 me
655 3531 853 3583 audias.
908 3531 1183 3598 Profecto,
1230 3534 1274 3587 si
1304 3535 1440 3588 utale
1470 3536 1570 3589 sibi
1612 3538 1861 3591 conscius
1910 3538 2135 3607 fuisset,

552 3620 755 3674 turbari
780 3624 1083 3690 oportebat,
1109 3623 1233 3676 dum
1263 3625 1402 3693 apud
1430 3642 1574 3691 eum,
1604 3627 1694 3697 qui
1722 3630 1902 3683 omnia
1932 3632 2135 3697 sciret,

548 3727 766 3765 causzm
789 3713 1029 3778 diceret;
1063 3716 1155 3768 sed
1187 3716 1312 3770 illud
1343 3729 1425 3772 est
1455 3734 1600 3787 pura:
1630 3721 1997 3789 conscientizv,
2030 3740 2135 3779 non

553 3816 803 3856 recusore
848 3803 1081 3873 judicent
1113 3820 1203 3861 res
1231 3817 1407 3876 gestas
1432 3821 1681 3865 accurate
1711 3813 1968 3867 sci'cntem
1993 3855 2005 3877 ,
2041 3814 2137 3870 sed

551 3901 603 3946 et
650 3894 904 3961 gaudere.
951 3894 1105 3950 Unde
1149 3896 1239 3951 ille
1285 3913 1344 3952 se
1396 3900 1609 3954 beatum
1658 3911 1844 3970 putat,
1875 3913 1931 3956 et
1956 3903 2133 3961 dicit:

554 3986 776 4041 Obsecro
822 3990 1070 4056 patienter
1114 4005 1192 4043 me
1237 3991 1440 4046 audias.
1489 3993 1621 4061 Quia
1667 4010 1971 4050 sermonem
2018 4008 2133 4052 erat

558 4082 916 4151 producturus
945 4091 1003 4135 et
1031 4082 1229 4151 aliquid
1257 4082 1324 4136 de
1354 4086 1534 4153 seipso
1558 4085 1817 4149 dicturus,
1853 4088 1971 4142 ideo
1998 4105 2135 4158 prae-

544 4188 813 4242 occupans
840 4174 1095 4243 rogabat.
1126 4173 1308 4228 dicens
1333 4192 1346 4226 :
1371 4175 1425 4229 ι.
1459 4175 1526 4229 Et
1554 4178 1757 4246 quidem
1786 4180 1937 4232 vitam
1968 4197 2132 4233 meum

545 4284 577 4317 α
602 4268 891 4335 juventute,
924 4282 1037 4331 quo:
1061 4266 1122 4318 ab
1150 4268 1292 4319 initio
1326 4268 1419 4337 fuit
1448 4271 1498 4320 in
1531 4280 1676 4338 gente
1707 4288 1816 4324 mea
1844 4273 1896 4324 in
1924 4270 2132 4325 Jerou-

545 4358 718 4425 lgmis,
754 4369 997 4410 noverunt
1040 4374 1209 4411 omnes
1256 4357 1448 4423 Judtei,
1581 4363 1669 4430 qui
1708 4362 1849 4428 prius
1893 4374 2133 4417 noverant

545 4465 625 4500 nte
652 4449 713 4500 ab
746 4448 893 4501 initio
912 4490 924 4511 ,
962 4449 1006 4501 si
1033 4449 1185 4501 velint
1214 4450 1552 4505 testimonium
1582 4452 1860 4521 perhibere.
1891 4455 2025 4523 quod
2054 4473 2132 4509 se-

541 4540 766 4593 cundum
806 4542 1242 4593 accuratissimam
1287 4556 1469 4595 sectam
1501 4555 1688 4599 nostra
1712 4546 1970 4616 religionis
1997 4548 2133 4599 rixe-

542 4637 639 4686 rint
677 4632 989 4687 l’horisscus.
1023 4634 1079 4687 ld
1109 4645 1230 4689 est:
1264 4635 1547 4702 Quomodo
1580 4638 1867 4692 seditiosus
1896 4639 2083 4693 fuerim
2111 4681 2125 4703 ,

546 4736 651 4776 tam
677 4724 888 4791 juvenis
918 4736 969 4779 et
996 4726 1357 4779 testimonium
1392 4725 1593 4780 habens
1622 4730 1900 4782 omnium?
1930 4730 2129 4785 Deinde

550 4817 598 4868 id
624 4816 810 4884 probat
834 4832 863 4868 a
894 4825 1061 4881 secta,
1093 4816 1242 4870 addit
1267 4819 1408 4870 enim
1436 4836 1448 4870 :
1486 4818 1777 4871 Secundum
1805 4821 2127 4874 accuratissi-

541 4924 679 4961 nmm
707 4908 965 4979 religionis
1004 4919 1189 4962 nostra:
1227 4921 1409 4962 sectam
1436 4910 1561 4963 vixi.
1590 4910 1654 4964 Et
1683 4911 1807 4981 quia
1835 4912 2126 4967 verisimile

541 5009 697 5064 erat,
741 5000 1004 5069 quosdam
1035 5001 1275 5055 dicturos
1321 5015 1477 5055 esse:
1521 5000 1655 5067 Quid
1700 5018 1859 5073 ergo,
1891 5005 1935 5058 si
1980 5016 2122 5058 secta

537 5092 754 5158 quidem
788 5091 1045 5146 mirabilis
1088 5092 1160 5147 sit
1180 5133 1194 5155 ,
1228 5102 1281 5145 tu
1313 5106 1443 5146 vero
1470 5093 1681 5146 malus?
1709 5096 1830 5150 vide
1856 5099 2125 5163 quomodo

538 5186 663 5239 huic
688 5194 935 5239 occurrat
972 5185 1257 5253 objectioui
1295 5201 1308 5236 :
1344 5192 1511 5238 testes
1556 5184 1700 5238 enim
1746 5184 1974 5266 advocat
2002 5202 2120 5241 om-

541 5292 634 5331 nes
684 5276 897 5331 Judmos
922 5316 937 5340 ,
966 5277 1055 5345 qni
1086 5275 1199 5344 ejus
1230 5276 1388 5328 vitam
1417 5284 1472 5329 et
1510 5277 1973 5332 conversationem
2020 5295 2123 5333 no-

540 5378 677 5421 rant.
726 5369 946 5432 Sciunt,
997 5368 1207 5434 inquit,
1239 5383 1410 5420 omnes
1454 5367 1664 5434 Judaei,
1715 5370 1802 5437 qui
1855 5386 1933 5423 me
1979 5373 2121 5441 prius

537 5472 802 5524 nouerunt,
835 5462 878 5514 si
930 5460 1081 5515 uelint
1132 5460 1469 5513 testimonium
1496 5461 1644 5529 ferre.
1690 5461 1743 5514 6.
1791 5460 1859 5514 Et
1890 5479 2022 5516 nunc
2066 5466 2119 5517 in

534 5571 623 5622 spe
667 5555 1068 5623 repromissionis
1091 5596 1105 5617 ,
1138 5568 1251 5623 qua:
1276 5553 1344 5605 ad
1368 5563 1534 5622 patres
1564 5564 1763 5607 nostros
1804 5558 1941 5625 facta
1985 5566 2057 5611 est
2086 5573 2117 5609 a

533 5644 662 5711 Deo,
693 5657 770 5700 sto
803 5646 1003 5716 judicio
1027 5646 1278 5714 subjectus
1303 5660 1325 5699 :
1356 5645 1406 5697 7.
1454 5647 1507 5697 in
1534 5661 1685 5713 quam
1714 5645 1981 5700 duodecim
2027 5648 2117 5700 tri-

539 5766 765 5862 matth
790 5798 803 5814 .
831 5760 892 5809 de
938 5754 1013 5806 his
1054 5755 1215 5806 colens
1242 5755 1432 5817 aliquid
1478 5756 1695 5816 discere,
1728 5757 1907 5809 desunt
1944 5761 1990 5808 in
2016 5772 2115 5809 uno

1370 408 1426 463 S.
1465 406 1740 463 JOANNIS
1776 406 2257 464 CllliYSOSTOMl
2289 407 2605 461 AltClllEP.
2646 408 3181 465 CUNSTANTINOP.

3780 411 3879 470 360

2284 518 2375 569 bus
2403 527 2609 583 nostra',
2639 531 2783 572 nocte
2807 538 2868 572 ac
2897 522 2979 574 die
3004 521 3357 589 descruientes,
3377 538 3587 593 sperant
3609 528 3845 583 devenire
3862 573 3873 585 .

2283 611 2345 659 de
2370 624 2471 677 qua
2500 624 2608 675 spe,
2642 627 2732 662 rex
2775 613 3022 681 Agrippa,
3059 630 3271 667 accusor
3301 631 3332 665 a
3361 615 3560 669 ludatis
3615 618 3671 671 8.
3711 622 3881 684 Quid?

2282 698 2570 752 incredibile
2607 700 2876 768 judicatnr
2903 703 3041 772 apud
3068 721 3152 757 ros
3177 747 3192 770 ,
3225 707 3268 758 si
3300 705 3432 760 Deus
3459 721 3688 764 mortuos
3712 715 3868 764 susci-

2281 793 2399 844 tat?
2432 794 2568 843 imas
2586 794 2652 846 de
2676 798 3069 851 resurrectione
3102 800 3337 853 rationes
3369 802 3553 868 ponit:
3588 804 3814 855 alteram
3849 821 3875 856 θ

2282 884 2595 950 propin-tis;
2629 894 2682 938 et
2712 888 2914 940 nullum
2945 890 3159 944 adducit
3192 891 3506 959 propiutaut
3530 936 3543 955 ,
3589 895 3683 948 sed
3729 897 3871 949 illam

2276 974 2583 1031 Jiulamrum
2618 992 2741 1032 e55e
2768 981 3075 1047 Opinionem
3111 983 3276 1048 dicit;
3325 987 3548 1039 alteram
3579 997 3635 1042 et
3679 989 3871 1043 fortio-

2279 1084 2388 1121 rem
2436 1086 2498 1124 ex
2533 1074 2695 1125 rebus
2737 1072 2887 1158 ipsis.
2920 1074 3307 1140 Quam-illam?
3346 1077 3498 1142 Quod
3549 1079 3802 1136 Christus
3843 1099 3871 1135 τι

2278 1164 2503 1215 mortuis
2554 1165 2839 1218 suscitatus
2871 1181 2928 1219 se
2958 1165 3263 1235 alloquutus
3299 1169 3387 1221 sit.
3440 1167 3507 1221 Et
3540 1172 3671 1224 illud
3710 1177 3872 1227 ratio-

2273 1249 2428 1303 ciniis
2455 1253 2644 1319 probat
2666 1294 2678 1313 .
2713 1257 2941 1322 priscam
2974 1256 3235 1310 insaniam
3278 1273 3430 1312 suam
3460 1275 3711 1316 accurate
3740 1284 3868 1318 uar—

2273 1359 2397 1397 rans
2428 1363 2439 1397 :
2472 1345 2666 1399 deinde
2693 1348 2853 1401 etiam
2884 1364 3007 1401 cum
3055 1350 3211 1405 laude
3237 1351 3571 1408 Judaeurum.
3630 1357 3797 1412 Nocte
3821 1372 3868 1412 et

2272 1437 2353 1487 dic
2381 1437 2600 1490 colentes
2621 1479 2633 1499 ,
2670 1440 2829 1508 inquit
2855 1480 2870 1503 ,
2899 1452 3107 1507 sperant
3154 1445 3404 1497 devenire.
3439 1447 3621 1514 Itaque
3654 1451 3864 1505 etiamsi

2271 1528 2555 1595 inculpata:
2586 1530 2707 1583 vitm
2740 1548 2844 1584 non
2889 1547 3065 1588 essent
3094 1576 3106 1595 ,
3142 1550 3305 1606 super
3333 1538 3416 1593 Itis
3446 1556 3549 1595 non
3585 1557 3865 1612 oporteret

2266 1616 2493 1682 iudieari
2522 1660 2535 1680 ,
2571 1636 2663 1673 rex
2711 1621 2965 1690 Agrippa.
3014 1624 3277 1680 Subditur
3317 1628 3419 1681 alia
3464 1631 3623 1685 ratio.
3677 1636 3814 1698 Quid
3840 1639 3865 1689 .’

2268 1709 2561 1762 incredibile
2590 1712 2847 1775 iudicatur
2872 1731 2901 1765 a
2931 1714 3089 1779 vobis,
3122 1718 3165 1769 si
3196 1716 3333 1774 Deus
3360 1732 3585 1777 martnos
3614 1728 3863 1781 suscitat!

2264 1800 2394 1853 Nam
2416 1842 2428 1861 .
2460 1804 2501 1854 si
2536 1802 2649 1857 lucc
2676 1820 2780 1857 non
2805 1817 2949 1859 essu
2978 1809 3200 1876 Opinio,
3232 1812 3276 1865 si
3305 1812 3356 1865 in
3394 1815 3475 1867 bis
3516 1816 3860 1886 dogmatibus

2262 1891 2471 1945 νάπη-θη
2524 1910 2628 1948 tuin
2673 1906 2883 1963 essmit,
2916 1908 2972 1952 et
3016 1916 3159 1955 nunc
3189 1917 3249 1955 ea
3281 1904 3601 1961 efferrentur
3632 1952 3647 1973 ,
3681 1911 3858 1967 forsan

2262 1984 2379 2051 quis
2410 2001 2715 2042 sermonem
2762 2005 2869 2043 non
2904 1992 3216 2062 recepisset.
3279 1996 3478 2051 Deinde
3524 2000 3690 2067 dicit,
3725 2019 3859 2072 quo-

2262 2080 2422 2132 modo
2464 2083 2927 2151 persequebatur:
2960 2088 3101 2154 quod
3134 2088 3197 2140 ad
3233 2090 3567 2157 probandqu
3602 2093 3854 2151 idoneum

2260 2182 2363 2227 est.
2399 2173 2467 2227 Et
2495 2175 2761 2244 principes
2792 2175 3131 2232 sacerdotum
3162 2180 3379 2236 adducit
3415 2192 3577 2238 testes
3598 2196 3653 2241 et
3680 2199 3856 2243 exter-

2262 2284 2356 2321 uas
2404 2269 2649 2323 civitates
2674 2310 2686 2333 ,
2719 2280 2773 2324 et
2818 2271 2959 2339 quod
2991 2274 3222 2328 audierit
3251 2274 3521 2331 dicentem
3553 2280 3657 2334 sibi
3688 2299 3701 2333 :
3740 2281 3856 2335 Dn-

2256 2376 2371 2412 rum
2399 2370 2472 2413 est
2512 2361 2598 2413 tibi
2629 2372 2806 2414 contra
2835 2365 3092 2416 stimulum
3121 2366 3408 2421 calcitrare.
3439 2370 3644 2427 Deinde
3671 2384 3853 2427 osten-

2255 2452 2332 2504 dit
2369 2452 2460 2506 Dci
2503 2450 2844 2508 clementiam
2877 2456 3019 2523 quod
3064 2458 3226 2511 etiam
3273 2474 3396 2513 cum
3433 2445 3851 2533 pet-sequeietur

2257 2544 2428 2613 ipsum
2475 2544 2705 2613 Saulus,
2736 2548 2835 2617 ipsi
2879 2552 3163 2619 apparuit:
3197 2551 3305 2607 Nec
3350 2552 3479 2609 mihi
3526 2557 3739 2622 solum,
3774 2564 3852 2613 in-

2254 2635 2407 2704 quit,
2443 2637 2578 2691 bene
2601 2636 2762 2703 fecit,
2797 2639 2889 2692 sed
2927 2650 2980 2694 et
3010 2640 3129 2695 aliis
3158 2642 3435 2699 doctorem
3462 2648 3627 2700 misit.

2324 2748 2377 2802 2.
2405 2750 2651 2805 Ostendit
2682 2752 2807 2807 item
2838 2753 3170 2822 prophetiam
3202 2771 3359 2825 quam
3391 2756 3614 2814 audivit.
3664 2758 3725 2811 In
3758 2760 3847 2813 huc

2250 2844 2472 2912 apparui
2500 2844 2609 2908 tibi,
2644 2846 2863 2915 eripiens
2891 2857 2938 2899 te
2968 2847 3030 2899 de
3059 2848 3248 2917 populo
3272 2860 3319 2903 et
3347 2850 3599 2920 gentibus,
3631 2854 3703 2904 ad
3724 2870 3845 2922 quas

2250 2939 2366 2991 misi
2391 2949 2457 2992 te.
2490 2937 2614 2992 ΙΙωο
2640 2939 2816 2992 omnia
2839 2941 3132 2995 ostendens
3159 2942 3372 2998 dicebat
3403 2962 3416 2998 :
3448 2945 3500 2999 9.
3538 2944 3605 2999 Et
3626 2962 3721 3016 ego
3746 2948 3845 3012 qui-

2248 3030 2363 3082 dem
2386 3030 2816 3096 existimaveram,
2848 3048 2926 3084 me
2953 3035 3195 3086 adversus
3222 3050 3401 3087 nomen
3432 3032 3560 3089 Jcsu
3588 3034 3844 3090 Nazareni

2249 3122 2426 3175 debere
2452 3123 2610 3174 multa
2637 3123 2892 3175 contraria
2924 3128 3105 3193 facere.
3136 3126 3227 3179 10.
3267 3126 3415 3191 Quod
3442 3139 3489 3179 et
3517 3129 3618 3195 feci
3641 3127 3844 3183 Jeroso-

2250 3216 2419 3285 (gruis,
2445 3224 2490 3266 et
2522 3216 2706 3268 multos
2748 3227 3036 3269 sanctorum
3068 3234 3157 3285 ego
3184 3219 3236 3270 in
3263 3220 3548 3273 carceribus
3580 3222 3784 3285 inclusi,
3812 3240 3841 3273 a

2250 3307 2561 3376 principibus
2586 3308 2907 3361 sacerdotum
2943 3320 3189 3378 potestate
3212 3322 3419 3382 accepta
3448 3328 3467 3366 :
3493 3324 3537 3365 ct
3573 3331 3691 3367 cum
3715 3317 3841 3369 oeci.

2247 3400 2484 3454 darentur
2505 3400 2663 3452 detuli
2693 3402 2991 3454 sententiam
3015 3419 3032 3455 .'
3058 3404 3141 3456 11.
3178 3414 3224 3456 et
3250 3422 3337 3471 per
3360 3421 3531 3459 omnes
3558 3425 3845 3479 synagogas

2246 3498 2533 3565 frequenter
2558 3494 2772 3564 puniens
2818 3511 2922 3558 eos,
2974 3495 3333 3562 campellebam
3366 3498 3724 3566 blasphemure
3750 3517 3769 3552 :
3799 3511 3847 3553 et

2244 3588 2464 3657 amplius
2490 3588 2746 3642 insaniens
2776 3590 2828 3641 in
2861 3604 2965 3653 eos,
2995 3589 3327 3656 persequebar
3348 3607 3505 3657 usque
3527 3592 3581 3643 in
3610 3602 3845 3647 externas

2242 3681 2488 3733 civitates.
2520 3680 2609 3733 12.
2637 3678 2781 3733 Inter
2804 3680 2909 3734 hac
2934 3680 3057 3732 dum
3086 3681 3214 3735 irent
3244 3679 3554 3736 Damascum
3595 3700 3714 3735 cum
3746 3700 3842 3751 po-

2244 3785 2419 3829 testate
2437 3785 2482 3828 et
2506 3774 2753 3842 permissu
2780 3774 3067 3843 principum
3089 3776 3430 3837 sacerdotum,
3459 3775 3543 3829 15.
3571 3776 3656 3828 die
3676 3776 3842 3827 media

2242 3868 2293 3919 in
2323 3867 2401 3919 via
2422 3867 2543 3929 ridi,
2575 3882 2685 3927 rex,
2708 3867 2772 3917 de
2798 3866 2924 3918 ca'lo
2948 3882 3107 3932 supra
3126 3866 3448 3935 splendorem
3474 3868 3597 3920 solis
3632 3868 3825 3920 circum

2243 3960 2445 4029 fulsisse
2478 3974 2555 4011 me
2581 3958 2769 4018 lumen,
2806 3965 2854 4009 et
2881 3973 2967 4009 eos
2998 3957 3087 4025 qui
3124 3972 3319 4010 mecum
3363 3957 3517 4011 simul
3546 3968 3711 4011 erant.
3751 3959 3819 4012 14

2244 4054 2529 4122 ()nmesque
2558 4069 2646 4106 nos
2676 4069 2791 4105 cum
2830 4052 3192 4104 decidissentus
3224 4051 3276 4103 in
3306 4060 3514 4115 terram,
3549 4051 3725 4105 audiri
3750 4068 3842 4105 vo-

2238 4162 2347 4198 cem
2371 4144 2656 4215 ioqueutem
2693 4145 2818 4197 mihi
2864 4142 3119 4196 Hebraica
3168 4142 3344 4213 lingua
3374 4158 3393 4195 :
3424 4142 3605 4207 Saule,
3656 4144 3834 4208 Saule,

2238 4239 2362 4309 quid
2386 4255 2465 4292 me
2506 4237 2863 4307 persequeris?
2910 4235 3110 4288 Durum
3147 4246 3219 4289 est
3262 4234 3352 4287 tibi
3394 4245 3573 4287 contra
3604 4236 3835 4290 stimul..s

2238 4332 2523 4383 calcitrare.
2562 4330 2645 4383 15.
2689 4327 2798 4397 Ego
2828 4338 2996 4379 autent
3026 4326 3155 4389 disi,
3184 4317 3312 4392 Quis
3342 4341 3413 4390 es,
3447 4323 3708 4379 Domine!
3739 4325 3841 4379 llle

2240 4432 2403 4475 autem
2426 4422 2552 4474 dixit
2582 4419 2733 4489 :Ego
2769 4436 2881 4473 sum
2915 4418 3087 4483 Iesus,
3111 4435 3256 4485 quem
3298 4427 3352 4471 tu
3381 4419 3715 4489 persequeris.
3747 4420 3835 4473 16.

2242 4516 2347 4568 Sed
2377 4531 2588 4585 exsurge
2615 4523 2659 4566 et
2688 4524 2767 4567 sta
2796 4528 2948 4583 super
2974 4512 3125 4582 pedes
3157 4522 3269 4565 tuos
3300 4526 3316 4565 :
3344 4510 3411 4563 ad
3440 4512 3536 4563 hoc
3560 4512 3698 4564 enim
3734 4529 3835 4579 ap-

2239 4607 2387 4674 parui
2406 4606 2514 4671 tibi,
2539 4614 2591 4657 ut
2620 4605 2919 4656 constituam
2949 4613 2995 4656 te
3027 4604 3314 4657 ministrum
3352 4611 3399 4655 et
3442 4611 3620 4655 testem
3659 4618 3835 4655 eorum

2234 4714 2347 4767 quw
2371 4697 2557 4761 vidisti,
2582 4707 2628 4749 et
2650 4713 2825 4749 eorum
2849 4695 3030 4765 quibus
3062 4696 3313 4763 apparebo
3337 4694 3448 4760 tibi,
3493 4695 3580 4748 17.
3612 4696 3836 4765 eripiens

2234 4790 2361 4844 tede
2386 4792 2578 4859 papula
2604 4799 2648 4841 et
2670 4789 2922 4858 gentibus,
2946 4789 2999 4840 in
3022 4804 3146 4855 quas
3171 4803 3306 4840 nunc
3332 4804 3422 4857 ego
3448 4788 3591 4839 mitto
3617 4796 3684 4850 te,
3708 4803 3834 4855 ape-

2233 4884 2332 4935 rire
2358 4882 2534 4935 oculos
2562 4896 2755 4943 eorum,
2790 4888 2843 4932 ut
2864 4888 3223 4931 convertantur
3246 4895 3278 4931 a
3307 4879 3520 4933 tenebris
3545 4883 3614 4931 ad
3640 4880 3830 4942 lucem,

2232 4985 2276 5026 et
2301 4973 2362 5025 de
2391 4982 2636 5041 potestate
2670 4981 2865 5025 satana:
2892 4973 2959 5022 ad
2992 4970 3173 5035 Deum,
3202 4981 3256 5022 ut
3283 4972 3541 5041 accipiant
3567 4972 3827 5025 remissio-

2233 5082 2344 5119 nem
2372 5077 2711 5134 peccatorum.
2742 5074 2787 5117 et
2815 5074 2998 5117 sortem
3024 5066 3156 5117 inter
3173 5072 3376 5118 sanctos
3406 5080 3496 5133 per
3518 5063 3692 5131 ﬁdem,
3713 5079 3831 5132 quas

2231 5166 2303 5211 est
2324 5161 2375 5210 iu
2401 5172 2496 5210 me.
2531 5154 2832 5224 Perpende,
2865 5170 3022 5223 quam
3052 5162 3331 5210 mansuete
3358 5155 3627 5221 loquatur.
3659 5154 3824 5219 Deus,

2233 5249 2421 5315 inquit,
2468 5248 2599 5301 dixit
2637 5247 2705 5298 ad
2744 5262 2822 5299 me
2855 5262 2873 5299 :
2900 5246 3132 5316 Apparui
3172 5244 3283 5309 tibi,
3330 5255 3388 5297 ut
3428 5246 3731 5305 conuitium
3778 5258 3824 5300 te

2231 5341 2517 5394 ministrum
2536 5348 2583 5394 et
2607 5348 2777 5392 testem
2815 5356 2986 5392 eorum
3008 5354 3123 5412 quae
3145 5337 3337 5403 vidisti,
3365 5348 3413 5392 et
3442 5354 3616 5392 eorum
3641 5338 3824 5408 quibus

2227 5436 2485 5505 apparebo
2506 5432 2613 5497 tibi,
2640 5433 2854 5499 eripiens
2884 5442 2931 5484 te
2956 5435 3022 5485 de
3045 5431 3234 5502 populo
3264 5440 3311 5484 et
3335 5431 3587 5502 gentibus,
3621 5434 3675 5486 in
3696 5449 3822 5503 quos

2228 5544 2359 5580 nunc
2377 5544 2469 5597 ego
2495 5528 2639 5579 mitto
2662 5535 2727 5589 te,
2764 5526 2846 5579 18.
2876 5534 2929 5578 ut
2956 5522 3156 5593 aperias
3180 5523 3355 5577 oculos
3384 5540 3578 5590 eorum,
3608 5535 3665 5576 ut
3698 5540 3819 5577 con-

2224 5632 2485 5675 vertantur
2512 5638 2540 5671 η
2565 5618 2777 5673 tenebris
2815 5618 2883 5671 ad
2910 5600 3071 5671 lucem
3097 5624 3144 5669 et
3168 5632 3201 5667 α
3233 5625 3483 5684 potestate
3516 5628 3710 5669 satana:
3749 5616 3819 5669 ad

2228 5713 2411 5780 Deum,
2440 5724 2492 5767 ut
2522 5712 2773 5779 accipiant
2798 5709 3142 5764 remissionem
3170 5717 3511 5777 peccatorum.
3535 5708 3613 5761 Ac
3648 5723 3692 5762 SI
3728 5708 3813 5761 dio

2224 5814 2371 5858 ceret
2419 5821 2431 5856 :
2476 5805 2563 5860 llis
2592 5802 2812 5861 credidi.
2858 5802 2957 5856 hac
2994 5800 3197 5856 visione
3231 5813 3320 5854 me
3351 5798 3593 5869 adduxit,
3647 5808 3703 5857 et
3730 5799 3813 5856 sic
