4070 6476
208 411 274 463 Si;
285 410 303 463 Ι

207 525 492 595 pehuasit,
526 537 578 576 ut
611 541 713 576 non
744 521 1034 576 diﬁ'errem.
1080 519 1161 572 l9.
1209 515 1377 579 Unde,
1421 529 1512 566 rex
1543 511 1788 583 Agrippa,

207 634 306 669 non
345 617 422 686 {ui
457 614 748 668 incredulus
773 614 957 666 cwlesti
987 610 1199 672 visioui;
1229 607 1318 660 ‘20.
1343 605 1434 659 sed
1458 605 1539 666 iis,
1570 605 1653 671 qui
1676 610 1792 655 sunt

207 705 452 758 Damasci
481 705 701 774 primum
724 715 769 757 et
789 702 1140 771 Jerosolymis,
1171 711 1218 753 et
1243 699 1294 751 in
1321 712 1515 752 omnem
1539 695 1791 764 regionem

203 797 425 861 Juda'tc,
456 809 500 851 et
526 799 752 869 gentibus
792 794 1150 849 annuntiabam
1194 801 1249 844 ut
1293 789 1634 861 paenitentiam
1679 802 1790 856 age-

203 898 336 953 rcnt,
387 899 429 941 et
479 896 881 941 converterentur
925 885 991 936 ad
1045 883 1232 947 Deum,
1288 883 1441 952 digna
1488 877 1792 950 pauitantia:

203 995 360 1044 opera
393 979 650 1047 facientes.
699 977 797 1044 Qui
840 977 998 1045 igitur
1035 975 1170 1028 alios
1197 973 1504 1028 erudiebam
1537 970 1676 1024 circa
1709 967 1786 1021 vi-

203 1079 309 1123 tam
361 1070 653 1139 optimam,
701 1067 967 1135 quomodo
1011 1064 1288 1120 seditionis
1337 1071 1391 1116 et
1431 1057 1787 1115 contentionis

199 1173 391 1218 auctor
427 1161 681 1216 fuissem?
708 1161 798 1213 2|.
831 1159 941 1212 Ilac
970 1174 1032 1212 es:
1057 1173 1209 1210 causa
1239 1172 1317 1209 me
1344 1153 1534 1217 Judwi,
1571 1167 1682 1205 cmtt
1709 1166 1786 1204 es-

197 1271 302 1308 sem
342 1256 396 1307 in
426 1253 627 1323 templo,
656 1251 1063 1320 comprehensum
1088 1248 1339 1302 tentabant
1366 1246 1665 1314 interﬁcere.
1691 1243 1780 1297 22.

200 1347 406 1401 Auxilio
437 1356 600 1399 autem
637 1347 840 1412 adjutus
882 1343 992 1406 Dei,
1041 1359 1195 1410 usque
1232 1341 1283 1393 in
1321 1340 1615 1393 hodiernum
1651 1337 1782 1390 diem

193 1447 292 1499 sto,
323 1437 600 1504 testiﬁcans
641 1434 820 1486 minori
849 1441 996 1502 atque
1034 1431 1238 1500 majori,
1267 1429 1396 1482 nihil
1423 1437 1564 1483 extra
1588 1427 1776 1491 dicens,

192 1547 345 1599 quam
391 1547 472 1594 ea,
504 1545 616 1599 qua:
654 1527 913 1596 prophetae
954 1525 1146 1594 loquuti
1187 1532 1302 1577 sunt
1345 1524 1519 1590 futura
1560 1535 1686 1582 esse,
1733 1528 1780 1572 et

195 1621 424 1692 Moyses,
451 1620 540 1675 ‘25.
574 1620 618 1672 si
648 1634 889 1686 passurus
916 1615 1164 1678 Christus,
1212 1613 1254 1666 si
1295 1614 1487 1683 primm
1515 1627 1577 1664 ea:
1602 1627 1775 1663 resur-

188 1716 410 1766 rectione
437 1721 746 1764 mortuorum
779 1710 945 1763 lumen
982 1708 1374 1760 annuntiaturus
1400 1713 1472 1758 est
1517 1702 1704 1773 papula
1730 1713 1776 1755 et

185 1805 440 1874 gentibus.
485 1802 633 1866 Vide,
677 1812 732 1855 ut
769 1815 948 1855 sermo
979 1799 1094 1868 ejus
1133 1798 1440 1852 adulatione
1480 1805 1678 1858 careat,
1722 1805 1776 1850 et

188 1905 361 1949 totum
393 1894 661 1949 adscribat
687 1893 816 1946 Deo.
851 1891 981 1945 Vide
1008 1887 1290 1945 etdicendi
1322 1889 1641 1951 libertatem,
1669 1886 1773 1940 Sed

185 2004 348 2057 neque
372 2004 506 2040 nunc
533 1985 754 2047 desisto;
786 1983 1090 2036 ﬁrmitatem
1122 1997 1135 2032 :
1170 1982 1209 2034 A
1256 1980 1532 2050 prophetis
1570 1977 1770 2032 conﬁr-

183 2095 323 2145 mor,
361 2081 438 2132 An
467 2093 705 2148 passurus
734 2077 883 2146 fuerit
913 2075 1160 2139 Christus,
1193 2089 1260 2125 an
1298 2073 1491 2142 primus
1517 2087 1578 2124 ea:
1602 2087 1770 2123 resur-

179 2172 405 2224 rectione
432 2179 739 2222 mortuorum
776 2168 942 2220 lumen
982 2166 1043 2220 sit
1072 2165 1501 2227 annuntiaturus;
1530 2178 1592 2216 ac
1621 2163 1662 2215 si
1685 2161 1768 2215 di-

177 2272 323 2315 ceret
357 2277 370 2311 :
406 2260 635 2314 Christus
681 2259 873 2327 primus
920 2272 1220 2325 resurgens,
1261 2255 1377 2322 jam
1417 2271 1517 2308 non
1558 2255 1768 2308 moritur

177 2350 337 2420 (Rom
385 2352 437 2405 6.
463 2351 538 2420 9).
562 2349 893 2404 Manifestum
917 2356 998 2402 est
1025 2362 1088 2401 ex
1117 2362 1204 2412 eo,
1230 2345 1372 2414 quod
1394 2346 1642 2400 omnibus
1665 2344 1765 2399 hoc

175 2443 475 2502 denuntiet.
526 2451 580 2496 et
620 2442 670 2494 in
712 2439 1014 2508 semetipsis
1057 2447 1387 2508 exspectent.
1434 2437 1634 2492 Deinde
1665 2437 1763 2491 Fe-

174 2545 310 2598 stus,
348 2547 402 2586 ut
440 2532 689 2602 loquendi
721 2532 1018 2586 libertatem
1047 2529 1198 2591 vidit,
1227 2546 1329 2599 qua
1357 2531 1468 2601 regi
1507 2531 1761 2600 loqueba-

175 2636 281 2692 tur,
322 2643 430 2680 non
472 2635 718 2679 avertens
747 2639 805 2678 se
830 2623 894 2677 ab
933 2633 1148 2691 aSpectu
1195 2622 1332 2691 ejus,
1372 2637 1433 2677 ac
1474 2623 1516 2676 si
1562 2622 1758 2690 aliquid

175 2726 468 2784 pateretur.
502 2717 626 2769 dicit
653 2734 664 2767 :
694 2714 919 2774 Insanis,
956 2712 1135 2766 Paule.
1175 2713 1323 2778 Quod
1348 2723 1524 2766 autem
1561 2714 1756 2781 aliquid

175 2824 365 2874 D:I:~SUS
391 2806 489 2860 hoc
518 2806 678 2870 dicat,
710 2806 834 2859 audi
865 2805 1142 2874 sequentia
1174 2821 1186 2856 :
1215 2804 1302 2858 24.
1335 2803 1460 2858 Ηιεσ
1481 2815 1645 2857 autem
1670 2805 1758 2857 illo

171 2898 462 2959 disserente,
509 2896 688 2949 Festus
716 2912 901 2962 magna
930 2910 1046 2947 voce
1074 2893 1202 2946 dixit
1236 2909 1254 2945 :
1291 2891 1517 2958 Insanis,
1555 2892 1756 2958 Paule;

171 2987 346 3042 multa
382 2989 540 3041 titerte
583 2997 629 3040 te
661 2987 728 3038 ad
757 2987 1010 3038 insaniam
1055 2994 1369 3038 convertunt.
1411 2983 1548 3051 Quid
1597 2985 1757 3053 igitur

171 3076 410 3130 Paulus?
438 3075 568 3131 Cum
596 3074 1002 3130 mansuetudine
1027 3073 1359 3142 respondens
1379 3075 1454 3126 ait
1482 3092 1494 3127 :
1522 3073 1612 3128 25.
1639 3073 1753 3126 Non

169 3168 388 3230 insanio,
419 3167 603 3234 Optime.
632 3164 818 3228 Feste;
847 3166 936 3219 sed
963 3165 1187 3217 ueritatis
1217 3174 1262 3217 et
1292 3163 1579 3217 sobrietatis
1607 3164 1753 3217 verba

169 3258 365 3326 loquor.
403 3258 587 3312 Postea
616 3257 773 3310 etiam
806 3269 1022 3309 causam
1048 3254 1227 3320 docet,
1259 3264 1478 3322 propter
1505 3269 1662 3323 quam
1685 3256 1750 3308 ad

169 3367 348 3422 regem
379 3365 682 3408 sermonem
726 3357 1060 3404 converteret
1089 3365 1101 3400 :
1133 3346 1224 3401 26.
1267 3347 1378 3402 Scit
1412 3348 1544 3400 enim
1575 3348 1637 3399 de
1677 3349 1752 3401 his

166 3459 273 3508 rex,
303 3443 374 3495 ad
398 3460 540 3511 quem
567 3450 613 3494 et
644 3449 927 3494 constanter
952 3439 1130 3507 loquor
1157 3454 1174 3491 :
1199 3439 1354 3491 latere
1379 3437 1510 3490 enim
1536 3453 1646 3489 eum
1673 3439 1751 3490 ni-

169 3534 235 3586 hit
265 3533 448 3584 horum
476 3531 692 3584 arbitror
720 3547 737 3584 :
761 3548 858 3584 non
882 3540 952 3584 est
974 3533 1105 3583 enim
1127 3530 1177 3582 in
1205 3529 1394 3599 angulo
1418 3531 1512 3583 hoc
1532 3540 1746 3600 gestant.

163 3624 250 3676 9.7.
284 3621 482 3686 Credis,
515 3638 604 3676 res;
635 3623 878 3692 Agrippa,
917 3619 1214 3690 prophetis?
1251 3620 1370 3673 Scio
1400 3622 1533 3689 quod
1563 3622 1744 3673 credis.

167 3715 274 3768 lloc
305 3715 373 3768 ita
411 3713 570 3777 dixit,
604 3713 752 3780 quasi
787 3711 1068 3766 traducens
1098 3711 1214 3764 illos
1261 3719 1314 3764 et
1351 3710 1536 3765 dicens
1563 3729 1574 3763 :
1599 3710 1743 3777 Scio,

166 3806 304 3873 quod
335 3806 510 3858 omnia
539 3814 785 3859 accurate
810 3804 944 3857 sciat
971 3821 983 3856 :
1012 3814 1063 3858 et
1085 3803 1366 3872 Oportebat
1398 3801 1613 3872 quidem
1652 3817 1747 3857 vos

169 3899 279 3950 hazc
300 3896 441 3951 scire
475 3896 675 3965 primos
705 3895 778 3964 (id
811 3895 951 3948 enim
980 3895 1253 3962 sequentia
1284 3893 1557 3947 declarant
1583 3911 1598 3949 :
1626 3892 1745 3945 Non

167 3997 236 4041 est
262 3989 359 4040 hoc
388 3988 438 4040 in
469 3986 657 4056 angulo
685 3988 895 4055 gestum)
926 4001 939 4047 ;
973 3984 1064 4038 sed
1109 3984 1372 4038 uoluistis.
1415 3983 1612 4047 Credis,
1657 4001 1747 4036 rex

173 4081 415 4147 Agrippa,
450 4077 752 4146 pmphetis?
791 4077 932 4140 Scio,
975 4075 1110 4144 quod
1151 4077 1331 4130 credis.
1374 4074 1465 4129 28.
1518 4074 1745 4145 Agrippa

166 4183 328 4222 autem
361 4171 428 4221 ad
475 4167 690 4220 Paulum
734 4167 860 4220 dixit
895 4182 912 4219 :
939 4165 1006 4219 In
1036 4167 1234 4219 modico
1274 4166 1458 4219 suades
1484 4182 1562 4217 me
1590 4164 1742 4218 Chri-

164 4264 377 4316 stianum
406 4262 536 4330 ﬁeri.
575 4259 663 4315 9.9.
699 4259 762 4314 Et
796 4259 988 4312 Paulus
1020 4275 1037 4311 :
1070 4258 1202 4327 Opto
1243 4257 1382 4326 apud
1425 4257 1584 4311 Deum
1615 4266 1661 4310 et
1690 4257 1743 4310 in

165 4354 358 4407 modico
381 4354 504 4406 etin
533 4368 733 4420 magno,
771 4368 869 4403 non
897 4360 1088 4403 tantum
1129 4360 1194 4414 te,
1231 4348 1319 4402 sed
1352 4350 1504 4402 etiam
1547 4364 1739 4414 omnes,

163 4446 244 4516 qui
272 4444 484 4499 audiunt
510 4461 605 4508 me,
630 4442 777 4496 hodie
802 4442 911 4509 ﬁeri
937 4441 1079 4504 tales,
1109 4441 1273 4510 qualis
1299 4451 1346 4493 et
1373 4457 1463 4509 ego
1489 4456 1618 4503 sum,
1647 4455 1740 4494 ea:—

165 4535 315 4603 ceptis
344 4534 554 4586 vinculis
591 4533 687 4585 his.
729 4531 856 4584 Vide
899 4531 1167 4600 quomodo
1211 4540 1475 4598 precatur,
1510 4529 1690 4584 dicens
1724 4547 1736 4582 :

165 4625 295 4691 Opto
320 4624 460 4694 apud
483 4623 643 4676 Deum
665 4622 714 4674 in
740 4622 969 4687 modico;
993 4621 1093 4676 hoc
1117 4631 1217 4683 est,
1243 4631 1300 4674 ut
1328 4636 1392 4674 ne
1416 4635 1598 4688 parum
1622 4621 1739 4690 qui-

166 4714 279 4770 dem
308 4715 463 4769 absit.
499 4715 562 4768 Et
599 4730 702 4766 non
733 4713 904 4766 solum
936 4723 1074 4778 orat,
1122 4713 1212 4767 sed
1246 4713 1532 4767 ferventer.
1564 4712 1735 4776 Tales,

167 4808 350 4876 inquit,
382 4806 493 4873 fieri
518 4821 708 4869 omnes,
747 4819 852 4857 non
893 4805 1049 4857 modo
1091 4813 1161 4868 te,
1204 4804 1296 4857 sed
1337 4819 1543 4869 onmes,
1576 4805 1738 4872 qualis

162 4915 269 4953 sum
296 4915 406 4969 ego.
450 4897 647 4953 Deinde
689 4899 782 4961 ait,
818 4896 1050 4966 Exceptis
1088 4898 1299 4950 vinculis
1328 4897 1404 4950 his
1433 4913 1452 4949 :
1479 4911 1583 4950 non
1624 4912 1738 4951 mo-

166 4991 293 5045 leste
331 4988 508 5044 ferens
535 4988 764 5054 vincula,
809 5004 979 5057 neque
1013 4988 1334 5042 erubescens
1365 4987 1506 5057 quod
1547 4989 1738 5057 ligatus

165 5093 304 5138 esset
328 5084 456 5151 (hoc
486 5085 624 5136 enim
654 5083 769 5151 ipsi,
806 5084 847 5137 si
887 5073 1012 5152 quid
1049 5083 1211 5146 aliud,
1244 5083 1533 5152 gloriosum
1564 5083 1734 5153 erat);

164 5175 252 5228 sed
283 5175 346 5227 ad
381 5174 589 5228 illorum
637 5174 938 5244 opinionem
983 5175 1288 5243 respiciens,
1325 5175 1392 5227 ita
1427 5174 1578 5227 dixit.
1615 5174 1738 5229 ldro

166 5261 381 5328 addidit,
420 5263 657 5331 Exceptis
688 5265 895 5318 vinculis
936 5266 1031 5318 his.
1066 5264 1168 5319 Sed
1205 5265 1448 5332 superius
1487 5265 1618 5318 lecta
1653 5281 1736 5318 re-

167 5363 424 5422 petamus.
454 5354 666 5409 Postera
704 5373 822 5426 ergo
863 5356 961 5420 die,
1003 5367 1056 5408 ut
1092 5357 1141 5408 in
1181 5356 1487 5408 auditorium
1530 5357 1739 5426 ingressi

167 5455 297 5508 sunt,
341 5445 539 5511 iubente
579 5445 727 5500 Festo
762 5447 1014 5502 adductus
1047 5458 1112 5497 rst
1161 5447 1374 5500 Paulus.
1419 5448 1738 5501 Destiterant

164 5537 266 5606 jam
310 5537 501 5605 Judaei,
542 5555 604 5593 eo
654 5539 793 5608 quod
841 5539 928 5593 ille
968 5541 1305 5608 appellasset,
1355 5551 1410 5594 et
1460 5550 1582 5593 tunc
1636 5540 1733 5609 ipsi

169 5629 497 5697 splendidum
526 5629 676 5684 adest
707 5630 968 5684 theatrum
1000 5649 1011 5683 :
1042 5648 1159 5686 cutn
1204 5633 1370 5685 multo
1399 5633 1539 5685 enim
1577 5648 1737 5701 appa-

173 5729 282 5773 ratu
319 5736 406 5773 rex
445 5729 498 5774 et
537 5723 711 5774 omnis
739 5723 1016 5777 multitudo
1057 5723 1362 5777 Judaznrum
1404 5723 1685 5777 adfuerunt
1721 5743 1732 5777 :

177 5823 271 5865 non
310 5810 401 5865 alii
431 5813 682 5880 aderant,
739 5812 826 5866 alii
864 5817 1201 5876 aberant,st
1232 5844 1237 5858 ‹
1265 5837 1407 5874 mqu
1445 5831 1736 5887 pra'sentcs

1171 401 1231 456 l.\'
1274 397 1454 454 ACTA
1496 392 2016 450 AI’OS'I'ULORUM.
2061 394 2289 451 llOllllL.
2325 394 2426 450 Lll.

3394 395 3500 450 362

1903 515 2076 561 erant.
2103 507 2379 562 Multitudo
2394 507 2694 563 Judworum
2705 551 2716 572 ,
2740 509 2929 578 inquit,
2948 509 3278 580 interpellavit
3301 526 3378 562 me
3397 509 3465 563 Je
3478 541 3500 554 ο

1898 601 2163 670 rosolymis
2178 610 2224 653 et
2242 601 2632 666 hic,clamantes
2647 617 2745 654 non
2763 600 3137 667 oportere/tunc
3153 601 3286 654 ultra
3305 602 3490 656 vivere.

1969 691 2019 744 3.
2051 690 2180 746 Vide
2207 691 2467 745 insaniant
2497 705 2512 744 :
2544 692 2868 755 clamabant.
2900 701 3149 762 oportere
3173 693 3321 746 illum
3351 695 3487 747 mori

1898 779 2152 836 dicentes.
2187 781 2322 838 llinc
2358 782 2592 836 ostendit
2629 783 2830 851 scjure
2859 783 3126 837 Caesarem
3162 783 3484 853 appellasse.

1895 870 1950 925 Si
1977 875 2120 926 enim
2152 874 2284 928 nihil
2305 890 2470 945 grave
2500 875 2786 930 dicendum
2817 875 3103 939 habebant,
3137 876 3316 945 illique
3344 876 3487 929 fure-

1895 960 2041 1027 bant,
2066 962 2186 1032 jure
2207 965 2271 1019 ad
2303 965 2453 1019 illum
2478 967 2645 1020 venit.
2683 965 2749 1020 Ut
2772 966 3163 1037 interrogatione
3188 983 3221 1018 a
3249 967 3380 1019 vobis
3414 967 3486 1031 [a-

1891 1063 1972 1107 cta
1996 1055 2206 1109 habeam
2223 1060 2358 1127 quod
2373 1060 2608 1125 scribant,
2640 1061 2827 1128 inquit.
2864 1060 3026 1115 Vides
3053 1061 3322 1130 quomodo
3339 1075 3485 1129 δειξρο

1890 1157 2046 1199 causa
2094 1150 2485 1204 examinator?
2537 1152 2601 1206 Et
2647 1151 2978 1208 delensionis
3031 1153 3191 1222 hujus
3234 1164 3480 1208 auctores

1889 1249 2011 1291 sunt
2056 1240 2249 1308 Judaei,
2283 1258 2440 1311 quant
2482 1246 2744 1313 cognituri
2793 1255 2947 1299 erant
2987 1246 3144 1299 etiam
3191 1249 3279 1315 qui
3327 1256 3482 1301 erant

1890 1326 2093 1384 Romae.
2121 1330 2290 1401 Super
2310 1335 2561 1401 omnibus,
2584 1336 2646 1388 de
2660 1336 2838 1405 quibus
2858 1355 3088 1404 accusor,
3114 1355 3203 1391 rex
3229 1341 3477 1408 Agrippa,

1886 1419 2132 1487 existimo,
2161 1423 2349 1493 inquit,
2375 1443 2452 1480 me
2473 1427 2691 1494 beatum,
2719 1430 2804 1498 qui
2823 1447 2991 1485 coram
3023 1440 3070 1483 te
3091 1431 3333 1485 rationem
3361 1433 3476 1484 red-

1885 1511 2081 1566 diturus
2104 1531 2238 1568 sum.
2273 1516 2403 1571 Vide
2432 1520 2700 1586 quomodo
2730 1522 2812 1574 vel
2841 1522 2986 1575 inviti
3015 1532 3067 1576 et
3093 1524 3343 1592 nequitia:
3365 1539 3475 1577 sua:

1883 1612 1936 1656 et
1977 1605 2186 1660 virtutis
2231 1607 2382 1662 Pauli
2420 1618 2580 1665 testes
2615 1610 2746 1664 ﬁunt
2782 1613 2941 1665 etiam
2985 1613 3125 1681 apud
3167 1629 3368 1682 regem,
3403 1615 3474 1666 ita

1883 1704 1937 1749 ut
1959 1697 2387 1766 magniﬁcentius
2410 1702 2766 1757 abduceretur
2785 1703 2998 1768 Paulus,
3022 1719 3181 1772 quam
3204 1705 3246 1759 si
3269 1705 3475 1774 absque

1881 1787 2106 1842 vinculis
2138 1789 2375 1846 abiisset.
2411 1791 2528 1846 Non
2559 1793 2700 1848 enim
2730 1795 2864 1849 ultra
2897 1805 2952 1848 ut
2979 1795 3231 1864 deceptor
3253 1807 3306 1850 et
3339 1813 3474 1866 pra:-

1878 1879 2120 1948 stigiator
2143 1897 2173 1934 a
2203 1890 2280 1936 tot
2305 1883 2572 1950 indicibus
2594 1885 2847 1940 dimissus
2871 1886 3258 1941 abducebatur.
3288 1889 3474 1943 Omni-

1877 1968 1974 2022 bus
2001 1984 2128 2039 ergo
2157 1973 2378 2038 relictis,
2414 1974 2552 2043 apud
2594 1991 2728 2045 quos
2759 1985 2909 2030 natus
2949 1976 3312 2046 educatusque
3352 1978 3470 2034 fue-

1875 2068 1975 2123 rat,
2007 2077 2111 2116 non
2145 2072 2450 2134 utcumque,
2474 2066 2566 2121 sed
2585 2067 2728 2120 onmi
2749 2069 3054 2136 suspicione
3079 2069 3216 2124 liber
3242 2070 3467 2125 Romam

1875 2151 2083 2220 migrat.
2117 2152 2302 2224 Neque
2327 2155 2463 2210 dixit
2493 2175 2506 2209 :
2539 2157 2678 2225 Quid
2716 2159 2816 2212 hoc
2847 2160 2974 2214 est?
3001 2161 3170 2215 semel
3199 2161 3467 2230 appellavi

1873 2240 2158 2310 Ctesarem,
2218 2247 2409 2302 millies
2449 2249 2723 2318 judicatus
2772 2265 2890 2306 sum
2941 2269 2955 2305 :
3003 2255 3317 2323 usquequo?
3370 2257 3465 2309 sed

1870 2334 2039 2402 quid?
2087 2336 2280 2392 lterum
2322 2350 2538 2409 paratus
2583 2353 2700 2397 erat
2743 2343 2971 2399 reddere
3017 2347 3277 2401 rationem
3323 2348 3465 2416 apud

1870 2441 2013 2492 eum,
2043 2429 2134 2496 qui
2181 2445 2268 2485 res
2310 2431 2562 2487 Judaicas
2607 2436 2837 2490 maxime
2881 2446 3085 2491 nosset.
3121 2438 3298 2503 Quare
3336 2454 3460 2493 cum

1868 2533 2058 2588 magna
2103 2520 2350 2579 libertate
2380 2540 2498 2579 sese
2527 2525 2786 2590 defendit,
2835 2531 2959 2598 quia
3008 2529 3066 2596 ii,
3102 2531 3191 2600 qui
3232 2545 3292 2586 se
3331 2546 3462 2586 con~

1865 2611 2212 2681 demuabant,
2243 2616 2440 2671 nullam
2459 2617 2568 2687 jam
2595 2619 2858 2674 habebant
2885 2621 3279 2676 auctoritatem.
3309 2623 3461 2679 Licet

1866 2712 2044 2759 autem
2072 2705 2202 2760 nihil
2231 2719 2468 2777 possent,
2495 2717 2550 2764 et
2569 2711 2833 2765 sententia
2858 2711 2966 2774 illa,
2991 2728 3094 2782 qua
3122 2713 3319 2768 dictum
3343 2714 3461 2771 {ue-

1865 2801 1966 2859 rat,
1996 2793 2078 2847 Ad
2103 2794 2356 2850 Ctesarem
2387 2793 2500 2862 ibis,
2532 2808 2762 2866 teneret,
2787 2809 3024 2856 attamen
3053 2801 3146 2857 dat
3168 2803 3255 2858 ille
3282 2807 3454 2859 ratio-

1865 2898 1986 2938 nem
2014 2886 2360 2956 multiplicem
2387 2888 2455 2942 de
2494 2891 2762 2954 omnibus,
2796 2907 2896 2946 nec
2921 2891 2989 2947 de
3017 2894 3335 2963 quibusdam
3367 2913 3457 2951 so-

1863 2975 1994 3030 lum.
2025 2977 2092 3030 Et
2120 2980 2470 3049 responsione
2497 2996 2590 3036 sua
2616 2982 2731 3038 haec
2755 2983 2866 3039 fere
2891 2984 3022 3040 dicit
3051 3003 3064 3039 :
3095 2987 3364 3042 Accusant
3393 2991 3456 3044 de

1860 3067 2145 3134 seditione,
2178 3082 2431 3126 accusant
2460 3072 2529 3127 de
2560 3074 2748 3128 hmresi
2791 3086 2846 3130 et
2877 3078 3018 3145 quod
3053 3080 3310 3147 templum
3341 3084 3457 3135 vio-

1861 3155 2080 3212 laverim
2113 3176 2126 3212 :
2157 3160 2223 3215 de
2255 3163 2504 3218 onmihus
2531 3165 2793 3219 rationem
2840 3166 3046 3221 reddo:
3087 3167 3252 3222 Vitam
3291 3189 3456 3228 meam

1858 3265 1889 3300 a
1909 3251 2174 3319 juventute
2203 3253 2364 3306 sciunt
2385 3270 2557 3308 omnes
2580 3255 2754 3310 Jndwi
2781 3273 2798 3310 :
2826 3258 2969 3327 quod
2997 3273 3025 3312 τι
3058 3262 3296 3316 moribus
3319 3267 3454 3320 meis

1857 3342 2145 3396 abhorreat
2172 3345 2462 3399 seditiones
2493 3347 2752 3410 excitare,
2785 3359 3127 3405 accusatores
3154 3353 3254 3421 ipsi
3288 3362 3453 3411 testes

1856 3439 1999 3486 sunt.
2033 3431 2184 3500 Quod
2211 3434 2372 3488 etiam
2412 3444 2566 3490 antea
2612 3437 2764 3503 dixit,
2798 3437 3097 3493 eEmulator
3126 3452 3453 3510 paternarum

1858 3540 2083 3576 mearum
2122 3527 2472 3591 lraditiouum,
2523 3528 2571 3581 id
2603 3537 2654 3582 et
2695 3527 2795 3584 hoc
2827 3529 2946 3584 loco
2983 3531 3324 3588 subindiCat:
3365 3537 3453 3591 Vi-

1856 3615 2049 3666 tamab
2097 3616 2439 3669 adolescentia
2483 3634 2611 3671 mea.
2665 3619 2731 3672 Et
2778 3619 2996 3688 quando
3037 3625 3264 3691 populus
3309 3635 3451 3684 totus

1853 3703 2059 3766 aderat,
2095 3713 2219 3758 tunc
2247 3705 2456 3759 illorum
2488 3705 2717 3761 advocat
2749 3711 3134 3764 testimonium.
3160 3713 3343 3785 Neque
3361 3732 3450 3772 so-

1855 3793 1958 3846 lum
1987 3793 2051 3847 ad
2077 3795 2248 3865 Lysia:
2277 3796 2508 3850 tribunal
2538 3798 2639 3851 hoc
2663 3796 2809 3864 fecit,
2839 3801 2999 3855 etiam
3023 3805 3161 3872 apud
3187 3805 3403 3862 Festum
3431 3832 3443 3863 :

1851 3894 1904 3938 et
1933 3901 2116 3940 rursus
2161 3887 2266 3952 hic,
2300 3902 2421 3941 cum
2468 3889 2646 3957 plures
2675 3890 2919 3946 aderant.
2957 3893 3069 3948 lllic
3114 3908 3294 3953 autem
3338 3916 3444 3956 non

1853 3979 2016 4032 multa
2045 3979 2360 4034 defensione
2389 3994 2526 4049 opus
2554 3989 2688 4045 erat,
2718 3996 2838 4035 cum
2869 3982 3039 4038 literae
3067 3986 3241 4057 Lysize
3270 3991 3442 4060 ipsum

1851 4070 2202 4124 dimitterent.
2234 4069 2416 4124 Sciunt
2442 4086 2614 4124 omnes
2641 4070 2833 4137 Judaei,
2865 4075 3053 4143 inquit,
3083 4079 3169 4146 qui
3183 4081 3298 4148 jam
3323 4082 3446 4136 olim

1851 4181 1928 4217 me
1954 4174 2216 4216 noverunt.
2260 4164 2324 4217 Et
2361 4178 2466 4218 non
2493 4164 2651 4228 dixit,
2679 4166 2848 4234 qualis
2878 4181 2972 4220 sua
3001 4170 3144 4233 vita;
3192 4171 3288 4226 sed
3325 4174 3444 4228 illo-

1852 4273 1966 4309 rum
1990 4257 2336 4310 conscientia:
2365 4256 2638 4326 relinquit.
2683 4267 2737 4312 et
2778 4267 2945 4313 totum
2979 4261 3031 4315 in
3064 4273 3263 4318 sectam
3312 4268 3441 4335 reji-

1847 4353 1919 4405 eit
1950 4370 1963 4406 :
1995 4351 2116 4404 hinc
2142 4350 2432 4404 ostendens
2475 4364 2535 4405 se
2564 4365 2670 4404 non
2700 4351 2844 4405 illam
2876 4353 3209 4409 delectorum
3253 4358 3436 4426 fuisse,

1847 4446 1889 4496 si
1920 4444 2088 4497 malus
2111 4442 2298 4496 fuisset
2322 4452 2375 4496 et
2397 4441 2690 4511 improbus.
2720 4442 2823 4498 Pro
2852 4455 2994 4498 secta
3029 4447 3189 4515 igitur
3211 4447 3328 4512 hac,
3358 4453 3443 4505 in-

1846 4537 1979 4606 quit,
2006 4534 2354 4604 stojudicium
2383 4533 2621 4588 subiens.
2641 4533 2764 4588 llazc
2790 4535 2856 4588 ab
2883 4536 2989 4591 illis
3011 4554 3224 4607 quoque
3250 4540 3438 4596 del‘en~

1845 4626 2008 4693 ditur,
2027 4637 2242 4696 propter
2263 4624 2399 4678 hanc
2422 4633 2727 4693 precantur,
2750 4636 2968 4694 propter
2986 4626 3125 4681 hanc
3159 4629 3322 4683 Deum
3343 4647 3435 4684 eo.

1849 4721 1980 4784 lunt,
2013 4731 2068 4773 ut
2092 4721 2225 4773 hanc
2241 4724 2636 4786 consequantur
2668 4735 2680 4771 :
2715 4717 2854 4772 hanc
2885 4734 2983 4788 ego
3010 4723 3270 4777 annuntio
3289 4733 3342 4778 et
3368 4724 3436 4779 de

1848 4812 1943 4866 hac
1955 4827 2050 4880 spe
2066 4825 2306 4865 accusor.
2318 4808 2846 4879 Ergoinsanientium
2863 4820 2964 4872 est,
2983 4812 3158 4864 omnia
3175 4812 3350 4868 facere
3367 4816 3433 4868 ad

1848 4903 1988 4956 illam
2009 4897 2420 4968 assequendam,
2435 4909 2489 4952 et
2505 4915 2623 4953 cum
2642 4899 2730 4968 qui
2749 4901 2799 4951 in
2820 4899 2963 4952 illam
2977 4901 3146 4954 credit
3166 4906 3435 4972 persequi.

1849 4993 1981 5045 Mihi
2001 5001 2169 5044 autem
2184 4991 2344 5043 visum
2372 4999 2460 5054 est,
2488 4989 2678 5059 inquit,
2702 4989 2939 5043 adversus
2965 5007 3146 5043 nomen
3166 4992 3290 5047 Jcsu
3316 4993 3428 5047 Na-

1849 5085 2020 5137 zareni
2042 5094 2272 5152 oportere
2290 5083 2459 5134 omnia
2480 5083 2736 5134 contraria
2764 5086 2932 5153 facere
2953 5099 2970 5146 ;
2999 5082 3047 5135 id
3067 5092 3167 5145 est,
3189 5084 3431 5142 Judicavi

1850 5180 1962 5229 lucc
1983 5173 2219 5229 facienda
2244 5189 2384 5239 esse,
2401 5174 2521 5242 quia
2543 5189 2647 5227 non
2665 5188 2812 5227 eram
2831 5188 2900 5228 ex
2916 5172 3191 5243 discipulis
3209 5175 3431 5243 Christi,

1848 5269 1939 5323 sed
1970 5285 2032 5322 ex
2068 5266 2504 5336 impugnantibus
2547 5282 2688 5320 eum.
2740 5265 2865 5321 Ideo
2906 5266 3009 5321 ﬁde
3049 5268 3240 5338 dignus
3286 5273 3436 5325 testis

1847 5371 1950 5422 est,
1982 5359 2103 5427 quia
2133 5358 2258 5411 dum
2290 5357 2456 5410 millia
2488 5355 2704 5421 laceret,
2756 5365 2813 5410 ut
2851 5356 3036 5412 ﬁdeles
3077 5360 3432 5429 impugnaret.

1848 5451 1971 5504 dum
2004 5450 2374 5520 hlasphemarc
2403 5449 2676 5514 suaderet,
2707 5450 2992 5519 omniaque
3016 5463 3275 5519 moveret,
3299 5457 3437 5508 civi-

1849 5555 2003 5607 tates,
2033 5543 2321 5612 pnncipes,
2357 5552 2409 5595 et
2439 5556 2536 5610 per
2565 5542 2796 5610 seipsum
2831 5541 2945 5596 hzec
2973 5541 3190 5608 faceret,
3235 5547 3311 5600 sic
3341 5548 3436 5602 de-

1850 5642 2067 5700 repente
2097 5643 2328 5686 mutatus
2351 5642 2450 5684 est.
2482 5633 2682 5687 Deinde
2709 5649 2920 5686 rursum
2948 5643 3129 5698 testes,
3163 5637 3249 5705 qui
3279 5640 3434 5695 simul

1852 5726 2080 5779 aderant.
2105 5745 2117 5779 :
2147 5725 2341 5780 deinde
2373 5725 2606 5779 ostendit
2647 5741 2703 5779 se
2727 5726 2848 5795 jure
2877 5727 3190 5788 credidisse.
3234 5747 3261 5782 a
3295 5732 3432 5796 lucc,

1852 5835 1875 5869 a
1906 5818 2198 5887 prophetis,
2250 5818 2312 5872 ab
2345 5818 2644 5884 eventibus,
2690 5828 2744 5874 et
2791 5820 2857 5874 ab
2887 5821 2950 5873 iis
2979 5836 3094 5890 qme
3133 5836 3266 5875 num
3303 5821 3432 5875 facta
