4056 6522
643 405 744 460 5C3

637 531 764 577 sunt
794 539 807 575 :
839 520 1017 595 subdit
1051 521 1192 576 enim
1227 538 1239 576 :
1273 519 1443 575 Medio
1488 517 1569 570 die
1596 518 1647 570 in
1676 516 1776 581 via,
1822 526 1866 570 et
1909 513 2011 568 ridi
2052 511 2211 566 lucem

638 630 719 666 nte
749 614 1232 683 circumfulgentem,
1263 622 1309 667 et
1351 627 1451 676 eos,
1500 610 1584 679 qui
1629 624 1821 662 mecum
1872 608 2029 661 ibant.
2080 604 2210 659 Vide

638 718 785 773 ergo,
818 702 1087 772 quomodo
1116 711 1168 756 et
1197 717 1223 755 a
1253 700 1543 771 prophetis,
1574 709 1629 754 et
1658 697 1727 752 ab
1756 696 1861 763 his,
1894 694 2022 766 ipsis
2051 694 2203 749 ﬁdem

640 794 814 848 faciat.
840 793 915 849 Ne
938 795 1079 850 enim
1106 793 1374 849 videretur
1395 793 1668 857 innovare,
1693 790 1792 845 etsi
1822 803 2009 858 magna
2031 787 2196 841 dicere

641 894 838 953 posset,
891 900 1101 940 rursum
1146 883 1211 937 ad
1261 882 1543 951 prophetas
1581 878 1833 949 coniugit,
1866 886 1919 933 et
1966 878 2109 948 ipsos
2152 876 2199 929 ίιο

638 976 814 1031 medio
860 978 1028 1047 ponit.
1071 975 1180 1031 Hoc
1232 972 1335 1029 [ide
1388 973 1597 1043 dignius
1640 981 1795 1027 erat:
1828 978 2009 1041 utpote
2060 966 2201 1038 quod

638 1082 777 1122 nunc
794 1077 1085 1131 evenerat;
1117 1065 1208 1121 sed
1240 1066 1359 1135 quia
1405 1064 1519 1133 ipse
1546 1063 1691 1119 solus
1738 1061 1960 1125 viderat,
1990 1072 2200 1114 rursum

635 1173 663 1211 ιι
694 1158 963 1228 prophetis
993 1156 1291 1212 conﬁrmat.
1320 1155 1386 1210 Et
1413 1153 1681 1225 perpende
1705 1153 1849 1206 illum
1878 1165 1983 1205 non
2010 1148 2197 1205 eodem

626 1248 794 1304 modo
825 1249 875 1303 in
898 1248 1118 1317 judicio,
1148 1257 1203 1303 et
1245 1248 1296 1301 in
1328 1246 1552 1301 ecclesia
1598 1244 1863 1300 disserere
1894 1261 1908 1296 :
1940 1257 2061 1296 nam
2092 1241 2198 1296 illic

632 1340 842 1408 quidem
875 1339 1027 1405 dixit,
1058 1337 1369 1401 Occidistis;
1399 1337 1485 1393 hic
1514 1351 1639 1392 vero
1668 1334 1795 1390 nihil
1824 1334 1945 1400 tale,
1976 1348 2043 1388 ne
2079 1347 2194 1386 am-

625 1430 767 1499 plius
796 1428 1030 1485 furorem
1062 1429 1430 1495 succenderet,
1461 1428 1551 1483 sed
1580 1426 1716 1482 idem
1742 1427 1913 1496 ipsum
1940 1423 2189 1490 ostendit,

626 1519 813 1574 dicens
841 1537 853 1572 :
890 1519 948 1574 Si
992 1519 1243 1591 possibilia
1284 1517 1529 1575 Christus.
1560 1516 1647 1572 Sic
1673 1516 1790 1570 illos
1814 1530 1845 1570 a
1874 1514 2097 1569 crimine
2128 1514 2193 1567 li-

624 1612 797 1667 berat.
846 1612 1023 1682 Igitur,
1070 1611 1119 1666 id
1168 1611 1305 1681 quod
1350 1624 1450 1680 ego
1493 1608 1768 1672 annuntio,
1817 1623 1943 1662 num
1991 1608 2191 1677 primus

628 1711 957 1756 mortuorum
980 1702 1349 1764 resurrexerit,
1394 1698 1444 1753 id
1467 1713 1529 1753 ex
1555 1696 1827 1768 prophetis
1845 1697 2149 1751 demonstro
2172 1713 2186 1748 :

624 1810 745 1849 nam
782 1804 829 1849 et
876 1793 1147 1865 pmphetre
1188 1794 1287 1849 hoc
1312 1792 1647 1847 annuntiant.
1686 1789 1865 1860 Itaque
1890 1802 2188 1844 sermonem

622 1901 799 1941 meum
829 1885 1074 1954 accipite,
1102 1896 1158 1939 ut
1177 1884 1265 1953 qui
1294 1893 1375 1938 est
1413 1883 1807 1953 prophetarum.
1850 1880 1981 1947 Quia
2011 1888 2186 1934 autem

624 1979 879 2032 visionem
910 1975 1130 2038 dixerat,
1167 1974 1377 2030 demum
1404 1988 1524 2029 cum
1551 1974 1793 2028 libertate
1822 1971 2070 2041 praeclara
2096 1984 2187 2039 ge-

621 2076 699 2121 sta
732 2075 929 2120 narrat.
958 2065 1207 2132 Quaenam
1240 2064 1373 2117 illa?
1406 2063 1473 2117 Ut
1506 2063 1726 2133 aperias,
1774 2060 1960 2131 inquit,
1992 2060 2181 2123 oculos,

620 2165 664 2209 et
691 2165 945 2209 convertas
970 2172 1000 2207 a
1040 2153 1249 2209 tenebris
1274 2154 1341 2207 ad
1378 2154 1559 2222 lucem,
1590 2164 1637 2208 et
1667 2170 1697 2206 a
1728 2161 1970 2223 potestate
1993 2162 2185 2205 satana!

616 2247 683 2300 ad
707 2245 890 2300 Deum.
923 2245 1001 2298 Ad
1028 2245 1120 2298 hoc
1146 2246 1300 2308 enim,
1332 2243 1520 2312 inquit,
1551 2242 1769 2311 apparui
1798 2241 1903 2307 tibi,
1949 2241 2048 2296 hoc
2078 2252 2181 2312 est,

618 2351 720 2391 non
747 2345 801 2389 ut
830 2335 1062 2402 pu‘uiam,
1092 2332 1183 2388 sed
1213 2341 1269 2386 ut
1296 2310 1592 2401 apostolum
1619 2310 1671 2386 te
1701 2332 1914 2386 faciam.
2116 2310 2122 2343 ³

683 2425 940 2479 Fidetium
970 2426 1097 2479 bona
1124 2439 1254 2491 quat.
1276 2452 1346 2465 -—
1368 2422 1517 2485 Vide.
1550 2422 1687 2477 mala
1718 2437 1837 2492 quas
1877 2419 2181 2475 incredulos

613 2518 847 2572 detinent
880 2515 1132 2581 ostendit,
1180 2524 1416 2569 satanam
1460 2524 1509 2569 et
1554 2513 1838 2579 tenebras;
1871 2514 2009 2568 sicut
2052 2510 2179 2566 ﬁde~

613 2611 738 2663 lium
768 2610 901 2664 bona
934 2618 1055 2662 sunt
1081 2607 1189 2673 lux,
1226 2608 1383 2674 Deus,
1413 2622 1531 2662 sors
1572 2598 1900 2661 sanctorum.
1945 2605 2054 2661 Nec
2092 2620 2179 2661 so-

614 2702 719 2753 lum
740 2701 804 2753 ad
830 2699 1193 2768 paenitentiam
1219 2698 1481 2763 hortatur,
1505 2697 1598 2752 sed
1621 2697 1686 2751 ad
1709 2697 2001 2752 mirabilem
2028 2712 2181 2766 agen-

612 2793 729 2844 dam
752 2792 931 2844 vitam.
958 2790 1023 2844 Et
1046 2789 1163 2845 vide
1186 2790 1376 2858 ubique
1396 2798 1581 2858 gentes
1602 2789 1831 2842 sermoni
1854 2786 2173 2857 permixtas;

613 2899 732 2936 nam
762 2882 850 2950 qui
896 2881 1136 2945 aderant,
1169 2897 1232 2936 ex
1262 2880 1509 2950 gentibus
1539 2889 1707 2934 erant.
1741 2879 2058 2948 Testiﬁcans,
2095 2881 2174 2934 in-

608 2972 741 3041 quit,
773 2980 874 3023 tum
902 2986 1055 3040 paruo
1082 2980 1185 3023 tum
1214 2986 1413 3039 magno.
1446 2970 1666 3039 Propter
1695 2969 1893 3024 milites
1921 2969 1991 3023 ita
2017 2969 2170 3025 dixit.

613 3060 812 3115 Deinde
827 3059 1161 3115 defendentis
1174 3075 1230 3115 se
1242 3060 1429 3115 ordine
1443 3058 1923 3123 dimisso,doctoris
1934 3059 2174 3115 ordinem

608 3153 812 3223 accepit
832 3170 845 3205 :
868 3152 987 3207 ideo
1002 3150 1075 3206 ait
1099 3151 1286 3207 Festus
1303 3152 1376 3205 illi
1398 3169 1410 3205 :
1436 3150 1661 3205 Insanis.
1682 3149 1868 3206 Postea
1887 3166 1952 3205 ne
1967 3150 2177 3206 videre-

610 3258 695 3300 tur
725 3247 835 3315 ipse
854 3245 1038 3299 doctor
1057 3258 1194 3307 esse,
1228 3243 1421 3299 inducit
1442 3242 1724 3311 prophetas
1744 3251 1797 3296 et
1817 3242 2050 3313 Moysem
2075 3259 2087 3295 :
2113 3244 2175 3297 Si

609 3337 859 3405 passibilis
883 3376 897 3400 ,
940 3335 1140 3405 inquit,
1184 3334 1424 3399 Christus,
1457 3335 1501 3388 si
1525 3334 1716 3403 primus
1736 3349 1796 3388 ex
1814 3336 2174 3387 resurrectione

605 3438 910 3483 mortuorum
940 3429 1098 3483 lucem
1126 3427 1513 3480 annuntiaturus
1542 3426 1603 3479 sit
1635 3426 1818 3495 populo
1846 3433 1891 3478 et
1919 3426 2164 3495 gentibus.

608 3520 789 3574 Festus
814 3535 992 3589 magna
1025 3534 1140 3570 uoce
1164 3517 1312 3570 dixit.
1356 3514 1443 3571 Sic
1486 3515 1681 3569 furoris
1707 3522 1762 3570 e:
1788 3515 1878 3569 ira:
1903 3530 2005 3570 vox
2034 3524 2168 3569 erat.

676 3611 710 3665 4
764 3609 898 3675 Quid
926 3624 1055 3677 ergo
1085 3605 1321 3661 Paulus?
1367 3604 1488 3658 Non
1540 3614 1613 3658 est
1658 3607 1708 3659 in
1748 3607 1934 3677 angulo
1976 3616 2171 3677 gestum

604 3700 698 3752 hoc
722 3738 737 3762 ,
765 3698 857 3752 ait.
884 3697 979 3751 llic
1006 3696 1072 3750 de
1098 3710 1255 3749 cruce
1285 3694 1518 3764 loquitur
1547 3704 1599 3749 et
1625 3694 1691 3749 de
1736 3697 2165 3763 resurrectione,

604 3788 823 3858 etquod
852 3788 1039 3854 dogma
1075 3786 1267 3854 ubique
1295 3794 1555 3840 terrarum
1602 3788 1912 3856 pervaserit.
1960 3788 2164 3854 Credis,

605 3880 810 3948 inquit,
842 3894 932 3932 rea:
959 3878 1204 3947 Agrippa.
1234 3873 1347 3930 Non
1390 3875 1559 3942 dixit,
1597 3874 1987 3931 Resurrectioni
2013 3918 2028 3942 ,
2075 3878 2193 3937 sed.

608 3966 897 4037 Prophetis.
929 3966 1125 4021 Deinde
1154 3973 1483 4033 praeoccupat
1508 3963 1653 4018 illum
1676 4005 1689 4027 ,
1719 3973 1771 4018 et
1806 3964 1934 4019 dicit
1963 3984 1975 4019 :
2006 3965 2127 4021 Scio
2149 4008 2164 4033 ,

606 4060 741 4128 quod
766 4058 945 4112 credis.
974 4056 1067 4112 Cui
1097 4057 1325 4126 Agrippa
1356 4074 1367 4108 :
1400 4054 1463 4110 In
1490 4057 1683 4110 modico
1711 4057 1832 4109 mihi
1857 4060 2036 4112 suades
2056 4059 2168 4127 ﬁeri

602 4148 962 4203 Christianum.
1013 4146 1125 4203 Non
1175 4146 1435 4201 intellexit
1484 4146 1716 4213 Paulus,
1762 4147 1890 4217 quid
1948 4150 2051 4214 sit,
2098 4149 2163 4205 In

604 4239 836 4303 modico;
882 4236 973 4291 sed
1024 4237 1224 4307 putavit
1264 4236 1365 4292 hoc
1405 4236 1703 4307 signiﬁcare
1728 4278 1741 4301 ,
1789 4237 1869 4292 Ex
1909 4239 2159 4295 modico:

604 4329 725 4382 ideo
756 4328 833 4382 sic
862 4325 1184 4397 respondet;
1226 4327 1293 4380 ita
1338 4326 1495 4380 idiota
1543 4333 1675 4381 erat.
1725 4327 1790 4381 Et
1838 4342 1940 4382 non
1990 4328 2161 4395 dixit,

608 4417 832 4482 Vellem,
864 4415 958 4472 sed
976 4459 991 4483 ,
1022 4414 1281 4487 Optarent,
1310 4431 1408 4469 non
1434 4416 1598 4471 solum
1624 4425 1690 4483 te,
1714 4417 1802 4470 sed
1822 4418 1967 4471 etiam
1995 4435 2165 4476 omnes

607 4510 885 4562 audientes.
917 4507 1047 4563 Vide
1072 4507 1388 4561 adulationis
1418 4517 1687 4577 expertem
1714 4523 2033 4564 sermonem.
2054 4508 2162 4579 0p-

605 4610 761 4653 turem
782 4640 799 4665 ,
827 4598 1026 4669 inquit,
1060 4598 1208 4652 hodie
1235 4614 1401 4652 omnes
1431 4599 1541 4665 ﬁeri
1570 4598 1694 4653 tales
1713 4640 1727 4663 ,
1758 4600 1922 4667 qualis
1944 4616 2032 4670 ego
2053 4618 2163 4655 sum

604 4690 820 4759 exceptis
841 4688 1053 4743 uinculis
1080 4690 1176 4743 his.
1206 4688 1337 4745 Vide
1369 4710 1379 4743 :
1411 4689 1499 4759 qui
1528 4690 1785 4759 gloriatur
1813 4690 1864 4743 in
1898 4691 2120 4746 vinculis
2144 4734 2158 4757 ,

605 4782 693 4849 qui
724 4780 925 4848 profert
948 4780 1033 4834 illa
1058 4781 1194 4835 sicut
1217 4790 1455 4834 catenam
1501 4795 1714 4833 auream
1742 4820 1754 4843 ,
1785 4780 1870 4835 illa
1898 4797 2037 4835 nunc
2065 4782 2161 4838 de-

604 4879 871 4941 precatur.
923 4870 989 4924 Et
1042 4885 1107 4923 ne
1147 4870 1351 4925 mireris
1383 4889 1393 4924 :
1423 4870 1595 4924 adhuc
1647 4872 1786 4925 enim
1844 4872 2162 4929 infirmiores

607 4971 781 5027 erant,
805 4970 857 5014 ct
882 4960 954 5014 illi
977 4969 1355 5029 attemperatus
1375 4976 1549 5017 sermo
1576 4972 1707 5018 erat.
1731 4963 1859 5019 Nam
1886 4965 2025 5035 quod
2051 4967 2160 5020 vin-

605 5055 722 5106 cula
746 5052 921 5120 magni
957 5051 1187 5117 faceret,
1218 5052 1334 5107 vide
1380 5055 1641 5123 quomodo
1680 5056 1729 5108 in
1785 5057 2035 5126 Epistolis
2076 5061 2162 5115 illa

609 5161 819 5213 semper
850 5154 1120 5213 praeponat
1143 5145 1290 5211 aliis,
1323 5145 1504 5199 dicens
1534 5164 1547 5199 :
1590 5146 1782 5201 Paulus
1812 5152 2002 5205 vinctus
2041 5156 2161 5207 Jesn

607 5236 788 5290 Christi
812 5237 829 5304 (
856 5235 1043 5305 Ephes.
1070 5236 1123 5290 5.
1162 5236 1255 5303 l);
1286 5247 1339 5288 et
1381 5246 1608 5301 rursum,
1652 5236 1775 5291 Ideo
1814 5240 2170 5309 circumposita

608 5337 678 5380 est
697 5327 817 5379 mihi
844 5336 1037 5390 catena,
1069 5324 1156 5379 sed
1183 5325 1379 5377 verbum
1414 5324 1503 5379 Dei
1524 5341 1622 5379 non
1654 5334 1723 5380 est
1750 5328 2050 5398 alligatum;
2088 5345 2163 5397 et,

614 5416 778 5487 Usque
802 5418 867 5469 ad
896 5417 1087 5470 vincula
1108 5417 1246 5484 quasi
1267 5414 1556 5486 malefactor
1582 5416 1805 5487 (Coloss.
1837 5421 1889 5473 4.
1934 5421 1985 5482 5,
2020 5432 2065 5474 et
2108 5421 2163 5485 ἓ,

611 5506 743 5560 Tim.
765 5507 818 5559 ἓ.
847 5507 921 5575 9).
947 5505 1096 5567 Vide,
1126 5520 1224 5559 non
1249 5506 1403 5559 modo
1430 5507 1631 5561 vincula
1663 5513 1843 5576 ponit;
1890 5510 1980 5564 sed
2009 5512 2163 5566 etiam

616 5598 771 5659 Quasi
802 5598 1091 5663 ntalefactor
1120 5595 1339 5660 addidit,
1362 5611 1557 5665 augens
1578 5595 1902 5653 vinculorum
1925 5600 2163 5670 gloriam.

615 5688 815 5755 Dupch
844 5686 1338 5757 supplicium,quod
1368 5689 1558 5756 ligatus
1605 5700 1785 5755 esset,
1838 5701 1890 5746 et
1931 5692 2071 5761 quod
2110 5706 2167 5749 ιιι

615 5780 936 5835 tnalelactor.
970 5778 1099 5835 Nam
1130 5782 1171 5834 si
1212 5784 1279 5835 ita
1318 5782 1557 5852 alligatus
1606 5782 1822 5852 fuisset,
1876 5794 2024 5860 quasi
2075 5812 2167 5862 ιιι-ο

1369 403 1425 461 S.
1464 401 1734 460 JOANNIS
1769 395 2236 457 CIIRYSOSTOMI
2274 394 2587 460 ARClllEP.
2628 397 3152 457 CONSTANTINOP.

3798 403 3888 457 εει

2315 508 2454 577 bona
2475 525 2641 581 opere
2664 552 2678 576 ,
2711 511 2942 582 aliquam
2969 512 3388 568 consolationem
3410 512 3720 579 habuisset;
3755 530 3888 569 nunc

2314 610 2491 655 autem
2524 611 2579 655 ut
2610 602 2920 659 malefactor
2941 647 2955 671 ,
2984 613 3037 659 et
3062 604 3211 675 quasi
3250 604 3300 659 in
3328 606 3658 674 gravissimis
3694 606 3887 675 depre-

2313 691 2510 747 hensus
2544 708 2557 743 :
2585 702 2640 748 et
2669 702 2843 749 tamen
2873 696 3004 749 nihil
3036 697 3148 749 haec
3175 694 3412 750 curabat.
3441 694 3585 749 Talis
3606 704 3691 751 est
3715 696 3885 749 anima

2308 781 2507 835 caelesti
2534 796 2716 837 amore
2751 783 2997 838 sublimis
3024 784 3232 839 eﬂ‘ecta.
3267 784 3397 839 Nam
3445 785 3488 838 si
3534 785 3600 850 ii,
3646 786 3741 854 qui
3792 785 3889 840 hoc

2310 870 2449 939 turpi
2471 885 2652 925 amore
2674 870 2920 942 ﬂagrant,
2952 872 3083 927 nihil
3113 882 3300 943 putant
3328 874 3409 928 vel
3452 873 3748 944 gloriosum
3801 874 3880 928 vel

2308 962 2595 1033 pretiosum
2616 1004 2631 1030 ,
2663 963 2758 1019 sed
2784 979 2845 1019 ea
2875 964 3081 1031 solum,
3113 980 3234 1035 qua:
3279 966 3727 1035 concupiscentia:
3772 980 3882 1020 su.e

2307 1054 2565 1111 inservire
2594 1066 2846 1126 possunt,
2878 1056 3112 1126 gloriosa
3146 1065 3199 1111 et
3229 1058 3460 1126 pretiosa
3494 1057 3741 1127 judicant
3764 1096 3782 1123 ,
3831 1068 3882 1110 et

2304 1148 2503 1201 amasia
2534 1147 2594 1202 lit-
2614 1148 2692 1203 eis
2720 1150 2897 1203 omnia
2930 1166 2942 1201 :
2970 1149 3137 1203 multo
3167 1149 3335 1219 magis
3357 1150 3390 1203 ii
3413 1190 3427 1214 ,
3455 1150 3543 1219 qui
3573 1148 3677 1204 hoc
3700 1164 3880 1203 amore

2302 1243 2442 1311 capti
2465 1251 2621 1307 sunt,
2650 1240 2800 1295 nihili
2826 1241 3026 1296 faciunt
3048 1242 3299 1311 pretiosa.
3326 1239 3476 1307 Quod
3503 1241 3545 1294 si
3586 1241 3731 1296 dicta
3773 1256 3878 1294 non

2302 1331 2683 1402 intelligamus,
2708 1332 2839 1385 nihil
2866 1332 3056 1386 mirum
3084 1348 3097 1386 :
3125 1332 3179 1386 in
3206 1330 3306 1385 hac
3328 1332 3521 1400 quippe
3534 1330 3873 1400 philosophia

2299 1420 2528 1490 imperiti
2556 1436 2759 1475 sumus.
2786 1421 2838 1477 Si
2863 1422 2982 1490 quis
3004 1422 3145 1476 enim
3188 1422 3309 1493 igne
3347 1420 3545 1476 Christi
3592 1422 3838 1492 capiatur
3865 1462 3877 1485 ,

2298 1516 2417 1569 talis
2442 1514 2668 1569 efficitur
2686 1556 2702 1581 ,
2728 1514 2900 1584 qualis
2930 1513 3090 1568 fuerit
3111 1513 3271 1570 homo
3290 1513 3438 1570 solus
3461 1514 3512 1569 in
3554 1523 3696 1569 terra
3720 1513 3875 1567 habi-

2298 1618 2414 1664 tans
2444 1626 2457 1662 :
2484 1610 2561 1664 sic
2586 1609 2717 1664 nihil
2745 1618 2915 1670 curat.
2938 1624 3045 1664 non
3070 1608 3317 1679 gloriam,
3350 1622 3455 1661 non
3485 1606 3867 1676 ignominiam;

2294 1701 2389 1757 sed
2419 1702 2555 1757 sicut
2580 1702 2623 1757 is
2644 1743 2658 1769 ,
2687 1702 2776 1771 qui
2827 1701 2972 1756 solus
2995 1702 3256 1755 habitaret
3279 1742 3293 1766 ,
3325 1699 3594 1754 neminem
3623 1709 3839 1755 curaret
3858 1742 3872 1762 ,

2293 1792 2369 1847 sic
2393 1792 2658 1848 neminem
2689 1792 2777 1847 ille
2803 1802 2974 1847 curat.
3000 1792 3348 1847 Tentationes
3373 1800 3553 1847 autem
3570 1833 3586 1856 ,
3623 1790 3830 1861 ﬂagella
3857 1830 3874 1856 ,

2291 1898 2536 1939 carceres
2566 1884 2637 1938 ita
2668 1884 2999 1949 contemnit,
3029 1898 3091 1939 ac
3118 1884 3162 1939 si
3202 1884 3256 1938 in
3283 1883 3459 1937 alieno
3496 1897 3726 1954 corpore
3762 1883 3875 1938 haec

2292 1983 2593 2043 pateretur,
2620 1982 2673 2028 et
2704 1988 2765 2029 ac
2790 1974 2836 2029 si
2865 1973 3209 2030 adamantino
3244 1983 3390 2029 esset
3409 1989 3671 2044 corpore;
3696 1988 3759 2030 ea
3780 1990 3874 2029 au-

2290 2071 2418 2127 tem,
2450 2078 2570 2133 qua:
2596 2063 2777 2117 suavia
2805 2062 2857 2117 in
2891 2062 2992 2117 hac
3016 2062 3121 2117 vita
3143 2071 3288 2129 sunt,
3309 2063 3379 2117 ita
3407 2062 3637 2129 deridet,
3669 2072 3725 2119 et
3746 2078 3869 2134 erga

2289 2153 2376 2207 illa
2409 2154 2733 2209 insensibilis
2763 2162 2845 2209 est
2865 2195 2879 2219 ,
2913 2162 2972 2208 ut
2997 2167 3095 2208 nos
3121 2167 3244 2223 erga
3270 2161 3476 2209 mortua
3504 2167 3757 2223 corpora,
3789 2153 3870 2208 vel

2288 2258 2350 2298 ac
2370 2248 2413 2297 sl
2429 2244 2525 2313 ipsi
2549 2245 2741 2298 mortui
2769 2243 2956 2298 simus.
2976 2243 3203 2297 Tantum
3230 2257 3390 2312 porro
3414 2242 3586 2308 abest,
3607 2250 3669 2295 ut
3690 2242 3869 2312 aliqua

2286 2334 2475 2389 alfectu
2505 2335 2766 2403 capiatur,
2800 2343 3054 2403 quantum
3084 2348 3274 2388 aurum
3320 2334 3442 2404 igne
3487 2334 3777 2403 probatum
3816 2344 3869 2388 et

2287 2443 2475 2498 purum
2503 2442 2531 2480 a
2558 2426 2805 2481 sordibus
2841 2425 3066 2481 liberum
3096 2434 3198 2481 est.
3230 2424 3381 2481 Sicut
3409 2425 3551 2480 enim
3578 2440 3781 2481 musca
3814 2426 3865 2479 in

2284 2517 2511 2573 mediam
2544 2516 2808 2571 ﬂammam
2852 2531 2960 2570 non
3003 2515 3328 2583 inciderint,
3365 2514 3458 2569 sed
3507 2514 3758 2585 fugiunt:
3791 2515 3866 2570 sic

2282 2592 2811 2662 necanimiaﬂ'ectus
2838 2606 2906 2659 ad
2950 2605 3089 2660 hunc
3117 2606 3292 2675 ignem
3335 2603 3594 2660 accedere
3635 2605 3860 2659 audent.

2284 2699 2351 2753 Et
2374 2697 2565 2753 horum
2589 2697 2784 2752 vellem
2814 2697 3057 2767 exempla
3099 2712 3162 2751 ex
3207 2696 3362 2751 nobis
3399 2696 3525 2773 ipsis
3572 2695 3861 2765 proferre;

2281 2788 2404 2859 quia
2426 2802 2555 2842 vero
2577 2788 2764 2856 inopes
2786 2802 2990 2853 sumus,
3022 2800 3240 2842 necesse
3263 2795 3346 2841 est
3368 2826 3384 2851 ,
3418 2798 3472 2840 ut
3492 2786 3558 2840 ad
3584 2786 3735 2841 illum
3784 2787 3861 2855 ip—

2280 2894 2397 2934 sum
2416 2878 2799 2949 confugiamus.
2826 2878 2958 2934 Vide
2977 2888 3177 2943 autem,
3198 2878 3468 2949 quomodo
3491 2879 3579 2934 ille
3604 2880 3716 2949 ipse
3738 2894 3861 2949 erga

2282 2978 2449 3026 totum
2472 2969 2729 3023 mundum
2751 2968 2972 3023 aﬂ‘ectns
2984 2979 3148 3023 esset.
3184 2967 3314 3022 Mihi
3339 2969 3560 3022 mundus
3585 2970 3861 3037 cruci/iras

2279 3072 2380 3127 est,
2410 3063 2601 3134 inquit,
2634 3072 2680 3117 et
2707 3079 2797 3134 ego
2824 3064 3013 3117 mundo
3047 3060 3202 3133 (Gal.
3232 3061 3286 3117 6.
3321 3062 3421 3133 Η)
3445 3080 3458 3128 ;
3485 3064 3535 3116 id
3560 3074 3672 3128 est,
3706 3064 3851 3120 Mor-

2279 3163 2401 3211 tuus
2420 3170 2537 3210 sum
2564 3154 2780 3220 mundo,
2800 3164 2854 3208 et
2875 3154 2963 3209 ille
2983 3153 3111 3208 mihi
3136 3162 3377 3208 mortuus
3393 3162 3493 3208 est.
3519 3154 3580 3208 Et
3598 3171 3811 3210 rursum
3836 3171 3852 3208 :

2292 3244 2412 3299 Vivo
2436 3254 2605 3297 autent
2618 3246 2733 3312 jam
2762 3259 2862 3296 non
2894 3259 3005 3313 ego,
3028 3242 3145 3295 vivit
3166 3258 3280 3296 vero
3295 3243 3347 3296 in
3368 3259 3445 3295 me
3480 3242 3713 3297 Christus
3740 3242 3849 3313 (Id.

2276 3334 2328 3389 2.
2363 3334 2497 3405 20).
2531 3334 2657 3388 llam
2676 3334 2854 3389 dicere
2874 3333 3041 3388 solius
3067 3343 3148 3386 est
3172 3332 3341 3387 Pauli.
3385 3333 3490 3387 Nos
3539 3348 3720 3389 autem
3768 3338 3856 3405 qui

2280 3435 2482 3480 tantum
2503 3425 2570 3480 ab
2600 3425 2692 3479 illo
2724 3424 2999 3491 absumus,
3032 3433 3285 3494 quantum
3308 3425 3492 3479 emtum
3515 3440 3544 3477 a
3570 3435 3735 3491 terra,
3760 3442 3856 3482 nos

2276 3516 2666 3572 abscondamus
2705 3531 2771 3571 ac
2809 3531 2981 3586 neque
3019 3530 3081 3572 os
3117 3515 3326 3585 aperire
3357 3516 3673 3571 audeamus.
3702 3517 3855 3585 Quod

2275 3618 2450 3663 autem
2478 3609 2624 3677 quasi
2650 3608 2700 3661 in
2731 3606 3019 3662 solitudine
3057 3616 3228 3673 esset,
3263 3617 3316 3662 et
3357 3607 3435 3661 sic
3465 3609 3752 3675 praesentia
3780 3624 3856 3663 re

2273 3699 2503 3767 spiceret
2527 3738 2541 3763 ,
2569 3697 2688 3751 audi
2722 3698 2869 3751 illum
2906 3697 3170 3752 dicentem
3200 3712 3216 3751 :
3248 3696 3369 3769 Non
3411 3697 3849 3753 considerantibus

2274 3788 2414 3842 nobis
2443 3803 2554 3855 qua:
2581 3788 2830 3853 videntur,
2862 3786 2951 3840 sed
2974 3802 3087 3856 quis
3117 3803 3217 3839 non
3244 3788 3478 3841 videntur
3515 3787 3535 3858 (
3552 3788 3606 3841 2.
3642 3787 3763 3844 Cor.
3793 3792 3847 3845 4.

2274 3879 2385 3947 l8).
2409 3877 2542 3945 Quid
2561 3877 2731 3931 dicis?
2758 3878 2914 3946 Atqui
2947 3885 3131 3933 contra
3163 3892 3323 3948 quam
3352 3878 3487 3933 dicis
3508 3920 3523 3945 ,
3556 3894 3643 3934 res
3671 3896 3731 3937 se
3759 3882 3851 3937 ha-

2272 3968 2362 4024 bet
2390 3986 2403 4023 :
2436 3984 2559 4023 nam
2589 3969 2869 4023 invisibilia
2898 3984 3005 4023 non
3036 3968 3277 4025 videmus
3298 4010 3314 4034 ,
3342 3979 3395 4025 et
3430 3971 3660 4027 visibilia
3703 3974 3850 4030 vide-

2272 4072 2409 4112 mus.
2469 4057 2663 4126 Quales
2715 4057 2949 4113 habebas
3001 4059 3219 4124 oculos,
3278 4058 3414 4115 tales
3466 4072 3623 4127 sunt,
3671 4064 3761 4133 qui
3817 4081 3846 4119 a

2269 4147 2483 4203 Christo
2516 4148 2623 4203 dati
2656 4150 2835 4203 :sicut
2858 4148 3001 4203 enim
3028 4148 3080 4203 hi
3102 4148 3328 4203 visibilia
3368 4149 3581 4220 quidem
3624 4153 3842 4221 vident,

2270 4238 2550 4293 invisibilia
2595 4253 2725 4293 vero
2772 4253 2878 4292 non
2921 4237 3105 4292 vident
3135 4256 3149 4292 :
3176 4239 3255 4292 sic
3300 4240 3373 4293 illi
3418 4231 3606 4295 contra
3640 4260 3656 4297 :
3686 4260 3846 4299 nemo

2269 4329 2359 4396 qui
2385 4327 2665 4382 invisibilia
2698 4327 2894 4392 videat,
2930 4327 3155 4382 visibilia
3182 4327 3360 4393 videt;
3390 4345 3547 4385 nemo
3574 4334 3666 4401 qui
3711 4335 3843 4390 visi-

2270 4420 2395 4474 bilia
2415 4419 2611 4486 videat,
2636 4418 2921 4473 invisibilia
2949 4418 3114 4475 videt.
3145 4421 3337 4475 Annon
3370 4422 3529 4477 etiam
3562 4424 3704 4493 apud
3749 4441 3848 4482 nos

2271 4510 2373 4564 hoc
2401 4510 2500 4563 tit?
2528 4508 2753 4577 Quando
2778 4510 2920 4565 enim
2953 4525 3211 4568 conversa
3240 4522 3421 4567 mente
3451 4528 3515 4568 ex
3560 4514 3843 4572 invisibili-

2270 4601 2367 4655 bus
2391 4600 2586 4670 aliquid
2611 4602 2927 4670 cogitamus,
2955 4602 3213 4658 sublimes
3240 4603 3393 4659 nobis
3420 4616 3547 4661 sunt
3574 4611 3843 4677 operatio.

2268 4706 2393 4745 num
2432 4691 2593 4745 oculi.
2642 4690 3059 4748 Contemnamus
3112 4692 3369 4763 gloriam;
3414 4695 3579 4751 rideri
3623 4698 3833 4768 magis,

2267 4798 2427 4853 quam
2459 4782 2660 4836 laudari
2695 4782 2940 4837 velimus.
2970 4782 3101 4837 Nam
3135 4783 3223 4853 qui
3256 4783 3540 4851 irridetur,
3576 4787 3707 4842 nihil
3745 4788 3840 4845 la:-

2266 4874 2441 4939 ditur;
2472 4872 2559 4943 qui
2590 4873 2858 4940 laudatur,
2886 4874 3130 4928 multum.
3157 4874 3234 4929 Ne
3264 4883 3437 4947 magni
3467 4877 3725 4934 faciamus
3757 4895 3841 4942 ea,

2269 4981 2386 5036 quae
2417 4964 2661 5020 homines
2690 4974 2921 5029 terrent;
2956 4961 3046 5015 sed
3066 4962 3211 5017 deiis
3233 4964 3707 5035 utdepuerililusn
3739 4981 3843 5025 ιη.

2268 5069 2504 5111 ctemus:
2537 5070 2709 5125 neque
2736 5054 2900 5119 enim,
2919 5054 2961 5109 si
2988 5070 3141 5125 quem
3168 5056 3441 5112 videamus
3472 5059 3721 5128 puerulos
3750 5077 3844 5117 ex-

2271 5155 2497 5202 terrente
2527 5161 2557 5198 κι
2586 5187 2601 5211 ,
2634 5146 2805 5214 ipsum
2836 5144 3159 5199 admiramur
3189 5165 3202 5201 :
3235 5162 3356 5202 nam
3385 5151 3625 5219 quisquis
3656 5160 3844 5223 terret,

2274 5238 2522 5295 puerulos
2553 5244 2759 5300 terret;
2790 5234 2958 5290 virum
2991 5253 3218 5307 namque
3261 5249 3464 5294 terrere
3502 5256 3608 5296 non
3650 5247 3840 5313 possit.

2272 5329 2337 5383 Et
2365 5327 2811 5397 quemadmodum
2838 5329 2925 5396 qui
2954 5337 3173 5392 terrent,
3205 5329 3289 5384 vel
3335 5333 3621 5399 supercilia
3670 5339 3841 5390 surri-

2270 5429 2431 5491 gunt,
2460 5418 2543 5471 vel
2574 5417 2726 5471 aliter
2756 5417 2955 5471 vultum
2980 5416 3353 5486 distorquent;
3383 5429 3437 5474 at
3466 5421 3510 5475 si
3559 5438 3746 5477 sanum
3792 5438 3847 5481 et

2274 5520 2603 5565 mansuetum
2626 5507 2835 5563 oculum
2856 5508 3102 5572 habeant,
3131 5508 3230 5562 hoc
3258 5510 3433 5566 facere
3460 5526 3564 5566 non
3600 5515 3803 5582 possint
3832 5536 3843 5570 :

2274 5601 2350 5655 sic
2376 5609 2430 5654 et
2462 5598 3002 5668 hi,pcrspicacitatem
3032 5600 3224 5653 mentis
3254 5598 3652 5669 distorqueutes
3675 5645 3688 5668 ,
3742 5605 3846 5662 hoc

2274 5695 2494 5749 faciunt.
2521 5691 2696 5761 Itaque
2728 5701 3059 5745 mansuetum
3088 5682 3357 5746 hominem
3388 5703 3442 5746 et
3469 5693 3625 5749 bona
3651 5695 3846 5754 auiam

2282 5813 2436 5849 nemo
2462 5804 2692 5851 exterret
2716 5836 2729 5861 ,
2760 5786 2850 5840 sed
2884 5786 3027 5839 illum
3054 5799 3368 5839 veneramur
3414 5800 3631 5853 omnes,
3677 5786 3841 5844 horto.
