4056 6530
224 547 328 603 565

221 674 398 713 tamus
424 698 438 718 .
469 669 794 711 reveremur.
829 652 1014 706 Annon
1038 646 1230 702 videtis
1250 686 1265 713 ,
1292 642 1564 715 quomodo
1592 642 1637 696 is
1659 683 1672 708 ,
1705 639 1797 709 qui

222 747 476 802 terribilis
504 755 608 811 est,
641 744 889 800 omnibus
920 741 990 794 sit
1018 739 1221 792 invisus
1263 746 1318 791 et
1364 731 1801 789 abominandus?

220 838 355 906 Quid
388 837 526 892 enim
554 853 617 891 ex
648 836 746 899 iis,
784 847 901 904 qua:
935 839 1137 884 terrere
1165 835 1418 896 possunt,
1441 839 1549 880 non
1578 836 1797 877 aversa-

221 930 383 982 ntur?
413 943 588 982 nonne
615 925 777 1002 feras,
813 936 988 978 nonne
1021 919 1218 984 vultus,
1247 932 1424 974 nonne
1453 916 1591 978 loca,
1623 927 1802 967 nonne

219 1037 420 1085 aerem,
444 1021 629 1089 quales
658 1015 933 1072 tenebrae?

295 1113 348 1166 5.
382 1111 500 1164 Non
517 1110 578 1163 ab
598 1109 884 1162 hominibus
911 1107 1074 1161 timeri
1099 1104 1396 1174 optandum.
1429 1102 1688 1168 Quantum
1716 1098 1802 1156 b0-

223 1221 342 1257 mtm
376 1205 442 1258 sit
469 1203 642 1256 virtus.
665 1201 826 1256 —Ne
848 1201 1005 1270 igitur
1031 1212 1279 1266 magnum
1315 1204 1557 1263 putemus
1586 1205 1727 1262 esse,
1757 1190 1801 1244 si

221 1295 252 1348 h
279 1294 467 1362 uniues
486 1309 580 1348 nos
606 1293 845 1346 timeant.
869 1290 1101 1344 Primqu
1129 1288 1272 1341 enim
1298 1285 1473 1339 nullus
1495 1298 1618 1337 vere
1640 1281 1801 1336 homo

220 1401 316 1440 nos
347 1387 502 1440 timet
534 1401 546 1438 :
579 1383 891 1446 secundum,
922 1396 1026 1435 non
1056 1393 1304 1449 magnum
1331 1386 1413 1431 est
1453 1375 1647 1430 timeri.
1688 1373 1799 1428 Ma-

218 1493 376 1546 gnum
410 1477 606 1531 bonum
639 1478 807 1529 virtus
833 1483 951 1527 est:
986 1483 1039 1526 et
1066 1471 1184 1526 vide
1217 1469 1487 1540 quomodo
1528 1482 1797 1536 magnum.

221 1568 331 1622 Etsi
362 1583 448 1622 res
477 1568 617 1633 illas,
637 1567 827 1636 quibus
856 1573 1099 1630 conStat,
1132 1563 1356 1616 miseras
1395 1560 1760 1615 cxisumemus
1783 1599 1798 1624 ,

221 1653 358 1710 illam
392 1665 572 1713 tamen
611 1655 909 1710 mirabilem
927 1654 1242 1721 beatamque
1265 1649 1636 1721 prmdicatnus.
1668 1648 1802 1716 Quis

217 1750 358 1803 enim
393 1765 498 1804 non
529 1748 740 1804 beatum
772 1746 1026 1816 pricdicet
1054 1745 1431 1816 philosophum
1458 1784 1473 1810 ,
1524 1744 1622 1796 etsi
1668 1757 1798 1811 pau-

218 1851 398 1908 perlas
426 1847 477 1891 et
503 1837 698 1892 similia
726 1823 920 1891 misera
961 1848 1082 1890 esse
1126 1832 1450 1888 videantur?
1495 1830 1625 1887 Cum
1674 1846 1802 1900 ergo

223 1945 312 1997 rer
340 1944 426 1996 ea,
450 1945 571 1999 quae
603 1930 794 1983 misera
820 1942 939 1983 esse
962 1927 1238 1994 videntur,
1277 1926 1368 1981 ille
1401 1926 1594 1994 fulgeat
1619 1967 1633 1991 ,
1683 1925 1803 1978 vide

220 2020 613 2074 excellentiam.
647 2019 827 2073 Altum
855 2020 1000 2089 sapis
1024 2019 1091 2073 de
1121 2019 1354 2087 potentia
1381 2058 1396 2083 ,
1428 2033 1459 2072 ο
1492 2016 1696 2070 homo?
1738 2015 1806 2068 Et.

217 2125 335 2178 qua:
367 2111 601 2178 potentia
630 2151 644 2176 ,
673 2124 884 2180 qua-so,
920 2109 1164 2164 ordinata
1205 2110 1325 2162 est?
1373 2110 1454 2163 Ab
1499 2107 1803 2161 hominibus

223 2211 409 2267 potens
452 2200 621 2255 factus
667 2215 726 2256 es
763 2213 776 2252 :
814 2201 955 2254 intus
1001 2199 1188 2254 ordiua
1242 2200 1492 2269 teipsum.
1549 2198 1804 2267 Princeps

219 2293 359 2345 cnim
392 2304 495 2356 cst,
527 2307 633 2346 non
660 2291 749 2362 qui
779 2301 1019 2355 vocatur,
1050 2290 1143 2345 sed
1192 2291 1282 2360 qui
1332 2305 1458 2345 vere
1504 2300 1606 2344 est.
1659 2289 1806 2343 Sicut

221 2381 359 2434 exim
397 2398 487 2435 rex
524 2397 694 2450 neque
725 2380 988 2435 medicum
1013 2395 1183 2450 neque
1208 2379 1479 2434 rhetorem
1515 2377 1694 2443 faciet,
1729 2378 1806 2432 sic

223 2488 392 2540 neque
420 2471 716 2542 principem
743 2488 758 2536 ;
790 2487 964 2540 neque
986 2471 1127 2526 enim
1153 2471 1234 2526 vel
1272 2471 1441 2525 literae
1481 2471 1562 2524 vel
1612 2485 1805 2524 nomen

226 2564 518 2632 principem
552 2563 770 2618 faciunt.
802 2563 953 2626 Nam,
987 2564 1029 2617 si
1062 2563 1160 2626 vis,
1189 2571 1429 2618 exstruat
1470 2564 1587 2633 quis
1634 2562 1807 2617 medi-

223 2656 355 2707 cinm
393 2655 663 2708 officinam
685 2697 697 2717 ,
733 2656 925 2720 haheat
953 2655 1112 2712 etiam
1146 2654 1457 2725 discipulos,
1491 2655 1684 2709 habeat
1725 2655 1806 2708 iii-

224 2763 248 2801 s
276 2757 517 2803 ramenta
546 2759 600 2803 ct
629 2750 908 2819 pharmaca
929 2789 943 2815 ,
975 2759 1029 2803 et
1063 2749 1256 2803 invisat
1285 2759 1516 2818 aegrotos
1548 2768 1560 2802 :
1590 2764 1657 2803 an
1695 2748 1808 2802 hzcc

227 2848 446 2906 possunt
483 2838 699 2894 efficere
745 2841 1052 2895 medicum?
1095 2839 1342 2905 Minime;
1386 2840 1480 2896 sed
1525 2849 1640 2894 arte
1675 2854 1810 2909 opus

227 2938 307 2982 est
331 2971 345 2994 ,
375 2940 431 2984 et
455 2931 574 2985 sine
601 2929 687 2984 illa
715 2946 821 2986 non
863 2931 1022 2986 modo
1051 2931 1182 2985 nihil
1235 2930 1350 2985 lucc
1401 2941 1621 2999 prosunt
1651 2972 1665 2995 ,
1715 2930 1808 2985 sed

228 3021 382 3074 etiam
409 3029 608 3075 nocent
639 3037 656 3075 :
688 3036 806 3076 eum
839 3025 1002 3086 enim,
1037 3023 1125 3091 qui
1156 3021 1394 3076 medicus
1427 3036 1529 3075 non
1559 3030 1664 3087 est,
1695 3035 1811 3075 me-

233 3111 326 3165 lius
347 3123 429 3166 est
459 3113 748 3182 pharmace
777 3129 881 3168 non
911 3114 1131 3170 habere.
1161 3114 1259 3182 Qui
1293 3130 1398 3169 non
1428 3114 1610 3180 habet,
1640 3129 1812 3184 neque

229 3214 404 3257 servat
443 3219 616 3273 neque
644 3205 814 3275 perdit
843 3224 859 3272 ;
892 3207 980 3276 qui
1014 3217 1189 3261 autem
1220 3207 1416 3270 habet,
1468 3206 1809 3275 pessumdat,

231 3294 470 3347 nesciens
506 3294 609 3348 illis
671 3296 796 3349 uti:
844 3297 1104 3366 siquidem
1149 3313 1252 3352 non
1301 3299 1351 3351 in
1401 3297 1812 3366 pharmacorum

230 3391 410 3435 natura
445 3391 648 3437 tantum
674 3385 816 3440 salus
839 3397 921 3441 est
947 3427 963 3454 ,
995 3387 1087 3442 sed
1112 3387 1275 3442 etiam
1304 3387 1356 3441 iu
1396 3381 1517 3442 arte
1562 3389 1761 3442 utentis
1796 3405 1808 3441 :

227 3488 340 3541 qua:
367 3475 409 3526 si
441 3490 547 3528 non
581 3475 753 3541 adsit,
782 3478 962 3531 omnia
995 3486 1241 3547 pereunt.
1273 3477 1418 3533 Talis
1468 3488 1522 3532 et
1565 3479 1814 3547 princeps

228 3574 308 3616 est
339 3581 350 3616 :
384 3563 543 3620 habet
575 3565 950 3632 instrumenta,
983 3582 1192 3634 vocem,
1227 3569 1377 3632 iram,
1413 3569 1645 3632 lictores,
1668 3568 1813 3622 exsi-

231 3653 329 3716 lia,
380 3655 650 3724 honores,
695 3657 873 3724 dona,
922 3659 1140 3725 laudes;
1186 3659 1347 3714 habet
1383 3669 1437 3715 et
1487 3660 1811 3729 phermaca,

231 3745 398 3815 leges;
432 3748 595 3802 habet
625 3765 796 3819 a'gros
816 3792 831 3816 ,
866 3751 1145 3816 homines;
1195 3751 1354 3806 habet
1384 3753 1650 3807 officinam
1672 3794 1686 3818 ,
1717 3754 1813 3806 tri-

230 3835 423 3902 bunal;
459 3838 622 3892 habet
651 3840 962 3910 discipulos,
997 3841 1197 3896 milites
1227 3859 1240 3896 :
1269 3852 1322 3895 at
1344 3842 1387 3895 si
1430 3858 1532 3895 non
1555 3842 1694 3898 adsit
1726 3857 1814 3898 ars

235 3928 438 3983 medica
460 3971 474 3994 ,
506 3930 623 3985 hare
647 3931 776 3985 nihil
821 3932 900 3985 illi
931 3932 1242 4002 proderunt.
1273 3932 1444 3988 Judcx
1473 3934 1711 3988 medicus
1733 3944 1814 3988 est

229 4022 551 4087 animarum,
583 4039 686 4078 non
713 4039 1000 4094 corporum
1035 4042 1048 4077 ;
1077 4026 1122 4079 si
1145 4037 1321 4080 autem
1352 4040 1635 4095 corporum
1664 4026 1812 4082 vale-

231 4113 354 4167 tudo
378 4123 523 4167 tanta
549 4122 668 4183 t-get
688 4129 850 4180 cura,
897 4116 1065 4170 multo
1101 4117 1268 4186 magis
1309 4118 1638 4185 animarum,
1688 4119 1810 4188 quia

233 4201 398 4270 major
434 4204 612 4256 anima
644 4218 888 4273 corpore.
919 4205 1034 4258 Non
1064 4221 1190 4275 ergo
1215 4222 1408 4261 nomen
1441 4208 1638 4263 habere
1663 4209 1813 4279 prin-

231 4292 379 4361 cipis,
411 4304 494 4350 est
525 4310 648 4350 esse
694 4296 988 4367 principem
1025 4316 1038 4352 :
1072 4300 1503 4370 quandoquidem
1556 4311 1814 4357 vocantur

232 4392 282 4434 et
306 4383 392 4438 alii
424 4385 634 4455 magnis
662 4386 992 4454 nominibus,
1027 4389 1173 4444 verbi
1214 4392 1382 4460 gratia
1424 4392 1655 4459 Paulus,
1707 4393 1810 4448 Pe-

231 4480 362 4538 trus,
386 4473 642 4545 Jacobus,
669 4476 935 4544 Joannes;
967 4479 1064 4535 sed
1093 4496 1199 4535 non
1221 4496 1283 4535 ex
1305 4482 1610 4538 nominibus
1635 4485 1667 4537 ii
1688 4495 1812 4540 sunt

231 4564 317 4630 qui
349 4577 610 4622 vocantur
643 4586 657 4622 :
692 4576 748 4622 ut
777 4579 832 4623 et
861 4585 958 4639 ego
988 4587 1105 4626 sum
1130 4572 1344 4642 quidem
1371 4573 1512 4627 beati
1536 4575 1677 4628 illius
1716 4577 1814 4630 ho-

234 4669 513 4726 monymus
540 4659 652 4713 sive
683 4660 1015 4728 cognominis
1035 4703 1049 4728 ,
1082 4676 1187 4715 non
1218 4675 1405 4717 autem.
1436 4680 1764 4736 synonymus
1795 4685 1808 4720 :

233 4759 332 4800 non
361 4761 476 4802 sum
503 4749 760 4814 Joannes,
792 4747 883 4805 sed
909 4766 1086 4807 vocor.
1115 4753 1202 4808 Sic
1228 4764 1280 4809 et
1310 4755 1380 4808 illi
1404 4771 1510 4809 non
1530 4767 1651 4810 sunt
1671 4759 1812 4826 prin-

234 4837 407 4906 cipes,
434 4842 528 4895 sed
565 4851 844 4895 vocantur.
878 4843 1012 4898 Sunt
1039 4855 1216 4899 autem
1249 4847 1323 4900 illi
1355 4848 1623 4917 principes
1650 4850 1811 4904 etiam

232 4928 342 4982 sine
370 4930 454 4985 his
485 4948 500 4987 :
530 4934 670 4988 sicut
699 4944 752 4988 et
782 4935 1022 4990 medicus
1048 4937 1170 4992 licet
1195 4947 1308 4992 arte
1338 4954 1431 4993 sua
1462 4956 1566 4995 non
1597 4951 1809 5008 utatur,

233 5017 274 5071 si
302 5017 441 5075 illam
475 5023 526 5075 in
557 5024 732 5077 anima
768 5023 990 5093 habeat,
1024 5027 1263 5083 medicus
1290 5039 1391 5083 est.
1437 5029 1571 5085 Sunt
1617 5034 1814 5102 princi-

237 5121 325 5176 pes
352 5113 430 5165 sui
457 5114 694 5183 ipsorum
724 5116 1010 5186 principes.
1043 5117 1163 5172 Tria
1191 5121 1332 5174 enim
1369 5121 1480 5176 hinc
1526 5133 1645 5176 sunt
1693 5126 1811 5179 ani-

236 5212 357 5264 mae,
385 5202 598 5268 domus,
630 5204 836 5270 civitas,
867 5207 1012 5261 orbis
1040 5224 1053 5272 ;
1087 5219 1141 5262 et
1166 5210 1249 5262 via
1281 5211 1507 5280 quadam
1554 5228 1642 5268 res
1692 5231 1814 5284 pro-

235 5291 440 5347 cedunt.
472 5295 696 5363 Oportet
727 5296 888 5365 igitur
911 5314 1032 5352 cum
1061 5301 1150 5368 qui
1177 5301 1356 5355 domui
1402 5304 1771 5372 prwficiendus
1795 5347 1810 5372 ,

235 5390 285 5432 ct
312 5383 475 5451 ipsam
508 5395 655 5442 recte
685 5387 1041 5444 :edificaturus
1070 5401 1170 5457 est,
1207 5394 1377 5460 primo
1405 5395 1636 5448 animam
1661 5410 1812 5452 suam

238 5486 552 5544 componere
585 5497 596 5534 :
631 5493 751 5533 nam
779 5479 972 5536 domus
1003 5496 1098 5536 sua
1131 5493 1224 5536 cst.
1258 5483 1310 5538 Si
1334 5499 1461 5539 vero
1491 5502 1639 5540 suam
1664 5503 1812 5557 rege-

1204 530 1267 586 lt\'
1311 527 1488 584 ACTA
1530 523 2048 582 APOSTOLORUM.
2093 527 2322 583 llOMlL.
2367 525 2476 582 ιιι.

3393 525 3500 581 366

1912 657 1969 697 re
2002 659 2106 698 non
2133 646 2321 712 possit,
2354 644 2440 699 ubi
2472 658 2574 698 una
2605 642 2780 697 anima
2807 683 2822 708 ,
2852 640 2940 696 ubi
2994 641 3156 697 herus
3200 643 3313 711 ipse
3337 682 3354 709 ,
3409 645 3502 698 ubi

1908 749 2119 805 semper
2143 751 2324 792 secum
2353 746 2469 803 est,
2511 734 2781 805 quomodo
2835 735 2972 789 alios
3016 733 3347 788 a'dilicabit?
3399 736 3503 800 Qui

1908 835 2085 894 potest
2113 827 2349 881 animam
2378 840 2702 896 componere
2741 840 2891 880 suam
2919 870 2930 888 ,
2966 826 3058 895 qui
3087 825 3230 879 aliud
3269 840 3460 896 regere
3487 867 3501 886 ,

1907 918 2049 972 aliud
2082 919 2191 988 regi
2222 928 2407 982 curat,
2440 918 2527 974 hic
2551 928 2606 974 et
2631 918 2848 973 domum
2899 932 3087 988 regere
3132 917 3364 987 poterit;
3415 919 3504 987 qui

1907 1009 2146 1072 domum,
2176 1011 2337 1065 etiam
2369 1010 2674 1076 civitatem;
2707 1010 2796 1081 qui
2837 1010 3108 1065 civitatem
3131 1050 3145 1075 ,
3198 1011 3357 1064 etiam
3418 1022 3507 1062 or-
3535 1053 3545 1062 .

1907 1101 2048 1156 hem.
2081 1103 2134 1156 Si
2163 1103 2393 1157 animam
2420 1117 2607 1172 regere
2638 1117 2741 1158 non
2770 1104 2960 1172 possit,
2989 1102 3259 1172 quomodo
3302 1103 3492 1157 orbem

1909 1193 2148 1263 poterit?
2175 1193 2298 1248 llaec
2329 1193 2464 1260 dixi,
2494 1205 2548 1248 ut
2580 1208 2648 1250 ne
2677 1194 2742 1248 ad
2771 1194 3104 1263 principatus
3137 1192 3425 1256 inhiemus,
3449 1201 3508 1244 ut

1909 1284 2218 1349 videamus,
2248 1283 2374 1355 quid
2421 1286 2490 1340 sit
2529 1287 2860 1356 principatus
2888 1303 2899 1338 :
2929 1287 3032 1340 hoc
3074 1286 3217 1340 enim
3263 1301 3367 1341 non
3422 1291 3508 1338 est

1909 1377 2259 1447 principatus,
2295 1377 2388 1432 sed
2419 1377 2658 1442 derisio,
2707 1378 2972 1445 servitus,
3019 1387 3072 1433 et
3115 1379 3261 1432 mille
3307 1377 3504 1432 similia

1908 1471 2028 1539 quis
2053 1469 2276 1525 dixerit.
2310 1471 2403 1525 Dic
2430 1470 2592 1536 mihi,
2626 1470 2752 1539 quid
2786 1479 2869 1525 cst
2915 1471 3141 1540 principi
3182 1469 3454 1540 proprium
3482 1467 3504 1521 ?

1909 1575 2086 1614 nonne
2112 1559 2338 1615 subditis
2370 1560 2628 1630 prodesse
2654 1570 2710 1615 et
2736 1561 2873 1616 bene
2919 1561 3138 1616 facere?
3178 1560 3315 1626 Quid
3344 1574 3508 1630 ergo,

1908 1654 1952 1708 si
1983 1653 2084 1708 hoc
2115 1669 2220 1708 non
2248 1651 2378 1707 fiat?
2407 1651 2680 1722 quomodo
2709 1653 2830 1707 aliis
2856 1652 3119 1722 proderit,
3149 1653 3238 1722 qui
3270 1651 3371 1706 sibi
3400 1665 3505 1705 non

1911 1745 2168 1815 prodest?
2199 1743 2288 1814 qui
2317 1743 2586 1799 sexcentis
2624 1743 2789 1799 animi
2821 1744 3053 1799 motibus
3083 1745 3332 1814 agitatur,
3372 1757 3506 1811 quo-

1910 1835 2067 1890 modo
2111 1834 2338 1889 aliorum
2391 1842 2569 1890 motus
2613 1833 2864 1890 sedabit?
2894 1836 2984 1890 Sic
3028 1836 3189 1889 etiam
3251 1833 3504 1888 dclicim:

1911 1942 2016 1982 non
2046 1925 2162 1980 haec
2189 1934 2312 1980 sunt
2351 1926 2562 1982 deliciae
2582 1968 2598 1993 ,
2629 1926 2723 1982 sed
2749 1926 2873 1980 alia.
2907 1925 3058 1982 Sicut
3100 1929 3242 1980 enim
3285 1923 3508 1978 demon-

1909 2025 2133 2072 stratum
2164 2027 2246 2072 est
2271 2017 2570 2087 principem
2602 2031 2721 2072 esse
2751 2032 2855 2070 non
2889 2015 3033 2070 hunc
3055 2014 3149 2070 sed
3178 2014 3342 2068 alium
3380 2030 3392 2066 :
3428 2011 3508 2064 sic

1909 2111 2001 2182 qui
2027 2111 2236 2166 deliciis
2266 2109 2465 2181 gaudet
2489 2149 2503 2174 ,
2533 2109 2671 2163 alius
2699 2118 2802 2164 est.
2833 2107 3100 2163 Videntur
3120 2106 3266 2161 enim
3295 2103 3506 2158 deliciae

1911 2201 2315 2271 esse,voluptati
2341 2208 2396 2256 et
2420 2201 2559 2271 gulae
2585 2200 2829 2264 servire;
2862 2200 2956 2254 sed
2982 2198 3082 2254 hoc
3107 2211 3213 2252 non
3244 2203 3326 2251 est
3351 2235 3362 2260 ,
3398 2196 3508 2248 imo

1911 2292 2260 2358 contrarium.
2295 2307 2490 2362 nempe
2511 2293 2745 2347 animam
2775 2291 2975 2347 habere
3002 2290 3328 2353 mirabilem,
3357 2287 3508 2340 etsic

1913 2387 1965 2440 iu
1994 2387 2268 2454 voluptate
2294 2384 2521 2439 versari.
2563 2384 2692 2439 Esto
2719 2383 2887 2449 enim,
2920 2380 3167 2438 comedat
3192 2380 3332 2448 quis,
3362 2376 3511 2433 bibat

1913 2476 2243 2542 etlasciviat,
2274 2474 2469 2530 deinde
2497 2490 2679 2529 curam
2703 2474 2900 2530 habeat
2921 2489 2982 2528 ac
3009 2481 3232 2527 maereat
3262 2487 3274 2524 :
3311 2486 3376 2524 an
3413 2483 3512 2539 p0-

1915 2575 2017 2619 test
2041 2563 2126 2618 hic
2154 2566 2205 2619 in
2237 2565 2444 2621 deliciis
2471 2565 2634 2620 esse?
2657 2563 2774 2620 Non
2802 2579 2932 2634 ergo
2952 2562 3237 2619 comedere
3255 2571 3307 2616 et
3326 2561 3511 2615 bibere

1913 2667 2037 2710 sunt
2061 2656 2268 2712 delici:e
2284 2698 2298 2722 ,
2322 2657 2417 2712 sed
2441 2657 2495 2712 in
2517 2657 2792 2726 voluptate
2814 2671 2953 2711 esse.
2979 2656 3128 2720 Esto,
3154 2654 3275 2724 quis
3298 2651 3509 2707 aridum

1915 2749 2201 2803 manducet
2249 2764 2440 2818 panem
2472 2792 2484 2813 ,
2519 2758 2573 2804 ct
2599 2764 2719 2802 cum
2749 2747 2934 2802 laetitia
2966 2747 3252 2817 impleatur
3281 2765 3294 2800 :
3329 2758 3508 2798 annon

1914 2841 2016 2897 hoc
2043 2842 2284 2910 voluptas
2314 2841 2434 2897 est?
2462 2842 2605 2912 Ergo
2636 2850 2689 2895 et
2718 2840 2832 2895 haec
2861 2841 3104 2897 ciborum
3149 2838 3374 2894 deliciae.
3421 2837 3513 2890 νὶ-

1915 2934 2138 2988 dt-amus
2169 2948 2299 3002 ergo
2327 2973 2339 2997 ,
2369 2933 2560 3003 quibus
2583 2932 2699 2987 hrec
2721 2933 2968 3001 voluptas
2993 2931 3209 2986 accidat
3235 2973 3247 2994 ,
3278 2946 3342 2983 an
3373 2929 3513 2983 divi-

1918 3026 2078 3090 tibus,
2107 3041 2173 3079 an
2202 3041 2308 3079 non
2335 3024 2607 3080 divitibus.
2635 3024 2818 3094 Neque
2851 3024 2934 3078 his
2956 3064 2969 3089 ,
3013 3037 3187 3093 neque
3233 3022 3341 3076 illis
3361 3064 3374 3086 ,
3418 3019 3513 3074 sed

1919 3119 2018 3184 iis,
2045 3117 2134 3187 qui
2169 3118 2238 3172 ita
2270 3125 2598 3185 componunt
2626 3118 2861 3169 animam
2884 3129 3035 3168 suam
3059 3157 3072 3178 ,
3101 3123 3159 3167 ut
3203 3128 3270 3167 ne
3315 3109 3514 3166 multas

1919 3209 2148 3264 habeant
2178 3224 2473 3264 mimorum
2497 3221 2708 3262 causas.
2749 3207 2814 3261 Et
2860 3207 3033 3277 qualis
3071 3214 3155 3260 est
3200 3204 3315 3258 hare
3363 3203 3515 3256 vita?

1918 3302 2059 3358 dicet
2086 3300 2225 3357 forte
2254 3301 2488 3371 aliquis;
2520 3300 2678 3356 video
2703 3301 2847 3355 enim
2886 3315 2981 3353 vos
3028 3314 3217 3353 omnes
3262 3295 3515 3352 audiendi

1919 3394 2096 3450 studio
2128 3393 2438 3464 flagrantes,
2470 3409 2588 3462 qua:
2615 3393 2684 3447 sit
2709 3393 2823 3446 luce
2852 3393 2991 3457 vita,
3025 3407 3145 3461 quae
3174 3390 3376 3444 nullum
3421 3387 3518 3442 ha-

1920 3485 2042 3540 beat
2070 3497 2378 3538 mmrorem.
2411 3480 2573 3552 Igitur
2595 3483 2647 3537 in
2675 3481 2922 3537 confesso
2944 3482 3012 3534 sit
3033 3480 3172 3550 apud
3212 3494 3308 3534 vos
3341 3478 3517 3548 primo

1920 3575 2059 3628 hanc
2086 3589 2207 3629 esse
2235 3572 2586 3642 voluptatem,
2621 3573 2718 3627 has
2745 3572 2966 3628 delicias
2992 3615 3006 3638 ,
3051 3571 3266 3643 quando
3315 3584 3518 3626 mceror

1922 3683 2026 3720 non
2058 3665 2237 3721 turbat
2264 3707 2276 3730 ,
2312 3680 2412 3721 nec
2445 3666 2630 3735 petita
2659 3681 2746 3720 me
2789 3681 2982 3722 carnes
3007 3708 3021 3733 ,
3055 3666 3237 3720 vinum
3261 3705 3276 3727 ,
3329 3662 3520 3718 condi-

1921 3767 2120 3822 menta,
2148 3760 2348 3814 sericas
2370 3767 2548 3814 vestes
2574 3799 2589 3825 ,
2621 3759 2818 3812 lautam
2857 3774 3120 3813 mensam.
3154 3759 3222 3812 At
3249 3756 3294 3810 si
3323 3767 3512 3811 osten-

1919 3854 2051 3908 dero
2077 3853 2280 3922 absque
2307 3852 2390 3906 his
2425 3853 2586 3906 talem
2612 3851 2796 3906 haberi
2831 3853 2991 3906 vitam
3019 3894 3032 3913 ,
3083 3851 3223 3905 hanc
3266 3849 3515 3917 volupta-

1923 3955 2027 3999 tem
2057 3984 2071 4008 ,
2123 3943 2264 3998 hanc
2315 3943 2477 3997 vitam
2527 3944 2725 4013 dilige:
2755 3944 2921 3998 multa
2967 3945 3109 3998 enim
3161 3943 3315 3998 nobis
3343 3942 3514 3995 tristia

1919 4033 2192 4100 accidunt,
2223 4049 2291 4089 eo
2321 4033 2463 4104 quod
2493 4050 2598 4090 non
2626 4076 2641 4102 ,
2676 4042 2735 4089 ut
2760 4051 2854 4104 par
2875 4044 2989 4100 est,
3017 4049 3078 4090 ea
3110 4034 3389 4088 nobiscum
3428 4047 3511 4086 rc-

1922 4138 2194 4197 putemus.
2226 4128 2357 4196 Quis
2406 4128 2568 4198 igitur
2611 4130 2782 4199 magis
2835 4129 3080 4195 dolebit,
3124 4129 3241 4183 isne
3289 4127 3379 4197 qui
3428 4126 3517 4182 illa

1920 4218 2053 4272 nihil
2081 4227 2272 4284 curat,
2315 4234 2383 4272 an
2414 4220 2458 4274 is
2485 4219 2573 4288 qui
2614 4219 2810 4273 curat?
2837 4220 2925 4289 qui
2957 4219 3354 4274 vicissitudines
3399 4235 3514 4271 mc-

1922 4309 2020 4363 tuit
2045 4351 2059 4374 ,
2083 4324 2150 4362 an
2178 4309 2268 4379 qui
2299 4325 2403 4364 non
2429 4310 2652 4364 metuit?
2681 4310 2771 4380 qui
2805 4311 3028 4366 livtnrem
3057 4351 3071 4376 ,
3103 4309 3357 4364 invidiam
3386 4349 3398 4370 ,
3430 4323 3512 4377 sy-

1920 4399 2235 4468 cophantias
2259 4437 2273 4464 ,
2305 4399 2527 4454 insidias
2553 4444 2567 4467 ,
2603 4401 2894 4471 perniciem
2928 4402 3118 4466 timet,
3162 4416 3230 4454 an
3273 4399 3363 4469 qui
3415 4416 3521 4453 non

1922 4490 2115 4545 timet?
2146 4491 2234 4560 qui
2263 4490 2470 4556 multis,
2502 4506 2568 4545 an
2598 4492 2688 4562 qui
2721 4492 2864 4547 nullo
2895 4492 3137 4562 indiget?
3157 4491 3246 4561 qui
3273 4491 3520 4546 innume-

1920 4583 2026 4647 ris,
2060 4597 2126 4636 an
2155 4583 2244 4652 qui
2275 4583 2405 4636 nulli
2435 4585 2642 4638 servit?
2672 4585 2761 4654 qui
2791 4585 2970 4639 multis
3014 4598 3152 4653 opus
3199 4583 3401 4647 habet,
3450 4597 3519 4636 an

1920 4675 2010 4743 qui
2043 4674 2180 4727 liber
2208 4674 2334 4728 est?
2360 4674 2450 4744 qui
2482 4691 2646 4729 unum
2679 4675 2830 4729 timet
2860 4675 3159 4738 dominum,
3189 4689 3255 4727 au
3281 4673 3370 4743 qui
3397 4688 3522 4727 sex-

1922 4764 2154 4818 centos?
2181 4764 2322 4834 Ergo
2351 4764 2521 4834 major
2550 4764 2637 4820 hic
2683 4765 2927 4836 voluptas
2977 4773 3078 4818 est.
3134 4763 3286 4818 Hanc
3339 4763 3523 4832 itaque

1920 4863 2209 4920 sectemur,
2239 4870 2414 4924 neque
2442 4857 2794 4925 praesentibus
2817 4855 3122 4921 iuhiemus;
3151 4855 3246 4910 sed
3278 4853 3535 4909 deridea-'

1921 4960 2040 5000 nius
2061 4961 2275 5000 onmem
2300 4947 2418 4999 vita:
2444 4945 2660 5011 fastum,
2686 4958 2740 5001 ct
2764 4947 2959 5016 ubique
2974 4948 3189 5003 modum
3212 4961 3516 5011 servemus,

1923 5045 1979 5089 ut
2007 5037 2272 5106 possimus
2303 5037 2442 5092 hanc
2467 5039 2629 5092 vitam
2656 5039 2773 5094 sine
2801 5053 3035 5095 mterore
3069 5039 3365 5108 transigere
3392 5080 3406 5101 ,
3465 5049 3518 5092 ct

1924 5127 2182 5194 promissa
2210 5131 2468 5198 consequi
2486 5129 2647 5194 bona,
2672 5130 2844 5199 gratia
2869 5138 2921 5183 et
2944 5128 3274 5196 benignitate
3300 5128 3510 5183 Domini

1923 5220 2094 5273 nostri
2124 5220 2250 5274 Jcsu
2282 5220 2501 5285 Christi,
2533 5223 2747 5291 quicum
2777 5221 2922 5276 Patri
2965 5229 3019 5274 ct
3059 5220 3283 5290 Spiritui
3330 5233 3516 5274 saneto

1921 5314 2111 5383 gloria,
2143 5315 2452 5383 imperium,
2485 5316 2682 5383 honor,
2717 5330 2858 5371 nunc
2885 5324 2938 5370 et
2967 5329 3218 5383 semper,
3251 5321 3306 5368 ct
3330 5311 3381 5366 in
3411 5328 3516 5367 sa:—

1920 5407 2040 5462 cula
2067 5407 2410 5463 swculorum.
2440 5409 2633 5464 Anien.
