4056 6500
637 473 741 530 287

1333 472 1391 530 s.
1430 470 1707 530 JOANNIS
1742 466 2211 528 cunvsosroin
2250 468 2559 525 ΛηίῖΗιΕΡ.
2602 468 3129 537 consumma.

3778 492 3875 550 363

1260 644 1263 648 ·
1599 616 1603 620 ”
1954 651 2288 715 nonum
2332 653 2489 717 Lm.

640 793 769 850 Cu.
811 794 902 850 26.
948 811 1000 851 ν.
1042 795 1129 851 '50.
1172 796 1237 850 Et
1275 796 1554 851 extimuit
1591 812 1700 862 res,
1750 810 1937 864 prterea
1974 803 2019 848 et
2064 790 2190 846 Ber-

700 886 840 951 nice,‘
858 896 906 941 et
936 890 1024 957 qui
1048 888 1334 943 assidebam
1368 890 1475 943 eis:
1512 887 1601 941 5i.
1636 897 1681 941 et
1710 903 1826 940 cum
1858 886 2193 946 secessissent,

702 977 1031 1046 loquebantur
1066 979 1137 1032 ad
1170 980 1395 1044 invicem,
1438 978 1656 1033 dicentes
1686 994 1705 1031 :
1738 977 1886 1031 Nihil
1923 986 2082 1030 morte
2108 985 2195 1029 aut

700 1071 913 1125 vinculis
946 1072 1153 1140 dignum
1182 1072 1298 1140 fecit
1328 1071 1409 1124 hic
1436 1071 1605 1124 homo.
1647 1070 1735 1125 '52.
1766 1069 1991 1140 Agrippa
2028 1076 2194 1120 autem

706 1160 751 1215 Ρ
750 1172 855 1216 esto
880 1163 1007 1217 dixit
1034 1178 1057 1218 :
1080 1162 1277 1216 Dimitti
1302 1171 1494 1233 poterat
1524 1162 1670 1217 homo
1697 1162 1795 1227 hic,
1825 1160 1868 1213 si
1894 1175 1991 1213 non
2018 1158 2195 1228 appel-

700 1254 849 1306 lasset
873 1251 1137 1307 Ctrsarem.

700 1343 752 1396 t.
799 1341 927 1397 Vide
951 1342 1216 1412 quomodo
1239 1350 1448 1399 rursum
1472 1358 1566 1412 pro
1586 1343 1677 1398 illo
1705 1340 1965 1397 calculum
1986 1338 2190 1394 ferunt:

628 1433 786 1487 etiam
824 1440 1099 1503 postquam
1145 1432 1332 1489 Festus
1372 1434 1601 1499 dixerat,
1644 1431 1866 1498 Insanis,
1912 1430 2193 1484 absolvunt

627 1523 798 1590 illum,
837 1538 941 1578 non
969 1524 1141 1579 solum
1167 1539 1198 1579 a
1229 1532 1421 1596 morte,
1466 1523 1559 1579 sed
1587 1523 1743 1579 etiam
1787 1536 1815 1575 a
1843 1520 2099 1585 vinculis;
2128 1533 2191 1574 ac

626 1613 836 1669 demum
862 1613 1185 1669 dimisissent
1214 1615 1311 1669 nisi
1344 1614 1606 1669 Cassarem
1638 1611 1969 1689 appellasset.
1994 1609 2190 1664 Verunt

628 1706 729 1761 hoc
756 1721 820 1760 ex
846 1706 1173 1775 providentia
1195 1704 1388 1760 factum
1410 1713 1485 1759 est
1507 1721 1524 1769 ;
1551 1717 1656 1758 non
1676 1703 1847 1757 solum
1870 1706 2044 1757 autem
2066 1702 2186 1769 hoc,

625 1797 716 1851 sed
750 1799 909 1851 etiam
959 1796 1097 1866 quod
1144 1812 1262 1851 cum
1298 1796 1518 1850 vinculis
1560 1796 1747 1850 abiret.
1788 1794 1910 1848 ldeo
1948 1793 2185 1860 dicebat,

626 1885 793 1957 Usque
820 1886 892 1939 ad
925 1886 1124 1940 vincula
1152 1886 1295 1955 quasi
1331 1887 1461 1941 male
1502 1902 1715 1955 aperans
1754 1884 1829 1956 (Ξ.
1866 1884 1998 1938 Tim.
2027 1884 2080 1937 2.
2106 1884 2164 1953 9)

620 1978 675 2032 Si
727 1978 867 2032 enim
930 1978 1181 2032 Dominus
1229 1977 1344 2049 ejus
1388 1993 1507 2033 cum
1560 1979 1753 2049 iniquis
1798 1986 2067 2047 reputatus
2107 1986 2189 2032 est

625 2067 815 2133 (Marc.
847 2068 935 2123 £5.
961 2068 1077 2136 28),
1120 2070 1290 2123 multo
1318 2069 1482 2137 magis
1516 2068 1627 2132 hic;
1661 2067 1752 2122 sed
1782 2070 1917 2122 sicut
1958 2068 2045 2121 ille
2070 2068 2185 2136 glo-

622 2157 753 2211 ria.n
785 2173 888 2213 non
928 2160 1167 2225 curavit,
1199 2159 1269 2212 ita
1318 2173 1489 2228 neque
1531 2158 1637 2216 hic.
1678 2157 2002 2212 Admirabile
2041 2156 2183 2211 enim

620 2256 713 2301 est.
751 2247 893 2317 quod
919 2248 1054 2303 inter
1078 2248 1194 2303 illos
1222 2248 1436 2315 mixtus,
1463 2248 1589 2304 nihil
1614 2248 1735 2303 inde
1765 2248 1942 2303 damni
1964 2264 2185 2316 accepe-

619 2349 705 2393 rit.
738 2339 904 2410 (Cap.
930 2332 1050 2402 ‘27.)
1074 2358 1093 2392 ι
1124 2341 1172 2395 l.
1202 2340 1270 2396 Ut
1300 2351 1476 2395 autem
1525 2340 1797 2395 decretum
1835 2339 1966 2404 fuit,
1998 2348 2055 2394 ut
2090 2352 2187 2393 nos

621 2432 986 2501 navigaremus
1015 2431 1067 2485 in
1096 2430 1320 2497 Italiam,
1354 2431 1682 2486 tradiderunt
1710 2431 1927 2486 Paulum
1955 2440 2008 2486 et
2027 2445 2185 2500 quos-

621 2523 741 2574 dam
771 2522 905 2577 alios
934 2525 1136 2577 vinctos
1163 2524 1480 2586 centurioni,
1518 2523 1733 2593 nomine
1759 2522 1918 2589 Julio,
1948 2524 2184 2577 cohortis

617 2617 887 2684 Ᾱιιςηςιίη.
925 2615 979 2669 2.
1014 2616 1316 2670 Conscensa
1348 2615 1467 2668 navi
1493 2613 1861 2680 Adrumetina,
1892 2616 2181 2684 navigaturi

619 2706 759 2758 circa
803 2704 944 2760 Asiae
987 2705 1101 2759 loca
1163 2705 1443 2771 solvimus,
1489 2715 1863 2775 perseverante
1908 2707 2183 2761 nobiscum

622 2795 932 2849 Aristarcho
973 2795 1261 2851 Macedone
1299 2796 1781 2852 Thessalonicensi.
1832 2798 1885 2852 ὅ.
1928 2797 2183 2867 Sequenti

617 2896 791 2941 autem
819 2888 907 2942 die
931 2888 1229 2957 appulimus
1257 2887 1528 2943 Sidonem.
1559 2906 1580 2941 ι
1617 2889 1748 2943 Vide
1774 2904 2049 2961 quousque
2087 2905 2183 2945 eo.

617 2978 835 3032 mitatur
860 2978 1079 3032 Paulum
1124 2978 1479 3033 Aristarchus.
1516 2978 1658 3035 Bene
1699 2981 1862 3035 etiam
1901 2990 1955 3035 et
1985 2981 2183 3038 utiliter

617 3068 768 3124 adest
808 3069 1167 3136 Aristarchus,
1200 3072 1377 3125 omnia
1409 3072 1461 3126 in
1492 3071 1797 3128 Macedonia
1847 3083 2178 3129 narraturus.

622 3177 644 3211 ι
674 3159 982 3214 llumaniter
1007 3169 1184 3215 autem
1218 3169 1451 3215 tractans
1480 3161 1652 3216 Julius
1674 3162 1919 3229 Paulum,
1946 3165 2185 3233 permisit

616 3248 684 3302 ad
713 3250 911 3303 amicos
938 3248 1033 3316 ire,
1066 3258 1120 3305 et
1142 3265 1321 3305 curam
1352 3251 1433 3305 sui
1461 3265 1644 3321 agere.
1687 3253 1740 3307 4.
1791 3254 1859 3308 Et
1902 3253 2026 3311 inde
2062 3270 2181 3310 cum

616 3340 981 3405 solvissemus,
1000 3341 1460 3412 subnavigavimus
1477 3342 1728 3414 Cyprum,
1752 3360 1817 3399 eo
1840 3346 1981 3415 quod
2003 3356 2182 3403 essent

614 3430 759 3484 venti
800 3430 1071 3485 contrarii.
1105 3450 1124 3484 ι
1170 3430 1423 3495 Permisit,
1480 3432 1667 3503 inquit,
1721 3432 1914 3499 Julius,
1956 3434 2181 3490 Paulum

604 3519 898 3572 immaniter
949 3529 1187 3574 tractans.
1236 3520 1379 3575 Bene
1422 3520 1524 3576 hoc
1564 3524 1819 3601 permisit,
1849 3533 1906 3579 ut
1933 3526 1997 3579 ad
2027 3538 2180 3581 notos

615 3607 884 3679 profectus
922 3618 1196 3665 curaretur
1221 3627 1235 3664 :
1263 3611 1551 3666 verisimile
1579 3615 1721 3668 enim
1749 3624 1850 3680 est,
1891 3632 2010 3671 eum
2043 3619 2180 3674 male

616 3699 861 3753 habuisse
905 3714 932 3751 a
962 3700 1205 3764 vinculis,
1250 3714 1282 3756 ι
1320 3710 1464 3756 metu
1486 3743 1500 3767 ,
1548 3718 1576 3755 a
1609 3706 2013 3774 raptationibus.
2047 3708 2179 3765 Vide

611 3790 878 3859 quomodo
908 3791 1007 3845 hoc
1032 3806 1138 3846 non
1160 3791 1410 3859 occultet,
1436 3793 1575 3862 quod
1599 3810 1780 3848 curam
1807 3798 1885 3850 sui
1914 3797 2177 3853 habuerit.

612 3882 818 3935 Rursus
846 3883 1185 3949 tentationes,
1225 3898 1415 3938 rursus
1441 3885 1583 3939 venti
1610 3888 1881 3942 contrarii.
1923 3890 2054 3945 Vide
2085 3907 2180 3961 per

613 3971 788 4025 omnia
816 3970 976 4025 vitam
1003 3980 1304 4026 sanctorum
1326 3974 1403 4028 sic
1425 3976 1632 4030 contexi
1659 3995 1671 4031 :
1702 3975 1995 4048 edugerant
2016 3982 2178 4035 tribu-

611 4061 718 4125 nal,
753 4072 807 4115 et
834 4062 1073 4116 incidunt
1092 4064 1141 4116 in
1172 4063 1499 4134 naufragium
1527 4074 1580 4121 et
1610 4077 2007 4137 tempestatem;
2036 4074 2175 4142 quod

614 4150 855 4206 indicans
901 4153 1114 4222 pergit:
1150 4154 1249 4209 «5.
1287 4153 1355 4209 Et
1397 4156 1612 4226 pelagus
1660 4159 1800 4213 inter
1843 4159 2075 4215 Ciliciam
2123 4171 2178 4218 et

611 4238 973 4313 Pamphyliam
1002 4244 1223 4309 emensi,
1258 4246 1595 4315 pervenimus
1617 4246 1837 4318 Myram,
1868 4266 1985 4320 qua:
2010 4263 2091 4307 est
2122 4254 2173 4307 in

612 4330 793 4402 Lycia.
820 4331 873 4385 6.
903 4332 967 4386 Et
988 4333 1057 4389 ibi
1086 4337 1322 4390 centurio
1343 4346 1527 4391 nactus
1558 4352 1743 4393 navem
1766 4340 2174 4396 Alexandrinam

618 4424 951 4492 navigantem
1003 4424 1058 4478 in
1116 4426 1339 4494 italiam,
1396 4430 1657 4483 transtulit
1708 4445 1805 4485 nos
1849 4432 1901 4486 in
1958 4434 2119 4487 illam.
2150 4450 2170 4486 ι

614 4513 851 4581 Nactus,
894 4516 1080 4587 inquit,
1121 4533 1296 4571 navem
1346 4518 1759 4573 Alexandrinam.
1804 4524 2059 4592 Apposite
2091 4526 2175 4579 in-

610 4608 841 4674 venitur,
898 4620 952 4663 ut
1000 4608 1073 4664 illi
1119 4627 1236 4679 qua:
1303 4614 1522 4667 Paulum
1588 4617 1897 4683 Spectabunt
1954 4618 2004 4669 in
2053 4618 2176 4673 Asia

612 4700 943 4765 nuntiarent,
975 4710 1027 4757 et
1066 4701 1118 4755 bi
1170 4704 1219 4757 in
1250 4704 1431 4774 Lycia.
1464 4705 1595 4761 Vide
1638 4706 1804 4760 Deum
1850 4708 1980 4761 nihil
2026 4710 2179 4762 inno-

615 4802 762 4852 vare,
803 4790 933 4843 nihil
976 4801 1201 4856 mutare,
1248 4794 1341 4849 sed
1386 4795 1695 4865 permittere
1735 4812 1853 4851 eum
1893 4800 2175 4855 contrariis

615 4876 790 4930 ventis
826 4878 1089 4947 navigare.
1131 4882 1233 4936 Sed
1259 4883 1418 4937 etiam
1457 4885 1535 4939 sic
1564 4887 1873 4942 miraculum
1903 4898 2171 4958 operatur.

617 4965 685 5022 Ut
714 4974 828 5021 tuto
858 4970 1123 5039 navigent,
1153 4988 1255 5025 non
1290 4975 1413 5027 sinit
1442 4990 1531 5030 eos
1563 4977 1613 5030 in
1641 4979 1853 5049 pelagus
1898 4996 1956 5035 se
1980 4983 2176 5037 immit-

614 5066 748 5121 tere,
783 5058 876 5112 sed
906 5074 1114 5128 semper
1130 5062 1283 5131 juxta
1311 5074 1504 5118 terram
1546 5068 1878 5137 navigabant.
1914 5089 1932 5121 ς
1965 5073 2171 5126 Etcum

615 5149 795 5203 multis
821 5150 1007 5205 diebus
1036 5152 1182 5206 tarde
1203 5154 1572 5224 navigaremus
1588 5166 1642 5211 et
1666 5159 1749 5211 vix
1775 5159 2171 5217 devenissemus

613 5247 795 5291 contra
830 5238 1077 5307 Cnidum,
1118 5242 1429 5310 prohibente
1467 5261 1565 5301 uos
1593 5257 1769 5315 vento,
1809 5250 2175 5320 subnavigavi-

612 5342 731 5383 ntus
757 5328 928 5383 Creta:
949 5330 1097 5399 juxta
1123 5332 1441 5401 Salmonen;
1474 5336 1527 5391 8.
1554 5346 1609 5391 et
1624 5340 1709 5392 vix
1745 5343 2174 5412 praeterlegentes

610 5420 784 5487 illam,
804 5426 1140 5490 pervenimus
1170 5428 1221 5481 in
1250 5428 1419 5483 locum
1444 5431 1724 5496 quemdam
1751 5445 2015 5501 vocatum,
2039 5438 2171 5493 Boni

613 5524 819 5580 portus,
856 5514 1000 5583 juxta
1045 5532 1200 5586 quem
1246 5535 1409 5589 prope
1449 5523 1633 5578 civitas
1664 5523 1864 5581 Laurea.
1912 5528 1964 5582 9.
2009 5530 2173 5584 Multo

613 5614 787 5659 autem
822 5617 1055 5675 tempore
1082 5620 1318 5677 peracto,
1364 5622 1561 5666 etcum
1590 5614 1695 5682 jam
1745 5633 1851 5671 non
1892 5628 2035 5674 esset
2064 5630 2171 5675 luta

613 5694 894 5764 navigatio,
921 5710 986 5751 eo
1010 5700 1145 5766 quod
1172 5701 1431 5769 jejunium
1453 5703 1562 5771 jam
1594 5708 1951 5775 praeteriisset,
1984 5711 2170 5765 admo-

618 5786 775 5841 nebat
799 5803 891 5842 eos
916 5787 1127 5855 Paulus,
1154 5791 1237 5844 l0.
1265 5792 1445 5847 dicens
1471 5814 1482 5848 :
1513 5794 1697 5863 Video,
1732 5799 1848 5865 viri,
1884 5801 2022 5869 quod
2052 5817 2173 5855 cum

616 5878 803 5947 injuria
832 5890 883 5937 et
916 5881 1083 5938 multo
1106 5881 1298 5939 damno
1338 5901 1439 5941 non
1485 5887 1660 5946 solum
1704 5893 1879 5949 oneris
1920 5904 1973 5948 et
2000 5898 2167 5966 navis,

2301 795 2393 849 sed
2418 796 2579 852 etiam
2610 802 2908 862 animarum
2950 821 3250 871 nostrarum
3285 818 3469 889 incipit
3499 837 3623 881 esse
3664 831 3870 899 naviga-

2302 885 2378 940 tio
2426 888 2487 942 Η
2505 926 2517 937 .
2538 888 2795 949 Centurio
2829 908 3005 954 autem
3034 903 3376 972 gubernatori
3393 885 3453 966 et
3478 914 3738 973 nauelero
3759 885 3868 973 nia-

2300 975 2378 1066 gis
2423 978 2693 1048 credebat,
2724 1000 2882 1054 quam
2928 991 2989 1045 iis
3016 1032 3030 1056 ,
3060 1008 3179 1058 qua:
3206 996 3518 1058 dicebantur
3558 1021 3587 1059 a
3631 1006 3819 1066 Paulo.
3850 1030 3868 1065 ι

2299 1064 2562 1134 Jejunium
2592 1071 2692 1127 hoc
2717 1076 2907 1144 opinor
2937 1080 3042 1136 dici
3063 1082 3384 1143 Judzeorum.
3416 1092 3547 1150 Nam
3580 1111 3701 1167 post
3735 1064 3871 1158 Pen-

2299 1162 2539 1214 tecosten
2580 1163 2822 1222 exierant
2867 1170 3013 1227 illinc
3043 1183 3159 1243 post
3186 1179 3410 1235 multum
3449 1162 3681 1256 tempus,
3724 1201 3782 1247 ut
3822 1196 3870 1249 in

2297 1246 2410 1315 ipsa
2453 1248 2567 1307 fere
2611 1253 2783 1311 hieme
2821 1264 3065 1317 venerint
3110 1266 3162 1320 in
3204 1281 3380 1337 partes
3421 1246 3609 1334 Cretae.
3666 1246 3731 1336 iit
3771 1246 3872 1342 hoc

2297 1350 2510 1408 quoque
2557 1358 2678 1445 noni
2710 1362 2928 1416 parvum
2976 1355 3309 1427 miraculum,
3351 1367 3491 1434 quod
3535 1370 3611 1427 illi
3655 1386 3872 1446 propter

2297 1438 2440 1482 nunc
2484 1434 2678 1487 servati
2721 1436 2846 1490 sint.
2904 1438 3027 1507 Viri,
3070 1447 3210 1500 video
3260 1454 3396 1519 quod
3428 1472 3543 1509 cum
3581 1434 3775 1531 injuria
3828 1480 3871 1520 et

2295 1519 2452 1573 multo
2488 1522 2693 1591 damno,
2729 1526 2919 1597 inquit,
2959 1549 3059 1587 non
3104 1539 3265 1592 solum
3292 1549 3456 1600 oneris
3483 1557 3530 1600 et
3571 1519 3735 1620 nim,

2295 1611 2445 1664 etiam
2474 1618 2755 1671 animarum
2786 1630 3069 1679 nostrarum
3104 1629 3282 1696 incipit
3316 1650 3423 1689 esse
3458 1611 3734 1710 navigatio:
3767 1644 3869 1699 Ita-

2294 1717 2397 1771 que
2439 1705 2630 1762 Paulus
2652 1709 2812 1779 jussit
2859 1729 3106 1786 manere,
3157 1731 3211 1777 et
3252 1720 3423 1781 finura
3457 1705 3739 1799 prmdixit;
3794 1738 3867 1794 illi

2295 1808 2421 1846 vero
2453 1797 2778 1867 festinantes,
2802 1818 2922 1859 cum
2954 1822 2984 1860 a
3007 1809 3123 1865 loco
3153 1797 3583 1891 prohiberentur,
3618 1797 3867 1885 volebant

2294 1880 2343 1933 in
2374 1882 2621 1941 thnice
2650 1890 2963 1959 hybernare.

2360 1972 2414 2077 2.
2462 1975 2618 2043 Vide,
2664 1997 2875 2049 qtreso,
2920 1987 3409 2059 dispensationem:
3432 2001 3611 2070 primo
3648 2008 3863 2077 quidem

2292 2068 2462 2120 navim
2495 2071 2785 2142 solverunt,
2816 2078 3198 2153 abieruntque;
3226 2086 3417 2146 deinde
3433 2068 3501 2147 tut
3520 2068 3707 2153 incidit
3736 2115 3865 2155 ven-

2292 2164 2393 2221 tus,
2427 2158 2688 2217 dederunt
2710 2179 2769 2219 se
2800 2165 3014 2238 ferenti,
3040 2184 3094 2228 et
3115 2176 3199 2230 vix
3224 2183 3592 2240 servabantur.
3628 2190 3717 2244 ti.
3752 2209 3772 2243 ι
3803 2194 3865 2247 Et

2289 2262 2409 2352 cuin
2440 2262 2594 2321 aptus
2623 2266 2807 2325 portus
2842 2276 2946 2316 non
2989 2277 3133 2321 esset
3175 2269 3242 2324 ad
3273 2270 3701 2347 hybernandum,
3749 2286 3864 2355 pln-

2292 2340 2409 2393 rinii
2438 2352 2735 2402 statuerunt
2762 2354 3038 2408 consilium
3073 2340 3325 2429 navigare
3347 2364 3490 2434 inde,
3519 2370 3562 2424 si
3594 2340 3864 2442 quomodo

2292 2444 2526 2533 possent,
2556 2441 2793 2504 pervecti
2820 2441 3127 2512 thnicen,
3162 2449 3270 2505 illic
3299 2441 3620 2527 hybernare,
3651 2476 3860 2533 portum

2286 2518 2459 2575 Cretae
2481 2526 2849 2594 respicientem
2879 2535 2944 2587 ad
2971 2535 3195 2594 africum
3228 2551 3282 2596 et
3308 2518 3563 2604 Chorum.
3710 2518 3863 2626 Aspi;

2287 2619 2438 2665 rante
2461 2623 2637 2670 autem
2682 2632 2885 2689 austro,
2918 2636 3164 2694 putantes
3193 2637 3519 2702 propositum
3549 2656 3610 2697 se
3656 2619 3860 2716 tenere,

2287 2712 2405 2753 cum
2436 2704 2717 2762 solvissent
2736 2712 2892 2778 Asso,
2916 2720 3356 2792 prtetcrlegebant
3376 2726 3611 2787 Cretam.
3648 2736 3733 2791 ιι.
3764 2704 3861 2794 Ve:

2289 2805 2405 2845 rum
2429 2794 2569 2849 haud
2596 2799 2760 2855 multo
2789 2814 2907 2873 post
2926 2820 3140 2865 coortus
3165 2823 3247 2868 est
3271 2827 3455 2873 contra
3476 2822 3650 2891 ipsam
3672 2844 3861 2888 ventus

2289 2883 2635 2956 typhonicus,
2690 2892 2777 2961 qui
2822 2906 3039 2952 vocatur
3089 2900 3447 2976 Euroaquilo;
3494 2883 3580 2969 λδ.
3634 2883 3861 2989 ωιτη-ἆ

2287 2986 2530 3044 correpta
2559 2989 2703 3035 esset
2728 2985 2895 3052 navis,
2926 3003 3025 3043 nec
3044 3004 3224 3059 posset
3255 3008 3411 3053 vento
3438 3005 3712 3075 resistere,
3741 2985 3860 3065 data

2286 3064 2403 3170 navi
2435 3065 2646 3125 flatibus
2670 3072 2987 3132 ferebamur.
3014 3081 3098 3136 16.
3128 3082 3183 3139 ln
3212 3085 3439 3146 insulam
3469 3104 3651 3152 autem
3673 3064 3860 3170 quam-

2286 3153 2408 3208 dam
2435 3157 2640 3214 devecti
2670 3167 2883 3222 nomine
2903 3167 3176 3243 Claudam,
3204 3178 3291 3233 vix
3320 3185 3587 3249 potuimus
3612 3153 3859 3251 obiicere

2287 3246 2555 3340 scapham.
2590 3252 2675 3306 l7.
2706 3254 2817 3321 Qua
2848 3260 3075 3329 sublata,
3105 3246 3382 3335 adjutoriis
3410 3278 3696 3334 utebantur
3726 3246 3857 3340 sub;

2284 3336 2558 3444 cingentes
2588 3358 2801 3413 navem,
2834 3349 3080 3409 timentes
3110 3371 3177 3412 ne
3203 3358 3255 3413 in
3298 3361 3499 3433 Syrtim
3540 3369 3858 3444 inciderent,

2283 3425 2529 3485 demissis
2560 3434 2690 3488 velis
2734 3438 2803 3491 ita
2835 3439 3152 3503 ferebantur.
3190 3451 3273 3505 18.
3316 3425 3447 3511 Cum
3476 3425 3666 3517 autent

2284 3521 2446 3625 menti
2499 3531 2812 3595 tempestate
2846 3532 3191 3607 jactaremur,
3238 3549 3479 3615 sequenti
3522 3552 3610 3607 die
3660 3521 3856 3625 jactuiu

2282 3609 2556 3669 fecerunt:
2582 3618 2664 3674 l9.
2719 3637 2783 3677 ac
2826 3627 2981 3681 tertio
3020 3629 3107 3685 die
3146 3609 3342 3692 nostris
3388 3644 3634 3699 manibus

2281 3715 2458 3804 menta
2481 3708 2630 3762 navis
2657 3712 2998 3781 prnjecimus.
3024 3720 3108 3775 20.
3143 3722 3325 3795 Neque
3345 3738 3523 3786 autem
3546 3736 3661 3792 sole
3684 3754 3858 3811 neque

2281 3795 2543 3851 sideribus
2568 3806 2942 3870 apparentibus
2968 3826 3060 3878 per
3090 3816 3265 3881 plures
3286 3820 3422 3888 dies,
3455 3836 3505 3879 et
3539 3795 3858 3900 tempestate

2283 3898 2387 3940 non
2417 3890 2605 3958 exigua
2646 3894 2975 3965 imminente,
3003 3904 3115 3969 jam
3155 3907 3329 3965 ablata
3374 3925 3490 3969 erat
3528 3890 3706 3976 omnis
3736 3941 3859 3994 spes

2281 3978 2463 4033 salutis
2503 3994 2720 4039 nostrre.
2750 3986 2838 4041 2t.
2869 3988 3018 4046 Tunc
3047 4006 3195 4051 stans
3222 3999 3416 4059 Paulus
3442 4005 3493 4060 in
3525 4012 3706 4067 medio
3734 3978 3855 4071 illo-

2280 4083 2394 4165 rum
2414 4071 2565 4128 dixit.
2611 4092 2630 4126 ο
2665 4077 2823 4133 Vide:
2857 4092 2973 4149 post
2996 4093 3193 4153 tantam
3221 4100 3588 4162 tempestatem
3616 4120 3722 4160 non
3754 4110 3857 4165 illis

2281 4160 2537 4218 insultans
2580 4166 2695 4221 tunc
2722 4169 2971 4239 loquitur,
3023 4178 3115 4231 sed
3151 4188 3205 4233 ut
3237 4160 3400 4239 veliin
3431 4201 3703 4257 posterum

2278 4252 2521 4306 credant.
2552 4254 2705 4311 Unde
2746 4268 2801 4313 et
2824 4276 2942 4329 qua:
2972 4279 3260 4323 evenerant
3291 4273 3342 4327 in
3374 4252 3734 4339 testimonium
3765 4304 3854 4341 as-

2279 4343 2441 4394 sumit
2486 4347 2723 4400 veritatis
2763 4364 2969 4419 eorum,
3013 4371 3130 4424 qua:
3174 4360 3411 4419 dicturus
3453 4378 3585 4423 erat.
3634 4373 3704 4428 Et
3749 4378 3857 4433 duo

2283 4433 2631 4499 praedicit:et
2672 4441 2813 4509 quod
2854 4442 2904 4498 in
2945 4446 3165 4505 insulam
3205 4461 3511 4514 exscensuri
3550 4476 3755 4533 essent,
3802 4480 3857 4526 et

2280 4523 2417 4591 quod
2452 4528 2601 4581 navis
2633 4531 2888 4601 peritura,
2917 4549 3159 4595 vectores
3185 4552 3361 4600 autem
3392 4554 3636 4607 servandi
3670 4523 3857 4616 essent

2280 4612 2573 4721 tquodnnon
2602 4620 2900 4689 conjectura
2933 4640 3069 4697 erat,
3131 4633 3222 4686 sed
3248 4638 3580 4710 prophetia);
3602 4612 3857 4721 quodque

2272 4704 2392 4774 ipse
2418 4705 2613 4763 Cresari
2642 4713 2909 4771 sistendus
2936 4732 3096 4774 esset.
3135 4722 3263 4778 illud
3305 4704 3483 4784 autem
3693 4704 3853 4809 dixit,

2280 4797 2498 4853 Donavit
2543 4804 2632 4857 tibi
2672 4806 2807 4861 Deus
2850 4828 3040 4877 omnes,
3076 4830 3177 4869 non
3217 4797 3546 4889 arrogantia:-
3574 4840 3713 4895 erat,

2278 4891 2500 4946 valentis
2526 4907 2767 4953 vectores
2792 4902 2859 4953 ad
2883 4903 3037 4957 fidem
3056 4904 3317 4965 adducere
3343 4932 3355 4964 :
3382 4928 3501 4969 nam
3528 4932 3635 4973 non
3668 4891 3728 4976 ut
3747 4925 3852 4982 sibi

2279 4988 2496 5053 gratiam
2532 4987 2807 5055 haberent,
2848 4994 2940 5048 sed
2981 5006 3036 5050 ut
3074 4997 3230 5054 dictis
3270 5004 3381 5058 suis
3419 5008 3723 5078 crederent,
3773 5018 3854 5072 sic

2281 5076 2523 5145 loquutus
2573 5091 2668 5137 est.
2721 5083 2851 5139 lllud
2895 5103 3041 5155 vero,
3086 5088 3301 5148 Donavit
3342 5097 3433 5151 tibi
3478 5100 3634 5167 Deus,
3684 5076 3852 5163 Paulo

2279 5164 2473 5222 dictum
2505 5181 2619 5237 est;
2650 5188 2711 5227 ac
2734 5176 2777 5228 si
2799 5174 3016 5231 dixisset
3046 5181 3229 5251 :Digni
3254 5186 3466 5254 quidem
3497 5164 3671 5249 morte
3699 5210 3847 5267 sunt,

2278 5262 2397 5329 quia
2442 5278 2543 5317 non
2573 5266 2921 5335 obedierunt;
2955 5287 3135 5328 verum
3176 5276 3228 5329 in
3264 5279 3338 5333 tui
3379 5282 3603 5350 gratiam
3633 5286 3734 5343 hoc
3765 5262 3847 5345 tit.

2280 5625 2519 5692 injurism
2564 5629 2916 5697 etjacturam.
2967 5635 3055 5689 22.
3105 5636 3173 5691 Et
3216 5656 3359 5698 nunc
3387 5643 3574 5701 hortor
3614 5663 3745 5713 vos,
3790 5662 3847 5707 ut

2279 5715 2415 5771 bono
2452 5719 2633 5772 animo
2663 5722 2778 5776 sitis
2805 5726 3041 5793 :jaetura
3082 5731 3221 5784 enim
3254 5734 3446 5789 anime
3472 5738 3617 5793 nulla
3646 5742 3750 5795 erit
3778 5758 3845 5797 ex

2275 5810 2442 5873 vobis,
2474 5811 2567 5863 sed
2597 5821 2797 5867 tantum
2830 5819 2998 5872 navis.
3037 5818 3126 5873 23.
3159 5821 3375 5878 AdSIitit
3401 5826 3544 5881 enim
3586 5829 3712 5885 mihi
3745 5832 3847 5888 hac

2282 5910 2431 5958 nocte
2457 5903 2675 5975 angelus
2704 5905 2816 5974 Dei,
2849 5910 2997 5982 cujus
3026 5925 3164 5980 sum,
3202 5924 3256 5971 et
3291 5932 3447 5988 quem
3471 5921 3611 5987 colo,
3642 5923 3732 5985 26.
3765 5925 3845 5984 di-
