4056 6508
221 491 353 547 369

213 615 410 656 cens:
441 597 518 654 Ne
548 598 755 664 timeas,
779 595 973 664 Paule;
1001 597 1199 652 Ctesari
1247 605 1300 651 te
1345 603 1560 666 Oportet
1591 594 1703 649 sisti
1738 611 1749 646 :
1776 600 1829 646 et

209 705 372 745 cccc
400 689 622 744 donavit
650 689 740 744 tibi
773 689 913 743 Deus
960 701 1176 752 omnes,
1224 687 1312 756 qui
1338 687 1590 757 navigant
1627 695 1824 740 tecum.

208 781 327 835 25.
365 781 489 836 Ideo
520 781 662 835 bono
702 781 880 834 animo
921 788 1114 843 estote,
1146 779 1242 832 viri
1271 778 1470 833 :crcdo
1509 778 1650 832 enim
1696 778 1824 832 Deo.

204 873 382 942 quod
406 873 483 926 sic
511 873 615 928 erit
644 870 1093 942 quemadmodum
1119 871 1319 925 dictum
1350 881 1431 926 est
1458 871 1608 923 mihi.
1647 869 1738 922 26.
1771 867 1826 922 in

208 963 467 1016 insulam
493 972 668 1016 autem
697 959 983 1030 qllamdam
1006 971 1216 1030 oportet
1246 976 1343 1014 nos
1371 961 1621 1014 incidere.
1645 958 1732 1013 27.
1755 957 1824 1014 Ut

201 1065 418 1108 autem
466 1052 860 1122 quartadecima
909 1068 1014 1106 nox
1065 1051 1408 1122 SUpervenit,
1453 1051 1826 1120 navigantibus

202 1144 395 1197 nobis
435 1143 484 1196 in
516 1142 674 1196 Adi-ia
707 1144 847 1197 circa
899 1143 1134 1198 medium
1167 1143 1368 1206 noctis,
1416 1142 1827 1210 suspicabantur

201 1241 416 1285 nauta;
445 1247 705 1302 apparere
734 1234 964 1302 aliquam
1009 1234 1317 1303 regionem;
1343 1233 1436 1288 28.
1469 1234 1558 1304 qui
1589 1233 1821 1288 demissa

198 1323 415 1378 bolide
457 1331 777 1393 repererunt
806 1324 1018 1394 orgyias
1043 1325 1227 1393 viginti
1262 1340 1362 1380 :ac
1405 1325 1657 1396 pusillum
1699 1324 1822 1378 inde

198 1413 496 1484 digressi,
545 1429 754 1468 rursum
796 1412 938 1483 jacta
980 1415 1193 1479 bulide,
1247 1426 1564 1484 repererunt
1609 1415 1823 1484 orgyias

191 1503 572 1575 quindecim;
613 1503 703 1560 29.
736 1505 1094 1575 timentesque
1140 1521 1206 1560 ne
1239 1507 1288 1559 in
1329 1521 1517 1576 aSpera
1548 1507 1662 1558 loca
1693 1504 1823 1557 inci-

192 1595 507 1661 deremus,
540 1595 605 1650 de
631 1597 788 1664 puppi
811 1595 971 1665 jactis
1000 1596 1251 1650 anchoris
1286 1606 1535 1664 quatuor,
1566 1596 1822 1664 optabant

190 1685 376 1740 dicm
417 1685 566 1740 oriri.
609 1686 699 1740 50.
749 1685 934 1740 Nautis
967 1702 1094 1740 vero
1126 1687 1490 1755 quzerentibus
1536 1687 1715 1756 fugere
1755 1702 1818 1738 ex

192 1777 378 1840 navi,
424 1791 544 1829 cum
574 1775 919 1831 demisissent
965 1777 1218 1846 scapham
1246 1778 1300 1831 in
1341 1793 1512 1842 mare,
1555 1777 1654 1830 sub
1686 1792 1819 1847 prae-

191 1877 377 1922 textu
425 1881 490 1920 ac
539 1867 583 1919 si
629 1882 693 1920 ex
752 1881 909 1936 prora
959 1867 1224 1921 anchoras
1272 1867 1546 1922 extensuri
1602 1877 1815 1931 essent,

191 1958 302 2014 3i.
350 1956 486 2010 dixit
527 1956 720 2010 Paulus
759 1958 1059 2011 centurioni
1101 1967 1154 2012 et
1201 1959 1497 2013 militibus:
1531 1958 1638 2012 Nisi
1684 1959 1732 2011 hi
1767 1960 1817 2012 in

188 2049 347 2103 navi
378 2050 690 2112 manserint,
721 2063 818 2102 vos
844 2048 975 2101 Salvi
1005 2064 1124 2102 esse
1149 2065 1253 2103 non
1281 2051 1528 2119 potestis.
1559 2049 1647 2103 52.
1669 2050 1818 2104 Tunc

191 2144 424 2197 milites
454 2142 796 2196 absciderunt
822 2141 976 2196 funes
1016 2142 1246 2212 scaphas,
1283 2153 1336 2197 et
1365 2144 1506 2213 passi
1542 2154 1667 2197 sunt
1696 2158 1814 2197 eam

186 2234 496 2288 decidere.
531 2251 550 2284 ι
588 2233 683 2288 llic
721 2234 960 2288 ostendit
987 2234 1163 2304 fugam
1203 2233 1439 2288 facturos
1471 2251 1590 2290 esse
1624 2246 1813 2290 nautas

188 2325 366 2379 dicto
394 2341 500 2377 non
529 2325 840 2388 credentes;
875 2326 1119 2379 centurio
1156 2336 1334 2380 autem
1366 2326 1536 2380 credit
1566 2342 1684 2381 cum
1719 2328 1816 2380 ini~

186 2417 426 2471 litibus.
477 2416 599 2470 Ideo
637 2418 752 2470 ait:
787 2416 848 2471 Si
889 2417 944 2469 lii
984 2419 1225 2489 fugerint,
1274 2435 1359 2472 vos
1405 2420 1530 2473 salvi
1569 2436 1676 2474 esse
1713 2436 1816 2473 non

189 2511 453 2580 potestis.
487 2509 601 2562 Non
630 2524 689 2563 ea
722 2509 788 2564 de
817 2525 976 2564 causa
1009 2510 1162 2574 dixit,
1193 2511 1285 2565 sed
1312 2521 1366 2565 ut
1408 2513 1667 2566 retineret
1697 2527 1811 2578 eos,

188 2617 270 2656 ne
309 2601 599 2669 prophetia
645 2601 938 2655 excideret.
977 2601 1108 2655 Vide
1147 2602 1266 2655 illos
1295 2603 1444 2672 quasi
1489 2603 1540 2656 in
1585 2603 1813 2658 ecclesia

189 2691 402 2746 doceri
435 2690 826 2769 philosophiam
853 2707 882 2745 a
915 2691 1102 2759 Paulo,
1129 2707 1265 2762 quos
1293 2709 1360 2749 ex
1384 2686 1573 2748 mediis
1597 2694 1811 2764 pericu-

187 2783 267 2836 lis
305 2782 495 2849 eripit.
547 2782 611 2836 Et
642 2798 738 2852 per
767 2783 1157 2852 providentiam
1189 2801 1293 2839 non
1326 2785 1567 2840 creditur
1611 2787 1808 2852 Paulo,

188 2885 255 2930 ut
293 2884 427 2944 post
460 2890 638 2930 rerum
668 2876 1054 2944 experientiam
1085 2875 1184 2945 ipsi
1213 2871 1574 2942 crcdatur,iut
1613 2878 1808 2932 factum

188 2976 310 3022 est.
349 2967 431 3018 Ac
471 2982 680 3020 rursum
728 2965 992 3032 hortatur,
1039 2977 1096 3022 ut
1131 2978 1343 3021 sumant
1372 2970 1570 3032 cibum,
1617 2979 1670 3023 et
1708 2969 1809 3022 ob-

189 3066 552 3126 temperant;
586 3059 804 3126 ipscque
836 3059 1040 3126 primus
1069 3059 1250 3123 sumit,
1285 3075 1391 3112 non
1421 3060 1608 3125 verbo,
1642 3060 1734 3113 sed
1758 3071 1811 3115 et

190 3165 386 3220 opere
424 3149 656 3203 suadens
697 3149 831 3204 nihil
877 3151 1175 3206 nocituram
1227 3166 1347 3206 esse
1397 3163 1805 3222 tempestatem,

192 3243 316 3296 into
348 3240 566 3294 illorum
597 3239 875 3295 animabus
896 3241 1248 3310 profuturam.
1289 3260 1308 3293 ε
1334 3243 1423 3296 55.
1455 3243 1520 3296 Ει
1548 3259 1668 3298 cum
1693 3245 1808 3300 dies

194 3331 479 3398 inciperet
508 3329 660 3394 oriri,
691 3329 1002 3386 hortabatur
1028 3331 1225 3385 Paulus
1261 3346 1449 3386 omnes
1492 3349 1706 3388 sumere
1734 3335 1808 3388 ci-

191 3421 361 3485 bum,
398 3420 583 3475 dicens
609 3439 619 3472 :
645 3421 764 3474 Dies
805 3421 1045 3478 decimus
1071 3432 1294 3492 quartus
1334 3434 1417 3478 est
1443 3426 1583 3494 quod
1615 3442 1807 3498 exspe-

193 3522 429 3567 ctantes
451 3512 618 3582 jejuni
649 3515 992 3582 permanetis,
1025 3515 1155 3568 nihil
1187 3516 1532 3586 accipientes.
1563 3521 1650 3575 54.
1678 3521 1806 3575 Pro—

194 3614 326 3674 pter
361 3604 508 3674 quod
535 3603 720 3659 hortor
744 3620 839 3660 vos
869 3615 924 3660 ut
949 3608 1170 3661 sumatis
1196 3608 1374 3663 cibum
1400 3627 1413 3663 :
1445 3610 1545 3666 hoc
1571 3615 1712 3667 enim
1737 3615 1804 3669 ad

193 3696 442 3752 salutem
500 3706 730 3752 vestram
783 3699 1068 3766 pertinet:
1115 3701 1312 3756 nullius
1364 3704 1508 3758 enim
1568 3716 1800 3761 vestrum

193 3789 443 3857 capillus
468 3788 534 3843 de
573 3790 745 3858 capite
791 3789 962 3843 cadet.
1000 3791 1090 3846 55.
1134 3793 1199 3845 Ει
1230 3809 1350 3847 cum
1394 3794 1508 3849 haec
1540 3795 1800 3866 dixisset,

193 3889 429 3948 sumpto
457 3893 590 3948 pane
617 3881 814 3949 gratias
848 3881 956 3951 egit
984 3882 1092 3936 Deo
1119 3883 1170 3936 in
1200 3895 1491 3954 conspectu
1520 3890 1756 3942 omnium
1784 3909 1798 3944 :

193 3981 250 4023 et
286 3984 422 4024 cum
465 3968 745 4036 fregisset,
789 3973 952 4040 C(Bpil
980 3971 1162 4027 edere.
1201 3975 1287 4029 '56.
1320 3977 1452 4030 Cum
1495 3993 1655 4047 porro
1687 3980 1798 4049 jam

194 4074 398 4116 omnes
428 4061 567 4114 bono
594 4061 773 4115 animo
795 4072 995 4127 essent,
1017 4075 1364 4134 sumpserunt
1391 4077 1444 4124 et
1473 4069 1571 4139 ipsi
1597 4071 1794 4127 cibum.

193 4151 288 4204 ‘57.
331 4149 564 4204 Eramus
595 4166 721 4206 vero
765 4153 816 4206 in
850 4153 970 4206 navi
1006 4169 1197 4210 omnes
1222 4157 1414 4212 anima:
1441 4159 1687 4216 ducenta:
1714 4177 1799 4217 se-

197 4245 489 4312 ptuaginta
533 4257 647 4300 sex.
691 4247 779 4301 38.
824 4245 1013 4302 Satiati
1058 4261 1239 4303 autem
1285 4252 1426 4316 cibo,
1477 4253 1798 4310 alleviahant

193 4351 422 4401 navem,
464 4337 738 4407 ejicicntes
771 4339 1002 4394 triticum
1046 4341 1098 4395 in
1127 4358 1297 4398 mare.
1331 4344 1420 4399 59.
1455 4345 1586 4400 Cum
1617 4357 1793 4403 autem

193 4427 317 4482 dies
341 4427 466 4493 fuit,
499 4436 694 4483 terram
720 4445 824 4484 non
850 4431 1238 4502 agnoscebant:
1257 4433 1431 4488 sinum
1452 4451 1580 4490 vero
1606 4453 1794 4507 quem-

193 4515 323 4572 dam
354 4518 850 4574 animadverterunt
882 4522 1028 4576 littus
1057 4521 1364 4592 habentem,
1398 4527 1452 4580 in
1483 4530 1623 4598 quod
1649 4532 1795 4600 cogi-

194 4610 412 4676 tabant,
463 4611 506 4664 si
548 4622 784 4680 possent,
829 4614 1123 4685 impingere
1166 4633 1378 4674 navem.
1424 4621 1514 4677 40.
1566 4622 1632 4677 Et
1671 4639 1790 4680 cum

193 4702 471 4757 anchoras
501 4705 863 4771 sustulissent,
895 4710 1304 4766 committebant
1343 4728 1401 4768 se
1440 4717 1595 4781 mari,
1630 4718 1790 4774 simul

195 4792 398 4848 laxatis
422 4794 688 4863 juncturis
732 4799 1248 4868 gubernaculorum;
1296 4815 1350 4859 et
1387 4807 1598 4862 sublato
1642 4821 1786 4864 arte-

195 4900 362 4940 mone
389 4888 621 4944 ad'aura:
646 4889 826 4945 ﬂatum
854 4894 1143 4950 tendebant
1171 4897 1236 4951 ad
1261 4898 1428 4954 littus.
1460 4901 1551 4954 41.
1580 4902 1642 4956 Et
1666 4917 1787 4958 cum

195 4979 521 5039 incidissent
564 4985 616 5038 in
648 4987 824 5040 locum
853 4987 1137 5056 bimarem,
1182 4992 1519 5062 impegerunt
1550 5010 1738 5050 navem
1769 5014 1782 5050 :

196 5082 249 5126 et
275 5090 438 5143 prora
476 5077 691 5146 quidem
724 5079 904 5145 infixa,
956 5083 1205 5137 manebat
1242 5084 1551 5154 immobilis,
1597 5089 1786 5158 puppis

198 5177 326 5220 vero
351 5168 658 5222 solvebatur
679 5185 704 5221 a
729 5170 776 5223 vi
805 5169 1084 5226 fluctuum.
1125 5193 1143 5225 ι

270 5255 322 5310 3.
368 5256 576 5312 Rursus
607 5267 776 5316 tenta:
796 5260 1040 5316 diabolus
1070 5264 1368 5332 prophetia:
1397 5279 1646 5323 eventum
1681 5271 1784 5325 im-

198 5345 697 5412 pedire:volebant
720 5352 980 5421 quosdam
1022 5355 1346 5422 interficere,
1376 5359 1468 5413 sed
1511 5377 1614 5416 non
1658 5379 1778 5432 per-

199 5435 344 5490 misit
385 5441 659 5504 centurio,
706 5451 760 5494 ut
800 5442 1022 5498 Paulum
1067 5457 1342 5502 servaret:
1370 5451 1438 5502 ita
1475 5450 1626 5506 illum
1669 5454 1779 5524 jam

197 5524 472 5596 diligebat.
524 5549 543 5582 ι
574 5533 660 5586 42.
699 5533 923 5588 Militum
970 5545 1145 5591 autem
1192 5540 1475 5594 concilium
1524 5552 1669 5608 erat,
1727 5557 1783 5600 nt

200 5616 406 5676 vinctos
434 5623 760 5690 occiderent,
792 5641 857 5680 ne
885 5626 1004 5695 quis
1029 5639 1252 5684 enatans
1279 5631 1556 5700 effugeret.
1585 5635 1677 5688 45.
1712 5638 1780 5691 At

198 5715 440 5768 centurio
490 5715 670 5770 volens
709 5733 924 5773 scrvare
971 5719 1222 5787 Paulttm,
1265 5739 1448 5780 eorum
1494 5729 1777 5786 consilium

200 5797 496 5872 impedivit,
521 5807 788 5880 jussitqne
812 5827 997 5866 omnes
1035 5815 1125 5882 qui
1152 5825 1335 5872 natare
1367 5830 1606 5888 possent,
1638 5822 1778 5892 abji-

201 5901 319 5947 εει-ο
347 5909 406 5952 se
438 5899 640 5968 primos
664 5943 677 5968 ,
710 5911 764 5958 et
801 5902 854 5958 in
886 5913 1080 5959 terram
1119 5908 1368 5973 evadere.
1417 5915 1506 5970 «Η.
1549 5924 1776 5974 calci-us

1223 484 1288 539 lN
1327 483 1503 539 ACTA
1547 477 2070 536 :‘vPOSTOLOllUll.
2113 478 2344 534 llOlllL.
2388 479 2519 535 λιιι.

3431 485 3536 540 570

1939 601 2116 646 autem
2163 592 2354 661 partim
2403 593 2454 645 in
2498 590 2722 659 tabulis,
2776 593 2971 664 partim
3022 594 3342 665 quibusdam
3382 601 3535 652 navis

1935 683 2268 752 fragmentis.
2307 683 2372 738 Et
2408 682 2487 738 sic
2515 682 2715 738 factum
2758 694 2861 749 est,
2903 695 2960 740 ut
2999 702 3189 742 omnes
3232 688 3531 742 incolumes

1935 773 2224 828 evaderent
2263 775 2314 828 in
2349 784 2566 853 terram.
2595 775 2747 846 (Cap.
2774 774 2894 849 28.)
2934 779 2986 832 ι.
3039 779 3104 833 Et
3149 794 3270 833 cum
3316 781 3526 834 evasis-

1935 874 2074 926 sent,
2117 874 2239 919 tunc
2278 879 2668 936 cognoverunt,
2713 869 2858 938 quod
2885 869 3066 924 Melite
3103 871 3276 925 insula
3307 885 3527 925 vocare.

1935 965 2038 1011 tur.
2071 974 2089 1007 ι
2129 957 2316 1012 Viden‘
2337 967 2592 1028 quantum
2635 961 2834 1014 bonum
2876 977 2941 1016 ex
2973 971 3290 1032 tempestate
3318 979 3519 1017 evene-

1933 1046 2043 1099 rit?
2086 1033 2199 1101 Non
2259 1048 2438 1118 igitur,
2490 1051 2631 1119 quod
2683 1051 2922 1106 derelicti
2975 1064 3192 1120 essent,
3234 1063 3530 1124 tempestas

1931 1137 2146 1190 accidit.
2191 1138 2257 1191 Et
2302 1141 2593 1207 quomodo,
2631 1143 2858 1210 inquies,
2901 1143 3145 1198 ferebant
3177 1144 3370 1213 jejuni,
3404 1160 3526 1198 cum

1933 1227 2132 1280 nullum
2178 1229 2356 1284 cibum
2403 1235 2716 1286 sumerent?
2749 1233 2934 1288 Timor
2979 1236 3196 1290 tenebat
3237 1234 3377 1300 illos,
3427 1249 3529 1288 nee

1929 1316 2136 1371 sinebat
2171 1319 2220 1372 in
2260 1323 2555 1389 appetitum
2599 1323 2701 1376 cibi
2733 1323 2968 1378 incidere
2997 1324 3064 1379 de
3095 1325 3352 1379 extremis
3382 1325 3524 1394 peri-

1928 1405 2227 1461 clitatnros.
2277 1409 2438 1479 Igitur
2467 1412 2607 1481 quod
2641 1411 2836 1467 factum
2887 1424 2990 1480 est,
3034 1430 3062 1468 a
3109 1423 3352 1485 tempore
3382 1413 3522 1469 fuit:

1930 1498 2100 1566 majus
2127 1508 2305 1554 autem
2342 1501 2676 1567 min-mulum,
2712 1505 2849 1572 quod
2885 1506 2971 1558 tali
3011 1515 3252 1574 tempore
3287 1522 3350 1559 ex
3386 1506 3527 1574 peri-

1927 1590 2060 1642 culis
2081 1594 2248 1661 erepti
2280 1594 2406 1657 sint,
2440 1605 2546 1648 tum
2577 1596 2688 1665 ipse
2718 1607 2826 1651 tum
2855 1607 3074 1667 propter
3105 1600 3278 1668 ipsum
3309 1597 3520 1668 reliqui.

1927 1676 1994 1731 Et
2025 1680 2222 1736 sublato
2264 1693 2551 1750 artemone,
2600 1687 2668 1739 ad
2701 1689 2833 1741 venti
2861 1691 3042 1758 ﬂatum
3087 1690 3416 1743 contendebat
3455 1691 3525 1743 ad

1927 1771 2086 1825 littus.
2131 1772 2242 1828 lloc
2285 1775 2439 1840 dixit,
2470 1777 2778 1831 violentiam
2807 1768 3093 1835 ostendere
3120 1781 3326 1846 volens,
3361 1797 3521 1851 quant

1921 1863 2104 1930 jactati
2155 1868 2490 1924 sustinebant
2524 1887 2536 1922 :
2570 1886 2712 1939 smpe
2757 1887 2988 1941 namque
3036 1888 3140 1926 non
3190 1873 3258 1926 ita
3301 1874 3520 1927 faciunt.

1928 1953 2050 2008 Ideo
2083 1957 2424 2014 deduxerunt
2471 1960 2722 2026 carbasa,
2770 1961 2819 2016 id
2852 1972 2969 2033 est,
3013 1964 3130 2017 vela
3179 1964 3334 2033 (cum
3376 1966 3517 2019 enim

1923 2044 2216 2100 vehemens
2246 2059 2434 2103 ventus
2463 2060 2564 2113 est,
2615 2051 2714 2105 hoc
2745 2052 2857 2105 fieri
2890 2052 3084 2123 solet),
3135 2063 3192 2107 ut
3237 2055 3378 2108 venti
3410 2056 3520 2107 vio-

1922 2132 2079 2188 lentia
2127 2138 2469 2205 reprimatur.
2546 2140 2670 2195 [hec
2726 2157 2854 2196 vero
2914 2143 3284 2213 patiuntur'in
3331 2145 3517 2210 Adria,

1924 2223 2011 2277 ubi
2040 2228 2239 2280 servari
2270 2227 2486 2284 difficile
2509 2239 2642 2284 erat.
2674 2230 2897 2286 Eramus
2919 2235 3164 2287 autem'in
3192 2236 3308 2288 navi
3335 2241 3524 2291 animat

1923 2331 2094 2370 omnes
2123 2318 2353 2372 ducenta:
2392 2323 2714 2392 septuaginta
2757 2339 2867 2377 sex.
2900 2323 2966 2378 Et
3009 2325 3151 2380 unde
3193 2327 3368 2396 palam
3410 2343 3441 2383 e
3476 2337 3514 2394 t,

1921 2405 2062 2472 quod
2092 2417 2164 2460 tot
2197 2420 2377 2464 essent
2405 2412 2494 2480 qui
2523 2412 2681 2466 simul
2711 2414 3070 2483 navigabant?
3106 2417 3409 2475 Verisimile
3436 2432 3519 2476 est

1922 2497 2040 2552 illos
2069 2499 2433 2571 interrogasse
2453 2519 2549 2557 cur
2576 2506 2906 2576 navigarent,
2941 2517 2996 2561 et
3028 2508 3282 2565 didicisse
3309 2513 3512 2569 omnia.

1919 2589 2062 2643 Nihil
2091 2591 2195 2646 cibi
2245 2594 2546 2661 sumebant,
2582 2597 2704 2666 quia
2744 2598 2848 2652 cibi
2879 2598 3026 2652 nulla
3053 2615 3180 2653 cura
3227 2611 3342 2656 erat
3387 2617 3515 2658 cum

1921 2697 2023 2737 non
2053 2684 2170 2740 leve
2211 2687 2431 2742 instaret
2475 2690 2793 2757 periculum.
2837 2691 2904 2745 Et
2935 2692 3056 2748 vide
3094 2695 3365 2764 quomodo
3409 2712 3517 2750 non

1920 2775 2248 2830 infructuosa
2302 2779 2660 2849 navigationis
2711 2781 2936 2838 tarditas
2975 2793 3028 2838 et
3069 2784 3518 2854 intempestivitas

1919 2866 2084 2921 Paulo
2115 2868 2294 2933 fuerit,
2325 2871 2418 2926 sed
2457 2873 2600 2927 illam
2644 2875 2696 2928 in
2726 2874 2989 2930 doctrinae
3020 2886 3230 2946 tempus
3269 2879 3513 2936 verterit.

1915 2959 2031 3014 Non
2063 2977 2247 3030 parum
2282 2964 2412 3019 illud
2449 2977 2586 3034 erat,
2637 2969 2679 3022 si
2706 2970 2922 3039 quidem
2950 2971 3002 3025 hi
3033 2987 3222 3028 omnes
3249 2974 3515 3030 credidis-

1915 3060 2056 3106 sent.
2083 3052 2186 3107 Sed
2222 3056 2499 3125 superiora
2530 3069 2853 3128 repetamus.
2887 3061 3055 3117 Multo
3084 3075 3251 3118 autem
3264 3065 3378 3134 jam
3405 3067 3516 3120 ela-

1915 3158 2006 3210 pso
2034 3151 2277 3213 tempore,
2302 3162 2415 3200 cum
2444 3159 2571 3202 esset
2582 3150 2697 3218 jam
2725 3153 3010 3220 periculosa
3037 3157 3310 3225 navigatio,
3335 3159 3516 3213 admo-

1914 3233 2060 3286 nebat
2090 3251 2172 3288 eos
2204 3235 2414 3304 Paulus,
2445 3240 2618 3296 dicens
2641 3258 2660 3295 :
2691 3241 2822 3309 Viri,
2854 3245 2999 3299 video
3018 3248 3156 3317 quod
3175 3265 3290 3301 cum
3320 3250 3514 3320 injuria

1914 3334 1957 3378 et
1983 3324 2171 3381 damno
2199 3331 2376 3400 futura
2405 3333 2468 3385 sit
2491 3334 2765 3400 navigatio.
2799 3335 2936 3391 Vide
2960 3353 3117 3407 quam
3151 3341 3220 3394 sit
3249 3343 3455 3400 alienus
3482 3359 3513 3400 a

1915 3415 2190 3473 fastusne
2230 3422 2550 3489 prophetare
2575 3427 2836 3494 videatur,
2884 3430 2978 3484 sed
3023 3434 3176 3502 quasi
3223 3450 3292 3489 ex
3325 3437 3511 3506 conje-

1911 3515 2059 3561 ctura
2088 3509 2267 3564 dicere
2295 3530 2307 3563 :
2343 3512 2521 3577 Video,
2555 3517 2723 3586 inquit
2751 3536 2763 3572 :
2792 3535 2897 3574 non
2936 3522 3079 3578 enim
3120 3529 3508 3596 suscepissent,

1911 3600 2089 3654 statim
2137 3602 2184 3657 si
2233 3603 2347 3658 hrrc
2399 3606 2643 3662 dixisset.
2694 3609 2849 3664 Prius
2904 3613 3066 3683 igitur
3119 3618 3405 3686 pr0phetat
3456 3631 3512 3675 et

1909 3694 2332 3770 dicit:‘[Deus,
2377 3703 2460 3754 cui
2501 3704 2683 3770 servio,
2732 3705 2992 3762 inducens
3045 3709 3182 3764 illos.
3227 3712 3510 3777 Quomodo

1911 3785 2072 3854 igitur
2101 3787 2217 3842 sine
2234 3789 2440 3858 jactura
2485 3793 2788 3850 animarum
2821 3811 2909 3852 res
2948 3809 3098 3868 gesta
3137 3801 3259 3855 est?
3288 3803 3507 3859 iactura

1909 3876 2044 3930 facta
2085 3889 2230 3933 esset
2273 3880 2372 3934 nisi
2420 3894 2687 3939 servasset
2730 3886 2916 3961 Deus.]
2944 3890 3211 3956 Quantum
3257 3894 3398 3948 enim
3438 3896 3508 3951 ad

1909 3977 2151 4022 naturam
2187 3970 2286 4035 rei,
2315 3986 2502 4026 omnes
2529 3975 2836 4044 periissent,
2878 3979 2974 4034 sed
3017 3982 3158 4037 Deus
3197 3983 3496 4053 impedivit.

1905 4057 2145 4115 Centurio
2198 4074 2387 4126 autem,
2431 4064 2622 4134 inquit,
2673 4068 3002 4137 gubernatori
3043 4075 3205 4145 magis
3259 4077 3502 4146 credidit,

1904 4170 2056 4222 quam
2080 4155 2142 4208 iis
2165 4171 2278 4223 qua:
2295 4153 2335 4209 α’
2355 4155 2524 4213 Paulo
2545 4160 2860 4218 dicebantur.
2887 4164 2955 4219 Ut
2981 4167 3357 4224 ostenderetur
3379 4186 3502 4225 ettnt

1905 4263 2009 4302 non
2039 4263 2105 4303 ex
2142 4250 2448 4320 conjectura
2479 4252 2592 4308 inec
2619 4255 2841 4323 dixisse,
2871 4259 3201 4328 gubernator
3228 4266 3501 4320 contraria

1902 4339 2050 4407 dicit,
2097 4355 2218 4396 cum
2264 4343 2341 4397 rei
2386 4346 2590 4413 peritus
2629 4349 2915 4404 essctzsic
2959 4365 3064 4405 non
3096 4367 3161 4410 ex
3193 4354 3501 4423 conjectura

1903 4431 2017 4487 haec
2042 4432 2376 4488 dicebantur.
2407 4434 2474 4488 Et
2505 4453 2624 4490 cum
2649 4448 2822 4509 aptus,
2857 4441 3049 4510 inquit,
3083 4461 3184 4497 non
3222 4456 3350 4499 esset
3377 4462 3508 4513 pon-

1902 4535 2002 4578 tus.
2047 4524 2202 4590 Vide,
2235 4525 2382 4581 locus
2432 4527 2546 4596 ipse
2593 4528 2752 4584 docet
2796 4531 2884 4585 illa
2935 4547 3040 4587 non
3078 4549 3144 4589 ex
3185 4536 3501 4604 conjectura

1900 4616 2039 4670 dicta
2074 4615 2256 4681 fuisse,
2306 4633 2426 4672 cum
2475 4627 2630 4687 aptus
2676 4635 2782 4675 non
2826 4624 3142 4678 esset:imo
3183 4625 3396 4694 plurimi
3429 4643 3498 4683 ex

1901 4706 2006 4760 illis
2034 4722 2098 4761 ex
2127 4709 2436 4777 conjectura
2469 4709 2672 4781 loquuti
2702 4711 2970 4780 videntur,
2997 4714 3088 4784 qui
3125 4716 3248 4771 inde
3279 4718 3494 4772 solven-

1897 4797 2026 4852 dum
2067 4799 2397 4856 suadebant:
2432 4801 2527 4855 sed
2560 4801 2692 4856 nihil
2741 4804 2869 4873 ipsis
2912 4805 3148 4875 profuit;
3194 4810 3496 4868 inciderunt

1897 4891 2038 4942 enim
2070 4891 2120 4944 in
2151 4900 2544 4959 tempestatem,
2575 4903 2628 4948 et
2654 4894 2915 4964 jacturam
2958 4913 3144 4952 eorum
3182 4917 3301 4970 quae
3331 4903 3497 4959 velte-

1895 4978 2024 5033 bant
2052 4981 2266 5034 faciunt.
2304 4981 2427 5035 Ideo
2460 4982 2574 5038 haec
2601 4985 2668 5036 ita
2691 4985 2931 5040 declarat
2961 4987 3123 5042 :Cum
3151 5002 3317 5044 autem
3347 4995 3493 5047 uehe-

1894 5072 2049 5126 menti
2085 5083 2376 5143 tempestate
2403 5077 2730 5144 iactarentur,
2775 5081 2996 5148 propriis
3046 5083 3278 5137 manibus
3317 5102 3491 5139 arma-

1893 5176 2060 5220 menta
2091 5169 2230 5220 navis
2269 5171 2594 5237 projecimus.
2627 5169 2705 5224 Ne
2732 5172 2954 5240 posthac
2996 5183 3176 5229 essent
3204 5177 3487 5245 increduli,

1896 5261 2008 5314 limc
2038 5261 2148 5314 fieri
2181 5262 2580 5329 permittuntur.
2624 5263 2922 5334 Gravisque
2967 5274 3256 5338 tempestas
3287 5273 3490 5327 excita-

1894 5361 1999 5418 tur,
2039 5353 2328 5422 multchue
2379 5356 2613 5410 tenebrat
2663 5356 2812 5410 fiunt.
2858 5359 3062 5414 Deinde
3113 5378 3178 5416 ne
3223 5368 3482 5434 perirent,

1889 5444 2046 5496 etiam
2089 5445 2322 5498 triticum
2369 5455 2422 5499 et
2461 5446 2640 5499 omnia
2688 5447 3016 5517 ejiciuntur:
3050 5451 3152 5505 hoc
3197 5454 3342 5508 enim
3380 5457 3489 5516 sibi

1890 5538 2000 5589 vult
2059 5535 2220 5598 illud,
2279 5536 2607 5591 Armamenta
2653 5540 2794 5592 navis
2833 5541 3091 5608 ejecimus.
3133 5542 3262 5598 Cum
3312 5559 3483 5602 autem

1885 5622 2046 5676 multa
2097 5627 2268 5680 inedia
2313 5638 2457 5694 esset,
2501 5629 2629 5683 dixit
2685 5629 2934 5687 Paulus:
2965 5634 3245 5703 Oportebat
3290 5655 3481 5698 morem

1941 5804 2085 5867 {loco
2111 5814 2278 5867 eorum
2298 5815 2510 5867 omnium
2546 5818 2658 5867 quae
2690 5810 2883 5857 uncinis
2914 5808 3207 5858 clauduntur
3221 5825 3317 5859 non
3343 5813 3477 5867 aliud

1886 5864 2098 5912 efferunt
2122 5865 2416 5928 nenetlictiui
2441 5867 2530 5914 nisi
2557 5864 2690 5928 illud,
2708 5877 2834 5920 Deus
2857 5872 3076 5924 servavit.
3094 5880 3269 5923 Locum
3286 5864 3476 5928 imitati;

1885 5930 2093 5976 ruvitntts
2117 5939 2143 5975 c
2169 5927 2360 5978 duobus
2393 5931 2537 5982 Codd.
