4056 6488
654 458 747 513 371

652 577 873 633 gerentes
912 566 1032 621 mihi
1076 568 1229 620 vitare
1250 567 1525 637 jacturam.
1562 566 1739 632 Vides,
1785 568 2051 639 quomodo
2100 582 2203 620 non

652 674 833 727 parum
859 658 923 711 ad
963 656 1280 712 audiendum
1320 658 1620 712 conferrent
1650 666 1934 726 tempestas
1976 666 2032 711 et
2058 666 2203 710 tene-

650 748 796 804 brae?
824 748 887 802 Et
910 748 1049 812 vide,
1077 749 1344 818 quomodo
1374 762 1571 802 morem
1596 759 1741 817 gerat
1769 747 2029 813 centurio,
2060 748 2127 801 ita
2154 760 2209 800 ut

649 837 896 907 scapham
936 841 1144 892 amittat
1186 848 1239 893 et
1271 838 1473 907 perdat.
1502 838 1653 903 Quod
1684 840 1727 891 si
1757 847 1929 893 nautae
1971 838 2205 893 nondum

646 926 1005 993 crediderunt,
1035 928 1127 984 sed
1155 939 1355 997 postea,
1386 944 1451 983 ne
1477 928 1720 991 mireris;
1751 928 1850 983 hoc
1878 928 2017 983 enim
2042 943 2207 999 genus

647 1014 919 1072 hominum
949 1018 1186 1086 petulans
1211 1026 1291 1072 est
1319 1026 1371 1072 et
1401 1017 1588 1071 durum
1620 1017 1684 1072 ad
1710 1018 2053 1074 credendum.

718 1102 872 1158 Pauli
901 1107 1186 1175 prudentia.
1214 1136 1285 1146 —
1307 1106 1384 1160 Tu
1415 1121 1539 1162 vero
1580 1108 1739 1162 etiam
1772 1108 1893 1162 hinc
1925 1108 2051 1162 mihi
2095 1123 2208 1178 per-

647 1195 816 1261 pende
855 1195 1001 1251 Pauli
1037 1196 1391 1267 prudentiam.
1438 1197 1619 1268 Neque
1665 1199 1805 1255 enim
1850 1201 2081 1269 increpat
2122 1200 2204 1255 vel

643 1297 1005 1355 exasperatur,
1037 1287 1129 1343 sed
1154 1298 1427 1344 mansuete
1454 1291 1548 1357 ait,
1573 1290 1663 1346 Sic
1682 1293 1959 1361 oportebat.
1993 1292 2206 1353 Sciebat

642 1380 781 1433 enim
811 1379 862 1432 in
889 1379 1191 1435 calamitate
1220 1382 1576 1451 increpantem
1620 1398 1723 1437 non
1752 1398 1869 1438 esse
1898 1394 2200 1453 acceptum;

640 1470 735 1524 sed
754 1482 1029 1540 postquam
1059 1474 1285 1527 maxima
1306 1474 1616 1528 calamitatis
1640 1489 1760 1544 pars
1783 1468 2053 1544 prmteriit,
2081 1485 2205 1530 tunc

640 1574 759 1615 esse
784 1572 1078 1631 acceptum.
1109 1563 1255 1618 Tunc
1287 1580 1412 1634 ergo
1443 1566 1619 1631 instat,
1662 1580 1779 1619 cum
1810 1568 1983 1621 ontnis
2020 1569 2203 1623 salutis

640 1661 762 1716 spes
791 1650 995 1705 sublata
1041 1663 1161 1707 est:
1187 1663 1308 1707 tunc
1351 1654 1494 1707 utilia
1524 1654 1777 1723 praedicit.
1820 1654 1886 1710 Ut
1924 1668 2088 1710 autem
2116 1659 2203 1710 de-

638 1740 768 1793 cima
811 1754 988 1811 quarta
1026 1759 1129 1797 nos:
1172 1746 1403 1812 advenit,
1451 1745 1652 1815 inquit,
1696 1748 1918 1804 timentes
1962 1748 2201 1818 optabant

638 1831 872 1885 advenire
914 1832 1065 1887 diem.
1113 1833 1188 1888 Ne
1216 1835 1337 1904 quis
1365 1834 1566 1891 diceret
1607 1836 1737 1891 nihil
1786 1839 2061 1904 evenisse,
2102 1839 2201 1894 hoc

636 1918 783 1981 dicit.
820 1922 1108 1977 ostendens
1134 1924 1309 1977 omnia
1350 1926 1482 1979 facta
1520 1941 1658 1981 esse.
1686 1928 1835 1993 Quod
1863 1938 2038 1983 autem
2062 1929 2199 1986 facta

637 2008 761 2073 sint,
792 2008 950 2063 timor
970 2011 1198 2065 ostendit
1228 2031 1239 2065 :
1276 2011 1527 2081 Optabant
1553 2018 1703 2080 enim,
1730 2018 1914 2087 inquit,
1949 2021 2079 2073 diem
2107 2021 2198 2074 ad-

635 2098 798 2151 venire
836 2100 1077 2154 timentes.
1122 2102 1188 2156 Et
1228 2103 1372 2158 locus
1414 2104 1644 2161 dil'iicilis
1693 2110 2061 2164 eratzetenim
2105 2128 2199 2180 per

637 2188 848 2242 Adriam
882 2190 995 2245 haec
1037 2193 1349 2264 contingunt
1378 2216 1390 2248 :
1420 2205 1473 2251 et
1500 2207 1614 2252 erat
1640 2213 1823 2269 magna
1856 2199 2064 2254 inedia:
2099 2201 2198 2255 llic

633 2278 851 2334 decimus
875 2283 1078 2351 φαίνεαι
1102 2284 1206 2339 dies
1233 2297 1325 2352 est,
1354 2288 1487 2352 quod
1532 2301 1867 2356 exspectantes
1886 2293 2055 2362 jejuni
2086 2310 2189 2361 per-

634 2374 863 2426 manetis.
895 2372 1033 2444 Ergo
1064 2377 1294 2447 undique
1342 2382 1393 2433 in
1438 2381 1606 2435 media
1651 2395 1821 2440 morte
1862 2397 2045 2439 erant:
2072 2386 2191 2441 ideo

631 2462 828 2528 subdit,
866 2464 1081 2521 Obsecro
1112 2483 1214 2533 vos,
1250 2479 1303 2522 ut
1347 2474 1557 2525 sumatis
1581 2475 1777 2538 cibum;
1807 2475 1906 2529 hoc
1940 2478 2079 2530 enim
2126 2478 2192 2532 ad

632 2564 861 2610 vestram
893 2559 1112 2614 salutem
1141 2560 1326 2626 fuerit;
1362 2562 1460 2617 hoc
1500 2575 1605 2629 est,
1636 2565 1711 2620 Nc
1739 2565 1874 2621 forte
1907 2566 2044 2624 fame
2070 2586 2194 2639 per-

627 2646 790 2711 eatis,
831 2646 1007 2701 cibum
1054 2651 1269 2705 sumite.
1317 2652 1532 2721 Sumpta
1576 2665 1740 2709 autent
1783 2674 1946 2727 pane,
1990 2660 2189 2729 inquit,

627 2737 815 2803 gratias
834 2738 932 2807 egit
957 2736 1083 2794 Deo.

698 2826 751 2878 4.
783 2824 914 2882 Vide
957 2830 1093 2898 quod
1140 2833 1228 2887 ille
1268 2834 1463 2903 gratias
1501 2838 1608 2907 agit
1637 2838 1703 2894 de
1749 2838 1811 2894 iis
1836 2856 1954 2910 qua:
1983 2844 2192 2898 accide-

629 2924 764 2979 rant,
799 2915 898 2970 hoc
922 2934 1024 2971 non
1057 2922 1213 2975 modo
1240 2924 1357 2977 illos
1386 2926 1747 2994 conﬁrmavit,
1775 2932 1869 2985 sed
1896 2934 2050 2985 etiam
2074 2934 2191 2987 ani-

628 3017 742 3055 mos
767 3004 972 3060 indidit.
1008 3007 1241 3076 Eramus,
1275 3013 1456 3083 inquit,
1491 3032 1659 3071 omnes
1679 3021 1862 3074 animo:
1883 3022 1932 3075 in
1954 3023 2069 3076 novi
2089 3023 2187 3075 du-

624 3101 781 3145 centa:
808 3097 1122 3166 septuaginta
1149 3116 1254 3153 sex.
1294 3102 1363 3155 De
1393 3103 1474 3157 his
1507 3104 1732 3171 dicebat,
1773 3108 1985 3163 Iactura
2008 3113 2190 3166 anima:

626 3182 815 3236 nullius
842 3186 933 3238 erit
960 3188 1010 3240 in
1036 3188 1190 3244 vobis.
1220 3190 1330 3246 Hoc
1357 3204 1505 3249 certo
1532 3196 1746 3252 scientis
1772 3209 1855 3253 est
1874 3203 2085 3261 animae.
2116 3204 2188 3257 di-

623 3287 747 3329 cere
780 3277 952 3333 salvos
1001 3279 1205 3336 futuros
1245 3298 1380 3339 esse.
1428 3287 1611 3341 Sotiati
1655 3300 1818 3344 autem
1848 3294 1955 3345 cibo
1980 3293 2188 3348 allevia-

624 3364 740 3418 bant
768 3368 951 3434 navim,
985 3371 1231 3441 ejicientes
1259 3376 1495 3429 triticum.
1530 3377 1751 3435 Viden'?
1777 3383 1840 3435 ad
1868 3386 2185 3440 sumendum

621 3456 795 3511 cibum
822 3463 1203 3527 persuadeatur
1237 3475 1440 3522 tantum
1468 3489 1481 3523 :
1510 3471 1603 3525 scd
1634 3473 1710 3528 sic
1732 3476 1841 3542 jam
1872 3486 2037 3532 totmn
2062 3481 2186 3548 reji-

621 3548 829 3605 ciebant
854 3552 903 3605 iu
937 3553 1176 3620 Paulum,
1208 3558 1275 3611 ita
1320 3569 1376 3614 ut
1401 3571 1453 3615 et
1497 3565 1722 3619 triticum
1754 3567 2025 3636 ejicercnt.
2055 3572 2185 3629 Vide

622 3638 740 3693 illos
785 3641 1010 3698 humana
1064 3646 1334 3714 facientes,
1388 3667 1484 3706 nec
1529 3654 1890 3723 prohibentem
1939 3661 2178 3715 Paulum.

622 3730 837 3797 Quando
859 3745 1025 3789 autem
1050 3738 1157 3791 dies
1182 3742 1303 3807 fuit,
1348 3741 1534 3810 inquit,
1567 3746 1857 3803 laxaverant
1886 3751 2177 3817 juncturas.

618 3820 850 3875 Solvitur
878 3826 1024 3881 navis
1069 3826 1120 3880 in
1150 3828 1255 3893 die,
1301 3846 1365 3883 ne
1406 3832 1479 3885 illi
1520 3844 1660 3888 metu
1700 3837 2094 3897 dissolvantur:
2126 3854 2183 3899 ut

618 3909 798 3965 videas
829 3915 1159 3983 prophetiam
1200 3934 1359 3987 opere
1388 3924 1722 3992 completam.
1769 3928 1991 3984 Militum
2016 3943 2183 3987 autem

615 4002 883 4055 concilium
906 4007 1020 4073 fuit,
1054 4018 1106 4058 ut
1130 4009 1315 4065 vinctos
1336 4015 1628 4069 occiderent.
1661 4018 1835 4086 Vides,
1859 4024 1997 4091 quod
2024 4026 2179 4080 etiam

620 4092 672 4144 in
704 4091 803 4147 hoc
829 4093 992 4150 Paulo
1017 4100 1237 4167 gratiam
1266 4101 1583 4159 habuerint?
1614 4121 1830 4179 propter
1860 4114 2005 4168 illum
2035 4118 2177 4170 enim

616 4186 858 4239 centurio
894 4202 996 4241 non
1042 4194 1279 4258 permisit
1310 4206 1365 4249 ut
1403 4198 1787 4256 occiderentur.
1827 4203 1898 4257 Ita
1944 4206 2070 4261 mihi
2104 4209 2181 4263 vi-

616 4274 809 4329 dentur
836 4277 911 4331 illi
943 4295 1004 4332 es
1035 4283 1280 4339 confesso
1322 4288 1529 4344 scelesti
1560 4292 1740 4359 fuisse,
1788 4297 1858 4349 ita
1905 4309 1958 4352 ut
1986 4301 2181 4356 vellent

617 4364 761 4432 ipsos
780 4368 1063 4424 occidere:
1096 4374 1187 4427 sed
1222 4376 1491 4444 prohibiti,
1523 4397 1625 4436 non
1656 4382 1890 4441 fecerunt
1921 4404 1934 4452 ;
1976 4390 2065 4443 sed
2093 4392 2180 4445 alii

615 4455 827 4522 quidem
856 4468 1119 4529 natarunt,
1151 4465 1236 4518 alii
1272 4467 1319 4520 in
1352 4470 1540 4525 tabulis
1572 4471 1889 4540 ferebantur,
1917 4490 1969 4534 et
1995 4496 2181 4537 omnes

616 4546 685 4600 ita
718 4548 937 4605 salutem
970 4556 1107 4608 nacti
1138 4567 1295 4623 sunt,
1340 4575 1401 4613 ac
1450 4564 1722 4631 prophetia
1768 4567 1925 4623 finem
1957 4576 2175 4641 accepit,

616 4638 826 4693 etiamsi
857 4658 958 4696 non
987 4659 1014 4697 a
1053 4655 1289 4717 tempore
1320 4651 1459 4705 clara
1490 4666 1631 4709 esset
1662 4677 1674 4709 :
1704 4674 1875 4728 neque
1897 4664 2034 4716 enim
2058 4675 2180 4719 ante

618 4728 811 4783 mullos
832 4747 998 4787 annos
1028 4737 1165 4791 illam
1194 4744 1588 4809 praenuntiarat,
1620 4748 1711 4801 sed
1738 4765 1912 4804 rerum
1939 4763 2177 4808 naturam

616 4834 845 4887 sequens
880 4840 891 4874 :
924 4826 1185 4893 insperata
1231 4834 1370 4885 enim
1416 4848 1565 4890 erant
1595 4840 1790 4904 omnia,
1838 4852 1889 4895 et
1934 4859 2029 4913 per
2058 4861 2180 4914 pro-

614 4911 783 4978 priam
816 4913 1040 4968 salutem
1069 4918 1345 4974 discebant
1374 4925 1493 4991 quis
1528 4939 1669 4982 esset
1710 4911 1945 4987 Paulus;
1968 4911 2073 4988 Sed
2099 4936 2181 4990 di-

615 5005 752 5057 xerit
780 5008 1058 5077 quispiam,
1103 5008 1207 5064 Cur
1255 5028 1358 5067 non
1400 5015 1556 5069 etiam
1598 5021 1768 5073 navim
1809 5027 2076 5080 servavit?
2109 5028 2178 5083 Ut

614 5094 882 5149 discerent
922 5109 1171 5166 quantum
1211 5103 1501 5171 periculum
1535 5110 1800 5163 evaserint
1837 5130 1849 5165 :
1889 5117 2025 5183 quod
2071 5133 2175 5173 non

616 5183 827 5237 humani
852 5186 1030 5240 auxilii
1065 5196 1227 5243 totum
1256 5204 1415 5257 esset,
1446 5196 1539 5250 sed
1573 5197 1662 5252 Dei
1692 5216 1877 5255 manus
1903 5205 2016 5259 sine
2045 5223 2179 5265 nave

614 5275 894 5327 servantis.
923 5277 1245 5346 ltaquejusti
1280 5284 1379 5337 etsi
1411 5285 1461 5337 in
1499 5295 1810 5357 tempestate
1836 5294 1961 5358 sint,
1994 5299 2092 5351 etsi
2124 5301 2174 5354 in

615 5362 745 5415 mari
774 5364 851 5417 vel
881 5367 929 5418 in
960 5369 1165 5437 pelago,
1186 5370 1312 5424 nihil
1336 5388 1499 5441 grave
1527 5378 1811 5447 patiuntur,
1836 5384 1941 5439 imo
1971 5397 2022 5440 et
2044 5391 2178 5447 alios

614 5465 792 5505 secum
833 5468 1062 5512 servant.
1114 5461 1167 5513 Si
1213 5463 1330 5515 navi
1374 5466 1704 5531 periclitante
1750 5482 1803 5526 et
1844 5478 2171 5547 nauiragiuu

614 5556 767 5610 passa
811 5546 966 5600 vincti
1009 5564 1036 5601 a
1069 5550 1229 5604 Paulo
1274 5556 1472 5607 servati
1520 5566 1640 5610 sunt
1674 5576 1685 5610 :
1716 5564 1904 5630 cogita,
1947 5546 2070 5636 quid
2109 5574 2178 5625 sit

614 5636 779 5688 virum
826 5647 1065 5692 sanctum
1099 5640 1293 5697 habere
1336 5644 1477 5699 domi
1513 5664 1524 5699 :
1562 5652 1736 5705 multm
1781 5671 2003 5727 namque
2045 5672 2176 5718 tem-

615 5734 846 5790 pestates
874 5744 969 5782 nos
990 5730 1188 5798 jactant
1209 5774 1222 5797 ,
1252 5744 1305 5787 et
1334 5736 1413 5790 his
1443 5738 1595 5807 longe
1627 5746 1926 5813 graviores;
1956 5754 2046 5807 sed
2081 5773 2174 5824 po-

613 5825 717 5871 test
742 5818 875 5874 Deus
897 5829 945 5875 et
972 5836 1067 5877 nos
1095 5838 1326 5893 servare,
1349 5828 1503 5884 modo
1522 5833 1801 5892 credamus
1822 5844 2016 5898 sanctis
2038 5818 2173 5907 sicut

1327 453 1382 511 S.
1421 450 1693 509 JOANNIS
1727 450 2185 507 CllBYSOSTOMi
2227 450 2539 508 ARCillEP.
2583 454 3110 516 CONSTANTINOP.

3798 464 3896 519 ετξ

2308 590 2406 657 illi,
2455 588 2498 645 si
2543 588 2798 646 faciamus
2841 610 2960 660 qua:
3006 595 3077 648 illi
3121 596 3452 665 prmcipiunt.
3487 593 3689 666 Neque
3742 613 3881 653 enim

2307 681 2619 751 simpliciter
2641 693 2937 749 servantur,
2968 685 3061 740 sed
3083 687 3243 742 etiam
3272 688 3367 758 ipsi
3392 687 3546 743 [idem
3568 691 3881 747 attulerunt.

2310 770 2529 826 Etiamsi
2562 773 2766 827 vinctus
2807 774 2876 828 sit
2915 786 3152 842 sanctus,
3183 778 3381 848 majora
3420 790 3693 849 operatur,
3727 797 3887 851 quam

2310 860 2342 913 ii
2375 862 2460 929 qui
2489 862 2646 917 soluti
2673 873 2814 918 sunt.
2851 864 2915 918 Et
2938 865 3039 920 hoc
3067 869 3345 923 considera
3378 872 3462 924 hic
3488 869 3684 925 factum
3714 876 3757 925 ⁸.
3792 873 3892 929 So.

2308 952 2447 1007 intus
2474 956 2715 1009 centurio
2748 957 2922 1011 vincto
2960 958 3051 1011 illo
3079 959 3305 1014 habebat
3343 976 3517 1031 opus:
3554 963 3889 1032 gubernator

2308 1044 2507 1112 peritus
2550 1060 2637 1110 eo,
2684 1046 2772 1115 qui
2819 1063 2922 1102 non
2967 1049 3288 1119 gubernator
3334 1063 3469 1120 erat,
3513 1054 3739 1123 egebat;
3782 1056 3889 1111 imo

2306 1148 2434 1188 vero
2455 1135 2829 1205 gubernatore.
2863 1138 2977 1193 Non
3022 1142 3165 1195 enim
3194 1142 3349 1197 talem
3390 1146 3644 1214 scapham
3684 1148 3885 1219 guber-

2308 1224 2485 1290 nabat,
2530 1225 2625 1280 sed
2671 1228 2817 1284 orbis
2860 1230 3172 1297 Ecclesiam,
3221 1234 3290 1287 ab
3332 1234 3423 1289 illo
3462 1238 3686 1293 edoctus
3714 1242 3887 1310 quiet

2305 1317 2467 1370 maris
2495 1316 2741 1372 dominus
2781 1328 2884 1382 est,
2916 1338 3020 1375 non
3049 1322 3277 1399 humana
3319 1335 3451 1390 arte,
3495 1328 3586 1382 sed
3633 1340 3691 1385 et
3728 1332 3885 1400 spiri-

2306 1407 2433 1460 tuali
2458 1409 2733 1478 sapientia.
2768 1409 2821 1464 In
2850 1410 2948 1465 bac
2974 1415 3170 1483 scapha
3198 1402 3361 1470 multa
3408 1419 3704 1491 naufragia,
3734 1424 3884 1478 multi

2304 1496 2515 1564 ﬂuctus,
2546 1499 2764 1567 spiritus
2806 1504 3075 1572 nequitias,
3106 1503 3257 1560 Intus
3294 1524 3495 1578 pugna,
3525 1512 3652 1581 foris
3681 1513 3884 1568 timores

2305 1587 2377 1657 (Ξ.
2408 1588 2526 1643 Cor.
2550 1591 2602 1644 7.
2630 1591 2708 1659 5).
2740 1590 2922 1662 Itaque
2950 1610 3073 1649 vere
3098 1596 3425 1666 gubernator
3453 1599 3541 1655 ille
3574 1611 3713 1656 erat.
3751 1602 3883 1660 Vide

2302 1689 2479 1733 autem
2508 1689 2669 1735 totam
2712 1682 2872 1738 vitam
2902 1695 3162 1753 nostram,
3191 1691 3459 1758 quomodo
3487 1693 3607 1747 talis
3634 1695 3728 1749 sit.
3762 1696 3879 1751 Ali-

2301 1770 2512 1837 quando
2539 1774 2681 1826 enim
2726 1773 3007 1830 clementia
3055 1776 3298 1845 fruimur,
3343 1782 3628 1851 aliquando
3669 1797 3875 1856 tempe-

2302 1868 2438 1913 atate
2455 1860 2756 1929 jactamur;
2798 1863 2959 1920 modo
3001 1866 3070 1920 ob
3111 1868 3610 1928 inconsiderantiam
3648 1884 3703 1931 et
3733 1878 3880 1946 igna-

2301 1949 2437 2002 viam
2479 1950 2529 2003 in
2573 1951 2720 2007 mille
2766 1955 2901 2008 mala
2943 1955 3265 2012 incidimus:
3296 1960 3403 2015 imo
3451 1960 3552 2018 hoc
3580 1967 3750 2035 magis
3797 1968 3870 2033 tit,

2298 2042 2421 2107 quia
2453 2042 2669 2097 Paulum
2698 2060 2802 2099 non
2828 2046 3091 2115 audimus,
3120 2050 3208 2105 ubi
3234 2049 3545 2108 festinamus
3571 2056 3750 2127 aliquo
3776 2060 3872 2125 ire,

2297 2146 2401 2199 quo
2431 2132 2521 2187 ille
2550 2149 2657 2189 non
2682 2134 2854 2205 jubet.
2885 2136 3171 2194 Nobiscum
3196 2144 3337 2197 enim
3364 2144 3524 2199 etiam
3554 2161 3694 2202 nunc
3722 2151 3875 2203 navi-

2296 2229 2403 2288 gat,
2437 2221 2532 2276 sed
2577 2238 2683 2277 non
2731 2234 2788 2279 ut
2833 2235 2955 2281 tunc
2981 2228 3228 2285 vinctus:
3259 2232 3502 2288 hortatur
3538 2236 3700 2290 etiam
3733 2254 3876 2295 nunc

2297 2327 2409 2375 eos,
2440 2315 2530 2383 qui
2571 2315 2622 2368 in
2673 2316 2775 2371 hoc
2823 2320 2953 2373 mari
3001 2322 3277 2391 navigant,
3309 2324 3585 2396 dicitque:
3623 2329 3876 2387 Attendite

2297 2403 2431 2455 vobis
2461 2404 2584 2471 ipsis
2611 2421 2631 2459 :
2676 2407 3021 2475 ingredientur
3065 2415 3197 2467 enim
3238 2425 3350 2484 post
3388 2418 3660 2473 discessum
3709 2438 3873 2476 meum

2294 2489 2403 2557 lupi
2426 2510 2599 2562 graves
2625 2497 2675 2549 in
2702 2499 2835 2554 vobis
2856 2500 2989 2570 (Act.
3030 2502 3119 2557 20.
3157 2504 3246 2559 28.
3274 2505 3390 2575 29);
3419 2516 3471 2562 et
3516 2525 3729 2565 rursum
3760 2530 3774 2565 :
3805 2511 3872 2567 In

2294 2586 2572 2640 novissimis
2619 2593 2923 2659 temporibus
2982 2596 3233 2650 instabunt
3288 2608 3513 2668 tempora
3562 2604 3773 2671 gravia,
3825 2616 3872 2659 et

2294 2682 2437 2725 erunt
2470 2674 2694 2731 homines
2732 2680 2807 2733 sui
2837 2692 3089 2750 amantes,
3123 2686 3299 2751 avari,
3328 2700 3626 2758 arrogantes
3648 2691 3707 2763 (Ξ
3736 2691 3865 2747 Tim.

2292 2761 2347 2815 ὅ.
2382 2764 2401 2817 i
2417 2801 2431 2816 .
2462 2764 2539 2834 Ξ).
2571 2766 2665 2821 Hic
2688 2770 2829 2823 enim
2856 2772 3090 2827 omnium
3115 2776 3458 2844 gravissimus
3482 2761 3702 2850 spiritus
3728 2793 3829 2839 est.

2362 2855 2415 2909 5.
2448 2854 2603 2911 Fides
2628 2867 2761 2913 tutus
2786 2864 3364 2931 portus.-—Maueamus
3382 2870 3536 2940 igitur
3560 2873 3648 2927 ubi
3678 2875 3766 2931 ille
3778 2878 3867 2945 jn-

2292 2942 2399 3005 bet.
2434 2947 2486 3001 in
2518 2948 2641 3016 lide,
2689 2951 2740 3004 in
2774 2962 2887 3008 tuto
2916 2966 3070 3023 portu
3101 2975 3113 3009 :
3144 2958 3317 3028 ipsum
3349 2964 3517 3033 magis
3558 2942 3863 3033 audiamus.

2289 3050 2445 3103 qnam
2486 3038 2892 3107 gubernatorem
2931 3047 3019 3114 qui
3061 3057 3143 3102 est
3173 3050 3224 3103 iu
3268 3051 3443 3119 nobis,
3494 3057 3755 3112 rationem
3789 3060 3867 3115 in-

2290 3141 2466 3194 quam.
2498 3128 2575 3183 Ne
2619 3130 2872 3188 faciamus
2913 3149 2975 3189 ea
3017 3152 3135 3206 quae
3175 3138 3263 3195 hic
3303 3128 3560 3213 suggerit,
3607 3162 3706 3202 nec
3747 3164 3866 3218 qua:

2288 3218 2589 3283 nauclerus,
2636 3220 2729 3275 sed
2780 3238 2897 3291 quae
2936 3224 3131 3282 Paulus
3162 3246 3176 3279 :
3207 3230 3402 3286 multas
3453 3234 3656 3292 similes
3703 3240 3866 3295 subiit

2290 3316 2652 3376 tempestates.
2701 3312 2777 3367 Ne
2826 3318 3150 3386 experientia
3218 3321 3527 3392 discamus;
3584 3330 3681 3385 sed
3742 3343 3864 3390 ante

2285 3400 2671 3467 experientiam
2704 3405 2926 3462 vitemus
2947 3418 3000 3463 et
3044 3410 3290 3479 injuriam
3321 3423 3374 3469 et
3396 3416 3690 3484 jacturam.
3723 3423 3861 3479 Audi

2285 3489 2409 3555 quid
2436 3488 2578 3544 dicat
2612 3510 2623 3544 :
2658 3494 2757 3558 Qui
2786 3495 2960 3550 volunt
2986 3500 3161 3553 divites
3185 3502 3317 3569 ﬁeri,
3347 3505 3576 3561 incidunt
3608 3509 3666 3562 in
3697 3521 3862 3565 tenta-

2284 3581 2467 3634 tionem
2498 3582 2573 3653 (l.
2609 3583 2736 3638 Tim.
2774 3588 2823 3641 6.
2858 3588 2937 3658 9).
2975 3589 3269 3648 Credamus
3312 3611 3441 3666 ergo
3469 3599 3516 3653 ei
3550 3618 3563 3653 :
3593 3616 3715 3656 nam
3742 3602 3864 3659 vide

2283 3673 2408 3739 quid
2448 3674 2699 3731 acciderit
2744 3679 2826 3743 iis,
2871 3680 2959 3750 qui
3000 3697 3104 3736 non
3134 3684 3494 3744 crediderunt.
3538 3691 3602 3745 Et
3647 3709 3859 3749 rursum

2283 3763 2407 3818 alibi
2445 3765 2589 3833 dicit,
2633 3769 2759 3838 quid
2806 3772 3075 3842 naufragia
3117 3777 3342 3843 pariant.
3380 3780 3479 3846 Qui
3517 3786 3859 3856 nauis-ngare-

2282 3864 2398 3907 runt
2423 3856 2555 3910 circa
2582 3859 2731 3924 ﬁdem
2763 3862 2781 3930 (
2816 3859 2899 3914 Id.
2953 3864 3005 3918 1.
3057 3864 3123 3919 i9
3149 3865 3193 3935 ),
3224 3868 3413 3938 inquit.
3436 3871 3513 3926 Tu
3544 3889 3673 3929 vero
3703 3892 3859 3935 mane

2284 3946 2335 3999 in
2367 3948 2450 4010 iis,
2483 3965 2602 4018 qua:
2647 3951 2875 4007 didicisti
2907 3961 2959 4009 et
2998 3956 3287 4013 credidisti.
3320 3959 3610 4019 Credamus
3652 3967 3854 4025 Paulo:

2283 4038 2405 4092 licet
2436 4040 2486 4092 in
2518 4041 2688 4096 media
2719 4050 3033 4113 tempestate
3072 4048 3257 4115 simus,
3301 4066 3519 4107 omnino
3545 4071 3575 4109 a
3604 4060 3855 4125 periculis

2283 4126 2658 4194 liberabimur;
2705 4135 2911 4190 etiamsi
2972 4140 3371 4207 quatuordecim
3436 4144 3625 4201 diebus
3688 4149 3855 4219 jejuni

2282 4222 2653 4289 manserimus,
2683 4226 2782 4279 etsi
2812 4242 2933 4296 spes
2968 4230 3153 4283 salutis
3180 4232 3460 4300 exciderit,
3496 4238 3593 4291 etsi
3626 4238 3681 4293 in
3710 4252 3854 4298 tene-

2284 4310 2391 4364 bris
2414 4320 2466 4365 et
2509 4314 2732 4382 caligine
2764 4332 3060 4384 versemur,
3108 4322 3386 4379 credentes
3432 4327 3479 4381 ei
3525 4342 3554 4379 a
3603 4331 3854 4397 periculis

2283 4399 2647 4457 liberabimur.
2674 4404 2858 4460 Navim
2887 4423 3005 4463 esse
3032 4420 3273 4479 putemus
3301 4425 3465 4471 totum
3491 4419 3699 4486 orbem,
3727 4431 3782 4478 et
3803 4425 3852 4479 in

2284 4490 2368 4544 illa
2400 4492 2671 4562 improbos
2705 4506 2758 4550 et
2785 4502 3047 4554 sexcentis
3081 4501 3290 4573 ﬂagitiis
3320 4507 3608 4578 obnoxios;
3636 4523 3692 4569 et
3722 4517 3855 4573 alios

2282 4583 2492 4651 quidem
2524 4587 2806 4657 principes.
2840 4591 2974 4647 alios
3012 4608 3136 4649 vero
3162 4598 3432 4662 custodes,
3480 4603 3613 4658 alios
3653 4606 3849 4678 justas,

2284 4681 2338 4725 ut
2370 4673 2583 4741 Paulus,
2611 4678 2743 4732 alios
2770 4680 2973 4737 vinctos
2999 4693 3052 4738 et
3098 4691 3327 4754 peccatis
3356 4673 3677 4750 constrictos
3707 4716 3721 4752 :
3750 4700 3852 4753 ita-

2281 4779 2381 4831 que
2426 4767 2469 4819 si
2514 4766 2675 4823 Paulo
2718 4771 3018 4837 credamus,
3061 4790 3166 4830 non
3210 4780 3369 4833 vincti
3402 4783 3711 4852 peribimus,
3759 4792 3855 4845 sed

2282 4856 2590 4913 solvemur:
2637 4876 2732 4915 nos
2774 4878 2983 4932 quoque
3016 4865 3087 4917 illi
3131 4866 3349 4923 donabit
3392 4871 3549 4928 Deus.
3580 4876 3662 4931 An
3692 4894 3857 4950 negas

2283 4958 2495 5016 peccata
2528 4959 2579 5004 et
2619 4950 2837 5007 allectus
2881 4969 3043 5025 grave
3091 4957 3359 5016 vinculum
3387 4978 3503 5019 esse
3526 4968 3548 5018 ?
3574 4984 3678 5024 non
3709 4976 3852 5029 enim

2282 5038 2410 5091 sola:
2448 5055 2634 5095 manus
2666 5042 2855 5096 vincta:
2882 5054 3026 5109 sunt,
3072 5050 3163 5103 sed
3199 5060 3340 5108 totus
3375 5053 3552 5111 homo.
3590 5060 3682 5114 Dic
3707 5064 3851 5119 enim

2283 5128 2431 5194 mihi,
2462 5131 2503 5183 si
2533 5134 2650 5200 quis
2693 5134 2884 5189 multas
2930 5140 3180 5206 pecunias
3212 5146 3490 5211 possidens
3533 5166 3638 5204 non
3668 5167 3857 5223 eroget

2282 5220 2363 5273 vel
2414 5224 2695 5290 expendat,
2755 5226 2847 5280 sed
2901 5230 3171 5287 retineat:
3206 5250 3383 5292 nonne
3434 5242 3649 5309 gravius
3693 5260 3855 5315 quam

2280 5310 2484 5367 vinctus
2514 5316 2687 5382 quivis
2720 5318 3041 5383 parcimonia
3082 5322 3349 5382 insolubili
3379 5330 3590 5387 vinculo
3618 5334 3856 5405 ligatur?

2281 5402 2436 5469 Quid,
2470 5406 2511 5457 si
2540 5408 2658 5475 quis
2681 5408 2786 5461 lato
2828 5425 2885 5463 se
2911 5413 3171 5481 subjiciat,
3202 5432 3379 5473 nonne
3410 5422 3495 5475 hic
3520 5425 3637 5481 aliis
3659 5402 3857 5499 ligatus

2280 5503 2360 5547 est
2387 5496 2609 5550 vinculis
2631 5500 2652 5551 ?
2674 5499 2819 5568 quid,
2849 5502 2891 5555 si
2933 5504 3434 5565 observationibus?
3459 5514 3605 5583 quid,
3635 5519 3680 5571 si
3704 5496 3854 5591 sym-

2282 5586 2445 5639 holis?
2474 5603 2647 5643 nonne
2676 5591 2787 5643 lucc
2827 5593 2971 5648 omni
3000 5595 3212 5649 vinculo
3241 5610 3363 5653 sunt
3391 5605 3672 5671 graviora?
3697 5613 3851 5679 quid.

2277 5677 2320 5729 si
2353 5678 2593 5734 absurda:
2625 5682 2831 5735 cuidam
2872 5688 3317 5755 concupiscentia:
3363 5693 3444 5747 vel
3486 5700 3695 5753 amori?
3721 5702 3853 5771 Quis

2342 5860 2355 5889 ¹
2384 5858 2523 5918 illud,
2549 5867 2591 5909 ct
2615 5860 2699 5909 hoc
2724 5862 2971 5915 considera
2992 5863 3069 5918 llic
3090 5868 3289 5932 factum,
3307 5870 3449 5924 deest
3473 5874 3519 5924 in
3544 5875 3848 5938 quibusdam.
