4056 6500
201 408 310 464 5‘"

203 525 375 578 τοῦτο
403 520 513 593 γάρ
544 520 681 585 ἐστι,
716 519 838 587 Τὴν
869 514 1104 581 σκευὴν
1137 509 1243 565 τοῦ
1283 509 1504 593 πλοίου
1536 506 1884 593 ἑῤῥίψαλιεν.

206 591 575 677 Πολλῆςνδὲ
619 608 856 672 ἀσιτίας
903 601 1322 670 ὑπαρχούσης,
1373 592 1592 649 εἶπενό
1621 591 1884 656 Παῦλος·

211 699 386 754 Ἔδει
427 690 951 765 πειθαρχήσαντάς
993 706 1097 758 μοι
1144 683 1432 754 κερδῆσαι
1482 681 1600 749 τὴν
1652 679 1884 747 ζημίαν.

207 783 392 850 Εῐδες,
426 786 544 848 πῶς
567 786 627 837 οὐ
660 781 832 853 μικρὰ
859 779 996 850 πρὸς
1019 777 1120 848 τήν
1143 775 1408 846 ἀκρόασιν
1438 769 1766 824 συνεϐάλετο
1794 767 1888 818 καὶ

206 875 241 928 δ
268 873 477 946 χειμὼν
502 873 596 926 καὶ
622 871 682 923 τὸ
705 867 929 930 σκότο;;
963 864 1070 916 Καὶ
1121 864 1222 934 δρα
1255 859 1370 924 πῶς
1424 856 1672 911 πείθεται
1756 853 1892 946 ἐκα-

208 941 530 1032 τδνταρχος,
561 958 699 1011 ὥστε
738 955 831 1009 καὶ
851 954 950 1023 τὴν
984 952 1199 1022 σκάφην
1227 951 1446 1020 ἀφεῖναι
1475 946 1572 999 καὶ
1601 941 1886 1032 ἀπολέσαι.

211 1050 280 1102 Εἰ
313 1029 449 1104 διὀῐ
467 1047 654 1102 ναῦται
699 1043 910 1097 οὐδέπω
956 1040 1310 1111 ἐπείσθησαν,
1343 1037 1472 1092 ἀλλ’
1499 1033 1726 1102 ὕστερον
1772 1029 1891 1080 πεί-

211 1137 425 1197 θονται,
469 1135 543 1206 μή
568 1133 860 1204 θαυμάσῃς
892 1148 904 1161 -
938 1131 1029 1185 καὶ
1054 1131 1163 1200 γὰρ
1192 1128 1251 1181 τὸ
1269 1126 1426 1194 γένος
1453 1124 1514 1177 τὸ
1541 1121 1745 1175 τούτων
1779 1120 1892 1171 ἰτα-

149 1277 162 1291 ε
212 1222 326 1293 μόν
362 1221 478 1284 πώς
509 1222 624 1273 ἐστι
649 1221 741 1273 καὶ
764 1217 997 1287 σκληρὸν
1030 1216 1165 1285 πρὸς
1190 1214 1250 1265 τὸ
1276 1209 1584 1264 πείθεσθαι.

287 1308 364 1360 Σὺ
393 1306 448 1360 δέ
489 1324 577 1377 μοι
609 1306 798 1360 σκόπει
826 1307 923 1374 τὴν
957 1304 1174 1356 σύνεσιν
1204 1299 1299 1353 καὶ
1331 1296 1582 1353 ἐντεῦθεν
1612 1292 1710 1347 τοῦ
1744 1289 1892 1347 Παύ-

201 1393 334 1446 λου.
364 1394 440 1447 Οὑ
465 1394 573 1466 γάρ
595 1393 820 1462 ἐπιτιμᾷ
846 1389 938 1444 καὶ
960 1387 1308 1458 τραχύνεται,
1343 1383 1471 1438 ἀλλ’
1503 1382 1746 1454 ἡμέρως,
1783 1378 1894 1432 Οὗ-

200 1495 335 1544 τως
363 1480 504 1543 ἔδει,
540 1480 725 1550 φησίν.
762 1478 916 1548 ᾜδει
945 1480 1074 1548 γάρ,
1108 1477 1191 1529 ὅτι
1240 1475 1342 1528 οὑκ
1385 1473 1532 1526 ἐστιν
1586 1468 1894 1539 εὑπαράδε-

198 1581 349 1630 810;
373 1567 619 1635 ἐγκαλῶν
650 1583 735 1629 τις
761 1566 818 1618 ἐν
873 1565 1150 1635 συμφορᾷ,
1177 1561 1304 1615 ἀλλ’
1327 1561 1455 1614 ὅταν
1485 1559 1578 1612 καὶ
1601 1558 1671 1610 τὰ
1723 1553 1894 1610 πλείο-

197 1671 286 1706 να
315 1655 635 1735 παρατρέχῃ
664 1657 764 1724 τῆς
809 1654 1113 1723 συμφορᾶς,
1145 1650 1264 1702 τότε
1297 1643 1894 1735 εὑπαράδεκτοςῌγίνε-

196 1758 330 1795 ται.
365 1742 499 1795 Τότε
540 1729 720 1794 τοίνυν
756 1739 1080 1800 ἐπιτίθεται,
1118 1737 1207 1789 ὅτε
1238 1736 1388 1789 πᾶσα
1421 1733 1626 1803 ήέλπὶς
1658 1729 1752 1784 τοῦ
1787 1746 1893 1782 σω-

198 1829 379 1900 θῆναι
408 1829 708 1901 περιῃρέθη
734 1844 748 1859 ·
783 1828 902 1882 τότε
935 1825 1028 1880 καί
1051 1825 1117 1879 τὰ
1146 1823 1356 1895 χρηστά
1385 1820 1664 1892 προλέγει.
1711 1820 1807 1884 Ὠς
1827 1818 1895 1871 δὲ

195 1914 845 1985 τεσσαρεσκαιδεκάτη
877 1913 995 1977 νὺξ
1041 1912 1299 1981 ἐγένετο,
1353 1909 1508 1980 φησὶ,
1534 1906 1894 1976 φοϐούμενοι

194 2003 484 2071 ηὔχοντο
511 2001 741 2070 ἡμέραν
758 2000 1054 2070 γενέσθαι.
1092 1998 1210 2050 Ἵνα
1255 1997 1329 2066 μή
1362 2012 1446 2058 τις
1484 1994 1638 2067 εἴπῃ,
1667 1994 1749 2046 ὅτι
1805 1992 1895 2044 οὑ-

191 2091 306 2144 δὶν
334 2088 546 2159 γέγονε,
593 2087 751 2141 τοῦτο
804 2086 1074 2156 ἐπήγαγε,
1132 2082 1346 2147 δεικνὺς
1385 2082 1560 2136 πάντα
1610 2079 1891 2149 γεγονότα.

197 2179 348 2232 ὀτι
370 2175 427 2228 δέ
457 2175 647 2243 γέγονε
671 2213 684 2236 ,
723 2175 816 2227 καὶ
844 2175 872 2225 ό
908 2171 1071 2241 φόϐος
1102 2170 1372 2241 μαρτυρεῖ
1409 2186 1421 2199 ο
1457 2167 1730 2234 Ηῦχοντο
1762 2164 1891 2233 γὰρ,

201 2264 416 2335 φησιν,
447 2261 676 2331 ἡμέραν
709 2261 988 2330 γενέσθαι
1019 2259 1396 2327 φοϐούμενοι.
1431 2254 1540 2307 Καὶ
1562 2255 1590 2306 δ
1617 2253 1781 2314 τόπος
1804 2269 1896 2322 χα-

192 2352 386 2413 λεπός
414 2366 428 2380 ο
459 2348 602 2402 κατά
644 2347 752 2418 γὰρ
806 2346 896 2400 τὸν
931 2345 1145 2415 ’Δδρίαν
1165 2343 1341 2396 ταῦτα
1364 2340 1656 2411 συμϐαίνει
1691 2353 1711 2374 ·
1752 2355 1766 2369 ·
1798 2338 1894 2391 καὶ

195 2441 242 2509 ἡ
286 2437 479 2493 ἀσιτία
510 2437 545 2508 ή
571 2435 740 2506 πολλή
793 2449 808 2466 ο
869 2429 1543 2500 Τεσσαρεσκαιδεκάτην
1569 2426 1678 2498 γάρ
1710 2425 1898 2494 σήμε-

188 2538 332 2592 ρον
353 2523 582 2590 ἡμέραν
630 2518 1084 2589 προσδοκῶντες
1124 2518 1319 2571 ἄσιτοι
1351 2513 1696 2568 διατελεῖτε.
1729 2512 1895 2564 Ὥστε

199 2608 276 2674 ἐξ
314 2609 573 2661 ἁπάντων
609 2609 667 2660 ἐν
705 2609 854 2678 μέσῳ
895 2601 1035 2676 ἦσαν
1081 2604 1312 2658 θανάτου
1348 2619 1361 2632 ·
1399 2601 1480 2654 διὸ
1523 2600 1618 2654 καὶ
1651 2599 1846 2667 ἐπάγει
1878 2614 1890 2626 ⁸

195 2691 556 2762 Παρακαλῶ
579 2691 732 2761 ὑμᾶς
753 2691 1118 2759 προσλαϐεῖν
1147 2687 1392 2758 τροφῆς.
1419 2685 1591 2740 Τοῦτο
1625 2686 1734 2756 γὰρ
1759 2684 1897 2756 πρὸς

197 2781 320 2852 τῆς
367 2779 638 2850 ὑμετέρας
692 2777 964 2849 σωτηρίας
1011 2777 1246 2847 ὑπάρχει
1282 2792 1295 2804 ο
1330 2775 1596 2837 τουτέστι,
1629 2773 1720 2843 Μή
1767 2789 1896 2824 ποτε

195 2866 370 2936 λιμῷ
397 2864 750 2935 διαφθαρῆτε,
773 2864 979 2934 τροφῆς
999 2861 1352 2932 μεταλάεετε.
1374 2858 1584 2915 Λαϐὼν
1603 2858 1672 2912 δὲ
1691 2858 1894 2926 άρτον,

197 2953 412 3024 φησὶν,
443 2951 850 3020 εὐχαρίστησε
875 2949 954 3012 τῷ
992 2948 1133 3013 Θεῷ.

278 3040 356 3093 δν.
400 3039 565 3108 Ὅρα,
583 3037 645 3089 τὸ
666 3035 1062 3107 εὑχαριστῆσαι
1085 3034 1248 3087 αὑτὸν
1271 3034 1363 3087 ἐπὶ
1384 3035 1496 3096 τοῖς
1511 3031 1898 3102 γεγενημένοις

197 3128 273 3181 οὑ
308 3126 474 3196 μόνον
504 3124 700 3186 αὑτοὺς
747 3123 1086 3193 ἐπέρρωσεν,
1141 3121 1278 3174 ἀλλά
1309 3122 1400 3173 καὶ
1432 3120 1703 3189 εὑθύμους
1729 3120 1890 3174 ποιεῖ.

197 3210 408 3282 Ἦμεν
429 3209 516 3271 δὲ,
545 3209 698 3278 φησὶ,
730 3207 920 3262 πᾶσαι
941 3211 1000 3260 αι
1022 3208 1211 3276 ψυχαί
1236 3207 1305 3260 ἐν
1345 3205 1426 3272 τῷ
1465 3207 1659 3269 πλοίῳ
1694 3205 1894 3258 διακό-

200 3310 354 3347 σιαι
375 3290 880 3360 ἐϐδομηκονταέξ.
915 3291 1048 3359 Περὶ¹
1099 3289 1306 3343 τούτων
1337 3290 1557 3356 ἔλεγεν·
1602 3289 1894 3357 Ἀποϐολὴ

199 3372 435 3445 ψυχῆς
461 3371 706 3441 οὐδεμία
739 3371 909 3425 ἔσται
933 3373 1002 3436 ἐξ
1033 3371 1220 3441 ὑμῶν.
1270 3371 1418 3442 [ιοε]
1459 3371 1629 3424 Τοῦτο
1684 3371 1897 3442 πεπλη-

201 3459 609 3536 ροφορημένης
631 3459 828 3528 ψυχῆς,
869 3461 930 3512 τὸ
959 3461 1153 3522 εἰπεῖν,
1193 3460 1274 3512 ὅτι
1321 3458 1678 3528 σωθήσονται.
1721 3462 1896 3526 Κορε-

202 3542 472 3606 σθέντες
497 3540 564 3592 δὲ
583 3538 692 3607 τῆς
719 3538 946 3608 τροφῆς
967 3539 1280 3608 ἐκούφιζον
1311 3539 1375 3592 τὸ
1430 3539 1645 3593 πλοῖον
1686 3540 1900 3593 ἐκϐαλ-

201 3627 470 3695 λόμενοι
510 3623 618 3677 τὸν
661 3625 850 3677 σῖτον.
907 3624 1110 3693 Ὀρᾷςς
1165 3622 1300 3692 πρὸς
1333 3622 1395 3675 τὸ
1441 3621 1629 3675 λαϐεῖν
1688 3622 1898 3692 τροφὴν

207 3713 515 3767 πείθονται
541 3711 720 3782 μόνον·
746 3711 861 3765 ἀλλ’
883 3710 1025 3763 οὑτω
1071 3710 1256 3763 λοιπὸν
1291 3711 1353 3763 τὸ
1381 3712 1488 3762 πᾶν
1519 3709 1750 3782 ἔρριψαν
1805 3710 1897 3761 ἐπὶ

205 3799 308 3855 τὸν
349 3799 590 3860 Παῦλον,
612 3799 686 3862 ὼς
706 3800 800 3852 καὶ
822 3798 912 3852 τὸν
948 3800 1089 3852 σίτον
1113 3798 1382 3852 ἐκϐαλεῖν.
1412 3799 1552 3868 Ὄρα
1578 3798 1773 3859 αὐτοὺς
1792 3797 1898 3849 καὶ

204 3885 285 3940 τὰ
307 3884 634 3954 ἀνθρώπινα
667 3883 955 3948 ποιοῦντας
980 3922 995 3948 ,
1027 3885 1122 3936 καὶ⁵
1148 3885 1209 3936 οὑ
1238 3883 1514 3937 κωλύοντα
1541 3882 1633 3935 τὸν
1665 3882 1894 3935 Παῦλον.

212 3970 356 4021 Ὅτε
395 3967 486 4032 δὲ,
519 3969 704 4038 φησὶν,
738 3969 929 4036 ἡμέρα
959 3969 1220 4036 ἐγένετο,
1256 3968 1494 4036 ἀνῆκαν
1531 3970 1637 4034 τὰς
1662 3969 1900 4034 ζευκτη-

202 4051 374 4118 ρίας.
410 4049 695 4103 Διαλύεται
742 4050 804 4103 τδ
840 4049 1020 4104 πλοῖον
1063 4052 1121 4103 ἐν
1171 4051 1373 4121 ἡμέρᾳ,
1421 4052 1508 4104 ἵνα
1541 4052 1614 4121 μὴ
1636 4051 1714 4121 τῷ
1750 4051 1900 4121 φόϐῳ

211 4135 572 4199 διαλυθῶσιν,
627 4137 715 4190 ἴνα
775 4137 890 4208 ῐδῃς
921 4137 1065 4208 ἔργῳ
1103 4137 1202 4208 τὴν
1243 4127 1598 4208 προφητείαν.
1673 4138 1794 4192 Τῶν
1832 4138 1901 4191 δὲ

213 4216 603 4284 στρατιωτῶν
628 4217 831 4285 ,βουλὴ
860 4219 1233 4288 ἐγένετο,ἶνα
1261 4219 1404 4284 τοὺς
1431 4219 1741 4288 δεσμώτας
1759 4222 1900 4275 ἀπο·-

214 4299 563 4353 κτείνωσιν.
604 4299 768 4370 Ὁρᾷς
797 4300 879 4353 ὅτι
926 4303 1019 4353 καὶ
1065 4305 1207 4356 κατὰ
1237 4301 1395 4355 τοῦτο
1439 4303 1517 4372 τῷ
1558 4303 1756 4374 Παύλῳ
1782 4306 1902 4374 ἐχα-

217 4385 530 4456 ρίσθησαν;
565 4386 652 4439 διὰ
684 4387 793 4458 γὰρ
827 4388 988 4440 αὑτὸν
1023 4387 1122 4441 οὑκ
1161 4390 1340 4442 εῐασεν
1379 4390 1575 4454 αὑτοὺς
1608 4391 1901 4462 ἀναιρεθῆ·

214 4489 309 4525 ναι
340 4475 370 4526 δ
397 4474 812 4545 ἑκατόνταρχος.
851 4473 1006 4528 Οὑτω
1051 4494 1140 4546 μοι
1196 4477 1443 4531 δοκοῦσιν
1491 4479 1903 4550 ὡμολογημένοι

217 4553 362 4611 εἰναι
404 4561 567 4612 κακοὶ
627 4563 845 4627 ἐκεῖνοι,
893 4558 1031 4616 ὥστε
1066 4563 1281 4618 ἑλέσθαι
1311 4566 1506 4629 αὑτοὺς
1536 4567 1628 4619 καὶ
1657 4567 1867 4620 ἀνελεῖν

217 4640 338 4693 ἀλλ’
366 4641 522 4694 οὐδὲν
563 4643 724 4696 πλέον
755 4645 972 4712 γέγονε,
1027 4646 1119 4698 τοῦ
1163 4647 1500 4718 βουλήματος
1543 4651 1899 4718 κωλυθέντυς,

219 4726 338 4780 ἀλλ’
359 4729 412 4779 οἰ
443 4726 542 4796 μὲν
559 4727 1004 4800 ἐξεκολύμϐησαν
1022 4733 1074 4796 ιλ,
1105 4733 1154 4786 οἰ
1174 4733 1229 4786 δὲ
1258 4734 1351 4786 ἐπὶ
1379 4736 1606 4788 σανίδων
1621 4737 1897 4806 ἐφέροντο,

221 4814 318 4867 καὶ
354 4815 560 4877 πάντες
603 4815 775 4880 οὑτως
809 4816 1115 4889 ἐσώθησαν,
1171 4822 1266 4875 καὶ
1327 4823 1362 4892 ὴ
1410 4824 1718 4894 προφητεία
1750 4825 1901 4889 τέλος

223 4899 558 4970 ἐλάμϐανεν,
585 4905 632 4955 εἰ
651 4905 746 4958 καὶ
779 4905 853 4974 μή
887 4905 965 4974 τῷ
995 4908 1170 4977 χρόνῳ
1203 4911 1372 4979 σεμνή
1398 4927 1480 4971 τις
1504 4907 1637 4962 οὖσα
1662 4925 1675 4944 ’
1702 4912 1762 4964 οὑ
1795 4915 1902 4982 γὰρ

223 4988 335 5058 πρὸ
358 4989 574 5044 πολλῶν
605 4991 741 5045 ἐτῶν
776 4993 946 5063 αὑτὴν
973 4991 1257 5064 προεῖπεν,
1319 4996 1454 5050 ἀλλά
1484 5001 1548 5067 τῇ
1587 4998 1746 5067 φύσει
1792 5001 1900 5053 τῶν

227 5077 574 5146 πραγμάτων
606 5078 900 5149 ἑπόμενος·
952 5081 1246 5134 ἀνέλπιστα
1299 5083 1411 5153 γάρ
1450 5079 1518 5154 ἦν
1575 5086 1771 5148 πάντα,
1809 5088 1900 5141 καὶ

225 5157 315 5240 διὰ
359 5162 462 5231 τῆς
508 5163 712 5227 οἰκείας
758 5168 1034 5236 σωτηρίας
1089 5168 1392 5238 ἐμάνθανον
1449 5171 1534 5234 τίς
1597 5172 1626 5224 ό
1687 5173 1902 5240 Παῦλος

229 5238 317 5314 ἢν.
360 5249 503 5301 Ἀλλ’
561 5250 706 5304 εἴποι
758 5252 824 5306 άν
880 5270 965 5316 τις
1004 5271 1016 5284 ·
1069 5257 1169 5309 Διά
1220 5257 1274 5308 τί
1328 5257 1403 5328 μὴ
1459 5259 1553 5312 καὶ
1599 5259 1659 5312 τὸ
1717 5238 1900 5316 πλοῖον

231 5331 526 5402 διέσωσενς
558 5339 674 5391 Ἵνα
705 5338 948 5410 μάθωσιν
971 5335 1082 5394 οἷον
1115 5343 1358 5397 κίνδυνον
1378 5345 1630 5414 διέφυγον
1651 5363 1664 5378 ο
1689 5349 1770 5400 ὅτι
1802 5352 1902 5405 οὐκ

234 5418 581 5494 ἀνθρωπίνης
613 5425 866 5498 βοηθείας
895 5423 962 5498 ἦν
996 5430 1056 5482 τὸ
1101 5432 1228 5493 πᾶν,
1281 5431 1418 5484 ἀλλά
1465 5434 1565 5503 τῆς
1617 5435 1716 5488 τοῦ
1765 5437 1902 5490 Θεοῦ

235 5507 423 5577 χειρὸς
461 5514 632 5581 χωρὶς
660 5513 849 5566 πλοίου
873 5516 1173 5585 σωζούσης.
1205 5518 1367 5571 Ὥστε
1394 5521 1443 5571 οἱ
1467 5521 1664 5575 δίκαιοι
1712 5524 1812 5576 κᾶν
1845 5527 1902 5578 ἐν

234 5597 461 5665 χειμῶνι
501 5593 623 5661 ὦσι,
650 5601 753 5654 κᾶν
802 5605 858 5655 ἐν
898 5603 1164 5675 Θαλάσσῃ,
1209 5607 1312 5660 κᾶν
1351 5609 1408 5660 ἐν
1442 5609 1692 5677 πελάγει,
1750 5614 1901 5666 οὐδὲν

238 5679 504 5750 πάσχουσι
537 5685 727 5750 δεινὸν,
759 5689 894 5742 ἀλλὰ
930 5691 1022 5744 καὶ⁵
1056 5694 1276 5762 ἐτέρους
1328 5697 1802 5762 συνδιασώζουσιν.
1839 5703 1899 5753 Εἰ

240 5765 416 5856 ¹Ξῑλοῖον
449 5773 755 5825 κινδυνεῦον
786 5776 876 5826 καὶ
908 5779 1162 5846 ναυάγιον
1185 5782 1473 5849 ὑπομένον,
1507 5786 1598 5837 καὶ
1623 5785 1900 5856 δεσμῶται

241 5846 323 5902 διὰ
357 5856 563 5910 Παῦλον
593 5859 894 5931 ἐσώθησαν,
939 5866 1211 5936 ἐννόησον,
1238 5869 1288 5920 τί
1338 5871 1485 5921 ἐστιν
1536 5872 1689 5938 ᾶγιον
1734 5875 1900 5944 ἄνδρα

307 5975 330 6002 ⁴¹
355 5976 516 6026 Ταῦτα
536 5983 779 6042 συμϐαίνει
815 5988 956 6036 decu
1002 5990 1045 6038 iu
1076 6003 1167 6036 uno
1196 5993 1281 6038 ωιί
1391 5992 1414 6029 δ
1442 5993 1536 6040 ,λιιι
1566 5994 1868 6054 έἰ’.0)”αξιῦο“δν,

1229 400 1291 455 ΙΝ
1337 396 1518 454 ACTA
1559 388 2096 449 APOSTOlﬂRUM.
2134 389 2365 448 IIOMIL.
2412 391 2542 447 LIII.

3559 386 3666 440 572

1996 498 2135 556 εἶναι
2159 505 2216 557 ἐν
2247 505 2427 576 οἰκίᾳο
2491 503 2676 556 πολλοὶ
2705 499 2812 574 γὰρ
2847 503 2896 556 οἱ
2933 500 3202 572 χειμῶνες
3249 502 3344 556 καὶ
3390 503 3523 574 ἡμῖν
3568 505 3670 573 ἐφ-

1999 589 2266 654 ίστανται,
2289 591 2382 644 καὶ
2411 590 2591 660 πολλῷ
2610 591 2816 643 τούτων
2834 589 3228 660 χαλεπώτεροι,
3259 589 3397 644 ἀλλὰ
3442 589 3670 644 δύναται

1995 677 2087 729 καὶ
2136 678 2284 746 ἡμᾶς
2313 678 2663 748 χαρίσασθαι,
2696 678 2855 746 μόνον
2883 677 2978 730 ἐὰν
3011 674 3328 746 πειθώμεθα
3354 678 3462 740 τοῖς
3492 677 3670 744 ἁγίοις

1989 761 2244 834 καθάπερ
2276 765 2497 830 ἐκεῖνοι,
2533 765 2599 817 ἂν
2634 764 2878 833 ποιῶμεν
2904 763 2938 816 ἃ
2973 762 3423 834 προστάττουσιν.
3459 764 3532 817 υὺ
3559 764 3669 834 γάρ

1988 848 2178 910 ἁπλῶς
2237 849 2521 913 σώζονται,
2554 851 2692 904 ἀλλὰ
2726 851 2820 902 καλ⁸
2881 849 3034 904 αὑτοὶ
3085 850 3270 904 πίστιν
3319 853 3666 921 εἰσήνεγκαν.

1990 935 2110 989 Κᾶν
2141 936 2362 1005 δέσμιος
2446 938 2475 988 ό
2505 938 2682 1006 ἅγιος,
2729 937 2837 989 τῶν
2887 936 3200 1007 λελυμένων
3251 937 3477 1007 μείζονα
3506 939 3673 1008 ἐργά-

1990 1015 2160 1078 ζεται.
2193 1017 2300 1069 Καὶ
2327 1018 2516 1070 σκόπει
2540 1017 2698 1070 τοῦτο
2740 1017 2972 1070 ἐνταῦθα
3015 1014 3383 1087 γεγενημένον
3418 1029 3463 1070 ε.
3510 1018 3568 1071 '0
3592 1018 3672 1070 λε-

1988 1097 2219 1168 λυμένος
2256 1099 2655 1170 ἑκατόνταρχος
2711 1098 2876 1153 αὑτοῦ
2923 1099 3091 1152 ἐδεῖτο
3141 1099 3236 1152 τοῦ
3284 1099 3606 1168 δεδεμένου⁶
3642 1103 3672 1154 δ

1931 1253 1934 1256 Α
1993 1183 2311 1253 ἐπιστήμων
2335 1183 2673 1254 κυϐερνήτης
2701 1183 2796 1235 τοῦ
2823 1184 2897 1253 μὴ
2917 1181 3252 1254 κυϐερνήτου
3278 1179 3499 1254 ἔχρῃζε,
3537 1183 3673 1252 μᾶ).-

1991 1264 2082 1318 λον
2106 1264 2163 1317 δέ
2189 1263 2281 1316 τοῦ
2305 1265 2476 1328 δντως
2509 1264 2868 1335 κυϐερνήτου.
2905 1265 2979 1317 Ού
3003 1264 3366 1336 γὰρ-τοιοῦτον
3400 1265 3674 1336 ἐκυϐέρνα

1993 1345 2224 1415 σκάφος,
2279 1346 2416 1399 ἀλλὰ
2461 1346 2561 1415 τῆς
2614 1347 2940 1418 οἰκουμένης
2995 1347 3097 1418 τὴν
3139 1347 3492 1416 Ἐκκλησίαν,
3543 1349 3671 1420 παρ’

1993 1428 2203 1482 ἐκείνου
2229 1428 2417 1498 μαθὼν
2444 1428 2539 1481 τοῦ
2567 1429 2661 1482 καὶ
2691 1429 2968 1500 θαλάσσης
3003 1429 3298 1490 Δεσπότου.
3334 1429 3434 1482 οὑκ
3460 1429 3673 1500 ἀνθρω-

1995 1511 2124 1581 πίνῃ
2184 1510 2369 1582 τέχνῃ.
2419 1510 2557 1566 ἀλλά
2603 1514 2950 1582 πνευματικῇ
2987 1511 3172 1583 σοφίᾳ.
3220 1511 3308 1565 Ἐν
3357 1511 3434 1581 τῷ
3474 1512 3674 1580 σκάφει

1993 1592 2168 1663 τούτῳ
2195 1593 2367 1646 πολλὰ
2392 1593 2647 1662 ναυάγια,
2680 1593 2849 1646 πολλὰ
2880 1593 3123 1664 κύματα,
3155 1594 3444 1662 πνεύματα
3507 1611 3676 1666 πονη-

2000 1674 2140 1744 ρίας,
2172 1675 2441 1728 Ἕσωθεν
2464 1673 2672 1744 μάχαι,
2724 1675 2948 1739 ἔξωθεν
2997 1678 3201 1744 φόϐον
3255 1674 3395 1728 ὥστε
3446 1675 3474 1728 ό
3505 1675 3675 1739 δντως

1997 1756 2334 1829 κυϐερνήτης
2371 1758 2578 1820 ἐκεῖνος
2597 1753 2685 1828 ἦν.
2717 1759 2857 1830 Ὅρα
2883 1758 2947 1830 δὴ
2980 1759 3072 1812 τὸν
3108 1759 3222 1828 βίον
3255 1758 3412 1829 ἡμῶν
3459 1761 3675 1814 ᾶπαντα

1997 1839 2115 1902 πῶς
2141 1839 2382 1901 τοιοῦτός
2410 1842 2548 1895 ἐστι.
2599 1839 2734 1892 Ποτέ
2793 1839 2891 1909 μὲν
2938 1841 3046 1910 γὰρ
3093 1838 3505 1911 φιλανθρωπίας
3533 1841 3672 1893 ἀπο-

1995 1917 2256 1987 λαύομεν,
2313 1917 2442 1970 ποτέ
2486 1916 2543 1968 δέ
2594 1919 2882 1987 χειμῶνος,
2927 1920 3056 1972 ποτέ
3122 1919 3218 1972 καὶ
3277 1920 3410 1988 παρ’
3463 1919 3675 1972 οἰκείαν

1995 2003 2279 2069 ἀϐουλίαν,
2314 2002 2410 2057 καὶ
2451 2005 2602 2075 παρά
2639 2004 2702 2058 τὸ
2735 2005 3000 2076 ῥᾳθυμεῖν
3045 2005 3102 2058 δέ
3141 2006 3358 2075 μυρίοις
3398 2005 3673 2075 ἐμπίπτο·

1998 2107 2098 2159 μεν
2124 2089 2339 2152 κακοῖςο
2363 2088 2565 2158 μᾶλλον
2586 2088 2642 2141 δέ
2660 2087 2819 2140 τοῦτο
2845 2088 3072 2156 γίνεται,
3094 2091 3244 2160 παρα
3270 2089 3331 2140 τὸ
3355 2088 3431 2158 μὴ
3454 2087 3676 2142 ἀκούειν

1998 2173 2237 2235 Παύλου,
2271 2173 2398 2225 ὅταν
2430 2170 2782 2242 ἐπειγώμεθά
2811 2188 2912 2224 που
2953 2169 3233 2236 ἀπελθεῖν,
3284 2169 3413 2222 ἔνθα
3465 2171 3538 2242 μὴ
3585 2187 3677 2224 κιο

1995 2256 2160 2310 λεύει.
2200 2256 2445 2324 Συμπλεῖ
2489 2255 2595 2325 γὰρ
2627 2255 2719 2307 καὶ
2753 2254 2847 2307 νῦν
2900 2255 3050 2324 ἡμῖν,
3096 2252 3212 2306 ἀλλ’
3261 2251 3322 2305 οὑ
3366 2250 3672 2321 δεδεμένος,

1996 2337 2250 2407 καθάπερ
2283 2337 2403 2390 τότε
2427 2353 2438 2364 ·
2471 2338 2732 2406 παραινεῖ
2755 2336 2850 2389 καὶ
2883 2334 3000 2401 νῦν,
3037 2336 3133 2389 καὶ
3187 2334 3336 2402 λέγει
3360 2336 3472 2397 τοῖς
3523 2336 3582 2386 ἐν
3605 2337 3674 2404 τῇ

1998 2417 2236 2489 θαλάττῃ
2257 2418 2430 2489 ταύτῃ
2479 2416 2654 2490 μοὸΓ
2705 2415 3040 2486 Προσέχετε
3079 2416 3346 2482 ἑαυτοῖς·
3403 2417 3676 2470 εἰσελεύ-

1995 2516 2205 2555 σονται
2227 2501 2338 2570 γὰρ
2366 2501 2516 2569 μετὰ
2546 2501 2660 2567 τὴν
2692 2501 2905 2568 ἄφιξίν
2941 2518 3056 2566 μου
3112 2501 3290 2554 λύκοι
3325 2499 3541 2568 ,βαρεῖς
3587 2499 3678 2564 είς

1995 2584 2182 2652 ὑμᾶς·
2215 2585 2309 2636 καὶ
2339 2583 2522 2647 πάλιν,
2559 2583 2664 2636 ῐΕν
2690 2582 2962 2650 ὑστέροις
2989 2582 3219 2650 καιροῖς
3266 2581 3676 2645 ἐνστήσονται

1996 2666 2185 2732 καιροὶ
2215 2666 2493 2734 χαλεποί,
2517 2665 2616 2717 καί
2651 2665 2899 2720 ἔσονται
2933 2668 2988 2719 οἱ
3020 2664 3320 2732 ἅνθρωποι
3365 2663 3674 2731 φίλαυτοι,

1995 2748 2372 2818 φιλάργυροι,
2393 2747 2704 2815 ἀλαζόνες.
2721 2747 2892 2801 Τοῦτο
2919 2747 3137 2801 πάντων
3164 2745 3546 2817 χαλεπώτερον
3566 2744 3678 2800 τῶν

1999 2833 2354 2902 πνευμάτων.

2067 3003 2129 3050 ε’.
2163 2997 2431 3066 Μένωμεν
2454 2989 2547 3050 οῦν
2573 2995 2700 3050 ἔνθα
2719 2995 2932 3049 κελεύει
2948 2995 3040 3048 ἐπί
3061 2995 3162 3066 τῆς
3191 2995 3448 3058 πίστεως,
3468 2994 3562 3048 ἐπὶ
3584 2991 3678 3048 τοῦ

1995 3077 2214 3148 λιμένος
2237 3079 2332 3132 τοῦ
2363 3078 2642 3148 ἀσφαλοῦς
2662 3095 2676 3110 ·
2707 3077 2872 3132 αὑτοῦ
2900 3077 3103 3148 μᾶλλον
3145 3076 3458 3147 ἀκούωμεν,
3509 3076 3542 3148 ἢ
3580 3075 3678 3128 τοῦ

1997 3163 2333 3234 κυϐερνήτου
2371 3163 2465 3216 τοῦ
2519 3163 2576 3217 ἐν
2625 3164 2778 3232 ήμῖν,
2828 3161 3076 3215 τουτέστι
3121 3160 3214 3214 τοῦ
3250 3159 3539 3230 λογισμοῦ.
3585 3160 3678 3231 Μή

1999 3251 2144 3321 ἅπερ
2174 3253 2240 3303 ἂν
2285 3249 2565 3320 ὑποϐάλλῃ
2610 3243 2799 3312 οὗτος,
2842 3248 3114 3318 ποιῶμεν,
3160 3249 3236 3318 μή
3278 3245 3425 3318 ἀπερ
3475 3249 3502 3300 ό
3544 3247 3676 3300 ναύο

1998 3331 2220 3402 κληρος,
2238 3331 2374 3384 ἀλλά
2401 3331 2544 3399 άπερ
2565 3330 2670 3383 ἃνό
2693 3329 2925 3393 Παῦλος
2953 3330 3178 3401 μυρίους
3195 3327 3468 3392 τοιούτους
3494 3328 3679 3400 διῆλθε

1999 3409 2295 3480 χειμῶνας.
2343 3409 2436 3479 Μή
2478 3411 2544 3478 τῇ
2593 3409 2761 3479 πείρᾳ
2821 3407 3216 3478 μανθάνωμεν,
3259 3407 3398 3458 ἀλλὰ
3436 3407 3544 3476 πρὸ
3580 3408 3681 3478 τῆς

2000 3489 2198 3560 πείρας
2252 3487 2603 3557 κερδάνωμεν
2639 3488 2730 3540 καὶ
2781 3486 2939 3558 ὓϐριν
2986 3487 3082 3539 καὶ
3132 3484 3357 3555 ζημίαν.
3408 3486 3680 3539 Ἀκουσον

1998 3570 2051 3623 τί
2084 3587 2269 3638 φησ.ν·
2305 3567 2759 3637 Οιβουλόμενοι
2797 3567 3110 3631 πλουτεῖν,
3145 3568 3556 3636 ἐμπίπτουσιν
3593 3569 3682 3633 είς

2000 3649 2354 3715 πειρασμόν.
2381 3646 2708 3717 Πειθὼμεθα
2735 3649 2912 3700 τοίνυν
2929 3646 3098 3716 αὑτῷ,
3118 3645 3241 3698 ἐπεὶ
3269 3647 3363 3698 καὶ⁵
3390 3647 3588 3698 ἐκεῖνοι
3605 3646 3681 3716 μὴ

2000 3727 2336 3790 πεισθέντες,
2371 3729 2533 3796 δρᾶτε
2553 3729 2605 3779 τί
2623 3727 2842 3782 ἔπαθον.
2871 3728 2979 3781 Καὶ
3001 3727 3162 3780 πάλιν
3188 3725 3414 3796 ἑτέρωθι
3435 3725 3604 3794 λέγει,
3626 3727 3682 3778 τί

2000 3808 2146 3858 ποιεῖ
2178 3807 2443 3874 ναυάγια’
2475 3807 2725 3871 Οἵτινες,
2753 3808 2940 3878 φησὶν,
2982 3805 3376 3874 ἐναυάγησαν
3402 3807 3535 3872 περί
3563 3807 3682 3872 τὴν

1999 3891 2226 3942 πίστιν.
2261 3889 2332 3942 Σὺ
2349 3889 2405 3941 δέ
2431 3887 2558 3958 μένε
2582 3891 2639 3942 ἐν
2669 3883 2748 3952 οἷς
2773 3889 2973 3957 ἔμαθες
2997 3889 3090 3942 καὶ
3112 3887 3442 3957 ἐπιστώθης.
3477 3887 3683 3941 Πειθώ-

2004 3966 2143 4034 μεθα
2171 3965 2389 4034 Παύλῳ⁹
2424 3965 2526 4019 κᾶν
2552 3967 2612 4018 ἐν
2635 3966 2786 4035 μέσῳ
2810 3961 2959 4036 ὦμεν
2983 3966 3236 4037 χειμῶνι,
3258 3967 3474 4030 πάντως
3505 3967 3682 4018 ἀπαλ-

1999 4044 2354 4114 λαγησόμεθα
2370 4044 2476 4097 τῶν
2499 4045 2782 4106 κινδύνων,
2803 4044 2904 4098 κάν
2926 4045 3426 4117 τεσσαρεσκαίδεκα
3448 4046 3681 4115 ήμέραις

2001 4123 2175 4176 ἄσιτοι
2205 4123 2572 4195 διαμένωμεν,
2606 4124 2764 4194 κᾶνή
2802 4125 2957 4187 ἐλπὶς
2982 4124 3082 4194 τῆς
3124 4125 3398 4192 σωτηρίας
3447 4125 3677 4195 ἐκπέσῃ,

2002 4199 2103 4252 κᾶν
2137 4202 2194 4252 ἐν
2250 4201 2426 4270 σκότῳ
2487 4194 2638 4271 ὦμεν
2686 4201 2782 4253 καὶ
2849 4203 3056 4271 γνόφῳ,
3125 4203 3443 4264 πεισθέντες
3503 4194 3678 4272 αὑτῷ,

2002 4279 2502 4350 ἀπαλλαγησόμεθα
2535 4279 2646 4332 τῶν
2663 4279 2949 4338 κινδύνων,
2975 4281 3167 4334 Πλοῖον
3194 4276 3335 4334 εἶναι
3368 4280 3681 4351 νομίζωμεν

2001 4361 2100 4432 τὴν
2134 4363 2459 4433 οἰκουμένην
2482 4365 2684 4427 πᾶσαν,
2716 4365 2820 4418 κάν
2850 4363 3025 4436 τούτῳ
3053 4367 3182 4429 τοὺς
3209 4366 3559 4437 κακούργους
3585 4367 3680 4418 καὶ

2006 4442 2178 4512 μυρία
2209 4441 2428 4510 ἔχοντας
2454 4441 2622 4508 δεινὰ,
2664 4445 2792 4506 τοὺς
2826 4445 2925 4514 μὲν
2947 4446 3236 4514 ἄρχοντας,
3260 4447 3387 4509 τοὺς
3414 4445 3471 4498 δέ
3517 4445 3683 4513 φύλα·

2003 4537 2127 4583 κας,
2157 4521 2282 4582 τοὺς
2313 4520 2368 4573 δὲ
2386 4521 2652 4584 δικαίους,
2684 4518 2797 4583 οἷος
2843 4523 3075 4587 Παῦλος,
3117 4523 3245 4586 τοὺς
3284 4525 3340 4577 δὲ
3399 4523 3680 4593 δεσμίους,

2002 4601 2122 4662 ταῖς
2155 4600 2452 4670 ἁμαρτίαις
2478 4600 2820 4670 δεδεμένουςο
2856 4604 2922 4656 ἂν
2947 4604 3044 4672 μὲν
3078 4598 3173 4656 οῦν
3227 4603 3426 4672 Παύλῳ
3479 4601 3680 4655 πειθώ-

2008 4679 2168 4750 μεθα,
2216 4681 2277 4732 οὑ
2317 4680 2594 4750 δεδεμένοι
2646 4681 3022 4752 ἀπολλύμεθα,
3069 4683 3206 4736 ἀλλὰ
3261 4682 3677 4752 καιλυόμεθα·

2005 4761 2275 4834 χαριεῖται
2308 4759 2403 4811 καὶ
2433 4761 2578 4829 ἡμᾶς
2609 4762 2811 4830 αὑτῷὸ
2857 4761 3012 4825 Θεός.
3064 4764 3133 4816 Ἢ
3184 4765 3285 4816 οὑκ
3327 4763 3431 4815 οίει
3483 4763 3686 4834 δεσμὸν

2006 4831 2142 4888 εἶναι
2175 4835 2410 4905 χαλεπὸν
2439 4839 2509 4889 τὰ
2537 4839 2909 4909 ἁμαρτήματα
2949 4841 3043 4893 καὶ
3076 4841 3145 4894 τὰ
3185 4840 3366 4911 πάθη;
3392 4843 3454 4895 οὑ
3482 4831 3594 4913 γὰρ
3619 4842 3684 4914 δὴ

2005 4917 2185 4985 χεῖρες
2237 4916 2398 4984 μόνον
2443 4918 2553 4971 εἰσὶ
2605 4917 2908 4988 δεδεμέναι,
2967 4920 3084 4972 ἀλλ’
3145 4921 3174 4973 δ
3227 4923 3335 4983 πᾶς
3372 4921 3681 4992 ἄνθρωπος.

2005 4995 2140 5048 Εἰπέ
2167 4996 2276 5066 γάρ
2302 5013 2413 5066 μοι,
2442 4998 2570 5050 ὅταν
2593 5016 2676 5062 τις
2720 5002 2978 5075 χρήματα
3022 5001 3192 5055 πολλά
3235 5002 3575 5073 κεκτημένος
3610 5003 3685 5076 μὴ

2005 5076 2270 5146 ἁναλίσκῃ
2308 5077 2440 5154 μηδὲ
2484 5077 2721 5149 δαπανᾷ,
2765 5080 2901 5132 ἀλλὰ
2945 5081 3171 5154 κατέχῃ,
3207 5081 3329 5150 οὐχὶ
3362 5081 3560 5143 παντὸς
3601 5082 3686 5135 6:-

2007 5156 2166 5225 σμίου
2191 5153 2573 5226 χαλεπώτερον
2596 5159 2662 5228 τῇ
2698 5159 2960 5230 φειδωλία
2983 5161 3262 5230 δεσμεῖται
3298 5159 3483 5230 δεσμῷ
3512 5160 3684 5232 ἀρρα-

2004 5242 2122 5305 γεῖ;
2168 5239 2234 5290 Τί
2287 5239 2394 5300 δαὶ.
2454 5240 2583 5293 ὅταν
2643 5258 2727 5304 τις
2776 5243 3088 5316 εἱμαρμένῃ
3129 5243 3323 5297 ἐαυτὸν
3381 5243 3682 5315 ὑποϐάλλῃ,

2004 5318 2126 5388 ούχὶ
2147 5318 2308 5372 πάλιν
2361 5319 2542 5382 ἄλλοις
2588 5316 2740 5385 οὗτος
2787 5323 3011 5393 δεσμοῖς
3044 5324 3295 5390 δέδεται;
3330 5324 3395 5376 Τί
3419 5324 3529 5385 δαὶ,
3556 5325 3684 5379 ὅταν

2008 5399 2464 5468 παρατηρήσεσι;
2501 5399 2553 5450 τί
2601 5399 2709 5462 δαὶ,
2755 5401 2886 5454 ὅταν
2937 5402 3259 5472 συμϐόλοις;
3319 5403 3438 5472 οὑχ).
3481 5405 3684 5469 παντὸς

2003 5477 2204 5545 δεσμοῦ
2263 5476 2436 5530 ταῦτα
2483 5477 2872 5548 χαλεπώτερας
2938 5481 2991 5531 τί
3050 5481 3177 5546 δαὶ,
3231 5483 3360 5533 ὅταν
3416 5482 3681 5554 ἐπιθυμίᾳ

2003 5557 2184 5627 ἀλόγῳ
2225 5558 2319 5610 καὶ
2352 5559 2553 5626 ἔρωτι;
2591 5559 2685 5621 Τίς
2713 5559 3241 5630 διαρῤήξειτούτους
3275 5561 3404 5630 ὑμῖν
3442 5562 3569 5622 τοὺς
3599 5563 3686 5614 δε-

2008 5635 2212 5705 σμούς;
2243 5637 2351 5689 Τοῦ
2383 5637 2516 5690 Θεοῦ
2547 5639 2705 5707 χρεία
2732 5638 2873 5691 ὥστε
2906 5638 3156 5707 λυθῆναι.
3199 5639 3307 5692 Καὶ
3335 5639 3392 5689 ἓν
3424 5639 3523 5706 μὲν
3555 5639 3680 5691 τού-

2005 5732 2110 5766 των
2135 5717 2298 5786 ἀρκεῖ
2324 5716 2567 5768 κίνδυνον
2619 5718 2948 5787 ἐμποιῆσαι⁹
2987 5720 3115 5770 ὅταν
3150 5718 3206 5770 δέ
3237 5719 3328 5768 καὶ
3371 5716 3549 5785 δεσμὰ
3590 5721 3683 5771 καὶ

2007 5793 2230 5862 χειμὼν,
2265 5795 2516 5863 ἐννόησον
2560 5795 2683 5848 ὅσον
2721 5797 2778 5848 τὸ
2811 5797 2918 5848 τῶν
2975 5797 3259 5850 κινδύνων.
3327 5797 3389 5848 Τί
3429 5797 3532 5865 γὰρ
3583 5799 3682 5870 οὑχ

2068 5930 2237 5998 (Ηίςμ,
2288 5936 2364 5980 καὶ
2419 5936 2588 5983 σκόπει
2646 5935 2787 5986 τοῦτο
2839 5936 3031 5984 ἐνταῦθα
3101 5939 3423 5998 γεγενημένον,
3501 5942 3670 5986 ιἰιτριῑῑ

2009 5995 2228 6041 ιιοιιιιιιιιι
