4056 6546
194 450 291 504 5-3

193 572 300 622 haec
334 561 483 616 vobis
515 556 721 614 vincula
765 552 1104 624 disrumpet?
1135 552 1244 606 Deo
1290 562 1424 618 opus
1455 556 1538 603 est
1568 558 1625 601 ut
1654 547 1762 600 sol-

191 667 396 712 vantur.
428 655 489 708 Et
520 666 682 706 unum
710 648 921 719 quidem
952 646 1138 698 horum
1162 641 1357 697 sufficit
1380 639 1446 694 ad
1475 639 1766 708 periculum

191 747 473 806 creandum
505 764 517 800 :
546 760 669 800 cum
713 749 893 795 autem
923 736 1128 791 vincula
1173 745 1225 788 et
1259 742 1566 802 tempestas,
1596 732 1767 802 cogita

189 851 382 914 quanta
414 841 518 895 sint
549 835 805 908 pericula.
837 831 973 899 Quid
1006 829 1147 884 enim
1193 843 1298 882 non
1331 828 1524 882 suflicit
1550 827 1616 880 ad
1647 842 1758 894 per-

190 933 454 988 dendum?
510 943 688 984 nonne
737 924 929 979 sufficit
975 922 1187 976 fames?
1226 935 1405 974 nonne
1437 917 1770 987 tempestas?

193 1039 370 1079 nonne
399 1029 669 1077 vectorum
700 1014 974 1085 nequitia?
1006 1026 1184 1067 nonne
1215 1021 1424 1080 tempus
1456 1011 1768 1076 inapportu-

190 1114 354 1169 num?
380 1111 576 1166 Verum
600 1106 666 1160 ad
696 1109 809 1160 haec
837 1104 1016 1158 omnia
1037 1101 1182 1157 stetit
1203 1100 1530 1154 clarissimus
1553 1098 1768 1152 Paulus.

189 1207 259 1260 ita
302 1216 355 1260 et
386 1215 524 1258 nunc
556 1220 569 1255 :
605 1199 931 1254 retineamus
980 1194 1256 1249 nobiscum
1299 1200 1535 1258 sanctos,
1569 1201 1621 1245 et
1664 1205 1767 1244 non

187 1300 286 1352 erit
319 1301 640 1363 tempestas;
665 1291 771 1344 imo
797 1289 956 1343 etiam
986 1285 1032 1340 si
1056 1285 1125 1340 sit
1155 1291 1463 1351 tempestas,
1497 1282 1597 1337 erit
1626 1295 1770 1335 sere.

189 1390 324 1441 nitas
345 1397 400 1440 et
424 1380 776 1453 tranquillitas
802 1391 1014 1446 magna,
1044 1390 1106 1430 ac
1134 1374 1378 1428 liberatio
1423 1387 1450 1425 a
1492 1372 1765 1442 periculis.

189 1476 397 1530 Etenim
429 1471 582 1527 vidua
615 1470 699 1525 illa
730 1475 971 1522 sanctum
1015 1463 1243 1519 habebat
1266 1462 1519 1527 amicum,
1549 1471 1603 1516 et
1625 1476 1771 1516 mors

187 1565 278 1620 lilii
325 1564 498 1619 soluta
542 1569 644 1627 est,
693 1571 1020 1629 puerumque
1046 1555 1342 1610 redivivum
1394 1555 1619 1622 accepit.
1667 1550 1770 1607 Ubi

186 1655 347 1724 pedes
377 1661 683 1709 sanctorum
713 1655 1012 1712 versantur,
1057 1645 1188 1699 nihil
1231 1644 1423 1699 accidit
1468 1645 1657 1698 triste:
1688 1643 1771 1697 sin

185 1745 411 1809 accidat,
445 1743 509 1798 ad
540 1741 904 1810 probationem
935 1749 989 1793 et
1031 1736 1097 1790 ad
1129 1736 1388 1806 majorem
1422 1735 1517 1790 Dei
1546 1736 1768 1806 gloriam

185 1839 398 1894 accidit.
444 1836 550 1890 Fac
603 1845 658 1889 ut
701 1833 893 1888 domus
942 1831 1301 1901 pavimentum
1352 1830 1658 1900 frequenter
1703 1829 1771 1883 ab

187 1929 488 2001 hujusmodi
521 1928 758 1982 calcetur
786 1924 1028 1994 pedibus,
1063 1939 1160 1978 nec
1188 1923 1256 1977 ibi
1288 1923 1506 1978 calcabit
1536 1921 1768 1986 dmmon;

185 2034 237 2078 et
266 2022 460 2076 merito
487 2019 722 2090 quidem.
753 2017 899 2072 Sicut
927 2015 1068 2069 enim
1101 2014 1190 2069 ubi
1222 2012 1530 2084 fragrantia,
1567 2011 1636 2065 ibi
1667 2011 1769 2065 fte-

186 2124 266 2168 tor
293 2115 468 2169 locmn
509 2124 614 2165 non
660 2109 856 2162 habet:
889 2108 965 2161 sic
1011 2106 1096 2160 ubi
1144 2116 1473 2174 unguentum
1503 2111 1767 2167 sanctum,

186 2205 254 2260 ibi
286 2203 576 2259 suli'ocatur
602 2199 832 2263 daemon,
858 2197 1016 2252 simul
1041 2206 1259 2267 agentes
1290 2196 1541 2258 laetificat,
1567 2203 1772 2249 recreat

185 2295 438 2348 animam.
473 2291 575 2348 Ubi
620 2290 809 2360 spirae,
851 2289 920 2343 ibi
960 2291 1085 2343 fera:
1117 2306 1130 2341 :
1164 2286 1252 2340 ubi
1307 2284 1658 2355 hospitalitas,
1700 2282 1772 2338 ibi

187 2387 351 2454 spime
378 2399 484 2438 non
515 2389 640 2437 sunt
667 2400 680 2434 ι
711 2395 831 2434 nam
864 2379 1100 2448 ingressa
1125 2377 1463 2446 eleemosyna
1497 2374 1629 2428 falce
1647 2388 1772 2427 acn-

189 2477 290 2530 tior
317 2475 499 2544 spinas
534 2471 781 2534 succidit,
813 2479 866 2523 et
899 2469 1018 2538 igne
1051 2467 1419 2522 vehementius
1449 2465 1625 2520 exurit
1655 2479 1768 2518 eas.

1151 436 1213 492 lN
1253 434 1432 491 ACTA
1508 429 2030 488 APOSTOLORUM.
2077 428 2300 485 llOMlL
2345 425 2478 486 LIV.

3366 430 3469 484 δτι

1875 545 1951 600 Ne
1977 545 2166 600 timeas
2192 563 2203 596 :
2233 547 2422 598 timent
2464 549 2770 598 sanctorum
2805 543 3027 614 vestigia
3070 544 3206 599 sicut
3250 546 3463 601 leonem

1877 638 2079 706 vulpes.
2121 635 2298 691 Jusms
2327 642 2481 703 enim,
2512 636 2700 703 inquit,
2745 645 2797 688 ut
2826 635 2903 689 leo
2928 638 3134 704 conﬁdit
3158 636 3335 708 (Prov.
3371 640 3464 694 28.

1879 731 1952 799 1).
1988 730 2094 786 llos
2127 729 2528 784 introducamus
2554 728 2736 782 leones
2769 730 2818 782 in
2851 729 3090 794 donnnn,
3118 740 3170 784 et
3198 729 3323 784 fera:
3349 746 3463 784 om-

1877 835 1971 874 nes
2017 819 2356 889 l'ugabuntur,
2393 835 2498 872 non
2535 818 2641 873 illis
2665 819 3087 875 occlamantibus
3119 821 3213 875 sed
3262 823 3470 893 simpli-

1875 913 2010 966 citer
2037 912 2254 980 loquent
2280 911 2397 966 bus.
2430 910 2544 964 Non
2571 911 2712 964 enim
2739 911 2942 982 rugitus
2970 911 3136 967 leonis
3164 913 3360 967 bestias
3390 915 3471 969 sic

1878 999 2042 1071 fugat,
2086 1010 2143 1054 ut
2179 1001 2308 1070 justi
2355 1001 2591 1070 precatio
2633 1000 2909 1055 daimonas
2947 1019 2959 1054 :
2993 1002 3036 1055 si
3069 1001 3316 1072 loquatur
3346 1012 3468 1057 tan-

1879 1103 2012 1160 tum,
2047 1092 2332 1149 formidant
2370 1093 2466 1147 illi.
2502 1094 2566 1147 Et
2611 1093 2850 1160 ubinam,
2893 1094 3122 1161 inquies,
3161 1110 3302 1150 nunc
3335 1097 3471 1150 tales

1879 1184 2122 1239 homines
2158 1186 2316 1238 sunt?
2348 1183 2575 1254 Ubique,
2619 1185 2662 1239 si
2716 1198 2813 1239 nos
2844 1184 3147 1251 credamus,
3189 1187 3231 1240 si
3263 1203 3472 1256 quaerac

1877 1291 2020 1342 mus,
2050 1276 2094 1329 si
2129 1276 2339 1329 curiose
2368 1276 2812 1345 pervestigemus.
2852 1275 2950 1331 Ubi
2982 1277 3296 1345 qtnesivisti,
3325 1295 3474 1347 quae-

1878 1367 1974 1420 so?
2002 1367 2340 1436 quandonam
2378 1365 2479 1421 hoc
2505 1367 2741 1422 curasti?
2771 1367 2826 1424 Si
2870 1383 2976 1422 non
3006 1385 3236 1438 qureras,
3273 1385 3342 1425 ne
3370 1371 3472 1425 mi-

1877 1461 2035 1525 reris,
2055 1461 2098 1514 si
2128 1475 2233 1516 non
2259 1461 2528 1530 reperias:
2555 1475 2676 1514 nam
2704 1459 2800 1526 Qui
2817 1462 3017 1532 qutcrit,
3043 1463 3230 1516 invenit
3252 1462 3467 1533 (Matth.

1879 1552 1930 1606 7.
1965 1552 2040 1620 7),
2074 1567 2181 1607 non
2212 1551 2300 1620 qui
2335 1566 2441 1605 non
2472 1552 2685 1620 quzrrit.
2717 1552 2855 1607 Audi
2887 1567 2983 1607 eos
3009 1554 3098 1622 qui
3135 1555 3185 1607 in
3217 1553 3470 1608 solitudi-

1880 1643 2030 1697 nibus
2083 1651 2207 1697 sunt
2252 1660 2265 1696 :
2312 1642 2483 1713 ahjice
2541 1658 2731 1697 aurum
2783 1652 2837 1698 et
2897 1654 3214 1715 argentum;
3276 1646 3474 1714 ubique

1879 1745 2143 1790 terrarum
2172 1744 2316 1788 sunt.
2347 1735 2400 1789 Si
2434 1749 2542 1790 non
2570 1734 2710 1789 domi
2745 1736 2994 1805 recipias,
3027 1737 3175 1790 illum
3206 1737 3311 1801 adi,
3347 1752 3470 1791 cum

1880 1826 1968 1880 illo
1995 1841 2240 1890 versare,
2288 1825 2354 1879 ad
2384 1825 2500 1896 ejus
2539 1825 2758 1880 domum
2806 1828 3041 1894 accede,
3077 1839 3134 1883 ut
3177 1831 3348 1898 possis
3383 1831 3474 1884 illo

1879 1916 1980 1972 frui
2010 1918 2232 1988 ejusque
2263 1918 2655 1974 benedictione.
2705 1919 2891 1989 Magna
2922 1921 3119 1991 quippe
3149 1931 3230 1975 est
3260 1931 3476 1977 sancto-

1878 2025 1996 2063 rum
2044 2009 2366 2076 benedietio,
2410 2025 2568 2080 quam
2624 2012 2838 2080 assequi
2885 2026 3154 2076 curemus,
3189 2022 3245 2066 ιιι
3286 2029 3472 2068 eorum

1881 2100 2125 2169 precibus
2171 2099 2358 2169 adjuti,
2406 2100 2496 2154 Dei
2529 2099 2639 2172 [qui
2673 2101 2792 2154 illos
2824 2100 3061 2173 roborat]
3107 2103 3474 2159 misericordia

1881 2190 2136 2254 fruamur,
2196 2191 2367 2258 gratia
2417 2199 2472 2244 et
2527 2173 2852 2260 benignitate
2903 2191 3171 2261 Unigeniti
3216 2195 3332 2263 ejus
3361 2193 3477 2266 [Fi-

1880 2278 1980 2352 lii},
2023 2280 2236 2350 quicum
2283 2279 2425 2334 Patri
2476 2289 2530 2335 et
2580 2281 2799 2350 Spiritui
2846 2292 3031 2337 sancto
3070 2284 3272 2353 gloria,
3304 2287 3476 2356 impe~

1878 2370 2037 2433 rium,
2059 2370 2252 2437 honor,
2275 2385 2415 2425 nunc
2432 2379 2734 2442 ctsemper,
2759 2383 2811 2427 et
2836 2373 2886 2426 in
2911 2374 3106 2428 saecula
3130 2377 3472 2434 saeculorum.

1881 2465 2074 2518 Amen.

188 2597 3048 2626 _____________..____.____..__________.______________

1584 2641 1924 2731 Hostum
1960 2670 2118 2730 LIV.

191 2833 312 2890 Car.
337 2833 428 2888 28.
459 2848 511 2886 ν.
551 2832 602 2885 1.
641 2827 860 2883 Barbari
894 2841 1007 2880 vero
1049 2821 1352 2893 prmstabant
1393 2835 1492 2872 non
1521 2816 1771 2870 modicam

258 2926 621 2979 humanitatem
665 2920 826 2974 nobis.
870 2918 925 2972 2.
980 2918 1200 2969 Accensa
1226 2914 1357 2966 enim
1401 2927 1548 2980 pyra,
1580 2908 1776 2974 reﬁcie-

258 3021 371 3074 bant
399 3035 490 3072 nos
517 3031 706 3078 omnes,
732 3022 934 3083 prapter
955 3012 1160 3064 imbrem
1177 3007 1261 3077 qui
1285 3005 1593 3069 imminebat,
1615 3013 1660 3055 et
1681 3002 1774 3070 fri-

257 3127 368 3181 gus.
401 3111 451 3164 5.
481 3107 605 3162 Cum
629 3113 976 3176 congregasset
1001 3111 1165 3155 autem
1193 3099 1384 3153 Paulus
1406 3106 1774 3151 sarmentorum

259 3199 631 3254 multitudinem
672 3206 716 3250 et
745 3195 1064 3263 imposuisset
1093 3193 1145 3245 in
1187 3192 1372 3260 ignem,
1409 3188 1580 3256 vipera
1627 3201 1658 3237 a
1691 3199 1776 3236 ca-

261 3293 365 3347 lore
389 3307 503 3345 cum
528 3288 866 3360 processisset.
897 3284 1169 3338 momordit
1197 3296 1402 3334 manum
1432 3281 1563 3347 ejus.

260 3385 310 3439 1.
345 3380 626 3450 Quomodo
667 3377 1048 3434 lnunanitatem
1082 3379 1397 3443 prmstarent
1422 3368 1653 3433 barbari,
1689 3367 1772 3420 in-

195 3482 518 3542 terpretatur
547 3488 559 3523 :
591 3471 827 3529 Accensa,
860 3467 1050 3536 inquit,
1079 3481 1206 3534 pyra
1227 3462 1514 3529 reﬁciebant
1537 3476 1624 3513 nos
1646 3457 1776 3530 [om-

195 3561 318 3635 nes].
348 3563 479 3630 Quia
505 3561 646 3616 enim
676 3558 816 3613 nulla
839 3572 903 3613 ex
933 3554 1183 3611 evasione
1205 3552 1401 3606 utilitas
1423 3550 1631 3615 fuisset,
1655 3563 1774 3602 cum

197 3654 355 3724 frigus
402 3652 522 3706 illos
549 3651 992 3718 interempturum
1019 3653 1185 3710 esset,
1233 3641 1535 3701 accendunt
1567 3655 1770 3711 pyram.

199 3746 328 3802 llinc
357 3745 556 3799 Paulus
599 3751 816 3810 aesepta
858 3744 1125 3794 sarmenta
1174 3737 1224 3788 in
1272 3747 1459 3803 rogum
1499 3731 1678 3794 infert,
1721 3739 1780 3784 ut

199 3835 284 3891 ille
311 3835 586 3903 subiungit
610 3849 623 3884 :
650 3831 776 3884 Cum
824 3835 1177 3899 congregasset
1218 3833 1384 3878 autem
1432 3822 1628 3876 Paulus
1668 3839 1781 3874 sar-

199 3939 473 3982 mentorum
497 3922 892 3978 multitudinem.
911 3918 1045 3973 Vide
1067 3917 1212 3971 illum
1231 3922 1562 3985 operantem;
1581 3923 1632 3968 et
1656 3927 1783 3966 nus-

201 4039 352 4092 quam
369 4023 565 4077 frustra
586 4018 844 4073 mirabilia
859 4034 919 4087 pa
929 4023 1178 4078 trantem,
1193 4012 1287 4068 sed
1303 4012 1370 4066 ob
1387 4010 1780 4065 necessitatem:

204 4129 317 4168 nam
339 4114 390 4168 in
416 4118 731 4179 tempestate
752 4122 961 4178 quoque
989 4120 1094 4161 non
1112 4105 1230 4159 sine
1242 4117 1400 4157 causa
1423 4099 1778 4172 prophetavit,

203 4215 254 4260 et
275 4206 361 4261 hic
379 4220 592 4260 rursum
619 4211 884 4258 sarmenta
906 4200 1105 4270 colligit
1130 4208 1183 4253 et
1211 4197 1452 4266 imponit.
1479 4195 1610 4249 Vide
1635 4194 1782 4248 illum

204 4312 305 4352 non
323 4298 388 4352 ad
412 4296 609 4351 fastum
629 4294 708 4350 vel
734 4292 1003 4363 superflue
1019 4297 1286 4360 agentem,
1311 4286 1402 4342 sed
1427 4296 1485 4340 ut
1507 4286 1580 4340 illi
1597 4299 1784 4340 serva-

205 4387 577 4444 renturcaiore
593 4387 822 4457 quodam
842 4383 1094 4438 fruentes.
1112 4379 1313 4436 Deinde
1329 4378 1509 4448 vipera
1528 4392 1592 4431 ex
1606 4376 1788 4431 calore

205 4494 413 4549 egressa
437 4493 653 4533 manum
676 4477 792 4545 ejus
814 4476 1006 4529 invasit
1033 4494 1044 4527 :
1069 4483 1120 4529 et
1146 4471 1284 4542 quod
1311 4471 1586 4536 invaserit,
1611 4469 1786 4540 palam

209 4578 377 4624 estex
415 4567 787 4638 sequentibus.
819 4567 872 4621 b.
910 4565 976 4620 Ut
1022 4580 1136 4618 vero
1174 4565 1402 4618 viderunt
1439 4562 1641 4616 barbari
1669 4578 1789 4631 pen-

210 4659 401 4713 dentem
429 4658 641 4713 bestiam
662 4660 723 4711 de
749 4673 900 4710 manu
924 4659 1052 4728 ejus,
1070 4656 1198 4710 inter
1218 4671 1270 4708 se
1299 4652 1529 4707 dicebant
1553 4669 1570 4706 :
1597 4652 1784 4722 Utique

211 4751 458 4803 homicida
488 4759 562 4804 est
607 4750 756 4802 homo
786 4748 865 4801 hic
889 4789 903 4812 ,
945 4764 1090 4817 quem
1119 4757 1367 4800 servatum
1412 4746 1472 4798 dc
1499 4746 1626 4798 mari
1666 4745 1790 4798 ultio

212 4856 308 4894 non
331 4841 449 4894 sinit
479 4841 658 4894 vivere.
689 4839 833 4894 Bene
857 4838 958 4893 hoc
983 4839 1298 4908 permissum
1331 4846 1430 4900 est,
1459 4847 1511 4891 ut
1543 4837 1665 4891 talia
1715 4837 1790 4891 illi

211 4931 448 4987 viderent
468 4940 522 4987 et
547 4931 905 5000 loquerentur,
938 4942 992 4985 ut
1016 4930 1192 4985 futuro
1219 4932 1474 4985 miraculo
1505 4929 1659 4984 fidem
1687 4948 1790 4985 non

213 5033 486 5093 negarent.
521 5021 652 5076 Vide
696 5023 938 5077 naturale
979 5023 1235 5092 judicium
1269 5039 1296 5075 a
1331 5023 1569 5077 barbaris
1612 5021 1793 5092 prola-

213 5123 319 5168 tum
343 5157 356 5180 ,
394 5115 646 5184 ipsosque
687 5114 908 5169 honeste
935 5117 1071 5169 inter
1099 5131 1156 5170 se
1199 5117 1511 5186 loquentes,
1544 5131 1640 5171 nec
1667 5117 1794 5171 sim-

216 5205 416 5273 pliciter
457 5205 795 5259 damnantes.
841 5207 914 5260 Ita
957 5207 1041 5260 hic
1084 5209 1230 5276 prius
1270 5208 1469 5273 vident,
1520 5218 1574 5262 ut
1628 5210 1795 5279 magis

215 5296 487 5351 mirentur.
521 5298 574 5352 5.
613 5315 632 5348 ι
681 5298 748 5351 At
779 5297 865 5352 ille
891 5313 1107 5354 excussa
1136 5299 1297 5354 bestia
1330 5302 1381 5355 in
1421 5301 1595 5371 ignem
1621 5344 1634 5368 ,
1667 5303 1795 5356 nihil

218 5388 336 5439 mali
369 5403 555 5457 [uissus
585 5397 666 5443 est
692 5407 704 5443 :
730 5390 780 5444 6.
810 5390 882 5444 illi
906 5405 1034 5444 vero
1064 5391 1440 5445 existimabant
1470 5406 1590 5446 eum
1626 5393 1676 5446 in
1710 5403 1794 5446 tu-

218 5491 416 5531 morem
467 5480 888 5534 convertendum
917 5490 970 5535 et
1007 5481 1182 5536 subito
1211 5498 1457 5537 casurmn
1503 5495 1791 5538 mortuum.

223 5568 315 5621 Diu
341 5582 519 5624 autem
546 5571 647 5623 illis
675 5573 1094 5640 expectantibus,
1125 5584 1176 5628 et
1211 5574 1511 5629 \identibus
1558 5576 1688 5630 nihil
1717 5578 1795 5631 illi

224 5659 340 5712 min
366 5660 630 5726 accidere,
665 5674 862 5717 mutata
892 5665 1178 5730 sententia,
1207 5664 1454 5719 dicebant
1487 5666 1655 5735 ipsum
1679 5683 1798 5722 esse

223 5747 394 5803 demn.
439 5771 454 5802 ι
488 5752 587 5817 Qui
632 5754 1002 5809 existimabant
1033 5755 1177 5808 illum
1212 5754 1274 5807 In
1312 5765 1558 5810 tumorem
1592 5775 1798 5812 conver-

225 5841 443 5907 tmdum,
475 5842 523 5895 id
553 5853 652 5906 est,
681 5844 1090 5914 dirumpendnm
1119 5863 1128 5899 :
1161 5847 1396 5901 videntes
1424 5846 1473 5899 hi
1519 5861 1640 5901 eum
1665 5849 1796 5901 nihil

1889 2814 2013 2867 mali
2037 2829 2272 2885 passum,
2295 2817 2478 2870 dicunt
2503 2833 2623 2873 esse
2645 2818 2823 2874 deum.
2844 2820 3050 2877 Rursus
3076 2838 3236 2893 supra
3260 2824 3477 2879 modum

1885 2908 2029 2961 illum
2064 2909 2346 2974 honorant,
2373 2924 2430 2964 ιιι
2455 2915 2622 2967 turba:
2653 2915 2758 2969 illa:
2782 2918 2832 2969 in
2858 2917 3144 2988 Lycaonia.
3176 2921 3227 2974 7.
3264 2919 3328 2975 In
3351 2921 3477 2975 locis

1882 3009 2051 3053 autem
2097 3002 2271 3056 vicinis
2315 3015 2456 3058 erunt
2511 3007 2704 3074 prtrtlia
2751 3010 2996 3080 principis
3042 3010 3226 3065 insula:
3278 3014 3480 3066 nomine

1885 3092 2094 3156 Publii;
2125 3098 2212 3164 qui
2241 3114 2330 3150 nos
2356 3100 2656 3169 suscipiens,
2689 3103 2858 3155 triduo
2886 3120 2977 3156 nos
3025 3105 3236 3173 benigne
3259 3106 3480 3174 hospitio

1884 3188 2091 3256 recepit.
2137 3189 2276 3244 Ecce
2305 3193 2494 3245 iterum
2523 3192 2661 3246 alius
2687 3194 2964 3263 Ιιοερίιιιιίε
2994 3196 3214 3251 Publius
3245 3197 3398 3252 dives
3426 3209 3482 3254 et

1883 3278 2172 3346 opulentus
2199 3296 2210 3333 :
2242 3281 2331 3350 qni
2364 3297 2484 3334 cum
2517 3282 2647 3335 nihil
2674 3284 2893 3338 vidisset
2923 3327 2937 3351 ,
2971 3287 3062 3340 sed
3097 3287 3166 3341 ob
3189 3288 3356 3342 solam
3386 3304 3480 3342 ca-

1885 3369 2176 3425 lamitatem
2207 3371 2459 3426 misertus
2491 3373 2721 3439 illorum,
2750 3374 2983 3445 hospitio
3006 3380 3215 3448 excepit
3241 3389 3295 3433 et
3323 3379 3476 3434 fovit.

1884 3460 1938 3515 8.
1960 3461 2180 3532 Contigit
2209 3471 2394 3526 autem,
2416 3475 2609 3532 patrem
2639 3465 2814 3520 Publii
2836 3467 3054 3538 febribus
3081 3486 3140 3524 ac
3189 3471 3480 3543 dysenteria

1885 3565 2120 3607 vexatum
2148 3554 2444 3610 decumbere
2475 3572 2495 3609 :
2520 3557 2587 3609 ad
2612 3574 2758 3627 quem
2794 3557 2986 3614 Paulus
3009 3562 3266 3631 ingressus
3294 3565 3477 3628 oravit,

1886 3646 2235 3714 impositisque
2261 3648 2340 3701 illi
2360 3648 2592 3703 manibus
2615 3651 2805 3704 curavit
2828 3668 2961 3704 euut.
2991 3653 3121 3717 Quia
3151 3653 3341 3724 dignus
3365 3665 3482 3710 erat

1889 3736 2173 3802 beneficio,
2209 3738 2377 3792 vicem
2409 3738 2482 3792 illi
2512 3739 2890 3806 hospitalitatis
2914 3742 3235 3810 rependens,
3270 3746 3480 3799 curavit

1888 3835 2120 3896 patrem.
2150 3828 2202 3885 9.
2247 3828 2359 3896 Quo
2408 3831 2564 3899 facta,
2610 3847 2781 3885 omnes
2817 3832 2982 3901 quiin
3022 3834 3192 3887 insula
3233 3834 3483 3890 habebant

1889 3918 2207 3984 inﬁrmitates
2230 3961 2244 3984 ,
2271 3921 2576 3975 accedebant
2626 3933 2670 3976 et
2715 3927 3025 3979 curabuntur
3054 3941 3073 3978 .'
3105 3926 3187 3981 10.
3219 3928 3305 3997 qui
3330 3929 3482 3981 etiam

1890 4010 2061 4064 multis
2089 4011 2364 4066 honoribus
2391 4028 2481 4066 nos
2502 4014 2879 4067 lionoraverunt
2903 4055 2917 4081 ,
2965 4025 3009 4069 et
3044 4017 3350 4071 solventibus
3387 4018 3484 4071 im-

1892 4111 2165 4170 posuerunt
2192 4118 2306 4172 qua:
2333 4105 2616 4158 necessaria
2646 4116 2788 4158 erant
2821 4121 2844 4158 :‘
2867 4107 2916 4159 id
2956 4115 3038 4161 est
3064 4148 3076 4170 ,
3104 4116 3159 4161 et
3188 4109 3340 4162 nobis
3368 4109 3483 4162 sol-

1891 4192 2136 4247 ventibus
2187 4196 2489 4250 necessaria
2526 4196 2793 4253 dederunt
2842 4208 2896 4253 et
2936 4199 3075 4254 aliis.
3129 4199 3260 4256 Vide
3291 4201 3412 4256 illos
3451 4218 3484 4257 a

1894 4292 2210 4354 tempestate
2231 4287 2505 4353 liberatos,
2537 4304 2641 4344 non
2673 4290 2835 4344 fuisse
2859 4293 3132 4362 neglectos
3159 4309 3172 4356 ;
3204 4293 3296 4348 sed
3320 4295 3482 4349 etiam

1895 4386 2113 4446 propter
2143 4377 2362 4432 Paulum
2389 4379 2596 4434 liberali
2637 4380 2870 4450 hospitio
2901 4395 3179 4451 susceptos
3211 4404 3223 4438 :
3255 4399 3348 4453 per
3377 4394 3486 4440 tres

1893 4469 2036 4523 enim
2056 4485 2268 4525 menses
2283 4471 2536 4526 alimenta
2552 4473 2800 4528 omnibus
2817 4476 3153 4544 suppeditata
3169 4476 3310 4531 sunt.
3331 4478 3488 4546 Quod

1895 4561 2037 4615 enim
2083 4571 2285 4616 tantum
2319 4565 2572 4631 temporis
2603 4565 2671 4619 ibi
2705 4567 3036 4633 manserint,
3065 4567 3186 4622 audi
3217 4570 3490 4639 quomodo

1896 4663 2079 4723 postea
2109 4665 2291 4708 narret
2319 4671 2334 4708 :
2366 4655 2456 4710 11.
2494 4674 2512 4707 ι
2551 4655 2679 4710 Post
2710 4672 2924 4712 menses
2954 4669 3129 4712 autem
3172 4669 3280 4713 tres
3301 4703 3315 4720 .
3341 4662 3488 4716 navi-

1897 4745 2136 4814 gavimus
2166 4745 2215 4798 in
2251 4747 2372 4798 navi
2403 4747 2762 4802 Alexandrina
2788 4791 2803 4816 ,
2832 4765 2952 4819 qua:
2979 4750 3030 4804 in
3076 4751 3247 4806 insula
3279 4752 3486 4807 hicma-

1900 4846 2067 4901 verat,
2099 4836 2182 4890 cui
2212 4846 2326 4890 erat
2367 4838 2574 4908 insigne
2596 4839 2784 4894 Castor
2816 4851 2866 4896 et
2897 4840 3105 4896 Pollux.
3139 4843 3226 4898 12.
3265 4844 3330 4898 Ει
3359 4861 3486 4900 eum

1898 4929 2233 4983 venissemus
2258 4928 2572 5000 Syracusas,
2594 4933 2888 4987 mansimus
2917 4933 2985 4988 ibi
3017 4935 3211 4991 triduo.
3245 4938 3330 4992 t3.
3363 4938 3499 4993 Inde

1899 5019 2346 5090 cireumlegentes
2391 5020 2704 5078 devenimus
2746 5023 3009 5094 Rhegium
3045 5042 3058 5075 :
3090 5038 3142 5080 et
3177 5038 3296 5096 post
3327 5046 3498 5084 unum

1901 5111 2041 5166 diem
2070 5112 2231 5167 ﬂante
2259 5125 2442 5167 austro
2470 5157 2483 5177 ,
2515 5115 2748 5168 secunda
2777 5117 2866 5170 die
2909 5121 3153 5173 venimus
3194 5122 3443 5175 Puteolos
3477 5139 3491 5173 :

1904 5206 1988 5259 ib.
2026 5205 2110 5258 ubi
2141 5205 2370 5260 inventis
2401 5206 2664 5270 fratribus,
2698 5209 2863 5277 rogati
2893 5224 3078 5264 sumus
3107 5227 3323 5266 manere
3345 5214 3491 5282 apud

1902 5312 1994 5350 eos
2027 5307 2231 5366 septem
2258 5297 2402 5360 dies;
2430 5308 2482 5352 et
2513 5299 2587 5352 sic
2613 5301 2850 5354 venimus
2884 5302 3128 5356 Romam.
3166 5305 3250 5359 15.
3279 5303 3339 5356 Ει
3369 5304 3494 5358 inde

1903 5403 2021 5440 eum
2055 5389 2328 5443 audissent
2373 5387 2565 5443 fratres
2591 5430 2603 5452 ,
2639 5402 2995 5446 occurrerunt
3035 5393 3188 5446 nobis
3220 5409 3388 5462 usque
3424 5394 3498 5446 ad

1907 5481 2060 5550 Appii
2112 5481 2281 5535 forum
2329 5493 2381 5536 et
2423 5482 2558 5536 Tres
2608 5483 2879 5539 tabernas.
2914 5484 3059 5549 Quos
3105 5501 3225 5539 cum
3275 5487 3499 5542 vidisset

1906 5573 2120 5637 Paulus,
2148 5587 2311 5640 agens
2341 5574 2539 5640 gratias
2566 5574 2674 5628 Deo
2696 5616 2708 5637 ,
2755 5576 2959 5644 accepit
2994 5574 3262 5631 fiduciam.
3305 5597 3323 5629 ›
3360 5576 3498 5632 Vide

1903 5665 2172 5735 quomodo
2196 5674 2415 5734 pr0pter
2439 5665 2661 5720 Paulum
2696 5667 2807 5720 lucc
2829 5668 3006 5720 omnia
3041 5669 3190 5734 liant,
3225 5679 3279 5722 nt
3303 5670 3498 5723 crede-

1905 5767 2021 5811 rent
2055 5758 2239 5822 vineti,
2284 5758 2514 5824 milites,
2548 5761 2810 5814 centurio.
2843 5760 2973 5814 Nam
3004 5765 3100 5815 etsi
3134 5763 3321 5830 lapidri
3367 5764 3496 5816 fuis-

1905 5860 2022 5903 sent
2050 5892 2063 5918 ,
2097 5861 2148 5903 et
2197 5866 2288 5919 per
2319 5865 2379 5903 ea
2408 5867 2524 5919 qua:
2562 5853 2934 5907 consulentem
2963 5854 3238 5906 audierant
3271 5897 3280 5920 ,
3316 5864 3365 5907 et
3402 5874 3494 5922 jl‘l‘
