4070 6486
639 360 743 414 375

633 486 694 525 ea
722 488 825 540 qua
866 468 1179 540 praedixerat
1204 508 1218 533 ,
1249 481 1449 536 perque
1490 461 1742 517 miracula
1770 476 1887 531 qua:
1918 467 2151 531 patraret
2173 496 2189 522 ,

632 574 685 616 et
712 580 777 617 ex
803 560 1065 615 alimentis
1090 559 1192 613 sibi
1219 555 1583 627 suppeditatis,
1614 568 1803 622 magna
1841 552 1908 606 de
1940 550 2033 607 illo
2053 564 2187 604 con-

634 654 916 720 cepissent.
972 649 1100 703 Vide
1156 648 1364 718 quando
1412 654 1611 700 rectum
1647 643 1902 712 judicium
1951 653 2052 704 est,
2096 655 2197 695 nev.

634 742 824 797 allecto
878 750 1316 811 praeoccupatum,
1367 736 1631 808 quomodo
1680 736 1858 789 statim
1912 744 2081 789 rectas
2138 745 2193 786 et

634 832 885 902 probatas
910 833 1199 887 sententias
1227 828 1466 897 accipiat.
1512 825 1627 879 .lam
1661 826 1711 879 in
1750 824 1980 880 Siciliam
2010 837 2193 891 perve-

636 934 785 978 nerat
805 922 1108 992 praedicatio
1131 938 1146 985 ;
1172 920 1278 989 jam
1302 932 1467 985 usque
1492 916 1742 970 Puteolos
1774 916 2068 983 perligeret,
2106 912 2191 965 ubi

636 1015 860 1083 repertis
906 1012 1212 1083 quibusdam
1269 1008 1518 1062 fratribus
1571 1007 1707 1075 apud
1779 1005 1893 1058 illos
1954 1014 2189 1057 manent.

635 1102 833 1158 Deinde
866 1101 975 1165 alii,
998 1102 1128 1153 fama
1160 1097 1407 1169 permoti,
1439 1097 1567 1166 ipsis
1600 1101 1943 1149 occurrerunt
1973 1110 1985 1144 ι
2018 1101 2193 1146 tantus

634 1202 747 1246 erat
791 1190 1009 1245 fratrum
1056 1187 1293 1251 affectus,
1342 1187 1431 1257 qui
1474 1201 1577 1240 non
1629 1183 1821 1239 turbati
1867 1192 2011 1247 sunt,
2052 1182 2190 1251 quod

634 1280 825 1334 Paulus
851 1289 995 1334 esset
1019 1280 1071 1333 in
1097 1277 1345 1342 vinculis,
1377 1276 1470 1331 sed
1512 1276 1719 1330 obviam
1743 1281 2023 1327 venerunt.
2058 1272 2188 1325 Vide

637 1378 812 1423 autem
845 1370 989 1423 illurn
1021 1369 1307 1422 humanum
1330 1366 1596 1437 quidpiam
1627 1378 1836 1434 passum
1861 1377 2000 1418 esse.
2025 1361 2191 1415 Fidu-

629 1460 777 1525 ciam,
808 1458 996 1529 inquit,
1026 1459 1213 1529 accepit
1234 1459 1403 1510 videns
1422 1459 1619 1525 fratres.
1643 1454 1895 1520 Quamvis
1942 1462 2020 1507 tot
2043 1454 2189 1521 signa

636 1551 866 1613 fecisset,
896 1551 1097 1619 accepit
1140 1556 1313 1601 tamen
1345 1563 1407 1601 ex
1462 1555 1681 1615 aspectu
1713 1544 1917 1600 ﬁducia:
1944 1560 2193 1615 augmen-

633 1652 763 1696 tum.
800 1641 929 1695 llinc
953 1641 1202 1694 discimus
1231 1640 1375 1692 illum
1398 1638 1627 1693 humano
1648 1637 1805 1691 etiam
1836 1652 1983 1691 more
1999 1651 2191 1691 conso-

632 1733 882 1786 lationem
909 1732 1176 1801 accepisse
1198 1772 1213 1796 ,
1246 1740 1298 1785 et
1328 1739 1534 1783 contra.
1564 1729 1648 1783 l6.
1688 1729 1814 1783 Cum
1842 1739 2005 1781 autem
2032 1729 2194 1781 venis-

630 1841 792 1878 semus
822 1824 1033 1877 Romam
1061 1862 1078 1888 ,
1108 1823 1404 1890 permissum
1430 1831 1500 1873 est
1533 1819 1699 1873 Paulo
1740 1836 1939 1873 manere
1970 1835 2190 1873 seorsum

633 1931 744 1967 cum
772 1914 926 1967 milite
963 1930 1014 1966 se
1040 1913 1362 1967 custodiente.
1392 1911 1620 1965 Viden’?
1648 1910 1960 1978 permissum
1982 1919 2065 1964 est
2092 1910 2189 1975 illi,

633 2012 690 2058 ut
709 2006 928 2058 seorsim
952 2014 1207 2057 maneret.
1236 2003 1349 2056 Non
1380 2017 1595 2071 parvum
1622 2011 1703 2055 est
1724 2010 1777 2054 et
1798 2002 1898 2055 hoc
1918 2016 2190 2071 argumen-

629 2107 737 2150 tum
763 2096 908 2149 illum
929 2097 979 2149 in
1000 2111 1181 2163 magna
1198 2094 1544 2149 admiratione
1563 2093 1723 2148 fuisse
1742 2111 1765 2147 ι
1784 2109 1887 2147 non
1909 2094 2048 2147 enim
2067 2108 2188 2148 cum

629 2187 747 2239 aliis
775 2188 943 2251 ipsum
971 2185 1409 2239 annnmerabant.
1456 2182 1581 2237 Post
1621 2192 1717 2236 tres
1743 2190 1907 2234 autent
1937 2181 2042 2236 dies
2066 2199 2190 2235 con-

626 2276 813 2329 vocavit
841 2274 1354 2343 primosludteorum.
1386 2274 1509 2326 Post
1530 2272 1757 2326 triduum
1786 2273 1972 2327 accivit
1990 2273 2189 2341 primos

627 2366 927 2421 Judmorum
954 2406 968 2429 ,
1004 2382 1068 2420 ne
1094 2380 1251 2421 aures
1298 2365 1507 2419 illorum
1553 2372 2071 2432 praeoccuparentur.
2123 2363 2187 2416 Et

626 2457 751 2526 quid
792 2472 1069 2512 Commune
1098 2471 1214 2510 cum
1248 2455 1351 2508 illis
1376 2454 1595 2508 habuit?
1626 2469 1727 2508 non
1757 2456 1895 2509 enim
1926 2455 1999 2509 illi
2028 2470 2184 2509 accn-

625 2546 787 2599 saturi
822 2547 989 2616 ipsum
1017 2555 1185 2600 erant.
1221 2548 1287 2599 At
1315 2545 1402 2599 ille
1431 2560 1533 2598 non
1562 2544 1662 2599 hoc
1687 2546 1903 2599 curabat
1923 2588 1938 2609 ,
1962 2546 2054 2601 sed
2086 2546 2188 2601 hoc

624 2636 816 2691 docere
844 2638 1074 2702 volebat,
1107 2646 1161 2689 ut
1187 2652 1252 2690 ne
1282 2636 1533 2690 ex'dictis
1561 2636 1971 2691 ollenderentur.

695 2728 750 2779 9..
783 2726 948 2780 Juda'i
978 2741 1104 2795 ergo
1136 2737 1209 2779 tot
1236 2725 1472 2779 videntes
1502 2726 1774 2790 miracula,
1806 2727 2189 2795 persequeban-

630 2827 732 2880 tur,
767 2816 1070 2885 pellebant;
1102 2814 1308 2869 barbari
1341 2829 1465 2868 vero
1486 2856 1499 2877 ,
1529 2816 1616 2883 qui
1650 2814 1777 2867 nihil
1807 2814 2083 2880 viderant,
2120 2832 2187 2871 ex

627 2907 738 2959 sola
772 2906 1067 2959 calamitate
1104 2904 1473 2957 misericordes
1502 2913 1674 2958 erant.
1712 2903 1949 2969 Omnino,
1980 2904 2184 2973 inquie-

629 2996 776 3059 bant,
795 2996 1041 3048 homicida
1066 3004 1139 3047 est
1170 2995 1249 3046 hic
1276 2995 1442 3046 homo.
1472 2993 1583 3047 Non
1613 2993 1923 3062 simpliciter
1955 3009 2186 3062 pronun-

625 3086 757 3139 tiant
780 3127 795 3146 ,
828 3085 919 3139 sed
944 3126 960 3151 ,
992 3085 1231 3151 Omnino,
1262 3085 1445 3139 dicunt
1469 3101 1483 3149 ;
1512 3084 1566 3138 id
1594 3093 1674 3137 cst
1698 3123 1713 3148 ,
1745 3092 1803 3137 ut
1832 3084 2011 3138 videre
2040 3086 2182 3138 licet.

632 3176 695 3229 Et
723 3177 847 3229 ultio
866 3218 879 3243 ,
912 3176 1185 3246 inquiunt,
1216 3178 1379 3244 ipsum
1408 3177 1567 3229 vivere
1591 3192 1689 3229 non
1717 3176 1853 3229 sinit.
1895 3176 2033 3244 Ergo
2064 3191 2187 3245 pro-

629 3266 875 3320 videntia:
919 3267 1175 3321 rationem
1224 3267 1525 3331 habebant,
1573 3276 1625 3320 et
1670 3267 1835 3336 magis
1892 3266 2187 3335 philosophi

628 3364 773 3408 erant
794 3394 811 3419 ,
847 3370 1003 3423 quam
1048 3356 1143 3423 ipsi
1188 3356 1505 3425 philoSOphi.
1552 3356 1611 3408 lli
1640 3357 1781 3409 enim
1807 3371 1868 3410 ea
1896 3397 1910 3420 ,
1942 3373 2059 3425 qute
2090 3357 2189 3410 sub

628 3444 747 3496 luna
781 3442 932 3507 ﬁunt,
959 3444 1281 3512 prOvidentia
1312 3446 1407 3498 frui
1439 3459 1541 3498 non
1569 3450 1786 3500 sinunt:
1819 3446 1889 3500 illi
1920 3461 2047 3501 vero
2076 3447 2189 3501 ubi-

624 3547 724 3600 que
756 3533 1005 3601 putabant
1036 3534 1198 3587 Deum
1240 3549 1357 3588 esse
1388 3544 1701 3603 praesentem
1729 3576 1744 3601 ,
1790 3544 1842 3590 et
1885 3536 2023 3605 quod
2066 3536 2189 3591 licet

628 3622 789 3675 multa
819 3622 936 3689 quis
963 3622 1227 3691 ell‘ugerit,
1260 3639 1363 3677 non
1394 3639 1559 3692 usque
1586 3625 1636 3679 in
1668 3624 1823 3680 ﬁnem
1855 3634 2027 3680 tamen
2058 3626 2187 3681 edu-

628 3712 753 3778 giet.
790 3710 857 3764 Et
887 3710 1026 3777 vide,
1056 3711 1321 3781 quomodo
1343 3728 1446 3766 non
1476 3713 1749 3783 insurgant
1777 3714 1828 3768 in
1857 3714 2002 3767 illum
2028 3716 2192 3768 omni-

631 3816 737 3864 no,
784 3802 873 3855 sed
920 3811 1133 3870 propter
1162 3804 1515 3857 calamitatem
1561 3804 1770 3857 interim
1817 3813 2189 3881 revereantur;

634 3908 802 3960 neque
834 3892 920 3946 illa
959 3893 1262 3961 divulgant,
1294 3894 1383 3947 sed
1420 3895 1554 3947 inter
1580 3909 1638 3949 se
1672 3894 1889 3949 dicunt:
1923 3910 2041 3949 nam
2076 3897 2190 3950 viu-

628 3982 745 4034 cula
770 3980 902 4035 hanc
926 3982 1226 4049 injiciebant
1252 3983 1605 4052 suspicionem
1633 4001 1645 4035 :
1673 3984 1829 4037 vincti
1858 3984 1996 4039 enim
2019 3994 2189 4038 erant.

630 4070 957 4124 Erubescant
986 4071 1017 4124 ii
1047 4072 1136 4140 qui
1165 4071 1372 4136 dicunt,
1405 4072 1479 4126 Ne
1526 4072 1823 4127 benefacias
1858 4074 1934 4127 eis
1959 4113 1973 4139 ,
2020 4074 2106 4143 qui
2140 4075 2189 4127 in

630 4162 932 4215 carceribus
975 4172 1129 4228 sunt;
1182 4164 1437 4233 pudorem
1484 4164 1637 4219 nobis
1674 4164 1895 4220 aﬂ‘erant
1938 4166 2189 4221 barbari:

637 4267 739 4306 non
769 4255 907 4305 enim
935 4253 1169 4307 sciebant
1195 4255 1406 4322 quinam
1434 4255 1507 4307 illi
1536 4266 1733 4319 essent,
1764 4257 1857 4310 sed
1887 4272 1951 4311 ex
1981 4258 2194 4311 calami-

632 4350 740 4394 tate
771 4342 908 4409 ipsos
930 4356 1046 4396 esse
1075 4343 1315 4397 homines
1344 4342 1673 4409 didicerunt;
1704 4345 1926 4415 ideoque
1951 4362 2067 4401 cum
2091 4348 2192 4403 liu-

634 4432 884 4485 manitate
912 4432 1030 4486 illos
1059 4442 1400 4501 exceperunt.
1439 4433 1657 4487 Multum
1698 4446 1861 4488 autem
1888 4437 1988 4489 illis
2015 4454 2191 4508 exspe-

627 4524 918 4586 ctantibus,
970 4525 1178 4593 inquit;
1235 4524 1284 4578 id
1334 4534 1453 4591 est,
1505 4525 1595 4581 diu
1646 4529 2023 4597 exspectabant
2072 4546 2190 4585 eum

636 4615 971 4667 moriturum.
1019 4614 1111 4668 Ille
1140 4628 1261 4668 tero
1290 4615 1512 4669 bestiam
1541 4617 1773 4671 excussit
1803 4618 1853 4672 in
1887 4619 2058 4687 ignem
2083 4661 2098 4685 ,
2142 4630 2195 4675 et

635 4716 843 4756 manqu
876 4703 1001 4757 nihil
1034 4719 1237 4773 passam
1270 4706 1596 4759 monstravit.
1650 4707 1761 4761 lloc
1802 4707 2037 4764 videntes
2080 4721 2191 4765 stu-

640 4789 828 4858 pefacti
853 4802 907 4845 et
931 4793 1100 4847 mirati
1130 4806 1269 4847 sunt.
1296 4794 1472 4864 Neque
1497 4797 1671 4849 statim
1699 4796 2087 4866 deprehensum
2116 4811 2195 4856 est

633 4880 839 4947 signum
867 4922 880 4945 ,
926 4883 1017 4936 sed
1046 4884 1365 4951 aliquamdiu
1397 4896 1775 4955 exspectarunt
1803 4889 2042 4945 homines
2066 4933 2081 4958 ,
2129 4908 2194 4946 ne

636 4967 904 5023 videretur
934 4971 1205 5039 phantasia
1234 4988 1351 5027 esse
1381 4991 1392 5025 :
1426 4976 1503 5032 sic
1534 4990 1637 5029 non
1670 4986 1783 5030 erat
1810 4978 2011 5033 fallacia
2039 5022 2052 5044 ,
2086 4998 2191 5035 non

634 5059 795 5114 fraus.
838 5059 904 5113 In
934 5063 1105 5115 vicinis
1132 5073 1295 5116 autem
1326 5065 1449 5117 locis
1478 5077 1617 5119 erant
1643 5069 1833 5136 praedia
1865 5072 2014 5137 primi
2055 5073 2195 5125 insu-

634 5150 715 5211 lw,
756 5153 955 5204 nomine
985 5152 1152 5205 Publii
1176 5170 1193 5206 :
1220 5159 1302 5223 qui
1344 5172 1431 5208 nos
1471 5159 1767 5225 suscipiens,
1799 5160 2005 5229 benigne
2032 5164 2195 5231 hospi-

632 5240 701 5291 tio
745 5247 953 5309 excepit.
992 5242 1129 5295 Bene
1171 5245 1246 5297 sic
1294 5245 1521 5315 loquitur
1559 5265 1571 5301 :
1623 5249 1956 5319 benignitatis
2001 5255 2192 5323 quippe

637 5347 839 5402 magna:
880 5343 957 5386 est
983 5334 1235 5390 ducentas
1258 5338 1588 5406 septuaginta
1614 5342 1814 5395 animas
1842 5342 2067 5411 hospitio
2098 5361 2188 5399 ex-

632 5423 827 5488 cipere.
846 5422 1027 5491 Cogita
1054 5436 1301 5491 quantum
1328 5428 1396 5479 sit
1427 5428 1799 5496 hospitalitatis
1829 5432 2051 5485 lucrum.
2077 5433 2189 5487 Non

633 5511 771 5579 quod
803 5526 904 5565 nec
935 5516 1219 5569 necessitas
1248 5527 1407 5583 esset,
1443 5532 1612 5586 neque
1639 5520 1777 5588 quod
1808 5523 1998 5575 invitus
2034 5536 2151 5591 agat
2173 5567 2187 5589 ,

634 5600 726 5653 scd
754 5602 892 5668 quod
928 5606 1128 5657 lucrum
1161 5616 1340 5673 putet,
1386 5624 1477 5677 per
1508 5619 1614 5662 tres
1655 5610 1768 5663 dies
1807 5611 2033 5681 hospitio
2076 5615 2191 5668 illos

637 5695 857 5760 excepit.
908 5694 1135 5765 Ideoque
1180 5700 1295 5753 talis
1336 5700 1704 5770 hospitalitatis
1738 5705 2033 5761 mercedem
2073 5706 2191 5776 jure

1329 353 1387 411 S.
1428 350 1697 408 JOANNIS
1734 339 2203 404 CIIRYSOSTUMI
2248 340 2561 399 ARClllEP.
2599 344 3126 403 CONSTANTINOP.

3770 341 3871 399 316

2297 460 2521 525 accipit,
2553 456 2661 513 imo
2684 459 2841 528 longe
2864 458 3011 513 dono
3035 458 3290 528 majorem
3319 477 3333 515 :
3374 474 3497 514 nam
3526 469 3730 531 patrem
3755 464 3870 529 ejus

2294 555 2494 600 curata
2516 548 2818 619 dysenteria
2841 549 2981 604 male
3005 549 3287 619 patientem
3311 563 3329 614 ;
3366 564 3466 604 nec
3487 550 3647 605 modo
3676 552 3869 620 ipsum,

2299 638 2392 694 sed
2423 638 2619 693 multos
2642 641 2801 695 etiam
2831 641 2965 696 alios
2985 642 3222 697 inﬁrmos
3242 650 3421 707 curat,
3450 644 3541 712 qui
3572 643 3739 699 vicem
3781 660 3868 699 re-

2299 725 2532 796 pendunt
2554 726 2866 793 honoribus,
2889 740 3230 788 commeatu:
3258 731 3396 802 quod
3426 732 3509 785 hic
3534 732 3865 788 declaratur:

2299 815 2398 879 Qui
2426 817 2593 871 multis
2621 818 2893 874 honoribus
2917 836 3009 875 nos
3046 823 3339 891 prosequuti
3362 832 3477 876 sunt
3495 863 3509 885 ,
3556 832 3603 875 et
3636 822 3868 877 solventi-

2297 909 2386 961 bus
2411 909 2752 978 imposuerunt
2776 926 2889 981 qua
2912 915 3193 967 necessaria
3217 924 3378 968 nant.
3414 914 3529 969 Non
3568 914 3867 970 mercedem

2297 1001 2529 1069 recepit,
2576 1001 2752 1065 absit;
2785 1002 2879 1057 sed
2912 1004 3163 1073 impletur
3191 1003 3241 1057 id
3274 1004 3412 1073 quod
3451 1006 3707 1074 scriptum
3746 1017 3864 1061 est:

2296 1088 2497 1159 Dignus
2522 1100 2592 1143 est
2620 1094 2884 1160 operarius
2908 1095 3016 1147 cibo
3041 1110 3132 1149 suo
3162 1092 3373 1165 (lauit.
3415 1094 3502 1149 l0.
3541 1095 3655 1164 l0).
3684 1096 3867 1151 Palam

2294 1191 2469 1236 autem
2512 1192 2593 1238 est
2622 1198 2716 1238 eos
2740 1225 2756 1251 ,
2803 1186 2892 1255 qui
2929 1186 3008 1240 sic
3050 1186 3196 1240 illum
3236 1195 3601 1255 exceperunt,
3643 1188 3865 1242 verbum

2297 1272 2683 1339 praedicationis
2728 1276 2998 1343 accepisse
3026 1292 3041 1329 :
3069 1291 3240 1345 neque
3276 1278 3417 1330 enim
3450 1277 3706 1331 trimestri
3733 1287 3867 1331 tem-

2296 1376 2423 1429 pore
2454 1361 2825 1427 disseruisset,
2868 1365 2969 1419 nisi
3009 1365 3083 1419 illi
3113 1382 3235 1419 vere
3261 1366 3614 1422 credidissent
3656 1378 3708 1423 et
3754 1368 3869 1421 fru-

2293 1464 2434 1506 ctum
2459 1453 2845 1509 exhibuissent.
2867 1455 3043 1525 Itaque
3068 1455 3190 1509 hinc
3214 1457 3464 1510 indicium
3489 1466 3591 1520 est,
3615 1456 3867 1527 magnum

2296 1543 2458 1597 fuisse
2486 1544 2818 1601 credentium
2846 1560 3146 1601 numerum.
3181 1544 3245 1599 Et
3270 1546 3540 1609 solvimus,
3574 1549 3773 1615 lnquit,
3810 1548 3865 1599 in

2294 1635 2409 1688 nari
2448 1635 2833 1702 Alexandrina,
2875 1653 2988 1707 quia
3030 1638 3332 1690 hiemaverat
3375 1636 3429 1689 in
3466 1637 3666 1702 insula,
3717 1639 3866 1705 cujus

2294 1725 2486 1795 insigne
2515 1725 2795 1779 Castorum.
2829 1726 2883 1779 Id
2913 1726 3136 1780 fortasse
3168 1726 3221 1781 in
3251 1727 3338 1781 illa
3368 1728 3566 1796 pictum
3607 1735 3758 1788 erat;
3791 1726 3863 1778 ita

2294 1824 2448 1868 crant
2482 1815 2639 1869 idolis
2676 1815 2862 1869 dediti.
2908 1814 3042 1870 Vide
3081 1816 3201 1869 illos
3237 1831 3414 1870 moras
3455 1818 3759 1879 trahentes,
3808 1825 3865 1869 et

2293 1920 2500 1959 rursum
2533 1905 2864 1962 festinantes.
2898 1905 3064 1960 Paulo
3089 1916 3255 1961 autem
3283 1907 3576 1976 permissum
3602 1907 3698 1975 {uit
3725 1923 3865 1960 seor-

2291 2014 2401 2051 sum
2440 2014 2664 2053 manere.
2694 1998 2917 2053 Demum
2950 1998 3021 2052 ita
3050 1997 3371 2053 venerabilis
3398 2007 3513 2052 erat
3543 1998 3733 2052 Paulus
3757 2040 3772 2062 ,
3805 2008 3865 2054 ut

2290 2102 2531 2143 seorsum
2562 2104 2779 2145 manere
2810 2089 3225 2159 permitteretur.
3245 2088 3423 2157 Neque
3454 2088 3503 2142 id
3530 2091 3718 2143 mirum
3743 2098 3861 2143 est:

2292 2194 2412 2231 nam
2440 2179 2484 2231 si
2511 2178 2735 2233 antehac
2768 2178 2991 2248 benigne
3018 2178 3161 2231 illum
3188 2186 3531 2247 exceperunt,
3560 2179 3727 2232 multo
3747 2194 3865 2232 ma-

2288 2267 2369 2336 gis
2396 2283 2557 2322 nunc.
2600 2266 2668 2320 Et
2705 2270 2859 2337 flante
2888 2278 3057 2321 austro
3081 2308 3096 2333 ,
3130 2268 3339 2339 inquit,
3371 2268 3613 2334 postridie
3637 2270 3863 2324 emistus

2294 2360 2564 2423 Puteolos,
2612 2361 2696 2412 ubi
2735 2360 2946 2413 inventis
2990 2360 3265 2429 fratribus,
3306 2361 3471 2430 rogati
3508 2376 3680 2414 sumus
3721 2361 3865 2428 apud

2286 2450 2401 2503 illos
2430 2467 2631 2503 manere
2655 2462 2838 2519 septem
2866 2451 3036 2504 diebus
3062 2466 3080 2504 :
3109 2462 3153 2503 et
3181 2452 3251 2503 sic
3280 2448 3496 2503 Romam
3522 2452 3763 2504 uenimus.
3796 2450 3863 2503 Et

2286 2541 2402 2593 inde
2427 2552 2479 2593 ut
2507 2548 2686 2611 fratres
2711 2542 2979 2594 audierunt
3009 2543 3071 2596 de
3086 2542 3245 2605 nobis,
3269 2542 3494 2594 exierunt
3517 2542 3569 2595 in
3597 2558 3862 2596 occursum

2288 2631 2427 2684 nobis
2456 2648 2611 2701 usque
2636 2631 2703 2684 ad
2726 2633 2881 2703 Appii
2906 2636 3072 2703 [orum
3097 2643 3141 2686 et
3166 2631 3290 2686 Tres
3318 2632 3566 2687 tabernas.
3594 2632 3745 2698 Quod
3771 2649 3863 2701 pec

2288 2722 2512 2775 riculum
2557 2731 2853 2777 metuentes
2898 2724 3160 2786 exierint,
3205 2724 3286 2778 vel
3323 2723 3423 2778 huc
3459 2724 3587 2778 satis
3630 2738 3726 2793 pro
3753 2725 3861 2777 illis

2286 2812 2533 2879 spondet.
2570 2812 2700 2867 Vide
2726 2813 2992 2881 quomodo
3020 2814 3071 2867 in
3103 2822 3246 2867 tanta
3278 2815 3610 2884 navigatione
3643 2815 3709 2868 ad
3739 2816 3860 2869 nul-

2286 2904 2389 2959 Iam
2422 2905 2697 2973 appellunt
2724 2907 3013 2971 civitatem,
3047 2907 3139 2962 sed
3169 2906 3234 2961 ad
3264 2908 3521 2973 insulam;
3546 2918 3600 2962 et
3628 2908 3859 2964 hiemem

2287 3002 2450 3047 totam
2477 2998 2772 3065 transigunt
2800 2997 2850 3051 in
2877 2997 3211 3069 navigatione
3236 3015 3247 3050 :
3283 2997 3365 3052 his
3392 3000 3459 3053 ita
3484 2999 3777 3069 dispositis,
3802 3009 3861 3055 ut

2287 3087 2374 3152 qui
2407 3086 2564 3138 simul
2594 3087 2948 3155 navigabant,
2980 3087 3045 3141 ad
3079 3087 3237 3142 ﬁdem
3265 3088 3673 3144 deducerentur.
3724 3089 3858 3145 Per-

2288 3177 2493 3228 missum
2521 3184 2590 3228 eat
2620 3177 2663 3230 ei
2681 3218 2696 3242 ,
2730 3178 2935 3246 inquit,
2975 3189 3027 3231 ut
3055 3189 3365 3249 permaneret
3392 3182 3528 3235 solus
3556 3198 3671 3234 cum
3702 3183 3861 3236 milite

2288 3265 2453 3333 ipsum
2477 3266 2804 3323 custodiente.
2847 3268 2912 3322 Et
2940 3279 3237 3337 opportune
3265 3281 3440 3335 certe,
3469 3281 3523 3324 ut
3552 3273 3748 3326 nemini
3794 3272 3859 3326 Ii-

2287 3365 2429 3409 ceret
2456 3356 2626 3425 ipsum
2652 3358 2855 3412 insidiis
2874 3368 3128 3428 appetere
3152 3376 3166 3414 :
3197 3375 3367 3429 neque
3391 3361 3532 3415 enim
3560 3362 3715 3416 isthic
3737 3364 3863 3417 licev

2287 3445 2377 3499 bat
2404 3446 2697 3502 seditiones
2727 3462 2963 3503 movere.
2996 3449 3175 3519 Itaque
3201 3465 3305 3504 non
3336 3452 3478 3505 illum
3504 3452 3860 3520 custodiebat,

2288 3535 2379 3589 sed
2408 3536 2649 3601 curabat,
2683 3552 2749 3592 ne
2781 3538 2856 3593 illi
2887 3538 3082 3607 aliquid
3112 3540 3391 3594 molestum
3420 3541 3686 3596 accideret
3715 3560 3729 3595 :
3756 3558 3861 3598 non

2289 3627 2430 3679 enim
2472 3627 2663 3682 licebat
2709 3630 2759 3682 in
2805 3639 2947 3683 tanta
2976 3631 3220 3697 civitate,
3254 3631 3339 3685 ubi
3384 3630 3677 3701 Imperator
3712 3643 3861 3701 erat,

2291 3732 2445 3784 quem
2490 3718 2850 3786 appellaverat
2890 3719 3121 3785 Paulus,
3167 3720 3363 3789 aliquid
3400 3731 3592 3789 praeter
3617 3722 3861 3776 ordinem

2293 3805 2422 3859 fieri.
2473 3807 2548 3860 Ita
2594 3822 2807 3877 semper
2852 3824 2945 3877 per
2970 3824 3068 3873 ea,
3110 3825 3228 3878 qua:
3269 3811 3512 3866 videntur
3539 3823 3724 3866 contra
3768 3828 3865 3869 nos

2292 3910 2429 3961 esse,
2457 3911 2553 3965 pro
2578 3898 2731 3951 nobis
2762 3899 2938 3953 omnia
2970 3900 3100 3953 ﬁunt
3127 3916 3141 3952 :
3166 3911 3345 3955 custos
3374 3903 3513 3956 enim
3542 3902 3706 3958 Paulo
3727 3914 3862 3959 erat.

2292 3986 2355 4038 Et
2385 3987 2693 4041 convocatis
2727 3988 2907 4056 primis
2938 3987 3242 4044 Judteorum
3268 4032 3283 4055 ,
3310 4004 3429 4045 cum
3463 3992 3566 4045 illis
3602 3993 3817 4048 disserit
3846 4012 3864 4049 :

2291 4076 2377 4144 qui
2411 4086 2463 4131 et
2489 4078 2853 4145 contradicere
2879 4089 3150 4145 verentur,
3180 4090 3338 4151 atque
3366 4081 3430 4135 ab
3462 4082 3553 4136 illo
3581 4084 3864 4153 increpatio

2304 4175 2386 4219 tur
2414 4177 2468 4221 et
2516 4168 2645 4221 nihil
2675 4169 2871 4224 audent
2912 4169 3124 4235 dicere;
3158 4171 3286 4225 nihil
3336 4172 3478 4226 enim
3527 4173 3638 4240 jam
3680 4184 3865 4229 contra

2294 4254 2439 4307 illum
2473 4265 2675 4311 tentare
2728 4258 2920 4311 licebat
2950 4258 3070 4312 illis.
3120 4259 3230 4314 Iloc
3265 4260 3406 4315 enim
3455 4262 3697 4317 mirabile
3747 4272 3860 4328 est,

2292 4345 2432 4415 quod
2484 4363 2587 4401 non
2649 4362 2741 4414 per
2802 4363 2898 4413 ea,
2939 4363 3055 4416 quae
3110 4349 3355 4404 videntur
3397 4350 3461 4403 ad
3527 4354 3865 4408 securitatem

2292 4437 2556 4501 conferre,
2599 4438 2691 4492 sed
2741 4454 2835 4507 per
2879 4443 3140 4494 contraria
3186 4457 3281 4512 pro
3322 4442 3474 4497 nobis
3509 4444 3686 4498 omnia
3717 4446 3864 4500 ﬁant.

2293 4527 2441 4593 Quod
2498 4540 2555 4582 ut
2610 4530 2810 4595 discas,
2884 4530 3005 4585 hinc
3058 4534 3349 4602 perpende.
3419 4535 3587 4589 Jussit
3660 4537 3868 4593 Pharao

2295 4634 2489 4687 pueros
2522 4621 2571 4672 in
2604 4619 2799 4675 ﬁumen
2826 4622 3039 4690 conjici.
3062 4622 3169 4677 Nisi
3196 4625 3414 4692 projecti
3443 4625 3666 4681 fuissent
3694 4628 3865 4698 pueri,

2293 4712 2391 4764 nisi
2426 4710 2475 4764 id
2499 4711 2746 4779 jussisset
2771 4711 2997 4777 Pharao,
3027 4728 3129 4767 non
3158 4724 3399 4768 servatus
3427 4715 3612 4770 fuisset
3638 4717 3866 4789 Moyses,

2295 4817 2396 4856 non
2423 4804 2472 4856 in
2498 4804 2639 4871 regia
2654 4803 2927 4858 educatus.
2958 4802 3092 4859 Cum
3110 4806 3440 4873 servabatur,
3473 4810 3642 4863 nonin
3668 4809 3870 4866 honore

2294 4900 2439 4956 erat;
2469 4908 2587 4945 cum
2619 4894 2890 4961 expositus
2923 4895 3054 4959 fuit,
3096 4904 3203 4949 tum
3246 4896 3295 4949 in
3340 4896 3546 4953 honore
3591 4898 3710 4953 fuit.
3760 4901 3869 4956 Hoc

2295 4997 2424 5036 vero
2473 4982 2701 5036 faciebat
2746 4983 2885 5038 Deus
2910 5026 2923 5047 ,
2971 4996 3026 5038 ιιι
3058 4998 3109 5051 et
3144 4989 3429 5055 potentiam
3460 4999 3513 5044 et
3554 4992 3867 5059 sapientiam

2296 5086 2443 5126 suam
2485 5074 2809 5128 ostenderet.
2837 5074 3060 5130 Minatus
3086 5086 3165 5130 est
3193 5076 3408 5133 Iudaeus
3428 5120 3441 5144 ,
3473 5080 3655 5134 dicens
3683 5096 3697 5132 :
3731 5082 3869 5136 Nunt

2296 5164 2517 5216 occidere
2546 5181 2620 5215 me
2649 5165 2717 5217 vis
2750 5164 2939 5233 (Exod.
2970 5166 3022 5219 2.
3055 5168 3181 5236 lt)?
3207 5179 3261 5223 et
3288 5168 3390 5223 hoc
3418 5170 3489 5223 illi
3520 5171 3735 5240 profuit.
3771 5174 3870 5228 Ita.

2294 5274 2395 5327 que
2440 5273 2505 5312 ex
2555 5256 2887 5326 providentia
2938 5261 3130 5314 factum
3178 5270 3297 5325 est,
3342 5271 3398 5315 ut
3434 5263 3691 5320 visionem
3724 5266 3863 5321 illam

2297 5348 2494 5402 videret
2536 5347 2587 5400 in
2629 5347 2871 5413 deserto,
2916 5360 2971 5402 ut
3014 5360 3221 5420 tempus
3262 5366 3561 5421 congruens
3614 5356 3865 5425 implere-

2296 5448 2399 5502 tur,
2435 5447 2487 5491 ut
2518 5437 2981 5507 philosopharetur
3014 5443 3064 5495 in
3096 5442 3402 5507 solitudine,
3432 5454 3485 5497 et
3510 5459 3698 5500 secure
3724 5449 3866 5501 vive-

2295 5540 2393 5583 ret.
2416 5528 2482 5585 Et
2510 5529 2560 5583 in
2585 5529 2834 5582 omnibus
2854 5544 2971 5599 quae
2997 5548 3026 5585 a
3051 5530 3249 5587 Iudaeis
3268 5534 3365 5602 ipsi
3388 5544 3641 5604 parantur
3664 5536 3875 5596 insidiis

2296 5619 2522 5688 idipsum
2557 5620 2649 5673 lit:
2704 5629 2827 5674 tunc
2857 5621 3052 5676 clarior
3076 5622 3342 5679 efﬁcitur:
3377 5636 3432 5680 ut
3472 5628 3630 5682 eziam
3672 5635 3864 5681 Aurum

2295 5710 2535 5781 contigit.
2571 5709 2981 5767 lnsurrexerunt
3015 5714 3065 5767 in
3101 5714 3270 5784 illum,
3300 5726 3352 5772 et
3376 5717 3655 5776 clariorem
3685 5718 3866 5775 reddi-
