4070 6528
1221 474 1308 530 ΙΝ·
1327 472 1512 530 ACTA

177 596 380 667 έδραμε
410 594 508 648 καὶ
549 597 606 648 ἐν
635 593 932 660 Ποτιόλοις,
955 592 1084 647 ἔνθα
1110 593 1204 646 καὶ
1225 591 1491 661 ἀδελφούς
1519 609 1674 658 τινας
1686 593 1872 664 εὗρόν·

176 697 268 743 τες
299 680 620 748 ἐπιμένουσι
653 678 783 749 παρ’
812 679 1018 740 αὐτοῖς.
1046 673 1178 730 Εἶτα
1200 679 1296 730 καὶ
1328 677 1478 731 ἄλλοι
1502 678 1642 730 κατά
1679 680 1869 748 φήμην

176 763 364 825 αὐτοῖς
399 760 704 815 ἀπαντῶσι·
730 761 967 833 τοσαύτη
990 758 1060 833 ἦν
1084 763 1120 832 ἡ
1147 761 1428 832 προθυμία
1457 761 1568 816 τῶν
1597 760 1866 830 ἀδελφῶν,

175 847 260 899 ὅτι
289 847 390 900 ούκ
422 845 762 917 ἐθορύϐησεν
786 847 984 909 αὐτοὺς
1003 846 1063 898 τὸ
1094 847 1152 898 ἐν
1176 845 1399 916 δεσμοῖς
1422 841 1564 898 εἶναι
1594 845 1686 897 τὸν
1717 844 1870 898 Παῦ-

174 928 268 983 λον
291 942 342 994 ι,
385 929 500 983 ἀλλ’
533 928 757 1000 ἐξῆλθον
791 931 870 992 είς
915 929 1244 998 ἀπάντησιν.
1295 929 1440 998 Ὅρα
1478 927 1534 980 δέ
1569 944 1661 1000 μοι
1705 926 1869 978 αὐτὸν

176 1015 272 1066 καὶ
296 1011 639 1084 ἀνθρώπινόν
660 1029 712 1065 τι
737 1011 999 1066 παθόντα.
1031 1010 1270 1079 Θάρσος
1285 1011 1416 1080 7&9,
1440 1001 1629 1080 φησὶν,
1651 1009 1873 1063 ἔλαϐεν

177 1094 325 1149 ἰδὼν
370 1095 514 1161 τοὺς
558 1094 884 1164 ἀδελφούς.
925 1094 1116 1147 Καίτοι
1160 1092 1401 1147 τοσαῦτα
1451 1094 1654 1162 σημεῖα
1700 1092 1870 1161 ἐργα-

176 1179 436 1250 σάμενος.
483 1179 599 1234 ἀλλ’
627 1180 779 1249 ὅμως
820 1178 978 1231 ἔλαϐε
1012 1176 1107 1230 καὶ
1145 1175 1255 1230 ἀπὸ
1279 1177 1382 1247 τῆς
1410 1175 1586 1244 ὅψεως
1621 1172 1870 1246 προσθή-

174 1279 303 1333 κην.
371 1261 506 1316 Ἀπὸ
559 1262 750 1315 τούτου
802 1260 1181 1333 μανθάνομεν,
1229 1258 1312 1311 ὅτι
1359 1256 1721 1328 ἀνθρωπίνως
1775 1257 1871 1309 καὶ

174 1343 565 1414 πρεκαλεῖτο,
590 1344 685 1398 καὶ
710 1344 1042 1397 τούναντίον.
1071 1343 1210 1396 Ὅτε
1231 1341 1301 1395 δὲ
1325 1341 1595 1410 ἤλθομεν
1615 1343 1703 1406 εἰς
1737 1338 1871 1394 Ῥώ-

170 1445 322 1498 μην,
373 1427 680 1496 ἐπετράπη
724 1427 806 1493 τῷ
845 1428 1064 1492 Παύλῳ
1092 1425 1303 1494 μένειν
1335 1423 1467 1478 καθ’
1496 1424 1719 1478 ἑαυτὸν
1745 1424 1872 1477 σὺν

173 1509 258 1576 τῷ
277 1511 667 1580 φυλάσσοντι
688 1510 875 1565 αὑτὸν
893 1509 1247 1578 στρατιώτῃ.
1285 1511 1485 1581 Ὀρᾷς;
1511 1506 1868 1580 συνεχωρήθη

174 1593 330 1664 αὐτῷ
351 1593 474 1646 καθ’
497 1593 688 1648 ἐαυτὸν
720 1594 921 1665 μένειν.
946 1593 1020 1647 Ού
1043 1592 1241 1663 μικρὸν
1270 1593 1549 1646 καὶτοῦτο
1569 1595 1872 1664 τεκμήριον

174 1676 271 1729 τοῦ
307 1677 451 1730 πάνυ
488 1675 871 1748 θαυμασθῆναι
904 1675 1087 1729 αὐτόν·
1133 1677 1195 1730 ού
1228 1675 1339 1747 γὰρ
1369 1675 1433 1747 δή
1466 1676 1605 1751 μετά
1638 1676 1746 1728 τῶν
1775 1676 1873 1730 άλ-

175 1758 288 1813 λων
325 1759 597 1831 ἠρίθμουν
634 1759 819 1814 αὐτόν.
868 1759 1142 1828 Ἐγένετο
1172 1757 1242 1811 δὲ
1272 1759 1424 1827 μετὰ
1455 1756 1615 1826 τρεῖς
1648 1758 1874 1827 ἡμέρας

175 1840 681 1911 συνκαλέσασθαι
731 1841 919 1895 αὐτὸν
957 1840 1103 1904 τοὺς
1147 1839 1329 1904 ὄντας
1379 1837 1499 1893 τῶν
1566 1839 1876 1895 Ἰουδαίων

176 1926 473 1996 πρώτους.
516 1924 673 1978 Μετά
710 1927 860 1996 τρεῖς
902 1923 1123 1994 ἡμέρας
1163 1923 1394 1976 ἐκάλεσε
1443 1923 1574 1986 τοὺς
1624 1921 1874 1994 πρώτους

175 2011 289 2065 τῶν
335 2009 626 2072 Ἰουδαίων,
659 2007 801 2062 ὥστε
836 2007 910 2079 μὴ
939 2006 1319 2078 προληφθῆναι
1348 2005 1527 2059 αὐτῶν
1556 2005 1656 2068 τάς
1681 2003 1872 2067 ἀκοάς.

178 2093 293 2145 Καὶ
338 2093 390 2145 τί
437 2091 616 2145 κοινὸν
651 2093 790 2164 πρὸς
837 2091 1079 2154 ἐκείνους
1123 2086 1307 2160 εἶχενς
1339 2088 1400 2142 00
1450 2087 1559 2159 7&9
1597 2087 1663 2141 ἂν
1716 2086 1876 2139 αὐτοὶ

177 2175 408 2246 ἔμελλον
460 2177 866 2246 κατηγορήσειν
916 2174 1105 2229 αὐτοῦ.
1175 2173 1316 2227 Ἀλλ’
1375 2174 1526 2244 ὅμως
1573 2173 1634 2225 οὑ
1683 2171 1873 2225 τούτου

177 2258 522 2330 ἐφρόντιζεν,
545 2257 682 2312 ἀλλά
715 2258 876 2312 τοῦτο
902 2257 1112 2322 διδάξαι
1136 2256 1234 2311 καὶ
1259 2256 1335 2328 μὴ
1367 2255 1670 2328 προστῆναι
1691 2255 1876 2310 αὐτοῖς

175 2341 249 2395 τά
276 2342 568 2411 λεγόμενα.

252 2429 322 2499 β’.
362 2430 425 2482 Ol
468 2429 568 2498 μὲν
603 2424 698 2481 οὖν
747 2427 995 2482 Ἰουδαῖοι
1031 2429 1271 2482 τοσαῦτα
1315 2427 1552 2499 δρῶντες
1592 2425 1872 2495 θαύματα,

177 2517 431 2582 ἐδίωκον,
461 2516 695 2588 ήλαυνον
717 2534 729 2546 ·
756 2517 804 2569 οί
834 2516 890 2570 δέ
915 2516 1184 2588 βάρϐαροι
1204 2517 1358 2569 οὐδὲν
1383 2515 1736 2586 θεασάμενοι,
1769 2514 1878 2566 ἀπὸ

181 2601 357 2672 μόνης
385 2600 481 2668 τῆς
514 2601 801 2671 συμφοράς
832 2599 1206 2671 φιλάνθρωποι
1229 2595 1392 2672 ἦσαν.
1424 2597 1692 2662 Πάντως,
1720 2597 1874 2667 φησὶ,

175 2689 408 2758 φονεύς
449 2689 621 2741 ἐστιν
668 2690 701 2742 ό
740 2687 1054 2757 ἄνθρωπος
1105 2683 1304 2754 οὗτος.
1349 2688 1464 2756 Οὐχ
1498 2685 1687 2748 ἀπλῶς
1739 2686 1878 2738 ἀπο-

179 2778 496 2847 φαίνονται,
535 2776 691 2840 ἀλλὰ,
721 2776 986 2842 πάντως,
1011 2775 1178 2844 φασί·
1211 2774 1516 2838 τουτέστιν,
1559 2774 1635 2836 ώς
1665 2773 1878 2825 ἔνεστιν

188 479 295 535 575

181 2865 338 2916 ἰδεῖν.
370 2861 479 2916 Καὶ
513 2863 548 2930 ἠ
584 2861 746 2930 δίκη,
779 2862 936 2932 φησί,
975 2861 1082 2930 ζῇν
1119 2863 1230 2916 οὐκ
1263 2861 1439 2915 alam:
1469 2861 1678 2914 αὐτόν.
1732 2859 1879 2928 ’Ἄρα

177 2949 392 3003 καὶτὸν
419 2950 547 3019 περὶ
583 2950 842 3019 προνοίας
869 2949 1026 3016 λόγον
1062 2946 1230 3020 εἶχον,
1261 2951 1356 3003 καὶ
1380 2947 1562 3017 πολλῷ
1590 2948 1698 3000 τῶν
1730 2946 1879 3016 φιλο-

181 3039 372 3109 σόφων
400 3035 544 3094 οῦτοι
578 3041 626 3092 οἰ
658 3039 923 3110 βάρϐαροι
961 3039 1391 3110 φιλοσοφώτεροι
1420 3036 1739 3107 ἐτύγχανον.
1769 3035 1877 3088 Αύ-

179 3129 267 3182 :01
297 3129 400 3200 μὲν
430 3128 538 3200 γὰρ
566 3129 668 3182 οὐκ
697 3131 894 3198 ἀφιᾶσι
932 3128 1194 3200 προνοίας
1234 3127 1534 3182 ἀπολαύειν
1561 3127 1630 3178 τά
1652 3124 1759 3177 ὑπὸ
1791 3141 1881 3177 σε-

179 3215 380 3289 λήνην·
414 3218 463 3269 οί
493 3214 859 3287 δὲ’πανταχοῦ
893 3217 1174 3288 νομίζουσι
1207 3219 1465 3288 παρεῖναι
1489 3215 1579 3268 τὸν
1612 3214 1765 3277 Θεὸν,
1788 3213 1884 3266 καὶ

178 3307 289 3370 ὅτι,
323 3304 428 3358 κᾶν
464 3303 636 3358 πολλά
662 3323 746 3368 τις
777 3304 1016 3375 διαφύγῃ
1044 3347 1058 3369 ,
1094 3304 1154 3357 ού
1197 3303 1551 3371 διαφεύξεται
1587 3302 1668 3364 είς
1702 3301 1878 3363 τέλος.

182 3396 299 3450 Καὶ
347 3394 467 3465 ὅρα,
510 3394 630 3458 πῶς
679 3393 779 3446 οὑκ
817 3393 1154 3446 ἐπιτίθενται
1203 3393 1399 3453 διόλου,
1444 3391 1560 3444 ἀλλ’
1609 3388 1882 3443 αἰδοῦνται

181 3481 331 3544 τέως
359 3481 445 3534 διὰ
468 3481 567 3551 τὴν
594 3481 883 3551 συμφοράν
901 3495 914 3507 ⁵
941 3481 1063 3533 ούδέ
1087 3480 1556 3550 ἐκπομπεύουσιν,
1585 3479 1720 3531 ἀλλά
1745 3477 1884 3547 πρὸς

183 3568 457 3637 ἀλλήλους
487 3569 741 3638 λέγουσι·
777 3568 846 3622 τά
889 3569 998 3640 γὰρ
1036 3569 1213 3638 δεσμά
1233 3567 1400 3621 τοῦτο
1432 3566 1717 3620 ἐδίδασκεν
1754 3566 1886 3618 ὑπο-

187 3657 446 3711 πτεύειν·
480 3657 661 3711 καίτοι
701 3656 982 3727 δεσμῶται
1018 3653 1180 3726 ἦσαν.
1225 3653 1684 3725 Αίσχυνέσθωσαν
1717 3653 1766 3704 οί
1798 3651 1885 3704 λέ-

186 3763 408 3816 γοντες,
437 3746 529 3816 Μή
548 3741 608 3799 εὖ
632 3744 776 3798 ποίει
805 3745 930 3807 τοὺς
955 3746 1014 3797 ἐν
1037 3746 1160 3806 ταῖς
1184 3743 1476 3811 φυλακαῖς·
1504 3739 1887 3812 αἰσχυνθῶμεν

186 3835 322 3898 τοὺς
354 3833 687 3905 βαρϐάρους·
718 3832 778 3884 ού
802 3831 912 3903 7&9
942 3831 1142 3902 ᾔδεσαν
1170 3831 1315 3894 τίνες
1343 3826 1485 3901 ἦσαν
1515 3831 1737 3891 ἐκεῖνοι,
1770 3827 1886 3881 ἀλλ’

188 3922 308 3976 ἀπὸ
328 3921 429 3992 τῆς
460 3922 751 3992 συμφοράς
772 3920 930 3983 τέως,
957 3920 1039 3972 ὅτι
1062 3918 1340 3988 ἄνθρωποι
1362 3913 1526 3988 ἦσαν,
1557 3915 1885 3986 ἐμάνθανον·

188 4009 274 4064 διὸ
307 4011 403 4064 καὶ
434 4009 847 4079 φιλανθρωπίας
875 4007 1118 4078 ήξίωσαν
1162 4006 1381 4070 αὐτούς.
1437 4007 1563 4060 Ἑπί
1600 4005 1761 4059 πολὺ
1796 4005 1885 4067 δὲ,

193 4097 355 4168 φησὶ,
389 4095 867 4167 προσδοκώντων
890 4095 1111 4158 αὐτῶν,
1139 4096 1442 4158 τουτέστιν,
1469 4093 1544 4156 ὡς
1568 4092 1735 4146 πολὺν
1757 4094 1888 4163 χρό-

191 4205 286 4242 νον
317 4187 586 4258 ἀνέμενον
619 4186 1033 4241 ἀποθανεῖσθαι.
1073 4187 1130 4240 ’0
1155 4186 1211 4238 δέ
1246 4185 1308 4238 τό
1338 4202 1394 4238 τε
1429 4184 1618 4256 θηρίον
1651 4184 1891 4249 ἐξετίνα-

187 4269 291 4342 ’ξεν
327 4275 412 4340 είς
429 4276 491 4329 τὸ
527 4274 663 4346 πῦρ,
712 4276 807 4328 καὶ
845 4276 945 4348 τὴν
976 4277 1133 4346 χεῖρα
1173 4273 1342 4338 ἔδειξε
1377 4273 1657 4327 παθοῦσαν
1699 4272 1886 4344 μηδέν.

194 4362 373 4421 Τοῦτο
427 4363 628 4427 ἰδόντες
667 4363 764 4416 καὶ
814 4363 1200 4433 ἐξεπλάγησαν
1247 4364 1342 4414 καὶ
1383 4360 1726 4430 ἐθαύμασαν.
1776 4360 1892 4414 Ούκ

195 4453 421 4522 ἐγένετο
453 4452 510 4507 δὲ
539 4452 600 4506 τὸ
635 4455 865 4523 σημεῖον
921 4451 1106 4514 εὐθὺς.
1138 4450 1275 4505 άλλά
1309 4448 1385 4519 τῷ
1417 4449 1594 4520 χῲνῳ
1629 4447 1891 4518 ἐνδιέτρι-

193 4540 310 4612 ψαν
331 4542 381 4594 οί
410 4539 709 4611 ἄνθρωποι,
740 4537 882 4594 ὥστε
922 4539 997 4609 μή
1029 4537 1179 4603 δόξαι
1210 4536 1515 4607 φαντασίας
1546 4533 1698 4607 [007]
1729 4530 1889 4586 εἶναι·

194 4627 376 4694 οὕτως
405 4627 508 4682 οὐκ
545 4623 614 4700 ἦν
644 4627 851 4696 ἀπάτη.
898 4627 1000 4679 οὐκ
1028 4621 1095 4695 ἦν
1134 4627 1484 4695 συναρπαγή.
1531 4625 1634 4678 Ἐν
1665 4622 1734 4675 δὲ
1768 4621 1893 4686 τοῖς

193 4717 336 4785 περι
363 4715 469 4770 τὸν
500 4718 689 4770 τόπον
712 4715 949 4769 ἐκεῖνον
971 4712 1209 4783 ὑπῆρχε
1236 4713 1418 4782 χωρία
1446 4711 1526 4777 τῷ
1549 4711 1757 4779 πρώτῳ
1783 4708 1892 4777 τῆς

195 4805 424 4874 νήσου,
473 4805 719 4873 ὀνόματι
777 4801 1052 4866 Ποπλίῳ·
1103 4802 1172 4868 ὃς
1234 4799 1687 4869 ἀναδεξάμενος
1732 4797 1893 4868 ἡμᾶς

196 4893 584 4962 φιλοφρόνως
603 4891 861 4956 ἐξένισε.
886 4888 1084 4954 Καλῶς
1111 4889 1284 4952 οῦτως
1311 4884 1456 4941 εἶπε·
1487 4885 1892 4958 φιλοφροσύνης

197 4980 312 5052 7&9
344 4980 610 5052 μεγάλης,
643 4979 925 5042 διακοσίας
954 4979 1333 5049 ἐϐδομήκοντα
1363 4977 1425 5029 τὸ
1454 4977 1660 5040 ξενίσαι
1689 4976 1889 5046 ψυχάς.

209 5068 500 5138 Ἐννόησον
522 5069 621 5136 τῆς
642 5066 945 5136 φιλοξενίας
967 5069 1096 5125 ὅσον⁴
1113 5067 1175 5118 τὸ
1196 5065 1404 5134 κέρδος·
1431 5066 1530 5135 οὐχ
1549 5065 1624 5127 ώς
1646 5065 1894 5134 ἀνάγκης

197 5155 370 5225 οὔσης
400 5155 523 5208 οὐδὲ
552 5155 628 5218 ὼς
664 5155 835 5219 άκων,
868 5155 980 5207 ἀλλ’
1029 5155 1104 5217 ὼς
1141 5155 1333 5225 κέρδος
1378 5154 1698 5223 τιθέμενος,
1743 5155 1894 5224 τρεῖς

197 5244 420 5315 ἡμέρας
453 5242 692 5307 ἐξένισεν
722 5242 937 5306 αὐτούς.
985 5243 1076 5296 Διὸ
1115 5244 1209 5295 καὶ
1239 5242 1476 5314 ἀμοιϐήν
1502 5244 1601 5313 τῆς
1637 5241 1896 5312 τοιαύτης

199 5325 514 5396 φιλοξενίας
533 5326 759 5390 εἰκότως
780 5325 1068 5395 λαμϐάνει,
1084 5326 1177 5380 καὶ
1199 5325 1379 5396 πολλῷ
1399 5325 1624 5397 μείζονα
1642 5326 1675 5396 ἢ
1701 5326 1890 5378 ἔδωκε’

198 5415 297 5469 τὸν
325 5414 435 5487 7&9
458 5415 672 5487 πατέρα
693 5412 858 5467 αὑτοῦ
881 5413 1174 5482 θεραπεύει
1197 5413 1302 5468 ὑπὸ
1323 5414 1677 5484 δυσεντερίας
1705 5413 1895 5475 κακῶς

201 5502 508 5572 πάσχοντα·
539 5503 601 5555 ού
635 5502 796 5571 μόνον
825 5501 881 5554 δέ
916 5502 1098 5562 αὑτὸν,
1120 5502 1257 5556 ἀλλὰ
1282 5503 1380 5556 καλ⁸
1410 5503 1642 5565 πολλοὺς
1671 5501 1894 5572 ἔχοντας

200 5590 493 5654 ἀσθενείας
522 5591 634 5643 τῶν
662 5590 842 5647 αὐτῶν
873 5591 1040 5657 ἀξιοῖ·
1072 5591 1132 5644 δν
1161 5591 1257 5644 καὶ
1295 5591 1676 5662 ἀμειϐόμενοι,
1709 5592 1896 5658 τιμαῖς

199 5679 369 5733 αὐτὸν
412 5679 509 5732 καὶ
539 5678 831 5749 χορηγίαις
860 5679 1182 5750 δωροῦνται.
1234 5681 1407 5734 Τοῦτο
1443 5681 1501 5734 δὲ
1535 5681 1694 5751 δῆλον
1724 5679 1896 5733 ποιῶν

203 5766 406 5837 ἐπάγει
429 5783 442 5797 ·
479 5766 548 5821 οι
581 5766 680 5821 καί
721 5767 984 5834 πολλαῖς
1009 5769 1204 5838 τιμαῖς
1241 5769 1540 5839 ἐτίμησαν
1567 5768 1729 5838 ἡμᾶς
1749 5808 1763 5832 ,
1795 5765 1896 5820 καί

202 5853 608 5926 ἀναγομένοις
654 5854 939 5911 ἐπέθεντο
985 5852 1058 5910 τά
1112 5855 1264 5926 πρὸς
1303 5855 1419 5924 τὴν
1462 5857 1695 5926 χρείαν.
1753 5852 1890 5922 Οὐχὶ

270 6129 295 6158 ³
323 6124 518 6185 Verbis,
559 6121 790 6178 αὐτοὺς...
820 6122 1030 6184 Παῦλον,
1052 6122 1254 6174 carebat
1279 6120 1452 6174 Morel.

544 6214 818 6274 PATBOL.
865 6211 981 6273 Gn.
1030 6211 1155 6272 LX.

1576 469 2133 529 APOSTOLORUM.
2189 472 2428 530 HOMIL.
2472 472 2602 529 LIV.

3579 468 3682 524 3'76

1989 590 2184 660 μισθὸν
2199 589 2383 653 ἔλαϐε,
2411 592 2487 661 μὴ
2511 589 2725 658 γένοιτο
2745 607 2757 619 ·
2782 589 2921 643 ἀλλά
2943 588 3004 642 τὸ
3023 583 3416 659 γεγραμμένον
3440 585 3683 656 πληροῦ-

1981 691 2102 726 ται·
2141 674 2337 740 Ἅειος
2363 677 2395 728 ό
2420 672 2677 743 ἐργάτης
2702 672 2812 740 τῆς
2851 671 3081 741 τροφῆς
3103 671 3294 725 αὑτοῦ
3316 670 3508 723 ἐστιν.
3538 670 3600 722 Οἱ
3628 668 3685 720 δὲ

1976 756 2154 824 οὕτως
2190 759 2392 822 αὐτοὺς
2422 756 2841 827 ὑποδεξάμενοι,
2886 754 3111 825 εδδηλον
3139 755 3221 806 ὅτι
3260 753 3356 806 καὶ
3396 751 3486 805 τὸν
3524 752 3685 819 λόγον

1971 840 2222 905 ἐδέξαντο
2248 840 2342 894 τοῦ
2367 840 2749 911 κηρύγματος·
2770 841 2834 892 ού
2855 839 2967 909 γὰρ
2990 838 3057 892 ἂν
3081 839 3138 890 ἐν
3160 838 3414 908 τριμήνῳ
3439 833 3684 887 τοσαῦτα

1968 924 2251 995 διελέχθη,
2286 924 2362 995 μὴ
2405 925 2615 994 σφόδρα
2642 919 2822 976 αύτῶν
2855 923 3273 976 πιστευσάντων
3301 921 3398 973 καὶ
3430 914 3681 990 καρποὺς

1967 1007 2402 1077 ἐπιδειξαμένων
2426 1023 2440 1036 ·
2491 1007 2635 1060 ὥστε
2685 1007 2800 1060 ἀπὸ
2837 1005 3030 1060 τούτου
3058 1007 3361 1075 τεκμήριον
3397 1001 3543 1072 μέγα
3585 997 3682 1053 τοῦ

1969 1088 2208 1160 πλήθους
2230 1088 2339 1142 τῶν
2364 1090 2776 1143 πιστευσάντων
2799 1087 2949 1142 ἔστιν
2982 1089 3134 1142 ἰδεῖν.
3160 1087 3270 1141 Καὶ
3298 1085 3676 1155 ἀνήχθημεν.

1970 1172 2125 1242 φησὶ,
2169 1173 2241 1226 ἐν
2267 1174 2460 1238 πλοίῳ
2499 1173 2938 1242 Ἀλεξανδρίνῳ
2954 1173 3498 1242 παρακεχειμακότι
3517 1169 3587 1221 ἐν
3608 1165 3682 1236 τῇ

1970 1257 2164 1324 νήσῳ,
2191 1257 2533 1327 παρασήμῳ
2552 1258 3136 1325 Διοσκούροις.”ισως
3154 1253 3318 1308 τοῦτο
3341 1249 3407 1323 ήν
3434 1268 3680 1324 γεγραμ-

1975 1341 2139 1411 μένον
2174 1342 2231 1396 ἐν
2259 1340 2430 1411 αύτῷ·
2471 1340 2650 1401 οὕτως
2675 1336 2817 1412 ἦσαν
2850 1338 3192 1395 κατείδωλοι.
3227 1338 3374 1408 Ὀρα
3409 1333 3682 1406 ἐνδιατρί-

1972 1421 2187 1488 ϐοντας,
2211 1425 2306 1475 καὶ
2324 1423 2486 1476 πάλιν
2512 1422 2843 1486 σπεύδοντας
2866 1423 2915 1475 δ.
2943 1421 3027 1486 Τῷ
3039 1421 3108 1474 δὲ
3132 1421 3354 1484 Παύλῳ
3369 1419 3679 1486 ἐπετράπη

1973 1506 2178 1573 μένειν
2208 1508 2337 1560 καθ’
2368 1507 2610 1560 ἑαυτόν.
2639 1507 2841 1559 Λοιπὸν
2868 1505 3148 1577 αἰδέσιμος
3182 1503 3356 1567 οῦτως
3377 1498 3448 1573 ἦν
3474 1504 3501 1554 0
3531 1500 3680 1555 [ἰαῦ-

1972 1589 2085 1653 λος,
2117 1590 2192 1654 ώς
2225 1592 2322 1643 καὶ
2354 1590 2770 1661 συγχωρεῖσθαι
2805 1590 2928 1644 καθ’
2964 1589 3159 1642 ἐαυτὸν
3187 1583 3349 1642 εἶναι.
3387 1588 3498 1641 Καὶ
3530 1585 3679 1650 ξένον

1972 1673 2161 1726 οὐδέν·
2200 1675 2248 1726 εί
2276 1673 2387 1745 7&9
2423 1674 2518 1728 καὶ
2560 1673 2668 1746 πρὸ
2701 1673 2893 1726 τούτου
2935 1670 3337 1742 φιλανθρώπως
3373 1670 3681 1740 ἐχρήσαντο

1973 1755 2145 1826 αὐτῷ,
2202 1756 2387 1827 πολλῷ
2433 1757 2639 1828 μᾶλλον
2685 1757 2804 1810 νῦν.
2862 1755 2971 1819 Καὶ
3006 1755 3477 1824 ἐπιγενομένου,
3521 1754 3681 1824 φησὶ,

1973 1841 2185 1904 νότου,
2242 1841 2573 1909 δευτεραῖοι
2616 1840 2884 1909 ἤλθομεν
2934 1842 3021 1906 εἰς
3069 1841 3424 1905 Ποτιόλους,
3458 1833 3530 1893 οὗ
3577 1840 3681 1892 εὑ-

1970 1925 2184 1993 ρόντες
2231 1924 2572 1993 ἀδελφοὺς,
2626 1923 3104 1993 παρεκλήθημεν
3152 1923 3247 1977 ἐπ’
3293 1922 3501 1988 αὐτοῖς
3549 1921 3683 1975 ἐπι-

1970 2008 2171 2076 μεῖναι
2226 2009 2454 2078 ήμέρας
2507 2007 2687 2061 ἑπτά·
2737 2008 2835 2061 καί
2889 2007 3079 2074 οὕτως
3123 2008 3214 2072 εἰς
3258 2005 3377 2074 τὴν
3449 2005 3683 2075 Ῥώμην

1976 2097 2266 2167 ἤλθομεν.
2303 2097 2594 2152 Κάκεῖθεν
2632 2099 2688 2151 οί
2726 2096 2981 2166 ἀδελφοί
3015 2096 3406 2162 ἀκούσαντες
3437 2095 3511 2148 τὰ
3543 2095 3680 2162 περὶ

1976 2185 2176 2255 ἡμῶν,
2204 2185 2475 2254 ἐξῆλθον
2499 2188 2589 2253 είς
2619 2183 2971 2253 ἀπάντησιν
3013 2183 3162 2254 ἡμῖν
3187 2183 3366 2254 ἄχρις
3423 2182 3682 2236 Ἀππίου

1976 2275 2168 2342 φόρου
2225 2273 2324 2327 καὶ
2392 2272 2574 2340 Τριῶν
2629 2271 2954 2341 ταϐερνῶν.
3021 2273 3146 2325 Ὄτι
3204 2271 3540 2341 φοϐηθέντες
3590 2270 3682 2322 τὸν

1976 2360 2222 2413 κίνδυνον
2240 2359 2485 2429 ἐξῆλθον,
2508 2361 2599 2414 καὶ
2622 2361 2796 2413 ταῦτα
2823 2360 2984 2414 ἱκανά
3005 2360 3251 2422 ἐκείνους
3275 2357 3681 2412 πιστώσασθαι.

1978 2449 2123 2520 Ὅρα
2170 2450 2288 2510 πῶς
2322 2449 2563 2521 οὐδαμοῦ
2611 2450 2764 2503 πόλει
2805 2449 3119 2521 παρέϐαλον
3156 2451 3214 2501 ἐν
3261 2446 3506 2518 τοσούτῳ
3542 2447 3680 2517 πλῷ,

1978 2538 2114 2592 ἀλλὰ
2144 2540 2312 2609 νήσῳ,
2345 2538 2441 2592 καὶ
2465 2539 2556 2591 τὸν
2584 2539 2832 2611 χειμῶνα
2866 2538 3162 2609 ὀλόκληρον
3192 2536 3458 2608 διήγαγον
3493 2536 3686 2590 πλέον·

1977 2643 2092 2691 τες,
2145 2628 2376 2680 ἐκείνων
2416 2627 2840 2698 ῥυθμιζομένων
2892 2628 2974 2689 εἰς
3011 2628 3114 2696 τὴν
3150 2624 3335 2677 πίστιν
3383 2624 3494 2677 τῶν
3546 2641 3689 2695 συμ-

1979 2713 2357 2778 πλευσάντων,
2388 2713 2557 2782 λέγω.
2600 2715 2945 2785 Ἐπετράπη,
2984 2714 3140 2783 φησὶ,
3174 2713 3361 2783 μένειν
3391 2712 3515 2766 καθ’
3553 2713 3684 2765 ἐαυ-

1977 2803 2068 2854 τὸν
2095 2803 2193 2855 σὺν
2224 2801 2301 2872 τῷ
2331 2801 2666 2871 φυλάσσοντι
2697 2803 2862 2855 αὑτὸν
2886 2801 3218 2872 στρατιώτῃ.
3245 2801 3411 2855 Μάλα
3430 2801 3680 2866 είκότως,

1978 2889 2121 2942 ὥστε
2162 2890 2234 2960 μή
2271 2890 2472 2954 ἐξεῖναι
2512 2891 2648 2961 μηδέ
2695 2893 2816 2943 ἐκεῖ
2846 2889 3144 2959 ἐπιϐουλήν
3172 2907 3296 2942 τινα
3342 2889 3505 2941 αὑτὸν
3543 2889 3676 2941 01:0-

1982 2981 2194 3047 στῆναι·
2226 2977 2288 3029 ού
2315 2977 2425 3047 7&9
2454 2978 2583 3047 ἐνῆν
2604 2978 2895 3030 στασιάσαι
2926 2977 3135 3031 λοιπόν.
3159 2977 3323 3030 Ὥστε
3350 2978 3450 3029 οὑκ
3477 2979 3686 3030 ἐκεῖνον

1980 3065 2325 3134 ἐφύλασσεν,
2359 3065 2475 3118 ἀλλ’
2512 3065 2656 3129 ὥστε
2694 3067 2769 3136 μὴ
2821 3065 3081 3132 γενέσθαι
3129 3082 3182 3118 τι
3215 3066 3325 3119 τῶν
3356 3065 3573 3138 ἀηδῶντς
3622 3067 3684 3119 οὺ

1979 3157 2089 3223 7&9
2115 3153 2241 3222 ἐξῆν
2269 3153 2455 3206 λοιπὸν
2481 3154 2576 3206 καὶ
2613 3153 2822 3216 πόλεως
2862 3152 3028 3223 οὔσης
3061 3157 3357 3224 τοσαύτης,
3389 3154 3489 3206 καῖ·
3525 3153 3685 3224 βασιτ-

1981 3243 2118 3304 λέως
2147 3243 2300 3305 ὄντος
2324 3283 2338 3305 ,
2373 3242 2471 3294 καὶ
2510 3242 2754 3311 ἐφέσεως
2786 3241 2956 3312 οὔσης
2977 3283 2991 3302 ,
3025 3227 3369 3309 γενέσθαιτι
3401 3243 3554 3313 παρά
3586 3241 3686 3313 τήν

1983 3324 2324 3378 ἀκολουθίαν.
2379 3323 2567 3387 υῦτως
2609 3325 2696 3378 ἀεὶ
2744 3324 2832 3378 διὰ
2879 3326 2986 3377 τῶν
3025 3325 3328 3378 δοκούντων
3373 3321 3512 3378 εἶναι
3561 3325 3686 3378 καθ’

1981 3412 2178 3482 ἡμῶν,
2209 3413 2351 3482 ὑπὲρ
2400 3411 2558 3481 ἡμῶν
2608 3412 2787 3465 πάντα
2826 3412 3057 3480 γίνεται·
3103 3412 3282 3481 φύλαξ
3319 3412 3427 3482 7&9
3473 3409 3542 3484 ἦν
3588 3412 3685 3466 τοῦ

1987 3501 2223 3553 Παύλου.
2261 3501 2372 3553 Καὶ
2404 3499 2751 3568 συγκαλέσας
2783 3499 2912 3562 τοὺς
2947 3500 3197 3570 πρώτους
3227 3500 3339 3553 τῶν
3384 3501 3685 3562 Ἰουδαίων,

1984 3587 2295 3655 διαλέγεται
2338 3588 2524 3649 αὐτοῖς
2549 3603 2572 3654 ’-
2605 3586 2655 3640 οἳ
2700 3587 2794 3640 καὶ
2836 3586 3216 3654 ἀντιλέγοντες
3241 3597 3261 3624 ο
3304 3586 3685 3658 ἀναχωροῦσι,

1986 3675 2083 3729 καὶ
2112 3674 2430 3746 ὑϐρίζονται
2461 3675 2591 3743 παρ’
2631 3672 2820 3736 αὑτοῦ,
2860 3673 2955 3726 καὶ
2987 3673 3141 3727 οὐδὲν
3171 3674 3450 3744 τολμῶσιν
3486 3677 3685 3728 εἰπεῖν·

1986 3769 2047 3821 ού
2081 3767 2190 3838 γάρ
2221 3765 2376 3838 [008]
2405 3769 2473 3838 τῇ
2509 3765 2733 3837 ἐξουσίᾳ
2778 3764 2962 3818 αὐτῶν
3015 3765 3358 3835 ἐπετρέπετο
3402 3765 3591 3818 λοιπὸν
3623 3765 3692 3819 τά

1987 3857 2110 3910 κατ’
2139 3855 2325 3908 αὐτόν.
2364 3853 2439 3907 Τὸ
2481 3853 2590 3926 γὰρ
2623 3853 2939 3923 θαυμαστὸν
2969 3853 3129 3906 τοῦτό
3162 3855 3335 3916 ἐστιν,
3369 3853 3452 3906 ὅτι
3496 3853 3558 3906 ού
3603 3853 3693 3908 διά

1988 3943 2097 3996 τῶν
2124 3942 2428 3995 δοκούντων
2460 3937 2602 3994 εἶναι
2633 3941 2773 4012 πρὸς
2803 3941 3130 4010 ἀσφάλειαν,
3161 3941 3298 3996 ἀλλά
3335 3943 3427 3994 καὶ
3459 3942 3549 3995 διὰ
3581 3942 3692 3995 τῶν

1988 4029 2250 4083 ἐναντίων
2306 4031 2486 4083 πάντα
2530 4029 2675 4099 ύπέρ
2714 4027 2872 4100 ήμῶν
2918 4029 3153 4097 γίνεται.
3196 4030 3310 4084 Καὶ
3355 4030 3446 4084 ἵνα
3489 4031 3692 4103 μάθῃς,

1991 4119 2185 4172 σκόπει
2221 4117 2496 4171 ἐντεῦθεν.
2538 4117 2860 4170 Ἐκέλευσεν
2887 4117 2915 4167 0
2941 4115 3145 4188 Φαραὼ
3179 4117 3470 4188 ῥίπτεσθαι
3499 4121 3578 4180 εἰς
3601 4120 3694 4172 τὸν

1991 4207 2238 4278 ποταμὸν
2279 4206 2349 4260 τά
2378 4197 2575 4278 βρέφη.
2622 4206 2685 4258 El
2723 4206 2801 4276 μὴ
2843 4205 3045 4276 ἐρρίφη
3091 4205 3160 4257 τὰ
3200 4205 3413 4278 βρέφη.
3451 4209 3498 4259 εἰ
3543 4207 3618 4277 μή
3657 4209 3694 4278 ή

1996 4297 2297 4369 πρόσταξις
2324 4296 2417 4349 τοῦ
2445 4295 2644 4364 Φαραὼ
2673 4297 2894 4363 ἐγένετο
2919 4295 2968 4362 ³,
2997 4296 3099 4349 οὐκ
3125 4295 3190 4350 ἂν
3214 4294 3396 4365 ἐσώθη
3424 4297 3692 4366 Μωῦσῆς,

1991 4387 2093 4438 οὐκ
2125 4385 2190 4438 ἂν
2221 4388 2276 4437 ἐν
2312 4384 2607 4454 βασιλείοις
2643 4384 2877 4454 ἐτράφη.
2924 4385 3057 4437 Ὅτε
3098 4384 3356 4449 ἐσώζετο,
3392 4387 3493 4438 ούκ
3527 4381 3596 4457 ἦν
3636 4387 3694 4438 ἐν

1990 4476 2147 4544 τιμῇ·
2182 4473 2271 4526 ὅτε
2294 4472 2543 4542 ἐξετέθη,
2566 4471 2690 4524 τότε
2712 4471 2934 4540 ἐγένετο
2963 4474 3020 4525 ἐν
3047 4475 3207 4544 τιμῇ.
3238 4473 3410 4527 Τοῦτο
3432 4475 3489 4528 δέ
3516 4474 3695 4530 ἐποίει

1991 4564 2021 4616 0
2040 4563 2193 4626 Θεὸς,
2221 4562 2282 4614 τὸ
2308 4560 2542 4632 εῦπορον
2573 4561 2740 4614 αὐτοῦ
2769 4561 2987 4625 δεικνὺς
3016 4563 3109 4616 καὶ
3135 4562 3467 4635 εὐμήχανον.
3508 4564 3697 4618 Ἠπεί-

1989 4651 2156 4722 λησεν
2207 4648 2360 4720 αύτῷ
2407 4652 2435 4703 0
2492 4650 2748 4713 Ἰουδαῖος
2793 4649 3006 4718 λέγων’
3059 4650 3155 4719 Μὴ
3198 4651 3448 4706 ἀνελεῖν
3491 4669 3569 4722 με
3610 4654 3696 4708 σὺ

1993 4739 2227 4804 θέλεις;
2255 4738 2352 4792 καὶ
2381 4737 2540 4790 τοῦτο
2573 4737 2737 4791 αὐτὸν
2763 4737 2996 4810 ὤνησεν.
3035 4740 3182 4810 Ἀρα
3211 4739 3575 4810 οἰκονομικῶς
3599 4743 3695 4810 γέ-

1993 4845 2172 4898 γονεν,
2223 4825 2368 4879 ὥστε
2411 4826 2511 4894 τὴν
2557 4826 2681 4896 δψιν
2728 4826 2893 4880 αὑτὸν
2938 4827 3158 4897 ἐκείνην
3203 4828 3332 4881 ίδεῖν
3371 4827 3470 4900 τὴν
3521 4831 3579 4882 ἐν
3627 4833 3692 4902 τῇ

1994 4917 2211 4986 ἐρήμῳ,
2238 4913 2380 4966 ὥστε
2407 4913 2499 4966 τὸν
2529 4916 2881 4985 προσήκοντα
2907 4917 3100 4986 χρόνον
3128 4915 3516 4986 πληρωθῆναι,
3548 4915 3695 4969 ὥστε

1994 5004 2160 5057 αὑτὸν
2203 5002 2643 5073 ἐμφιλοσοφῆσαι
2673 5006 2740 5074 τῇ
2777 5005 2990 5075 ἐρήμῳ,
3029 5004 3124 5056 καὶ
3161 5005 3220 5057 ἐν
3252 5005 3526 5076 ἀσφαλείᾳ
3571 5006 3693 5078 ζῇν.

1997 5092 2108 5146 Καὶ
2135 5093 2192 5143 ἐν
2221 5091 2426 5154 πάσαις
2447 5093 2564 5153 ταῖς
2591 5091 2713 5144 κατ’
2745 5090 2910 5144 αὑτοῦ
2938 5090 3049 5144 τῶν
3082 5090 3356 5146 Ἰουδαίων
3376 5093 3697 5156 ἐπιϐουλαῖς

1995 5180 2191 5234 ταυτὸν
2223 5180 2457 5250 γίνεται·
2501 5179 2623 5232 τότε
2660 5179 3047 5250 λαμπρότερος
3076 5179 3427 5245 καθίσταται,
3460 5174 3572 5234 οἷον
3595 5182 3694 5235 καὶ
3784 5215 3806 5260 ν,

1994 5271 2089 5322 ἐπὶ⁵
2117 5269 2213 5322 τοῦ
2259 5267 2474 5337 Ἀαρών
2499 5281 2512 5294 '
2549 5267 2932 5337 ἐπανέστησαν
2958 5266 3110 5337 αύτῷ
3129 5307 3143 5331 ,
3174 5268 3272 5321 καὶ
3305 5267 3693 5340 λαμπρότερον

1994 5355 2158 5409 αὑτὸν
2198 5352 2494 5422 ἐποίησαν·
2537 5350 2790 5406 ἐντεῦθεν
2830 5351 2940 5423 γάρ
2972 5350 3124 5422 αὐτῷ
3169 5351 3268 5405 καὶ
3318 5352 3380 5405 τὸ
3417 5353 3696 5424 ἱερατικὸν

1997 5441 2335 5497 ποικίλλεται
2373 5439 2601 5510 ἔνδυμα,
2643 5440 2739 5493 καὶ
2782 5440 2814 5510 ή
2857 5438 3073 5510 κίδαρις
3105 5439 3486 5512 περιτίθεται,
3534 5439 3631 5493 καὶ
3667 5443 3697 5494 0

1995 5530 2181 5593 λοιπὸς
2213 5530 2309 5599 τῆς
2337 5529 2534 5598 στολῆς
2562 5529 2790 5599 κόσμος,
2820 5527 2964 5581 ὥστε
2985 5527 3478 5599 ἀναμφισϐήτητον
3503 5539 3526 5567 ο
3552 5524 3695 5581 εἶναι

1996 5620 2097 5691 τὴν
2128 5617 2492 5690 χειροτονίαν,
2515 5616 2660 5670 ὥστε
2685 5618 2782 5670 καὶ
2804 5618 2884 5681 εἰς
2913 5615 2977 5670 :0
3007 5616 3132 5687 ἐξῆς
3166 5615 3553 5688 θαυμάζεσθαι
3584 5615 3698 5670 ἀπὸ

1996 5709 2106 5761 τῶν
2135 5706 2387 5761 πετάλων
2411 5705 2506 5759 τοῦ
2535 5705 2760 5776 χαλκοῦ.
2788 5707 2933 5759 Ἰστε
2956 5707 3174 5769 πάντως
3195 5706 3296 5777 τὴν
3321 5704 3586 5777 ίστορίαν·
3613 5704 3698 5759 διὸ

1997 5799 2094 5851 καὶ
2140 5796 2474 5869 παρατρέχω
2519 5796 2582 5848 τὸ
2617 5795 2885 5866 διήγημα.
2949 5797 3059 5850 Καὶ
3107 5796 3158 5849 εί
3206 5793 3484 5866 βούλεσθε,
3528 5794 3697 5851 πάλιν

2067 5961 2081 5997 ι
2117 5940 2298 5998 Verba,
2325 5941 2406 5988 καὶ
2434 5939 2576 5986 πάλιν
2619 5939 2930 5995 σπεύδοντας.
2981 5940 3126 5991 nobis
3167 5942 3419 5991 dederunt
3460 5941 3616 5991 Savil.
3642 5936 3699 5998 εει

2003 5991 2110 6052 ués
2157 6017 2270 6053 mss.
2288 5991 2441 6050 Ἰῖοιτ.
2513 6005 2534 6030 ο
2562 6000 2862 6064 ιιυτριηκαι
2900 5991 3140 6064 λέγοντες.
3211 6002 3237 6043 «1
3265 6002 3407 6053 Multi
3444 6003 3628 6060 verbis,
3654 5991 3696 6042 ιι

2005 6068 2151 6134 μή
2169 6066 2393 6134 ἐγένετοη
2419 6070 2609 6134 ρᾳτοηί.
2684 6075 2706 6101 ο
2746 6062 2884 6134 milia
2909 6062 3054 6114 αὑτὸν
3075 6065 3326 6128 ἐποίησαν,
3349 6067 3478 6115 ὥστε
3497 6067 3696 6127 έναμφι-

2009 6129 2270 6187 σϐήτητον,
2297 6127 2493 6176 omissis
2519 6127 2853 6175 intermeans.
