4056 6490
492 498 597 553 577

486 607 689 661 ἀνωθεν
713 606 778 659 τά
798 606 933 660 αύτά
953 604 1285 675 ἐπέλθωμεν,
1316 608 1375 660 Ὀ
1394 605 1531 661 Κατν
1555 606 1643 658 τὸν
1664 605 1890 675 ἀδελφὸν
1909 605 2134 666 ἀνεῖλεν,

486 703 621 757 ἀλλὰ
672 705 838 773 ταύτῃ
893 703 1089 771 μᾶλλον
1127 702 1422 770 ὠφέλησεν·
1469 701 1697 755 ἄκουσον
1728 701 1837 771 γάρ
1874 701 1925 753 τί
1969 714 2134 764 φησσ·

487 799 657 865 Φωνὴ
690 802 930 868 αἵματος
962 800 1067 853 τοῦ
1105 799 1368 868 ἀδελφοῦ
1410 815 1527 853 σου
1560 796 1681 865 βοᾷ
1720 804 1863 865 πρός
1902 810 2009 865 με’
2048 797 2138 849 καὶ

487 898 647 951 πάλιν
669 897 923 967 ἀλλαχοῦ,
953 899 1179 966 Hyan,
1203 898 1354 966 φησι,
1387 896 1655 963 κρεῖττον
1672 894 1961 950 λαλοῦντι
1982 894 2141 959 παρὰ

487 990 594 1044 τὸν
626 992 824 1045 Ἅϐελ.
868 990 1195 1060 Ἀπήλλαξεν
1224 991 1385 1045 αὑτὸν
1410 992 1508 1061 τῆς
1536 990 1757 1061 άδηλίας
1786 987 1880 1041 τοῦ
1917 987 2137 1059 μέλλον-

483 1100 596 1148 τος,
623 1086 715 1139 τὸν
745 1086 937 1157 μισθὸν
962 1086 1162 1157 ηὔξησε
1187 1104 1201 1117 ο
1236 1086 1334 1156 τὴν
1361 1085 1584 1155 ἀγάπην
1615 1086 1887 1155 ἐμάθομεν
1915 1084 2136 1145 πάντες,

481 1178 549 1247 ἣν
577 1181 607 1232 6
629 1180 755 1243 Θεὸς
788 1191 910 1250 εσχε
941 1180 1074 1250 πρὸς
1098 1181 1278 1234 αὐτόν.
1313 1182 1379 1233 Τί
1408 1182 1516 1251 γάρ
1547 1181 1817 1251 ἠδίκηται,
1847 1178 2139 1248 δεξάμενος

480 1272 668 1344 τάχιον
688 1274 785 1345 τὴν
805 1276 1087 1346 τελευτήν;
1112 1276 1275 1329 Οὐδέν
1294 1294 1307 1306 ·
1341 1276 1396 1330 τί
1420 1278 1547 1347 γάρ,
1571 1276 1690 1329 είπέ
1716 1293 1823 1345 μοι,
1850 1277 1896 1327 οἱ
1924 1274 2137 1345 βράδιον

480 1368 833 1432 τελευτῶντες
865 1370 1270 1440 κερδαίνουσιν;
1316 1370 1481 1425 Οὐδέν
1507 1387 1519 1401 ·
1562 1372 1682 1424 οὐδὲ
1725 1370 1833 1442 γάρ
1882 1368 2033 1440 παρά
2075 1368 2138 1420 τὸ

479 1462 647 1515 πολλὰ
688 1463 785 1533 ζῇν
830 1465 922 1533 ἐτη
953 1464 985 1533 ἦ
1026 1464 1180 1530 ὀλίγα
1214 1467 1246 1536 ἡ
1284 1466 1571 1536 εὐημερία,
1604 1465 1741 1518 ἀλλά
1783 1464 1932 1535 παρά
1967 1463 2027 1517 τὸ
2057 1466 2136 1527 εἰς

477 1556 591 1609 δέον
638 1557 935 1626 κεχρῆσθαι
965 1561 1031 1629 τῇ
1064 1558 1199 1629 ζωῇ.
1242 1562 1307 1612 Οἱ
1351 1562 1498 1630 τρεῖς
1542 1561 1727 1621 παῖδες
1771 1557 2136 1628 ἐνεϐλήθησαν

479 1651 559 1712 είς
594 1652 849 1718 κάμινον,
886 1656 976 1705 καὶ
1008 1654 1095 1706 διὰ
1140 1654 1328 1707 τούτου
1377 1656 1631 1722 γεγόνασι
1674 1654 2073 1724 λαμπρότεροι⁹
2106 1654 2133 1705 6

478 1744 671 1811 Δανιὴλ
742 1746 819 1807 είς
892 1746 1131 1811 λάκκον,
1195 1750 1288 1802 καὶ
1348 1748 1596 1801 ἐντεῦθεν
1677 1750 2131 1818 περιφανέστερος

480 1838 737 1907 κατέστη.

545 1977 615 2037 γ’.
645 1972 807 2043 Ὁρᾷς
827 1974 1099 2044 πανταχοῦ
1120 1977 1243 2038 τοὺς
1265 1978 1598 2047 πειρασμοὺς
1622 1978 1830 2046 μεγάλα
1851 1977 2131 2039 τίκτοντας

474 2065 651 2134 ἀγαθά
697 2070 789 2121 καὶ
818 2069 1080 2133 ἐνταῦθα,
1118 2073 1247 2141 μήτι
1280 2088 1343 2140 γε
1378 2073 1521 2126 ἐκεῖ·
1568 2074 1660 2126 ἐπὶ
1698 2074 1755 2126 δὲ
1791 2077 1889 2144 τῆς
1935 2074 2131 2137 κακίας

471 2162 666 2214 ταυτὸν
693 2164 930 2229 γίνεται,
962 2159 1071 2218 οἷον
1099 2166 1166 2217 ἂν
1194 2168 1247 2219 ετ
1273 2183 1356 2228 τις
1391 2166 1635 2236 κάλαμον
1668 2167 1806 2237 ἔχων
1844 2169 2126 2239 παρατάτ-

470 2270 615 2307 τοιτο
642 2257 776 2327 πρὸς
808 2258 938 2327 πῦρ·
973 2261 1001 2312 6
1042 2260 1151 2329 γὰρ
1186 2260 1423 2323 τοιοῦτος
1454 2262 1598 2314 δοκεί
1636 2263 1732 2331 μὲν
1770 2260 2025 2338 πλήττειν
2068 2263 2129 2317 τὸ

470 2348 602 2420 πῦρ,
629 2352 757 2405 αὐτὸ
783 2352 839 2405 δὲ
868 2354 1244 2425 λαμπρότερον
1274 2360 1435 2419 ποιεῖ,
1474 2358 1567 2410 καὶ
1602 2358 1789 2411 ἐαυτὸν
1822 2359 2125 2414 ἀναλίσκει.

326 2427 337 2437 ’
410 2484 411 2487 η
472 2445 478 2455 ’
506 2446 654 2513 ’ροφὴ
686 2447 793 2515 γάρ
821 2448 1027 2515 γίνεται
1054 2453 1085 2519 ἡ
1121 2450 1286 2503 κακία
1356 2454 1444 2504 καὶ
1473 2452 1725 2516 ὑπόθεσις
1748 2452 2128 2525 λαμπρότητος

468 2540 535 2606 τῇ
566 2539 753 2609 ἀρετῇ·
779 2543 842 2609 τῇ
870 2542 975 2611 γάρ
1005 2544 1185 2614 ἀδικίᾳ
1211 2547 1287 2607 εἰς
1306 2545 1422 2597 δέον
1446 2546 1534 2598 τοῦ
1565 2547 1701 2600 Θεοῦ
1722 2550 2025 2618 χρωμένου,
2057 2551 2125 2601 τὰ

490 2630 708 2701 ⁸μέτερτι
738 2632 937 2703 λάμπει
972 2636 1190 2703 μᾶλλον.
1218 2638 1383 2691 Πάλιν
1409 2642 1436 2692 6
1464 2640 1707 2704 διάϐολος
1733 2642 1859 2694 ὅταν
1889 2643 2125 2714 ἐργάζη-

466 2726 554 2776 ταί
584 2743 634 2777 τι
663 2728 929 2793 τοιοῦτον,
964 2732 1373 2803 λαμπροτέρους
1410 2741 1552 2789 ποιεῖ
1577 2739 1703 2801 τοὺς
1734 2739 2121 2809 ὑπομένοντας.

467 2818 531 2870 Τί
572 2818 698 2885 οὖν,
740 2826 937 2892 φησὶν,
968 2826 1058 2878 ἐπὶ
1093 2827 1187 2879 τοῦ
1245 2829 1417 2900 Ἀδάμ
1454 2832 1513 2883 οὑ
1552 2832 1743 2899 γέγονε
1783 2835 1959 2899 τοῦτο,
2009 2835 2123 2887 ἀλλ’

465 2914 785 2985 ἀτιμότερος
823 2918 1052 2987 γέγονε;
1091 2923 1339 2977 Μάλιστα
1381 2926 1479 2994 μὲν
1514 2930 1748 2997 κάκείνῳ
1795 2931 1822 2981 6
1870 2930 2000 2995 Θεὸς
2045 2933 2124 2999 εἰς

462 3010 581 3099 δέον
614 3014 918 3085 ἐχρήσατο·
954 3021 1001 3071 εί
1026 3020 1081 3073 δέ
1112 3022 1211 3073 πού
1244 3041 1295 3075 τι
1334 3024 1555 3087 ἔπαθεν,
1592 3027 1755 3090 αὐτὸς
1782 3030 1972 3082 ἑαυτὸν
2004 3030 2119 3099 ἡδί·

462 3121 630 3175 κησε·
679 3110 745 3163 τὰ
801 3113 898 3180 μὲν
948 3114 1056 3186 γάρ
1114 3117 1244 3188 παρ’
1298 3120 1501 3191 ἐτέρων
1546 3122 1625 3184 εἰς
1673 3124 1821 3193 ἡμᾶς
1862 3126 2120 3194 γινόμενα

463 3202 713 3271 μεγάλων
740 3207 871 3275 ήμῖν
903 3210 1119 3276 ἀγαθῶν
1148 3213 1293 3265 αἴτια
1332 3215 1537 3281 γίνεται
1556 3257 1569 3281 ,
1600 3218 1668 3271 τὰ
1699 3218 1755 3270 δὲ
1797 3222 1924 3291 παρ’
1961 3224 2121 3292 ήμῶν

466 3296 647 3349 αὐτῶν
669 3300 869 3353 οὐκέτι.
910 3303 1125 3374 Ἐπειδὴ
1146 3307 1253 3377 γάρ
1279 3308 1619 3378 ἀδικούμενοι
1653 3313 1749 3380 μὲν
1771 3315 1862 3383 ὑφ’
1893 3316 2117 3387 ἐτέρων,

460 3388 749 3460 ἀλγοῦμεν,
790 3394 891 3446 ὑπὸ
918 3395 974 3447 δὲ
1000 3398 1153 3466 ἡμῶν
1179 3401 1358 3453 αὐτῶν
1387 3404 1587 3468 ούκέτι,
1613 3406 1882 3460 δείκνυσιν
1916 3412 1943 3462 6
1965 3411 2116 3477 Θεὸς,

460 3480 540 3571 δτι
581 3482 608 3532 6
643 3484 738 3551 μὲν
769 3485 897 3555 παρ’
942 3488 1125 3557 ἐτέρου
1171 3491 1363 3555 ἀδίκως
1398 3496 1639 3566 πάσχων,
1676 3499 1970 3571 εὐδοκιμεῖ,
2005 3506 2032 3557 6
2060 3506 2117 3558 δὲ

464 3570 613 3645 [409]
658 3575 844 3629 ἑαυτὸν
883 3580 1100 3645 ἀδικῶν,
1152 3584 1463 3652 βλάπτεται·
1494 3591 1584 3643 καὶ
1631 3591 1773 3660 μάλα
1817 3570 2037 3658 εἰκότως
2065 3612 2115 3665 ι,

462 3668 547 3762 ἵνα
593 3671 765 3724 ἐκεῖνο
816 3674 915 3743 μὲν
956 3679 1215 3742 γενναίως
1258 3682 1533 3753 φέρωμεν,
1582 3685 1739 3739 τοῦτο
1784 3689 1839 3741 δὲ
1885 3693 2112 3762 μηκέτι·

458 3761 630 3826 ἄλλως
658 3782 717 3816 τε
750 3766 807 3818 τὸ
843 3771 949 3820 πᾶν
992 3771 1105 3822 ἐκεῖ
1135 3772 1226 3824 τοῦ
1290 3777 1461 3847 Ἀδάμ
1507 3780 1719 3848 γέγονε.
1771 3784 1868 3835 Διὰ
1906 3761 1958 3837 τί
2005 3787 2115 3858 γὰρ

458 3858 674 3911 ἐπείθου
704 3865 767 3931 τῇ
795 3866 1013 3930 γυναικί
1034 3884 1045 3930 ;
1068 3868 1165 3927 δια
1182 3869 1232 3919 τί
1262 3870 1612 3941 γὰρ-ἐναντία
1639 3879 2111 3948 συμϐουλεύουσαν

454 3956 554 4047 οὐκ
580 3956 930 4026 ἀπεκρούσω;
973 3962 1041 4014 Σὺ
1074 3963 1285 4027 πάντως
1316 3968 1543 4035 γέγονας
1570 3974 1760 4037 αἴτιος,
1793 3978 1979 4047 ἐπειδὴ
2010 3982 2056 4032 εί
2083 3981 2111 4031 6

454 4046 693 4112 διάϐολος
734 4047 831 4121 ἦν,
860 4054 963 4105 ἔδει
1005 4057 1141 4109 κατά
1171 4060 1325 4112 τοῦτο
1362 4064 1482 4126 τοὺς
1516 4067 1939 4137 πειραζομένους
1975 4073 2107 4125 πάνυ

453 4162 550 4209 τας
575 4148 923 4202 ἀπόλλυσθαι·
945 4153 991 4203 εί
1010 4152 1062 4203 δὲ
1090 4156 1162 4223 μὴ
1185 4156 1532 4223 ἀπόλλυνται,
1565 4165 1693 4234 παρ’
1717 4167 1860 4235 ἡμᾶς
1882 4170 1913 4237 ή
1938 4172 2104 4224 αίτία.

464 4242 599 4293 Ἀλλ’
621 4243 747 4304 ἔδει,
768 4247 917 4314 φησὶ,
942 4247 1149 4309 πάντας
1176 4254 1299 4314 τοὺς
1333 4273 1421 4307 πει
1432 4258 1757 4328 ραζομένους
1782 4266 2101 4336 κατορθοῦν,

451 4336 483 4403 ἢ
513 4337 557 4387 εί
577 4340 702 4406 παρ’
722 4339 864 4407 ἡμᾶς
887 4344 918 4409 ἠ
942 4344 1107 4404 αἰτία,
1131 4345 1235 4398 ἔδει
1263 4350 1355 4401 καὶ
1379 4353 1544 4420 χωρὶς
1565 4354 1656 4406 τοῦ
1681 4355 1925 4411 διαϐόλου
1947 4362 2105 4414 ἀπόλ-

450 4434 673 4499 λυσθαι;
703 4434 870 4488 Τοῦτο
887 4439 1203 4505 καὶγίνεται
1224 4459 1234 4470 ·
1258 4446 1351 4497 καὶ
1376 4447 1481 4516 γάρ
1506 4450 1687 4502 πολλοὶ
1710 4456 1800 4505 καὶ
1822 4457 1988 4525 χωρὶς
2012 4459 2101 4511 τοῦ

448 4526 688 4579 διαϐόλου
705 4529 1044 4585 ἀπόλλυνται·
1061 4535 1119 4586 ού
1133 4535 1238 4606 γάρ
1252 4537 1313 4607 δὴ
1328 4540 1501 4593 πάντα
1516 4542 1672 4607 αὐτὸς
1687 4554 2098 4617 κατασκευάζει,

447 4621 578 4671 ἀλλὰ
607 4622 769 4675 πολλὰ
796 4627 885 4677 καί
908 4628 1013 4679 ἀπὸ
1048 4630 1213 4699 μόνης
1240 4633 1443 4699 γίνεται
1470 4637 1565 4707 τῆς
1604 4640 1827 4705 νωθείας
1852 4645 1947 4714 τῆς
1974 4649 2101 4717 ήμε⁸

445 4713 621 4783 τέρας·
638 4718 684 4767 εί
706 4718 759 4769 δέ
780 4736 879 4769 που
905 4724 1149 4786 κάκεῖνος
1170 4727 1357 4790 αἴτιος,
1379 4730 1533 4798 ήμῶν
1550 4733 1645 4801 τὴν
1664 4735 1833 4805 ἀρχὴν
1846 4743 2101 4810 παρεχόνς

446 4823 569 4861 των.
588 4810 715 4863 Εἰπὲ
733 4814 837 4882 γάρ
853 4832 961 4881 μοι,
980 4818 1107 4869 πότε
1126 4822 1151 4871 6
1170 4820 1409 4885 διάϐολος
1428 4824 1645 4891 ἴσχυσεν
1667 4830 1757 4881 ἐπὶ
1773 4832 1865 4884 τοῦ
1897 4835 2061 4888 Ἰούδα
2080 4856 2093 4903 ;

448 4901 574 4951 Ὅτε
602 4906 837 4973 εἰσῆλθε,
879 4912 1058 4977 φησὶν,
1086 4915 1163 4976 είς
1195 4917 1353 4970 αὑτὸν
1388 4922 1415 4971 6
1440 4921 1697 4985 Σατανᾶς.
1750 4927 1885 4979 Ἀλλ’
1933 4901 2095 4986 ἄκουέ

446 5008 537 5043 σον
592 4995 687 5064 τὴν
731 5000 928 5050 αἰτίαν·
989 5004 1065 5055 ὅτι
1120 5007 1355 5079 κλέπτης
1408 5010 1493 5082 ἦν,
1538 5020 1629 5069 καὶ
1672 5020 1737 5071 τά
1790 5024 2093 5095 βαλλόμενα

444 5088 757 5152 ἐϐάσταζεν.
810 5096 975 5159 Αὐτὸς
1020 5100 1217 5153 ἔδωκεν
1255 5108 1399 5176 αύτῷ
1450 5112 1787 5185 εὐρυχωρίαν
1838 5123 1933 5191 τῆς
1979 5128 2087 5176 εἱσ-

440 5182 589 5234 όδου·
622 5185 758 5239 ὥστε
806 5192 899 5259 οὐχ
938 5195 964 5244 ό
1009 5196 1249 5262 διάϐολος
1282 5202 1377 5271 τὴν
1412 5206 1582 5275 ἀρχὴν
1628 5212 1919 5284 ἐντίθησιν,
1976 5222 2091 5274 ἀλλ’

440 5279 597 5345 ἡμεῖς
628 5282 1077 5385 aia-1616576920:
1110 5295 1202 5346 καὶ
1240 5298 1527 5369 καλοῦμεν.
1578 5305 1715 5358 Ἀλλ’
1751 5279 1809 5363 εἰ⁷
1841 5279 1913 5385 μή
1948 5319 2090 5370 ἐκεῖ-

440 5388 545 5433 νος,
577 5378 755 5442 φησὶν,
797 5376 882 5449 ἦν,
922 5383 1017 5435 οῦκ
1052 5386 1115 5438 ἂν
1147 5391 1352 5456 μεγάλα
1383 5396 1596 5462 ἐγένετο
1636 5403 1701 5455 τά
1737 5376 1913 5463 δεινά..
1951 5412 2088 5465 ’Λλλ’

438 5465 805 5576 ἀπαραίτητος
836 5478 963 5576 ἡμῖν
983 5480 1203 5549 ἔμελλεν
1224 5482 1358 5539 εἶναι
1384 5493 1415 5559 ἡ
1444 5494 1683 5559 κόλασις·
1713 5500 1805 5553 νῦν
1832 5505 1929 5571 μὲν
1955 5507 2083 5576 γάρ.

436 5565 705 5633 αγαπητὲ,
738 5572 800 5619 τὰ
839 5571 939 5640 τῆς
981 5576 1251 5643 κολάσεως
1283 5585 1412 5654 ἡμῖν
1449 5590 1801 5664 ἡμερώτερα,
1848 5602 1977 5653 εἰδὲ
2018 5605 2085 5657 δι’

434 5655 651 5763 ἑαυτῶν.
676 5663 1037 5763 είργαζόμεθα
1065 5674 1131 5724 τά
1160 5674 1325 5743 δεινά,
1358 5655 1626 5754 ἀφόρητος
1758 5655 1797 5761 ἡ⁷
1819 5655 2079 5763 τιμωρία.

436 5748 695 5859 ἓίπὶγάρ
721 5772 829 5824 μοι,
855 5761 901 5811 εί
926 5762 1112 5828 ταῦτα,
1137 5768 1169 5819 ά
1198 5748 1439 5843 ἥμαρτεν
1523 5748 1715 5852 ζΛδέιμ,
1746 5748 1915 5859 χωρίς

434 5844 623 5919 ϐουΑης
668 5853 899 5923 ἥμαρτε,
936 5861 1013 5924 τίς
1049 5864 1207 5917 αὑτὸν
1242 5870 1304 5921 ἂν
1336 5873 1605 5943 ἐξήρπασε
1642 5881 1745 5933 τῶν
1787 5886 2077 5950 κινδύνωνε

498 6030 520 6056 η
552 6030 679 6088 Περι),
700 6039 775 6084 καὶ
799 6040 920 6099 μάλα
943 6046 1132 6103 εἰκότως
1159 6058 1207 6099 cl
1233 6066 1338 6102 mox
1370 6056 1480 6113 ἐκεῖ,
1504 6060 1679 6114 «ἴρεωιέ
1722 6080 1765 6115 1n
1804 6082 1902 6118 nuo

1196 494 1251 548 S.
1288 494 1569 549 JOANNIS
1606 490 2082 549 CIIRYSOSTOMI
2120 490 2437 550 ARCHIEP.
2477 492 3020 552 CONSTANTINOP.

3806 485 3911 541 378

2258 606 2394 660 Ἀλλ’
2426 609 2524 659 οὐκ
2558 608 2623 660 ἂν
2650 610 2888 679 ἥμαρτε,
2916 607 3067 679 φησί.
3094 606 3261 660 Πόθεν
3293 622 3382 675 μοι
3410 606 3568 659 τοῦτο
3594 603 3811 674 λέγειςς
3852 606 3912 658 ὐ

2242 701 2352 771 γάρ
2376 703 2516 758 οὓτω
2543 704 2739 773 χαῦνος
2769 705 2863 757 καί
2890 704 3132 775 ῥᾴθυμος
3156 703 3250 756 καὶ
3280 702 3413 773 πρὸς
3439 703 3625 756 ἄνοιαν
3654 703 3909 772 ἕτοιμος,

2240 798 2378 851 ὥστε
2408 797 2660 863 δέξασθαι
2690 800 2949 868 τοιαύτην
2979 798 3283 870 συμϐουλὴν
3308 835 3324 860 ,
3351 797 3533 867 πολλῷ
3564 796 3769 866 μᾶλλον
3817 808 3912 850 και

2236 892 2404 963 χωρὶς
2438 893 2626 947 τούτου
2652 894 2811 946 τοῦτο
2837 894 3059 961 γέγονεν
3088 894 3174 948 ἀν.
3202 894 3362 955 Ποῖος
3382 892 3629 953 διάϐολος
3658 895 3790 956 τοὺς
3814 892 3909 947 τοῦ

2249 988 2444 1058 Ἰωσὴφ
2480 989 2739 1058 ἀδελφοὺς
2792 990 2871 1051 είς
2921 988 3116 1057 φθόνον
3165 988 3448 1051 ἐνέϐαλενς
3492 990 3591 1040 Ἂν
3642 992 3910 1059 νήφωμεν

2234 1084 2435 1151 τοίνυν,
2467 1086 2762 1154 ἀγαπητοὶ,
2796 1086 2889 1138 καὶ
2930 1084 3333 1154 εὑδοκιμήσεως
3361 1085 3491 1153 ήμῖν
3520 1084 3697 1146 αἴτιος
3731 1086 3761 1137 6
3792 1086 3907 1137 διό-

2235 1176 2391 1240 ϐολος
2414 1179 2647 1245 γίνεται.
2675 1177 2741 1229 Τί
2769 1177 2879 1247 γὰρ
2902 1175 3099 1244 ἔϐλαψε
3125 1176 3216 1228 τὸν
3260 1178 3379 1229 Ἰὼϐ
3408 1180 3439 1246 ἡ
3465 1176 3703 1247 τοσαύτη
3738 1178 3905 1230 αὐτοῦ

2236 1273 2450 1343 μηχανή
2476 1273 2537 1335 δ;
2567 1272 2657 1341 Μὴ
2690 1274 2868 1343 εἴπῃς,
2900 1272 3054 1342 φησὶ,
3086 1270 3264 1335 τοῦτο,
3293 1271 3407 1323 ἀλλ’
3438 1274 3466 1323 ὁ
3502 1272 3739 1342 ἀσθενὴς
3776 1272 3901 1341 βλά-

2234 1385 2448 1423 πτεται.
2491 1370 2630 1422 Ἀλλ’
2661 1371 2687 1420 6
2707 1369 2958 1438 ἀσθενὴς,
2986 1368 3089 1422 κᾶν
3121 1366 3197 1438 μὴ
3221 1366 3466 1429 διάϐολος
3487 1364 3543 1438 ᾖ,
3576 1368 3901 1437 βλάπτεται.

2246 1461 2405 1517 Ἀλλά
2461 1464 2757 1535 μειζόνως,
2796 1465 2963 1535 φησὶ,
3011 1464 3148 1535 μετὰ
3196 1464 3291 1534 τῆς
3339 1462 3549 1517 ἐκείνου
3597 1464 3901 1534 ἐνεργείας.

2243 1559 2381 1613 Ἀλλ’
2408 1559 2647 1622 ἔλαττον,
2675 1560 2802 1613 ὅταν
2834 1559 2972 1629 μετά
2996 1560 3094 1631 τῆς
3119 1558 3323 1612 ἐκείνου
3344 1558 3629 1629 ἐνεργείας
3653 1560 3899 1630 ἁμάρτῃ,

2229 1654 2535 1717 κολάζεται·
2569 1655 2629 1707 οὐ
2668 1655 2776 1726 γάρ
2808 1654 3024 1708 πάντων
3051 1655 3160 1706 τῶν
3194 1654 3609 1724 ἁμαρτημάτων
3640 1656 3699 1706 αἱ
3739 1656 3901 1708 αὑταὶ

2225 1750 2507 1820 τιμωρίαι.
2538 1749 2624 1820 Μὴ
2649 1748 2945 1818 ἀπατῶμεν
2967 1748 3191 1812 ἑαυτούς
3210 1766 3224 1780 ·
3259 1750 3358 1802 οὐκ
3387 1748 3535 1802 ἐστιν
3560 1751 3695 1819 ἡμῖν
3730 1750 3758 1802 6
3783 1749 3898 1804 διά-

2226 1846 2380 1910 ϐολος
2415 1848 2608 1911 αἴτιος,
2650 1846 2745 1899 ἐάν
2785 1848 3075 1917 νήφωμεν·
3111 1847 3317 1909 ἐκεῖνος
3364 1846 3511 1915 ἡμᾶς
3548 1846 3756 1916 μᾶλλον
3792 1847 3898 1915 ἀφ-

2228 1942 2464 2007 υπνίζει,
2502 1946 2709 2007 ἐκεῖνος
2756 1945 2902 2015 ήμάς
2950 1944 3222 2013 διεγείρει.
3259 1943 3395 1996 Εἰπὲ
3434 1944 3543 2014 γάρ
3597 1961 3687 2013 μοι
3721 1943 3899 2014 (τέως

2225 2040 2399 2092 ταῦτα
2430 2039 2823 2111 ἐξετάσωμεν),
2856 2041 2931 2111 μὴ
2964 2039 3103 2093 ἔστω
3132 2038 3314 2110 θηρία,
3346 2038 3421 2110 μὴ
3443 2038 3582 2093 ἔστω
3609 2039 3896 2110 ἀνωμαλία

2225 2136 2424 2205 ἀέρων,
2462 2136 2537 2207 μὴ
2566 2136 2741 2199 νόσος,
2786 2135 2860 2207 μὴ
2895 2136 3085 2198 λῦπαι,
3123 2135 3197 2205 μὴ
3230 2135 3481 2205 ἀθυμίαι,
3513 2135 3590 2207 μὴ
3626 2136 3816 2207 ἱτερόν
3842 2153 3895 2188 τι

2222 2230 2330 2283 τῶν
2378 2230 2653 2284 τοιούτων·
2692 2231 2746 2283 τί
2777 2231 2876 2283 οὑκ
2912 2230 2979 2284 ἀν
3019 2231 3238 2298 ἐγένετο
3277 2230 3307 2284 6
3340 2229 3661 2303 άνθρωποςς
3700 2232 3895 2302 Χοϊρος

2227 2327 2426 2398 μᾶλλον
2465 2329 2498 2399 ἢ
2544 2327 2848 2399 ἅνθρωπος,
2876 2326 3018 2382 δοκῶ
3054 2344 3167 2398 μοι,
3200 2327 3423 2395 γέγονεν
3460 2328 3527 2382 ἂν
3550 2368 3564 2392 ,
3597 2327 3893 2398 γαστριζόο

2228 2441 2385 2494 μενος
2424 2426 2517 2477 καὶ
2557 2423 2793 2491 μεθύων,
2824 2424 2919 2478 καὶ
2949 2424 3054 2477 ὑπὸ
3086 2423 3313 2494 μηδενὸς
3339 2422 3542 2477 τούτων
3569 2422 3891 2493 ἐνοχλούμε-

2222 2536 2328 2581 νος.
2359 2519 2472 2572 Νῦν
2505 2519 2561 2573 δὲ
2590 2521 2646 2574 αί
2673 2520 2950 2591 φροντίδες
2973 2521 3062 2574 καὶ
3086 2522 3142 2574 αί
3172 2520 3436 2591 μέριμναι
3457 2518 3760 2589 γυμνάσιόν
3788 2520 3893 2572 εἱσι

2222 2615 2536 2685 φιλοσοφίας
2601 2618 2695 2671 καὶ
2761 2618 3165 2681 διδασκάλειον,
3225 2618 3323 2671 καὶ
3378 2617 3569 2686 ἀγωγή
3641 2614 3893 2677 παιδείας

2221 2717 2468 2785 ἀρίστης.
2512 2716 2713 2769 Σκόπει
2744 2716 2799 2769 δὲ
2830 2717 2925 2768 καὶ
2952 2716 3127 2779 ἄλλως
3152 2730 3165 2744 ·
3200 2714 3484 2785 τρεφέσθω
3514 2730 3599 2775 τις
3643 2714 3704 2765 ἐν
3740 2712 3894 2781 βασι-

2220 2808 2382 2872 λείοις
2408 2811 2544 2879 μήτε
2570 2810 2908 2880 λυπούμενος
2929 2811 3065 2879 μήτε
3088 2810 3390 2880 φροντίζων
3421 2812 3556 2880 μήτε
3584 2808 3889 2879 μεριμνῶν,

2220 2904 2313 2956 καὶ
2350 2907 2487 2974 μήτε
2516 2904 2688 2973 ὀργῆς
2724 2904 2861 2973 ἔχων
2907 2904 3178 2976 πρόφασιν
3211 2906 3347 2975 μήτε
3388 2902 3721 2973 ἀποτυχίας,
3754 2902 3890 2956 ἀλλὰ

2220 3002 2417 3061 πάντα,
2450 3001 2553 3053 ἀπε
2563 3018 2594 3070 ρ
2617 3001 2684 3053 ἂν
2708 3000 3041 3070 ἐπιθυμήσῃ,
3066 3000 3309 3064 ποιείτω,
3334 3000 3427 3052 καὶ
3455 2998 3886 3069 ὲπιτυγχανέτω,

2216 3096 2311 3149 καὶ
2342 3096 2548 3159 πάντας
2581 3098 2754 3167 ἐχέτω
2787 3097 3197 3160 ὑπακούοντας·
3231 3097 3297 3150 ἂν
3340 3097 3414 3167 μὴ
3457 3098 3659 3161 παντὸς
3694 3096 3886 3167 θηρίου

2216 3192 2548 3264 ἀλογώτερος
2574 3196 2794 3265 γένηται
2835 3197 2863 3249 6
2892 3195 3128 3259 τοιοῦτος
3150 3201 3172 3228 ε
3195 3211 3210 3261 ;

2287 3306 2439 3381 [MO]
2472 3309 2587 3362 Νῦν
2616 3311 2670 3363 δὲ
2696 3310 2885 3381 ὥσπερ
2915 3312 3081 3381 ἀκόνη
3110 3310 3259 3364 ἐστὶν
3285 3308 3611 3383 έκτρίϐουσα
3643 3310 3793 3381 ἡμᾶς
3816 3309 3885 3363 τὰ

2214 3404 2322 3457 τῶν
2353 3407 2746 3475 περιστάσεων,
2777 3408 2845 3460 τά
2864 3407 2973 3460 τῶν
2994 3407 3243 3475 θλίψεων.
3276 3408 3375 3461 Διά
3401 3406 3555 3459 τοῦτο
3586 3407 3698 3459 τῶν
3724 3406 3886 3460 πλον·

2212 3502 2448 3556 τούντων
2475 3504 2523 3556 οί
2554 3505 2783 3574 πένητες
2808 3504 2882 3567 ὡς
2903 3505 2994 3557 ἐπὶ
3017 3504 3077 3557 τὸ
3102 3506 3349 3579 πλεῖστόν
3370 3507 3477 3558 εἱσι
3500 3505 3881 3577 συνετώτεροι,

2212 3600 2468 3672 καθάπερ
2517 3598 2735 3662 πολλοῖς
2774 3600 3226 3671 περικρουόμενοι
3267 3602 3361 3654 καὶ
3397 3601 3882 3673 περιαντλούμενοι

2212 3695 2440 3765 κύμασι.
2482 3696 2591 3749 Καὶ
2642 3695 2751 3765 γὰρ
2802 3696 2959 3765 σῶμα
2988 3696 3049 3749 τὸ
3107 3698 3205 3766 μὲν
3254 3697 3423 3766 ἀργὸν
3480 3698 3575 3751 καὶ
3625 3698 3882 3771 ἀκίνητον

2209 3790 2435 3850 νοσῶδες
2470 3790 2563 3842 καὶ
2613 3790 2807 3859 ἀηδὲς,
2842 3789 2904 3843 τὸ
2939 3790 2995 3843 δὲ
3030 3790 3351 3861 κινούμενον
3393 3792 3488 3845 καὶ
3532 3792 3743 3862 κάμνον
3785 3794 3883 3847 καὶ

2207 3884 2721 3955 ταλαιπωρούμενον
2763 3884 3095 3957 ὡραιότερον
3141 3887 3235 3941 καὶ
3269 3887 3635 3959 ὑγιεινότερον
3662 3906 3676 3919 ·
3720 3889 3880 3944 τοῦτο

2208 3981 2263 4033 δέ
2296 3981 2385 4033 ἐπὶ
2421 3980 2599 4050 ψυχῆς
2651 3979 2799 4049 εῦροι
2828 3996 2913 4042 τις
2952 3980 3037 4035 ἄν.
3074 3980 3186 4033 Καὶ
3225 3981 3438 4052 σίδηρος
3478 3984 3733 4052 κείμενος
3779 3984 3878 4055 μιν

2206 4074 2598 4144 διαφθείρεται,
2615 4074 2983 4144 ἐργαζόμενος
3005 4076 3061 4129 δὲ
3082 4076 3305 4145 λάμπει·
3333 4076 3423 4129 καὶ
3445 4078 3592 4148 ψυχὴ
3613 4079 3879 4144 ὡσαύτως

2205 4169 2493 4238 κινουμένη
2517 4186 2528 4197 ·
2553 4169 2764 4238 κίνησις
2791 4169 2847 4222 δὲ
2872 4168 3052 4240 ψυχῆς
3083 4172 3136 4223 αἱ
3177 4173 3527 4240 περιστάσεις
3555 4166 3738 4228 αὗται.
3763 4176 3875 4229 Καὶ

2201 4264 2385 4333 τέχναι
2420 4264 2778 4327 ἀπόλλυνται,
2811 4264 2884 4333 μὴ
2930 4264 3257 4334 κινουμένης
3288 4265 3464 4335 ψυχῆς
3488 4282 3501 4297 ·
3545 4272 3780 4323 κινεῖται
3818 4270 3873 4323 ὢ

2199 4360 2328 4411 ὅταν
2361 4358 2434 4429 μὴ
2463 4360 2637 4411 πάντα
2662 4354 2879 4431 εὐθέα
2900 4376 2914 4390 ·
2948 4363 3179 4417 κινεῖται
3199 4361 3310 4431 γὰρ
3330 4362 3435 4415 ὑπὸ
3458 4363 3564 4416 τῶν
3588 4366 3869 4420 ἐναντίων.

2201 4454 2262 4505 Et
2288 4453 2360 4521 μὴ
2388 4454 2470 4521 εῐη
2495 4454 2728 4516 ἐναντία,
2755 4454 2907 4507 οῦδὲν
2930 4454 2999 4507 κᾶν
3029 4456 3112 4525 εἴη
3136 4456 3195 4509 τὸ
3216 4457 3418 4511 κινοῦν·
3452 4453 3584 4524 οἷον,
3620 4461 3668 4512 εί
3693 4462 3871 4517 πάντα

2198 4543 2265 4617 ἦν
2304 4549 2639 4618 εἰργασμένα
2669 4549 2848 4613 καλῶς
2869 4590 2882 4611 ,
2907 4550 3006 4602 οὐκ
3038 4550 3103 4603 ἂν
3130 4544 3286 4623 εὗρεν
3316 4554 3348 4622 ὴ
3379 4553 3542 4625 τέχνη
3574 4557 3866 4613 κινεῖσθαι.

2199 4640 2353 4695 Οὖτω
2374 4644 2486 4702 καὶ,
2515 4642 2584 4713 [εί
2617 4643 2793 4696 πάντα
2818 4638 2886 4713 ἦν
2915 4644 3051 4696 κατὰ
3080 4644 3205 4697 νοῦν
3228 4648 3376 4717 ήμτν.
3406 4650 3508 4703 οὐκ
3537 4650 3605 4703 ἂν
3645 4648 3804 4722 εὗρεν
3830 4656 3864 4724 ή

2196 4736 2339 4805 ψυχὴ
2381 4737 2645 4789 κινεῖσθαι
2668 4736 2707 4806 ο]
2748 4739 2795 4789 εἰ
2824 4737 3103 4807 πανταχοῦ
3137 4739 3538 4807 διεϐαστάζετο,
3572 4746 3748 4817 ἀηδὴς
3774 4742 3862 4816 ἦν.

2196 4835 2303 4900 Ούχ
2336 4833 2482 4901 ὁρᾷς,
2514 4834 2593 4885 ὅτι
2622 4834 2716 4885 καὶ⁵
2744 4837 2964 4902 τροφοῖς
2991 4835 3501 4906 παρακελευόμεθα,
3541 4841 3617 4909 μὴ
3641 4842 3865 4895 διαπαν-

2191 4931 2281 4991 τὸς
2318 4929 2601 4997 βαστάζειν
2633 4931 2701 4982 τὰ
2733 4930 2920 4981 παιδία
2943 4970 2956 4989 ,
2994 4930 3132 4982 ὥστε
3164 4929 3237 5000 μὴ
3276 4932 3354 4995 εἰς
3401 4932 3521 4997 ἔθος
3554 4936 3696 4989 αύτά
3733 4938 3862 4991 καθ-

2194 5025 2364 5093 ιστᾷν,
2417 5024 2550 5092 μήτε
2601 5023 2817 5092 ἐξίτηλα
2874 5023 3011 5076 αὑτά
3064 5028 3272 5091 ποιεῖνς
3305 5028 3401 5080 Διά
3446 5029 3608 5082 τοῦτο
3654 5031 3722 5085 τά
3773 5032 3859 5086 ἐπ’

2192 5119 2369 5185 ὕψεσιν
2391 5119 2797 5188 ἀνατρεφόμενα
2828 5120 2933 5171 τῶν
2963 5119 3188 5187 γονέων,
3228 5121 3599 5198 ἀσθενέστερα
3626 5129 3853 5195 γίνεται,

2192 5214 2284 5281 τῆς
2316 5214 2525 5280 φειδοῦς
2555 5214 2651 5281 τῆς
2692 5214 2918 5281 ἀκαίρου
2961 5232 3018 5266 τε
3060 5216 3153 5267 καὶ
3177 5202 3853 5292 ἀμέτρουιλυμαινομένης

2188 5306 2363 5358 αὐτῶν
2390 5308 2484 5376 τὴν
2517 5306 2746 5374 ὑγίειαν.
2785 5308 2960 5361 Καλὸν
3000 5310 3096 5363 καὶ
3128 5310 3271 5384 λύπη
3306 5315 3623 5384 σύμμετρος
3646 5357 3660 5379 ,
3692 5317 3852 5372 καλὸν

2187 5404 2279 5453 καὶ
2308 5404 2545 5471 φροντὶς,
2580 5402 2742 5454 καλὸν
2771 5405 2861 5456 καὶ
2884 5404 3078 5461 ἔνδεια·
3118 5411 3372 5481 ἰσχυροὺς
3399 5412 3507 5483 γάρ
3534 5414 3682 5483 ἡμᾶς
3714 5418 3853 5469 ποιεῖ

2187 5498 2322 5550 καλά
2358 5500 2448 5549 καὶ
2476 5499 2551 5549 τὰ·
2573 5499 2787 5551 ἐναντία
2808 5516 2819 5527 ·
2860 5502 3089 5557 ἕκαστον
3123 5508 3231 5575 γὰρ
3262 5507 3437 5561 αὐτῶν
3479 5509 3720 5581 ἄμετρον
3763 5528 3849 5579 γε-

2184 5596 2403 5661 νόμενον
2429 5593 2709 5657 ἀπόλλυσι,
2734 5596 2822 5647 καὶ
2847 5598 2905 5648 τὸ
2931 5598 3030 5667 μὲν
3057 5603 3259 5668 χαυνοῖ,
3276 5602 3335 5654 τὸ
3358 5602 3412 5655 δὲ
3436 5604 3845 5675 διαρῤήγνυσιν.

2183 5694 2293 5760 Οὐχ
2320 5693 2467 5761 ὁρᾷς,
2504 5692 2583 5743 ὅτι
2610 5691 2847 5755 καὶτοὺς
2874 5694 3038 5747 αὐτοῦ
3074 5696 3316 5765 μαθητάς
3352 5701 3379 5751 ὁ
3411 5701 3646 5769 Χριστὸς
3676 5701 3845 5766 οὕτως

2182 5787 2395 5853 ἐνάγει;
2441 5786 2501 5837 Εἰ
2548 5787 2743 5839 ἐκεῖνοι
2786 5787 2841 5841 δὲ
2885 5790 3087 5843 τούτων
3137 5793 3377 5860 ἐδέοντο,
3421 5796 3603 5868 πολλῷ
3648 5800 3842 5868 μᾶλλον

2179 5886 2357 5953 ἡμεῖς.
2386 5885 2443 5934 Εἰ
2472 5883 2524 5934 δὲ
2551 5882 2798 5952 δεόμεθα,
2828 5888 2900 5956 μὴ
2927 5889 3337 5961 ἀγανακτῶμεν,
3366 5895 3500 5947 ἀλλά
3524 5897 3620 5949 καὶ
3646 5898 3841 5972 χαίρω-

2238 6020 2427 6088 βιῖιιυς
2468 6019 2608 6066 αὐτόν
2663 6021 2916 6081 ἀμηχανία.
3004 6027 3025 6055 ε
3066 6024 3123 6075 Ὀ
3171 6029 3381 6088 τοιοῦτος
3428 6034 3527 6085 duo
3559 6035 3699 6086 codd.
3743 6049 3834 6087 oon

2178 6083 2371 6132 habent.
