4056 6546
167 587 225 641 77

130 705 312 755 derunt
338 712 352 760 ;
401 694 527 750 hinc
564 688 706 745 enim
738 684 812 740 illi
844 678 1175 738 saeerdoule
1205 672 1576 729 indumentum
1604 680 1702 736 pa-

131 894 181 937 nt
218 846 480 933 ordinatio
508 846 624 942 ejus
648 870 765 924 sine
793 864 955 920 dubio
979 859 1049 915 sit
1070 860 1087 891 ⁸
1111 873 1129 924 ;
1170 864 1229 911 ut
1255 854 1508 921 deinceps
1534 846 1705 903 admi-

130 970 316 1027 rationi
350 967 610 1021 habeatur
638 976 667 1013 a
702 958 897 1013 lamina
924 967 1084 1010 terea.
1131 949 1295 1006 Scitis
1325 946 1492 1017 probe
1530 942 1701 996 histo-

128 1064 251 1116 tiam
282 1077 296 1114 :
320 1058 543 1126 ideoque
568 1060 947 1122 pnetercurro.
974 1043 1039 1098 Et
1063 1042 1107 1097 si
1137 1040 1318 1104 vultis,
1350 1036 1522 1107 prisca
1551 1030 1704 1126 ea

130 1172 181 1208 re
206 1121 479 1207 adeamus.
507 1121 637 1201 Cain
667 1143 885 1197 fratrem
915 1134 1141 1197 occidit;
1182 1131 1276 1187 sed
1316 1130 1393 1184 sic
1433 1126 1506 1182 illi
1537 1121 1704 1194 magis

127 1241 319 1311 profuit
344 1258 357 1293 :
400 1235 521 1291 audi
552 1233 694 1288 cnim
735 1228 859 1300 quid
890 1227 1068 1281 dicat:
1105 1221 1217 1277 Vox
1238 1216 1498 1311 sanguinis
1526 1210 1704 1311 fratris

127 1302 195 1385 tui
225 1321 410 1385 clamat
436 1325 504 1379 ad
534 1340 611 1378 me
644 1320 793 1393 (Gen.
823 1320 877 1374 ιι.
909 1316 1033 1385 10)ς
1061 1322 1115 1369 et
1145 1324 1331 1366 rursus
1360 1306 1515 1361 alibi:
1561 1302 1701 1393 Satn-

126 1425 270 1493 guine
296 1418 477 1473 melius
505 1390 735 1477 loquente
759 1424 909 1480 quam
934 1405 1057 1459 Abel
1084 1403 1102 1473 (
1126 1401 1284 1456 Hebr.
1325 1396 1412 1493 iii.
1447 1394 1571 1463 Ἃ).
1616 1390 1703 1493 μί-

128 1484 324 1565 beravit
374 1509 520 1561 illum
563 1504 631 1557 ab
676 1504 880 1554 incerto
921 1494 1118 1555 futuri,
1161 1488 1462 1545 mercedem
1507 1484 1698 1537 auxit:

128 1601 367 1655 novimus
391 1610 579 1652 omnes
602 1591 944 1647 dilectionem
970 1626 985 1651 ,
1026 1597 1184 1653 quam
1231 1581 1368 1633 Dens
1395 1590 1518 1644 erga
1552 1574 1700 1626 illum

128 1679 320 1745 habuit.
370 1689 425 1742 In
457 1700 562 1754 quo
590 1682 749 1737 lmsns
774 1688 851 1734 est
875 1720 891 1744 ,
923 1674 1080 1730 citius
1106 1683 1280 1726 morte
1314 1666 1553 1723 sublatus
1574 1663 1611 1754 27
1648 1661 1701 1714 In

130 1780 310 1835 nullo:
353 1753 484 1847 qttid
518 1773 695 1835 enim,
733 1783 938 1839 quaeso,
980 1764 1252 1818 lucrantur
1293 1760 1326 1813 ii
1373 1756 1462 1823 qui
1504 1753 1705 1807 tardius

127 1844 466 1925 moriuntur?
507 1863 690 1918 Nihil:
725 1872 897 1927 neque
925 1855 1065 1910 enim
1098 1851 1323 1907 felicitas
1364 1862 1430 1903 ex
1472 1854 1578 1901 Vita
1616 1844 1699 1898 vel

128 1964 278 2032 longa
308 1959 392 2014 vel
431 1953 584 2011 brevi
614 1950 839 2023 pendet,
868 1947 960 2002 sed
996 1961 1063 2000 ex
1103 1958 1205 2009 eo,
1232 1939 1373 2012 quod
1412 1938 1518 1993 vita
1564 1937 1700 2032 bene

127 2028 353 2106 utamur.
378 2048 514 2102 Tres
542 2044 689 2114 pueri
724 2040 899 2109 injecti
931 2046 1058 2093 sunt
1085 2039 1137 2090 in
1165 2036 1436 2089 fornacem
1460 2070 1473 2091 .
1499 2037 1555 2083 et
1580 2028 1706 2081 hinc

124 2142 374 2198 clariores
400 2136 574 2193 ea‘ecti
602 2143 765 2189 sunt:
798 2129 978 2185 Daniel
1001 2128 1053 2181 in
1076 2126 1269 2189 laeum,
1298 2132 1355 2178 et
1379 2120 1501 2176 inde
1527 2118 1704 2190 splen-

122 2233 293 2288 didior
318 2228 584 2285 ascendit.

187 2323 239 2378 5.
284 2320 607 2375 Tentationes
628 2331 811 2386 magna
832 2311 1033 2384 pariunt
1054 2307 1203 2363 bona.
1233 2335 1303 2345 —
1324 2302 1482 2358 Vides
1508 2300 1704 2370 ubique

124 2412 446 2467 tentationes
486 2421 674 2476 magna
707 2416 895 2473 parere
926 2402 1060 2456 bona
1081 2439 1095 2462 ,
1134 2397 1292 2452 etiam
1338 2394 1423 2447 hic
1446 2433 1462 2458 ,
1507 2399 1704 2461 quanto

124 2503 285 2572 magis
315 2500 464 2555 illiC!
499 2498 555 2551 In
588 2494 785 2549 malitia
813 2501 991 2546 autem
1019 2490 1158 2543 idem
1188 2486 1396 2550 evenit,
1426 2498 1487 2537 ac
1514 2484 1558 2536 si
1584 2481 1704 2550 quis

122 2579 376 2649 calamum
421 2589 661 2649 habens,
694 2585 967 2656 praebetur
1008 2591 1193 2636 contra
1233 2579 1450 2647 ignem:
1493 2574 1704 2627 videtur

122 2686 257 2740 enim
290 2687 470 2756 ignem
501 2690 806 2752 percutere,
835 2687 888 2733 et
916 2678 1087 2738 ipsum
1114 2673 1454 2743 fulgidiorem
1483 2668 1626 2733 facit,
1649 2676 1703 2722 et

122 2777 349 2847 seipsum
380 2773 669 2828 consumit.
694 2770 891 2824 Malitia
923 2779 1153 2836 namque
1181 2763 1359 2819 virtuti
1391 2762 1700 2815 alimentum

121 2880 171 2922 et
202 2866 505 2937 splendoris
524 2862 735 2919 occasio
760 2871 843 2916 est
869 2877 883 2913 :
921 2874 1041 2914 nam
1069 2858 1178 2912 Deo
1204 2855 1459 2925 injustitia
1489 2863 1545 2908 ut
1566 2867 1703 2922 Opus

119 2968 198 3013 est
234 2966 448 3021 utente,
494 2970 580 3009 res
610 2950 807 3008 nostra:
848 2951 1015 3021 magis
1048 2950 1268 3019 fulgent.
1316 2946 1545 3002 Rursum
1588 2944 1700 2999 dia-

122 3048 270 3103 bolus
299 3062 425 3101 cum
456 3047 561 3099 tale
588 3043 859 3113 quidpiam
889 3048 1163 3111 operatur,
1189 3052 1284 3093 eos
1313 3038 1402 3107 qui
1432 3035 1703 3105 patiuntur

120 3136 513 3208 splendidiores
542 3134 734 3189 reddit.
768 3132 878 3188 Cur
902 3146 1029 3202 ergo
1050 3170 1065 3195 ,
1111 3128 1321 3199 inquies
1346 3168 1362 3193 ,
1404 3126 1457 3180 in
1497 3125 1702 3178 Adamn

125 3243 222 3282 non
256 3228 364 3282 tale
392 3226 665 3296 quidpiam
692 3224 886 3276 factum
924 3229 1029 3286 est,
1059 3218 1153 3275 sed
1184 3218 1275 3273 ille
1300 3215 1703 3287 ignominiosior

120 3330 198 3373 est
226 3319 509 3375 redditus?
532 3318 703 3372 Etiam
735 3316 825 3369 illo
854 3323 911 3368 ut
930 3328 1026 3385 par
1046 3320 1161 3366 erat
1192 3324 1321 3364 usus
1344 3317 1426 3363 est
1452 3308 1594 3362 Deus
1616 3321 1632 3372 ;
1656 3307 1699 3360 si

120 3424 242 3463 vero
268 3409 395 3480 quid
421 3421 609 3478 passus
630 3407 720 3469 sit,
746 3407 858 3475 ipse
878 3404 1113 3473 seipsum
1154 3400 1293 3455 lzesit
1320 3417 1333 3453 :
1359 3415 1479 3453 nam
1500 3413 1617 3468 quae
1634 3397 1702 3451 ab

118 3499 229 3554 aliis
271 3502 431 3554 nobis
488 3499 826 3563 inferuntur,
873 3508 1186 3563 magnorum
1236 3488 1390 3545 nobis
1441 3490 1699 3542 honorum

117 3606 289 3646 causae
330 3600 493 3652 sunt;
536 3606 655 3660 quae
694 3600 872 3642 autem
912 3602 942 3641 a
972 3586 1126 3639 nobis
1168 3583 1297 3655 ipsis
1326 3622 1341 3647 ,
1394 3597 1499 3635 non
1550 3581 1697 3636 item.

118 3681 246 3748 Quia
286 3684 433 3737 enim
476 3681 545 3735 ab
584 3680 705 3735 aliis
743 3679 857 3735 laesi
900 3678 1188 3741 dolemus,
1242 3690 1272 3728 a
1321 3675 1473 3729 nobis
1521 3685 1698 3728 autem

120 3771 243 3839 ipsis
268 3787 374 3828 non
408 3772 561 3836 item,
590 3769 823 3825 ostendit
851 3769 988 3823 Deus
1004 3766 1254 3837 eum,qui
1283 3765 1350 3819 ab
1374 3766 1480 3819 alio
1509 3764 1701 3831 injuste

123 3863 311 3929 patitur
330 3902 347 3929 ,
376 3863 581 3917 clarum
609 3874 730 3915 esse
752 3900 767 3924 ,
795 3874 917 3914 eum
948 3872 1107 3922 vero,
1136 3856 1223 3925 qui
1254 3856 1487 3924 scit-sum
1518 3855 1659 3908 laedit
1682 3894 1698 3917 ,

118 3952 367 4008 damnum
396 3951 537 4006 ferre
564 3970 576 4005 :
604 3959 659 4006 et
678 3952 802 4019 jure
825 3948 1063 4019 quidem,
1090 3955 1150 4001 ut
1175 3946 1304 4001 illud
1336 3946 1541 4000 fortiter
1566 3944 1702 3999 fera—

122 4060 253 4110 mus,
280 4056 335 4100 et
368 4060 475 4097 non
504 4043 604 4097 hoc
628 4059 641 4095 :
667 4042 904 4110 alioquin
929 4054 1058 4095 vero
1080 4048 1247 4092 totum
1272 4038 1341 4092 ibi
1366 4037 1464 4091 fuit
1488 4036 1697 4091 Adami.

118 4133 222 4189 Cur
247 4136 395 4190 enim
421 4133 682 4188 credebas
710 4130 963 4185 mulieri?
989 4145 1083 4183 cur
1098 4128 1319 4182 adversa
1336 4128 1698 4182 consulentem

122 4238 221 4277 non
253 4221 546 4292 repulisti?
588 4220 667 4275 Tu
712 4220 934 4274 omnino
965 4219 1016 4272 in
1058 4233 1216 4272 causa
1260 4216 1443 4271 fuisti:
1491 4232 1612 4270 natn
1656 4216 1700 4270 si

120 4313 368 4367 diabolus
401 4312 454 4365 in
485 4324 647 4365 causa
678 4319 845 4375 esset,
874 4315 1148 4376 oporteret
1171 4322 1361 4360 omnes
1384 4306 1471 4375 qui
1498 4314 1704 4359 tentan-

124 4414 202 4456 tur
230 4405 408 4472 perire
437 4421 451 4456 :
482 4400 622 4471 quod
650 4400 693 4455 si
727 4414 832 4454 non
861 4407 1122 4470 pereunt,
1157 4399 1208 4452 in
1237 4397 1391 4452 nobis
1415 4412 1573 4452 causa
1599 4408 1701 4452 est.

122 4497 181 4547 At
201 4501 497 4563 oporteret,
518 4492 745 4562 inquies,
761 4505 951 4544 omnes
966 4490 1052 4558 qui
1074 4497 1347 4543 tentantur
1362 4495 1505 4543 recte
1522 4503 1701 4558 agere;

120 4583 218 4648 vel,
247 4584 291 4638 si
320 4598 421 4637 nos
446 4582 499 4636 in
529 4596 689 4637 causa
716 4595 926 4645 sumus,
958 4580 1118 4635 etiam
1150 4581 1351 4648 absque
1376 4579 1589 4635 diabolo
1614 4596 1707 4649 pe-

122 4673 270 4727 rire?
320 4673 435 4727 lluc
474 4671 635 4727 etiam
680 4671 893 4735 evenit;
941 4686 1062 4724 nam
1106 4670 1257 4723 inniti
1303 4670 1461 4725 etiam
1505 4671 1706 4740 absque

123 4764 332 4819 diabolo
373 4778 640 4834 pereunt:
684 4779 857 4833 neque
897 4764 1038 4817 enim
1067 4761 1159 4816 ille
1184 4762 1362 4816 omnia
1389 4762 1548 4817 efficit
1568 4803 1585 4827 .
1613 4763 1705 4818 sed

124 4855 277 4909 etiam
321 4857 490 4910 multa
522 4854 654 4908 fiunt
689 4870 756 4908 ex
793 4853 997 4923 ignavia
1027 4860 1208 4907 nostra
1237 4870 1251 4905 :
1279 4852 1419 4922 quod
1448 4853 1489 4906 si
1523 4853 1613 4907 ille
1652 4852 1706 4907 in

124 4959 277 4999 causa
307 4948 400 5005 sit.
433 4946 587 4999 nobis
614 4944 799 5014 utique
826 4950 1009 4997 ansam
1038 4942 1416 5013 praebentibus.
1448 4943 1541 4997 Die
1565 4944 1707 4998 enim

130 5036 627 5107 mihi,qnandouant
656 5035 907 5090 diabolus
937 5044 1139 5089 tantam
1178 5036 1345 5090 valuit
1385 5037 1435 5090 in
1477 5036 1710 5091 Judam?

126 5130 345 5195 Quando
374 5133 647 5199 ingressus
673 5140 788 5192 est,
822 5130 1059 5201 inquies,
1090 5128 1143 5182 in
1171 5145 1293 5185 eum
1322 5138 1558 5185 satanas.
1604 5130 1709 5185 Sed

132 5222 244 5275 sutli
271 5236 493 5278 causam
522 5240 536 5275 :
566 5222 689 5291 quia
721 5220 804 5274 fur
830 5230 945 5275 erat
970 5261 987 5287 ,
1034 5230 1092 5276 et
1131 5238 1251 5291 qua:
1290 5221 1711 5276 immittebantur

133 5318 391 5385 portabat.
424 5316 542 5385 Ipse
581 5314 729 5369 dedit
770 5316 842 5369 illi
885 5315 1048 5369 latum
1080 5314 1410 5385 ingrediendi
1438 5316 1665 5386 spatium
1695 5332 1708 5368 :

132 5417 181 5459 et
209 5408 277 5460 ita
304 5423 411 5461 non
439 5405 688 5461 diabolus
714 5406 921 5460 initimn
953 5406 1072 5469 dat,
1101 5406 1195 5460 sed
1224 5422 1320 5461 nos
1348 5406 1494 5460 illum
1524 5407 1715 5475 reeipi-

136 5512 247 5550 mus
287 5509 343 5552 et
382 5512 660 5553 vocamus.
707 5497 902 5551 Verum
924 5539 940 5564 ,
972 5498 1198 5565 inquies,
1233 5498 1276 5551 si
1306 5498 1391 5553 ille
1416 5514 1519 5554 non
1547 5506 1711 5562 esset,

136 5604 233 5641 non
261 5587 442 5657 gravia
470 5597 652 5642 essent
678 5588 835 5641 mala.
879 5588 983 5642 Sed
1028 5587 1333 5642 inevitabile
1369 5602 1467 5641 nos
1510 5588 1713 5657 suppli-

136 5678 266 5731 cium
296 5687 538 5731 maneret
563 5694 576 5730 :
605 5692 744 5730 nunc
770 5676 933 5741 enim,
960 5676 1175 5739 dilecte,
1195 5692 1349 5745 parua
1374 5676 1527 5731 nobis
1552 5676 1717 5731 levior

138 5784 251 5832 est;
294 5767 337 5823 si
383 5782 515 5823 vero
540 5782 607 5821 ex
641 5768 792 5821 nobis
819 5767 946 5838 ipsis
972 5766 1151 5837 gravia
1181 5776 1512 5839 patraremus
1534 5807 1550 5833 ,
1580 5768 1717 5821 into-

180 5923 216 5988 _l
251 5928 376 5988 t'nus
396 5921 649 5988 habet_.....
675 5920 1016 5988 reddiderunt,
1040 5925 1090 5971 ut
1106 5922 1351 5973 ordinatio
1363 5916 1468 5984 ejus
1494 5933 1595 5972 sine
1621 5924 1712 5973 du-

144 5980 202 6030 ὁὶ(
230 5982 308 6040 ait,
328 5984 523 6031 omissis
548 5982 876 6029 intcnnediis.

1108 563 1173 619 IN
1212 558 1385 616 ACTA
1429 549 1703 609 APOSTOI

1810 547 1945 606 ιυιι.
1985 547 2212 605 ΙΙΟΜΙι.
2255 543 2387 604 ων..
3298 538 3396 594 δῖε

1805 660 2032 717 lerabtte
2055 670 2199 717 esset
2225 657 2567 730 supplicium.
2604 662 2694 712 llic
2726 656 2869 711 enim
2889 695 2906 721 ,
2938 670 3054 717 oro,
3081 655 3125 709 si
3152 668 3215 710 ea
3235 696 3250 719 ,
3278 668 3400 723 qua:

1808 755 2048 823 peccavit
2073 752 2263 817 Adam,
2294 752 2496 821 absque
2523 751 2749 806 consilio
2776 759 3071 820 peccasset,
3102 748 3223 819 quis
3249 746 3397 802 illum

1806 862 1870 902 ex
1899 847 2151 918 periculis
2170 846 2463 916 eripuisset
2481 844 2507 898 ?
2533 843 2923 913 Sedcinquies,
2956 858 3061 896 non
3089 848 3387 912 peccasset.

1810 937 2084 994 Undenam
2122 938 2225 992 hoc
2255 937 2385 991 mihi
2414 936 2593 991 dicis?
2620 935 2721 1002 Qui
2761 936 2906 989 enim
2948 934 3019 988 ita
3060 933 3241 988 mollis
3282 940 3399 987 erat

1803 1037 1855 1083 et
1902 1028 2155 1099 ignavus,
2199 1038 2362 1097 atque
2397 1027 2465 1081 ad
2508 1012 2867 1097 insipientiam
2912 1039 3108 1094 pronus
3138 1065 3151 1083 .
3198 1033 3253 1077 ut
3294 1024 3398 1077 talo

1803 1119 2084 1175 consilium
2112 1119 2400 1188 acciperet,
2431 1119 2602 1173 multo
2626 1119 2796 1188 magis
2824 1118 2983 1172 etiam
3025 1132 3094 1171 ex
3142 1128 3202 1169 se
3242 1112 3396 1168 fecis-

1804 1219 1903 1265 set.
1947 1211 2079 1277 Quis
2108 1209 2355 1265 diabolus
2379 1209 2601 1280 Josephi
2627 1208 2820 1265 fratres
2858 1210 2911 1263 in
2941 1208 3191 1262 invidiam
3217 1206 3399 1277 conje-

1804 1302 1916 1357 cit?
1940 1301 1994 1358 Si
2023 1302 2302 1371 vigilemus
2326 1317 2456 1373 ergo
2474 1342 2490 1365 ,
2517 1301 2696 1356 dilecti
2720 1340 2736 1367 ,
2766 1300 2920 1355 nobis
2943 1299 3190 1353 diabolus
3213 1298 3398 1368 gloria:

1804 1401 1992 1448 auctor
2034 1396 2159 1447 erit.
2201 1392 2339 1460 Quid
2370 1392 2514 1447 enim
2540 1391 2677 1447 Jobo
2706 1392 2889 1445 nocuit
2915 1401 3117 1444 tantum
3147 1390 3287 1443 illius
3312 1405 3396 1441 ar-

1807 1482 2073 1537 tificium?
2105 1482 2180 1537 Ne
2212 1483 2333 1547 hoc,
2365 1484 2593 1553 inquies,
2622 1483 2860 1546 dixeris;
2905 1482 2997 1536 sed
3037 1481 3124 1551 qui
3157 1481 3398 1535 inlirmtts

1805 1585 1885 1630 est
1912 1575 2147 1628 laeditur.
2177 1576 2247 1629 At
2279 1576 2543 1639 inﬁrmus,
2572 1576 2781 1629 etiamsi
2812 1574 3057 1628 diabolus
3086 1588 3188 1626 nou
3218 1583 3355 1627 esset
3384 1614 3395 1631 ,

1807 1666 2027 1737 perinde
2059 1667 2291 1722 lzetlitur.
2326 1668 2523 1724 Verum
2573 1684 2840 1738 repones,
2883 1668 3053 1736 magis
3090 1682 3213 1721 cum
3256 1665 3399 1719 illius

1806 1758 2120 1828 operatione
2146 1757 2378 1812 l.t-ditur.
2422 1758 2528 1814 Sed
2556 1759 2601 1813 si
2628 1774 2750 1813 cum
2775 1758 2917 1812 illius
2940 1756 3250 1827 operatione
3279 1770 3397 1825 pec-

1805 1851 2039 1914 caverit,
2066 1850 2246 1905 minus
2272 1850 2491 1919 punitur
2514 1868 2529 1904 :
2572 1865 2745 1919 neque
2770 1850 2916 1905 enim
2941 1848 3181 1903 omnium
3213 1862 3401 1917 pecca-

1808 1953 1981 1996 torum
2011 1956 2167 2010 parcs
2192 1952 2317 1996 sunt
2343 1957 2536 2013 ptentc.
2582 1941 2659 1997 Ne
2704 1958 2802 1997 nos
2842 1942 2987 2012 ipsos
3027 1941 3395 2010 decipiantus:

1808 2048 1912 2088 non
1940 2042 2022 2089 est
2062 2033 2297 2090 nobisin
2335 2049 2497 2089 causa
2534 2034 2816 2097 diabolus,
2853 2034 2898 2089 si
2940 2032 3263 2104 vigilemus:
3310 2032 3400 2086 ille

1808 2140 1904 2178 nos
1930 2124 2097 2194 magis
2120 2126 2491 2181 somnolentos
2518 2128 2737 2181 excitat.
2770 2126 2863 2180 Dic
2888 2126 3029 2179 enim
3058 2124 3189 2179 mihi
3216 2125 3236 2195 (
3260 2125 3400 2180 inte-

1808 2215 1907 2269 rim
1952 2215 2066 2269 hare
2092 2217 2464 2271 examincmus
2486 2218 2503 2284 )
2528 2233 2542 2269 :
2573 2232 2679 2271 non
2709 2217 2813 2269 sint
2840 2215 2999 2282 ferte,
3029 2230 3135 2269 non
3166 2216 3235 2269 sit
3259 2215 3401 2271 aeris

1806 2305 2149 2374 intemperies
2172 2344 2189 2370 ,
2222 2321 2327 2359 non
2354 2305 2572 2360 morbus
2597 2345 2611 2368 ,
2644 2320 2747 2359 non
2775 2305 2992 2360 dolores
3020 2347 3034 2366 .
3064 2321 3169 2360 non
3198 2319 3400 2358 mmm-

1806 2410 1930 2458 res,
1960 2409 2059 2450 nec
2087 2395 2213 2465 quid
2256 2396 2473 2451 simile:
2523 2396 2613 2465 qui
2660 2411 2762 2452 non
2798 2396 2966 2452 factus
3010 2407 3153 2451 esset
3194 2395 3401 2451 homo?

1808 2487 2010 2542 Porcus
2036 2487 2207 2558 magis
2229 2503 2390 2558 quam
2420 2489 2581 2543 homo
2600 2531 2615 2554 ,
2646 2500 2705 2542 ut
2732 2489 2942 2544 videtur
2969 2490 3096 2543 mihi
3117 2530 3134 2554 ,
3179 2488 3399 2556 fuisset,

1804 2578 1941 2647 gula:
1971 2588 2024 2633 et
2064 2578 2312 2633 ebrietati
2351 2593 2413 2635 sc
2453 2578 2659 2634 dedens
2684 2622 2697 2641 ,
2739 2589 2793 2634 et
2832 2596 2860 2633 a
2908 2581 3055 2635 nullo
3095 2596 3281 2635 eorum
3320 2578 3401 2635 in-

1806 2670 2213 2725 terturbaretur.
2240 2669 2391 2725 Nunc
2432 2686 2562 2725 vero
2603 2686 2745 2726 cure
2772 2681 2828 2727 et
2868 2672 3277 2738 sollicitudines,
3298 2686 3396 2744 gy-

1804 2760 2070 2815 nmasinm
2111 2769 2167 2815 et
2206 2760 2387 2815 schola
2415 2761 2768 2832 philosophia:
2798 2773 2923 2817 sunt
2955 2763 3068 2830 illi,
3109 2773 3270 2834 atque
3310 2760 3399 2817 in-

1802 2850 2013 2903 stitutio
2037 2850 2258 2919 optima.
2280 2850 2393 2905 Hoc
2422 2852 2545 2905 item
2575 2853 2848 2921 perpende
2873 2871 2885 2906 :
2914 2852 3175 2908 educetur
3197 2853 3319 2922 quis
3344 2851 3397 2908 in

1802 2942 1948 3012 regia
1976 2940 2093 2996 sine
2128 2942 2315 2997 dolore
2352 2958 2452 2997 nec
2488 2958 2615 2997 cura
2656 2944 2737 2998 vel
2785 2932 3145 3001 sollicitudine
3167 2986 3182 3010 ,
3225 2958 3399 3011 neque

1804 3032 1898 3085 ira:
1941 3032 2025 3086 vel
2072 3033 2347 3087 infortunii
2391 3035 2734 3089 occasionem
2780 3032 3015 3101 habeat,
3066 3035 3161 3090 sed
3217 3035 3395 3089 omnia

1802 3137 1919 3192 qua:
1939 3123 2307 3190 concupiverit
2328 3123 2487 3178 faciat
2525 3134 2579 3178 et
2618 3134 2956 3195 assequatur,
2979 3140 3275 3195 omnesque
3303 3126 3397 3180 ha-

1809 3216 1931 3269 beat
1957 3216 2057 3271 sibi
2087 3216 2489 3286 obsequentes:
2537 3232 2715 3270 annon
2742 3218 2869 3273 talis
2907 3216 3072 3272 homo
3099 3221 3243 3272 omni
3284 3218 3393 3274 fera

1804 3308 2225 3363 irrationabilior
2252 3309 2389 3363 lict?

1874 3404 2236 3459 Calamitatum
2262 3405 2475 3459 utilitas.
2494 3434 2563 3446 ——
2580 3404 2732 3461 Nunc
2759 3420 2890 3461 vero
2912 3405 3048 3459 sicut
3076 3420 3170 3460 cos
3197 3420 3396 3461 acuens

1803 3508 1902 3548 nos
1932 3502 2059 3547 sunt
2097 3494 2469 3548 calamitates:
2518 3494 2640 3547 ideo
2672 3510 2932 3563 pauperes
2970 3495 3226 3551 divitibus
3270 3506 3397 3552 sunt

1803 3596 1859 3639 ut
1908 3585 2197 3655 plurimum
2245 3585 2640 3653 sapientiores,
2692 3595 2877 3656 utpote
2921 3586 3101 3641 multis
3147 3587 3395 3643 ﬂuetibus

1801 3678 1976 3732 vexati
2006 3687 2059 3732 et
2100 3679 2398 3733 exercitati.
2442 3677 2575 3732 Nam
2614 3693 2810 3747 corpus
2839 3679 3073 3733 otiosum
3103 3691 3158 3734 et
3198 3681 3393 3735 immo-

1802 3778 1913 3823 tum
1939 3810 1955 3836 ,
1985 3769 2189 3823 morbis
2215 3770 2506 3824 obnoxium
2534 3779 2618 3824 est
2646 3780 2699 3822 et
2728 3770 2967 3825 deforme
2993 3787 3008 3836 ;
3040 3771 3182 3841 quod
3214 3781 3391 3827 autem

1803 3868 2054 3915 movetur
2097 3869 2152 3913 et
2195 3858 2405 3913 laborat
2445 3858 2843 3929 aﬂligiturqne,
2885 3861 3170 3916 formosius
3214 3872 3298 3916 est
3340 3872 3397 3918 et

1802 3954 2025 4007 sanius:
2063 3950 2163 4007 hoc
2189 3952 2349 4006 etiam
2383 3952 2435 4006 itt
2472 3953 2649 4005 anima
2683 3954 2919 4020 reperire
2948 3964 3051 4008 ρει.
3098 3954 3163 4008 Et
3196 3954 3392 4009 ferrum

1802 4046 1846 4099 si
1873 4044 2075 4112 jaceat,
2106 4042 2407 4112 rubiginem
2435 4043 2704 4098 contrahit
2730 4059 2745 4103 :
2778 4044 2821 4097 si
2850 4055 3167 4099 exerceatur
3193 4054 3392 4108 autem,

1802 4135 2093 4205 splendet:
2141 4134 2496 4205 similiterque
2524 4134 2702 4189 anima
2744 4150 2865 4205 qua:
2907 4146 3183 4201 movetur;
3230 4138 3397 4191 motio

1803 4234 1979 4281 autem
2020 4226 2211 4280 animae
2251 4235 2375 4280 sunt
2417 4225 2750 4281 calamitates
2783 4245 2795 4281 :
2834 4236 3084 4298 artesque
3130 4237 3393 4298 pereunt,

1805 4319 1849 4372 si
1893 4333 1999 4373 non
2033 4326 2317 4371 moveatur
2358 4318 2571 4382 anima;
2603 4330 2853 4372 movetur
2883 4326 3063 4373 autem
3088 4360 3104 4385 ,
3136 4333 3257 4373 cum
3290 4335 3395 4373 non

1805 4408 1983 4463 omnia
2016 4407 2171 4477 plana
2212 4417 2376 4463 sunt:
2409 4416 2654 4462 movetur
2683 4409 2826 4463 enim
2872 4422 2901 4462 a
2941 4410 3244 4465 contrariis.
3286 4410 3396 4465 Nisi

1806 4500 2072 4555 contraria
2093 4499 2221 4561 sint,
2251 4498 2383 4553 nihil
2403 4507 2489 4553 est
2511 4499 2653 4569 quod
2678 4509 2926 4554 moveat:
2956 4501 3185 4570 exempli
3212 4517 3395 4563 causa,

1807 4594 1851 4649 si
1882 4594 2063 4647 omnia
2104 4602 2289 4647 essent
2316 4591 2537 4661 pulchre
2567 4591 2701 4647 facta
2728 4634 2742 4652 ,
2773 4607 2878 4647 non
2911 4594 3173 4649 inveniret
3210 4610 3303 4651 ars
3348 4598 3399 4650 in

1808 4701 1914 4756 quo
1943 4692 2267 4739 moveretur.
2299 4682 2390 4738 Sic
2421 4684 2501 4753 (a)
2533 4682 2600 4755 [si
2638 4684 2815 4737 omnia
2842 4694 3021 4738 essent
3053 4684 3210 4740 nobis
3248 4686 3399 4755 juxta

1809 4776 2137 4831 voluntatem
2168 4784 2428 4839 nostram,
2458 4790 2565 4828 non
2596 4774 2861 4829 inveniret
2890 4775 3088 4840 anima,
3114 4776 3257 4832 unde
3287 4792 3402 4832 mo-

1812 4879 2027 4925 veretur
2055 4888 2069 4923 :
2093 4866 2116 4941 ]
2143 4868 2188 4923 si
2221 4868 2417 4938 ubique
2446 4876 2770 4937 gestaretur.
2818 4868 3023 4937 ingrata
3064 4878 3230 4925 esset.
3282 4870 3400 4925 Non

1813 4960 1962 5016 vides
1987 4973 2085 5014 nos
2114 4958 2350 5014 nutrices
2374 4957 2565 5027 jubere
2595 4974 2700 5012 non
2729 4972 2942 5027 semper
2969 4958 3199 5015 infantes
3226 4971 3406 5030 gesta-

1813 5068 1892 5117 re,
1925 5067 1993 5105 ne
2024 5051 2074 5104 in
2109 5051 2246 5104 hanc
2288 5048 2733 5104 consuetudinem
2784 5048 3080 5111 deducant,
3123 5065 3260 5105 neve
3304 5051 3397 5104 im-

1816 5141 2037 5196 becilles
2069 5140 2238 5194 fiant?
2267 5139 2392 5194 Ideo
2417 5138 2509 5208 qui
2549 5140 2603 5192 in
2642 5148 2931 5207 conspectu
2963 5151 3239 5208 parentum
3268 5139 3393 5195 edu-

1814 5240 2036 5297 cantur,
2078 5230 2402 5285 infirmiores
2430 5237 2594 5293 sunt,
2643 5245 2708 5285 eo
2749 5228 2891 5299 quod
2940 5229 3311 5299 intempestiva
3351 5242 3410 5288 et

1818 5322 2168 5378 immoderata
2215 5336 2344 5376 cura
2394 5322 2604 5375 illorum
2652 5320 3015 5375 valetudinem
3068 5323 3399 5392 pessumdet.

1817 5416 1997 5471 Bonus
2025 5424 2105 5471 est
2134 5413 2290 5470 dolor
2330 5412 2643 5469 moderatus
2668 5454 2685 5478 ,
2727 5412 2865 5467 bona
2891 5428 3016 5467 cura
3042 5454 3059 5479 ,
3101 5415 3237 5468 liena
3285 5417 3408 5470 talis

1818 5516 2066 5577 egestas:
2114 5506 2280 5561 fortes
2306 5505 2448 5559 enim
2482 5518 2580 5558 nos
2605 5502 2834 5558 reddunt
2865 5520 2985 5574 qua:
3022 5504 3157 5558 bona
3190 5515 3245 5560 et
3281 5522 3409 5562 con-

1822 5597 1984 5651 traria
2013 5606 2176 5661 sunt;
2210 5596 2306 5651 sed
2343 5612 2529 5651 eorum
2563 5596 2771 5665 singula
2800 5596 2845 5650 si
2874 5596 3220 5651 immoderata
3261 5598 3370 5653 sint
3394 5640 3408 5661 ,

1824 5687 2089 5756 perdunt,
2135 5686 2385 5756 aliudque
2428 5688 2671 5752 emollit,
2715 5687 2859 5742 aliud
2905 5688 3177 5755 dirumpit.
3221 5688 3410 5745 Nonne

1824 5782 1971 5836 vides
1999 5779 2271 5835 Christum
2301 5780 2596 5850 discipulos
2620 5794 2746 5835 suos
2774 5780 2853 5836 sic
2882 5781 3159 5835 instituere
3185 5782 3208 5830 1
3251 5780 3307 5833 Si
3340 5782 3409 5834 illi

1888 5922 1960 5982 (a)
1980 5930 2091 5979 Quae
2117 5922 2246 5983 inter
2270 5921 2481 5983 uncinos
2493 5917 2799 5983 clauduntur,
2814 5916 3213 5983 nonlegunturin
3228 5909 3412 5977 atomi,

1824 5980 2033 6043 sunttunc
2058 5996 2165 6043 sum
2184 5981 2279 6031 leta
2307 5998 2334 6029 υ
2358 5981 2503 6029 Codd.
2532 5988 2580 6029 et
2600 5980 2741 6029 savii.
