4056 6486
679 481 779 536 379

683 597 765 650 his
794 592 1036 663 egebant,
1068 590 1235 645 multo
1262 589 1426 657 magis
1456 603 1569 642 nos.
1599 584 1652 640 Si
1680 598 1776 638 nos
1805 596 2039 651 egemus,
2068 595 2134 635 ne
2161 580 2239 633 in-

682 686 993 753 dignemur,
1038 681 1132 734 sed
1178 679 1497 749 gaudeamus
1544 674 1595 729 in
1640 669 2098 727 tribulationibus:
2145 669 2240 721 hu-

682 769 911 842 iusmodi
961 781 1186 840 namque
1216 769 1493 837 pharmaca
1534 774 1662 818 sunt
1706 764 1899 817 nostris
1940 758 2242 814 vulneribus

685 862 1029 933 congruentia
1054 901 1069 924 ,
1099 860 1200 913 alia
1226 860 1431 929 quidem
1462 872 1636 909 amara
1657 896 1670 916 ,
1704 854 1805 907 alia
1841 867 1965 907 vero
2004 850 2189 905 blanda
2226 864 2238 899 :

690 959 972 1016 utrumque
1012 958 1187 1004 autem
1232 950 1471 1012 illorum,
1516 946 1561 999 si
1600 944 1773 999 solum
1814 942 2011 1005 fuerit,
2061 940 2245 994 inutile

685 1053 787 1095 est.
833 1040 1066 1095 Gratiam
1114 1050 1236 1108 ergo
1277 1038 1383 1091 Deo
1414 1036 1701 1091 habeamus
1743 1035 1809 1088 de
1849 1033 1926 1087 bis
1957 1032 2241 1085 omnibus:

688 1148 791 1185 non
820 1132 958 1185 enim
990 1131 1103 1185 sine
1132 1142 1287 1183 causa
1317 1127 1429 1181 tunc
1454 1127 1577 1181 sinit
1606 1125 1868 1188 aet-idere,
1895 1122 1985 1177 sed
2013 1122 2077 1175 ad
2109 1120 2250 1175 utili-

690 1232 850 1276 tatem
894 1221 1184 1274 animarum
1226 1228 1542 1272 nostrarum.
1590 1217 1807 1272 Gratum
1852 1228 1976 1282 ergo
2010 1213 2246 1266 animum

1417 473 1473 529 S.
1513 470 1783 530 JOANNIS
1818 465 2285 526 CIIRVSOSTOMI
2312 466 2620 524 ARCIIIEP.
2659 468 3186 525 CONSTANTINOP.

3832 465 3925 519 380

2346 580 2676 646 exhibentes,
2703 582 2901 651 gratias
2927 595 3164 651 agamus,
3192 578 3571 648 glorilieeinus,
3606 574 3821 630 fortiter
3850 591 3925 628 re-

2348 672 2596 726 sistamus
2616 713 2633 739 ,
2668 682 3270 741 temporaneameorum
3302 669 3561 723 rationem
3593 669 3893 738 cogitantes
3913 708 3927 732 ,

2352 771 2405 816 et
2432 760 2495 815 ad
2522 762 2691 815 futura
2715 772 2944 815 mentem
2976 771 3210 817 nostram
3238 759 3607 823 extendentes,
3632 767 3689 811 ut
3720 768 3774 812 et
3800 774 3929 826 pne-

2352 853 2525 907 sentia
2555 852 2765 906 fortiter
2794 852 3025 907 feramus
3046 894 3061 916 ,
3092 862 3146 905 et
3179 851 3348 904 futura
3376 849 3511 903 bona
3541 848 3806 915 consequi
3854 826 3929 899 di-

2350 959 2595 1012 gnemur,
2627 943 2794 1011 gratia
2824 952 2877 995 et
2905 942 3227 1010 benignitate
3255 940 3515 1009 Unigeniti
3547 939 3689 1007 ejus,
3721 938 3929 1007 quicum

2356 1036 2497 1091 Patri
2534 1045 2588 1091 et
2627 1035 2846 1105 Spiritui
2882 1044 3068 1089 saneto
3094 1035 3261 1103 gloria
3287 1073 3303 1098 ,
3349 1032 3631 1101 imperium
3658 1074 3675 1095 ,
3725 1032 3927 1094 honor,

2357 1142 2495 1183 nunc
2524 1136 2576 1181 et
2604 1140 2837 1194 semper,
2865 1134 2917 1179 et
2950 1125 2999 1177 in
3029 1123 3219 1178 saecula
3247 1122 3581 1176 saeculorum.
3618 1126 3820 1174 Amen.

699 1336 3927 1370 _______________________________—_——————————

2053 1422 2395 1485 HOMILIA
2438 1420 2566 1481 LV.

689 1584 813 1641 CAP.
844 1583 932 1641 28.
960 1602 1009 1638 ν.
1040 1586 1125 1641 17.
1162 1584 1283 1638 Post
1310 1594 1407 1637 tres
1429 1592 1588 1635 autem
1610 1581 1716 1634 dies
1740 1576 2021 1631 convocavit
2057 1572 2249 1630 Paulus

764 1676 1277 1748 primosJudeorum.
1304 1673 1521 1740 Cumque
1548 1669 1905 1727 convenissent,
1929 1666 2121 1719 dicebat
2141 1663 2251 1715 eis:

774 1770 878 1822 Viri
902 1770 1111 1835 fratres,
1143 1780 1232 1835 ego
1261 1780 1372 1819 cum
1401 1761 1528 1815 nihil
1554 1760 1864 1813 Contrarium
1894 1756 2116 1824 fecissem
2144 1768 2252 1820 po-

765 1861 881 1928 pulo
909 1859 983 1911 vel
1009 1852 1183 1926 patriis
1210 1853 1445 1913 moribus,
1476 1853 1666 1904 vinctus
1704 1850 1766 1900 ab
1792 1844 2117 1914 Jerosolymis
2145 1852 2250 1893 tra-

766 1951 899 2003 ditus
925 1964 1037 2003 sum
1066 1949 1115 2000 in
1145 1963 1318 2018 titanas
1344 1944 1679 1997 Romanorum
1706 1955 1726 1994 .'
1753 1940 1837 1993 t8.
1864 1938 2074 2007 quicum
2102 1935 2254 1986 inter-

765 2041 1072 2107 rogationem
1097 2038 1157 2089 de
1180 2052 1255 2087 me
1281 2035 1583 2092 habuissent,
1612 2030 1835 2083 colebant
1871 2044 1947 2078 me
1972 2025 2215 2076 dimittere
2233 2061 2247 2084 ,

768 2146 825 2181 eo
859 2127 991 2195 quod
1019 2127 1157 2179 nulla
1182 2134 1307 2177 esset
1342 2137 1491 2175 causa
1520 2121 1689 2174 mortis
1718 2121 1769 2171 in
1797 2133 1891 2169 me.
1918 2116 2003 2169 i9.
2037 2113 2250 2167 Contra-

767 2222 1036 2273 dicentibus
1060 2228 1225 2270 autem
1252 2216 1466 2276 Juda'is,
1499 2222 1697 2266 coactus
1725 2226 1834 2265 sum
1865 2207 2121 2277 appellare
2146 2205 2253 2257 tlte-

770 2328 930 2365 sarem
961 2327 977 2363 :
1005 2326 1103 2362 non
1132 2309 1275 2377 quasi
1314 2308 1518 2358 habeant
1551 2305 1612 2356 de
1640 2317 1737 2371 quo
1766 2308 1959 2369 gentem
1990 2313 2146 2349 meum
2176 2310 2261 2345 ac-

772 2414 960 2455 cusent.
988 2400 1077 2452 20.
1114 2398 1326 2465 Propter
1354 2397 1481 2448 hanc
1504 2410 1617 2464 ergo
1650 2405 1851 2443 causam
1882 2388 2114 2440 advocavi
2138 2402 2222 2437 vos
2242 2425 2259 2450 ,

774 2503 828 2544 ut
858 2490 1071 2544 viderem
1102 2498 1146 2542 et
1172 2488 1452 2555 alloquerer
1484 2501 1502 2537 :
1522 2493 1721 2553 propter
1741 2496 1879 2549 spem
1901 2480 2030 2532 enim
2054 2475 2260 2527 lsraelis

774 2582 1060 2634 catena/iac
1089 2578 1423 2631 circumdatus
1448 2590 1579 2626 sum.

776 2677 827 2726 l.
871 2672 981 2723 lloc
1009 2670 1141 2722 bene
1164 2676 1216 2721 ct
1241 2673 1595 2733 congruenter
1615 2662 1752 2730 agit,
1787 2674 1905 2713 eum
1937 2658 2140 2726 primos
2167 2654 2262 2707 ,Ιιιο

706 2766 942 2818 meorum
972 2760 1036 2813 ad
1063 2758 1381 2826 colloquium
1411 2760 1690 2809 convocat.
1716 2750 1935 2803 Volebat
1962 2746 2101 2800 enim
2127 2752 2181 2797 et
2208 2755 2266 2796 se

710 2866 764 2911 et
784 2857 916 2908 alios
937 2868 963 2904 a
993 2850 1211 2906 crimine
1242 2849 1465 2901 liberare
1498 2862 1512 2899 :
1538 2858 1612 2904 se.
1637 2858 1701 2895 ne
1724 2847 2059 2894 accusaretur
2076 2835 2142 2888 ab
2166 2835 2263 2899 eis,

710 2957 761 2999 et
782 2947 880 2997 hoc
898 2943 1261 2999 illisuoccret;
1292 2938 1408 2989 illos
1436 2927 1581 2997 vero,
1602 2947 1666 2984 ne
1690 2940 1853 2983 totum
1875 2929 2105 2995 ipsorum
2125 2922 2267 2975 vide-

712 3044 853 3088 retur
878 3047 1015 3086 esse.
1041 3028 1338 3083 Verisimile
1365 3025 1506 3079 enim
1537 3032 1616 3075 est
1646 3018 2008 3089 percrebuisse
2040 3010 2264 3075 famam,

711 3126 880 3192 ipsum
913 3136 940 3173 a
970 3120 1165 3173 inducis
1193 3116 1439 3169 traditum
1468 3113 1629 3165 fuisse
1653 3126 1666 3171 ;
1703 3110 1857 3175 idque
1886 3103 2177 3159 suﬁieiebat
2202 3102 2267 3154 ad

714 3216 1020 3269 terrendum
1042 3212 1181 3264 illus.
1202 3208 1389 3261 Statim
1418 3218 1544 3271 ergo
1575 3202 1696 3254 huic
1732 3200 1806 3253 rei
1836 3197 2085 3259 occurrit,
2113 3205 2166 3248 et
2194 3194 2271 3247 sic

712 3306 943 3372 seipsum
973 3310 1243 3355 mansuete
1273 3292 1522 3349 defendit.
1552 3292 1679 3345 \‘idc
1704 3304 1859 3359 porro
1889 3285 2152 3356 quomodo
2180 3285 2273 3339 de-

713 3397 1004 3452 fensionem
1033 3406 1181 3444 suam
1209 3396 1368 3451 texat,
1408 3386 1591 3439 dicens
1619 3402 1631 3433 :
1668 3380 1775 3433 Viri
1815 3383 2010 3449 fratres,
2042 3392 2131 3445 ego
2159 3391 2272 3428 cum

714 3488 840 3541 nihil
884 3484 1192 3538 contrarium
1232 3481 1453 3551 fecissem
1498 3476 1683 3546 populo
1712 3473 1785 3525 vei
1816 3471 1989 3541 patriis
2016 3467 2269 3532 moribus,

714 3579 903 3631 vinctus
929 3591 993 3628 ex
1013 3570 1344 3639 Jerosolymis
1372 3567 1584 3619 traditus
1608 3580 1717 3617 sum
1740 3562 1792 3614 in
1818 3576 1992 3612 atauus
2022 3556 2276 3610 Romano-

713 3686 843 3721 rum.
877 3666 1071 3720 Deindc
1098 3665 1215 3733 quia
1248 3659 1530 3713 verisimile
1560 3663 1673 3709 erat
1702 3652 1903 3721 aliquas
1926 3662 1989 3703 ex
2020 3648 2275 3702 auditori-

715 3758 815 3812 bus
851 3757 1079 3809 dicturos
1116 3730 1233 3806 esse
1267 3769 1278 3801 :
1308 3746 1582 3816 Quomodo
1611 3740 1857 3798 credatur
1887 3750 1937 3795 te
1972 3741 2087 3793 sine
2116 3730 2272 3792 causa

718 3847 961 3901 traditum
996 3843 1193 3896 fuisse?
1220 3840 1418 3893 addidit
1448 3857 1460 3889 :
1498 3838 1593 3902 Qui
1620 3850 1731 3887 cum
1758 3832 2188 3901 interrogationem
2216 3829 2277 3879 de

718 3954 797 3989 me
829 3920 1131 3997 liabuisseni,
1155 3932 1413 3984 voluerunt
1444 3944 1518 3979 me
1544 3926 1831 3985 dimittere;
1870 3937 1930 3975 ac
1959 3923 2002 3975 si
2032 3920 2231 3973 diceret
2260 3934 2273 3969 :

718 4028 999 4083 Tcstantur
1021 4026 1375 4079 Romanorum
1408 4020 1688 4089 principes,
1719 4016 1805 4085 qui
1833 4024 1885 4069 et
1914 4014 2277 4068 examiuarunt

720 4132 805 4170 me
828 4125 879 4170 et
902 4116 1178 4168 voluerunt
1213 4113 1495 4165 dimittere.
1522 4107 1799 4176 Quomodo
1827 4119 1956 4173 ergo
1980 4119 2085 4156 non
2116 4096 2274 4155 dimi-

718 4206 937 4261 serunt?
965 4202 1424 4258 Contradicentibus
1449 4199 1663 4260 Judwis,
1694 4194 1878 4266 inquit.
1917 4194 2101 4247 Viden‘
2140 4207 2275 4259 quo-

720 4299 877 4351 modo
899 4297 1105 4349 illorum
1130 4294 1345 4349 crimina
1370 4290 1588 4345 minuit?
1611 4290 1666 4343 Si
1691 4290 1832 4343 enim
1862 4300 2054 4354 augere
2082 4283 2278 4336 voluis-

721 4398 820 4449 set,
840 4396 1043 4454 poterat
1060 4384 1417 4439 vehementius
1434 4395 1669 4448 carpere.
1688 4379 1910 4445 Ideoque
1923 4377 1996 4429 sic
2012 4376 2277 4443 loquutus,

720 4478 953 4534 siibdidit
986 4496 999 4531 :
1034 4476 1247 4531 Coactus
1272 4490 1382 4529 sum
1409 4473 1665 4542 appellare
1691 4468 1953 4523 Cwsarem.
2006 4466 2183 4536 itaque
2214 4465 2277 4519 ad

722 4572 929 4624 veniam
983 4570 1158 4621 omnia
1206 4572 1462 4634 spectant.
1523 4560 1719 4616 Deinde
1764 4576 1828 4613 ne
1873 4559 1991 4627 quis
2040 4558 2275 4612 diceret:

721 4656 855 4723 Quid
890 4654 1065 4721 igitur,
1112 4665 1178 4703 an
1210 4661 1262 4702 ut
1291 4662 1383 4703 eos
1419 4660 1654 4711 accuses,
1697 4646 1809 4698 bare
1842 4638 2049 4697 fecisti?
2080 4639 2180 4696 Per
2216 4657 2277 4696 ea

724 4759 841 4812 qua:
866 4741 1031 4808 addit,
1064 4740 1161 4795 hoc
1195 4740 1426 4806 Corrigit,
1458 4736 1640 4789 dicens
1668 4752 1680 4786 :
1712 4733 1830 4786 Non
1875 4733 2017 4799 quasi
2048 4730 2275 4794 habeam,

729 4835 790 4887 de
816 4849 911 4901 quo
936 4842 1130 4902 gentem
1154 4846 1311 4883 meam
1340 4840 1600 4889 accusem;
1626 4825 1718 4878 sed
1749 4834 1803 4876 ut
1833 4822 2120 4891 periculum
2148 4822 2281 4875 ellip-

726 4940 925 4996 gerem.
982 4925 1204 4993 Propter
1245 4937 1339 4975 vos
1374 4921 1512 4976 enim
1560 4921 1657 4972 hac
1696 4929 1878 4973 eitena
1926 4914 2281 4971 circumdatus

728 5032 864 5071 sum.
896 5013 1122 5071 Tantum
1162 5013 1328 5076 abest,
1366 5012 1553 5080 inquit,
1584 5022 1643 5063 ut
1672 5010 1882 5063 inimico
1907 5022 2029 5076 erga
2058 5020 2153 5060 vos
2178 5008 2276 5059 sim

726 5108 927 5170 animo,
955 5116 1011 5159 ut
1033 5103 1131 5159 hac
1158 5111 1339 5157 catena
1365 5100 1718 5155 circumdatus
1737 5100 1856 5151 sim.
1874 5098 2004 5166 Quid
2032 5114 2155 5168 ergo
2173 5098 2281 5151 illi?

726 5196 987 5252 Sermone
1024 5197 1136 5263 ejus
1174 5192 1242 5247 ita
1284 5193 1421 5261 capti
1465 5201 1607 5257 sunt,
1640 5194 1697 5243 ut
1726 5202 1827 5243 non
1857 5191 2027 5245 Solum
2060 5204 2154 5257 pro
2189 5205 2278 5252 se,

728 5288 822 5341 sed
850 5290 1005 5342 etiam
1035 5301 1128 5356 pro
1157 5285 1391 5354 cognatis
1434 5284 1544 5337 suis
1586 5281 1949 5337 defensionem
1992 5290 2280 5351 pararent:

728 5379 866 5445 quod
890 5378 1163 5433 declarans
1184 5376 1258 5430 sic
1284 5376 1452 5443 pergit
1481 5392 1490 5426 :
1522 5390 1539 5424 ι
1563 5372 1639 5427 llli
1663 5386 1787 5428 vero
1818 5374 2062 5427 dixerunt
2083 5373 2129 5426 ei
2154 5389 2166 5423 :
2190 5372 2279 5425 21.

732 5468 836 5520 Nos
878 5482 1044 5535 neque
1078 5467 1259 5519 literas
1304 5464 1371 5519 de
1399 5474 1449 5517 te
1488 5460 1783 5531 accepimus
1811 5477 1838 5515 a
1866 5462 2064 5526 Judaea,
2112 5476 2282 5531 neque

726 5556 1017 5610 adveniens
1054 5556 1241 5624 aliquis
1275 5555 1493 5608 fratrum
1519 5554 1775 5608 nuntiavit
1808 5562 1899 5606 aut
1928 5554 2170 5621 loquutus
2200 5557 2283 5607 est.

727 5645 924 5715 aliquid
957 5645 1023 5699 de
1070 5654 1119 5699 te
1156 5646 1297 5699 mali.
1345 5644 1434 5697 22.
1460 5644 1741 5713 ,Βσιεειηιυδ
1772 5653 1944 5697 autem
1973 5656 2001 5695 a
2030 5653 2079 5696 te
2099 5642 2281 5695 audire

727 5754 843 5806 qua:
873 5736 1034 5791 sentis
1068 5755 1078 5789 :
1112 5752 1231 5791 nam
1255 5738 1319 5792 de
1342 5748 1485 5792 secta
1508 5739 1605 5791 hac
1630 5746 1808 5791 notum
1835 5746 1912 5791 est
1945 5736 2116 5800 nobis,
2140 5733 2279 5804 quod

720 5829 918 5897 ubique
942 5828 989 5882 ei
1012 5828 1403 5883 contradicitur.
1436 5848 1455 5879 ι
1500 5831 1573 5882 Ae
1598 5830 1639 5882 si
1668 5830 1902 5883 dicerent
1935 5846 1948 5883 :
1978 5826 2157 5897 Neque
2188 5840 2279 5894 per

2358 1568 2557 1632 literas,
2588 1579 2757 1633 neque
2784 1578 2879 1633 per
2910 1560 3153 1615 homines
3186 1558 3554 1629 signiﬁcarnnt
3578 1557 3785 1626 aliquid
3817 1557 3933 1610 mali

2356 1657 2421 1712 de
2449 1666 2498 1711 te
2527 1675 2539 1710 :
2573 1664 2805 1709 attamen
2836 1662 2939 1706 ate
2967 1652 3151 1706 audire
3178 1651 3439 1704 volumus.
3472 1647 3564 1703 Sic
3598 1662 3936 1716 prcoecupa-

2358 1757 2481 1803 runt
2523 1746 2839 1801 sententiam
2880 1744 3152 1799 declarare
3195 1757 3362 1805 suam,
3398 1751 3450 1795 et
3478 1741 3627 1794 aiunt
3656 1758 3670 1793 :
3703 1738 3847 1793 Nam
3884 1740 3937 1791 de

2359 1854 2491 1892 serta
2514 1838 2609 1889 hac
2642 1846 2813 1887 notum
2854 1844 2924 1888 est
2972 1833 3132 1897 nobis,
3172 1831 3309 1898 quod
3359 1831 3539 1898 ubique
3586 1830 3632 1883 ei
3677 1830 3934 1882 contradi-

2359 1929 2509 1981 citur.
2562 1927 2673 1981 Non
2726 1926 2933 1990 dicunt,
2990 1922 3446 1986 Contradicimus;
3496 1921 3612 1984 sed,
3661 1919 3933 1973 Contradi-

2360 2018 2521 2082 citur,
2566 2026 2620 2071 et
2665 2032 2724 2071 se
2772 2016 2840 2069 ab
2882 2014 3217 2069 accusatione
3266 2012 3566 2065 absolvunt.
3603 2030 3621 2063 ι
3670 2012 3764 2065 25.
3815 2011 3937 2067 Cum

2361 2107 2761 2162 constituissent
2788 2115 2964 2159 autem
2996 2106 3040 2157 ei
3078 2104 3242 2166 diem,
3291 2111 3555 2155 venerunt
3596 2102 3663 2154 ad
3716 2116 3845 2154 eum
3894 2102 3938 2151 in

2366 2198 2647 2267 hospitium
2682 2197 2889 2265 plurimi
2921 2213 2934 2247 :
2963 2194 3151 2263 quibus
3191 2194 3493 2261 exponebat
3531 2192 3831 2245 testilicans
3860 2205 3940 2243 re-

2366 2304 2524 2358 gnum
2557 2288 2679 2349 Dei,
2721 2286 3055 2354 suadensque
3084 2284 3161 2338 eis
3186 2281 3254 2337 de
3279 2281 3404 2336 Jesu
3430 2298 3493 2335 ex
3528 2281 3708 2351 Moyse
3739 2290 3796 2333 et
3828 2296 3942 2347 pro-

2367 2379 2561 2449 phetis,
2585 2393 2612 2429 a
2637 2390 2791 2429 mane
2816 2389 2980 2444 usque
3008 2373 3073 2427 ad
3102 2387 3401 2441 vesperam.
3421 2370 3509 2425 24.
3534 2371 3597 2425 Ει
3617 2372 3706 2425 alii
3731 2370 3941 2439 quidem

2310 2500 2322 2517 ς
2367 2467 2653 2522 credebant
2685 2467 2768 2530 iis,
2798 2481 2916 2534 qua:
2940 2462 3278 2524 dict-bantur,
3328 2461 3415 2514 alii
3456 2476 3582 2514 vero
3628 2475 3734 2513 non
3760 2461 3943 2513 crede—

2369 2558 2512 2611 bant.
2546 2575 2565 2607 ›
2603 2554 2786 2610 Viden’
2813 2553 3081 2623 quomodo
3110 2567 3211 2605 non
3254 2553 3433 2605 Statim
3482 2550 3791 2617 rcSpondit,
3848 2550 3939 2604 sed

2369 2649 2509 2703 diem
2542 2648 2646 2700 illis
2666 2646 2915 2699 audiendi
2946 2643 3220 2698 constituit
3252 2662 3265 2694 :
3300 2660 3419 2697 cum
3447 2653 3623 2697 autem
3648 2645 3941 2700 venissent,

2370 2737 2667 2791 disserebat
2708 2752 2736 2788 a
2782 2734 2895 2805 iege
2942 2733 3135 2803 Moysis
3191 2744 3244 2788 et
3286 2748 3313 2785 τι
3360 2732 3630 2802 prophetis
3664 2726 3675 2783 Ξ
3714 2750 3731 2781 ι
3765 2728 3835 2785 Et
3863 2733 3946 2782 alii

2372 2828 2679 2891 credebant,
2713 2828 2799 2881 alii
2837 2842 2964 2880 vero
3009 2843 3110 2880 non
3139 2825 3446 2880 credelmnt.
3608 2822 3739 2876 Cum
3772 2832 3946 2875 autem

2375 2934 2478 2972 non
2528 2927 2708 2971 essent
2738 2919 3136 2971 consentientes
3164 2917 3303 2969 inter
3332 2930 3412 2979 se,
3457 2914 3827 2977 discedebant,
3876 2913 3948 2964 di-

2372 3016 2527 3063 cente
2577 3008 2738 3061 Paulo
2786 3021 2946 3061 unum
2987 3006 3207 3061 verbum
3242 3022 3255 3058 :
3290 3005 3432 3059 Bene
3472 3003 3700 3073 Spiritus
3735 3014 3951 3057 sanctus

2376 3100 2623 3169 loquutus
2652 3110 2733 3153 est
2754 3115 2846 3169 per
2866 3096 3055 3154 isaiam
3083 3101 3393 3168 prophetam
3420 3098 3485 3151 ad
3517 3105 3693 3166 patres
3718 3104 3950 3157 nostros,

2376 3191 2465 3244 26.
2512 3191 2694 3245 dicens
2744 3208 2756 3242 :
2812 3190 2953 3243 Vade
2993 3190 3060 3244 ad
3107 3189 3357 3259 populum
3402 3190 3583 3250 istum,
3627 3196 3681 3241 et
3708 3186 3797 3241 dic
3828 3187 3949 3240 eis:

2377 3285 2521 3336 Aure
2544 3279 2792 3346 audietis,
2842 3291 2895 3334 et
2928 3292 3031 3333 non
3061 3279 3405 3348 intelligetis;
3448 3290 3501 3332 et
3528 3279 3773 3332 videntes
3805 3277 3953 3331 vide-

2380 3373 2521 3436 bitis,
2570 3382 2623 3425 et
2664 3386 2767 3425 non
2812 3371 3135 3439 percipiatis.
3181 3369 3270 3423 27.
3303 3369 3657 3423 lncrassatum
3691 3378 3774 3421 est
3812 3368 3953 3420 enim

2380 3477 2473 3516 cor
2498 3462 2674 3530 pepuli
2706 3461 2886 3527 hujus,
2934 3471 2987 3513 et
3023 3460 3240 3513 auribus
3281 3458 3512 3527 graviter
3552 3457 3862 3518 audierunt,
3908 3465 3957 3508 et

2380 3553 2564 3608 oculos
2587 3567 2713 3607 suos
2750 3559 3200 3620 compresserunt,
3247 3564 3313 3603 ne
3345 3549 3478 3602 forte
3503 3548 3719 3601 videant
3752 3547 3954 3607 oculis.

2381 3651 2435 3698 et
2477 3642 2691 3696 auribus
2729 3642 2964 3701 audiant,
3014 3649 3067 3693 et
3117 3637 3279 3692 corde
3309 3635 3624 3706 intelligant,
3655 3645 3707 3690 et
3737 3651 3958 3691 conver-

2382 3740 2557 3785 tantur
2580 3738 2634 3786 et
2660 3742 2841 3785 sanem
2873 3745 2967 3784 eos
2992 3747 3011 3780 ι
3050 3725 3199 3797 (Isai.
3221 3729 3270 3783 ὅ.
3298 3726 3330 3780 9
3350 3738 3393 3780 et
3413 3726 3519 3797 l0).
3548 3725 3682 3780 Cum
3716 3726 3957 3781 discede-

2381 3823 2507 3876 bant
2532 3821 2671 3875 inter
2696 3835 2754 3875 se
2789 3819 3198 3883 dissentientes,
3250 3827 3374 3871 tunc
3416 3816 3598 3869 Isaiam
3644 3819 3955 3884 pmphetam

2382 3912 2558 3976 atfert,
2608 3928 2711 3965 non
2755 3920 2815 3964 ut
2860 3910 2964 3963 illis
3006 3910 3355 3971 convicietur,
3404 3907 3496 3961 sed
3529 3916 3586 3961 ut
3623 3907 3721 3961 hos
3766 3911 3956 3961 tirmet.

2382 4002 2517 4070 Quid
2547 4002 2619 4056 ait
2650 4000 2777 4055 ille?
2812 4002 2949 4053 Aura
2974 4000 3209 4061 audietis,
3233 4007 3280 4051 et
3305 4014 3404 4050 non
3427 3998 3738 4067 intelligetis.
3770 3998 3957 4052 Viden‘

2382 4092 2647 4162 quomodo
2686 4092 2805 4145 illos
2839 4092 2981 4143 omni
3011 4090 3160 4143 venia
3192 4087 3437 4157 indignos
3477 4086 3756 4140 ostendit?
3795 4088 3957 4156 siqui-

2381 4184 2501 4239 dem
2533 4184 2842 4253 pr0phetam
2882 4181 3139 4236 habentes
3164 4180 3272 4249 jam
3300 4180 3425 4232 olim
3460 4178 3573 4232 hrc
3604 4180 3957 4246 prmnuntian-

2385 4283 2513 4338 tem,
2568 4291 2673 4328 non
2720 4275 2963 4328 conversi
3017 4282 3156 4325 sunt.
3211 4269 3341 4324 Cum
3382 4280 3561 4323 autem
3608 4270 3757 4331 dicit,
3804 4268 3954 4332 Batt’,

2385 4366 2617 4421 ostendit
2646 4366 2927 4431 iiinsjuste
2968 4364 3169 4432 cjeetos
3196 4362 3377 4416 fuisse.
3423 4364 3595 4429 Atque
3620 4361 3687 4414 ita
3710 4362 3957 4431 gentibus

2386 4459 2565 4513 datum
2606 4467 2707 4520 est,
2762 4466 2821 4509 ut
2872 4456 2973 4508 hoc
3016 4455 3325 4524 mysterium
3367 4462 3776 4523 cognoscerent.
3820 4452 3957 4507 Nihil

2387 4548 2579 4603 mirum
2609 4547 2760 4615 igitur
2789 4549 2829 4597 si
2859 4545 3292 4599 contradieebant
3319 4562 3333 4599 :
3364 4545 3464 4597 hoc
3495 4543 3602 4612 jam
3649 4543 3778 4597 olim
3828 4560 3958 4613 pne-

2385 4641 2579 4696 dictum
2605 4638 2793 4693 fuerat.
2822 4638 3018 4692 Deinde
3045 4637 3212 4691 zelum
3238 4653 3422 4691 eorum
3449 4643 3705 4704 provocat
3731 4652 3798 4691 ex
3829 4652 3957 4705 gen-

2387 4733 2547 4798 tibus,
2598 4734 2709 4786 bme
2743 4732 3031 4801 subjicicns
3064 4748 3076 4783 :
3116 4747 3134 4780 ι
3173 4728 3262 4783 28.
3297 4728 3489 4781 Notum
3538 4742 3666 4793 ergo
3693 4728 3764 4781 sit
3786 4729 3953 4787 vobis,

2388 4828 2631 4898 quoniam
2677 4825 2918 4895 gentibus
2964 4823 3181 4875 missum
3226 4829 3308 4873 est
3337 4818 3442 4872 hoc
3481 4819 3717 4872 salutare
3749 4818 3863 4883 Dei,
3910 4830 3954 4873 et

2390 4917 2486 4986 ipsi
2524 4915 2761 4969 audient.
2807 4911 2897 4967 29.
2932 4912 3137 4965 Etcum
3181 4910 3293 4962 hate
3329 4906 3570 4971 dixisset,
3617 4908 3866 4962 exierunt
3896 4910 3955 4960 ah

2388 5021 2454 5060 eo
2475 5005 2668 5068 Judaei,
2701 5004 2916 5057 multam
2950 5001 3205 5054 habentes
3236 5000 3374 5053 inter
3396 5016 3452 5053 se.
3478 5000 3849 5068 qumstionem.
3872 4999 3953 5051 30.

2388 5096 2576 5150 Mansn
2603 5104 2780 5147 autem
2815 5093 3024 5147 biennio
3048 5101 3159 5145 toto
3187 5092 3237 5143 in
3271 5107 3365 5145 suo
3394 5090 3675 5153 conducto,
3707 5100 3762 5142 et
3793 5092 3954 5144 susci-

2390 5189 2568 5259 piebat
2617 5200 2805 5242 omnes
2853 5185 2938 5253 qui
2988 5185 3417 5255 ingrediebantur
3442 5181 3505 5235 ad
3534 5197 3681 5245 eum,
3706 5182 3799 5235 51.
3833 5198 3958 5251 pne-

2388 5281 2571 5335 dicans
2616 5294 2835 5348 regnum
2887 5276 2999 5340 Dei,
3048 5288 3099 5331 et
3137 5277 3331 5330 docens
3360 5289 3478 5342 qum
3508 5280 3629 5326 sunt
3656 5272 3724 5326 de
3754 5274 3957 5327 ChriSto

2389 5372 2512 5427 Jesu
2540 5388 2660 5427 cum
2686 5370 2830 5422 omni
2863 5369 3076 5433 fiducia,
3102 5366 3312 5422 nemine
3349 5364 3687 5435 prohibente.
3719 5385 3741 5418 ι
3772 5370 3954 5419 Amen.

2390 5462 2484 5517 llic
2513 5463 2742 5518 ostendit
2770 5462 2985 5515 demum
3030 5460 3327 5514 libertatem
3366 5473 3515 5511 suam
3548 5475 3562 5511 :
3598 5456 3783 5512 Romae
3812 5473 3951 5511 nam-

2388 5568 2489 5622 que
2512 5554 2626 5606 sine
2655 5551 3035 5620 impedimento
3065 5550 3335 5620 prmdicat,
3363 5550 3452 5620 qui
3485 5550 3540 5604 in
3565 5547 3751 5605 Judzea
3779 5549 3953 5620 probi—

2390 5643 2527 5697 bitns
2559 5644 2746 5703 fuerat.
2772 5654 2825 5697 e:
2854 5644 3046 5697 mansit
3077 5641 3292 5697 biennio
3316 5640 3517 5696 docens
3544 5642 3673 5695 illic.

2458 5734 2510 5786 2.
2551 5733 2653 5788 Sed
2678 5733 2948 5801 superiora
2981 5742 3301 5802 repetamus.
3329 5731 3549 5799 PrOpter
3580 5732 3713 5783 lianc
3733 5747 3948 5793 causam,

2391 5825 2576 5895 inquit,
2607 5824 2842 5877 advocavi
2872 5839 2953 5877 vos
2994 5834 3044 5875 ut
3083 5824 3326 5888 viderem;
3356 5823 3405 5875 id
3432 5832 3534 5886 est,
3564 5821 3685 5875 ideo
3721 5822 3773 5874 id
3796 5818 3950 5881 volui,
