4056 6514
261 425 359 483 331

259 554 333 594 ne
368 535 596 606 cuipiam
631 535 811 589 liceret
854 545 939 587 me
976 544 1248 591 accusare,
1278 537 1332 581 et
1366 540 1481 595 qnze
1510 523 1562 578 in
1599 528 1833 576 mentem

256 629 509 685 renarint
537 627 719 681 dicere
748 642 763 679 :
792 625 912 694 quia
940 636 1127 676 manus
1147 634 1333 673 eorum
1353 616 1532 686 effugi,
1565 623 1617 670 et
1643 613 1708 666 ad
1736 612 1837 666 hoc

257 720 405 774 veni.
457 716 571 774 Non
625 725 681 769 ιιι
718 714 838 768 aliis
875 711 1010 765 mala
1047 710 1319 773 inferrem,
1351 705 1445 761 sed
1475 715 1531 759 ιιι
1559 705 1671 774 ipse
1699 700 1834 755 tnala

251 810 572 879 elfngerem,
608 808 749 861 veni.
795 804 873 858 Illi
920 818 1048 857 vero
1092 811 1360 870 reponunt
1392 816 1405 852 :
1440 798 1697 867 Rogamus
1732 811 1761 846 a
1794 802 1839 846 te

256 902 440 955 audire
476 915 589 970 quia
624 898 797 952 sentis.
834 894 964 949 Vide
1008 894 1129 949 illos
1172 891 1503 948 mansuetius
1534 890 1835 958 loquentes.

263 989 544 1060 Rogamus,
572 987 833 1055 inquiunt,
864 994 917 1040 et
941 986 1123 1039 volunt
1146 984 1305 1038 etiam
1331 996 1427 1051 pro
1453 981 1557 1033 illis
1578 979 1837 1032 rationem

272 1082 487 1137 uidere
529 1099 541 1134 :
586 1079 706 1134 ideo
752 1078 1037 1133 constituta
1082 1076 1169 1129 die
1211 1082 1495 1127 venerunt.
1556 1070 1669 1124 lloc
1711 1083 1840 1123 vero

253 1186 510 1242 magnum
555 1180 672 1224 erat
705 1177 1097 1237 argumentum,
1146 1162 1288 1235 quod
1312 1178 1370 1218 se
1401 1162 1499 1231 ipsi
1529 1161 1843 1216 damnarent

253 1277 434 1330 neque
482 1260 580 1314 sibi
632 1259 876 1313 fiderent.
903 1256 1036 1311 Nam
1082 1256 1127 1311 si
1169 1254 1442 1317 fidissent,
1494 1252 1685 1306 saltem
1711 1266 1841 1305 con-

254 1354 557 1411 venissent,
587 1360 644 1404 ιιι
670 1350 841 1417 ipsum
872 1362 1055 1403 secum
1092 1346 1462 1408 attraherent;
1493 1357 1633 1398 nunc
1662 1352 1839 1397 autem

249 1458 379 1498 cum
422 1457 526 1495 non
579 1438 841 1503 fiderent,
906 1436 1038 1508 pigri
1095 1436 1309 1491 fuerunt
1357 1433 1423 1489 ad
1478 1432 1838 1487 veniendum:

250 1534 493 1604 alioquin
522 1548 649 1586 vero
678 1531 860 1593 etiam,
903 1528 1045 1597 quod
1091 1541 1238 1595 saepe
1269 1526 1611 1589 tentavcrint,
1657 1532 1841 1578 osten-

250 1624 452 1681 derunt
486 1638 544 1677 se
571 1622 816 1676 fiduciam
853 1635 957 1673 non
991 1617 1205 1672 habere.
1242 1615 1308 1669 Et
1344 1616 1435 1668 alii
1468 1614 1669 1684 quidem
1695 1613 1841 1667 dictis

251 1715 546 1778 credebant,
580 1712 770 1781 inquit,
798 1711 888 1763 alii
918 1725 1016 1762 non
1045 1708 1334 1773 credebant,
1370 1716 1419 1762 et
1455 1723 1569 1759 cum
1595 1722 1696 1759 non
1723 1720 1843 1758 con-

250 1806 433 1861 cordes
473 1812 630 1859 essent
648 1844 663 1868 ,
692 1800 1052 1863 discedebant;
1098 1798 1150 1852 id
1177 1806 1279 1864 est,
1310 1813 1419 1852 non
1449 1796 1732 1851 credentes
1759 1811 1841 1849 re-

252 1896 540 1951 cedebant.
576 1892 709 1948 Vide
734 1890 1004 1962 qnomodo
1050 1904 1190 1943 nunc
1234 1904 1339 1942 non
1372 1888 1425 1942 in
1455 1888 1602 1942 illiilli
1636 1897 1842 1940 struant

251 1988 512 2051 insidias;
545 1984 638 2039 sed
670 1984 721 2037 in
746 1982 952 2047 ludam,
980 1980 1068 2036 ubi
1093 1980 1245 2051 quasi
1271 1980 1322 2033 in
1357 1978 1637 2050 tyrannide
1666 1987 1838 2031 erant.

251 2081 366 2137 Cur
393 2093 520 2148 ergo
544 2077 681 2131 Deus
710 2073 943 2145 providit
1011 2080 1069 2127 ut
1123 2072 1215 2125 illo
1265 2071 1537 2141 migraret.
1556 2068 1793 2138 dixitque
1824 2086 1837 2121 :

255 2171 493 2235 Festina,
522 2170 600 2223 exi
638 2185 701 2221 ea:
735 2165 1020 2220 Jerusalem
1075 2164 1212 2233 (Act.
1239 2163 1328 2217 9-9..
1375 2163 1505 2233 18)?
1548 2162 1613 2219 Ut
1654 2178 1840 2216 eorunt

255 2266 494 2334 nequitia
542 2263 953 2323 ostenderetur,
1009 2275 1217 2314 necnon
1288 2258 1482 2311 veritas
1545 2256 1842 2327 prophetia:

255 2355 477 2420 Christi,
506 2355 645 2425 quod
678 2369 782 2409 non
834 2351 1216 2406 sustinebunt:
1247 2359 1408 2419 utque
1442 2363 1630 2403 omnes
1669 2347 1839 2401 disce-

258 2456 404 2511 rent,
446 2449 615 2517 ipsum
664 2446 731 2501 ad
781 2443 1088 2514 patiendum
1135 2456 1257 2497 esse
1292 2450 1557 2510 paratum,
1588 2438 1745 2508 idque
1775 2438 1841 2491 ad

252 2542 673 2599 consolationem
702 2546 945 2609 vergeret
971 2550 1157 2590 eorum
1178 2576 1190 2595 .
1222 2534 1309 2602 qui
1341 2541 1498 2587 erant
1525 2533 1576 2585 in
1604 2530 1788 2586 Judzea
1825 2546 1839 2584 :

255 2650 381 2691 nam
402 2643 457 2689 et
492 2633 561 2687 ibi
608 2632 770 2685 multa
800 2630 936 2683 mala
976 2640 1167 2698 passus
1216 2634 1319 2680 est.
1362 2625 1416 2677 Si
1450 2639 1577 2679 veto
1620 2623 1841 2679 Judaica

255 2725 578 2796 praedicans,
624 2732 767 2776 tanta
799 2736 988 2789 passus
1022 2721 1123 2778 sit.
1169 2718 1212 2771 si
1256 2716 1598 2786 pnedieasset
1644 2716 1840 2769 Christi

255 2816 512 2887 gloriam,
557 2814 825 2883 quomodo
858 2812 907 2866 id
944 2810 1223 2865 tulissent?
1266 2809 1401 2862 Cum
1430 2822 1490 2862 se
1512 2808 1839 2877 purificaret,

257 2925 366 2962 non
388 2916 503 2962 erat
530 2904 844 2967 tolerabilis,
873 2900 1144 2973 quomodo
1162 2912 1340 2955 autem
1371 2899 1666 2967 praedicans
1707 2898 1842 2953 tole-

257 2998 445 3056 rabilis
466 2996 685 3051 fuisset?
711 2997 817 3051 Cur
842 2994 1105 3049 accusatis
1133 2992 1274 3047 nos?
1312 2990 1437 3061 quid
1462 2990 1725 3045 audistis?
1752 2988 1843 3043 Ni-

256 3090 334 3147 hil
371 3090 475 3144 tale
500 3089 653 3145 di‘xit.
692 3088 846 3142 Visus
875 3096 977 3153 est,
1009 3095 1061 3141 et
1089 3100 1277 3140 omnes
1305 3083 1666 3153 eanperavit.
1714 3082 1843 3137 Jure

254 3197 384 3253 ergo
404 3181 650 3252 gentibus
693 3180 837 3235 salus
866 3192 1123 3234 concessa
1151 3187 1253 3242 est,
1283 3177 1405 3246 jure
1432 3176 1619 3247 procul
1645 3176 1841 3231 missus

254 3283 372 3337 est,
423 3272 531 3327 illic
571 3271 817 3341 gentibus
862 3268 1267 3340 praedicaturus.
1321 3266 1600 3336 Perpende
1634 3276 1836 3331 autem,

256 3364 459 3435 primos
487 3361 702 3418 Ιιιιιιυυδ
736 3360 993 3423 advocat;
1040 3368 1256 3429 postea,
1307 3366 1363 3411 ut
1412 3370 1496 3411 res
1541 3356 1645 3411 illis
1689 3371 1843 3410 mon-

257 3453 469 3519 stravit,
512 3461 637 3506 tunc
680 3449 748 3504 ad
798 3460 987 3520 gentes
1044 3449 1207 3503 venit.
1256 3446 1409 3515 Quod
1450 3462 1582 3501 vero
1621 3446 1841 3512 dixerit,

262 3542 404 3598 Dixit
434 3542 678 3612 Spiritus,
709 3541 840 3596 nihil
873 3542 1067 3594 mirum
1100 3556 1114 3592 :
1150 3556 1270 3593 nam
1309 3538 1532 3609 angelus
1558 3538 1752 3593 dicitur
1781 3553 1843 3593 ea

256 3634 458 3696 dicere,
507 3648 627 3703 qua:
678 3631 937 3685 Dominus
990 3629 1244 3700 loquitur.
1286 3627 1421 3683 Bene
1460 3629 1609 3690 diaa't,
1654 3629 1842 3698 inquit,

260 3724 487 3794 Spiritus
550 3732 775 3775 sanctus.
812 3720 916 3777 Sed
962 3720 1189 3785 bic.sic,
1225 3721 1332 3774 illic
1368 3734 1473 3774 non
1511 3721 1660 3775 item.
1695 3720 1845 3775 Alio-

258 3816 386 3883 quin
419 3830 544 3870 vero
569 3829 690 3868 cum
710 3816 779 3868 de
808 3813 1126 3883 quibusdam
1157 3813 1226 3866 ah
1254 3814 1445 3882 angelo
1478 3813 1637 3868 dictis
1670 3814 1844 3883 loqui-

260 3923 402 3971 mur,
427 3890 531 3961 non
560 3906 803 3967 dicimus,
834 3906 975 3958 Bene
1004 3905 1137 3958 dixit
1180 3905 1437 3973 angelus;
1468 3904 1562 3959 sed
1594 3904 1737 3959 Bene
1767 3905 1850 3959 di-

261 4001 339 4054 xit
360 4000 634 4059 Dmninus,
668 3997 811 4051 Bene
840 3996 970 4051 dixit
997 3996 1259 4066 Spiritus;
1288 4012 1351 4051 ac
1378 3997 1422 4049 si
1453 3996 1659 4051 diceret
1683 4013 1698 4051 :
1729 3995 1845 4050 Non

261 4090 392 4144 mihi
444 4088 598 4143 ﬁdem
644 4088 866 4157 negatis,
916 4087 1009 4141 sed
1053 4086 1293 4155 Spiritui.
1346 4087 1527 4157 Itaque
1567 4087 1671 4141 hoc
1718 4086 1848 4142 olim

265 4182 406 4237 Deus
433 4180 767 4249 praeviderat.
804 4179 902 4244 Qui
929 4195 1041 4231 cum
1068 4179 1465 4240 exmninassent,
1496 4178 1687 4247 inquit,
1716 4179 1824 4232 vole

263 4274 383 4328 bant
407 4289 487 4325 me
511 4272 796 4334 dimittere;
846 4270 897 4325 id
938 4280 1040 4330 est.
1073 4269 1205 4323 nihil
1244 4270 1591 4326 damnatione
1630 4271 1849 4341 dignum

265 4365 599 4420 invenientes
642 4365 691 4417 in
743 4378 848 4428 me,
890 4361 1172 4417 absolvere
1202 4360 1467 4415 volebant.
1515 4361 1727 4416 Etcum
1757 4362 1850 4417 de-

264 4458 505 4511 buisscut
534 4456 679 4508 illunt
712 4455 940 4523 eripere,
971 4452 1306 4508 tradiderunt
1336 4452 1386 4505 in
1420 4467 1612 4507 manus
1649 4452 1851 4507 Roma-

266 4562 459 4603 norum
485 4563 499 4610 ;
530 4557 584 4600 et
617 4554 757 4598 tanta
788 4554 903 4598 erat
934 4544 1192 4599 libertatis
1221 4543 1567 4609 abundantia,
1602 4553 1659 4598 ιιι
1690 4546 1851 4599 etiam

267 4639 366 4706 ipsi
394 4637 755 4691 condemnare
784 4649 887 4687 non
918 4642 1158 4703 possent,
1209 4633 1303 4687 sed
1336 4635 1569 4688 vinctum
1615 4634 1850 4689 tradide-

269 4736 412 4782 runt.
462 4726 673 4781 Coactus
713 4742 847 4791 sum,
902 4726 1090 4795 inquit,
1136 4726 1399 4794 appellare
1429 4727 1714 4790 (ἔωσαν-ειυς
1752 4742 1853 4781 non

266 4822 413 4892 quasi
447 4820 655 4873 habeam
699 4820 762 4871 de
798 4835 894 4882 quo
942 4829 1137 4888 gentem
1173 4834 1333 4871 meam
1374 4834 1639 4881 accusem;
1672 4819 1720 4872 id
1749 4828 1850 4884 est,

271 4930 376 4967 nun
407 4920 462 4965 ut
494 4912 629 4964 mala
658 4912 775 4964 aliis
798 4909 1047 4974 inferam,
1072 4909 1165 4963 sed
1192 4918 1247 4962 ut
1269 4925 1354 4963 me
1382 4926 1410 4962 a
1436 4910 1588 4963 malis
1608 4912 1850 4976 liberem,

274 5007 376 5057 hoc
406 5002 527 5064 feci,
556 5016 652 5056 nec
680 5001 889 5061 lubens,
922 5000 1013 5052 sed
1042 5011 1278 5053 coaetus.
1317 4999 1448 5053 Vide
1472 5010 1754 5053 verborum
1780 5015 1855 5053 ta-

271 5095 632 5148 tttiliaritalcm
660 5110 672 5142 ε
701 5106 803 5144 non
832 5107 890 5143 se
919 5091 1171 5153 alienum,
1203 5090 1294 5143 St'tl
1340 5091 1611 5157 proprium
1648 5091 1752 5143 illis
1783 5090 1857 5143 fa-

268 5187 364 5247 cit,
389 5200 510 5238 eum
540 5182 689 5242 dicit,
723 5181 895 5234 Gratis
928 5198 1064 5234 metu.
1095 5182 1295 5234 Rursus
1324 5191 1499 5233 autem
1530 5182 1716 5249 dogttta
1750 5182 1858 5237 dis-

276 5278 520 5332 seminat.
546 5275 653 5329 Nec
684 5276 835 5338 dixit,
868 5290 970 5326 non
998 5290 1223 5345 arcusoy;
1256 5274 1369 5336 sed,
1403 5273 1522 5328 Non
1548 5274 1701 5328 Itabco
1724 5276 1858 5342 quod

278 5384 525 5431 accusem,
573 5368 673 5421 etsi
725 5376 827 5418 tam
874 5366 1054 5433 gravia
1100 5356 1308 5434 passus.
1342 5364 1479 5419 Nihil
1508 5381 1636 5436 ergo
1670 5369 1857 5419 horum

278 5462 423 5528 dicit,
454 5476 521 5516 ne
546 5475 809 5514 onerosus
832 5471 974 5513 esset
1005 5478 1015 5511 :
1049 5476 1219 5528 neque
1246 5459 1309 5511 ad
1340 5461 1563 5529 gratiam
1612 5462 1738 5530 ipsis
1774 5468 1856 5517 lo-

277 5556 367 5625 qui
394 5554 623 5611 videtur.
661 5554 783 5607 Ideo
806 5568 909 5606 ιιοιι
941 5563 1124 5620 aperte
1154 5552 1407 5620 loquitur,
1439 5554 1529 5607 scd
1562 5554 1861 5608 Silllllldlcul

280 5655 482 5702 tantum
524 5655 579 5700 et
626 5646 985 5712 praetercurrit
1016 5662 1026 5697 :
1060 5643 1159 5697 hoc
1198 5645 1339 5698 enim
1377 5645 1585 5698 interim
1618 5648 1856 5701 studebat

278 5740 584 5803 ostendere,
609 5736 749 5805 quod
778 5736 1032 5790 Romanis
1058 5735 1202 5788 illum
1233 5737 1461 5789 vinctum
1496 5748 1569 5789 tta
1596 5738 1853 5790 l‘alissent.

283 5831 356 5889 llli
387 5847 516 5888 vero
546 5845 666 5883 cum
709 5829 826 5883 illos
855 5829 1107 5881 damnare
1140 5837 1191 5883 et
1220 5844 1472 5883 accusate
1516 5830 1859 5896 oportuisset,

1202 409 1265 468 IN
1305 408 1481 468 ACTA
1521 396 2041 461 Ανοδτοιοιιυιι.
2084 399 2312 458 llOMlL.
2354 401 2463 458 LV.

3430 399 3539 457 es:

1942 502 2117 584 potius
2147 516 2441 572 defendunt
2466 530 2562 572 eos
2589 532 2602 581 ;
2646 514 2739 570 sed
2774 529 2869 585 per
2897 528 2979 579 ea,
3010 514 3203 585 quibus
3234 516 3535 585 apologiam

1940 616 2250 671 contexunt,
2278 608 2421 676 ipsos
2446 617 2720 661 accusant.
2748 604 2943 659 Notum
2970 616 3043 659 est
3067 608 3230 667 nobis,
3265 606 3533 675 inquiunt,

1940 696 2076 765 quod
2098 698 2280 768 ubique
2305 699 2695 751 contradicitur.
2727 697 2831 752 Sed
2860 698 3070 752 etiatnsi
3106 699 3207 752 hoc
3235 700 3453 770 conting
3474 713 3533 763 -ι,

1942 799 2174 842 attamen
2204 790 2401 859 ubique
2424 791 2664 844 creditis.
2700 790 2895 856 Quibus
2923 791 3225 857 exponebat,
3274 792 3463 861 inquit,
3508 809 3540 842 (ι

1943 878 2050 948 lege
2074 888 2122 932 et
2149 880 2426 947 prophetis.
2462 880 2593 934 Vide
2621 895 2807 934 rursus
2830 880 2982 933 illum
3010 898 3113 935 non
3149 897 3177 933 a
3220 882 3407 951 signis,
3443 883 3537 936 sed

1943 984 1972 1022 a
2000 970 2116 1039 b-ge
2162 983 2214 1023 et
2256 972 2530 1040 prophetis
2574 987 2635 1026 os
2682 971 2791 1026 illis
2828 971 3100 1036 ohturare,
3131 982 3183 1027 et
3209 974 3405 1043 ubique
3434 974 3536 1026 hoc

1943 1073 2122 1129 agere,
2165 1061 2265 1115 etsi
2298 1061 2482 1115 liceret
2522 1063 2673 1131 signa
2724 1060 2936 1125 faCere;
2987 1061 3082 1116 sed
3129 1061 3386 1131 deinceps
3431 1078 3536 1115 non

1947 1153 2067 1206 fidei
2112 1169 2198 1208 res
2238 1154 2424 1209 fuisset
2457 1170 2470 1207 :
2506 1170 2754 1224 magnum
2796 1155 2939 1208 enim
2972 1165 3088 1209 erat
3127 1155 3338 1226 signum
3366 1172 3393 1209 τι
3425 1156 3540 1225 lege

1944 1253 1996 1298 ct
2023 1243 2296 1313 prophetis
2328 1245 2616 1300 disserere.
2652 1245 2851 1301 Deinde
2870 1287 2884 1311 ,
2928 1262 2994 1300 ne
3024 1256 3175 1314 putes
3202 1261 3314 1301 rem
3344 1263 3536 1300 noram

1944 1351 2085 1403 esse,
2133 1337 2273 1407 quod
2313 1338 2389 1391 illi
2429 1337 2691 1393 increduli
2720 1350 3022 1402 manerent,
3060 1341 3269 1395 indm-it
3300 1342 3535 1411 prephe-

1947 1426 2073 1480 t'ram
2103 1427 2369 1483 dicentem
2402 1446 2415 1483 :
2447 1429 2585 1483 Aure
2608 1430 2847 1496 audietis,
2872 1440 2923 1485 et
2946 1448 3046 1485 non
3072 1432 3363 1503 intelligetis
3382 1452 3401 1499 ;
3420 1449 3535 1486 ma-

1944 1518 2024 1589 gis
2050 1534 2210 1584 nuue,
2243 1520 2435 1589 inquit,
2466 1535 2625 1591 quam
2661 1531 2786 1577 tunc
2816 1539 2829 1576 :
2859 1531 2905 1576 et
2938 1522 3186 1588 ridi-bilis,
3217 1535 3263 1577 et
3290 1542 3392 1578 non
3425 1542 3538 1593 per-

1944 1608 2183 1679 cipietis;
2215 1610 2383 1679 magis
2417 1626 2557 1665 nunc
2592 1626 2751 1681 quam
2804 1623 2951 1667 tunc.
2994 1611 3194 1668 Contra
3232 1614 3541 1671 incredulos

1945 1699 2067 1753 illos
2091 1700 2205 1755 haec
2242 1701 2379 1755 dicta
2414 1700 2649 1768 fuerant,
2692 1718 2812 1773 qua:
2840 1719 2944 1758 non
2969 1705 3324 1760 conviciantis
3361 1718 3534 1766 erant.

1945 1792 2040 1847 sed
2065 1791 2447 1848 offendiculum
2480 1795 2737 1849 tollentis.
2783 1795 2978 1850 Notum
3006 1813 3125 1868 ergo
3152 1799 3217 1851 sit
3255 1800 3414 1866 vobis,
3454 1801 3536 1854 in-

1944 1886 2079 1955 quit,
2106 1885 2241 1953 quod
2270 1887 2322 1939 in
2357 1897 2529 1956 gentes
2572 1904 2785 1942 missum
2824 1898 2897 1942 est
2937 1889 3163 1944 salutare
3198 1889 3293 1944 Dei
3321 1908 3339 1945 :
3366 1894 3453 1961 qui
3494 1902 3542 1946 et

1944 1978 2171 2033 audient.
2200 1976 2305 2033 Cur
2332 1994 2460 2049 ergo
2490 1980 2643 2035 nobis
2672 1980 2950 2051 loqueris?
2980 1996 3049 2035 an
3083 1982 3196 2037 hcce
3225 1984 3543 2039 nesciebas?

1949 2069 2139 2133 Etiam,
2170 2070 2262 2124 sed
2291 2079 2347 2123 ut
2370 2070 2602 2125 credatis
2632 2072 2896 2125 rationem
2928 2072 3094 2127 reddo
3114 2114 3128 2139 ,
3172 2082 3227 2128 et
3256 2084 3312 2127 ut
3341 2076 3540 2129 nemini

1944 2159 2065 2213 dem
2093 2175 2299 2213 ansam.
2348 2160 2560 2228 Mansit,
2604 2162 2797 2232 inquit,
2834 2162 3036 2217 Paulus
3067 2174 3169 2218 toto
3197 2156 3418 2233 biennio,
3449 2169 3541 2221 do-

1944 2267 2059 2305 cens
2080 2267 2194 2304 cum
2224 2253 2362 2305 omni
2386 2253 2610 2320 ﬁducia,
2657 2255 2859 2307 nemine
2895 2256 3208 2325 prohibente.
3256 2258 3397 2314 Bene
3442 2260 3544 2314 hoc

1943 2342 2191 2397 addidit:
2224 2347 2487 2415 contingit
2514 2348 2659 2401 enim
2699 2346 2987 2415 aliquando
3024 2350 3193 2405 libere
3233 2352 3539 2422 loquentem

1945 2434 2238 2504 proltiberi.
2282 2434 2551 2490 Fiduciam
2580 2451 2708 2506 ergo
2738 2437 2884 2492 Pauli
2915 2439 3048 2493 nihil
3081 2441 3357 2509 prohibuit
3380 2484 3394 2505 ,
3445 2444 3539 2498 sed

1945 2526 2102 2579 etiam
2132 2526 2346 2580 nemine
2375 2526 2692 2595 prohibente
2720 2528 2873 2582 dixit.
2907 2529 3097 2584 Mansit
3119 2542 3287 2586 autem
3314 2532 3537 2599 Paulus,

1944 2616 2135 2686 inquit,
2174 2616 2375 2671 biennio
2414 2627 2518 2671 toto
2559 2618 2612 2671 in
2654 2620 2862 2688 proprio
2892 2622 3180 2688 conducto;
3213 2625 3281 2678 ita
3314 2638 3425 2680 erat
3454 2642 3543 2683 se-

1944 2707 2137 2773 dulus;
2179 2708 2287 2762 imo
2316 2709 2384 2762 ita
2419 2710 2730 2779 magistrum
2760 2727 2915 2766 suum
2954 2712 3266 2770 imitabatur
3288 2718 3338 2770 in
3367 2719 3545 2775 omni-

1944 2800 2065 2866 bus,
2095 2809 2152 2854 ut
2176 2800 2337 2854 etiam
2364 2801 2694 2877 domicilium
2722 2801 2945 2860 haberet
2972 2820 3076 2861 noo
3097 2823 3163 2862 ex
3186 2810 3375 2864 alienis
3402 2812 3544 2867 labo-

1944 2892 2124 2957 ribus,
2174 2893 2269 2948 scd
2314 2910 2381 2949 ex
2424 2895 2580 2951 suis:
2612 2895 2718 2951 hoc
2756 2898 2899 2952 enim
2948 2898 3214 2970 significat
3258 2903 3421 2970 illud,
3474 2904 3542 2960 In

1944 2984 2153 3054 proprio
2195 2987 2466 3041 conducto.
2499 2986 2653 3054 Quod
2679 2996 2856 3065 autem
2897 2990 3154 3048 Dominus
3180 3010 3392 3065 quoque
3421 2998 3543 3051 ttul-

1944 3075 2048 3129 lam
2092 3075 2311 3131 haberet
2345 3077 2563 3133 donmm
2586 3119 2602 3145 ,
2633 3064 2759 3135 audi
2794 3082 2941 3136 illmn
2976 3094 3121 3138 recte
3148 3064 3416 3142 dicentem
3451 3091 3541 3157 ei,

1943 3169 2035 3237 qui
2065 3170 2166 3224 sibi
2192 3170 2408 3226 dixerat
2441 3189 2453 3225 :
2479 3173 2681 3242 Sequar
2709 3182 2777 3237 te,
2802 3191 3126 3245 quacumque
3152 3179 3270 3233 ieris
3299 3196 3318 3233 :
3353 3179 3544 3251 Vulpes

1945 3265 2115 3331 foveas
2145 3263 2351 3326 habent,
2380 3274 2427 3317 ct
2460 3267 2685 3319 volucres
2712 3263 2824 3318 caeli
2848 3267 3033 3331 nidos;
3067 3267 3234 3323 Filius
3263 3283 3431 3325 autem
3460 3274 3548 3328 Ito-

1946 3356 2096 3408 minis
2134 3370 2236 3409 non
2274 3356 2445 3421 habet,
2489 3356 2574 3410 ubi
2605 3368 2761 3421 caput
2800 3375 2951 3412 suum
2992 3362 3198 3415 reclinet
3247 3363 3456 3442 (blattlt.
3488 3367 3543 3423 8.

1944 3446 2060 3519 20).
2092 3448 2183 3503 Sic
2215 3463 2310 3516 per
2336 3462 2395 3503 se
2420 3448 2604 3503 docuit
2632 3450 2763 3505 nihil
2793 3466 2914 3513 esse
2944 3452 3349 3522 possidendum,
3373 3473 3548 3529 neque

1946 3538 2104 3593 rebus
2132 3541 2361 3595 terrenis
2388 3540 2699 3596 hzrrendnm
2732 3557 2871 3597 esse.
2908 3541 2974 3597 Et
3000 3546 3305 3614 accipiebat,
3338 3550 3546 3619 inquit,

1949 3628 2197 3682 venientes
2223 3630 2291 3681 ad
2316 3645 2392 3692 se,
2421 3631 2707 3699 pra’dicans
2728 3648 2939 3702 regnum
2966 3631 3080 3687 Dei.
3131 3635 3262 3690 Vide
3291 3638 3437 3692 illum
3467 3642 3549 3695 tti-

1950 3719 2021 3773 hil
2045 3720 2112 3774 de
2139 3720 2523 3789 praesentibus.
2572 3722 2666 3775 sed
2708 3723 2883 3775 omnia
2908 3722 2976 3779 de
3004 3740 3171 3794 regno
3201 3726 3293 3782 Dei
3320 3729 3546 3799 loquen-

1952 3818 2078 3863 tem.
2122 3809 2308 3864 Viden’
2340 3810 2429 3866 Dei
2458 3811 2886 3880 providentiam?
2929 3814 3025 3870 llic
3068 3832 3378 3874 sermonem
3406 3822 3548 3879 sistit

1951 3911 2136 3954 auctor
2166 3901 2319 3967 libri,
2348 3915 2413 3956 ac
2440 3902 2697 3973 relinquit
2741 3904 3041 3961 auditorem
3077 3909 3368 3977 sitientem,
3400 3922 3456 3968 ut
3480 3931 3546 3971 ex

1954 3994 2133 4062 seipso
2164 3994 2418 4064 deinceps
2448 3997 2817 4052 ratiocinetur.
2866 3999 2978 4054 Hoc
3007 4012 3061 4056 et
3092 4004 3268 4058 exteri
3301 4004 3501 4061 faciunt
3531 4028 3547 4067 :

1954 4102 2075 4139 nam
2126 4088 2307 4141 omnia
2353 4088 2517 4153 scire,
2568 4089 2814 4159 ignavttm
2854 4102 2909 4145 et
2953 4095 3310 4164 negligentem
3352 4098 3547 4153 reddit.

1952 4176 2065 4230 Hoc
2099 4188 2276 4231 autem
2321 4176 2465 4241 facit,
2518 4190 2571 4234 et
2613 4196 2732 4249 quae
2776 4192 3001 4251 sequuta
3028 4196 3172 4248 sunt,
3206 4202 3310 4240 non
3347 4200 3549 4256 narrat,

1952 4270 2279 4337 superﬂuum
2326 4269 2374 4324 id
2427 4280 2619 4340 putans
2667 4272 2765 4335 iis.
2802 4276 2890 4341 qui
2918 4289 2980 4329 ea
3021 4292 3142 4346 qua:
3174 4280 3369 4348 scripta
3397 4294 3553 4336 erant

1954 4360 2211 4429 legerent,
2238 4371 2291 4415 et
2318 4362 2441 4415 hinc
2472 4363 2775 4416 ediscerent
2804 4379 2922 4433 qua:
2945 4366 3027 4420 bis
3048 4367 3312 4424 adderent
3346 4388 3358 4424 :
3395 4372 3552 4441 plane

1952 4452 2093 4503 enim
2116 4453 2289 4521 qualia
2310 4452 2510 4521 priora,
2546 4454 2670 4507 talia
2698 4471 2817 4523 qua:
2841 4467 2960 4524 post
2981 4468 3205 4527 sequuta
3239 4472 3381 4515 sunt.
3413 4464 3551 4518 Audi

1954 4558 2082 4596 vero
2108 4544 2281 4613 qualia
2307 4554 2489 4611 postea
2518 4544 2760 4599 seribens
2792 4547 2857 4599 ad
2890 4548 3178 4611 Romanos.
3210 4552 3353 4607 dicat
3385 4575 3397 4609 :
3427 4555 3553 4610 Cum

1955 4636 2250 4705 proﬁciscar
2271 4638 2321 4689 in
2344 4635 2650 4707 Hispaniam
2667 4681 2679 4702 ,
2705 4640 2899 4693 veniant
2928 4642 2994 4693 ad
3016 4659 3101 4696 vos
3129 4644 3303 4714 (Rom.
3339 4648 3549 4716 15.2”.

2027 4728 2079 4781 5.
2113 4726 2300 4781 Viden’
2332 4730 2600 4796 quomodo
2622 4730 2800 4784 omnia
2832 4733 3130 4800 prmvideat
3166 4750 3378 4792 sacrum
3421 4741 3551 4795 illud

1956 4828 2008 4872 et
2037 4817 2274 4871 divinum
2325 4830 2485 4887 caput
2512 4860 2526 4881 ,
2579 4820 2667 4873 ille
2700 4822 2787 4890 qui
2810 4822 3042 4877 animam
3078 4824 3237 4881 habet
3268 4832 3442 4882 otnnia
3475 4831 3551 4884 si-

1958 4911 2064 4963 ntul
2096 4913 2562 4979 eontpleCtentcm,
2592 4912 2681 4982 qui
2712 4916 2913 4982 primas
2936 4930 3115 4984 partes
3139 4930 3384 4987 occupat,
3420 4920 3555 4975 l‘au-

1960 5011 2041 5055 tns
2059 5004 2081 5054 ’ἰ
2102 5002 2254 5071 cujus
2281 5004 2453 5057 solum
2480 5019 2673 5057 nomen
2703 5006 2998 5061 scientibus
3022 5008 3217 5063 sufﬁcit
3237 5012 3299 5064 ad
3318 5014 3551 5069 animum

1958 5093 2313 5155 excitandam,
2335 5094 2398 5144 ad
2429 5093 2775 5161 vigilantiam,
2808 5096 2873 5147 ad
2893 5111 3140 5150 smnnum
3173 5102 3551 5159 excutiendum

1961 5203 2197 5241 ntnnem.
2232 5187 2454 5255 Excepit
2479 5187 2627 5240 illum
2660 5187 2827 5241 Roma
2857 5189 3112 5254 vinctum,
3146 5207 3213 5245 ex
3236 5195 3443 5248 marino
3474 5198 3563 5250 itt-

1966 5295 2095 5332 ncre
2122 5280 2269 5331 littus
2297 5287 2639 5345 tangentem,
2672 5294 2700 5330 a
2732 5276 3007 5349 naufragio
3036 5292 3339 5349 servatum,
3386 5296 3439 5336 et
3492 5288 3557 5340 lz-

1964 5372 2143 5423 berata
2191 5379 2274 5422 est
2309 5384 2337 5422 a
2377 5368 2652 5439 naufragio
2688 5370 2907 5423 erroris.
2957 5370 3107 5426 Sicut
3140 5375 3282 5426 enim
3320 5391 3409 5430 tex
3442 5388 3556 5443 post

1966 5464 2207 5516 navalem
2252 5478 2480 5531 pugnam
2522 5472 2576 5516 et
2610 5463 2887 5516 victoriam
2911 5504 2926 5528 ,
2961 5464 3012 5517 in
3042 5467 3375 5533 splendidam
3418 5470 3555 5524 illaut

1968 5555 2271 5622 regiatnque
2304 5554 2488 5607 urbem
2521 5553 2792 5622 ingressus
2824 5566 2923 5608 est.
2960 5556 3031 5608 De
3056 5558 3137 5609 his
3159 5558 3403 5611 scribens
3424 5600 3435 5621 ,
3477 5562 3557 5615 tli-

1968 5646 2161 5698 crltat:
2201 5645 2405 5697 l’cnium
2426 5689 2438 5706 ,
2471 5655 2520 5699 et.
2554 5646 2824 5699 vobiscum
2855 5646 3125 5713 quiescam
3160 5650 3208 5700 in
3244 5650 3563 5719 plenitudine

1973 5738 2326 5790 benedictionis
2356 5730 2613 5805 Evangelii
2661 5737 2857 5807 (Rom.
2914 5739 2993 5791 l5.
3037 5740 3107 5793 ‘29
3135 5740 3184 5808 );
3232 5752 3281 5795 et
3341 5760 3556 5809 rursus,

1978 5832 2049 5883 lio
2082 5831 2455 5882 ministtalttt‘us
2489 5829 2537 5880 in
2566 5828 2849 5881 Jerusalem
2887 5827 3013 5899 (Id.
3051 5847 3097 5882 r.
3139 5826 3259 5883 9.5).
3310 5832 3414 5883 Hoc
3451 5848 3559 5897 est,
