  <div class='ocr_page' id='page_1' title='image "/cluster/home/n/w/nwhite01/storage/ocr_20150623/60/uva.x004246612/389.png"; bbox 0 0 4056 6482; ppageno 0'>
   <div class='ocr_carea' id='block_1_1' title="bbox 644 387 747 445">
    <p class='ocr_par' dir='ltr' id='par_1_1' title="bbox 644 387 747 445">
     <span class='ocr_line' id='line_1_1' title="bbox 644 387 747 445; baseline 0 0"><span class='ocrx_word' id='word_1_1' title='bbox 644 387 747 445; x_wconf 74' lang='grc'><strong>583</strong></span> 
     </span>
    </p>
   </div>
   <div class='ocr_carea' id='block_1_2' title="bbox 629 483 2188 562">
    <p class='ocr_par' dir='ltr' id='par_1_2' title="bbox 629 483 2188 562">
     <span class='ocr_line' id='line_1_2' title="bbox 629 483 2188 562; baseline -0.008 -13"><span class='ocrx_word' id='word_1_2' title='bbox 629 492 769 562; x_wconf 70' lang='lat' dir='ltr'><strong>quod</strong></span> <span class='ocrx_word' id='word_1_3' title='bbox 789 491 995 547; x_wconf 81' lang='lat' dir='ltr'><strong>dicebat</strong></span> <span class='ocrx_word' id='word_1_4' title='bbox 1021 508 1035 544; x_wconf 93' lang='lat'><strong>:</strong></span> <span class='ocrx_word' id='word_1_5' title='bbox 1067 487 1426 558; x_wconf 79' lang='lat' dir='ltr'><strong>Efeemosynas</strong></span> <span class='ocrx_word' id='word_1_6' title='bbox 1454 492 1677 557; x_wconf 77' lang='lat' dir='ltr'><strong>[acturus</strong></span> <span class='ocrx_word' id='word_1_7' title='bbox 1705 483 1840 554; x_wconf 84' lang='lat' dir='ltr'><strong>genti</strong></span> <span class='ocrx_word' id='word_1_8' title='bbox 1870 498 2013 549; x_wconf 73' lang='lat' dir='ltr'><strong>metr,</strong></span> <span class='ocrx_word' id='word_1_9' title='bbox 2036 486 2188 536; x_wconf 80' lang='lat' dir='ltr'><strong>adve-</strong></span> 
     </span>
    </p>
   </div>
   <div class='ocr_carea' id='block_1_3' title="bbox 630 574 2192 655">
    <p class='ocr_par' dir='ltr' id='par_1_3' title="bbox 630 574 2192 655">
     <span class='ocr_line' id='line_1_3' title="bbox 630 574 2192 655; baseline -0.006 -18"><span class='ocrx_word' id='word_1_10' title='bbox 630 586 683 637; x_wconf 75' lang='lat' dir='ltr'><strong>ni</strong></span> <span class='ocrx_word' id='word_1_11' title='bbox 707 584 727 655; x_wconf 93' lang='lat'><strong>(</strong></span> <span class='ocrx_word' id='word_1_12' title='bbox 748 586 860 636; x_wconf 72' lang='lat' dir='ltr'><strong>Act.</strong></span> <span class='ocrx_word' id='word_1_13' title='bbox 891 582 980 636; x_wconf 71' lang='grc'><strong>24.</strong></span> <span class='ocrx_word' id='word_1_14' title='bbox 1008 582 1074 636; x_wconf 81' lang='lat' dir='ltr'><strong>l7</strong></span> <span class='ocrx_word' id='word_1_15' title='bbox 1100 580 1141 650; x_wconf 94' lang='lat'><strong>).</strong></span> <span class='ocrx_word' id='word_1_16' title='bbox 1164 578 1280 636; x_wconf 72' lang='lat' dir='ltr'><strong>iam</strong></span> <span class='ocrx_word' id='word_1_17' title='bbox 1310 593 1471 649; x_wconf 85' lang='lat' dir='ltr'><strong>prope</strong></span> <span class='ocrx_word' id='word_1_18' title='bbox 1488 587 1602 633; x_wconf 90' lang='lat' dir='ltr'><strong>erat</strong></span> <span class='ocrx_word' id='word_1_19' title='bbox 1622 586 1681 632; x_wconf 88' lang='lat' dir='ltr'><strong>ut</strong></span> <span class='ocrx_word' id='word_1_20' title='bbox 1705 591 1956 632; x_wconf 85' lang='lat' dir='ltr'><strong>coronam</strong></span> <span class='ocrx_word' id='word_1_21' title='bbox 1986 574 2192 644; x_wconf 83' lang='lat' dir='ltr'><strong>accipe-</strong></span> 
     </span>
    </p>
   </div>
   <div class='ocr_carea' id='block_1_4' title="bbox 630 669 2189 739">
    <p class='ocr_par' dir='ltr' id='par_1_4' title="bbox 630 669 2189 739">
     <span class='ocr_line' id='line_1_4' title="bbox 630 669 2189 739; baseline -0.008 -9"><span class='ocrx_word' id='word_1_22' title='bbox 630 686 713 730; x_wconf 84' lang='lat' dir='ltr'><strong>ret</strong></span> <span class='ocrx_word' id='word_1_23' title='bbox 736 693 748 729; x_wconf 89' lang='lat'><strong>:</strong></span> <span class='ocrx_word' id='word_1_24' title='bbox 781 674 987 739; x_wconf 82' lang='lat' dir='ltr'><strong>excepit</strong></span> <span class='ocrx_word' id='word_1_25' title='bbox 1005 673 1149 726; x_wconf 89' lang='lat' dir='ltr'><strong>illum</strong></span> <span class='ocrx_word' id='word_1_26' title='bbox 1168 672 1334 726; x_wconf 80' lang='lat' dir='ltr'><strong>Roma</strong></span> <span class='ocrx_word' id='word_1_27' title='bbox 1358 672 1611 735; x_wconf 82' lang='lat' dir='ltr'><strong>vinctum,</strong></span> <span class='ocrx_word' id='word_1_28' title='bbox 1629 669 1864 738; x_wconf 79' lang='lat' dir='ltr'><strong>viditque</strong></span> <span class='ocrx_word' id='word_1_29' title='bbox 1879 675 2189 722; x_wconf 86' lang='lat' dir='ltr'><strong>coronatum</strong></span> 
     </span>
    </p>
   </div>
   <div class='ocr_carea' id='block_1_5' title="bbox 628 757 2187 837">
    <p class='ocr_par' dir='ltr' id='par_1_5' title="bbox 628 757 2187 837">
     <span class='ocr_line' id='line_1_5' title="bbox 628 757 2187 837; baseline -0.008 -15"><span class='ocrx_word' id='word_1_30' title='bbox 628 778 679 822; x_wconf 90' lang='lat' dir='ltr'><strong>et</strong></span> <span class='ocrx_word' id='word_1_31' title='bbox 708 766 1113 837; x_wconf 83' lang='lat' dir='ltr'><strong>proclamatum.</strong></span> <span class='ocrx_word' id='word_1_32' title='bbox 1162 764 1273 820; x_wconf 85' lang='lat' dir='ltr'><strong>Illic</strong></span> <span class='ocrx_word' id='word_1_33' title='bbox 1305 762 1568 817; x_wconf 73' lang='lat' dir='ltr'><strong>Vobiscum</strong></span> <span class='ocrx_word' id='word_1_34' title='bbox 1612 761 1860 829; x_wconf 72' lang='lat' dir='ltr'><strong>quiescam</strong></span> <span class='ocrx_word' id='word_1_35' title='bbox 1883 758 2066 829; x_wconf 82' lang='lat' dir='ltr'><strong>(Rom.</strong></span> <span class='ocrx_word' id='word_1_36' title='bbox 2100 757 2187 811; x_wconf 82' lang='lat' dir='ltr'><strong>l5.</strong></span> 
     </span>
    </p>
   </div>
   <div class='ocr_carea' id='block_1_6' title="bbox 626 849 2183 927">
    <p class='ocr_par' dir='ltr' id='par_1_6' title="bbox 626 849 2183 927">
     <span class='ocr_line' id='line_1_6' title="bbox 626 849 2183 927; baseline -0.008 -16"><span class='ocrx_word' id='word_1_37' title='bbox 626 857 695 911; x_wconf 72' lang='lat'><strong>52</strong></span> <span class='ocrx_word' id='word_1_38' title='bbox 720 860 763 926; x_wconf 88' lang='lat'><strong>),</strong></span> <span class='ocrx_word' id='word_1_39' title='bbox 781 856 969 927; x_wconf 90' lang='lat' dir='ltr'><strong>inquit.</strong></span> <span class='ocrx_word' id='word_1_40' title='bbox 994 855 1171 910; x_wconf 89' lang='lat' dir='ltr'><strong>lsthuc</strong></span> <span class='ocrx_word' id='word_1_41' title='bbox 1199 853 1354 918; x_wconf 88' lang='lat' dir='ltr'><strong>vado,</strong></span> <span class='ocrx_word' id='word_1_42' title='bbox 1379 850 1772 905; x_wconf 89' lang='lat' dir='ltr'><strong>ministraturus</strong></span> <span class='ocrx_word' id='word_1_43' title='bbox 1797 851 1848 903; x_wconf 91' lang='lat' dir='ltr'><strong>in</strong></span> <span class='ocrx_word' id='word_1_44' title='bbox 1870 849 2183 903; x_wconf 82' lang='lat' dir='ltr'><strong>Jerusalem.</strong></span> 
     </span>
    </p>
   </div>
   <div class='ocr_carea' id='block_1_7' title="bbox 628 942 2191 1009">
    <p class='ocr_par' dir='ltr' id='par_1_7' title="bbox 628 942 2191 1009">
     <span class='ocr_line' id='line_1_7' title="bbox 628 942 2191 1009; baseline -0.008 -8"><span class='ocrx_word' id='word_1_45' title='bbox 628 947 736 1001; x_wconf 87' lang='lat' dir='ltr'><strong>lloc</strong></span> <span class='ocrx_word' id='word_1_46' title='bbox 760 958 935 1001; x_wconf 88' lang='lat' dir='ltr'><strong>autem</strong></span> <span class='ocrx_word' id='word_1_47' title='bbox 966 945 1167 1001; x_wconf 86' lang='lat' dir='ltr'><strong>initium</strong></span> <span class='ocrx_word' id='word_1_48' title='bbox 1188 957 1375 997; x_wconf 82' lang='lat' dir='ltr'><strong>cursus</strong></span> <span class='ocrx_word' id='word_1_49' title='bbox 1403 942 1751 1006; x_wconf 80' lang='lat' dir='ltr'><strong>iterumerat,</strong></span> <span class='ocrx_word' id='word_1_50' title='bbox 1776 951 1830 995; x_wconf 92' lang='lat' dir='ltr'><strong>et</strong></span> <span class='ocrx_word' id='word_1_51' title='bbox 1853 951 2052 1009; x_wconf 63' lang='lat' dir='ltr'><strong>tropaea</strong></span> <span class='ocrx_word' id='word_1_52' title='bbox 2080 946 2191 990; x_wconf 88' lang='lat' dir='ltr'><strong>tro-</strong></span> 
     </span>
    </p>
   </div>
   <div class='ocr_carea' id='block_1_8' title="bbox 626 1026 2188 1105">
    <p class='ocr_par' dir='ltr' id='par_1_8' title="bbox 626 1026 2188 1105">
     <span class='ocr_line' id='line_1_8' title="bbox 626 1026 2188 1105; baseline -0.006 -14"><span class='ocrx_word' id='word_1_53' title='bbox 626 1037 753 1105; x_wconf 71' lang='lat' dir='ltr'><strong>paris</strong></span> <span class='ocrx_word' id='word_1_54' title='bbox 798 1036 1053 1098; x_wconf 93' lang='lat' dir='ltr'><strong>addebat,</strong></span> <span class='ocrx_word' id='word_1_55' title='bbox 1099 1032 1517 1103; x_wconf 74' lang='lat' dir='ltr'><strong>inexpugnabilis</strong></span> <span class='ocrx_word' id='word_1_56' title='bbox 1565 1046 1685 1086; x_wconf 89' lang='lat' dir='ltr'><strong>cum</strong></span> <span class='ocrx_word' id='word_1_57' title='bbox 1714 1039 1875 1085; x_wconf 89' lang='lat' dir='ltr'><strong>esset.</strong></span> <span class='ocrx_word' id='word_1_58' title='bbox 1902 1026 2188 1082; x_wconf 83' lang='lat' dir='ltr'><strong>Corinthus</strong></span> 
     </span>
    </p>
   </div>
   <div class='ocr_carea' id='block_1_9' title="bbox 626 1119 2186 1188">
    <p class='ocr_par' dir='ltr' id='par_1_9' title="bbox 626 1119 2186 1188">
     <span class='ocr_line' id='line_1_9' title="bbox 626 1119 2186 1188; baseline -0.005 -8"><span class='ocrx_word' id='word_1_59' title='bbox 626 1128 774 1181; x_wconf 81' lang='lat' dir='ltr'><strong>illum</strong></span> <span class='ocrx_word' id='word_1_60' title='bbox 802 1126 1022 1180; x_wconf 83' lang='lat' dir='ltr'><strong>detinuit</strong></span> <span class='ocrx_word' id='word_1_61' title='bbox 1047 1124 1254 1179; x_wconf 92' lang='lat' dir='ltr'><strong>duobus</strong></span> <span class='ocrx_word' id='word_1_62' title='bbox 1282 1124 1458 1188; x_wconf 85' lang='lat' dir='ltr'><strong>anuis,</strong></span> <span class='ocrx_word' id='word_1_63' title='bbox 1489 1122 1611 1177; x_wconf 88' lang='lat' dir='ltr'><strong>Asia</strong></span> <span class='ocrx_word' id='word_1_64' title='bbox 1644 1122 1830 1188; x_wconf 82' lang='lat' dir='ltr'><strong>tribus,</strong></span> <span class='ocrx_word' id='word_1_65' title='bbox 1856 1120 2020 1175; x_wconf 81' lang='lat' dir='ltr'><strong>Roma</strong></span> <span class='ocrx_word' id='word_1_66' title='bbox 2050 1119 2186 1173; x_wconf 90' lang='lat' dir='ltr'><strong>duo-</strong></span> 
     </span>
    </p>
   </div>
   <div class='ocr_carea' id='block_1_10' title="bbox 626 1212 2184 1285">
    <p class='ocr_par' dir='ltr' id='par_1_10' title="bbox 626 1212 2184 1285">
     <span class='ocr_line' id='line_1_10' title="bbox 626 1212 2184 1285; baseline -0.004 -15"><span class='ocrx_word' id='word_1_67' title='bbox 626 1218 721 1271; x_wconf 81' lang='lat' dir='ltr'><strong>bus</strong></span> <span class='ocrx_word' id='word_1_68' title='bbox 744 1256 763 1282; x_wconf 91' lang='lat'><strong>,</strong></span> <span class='ocrx_word' id='word_1_69' title='bbox 805 1229 907 1285; x_wconf 89' lang='lat' dir='ltr'><strong>quo</strong></span> <span class='ocrx_word' id='word_1_70' title='bbox 953 1214 1186 1269; x_wconf 89' lang='lat' dir='ltr'><strong>secundo</strong></span> <span class='ocrx_word' id='word_1_71' title='bbox 1216 1215 1395 1278; x_wconf 89' lang='lat' dir='ltr'><strong>venit,</strong></span> <span class='ocrx_word' id='word_1_72' title='bbox 1421 1212 1635 1283; x_wconf 80' lang='lat' dir='ltr'><strong>quando</strong></span> <span class='ocrx_word' id='word_1_73' title='bbox 1663 1220 2058 1266; x_wconf 81' lang='lat' dir='ltr'><strong>consummatus</strong></span> <span class='ocrx_word' id='word_1_74' title='bbox 2083 1220 2184 1264; x_wconf 90' lang='lat' dir='ltr'><strong>est.</strong></span> 
     </span>
    </p>
   </div>
   <div class='ocr_carea' id='block_1_11' title="bbox 623 1302 2188 1374">
    <p class='ocr_par' dir='ltr' id='par_1_11' title="bbox 623 1302 2188 1374">
     <span class='ocr_line' id='line_1_11' title="bbox 623 1302 2188 1374; baseline -0.003 -15"><span class='ocrx_word' id='word_1_75' title='bbox 623 1304 687 1359; x_wconf 85' lang='lat' dir='ltr'><strong>In</strong></span> <span class='ocrx_word' id='word_1_76' title='bbox 714 1306 881 1374; x_wconf 79' lang='lat' dir='ltr'><strong>prima</strong></span> <span class='ocrx_word' id='word_1_77' title='bbox 920 1322 1029 1359; x_wconf 83' lang='lat' dir='ltr'><strong>mea</strong></span> <span class='ocrx_word' id='word_1_78' title='bbox 1065 1305 1354 1372; x_wconf 76' lang='lat' dir='ltr'><strong>defensione</strong></span> <span class='ocrx_word' id='word_1_79' title='bbox 1374 1345 1389 1368; x_wconf 93' lang='lat'><strong>,</strong></span> <span class='ocrx_word' id='word_1_80' title='bbox 1419 1304 1626 1373; x_wconf 89' lang='lat' dir='ltr'><strong>inquit,</strong></span> <span class='ocrx_word' id='word_1_81' title='bbox 1658 1303 1829 1359; x_wconf 80' lang='lat' dir='ltr'><strong>nullus</strong></span> <span class='ocrx_word' id='word_1_82' title='bbox 1858 1303 1980 1355; x_wconf 81' lang='lat' dir='ltr'><strong>mihi</strong></span> <span class='ocrx_word' id='word_1_83' title='bbox 2015 1302 2188 1355; x_wconf 74' lang='lat' dir='ltr'><strong>aderat</strong></span> 
     </span>
    </p>
   </div>
   <div class='ocr_carea' id='block_1_12' title="bbox 620 1393 2185 1465">
    <p class='ocr_par' dir='ltr' id='par_1_12' title="bbox 620 1393 2185 1465">
     <span class='ocr_line' id='line_1_12' title="bbox 620 1393 2185 1465; baseline -0.003 -16"><span class='ocrx_word' id='word_1_84' title='bbox 620 1396 709 1462; x_wconf 70' lang='lat'><strong>(2.</strong></span> <span class='ocrx_word' id='word_1_85' title='bbox 757 1393 889 1449; x_wconf 77' lang='lat' dir='ltr'><strong>Tim.</strong></span> <span class='ocrx_word' id='word_1_86' title='bbox 939 1396 993 1449; x_wconf 76' lang='grc'><strong>4.</strong></span> <span class='ocrx_word' id='word_1_87' title='bbox 1037 1396 1102 1450; x_wconf 75' lang='grc'><strong>16</strong></span> <span class='ocrx_word' id='word_1_88' title='bbox 1125 1397 1171 1465; x_wconf 95' lang='grc'><strong>).</strong></span> <span class='ocrx_word' id='word_1_89' title='bbox 1213 1393 1303 1449; x_wconf 86' lang='lat' dir='ltr'><strong>Sic</strong></span> <span class='ocrx_word' id='word_1_90' title='bbox 1343 1408 1481 1449; x_wconf 89' lang='lat' dir='ltr'><strong>nunc</strong></span> <span class='ocrx_word' id='word_1_91' title='bbox 1526 1393 1736 1464; x_wconf 79' lang='lat' dir='ltr'><strong>ed’ugit,</strong></span> <span class='ocrx_word' id='word_1_92' title='bbox 1770 1403 1824 1447; x_wconf 92' lang='lat' dir='ltr'><strong>et</strong></span> <span class='ocrx_word' id='word_1_93' title='bbox 1859 1408 1979 1447; x_wconf 86' lang='lat' dir='ltr'><strong>cum</strong></span> <span class='ocrx_word' id='word_1_94' title='bbox 2020 1402 2185 1447; x_wconf 88' lang='lat' dir='ltr'><strong>totum</strong></span> 
     </span>
    </p>
   </div>
   <div class='ocr_carea' id='block_1_13' title="bbox 625 1481 2187 1556">
    <p class='ocr_par' dir='ltr' id='par_1_13' title="bbox 625 1481 2187 1556">
     <span class='ocr_line' id='line_1_13' title="bbox 625 1481 2187 1556; baseline -0.001 -17"><span class='ocrx_word' id='word_1_95' title='bbox 625 1486 897 1556; x_wconf 82' lang='lat' dir='ltr'><strong>implesset</strong></span> <span class='ocrx_word' id='word_1_96' title='bbox 924 1485 1106 1540; x_wconf 86' lang='lat' dir='ltr'><strong>orbem</strong></span> <span class='ocrx_word' id='word_1_97' title='bbox 1124 1526 1138 1551; x_wconf 93' lang='lat'><strong>,</strong></span> <span class='ocrx_word' id='word_1_98' title='bbox 1167 1485 1244 1539; x_wconf 90' lang='lat' dir='ltr'><strong>sic</strong></span> <span class='ocrx_word' id='word_1_99' title='bbox 1268 1485 1426 1538; x_wconf 90' lang='lat' dir='ltr'><strong>vitam</strong></span> <span class='ocrx_word' id='word_1_100' title='bbox 1476 1482 1666 1537; x_wconf 92' lang='lat' dir='ltr'><strong>ﬁnivit.</strong></span> <span class='ocrx_word' id='word_1_101' title='bbox 1702 1481 1840 1549; x_wconf 84' lang='lat' dir='ltr'><strong>Quid</strong></span> <span class='ocrx_word' id='word_1_102' title='bbox 1866 1482 2080 1537; x_wconf 86' lang='lat' dir='ltr'><strong>volebas</strong></span> <span class='ocrx_word' id='word_1_103' title='bbox 2106 1482 2187 1537; x_wconf 85' lang='lat' dir='ltr'><strong>di-</strong></span> 
     </span>
    </p>
   </div>
   <div class='ocr_carea' id='block_1_14' title="bbox 623 1574 2182 1647">
    <p class='ocr_par' dir='ltr' id='par_1_14' title="bbox 623 1574 2182 1647">
     <span class='ocr_line' id='line_1_14' title="bbox 623 1574 2182 1647; baseline -0.004 -17"><span class='ocrx_word' id='word_1_104' title='bbox 623 1593 772 1633; x_wconf 89' lang='lat' dir='ltr'><strong>scere</strong></span> <span class='ocrx_word' id='word_1_105' title='bbox 823 1594 939 1647; x_wconf 65' lang='lat' dir='ltr'><strong>qua:</strong></span> <span class='ocrx_word' id='word_1_106' title='bbox 992 1577 1322 1646; x_wconf 86' lang='lat' dir='ltr'><strong>sequuntur?</strong></span> <span class='ocrx_word' id='word_1_107' title='bbox 1360 1574 1505 1629; x_wconf 82' lang='lat' dir='ltr'><strong>Talia</strong></span> <span class='ocrx_word' id='word_1_108' title='bbox 1546 1584 1702 1639; x_wconf 91' lang='lat' dir='ltr'><strong>sunt,</strong></span> <span class='ocrx_word' id='word_1_109' title='bbox 1748 1574 1920 1643; x_wconf 80' lang='lat' dir='ltr'><strong>qualia</strong></span> <span class='ocrx_word' id='word_1_110' title='bbox 1969 1574 2182 1642; x_wconf 85' lang='lat' dir='ltr'><strong>priora:</strong></span> 
     </span>
    </p>
   </div>
   <div class='ocr_carea' id='block_1_15' title="bbox 623 1665 2185 1736">
    <p class='ocr_par' dir='ltr' id='par_1_15' title="bbox 623 1665 2185 1736">
     <span class='ocr_line' id='line_1_15' title="bbox 623 1665 2185 1736; baseline 0 -18"><span class='ocrx_word' id='word_1_111' title='bbox 623 1669 851 1732; x_wconf 85' lang='lat' dir='ltr'><strong>vincula,</strong></span> <span class='ocrx_word' id='word_1_112' title='bbox 884 1676 1164 1733; x_wconf 84' lang='lat' dir='ltr'><strong>tormenta,</strong></span> <span class='ocrx_word' id='word_1_113' title='bbox 1196 1681 1382 1736; x_wconf 68' lang='lat' dir='ltr'><strong>pugnae</strong></span> <span class='ocrx_word' id='word_1_114' title='bbox 1405 1706 1419 1729; x_wconf 91' lang='lat'><strong>,</strong></span> <span class='ocrx_word' id='word_1_115' title='bbox 1450 1680 1693 1721; x_wconf 82' lang='lat' dir='ltr'><strong>carceres</strong></span> <span class='ocrx_word' id='word_1_116' title='bbox 1714 1706 1728 1731; x_wconf 93' lang='lat'><strong>,</strong></span> <span class='ocrx_word' id='word_1_117' title='bbox 1758 1665 1961 1719; x_wconf 75' lang='lat' dir='ltr'><strong>insidia:</strong></span> <span class='ocrx_word' id='word_1_118' title='bbox 1984 1704 2001 1730; x_wconf 92' lang='lat'><strong>,</strong></span> <span class='ocrx_word' id='word_1_119' title='bbox 2025 1679 2185 1735; x_wconf 83' lang='lat' dir='ltr'><strong>syco-</strong></span> 
     </span>
    </p>
   </div>
   <div class='ocr_carea' id='block_1_16' title="bbox 622 1756 2183 1827">
    <p class='ocr_par' dir='ltr' id='par_1_16' title="bbox 622 1756 2183 1827">
     <span class='ocr_line' id='line_1_16' title="bbox 622 1756 2183 1827; baseline 0 -17"><span class='ocrx_word' id='word_1_120' title='bbox 622 1758 883 1825; x_wconf 76' lang='lat' dir='ltr'><strong>phantite,</strong></span> <span class='ocrx_word' id='word_1_121' title='bbox 927 1758 1246 1827; x_wconf 66' lang='lat' dir='ltr'><strong>quotidianae</strong></span> <span class='ocrx_word' id='word_1_122' title='bbox 1295 1766 1515 1811; x_wconf 86' lang='lat' dir='ltr'><strong>mortes.</strong></span> <span class='ocrx_word' id='word_1_123' title='bbox 1553 1756 1736 1811; x_wconf 81' lang='lat' dir='ltr'><strong>Vidisti</strong></span> <span class='ocrx_word' id='word_1_124' title='bbox 1787 1757 1926 1810; x_wconf 90' lang='lat' dir='ltr'><strong>illius</strong></span> <span class='ocrx_word' id='word_1_125' title='bbox 1972 1770 2183 1825; x_wconf 84' lang='lat' dir='ltr'><strong>parvam</strong></span> 
     </span>
    </p>
   </div>
   <div class='ocr_carea' id='block_1_17' title="bbox 624 1844 2186 1917">
    <p class='ocr_par' dir='ltr' id='par_1_17' title="bbox 624 1844 2186 1917">
     <span class='ocr_line' id='line_1_17' title="bbox 624 1844 2186 1917; baseline 0.003 -21"><span class='ocrx_word' id='word_1_126' title='bbox 624 1849 870 1917; x_wconf 78' lang='lat' dir='ltr'><strong>partem?</strong></span> <span class='ocrx_word' id='word_1_127' title='bbox 897 1848 984 1903; x_wconf 87' lang='lat' dir='ltr'><strong>Sic</strong></span> <span class='ocrx_word' id='word_1_128' title='bbox 1012 1849 1212 1917; x_wconf 78' lang='lat' dir='ltr'><strong>cogites</strong></span> <span class='ocrx_word' id='word_1_129' title='bbox 1240 1848 1441 1917; x_wconf 84' lang='lat' dir='ltr'><strong>reliqua</strong></span> <span class='ocrx_word' id='word_1_130' title='bbox 1470 1862 1528 1901; x_wconf 80' lang='lat' dir='ltr'><strong>se</strong></span> <span class='ocrx_word' id='word_1_131' title='bbox 1557 1847 1770 1901; x_wconf 85' lang='lat' dir='ltr'><strong>habere.</strong></span> <span class='ocrx_word' id='word_1_132' title='bbox 1797 1844 1946 1901; x_wconf 89' lang='lat' dir='ltr'><strong>Sicut</strong></span> <span class='ocrx_word' id='word_1_133' title='bbox 1974 1847 2027 1900; x_wconf 93' lang='lat' dir='ltr'><strong>in</strong></span> <span class='ocrx_word' id='word_1_134' title='bbox 2055 1848 2186 1900; x_wconf 53' lang='lat' dir='ltr'><strong>ca‘lo</strong></span> 
     </span>
    </p>
   </div>
   <div class='ocr_carea' id='block_1_18' title="bbox 624 1937 2179 2009">
    <p class='ocr_par' dir='ltr' id='par_1_18' title="bbox 624 1937 2179 2009">
     <span class='ocr_line' id='line_1_18' title="bbox 624 1937 2179 2009; baseline -0.002 -17"><span class='ocrx_word' id='word_1_135' title='bbox 624 1953 1010 2009; x_wconf 83' lang='lat' dir='ltr'><strong>quamcumque</strong></span> <span class='ocrx_word' id='word_1_136' title='bbox 1031 1938 1227 1993; x_wconf 90' lang='lat' dir='ltr'><strong>videris</strong></span> <span class='ocrx_word' id='word_1_137' title='bbox 1256 1946 1482 2007; x_wconf 87' lang='lat' dir='ltr'><strong>partem,</strong></span> <span class='ocrx_word' id='word_1_138' title='bbox 1514 1938 1643 1991; x_wconf 88' lang='lat' dir='ltr'><strong>tales</strong></span> <span class='ocrx_word' id='word_1_139' title='bbox 1668 1948 1791 1991; x_wconf 92' lang='lat' dir='ltr'><strong>sunt</strong></span> <span class='ocrx_word' id='word_1_140' title='bbox 1816 1937 1933 1990; x_wconf 78' lang='lat' dir='ltr'><strong>aliae</strong></span> <span class='ocrx_word' id='word_1_141' title='bbox 1962 1948 2138 2004; x_wconf 88' lang='lat' dir='ltr'><strong>partes</strong></span> <span class='ocrx_word' id='word_1_142' title='bbox 2163 1952 2179 2001; x_wconf 86' lang='lat'><strong>;</strong></span> 
     </span>
    </p>
   </div>
   <div class='ocr_carea' id='block_1_19' title="bbox 620 2026 2181 2096">
    <p class='ocr_par' dir='ltr' id='par_1_19' title="bbox 620 2026 2181 2096">
     <span class='ocr_line' id='line_1_19' title="bbox 620 2026 2181 2096; baseline -0.002 -13"><span class='ocrx_word' id='word_1_143' title='bbox 620 2032 664 2083; x_wconf 91' lang='lat' dir='ltr'><strong>si</strong></span> <span class='ocrx_word' id='word_1_144' title='bbox 710 2030 850 2083; x_wconf 86' lang='lat' dir='ltr'><strong>enim</strong></span> <span class='ocrx_word' id='word_1_145' title='bbox 890 2028 1005 2081; x_wconf 63' lang='lat' dir='ltr'><strong>caeli</strong></span> <span class='ocrx_word' id='word_1_146' title='bbox 1034 2041 1189 2081; x_wconf 82' lang='lat' dir='ltr'><strong>uuam</strong></span> <span class='ocrx_word' id='word_1_147' title='bbox 1240 2036 1438 2096; x_wconf 90' lang='lat' dir='ltr'><strong>partem</strong></span> <span class='ocrx_word' id='word_1_148' title='bbox 1490 2027 1687 2091; x_wconf 88' lang='lat' dir='ltr'><strong>videas,</strong></span> <span class='ocrx_word' id='word_1_149' title='bbox 1721 2040 2051 2096; x_wconf 89' lang='lat' dir='ltr'><strong>quocumque</strong></span> <span class='ocrx_word' id='word_1_150' title='bbox 2107 2026 2181 2080; x_wconf 89' lang='lat' dir='ltr'><strong>ie-</strong></span> 
     </span>
    </p>
   </div>
   <div class='ocr_carea' id='block_1_20' title="bbox 624 2116 2183 2183">
    <p class='ocr_par' dir='ltr' id='par_1_20' title="bbox 624 2116 2183 2183">
     <span class='ocr_line' id='line_1_20' title="bbox 624 2116 2183 2183; baseline -0.002 -11"><span class='ocrx_word' id='word_1_151' title='bbox 624 2119 716 2183; x_wconf 84' lang='lat' dir='ltr'><strong>ris,</strong></span> <span class='ocrx_word' id='word_1_152' title='bbox 759 2117 1080 2172; x_wconf 85' lang='lat' dir='ltr'><strong>tantumdem</strong></span> <span class='ocrx_word' id='word_1_153' title='bbox 1124 2116 1363 2171; x_wconf 85' lang='lat' dir='ltr'><strong>videbis:</strong></span> <span class='ocrx_word' id='word_1_154' title='bbox 1410 2116 1496 2171; x_wconf 87' lang='lat' dir='ltr'><strong>vel</strong></span> <span class='ocrx_word' id='word_1_155' title='bbox 1524 2117 1662 2171; x_wconf 82' lang='lat' dir='ltr'><strong>sicut</strong></span> <span class='ocrx_word' id='word_1_156' title='bbox 1690 2117 1817 2172; x_wconf 90' lang='lat' dir='ltr'><strong>solis</strong></span> <span class='ocrx_word' id='word_1_157' title='bbox 1844 2116 2022 2171; x_wconf 89' lang='lat' dir='ltr'><strong>radios</strong></span> <span class='ocrx_word' id='word_1_158' title='bbox 2048 2116 2091 2168; x_wconf 94' lang='lat' dir='ltr'><strong>si</strong></span> <span class='ocrx_word' id='word_1_159' title='bbox 2118 2131 2183 2169; x_wconf 80' lang='lat' dir='ltr'><strong>ex</strong></span> 
     </span>
    </p>
   </div>
   <div class='ocr_carea' id='block_1_21' title="bbox 618 2208 2182 2278">
    <p class='ocr_par' dir='ltr' id='par_1_21' title="bbox 618 2208 2182 2278">
     <span class='ocr_line' id='line_1_21' title="bbox 618 2208 2182 2278; baseline -0.001 -16"><span class='ocrx_word' id='word_1_160' title='bbox 618 2219 766 2277; x_wconf 86' lang='lat' dir='ltr'><strong>parte</strong></span> <span class='ocrx_word' id='word_1_161' title='bbox 792 2210 1009 2274; x_wconf 79' lang='lat' dir='ltr'><strong>videris,</strong></span> <span class='ocrx_word' id='word_1_162' title='bbox 1041 2210 1163 2263; x_wconf 89' lang='lat' dir='ltr'><strong>hinc</strong></span> <span class='ocrx_word' id='word_1_163' title='bbox 1186 2208 1405 2277; x_wconf 87' lang='lat' dir='ltr'><strong>conjieis</strong></span> <span class='ocrx_word' id='word_1_164' title='bbox 1432 2209 1605 2278; x_wconf 89' lang='lat' dir='ltr'><strong>qualis</strong></span> <span class='ocrx_word' id='word_1_165' title='bbox 1630 2209 1710 2262; x_wconf 90' lang='lat' dir='ltr'><strong>sol</strong></span> <span class='ocrx_word' id='word_1_166' title='bbox 1731 2210 1799 2261; x_wconf 91' lang='lat' dir='ltr'><strong>sit</strong></span> <span class='ocrx_word' id='word_1_167' title='bbox 1824 2226 1836 2261; x_wconf 88' lang='lat'><strong>:</strong></span> <span class='ocrx_word' id='word_1_168' title='bbox 1858 2208 1937 2261; x_wconf 87' lang='lat' dir='ltr'><strong>sic</strong></span> <span class='ocrx_word' id='word_1_169' title='bbox 1955 2208 2022 2262; x_wconf 87' lang='lat' dir='ltr'><strong>de</strong></span> <span class='ocrx_word' id='word_1_170' title='bbox 2045 2208 2182 2261; x_wconf 84' lang='lat' dir='ltr'><strong>Pau-</strong></span> 
     </span>
    </p>
   </div>
   <div class='ocr_carea' id='block_1_22' title="bbox 618 2301 2183 2370">
    <p class='ocr_par' dir='ltr' id='par_1_22' title="bbox 618 2301 2183 2370">
     <span class='ocr_line' id='line_1_22' title="bbox 618 2301 2183 2370; baseline -0.003 -13"><span class='ocrx_word' id='word_1_171' title='bbox 618 2303 671 2357; x_wconf 91' lang='lat' dir='ltr'><strong>lo</strong></span> <span class='ocrx_word' id='word_1_172' title='bbox 711 2301 1017 2358; x_wconf 88' lang='lat' dir='ltr'><strong>dicendum.</strong></span> <span class='ocrx_word' id='word_1_173' title='bbox 1067 2301 1195 2370; x_wconf 89' lang='lat' dir='ltr'><strong>Ejus</strong></span> <span class='ocrx_word' id='word_1_174' title='bbox 1240 2310 1356 2355; x_wconf 88' lang='lat' dir='ltr'><strong>acta</strong></span> <span class='ocrx_word' id='word_1_175' title='bbox 1388 2301 1581 2370; x_wconf 87' lang='lat' dir='ltr'><strong>partim</strong></span> <span class='ocrx_word' id='word_1_176' title='bbox 1619 2301 1795 2355; x_wconf 80' lang='lat' dir='ltr'><strong>vidiSti</strong></span> <span class='ocrx_word' id='word_1_177' title='bbox 1828 2318 1842 2355; x_wconf 90' lang='lat'><strong>:</strong></span> <span class='ocrx_word' id='word_1_178' title='bbox 1874 2302 2049 2355; x_wconf 83' lang='lat' dir='ltr'><strong>omnia</strong></span> <span class='ocrx_word' id='word_1_179' title='bbox 2082 2301 2183 2354; x_wconf 87' lang='lat' dir='ltr'><strong>alia</strong></span> 
     </span>
    </p>
   </div>
   <div class='ocr_carea' id='block_1_23' title="bbox 617 2390 2179 2460">
    <p class='ocr_par' dir='ltr' id='par_1_23' title="bbox 617 2390 2179 2460">
     <span class='ocr_line' id='line_1_23' title="bbox 617 2390 2179 2460; baseline -0.001 -15"><span class='ocrx_word' id='word_1_180' title='bbox 617 2391 809 2447; x_wconf 75' lang='lat' dir='ltr'><strong>similia</strong></span> <span class='ocrx_word' id='word_1_181' title='bbox 835 2400 995 2457; x_wconf 84' lang='lat' dir='ltr'><strong>sunt,</strong></span> <span class='ocrx_word' id='word_1_182' title='bbox 1023 2391 1269 2460; x_wconf 83' lang='lat' dir='ltr'><strong>periculis</strong></span> <span class='ocrx_word' id='word_1_183' title='bbox 1307 2391 1483 2459; x_wconf 87' lang='lat' dir='ltr'><strong>plena.</strong></span> <span class='ocrx_word' id='word_1_184' title='bbox 1521 2391 1610 2445; x_wconf 90' lang='lat' dir='ltr'><strong>Ille</strong></span> <span class='ocrx_word' id='word_1_185' title='bbox 1632 2390 1816 2445; x_wconf 67' lang='lat' dir='ltr'><strong>emtum</strong></span> <span class='ocrx_word' id='word_1_186' title='bbox 1856 2401 1970 2445; x_wconf 89' lang='lat' dir='ltr'><strong>erat</strong></span> <span class='ocrx_word' id='word_1_187' title='bbox 2014 2392 2179 2445; x_wconf 91' lang='lat' dir='ltr'><strong>solem</strong></span> 
     </span>
    </p>
   </div>
   <div class='ocr_carea' id='block_1_24' title="bbox 616 2480 2180 2551">
    <p class='ocr_par' dir='ltr' id='par_1_24' title="bbox 616 2480 2180 2551">
     <span class='ocr_line' id='line_1_24' title="bbox 616 2480 2180 2551; baseline 0.001 -15"><span class='ocrx_word' id='word_1_188' title='bbox 616 2482 832 2551; x_wconf 73' lang='lat' dir='ltr'><strong>justitize</strong></span> <span class='ocrx_word' id='word_1_189' title='bbox 858 2480 1079 2546; x_wconf 80' lang='lat' dir='ltr'><strong>habens,</strong></span> <span class='ocrx_word' id='word_1_190' title='bbox 1103 2495 1209 2535; x_wconf 91' lang='lat' dir='ltr'><strong>non</strong></span> <span class='ocrx_word' id='word_1_191' title='bbox 1234 2480 1505 2550; x_wconf 80' lang='lat' dir='ltr'><strong>vulgarem</strong></span> <span class='ocrx_word' id='word_1_192' title='bbox 1530 2481 1677 2535; x_wconf 91' lang='lat' dir='ltr'><strong>illum</strong></span> <span class='ocrx_word' id='word_1_193' title='bbox 1698 2497 1713 2546; x_wconf 89' lang='lat'><strong>;</strong></span> <span class='ocrx_word' id='word_1_194' title='bbox 1740 2492 1898 2548; x_wconf 89' lang='lat' dir='ltr'><strong>atque</strong></span> <span class='ocrx_word' id='word_1_195' title='bbox 1923 2484 2054 2537; x_wconf 90' lang='lat' dir='ltr'><strong>adeo</strong></span> <span class='ocrx_word' id='word_1_196' title='bbox 2074 2498 2180 2538; x_wconf 66' lang='lat' dir='ltr'><strong>cte-</strong></span> 
     </span>
    </p>
   </div>
   <div class='ocr_carea' id='block_1_25' title="bbox 615 2571 2183 2644">
    <p class='ocr_par' dir='ltr' id='par_1_25' title="bbox 615 2571 2183 2644">
     <span class='ocr_line' id='line_1_25' title="bbox 615 2571 2183 2644; baseline 0.001 -17"><span class='ocrx_word' id='word_1_197' title='bbox 615 2573 668 2627; x_wconf 94' lang='lat' dir='ltr'><strong>lo</strong></span> <span class='ocrx_word' id='word_1_198' title='bbox 694 2573 882 2627; x_wconf 86' lang='lat' dir='ltr'><strong>melior</strong></span> <span class='ocrx_word' id='word_1_199' title='bbox 909 2571 988 2625; x_wconf 84' lang='lat' dir='ltr'><strong>vir</strong></span> <span class='ocrx_word' id='word_1_200' title='bbox 1018 2571 1106 2627; x_wconf 86' lang='lat' dir='ltr'><strong>ille</strong></span> <span class='ocrx_word' id='word_1_201' title='bbox 1126 2580 1258 2627; x_wconf 89' lang='lat' dir='ltr'><strong>erat.</strong></span> <span class='ocrx_word' id='word_1_202' title='bbox 1288 2576 1368 2626; x_wconf 77' lang='lat' dir='ltr'><strong>An</strong></span> <span class='ocrx_word' id='word_1_203' title='bbox 1394 2571 1496 2627; x_wconf 90' lang='lat' dir='ltr'><strong>hoc</strong></span> <span class='ocrx_word' id='word_1_204' title='bbox 1519 2587 1703 2642; x_wconf 90' lang='lat' dir='ltr'><strong>parum</strong></span> <span class='ocrx_word' id='word_1_205' title='bbox 1720 2587 1841 2627; x_wconf 87' lang='lat' dir='ltr'><strong>esse</strong></span> <span class='ocrx_word' id='word_1_206' title='bbox 1863 2574 2047 2636; x_wconf 85' lang='lat' dir='ltr'><strong>putas?</strong></span> <span class='ocrx_word' id='word_1_207' title='bbox 2070 2576 2183 2644; x_wconf 86' lang='lat' dir='ltr'><strong>Ego</strong></span> 
     </span>
    </p>
   </div>
   <div class='ocr_carea' id='block_1_26' title="bbox 616 2662 2181 2732">
    <p class='ocr_par' dir='ltr' id='par_1_26' title="bbox 616 2662 2181 2732">
     <span class='ocr_line' id='line_1_26' title="bbox 616 2662 2181 2732; baseline 0.001 -15"><span class='ocrx_word' id='word_1_208' title='bbox 616 2663 825 2732; x_wconf 84' lang='lat' dir='ltr'><strong>quidem</strong></span> <span class='ocrx_word' id='word_1_209' title='bbox 856 2677 960 2716; x_wconf 92' lang='lat' dir='ltr'><strong>non</strong></span> <span class='ocrx_word' id='word_1_210' title='bbox 978 2662 1245 2716; x_wconf 76' lang='lat' dir='ltr'><strong>existimo.</strong></span> <span class='ocrx_word' id='word_1_211' title='bbox 1267 2662 1398 2716; x_wconf 90' lang='lat' dir='ltr'><strong>Cum</strong></span> <span class='ocrx_word' id='word_1_212' title='bbox 1418 2662 1728 2731; x_wconf 84' lang='lat' dir='ltr'><strong>Apostolum</strong></span> <span class='ocrx_word' id='word_1_213' title='bbox 1754 2664 1974 2729; x_wconf 81' lang='lat' dir='ltr'><strong>dixeris,</strong></span> <span class='ocrx_word' id='word_1_214' title='bbox 2003 2668 2181 2719; x_wconf 86' lang='lat' dir='ltr'><strong>statim</strong></span> 
     </span>
    </p>
   </div>
   <div class='ocr_carea' id='block_1_27' title="bbox 616 2755 2181 2824">
    <p class='ocr_par' dir='ltr' id='par_1_27' title="bbox 616 2755 2181 2824">
     <span class='ocr_line' id='line_1_27' title="bbox 616 2755 2181 2824; baseline 0.001 -14"><span class='ocrx_word' id='word_1_215' title='bbox 616 2756 761 2810; x_wconf 90' lang='lat' dir='ltr'><strong>illum</strong></span> <span class='ocrx_word' id='word_1_216' title='bbox 789 2769 975 2810; x_wconf 88' lang='lat' dir='ltr'><strong>omnes</strong></span> <span class='ocrx_word' id='word_1_217' title='bbox 995 2755 1331 2824; x_wconf 77' lang='lat' dir='ltr'><strong>eogitahunt;</strong></span> <span class='ocrx_word' id='word_1_218' title='bbox 1368 2764 1423 2808; x_wconf 93' lang='lat' dir='ltr'><strong>ut</strong></span> <span class='ocrx_word' id='word_1_219' title='bbox 1442 2770 1564 2817; x_wconf 87' lang='lat' dir='ltr'><strong>eum</strong></span> <span class='ocrx_word' id='word_1_220' title='bbox 1591 2755 1877 2824; x_wconf 88' lang='lat' dir='ltr'><strong>Baptistam</strong></span> <span class='ocrx_word' id='word_1_221' title='bbox 1896 2756 2049 2821; x_wconf 85' lang='lat' dir='ltr'><strong>dicis,</strong></span> <span class='ocrx_word' id='word_1_222' title='bbox 2074 2767 2181 2812; x_wconf 87' lang='lat' dir='ltr'><strong>sta-</strong></span> 
     </span>
    </p>
   </div>
   <div class='ocr_carea' id='block_1_28' title="bbox 618 2844 2181 2914">
    <p class='ocr_par' dir='ltr' id='par_1_28' title="bbox 618 2844 2181 2914">
     <span class='ocr_line' id='line_1_28' title="bbox 618 2844 2181 2914; baseline 0 -14"><span class='ocrx_word' id='word_1_223' title='bbox 618 2847 710 2901; x_wconf 87' lang='lat' dir='ltr'><strong>tim</strong></span> <span class='ocrx_word' id='word_1_224' title='bbox 738 2846 970 2901; x_wconf 82' lang='lat' dir='ltr'><strong>Joannes</strong></span> <span class='ocrx_word' id='word_1_225' title='bbox 994 2846 1269 2914; x_wconf 83' lang='lat' dir='ltr'><strong>cogitatur.</strong></span> <span class='ocrx_word' id='word_1_226' title='bbox 1303 2844 1400 2899; x_wconf 89' lang='lat' dir='ltr'><strong>Cui</strong></span> <span class='ocrx_word' id='word_1_227' title='bbox 1418 2846 1499 2899; x_wconf 88' lang='lat' dir='ltr'><strong>rei</strong></span> <span class='ocrx_word' id='word_1_228' title='bbox 1527 2845 1646 2914; x_wconf 89' lang='lat' dir='ltr'><strong>quis</strong></span> <span class='ocrx_word' id='word_1_229' title='bbox 1673 2846 1815 2899; x_wconf 90' lang='lat' dir='ltr'><strong>illius</strong></span> <span class='ocrx_word' id='word_1_230' title='bbox 1841 2846 2004 2900; x_wconf 90' lang='lat' dir='ltr'><strong>verba</strong></span> <span class='ocrx_word' id='word_1_231' title='bbox 2033 2861 2181 2901; x_wconf 86' lang='lat' dir='ltr'><strong>com-</strong></span> 
     </span>
    </p>
   </div>
   <div class='ocr_carea' id='block_1_29' title="bbox 616 2927 2178 3006">
    <p class='ocr_par' dir='ltr' id='par_1_29' title="bbox 616 2927 2178 3006">
     <span class='ocr_line' id='line_1_29' title="bbox 616 2927 2178 3006; baseline 0.002 -17"><span class='ocrx_word' id='word_1_232' title='bbox 616 2936 911 3005; x_wconf 78' lang='lat' dir='ltr'><strong>paraverit?</strong></span> <span class='ocrx_word' id='word_1_233' title='bbox 937 2936 1107 3003; x_wconf 90' lang='lat' dir='ltr'><strong>mari,</strong></span> <span class='ocrx_word' id='word_1_234' title='bbox 1138 2950 1205 2989; x_wconf 84' lang='lat' dir='ltr'><strong>an</strong></span> <span class='ocrx_word' id='word_1_235' title='bbox 1235 2935 1479 2991; x_wconf 85' lang='lat' dir='ltr'><strong>Oceano?</strong></span> <span class='ocrx_word' id='word_1_236' title='bbox 1507 2936 1611 2992; x_wconf 91' lang='lat' dir='ltr'><strong>Sed</strong></span> <span class='ocrx_word' id='word_1_237' title='bbox 1641 2927 1780 2991; x_wconf 85' lang='lat' dir='ltr'><strong>nihil</strong></span> <span class='ocrx_word' id='word_1_238' title='bbox 1824 2952 1916 3006; x_wconf 86' lang='lat' dir='ltr'><strong>par</strong></span> <span class='ocrx_word' id='word_1_239' title='bbox 1945 2937 2047 2992; x_wconf 86' lang='lat' dir='ltr'><strong>illis</strong></span> <span class='ocrx_word' id='word_1_240' title='bbox 2075 2948 2178 2994; x_wconf 88' lang='lat' dir='ltr'><strong>est.</strong></span> 
     </span>
    </p>
   </div>
   <div class='ocr_carea' id='block_1_30' title="bbox 617 3025 2179 3097">
    <p class='ocr_par' dir='ltr' id='par_1_30' title="bbox 617 3025 2179 3097">
     <span class='ocr_line' id='line_1_30' title="bbox 617 3025 2179 3097; baseline 0.002 -18"><span class='ocrx_word' id='word_1_241' title='bbox 617 3026 781 3095; x_wconf 85' lang='lat' dir='ltr'><strong>Hujus</strong></span> <span class='ocrx_word' id='word_1_242' title='bbox 803 3026 974 3079; x_wconf 72' lang='lat' dir='ltr'><strong>fluxus</strong></span> <span class='ocrx_word' id='word_1_243' title='bbox 996 3025 1150 3095; x_wconf 88' lang='lat' dir='ltr'><strong>longe</strong></span> <span class='ocrx_word' id='word_1_244' title='bbox 1172 3036 1296 3081; x_wconf 90' lang='lat' dir='ltr'><strong>sunt</strong></span> <span class='ocrx_word' id='word_1_245' title='bbox 1318 3026 1537 3081; x_wconf 85' lang='lat' dir='ltr'><strong>marinis</strong></span> <span class='ocrx_word' id='word_1_246' title='bbox 1566 3026 1971 3097; x_wconf 89' lang='lat' dir='ltr'><strong>frequentiores,</strong></span> <span class='ocrx_word' id='word_1_247' title='bbox 1997 3029 2179 3097; x_wconf 88' lang='lat' dir='ltr'><strong>purio-</strong></span> 
     </span>
    </p>
   </div>
   <div class='ocr_carea' id='block_1_31' title="bbox 614 3114 2179 3187">
    <p class='ocr_par' dir='ltr' id='par_1_31' title="bbox 614 3114 2179 3187">
     <span class='ocr_line' id='line_1_31' title="bbox 614 3114 2179 3187; baseline 0.003 -17"><span class='ocrx_word' id='word_1_248' title='bbox 614 3130 702 3170; x_wconf 87' lang='lat' dir='ltr'><strong>res</strong></span> <span class='ocrx_word' id='word_1_249' title='bbox 725 3156 739 3181; x_wconf 92' lang='lat'><strong>,</strong></span> <span class='ocrx_word' id='word_1_250' title='bbox 767 3114 1170 3184; x_wconf 85' lang='lat' dir='ltr'><strong>profundiores;</strong></span> <span class='ocrx_word' id='word_1_251' title='bbox 1215 3126 1274 3185; x_wconf 87' lang='lat' dir='ltr'><strong>ut</strong></span> <span class='ocrx_word' id='word_1_252' title='bbox 1301 3131 1405 3170; x_wconf 92' lang='lat' dir='ltr'><strong>non</strong></span> <span class='ocrx_word' id='word_1_253' title='bbox 1440 3117 1767 3171; x_wconf 83' lang='lat' dir='ltr'><strong>aberraverit</strong></span> <span class='ocrx_word' id='word_1_254' title='bbox 1794 3119 1882 3187; x_wconf 92' lang='lat' dir='ltr'><strong>qui</strong></span> <span class='ocrx_word' id='word_1_255' title='bbox 1907 3133 2001 3173; x_wconf 90' lang='lat' dir='ltr'><strong>cor</strong></span> <span class='ocrx_word' id='word_1_256' title='bbox 2031 3119 2179 3174; x_wconf 85' lang='lat' dir='ltr'><strong>Pauli</strong></span> 
     </span>
    </p>
   </div>
   <div class='ocr_carea' id='block_1_32' title="bbox 618 3208 2175 3280">
    <p class='ocr_par' dir='ltr' id='par_1_32' title="bbox 618 3208 2175 3280">
     <span class='ocr_line' id='line_1_32' title="bbox 618 3208 2175 3280; baseline 0.004 -20"><span class='ocrx_word' id='word_1_257' title='bbox 618 3221 761 3262; x_wconf 88' lang='lat' dir='ltr'><strong>mare</strong></span> <span class='ocrx_word' id='word_1_258' title='bbox 804 3217 858 3262; x_wconf 90' lang='lat' dir='ltr'><strong>et</strong></span> <span class='ocrx_word' id='word_1_259' title='bbox 890 3208 1078 3262; x_wconf 62' lang='lat' dir='ltr'><strong>caelum</strong></span> <span class='ocrx_word' id='word_1_260' title='bbox 1113 3222 1232 3263; x_wconf 87' lang='lat' dir='ltr'><strong>esse</strong></span> <span class='ocrx_word' id='word_1_261' title='bbox 1275 3209 1466 3263; x_wconf 84' lang='lat' dir='ltr'><strong>dixerit</strong></span> <span class='ocrx_word' id='word_1_262' title='bbox 1496 3228 1509 3263; x_wconf 89' lang='lat'><strong>:</strong></span> <span class='ocrx_word' id='word_1_263' title='bbox 1540 3212 1728 3264; x_wconf 68' lang='lat' dir='ltr'><strong>caelum</strong></span> <span class='ocrx_word' id='word_1_264' title='bbox 1763 3213 1833 3266; x_wconf 91' lang='lat' dir='ltr'><strong>ob</strong></span> <span class='ocrx_word' id='word_1_265' title='bbox 1859 3213 2139 3280; x_wconf 88' lang='lat' dir='ltr'><strong>puritatem</strong></span> <span class='ocrx_word' id='word_1_266' title='bbox 2161 3253 2175 3277; x_wconf 93' lang='lat'><strong>,</strong></span> 
     </span>
    </p>
   </div>
   <div class='ocr_carea' id='block_1_33' title="bbox 618 3297 2173 3373">
    <p class='ocr_par' dir='ltr' id='par_1_33' title="bbox 618 3297 2173 3373">
     <span class='ocr_line' id='line_1_33' title="bbox 618 3297 2173 3373; baseline 0.006 -25"><span class='ocrx_word' id='word_1_267' title='bbox 618 3311 763 3351; x_wconf 87' lang='lat' dir='ltr'><strong>mare</strong></span> <span class='ocrx_word' id='word_1_268' title='bbox 789 3299 856 3352; x_wconf 89' lang='lat' dir='ltr'><strong>ob</strong></span> <span class='ocrx_word' id='word_1_269' title='bbox 882 3297 1313 3366; x_wconf 74' lang='lat' dir='ltr'><strong>profunditatem.</strong></span> <span class='ocrx_word' id='word_1_270' title='bbox 1344 3298 1489 3355; x_wconf 81' lang='lat' dir='ltr'><strong>Mare</strong></span> <span class='ocrx_word' id='word_1_271' title='bbox 1509 3310 1610 3363; x_wconf 87' lang='lat' dir='ltr'><strong>est.</strong></span> <span class='ocrx_word' id='word_1_272' title='bbox 1637 3316 1741 3355; x_wconf 90' lang='lat' dir='ltr'><strong>non</strong></span> <span class='ocrx_word' id='word_1_273' title='bbox 1764 3302 1905 3371; x_wconf 91' lang='lat' dir='ltr'><strong>quod</strong></span> <span class='ocrx_word' id='word_1_274' title='bbox 1929 3303 2173 3373; x_wconf 87' lang='lat' dir='ltr'><strong>navigan-</strong></span> 
     </span>
    </p>
   </div>
   <div class='ocr_carea' id='block_1_34' title="bbox 618 3386 2177 3454">
    <p class='ocr_par' dir='ltr' id='par_1_34' title="bbox 618 3386 2177 3454">
     <span class='ocr_line' id='line_1_34' title="bbox 618 3386 2177 3454; baseline 0.005 -13"><span class='ocrx_word' id='word_1_275' title='bbox 618 3397 695 3441; x_wconf 87' lang='lat' dir='ltr'><strong>tes</strong></span> <span class='ocrx_word' id='word_1_276' title='bbox 719 3388 784 3441; x_wconf 90' lang='lat' dir='ltr'><strong>ab</strong></span> <span class='ocrx_word' id='word_1_277' title='bbox 812 3387 939 3441; x_wconf 83' lang='lat' dir='ltr'><strong>urbe</strong></span> <span class='ocrx_word' id='word_1_278' title='bbox 968 3387 1019 3440; x_wconf 89' lang='lat' dir='ltr'><strong>in</strong></span> <span class='ocrx_word' id='word_1_279' title='bbox 1050 3386 1231 3442; x_wconf 87' lang='lat' dir='ltr'><strong>urbem</strong></span> <span class='ocrx_word' id='word_1_280' title='bbox 1260 3387 1438 3454; x_wconf 88' lang='lat' dir='ltr'><strong>ducat,</strong></span> <span class='ocrx_word' id='word_1_281' title='bbox 1467 3389 1559 3443; x_wconf 89' lang='lat' dir='ltr'><strong>sed</strong></span> <span class='ocrx_word' id='word_1_282' title='bbox 1582 3405 1608 3442; x_wconf 91' lang='lat' dir='ltr'><strong>a</strong></span> <span class='ocrx_word' id='word_1_283' title='bbox 1642 3400 1779 3444; x_wconf 89' lang='lat' dir='ltr'><strong>terra</strong></span> <span class='ocrx_word' id='word_1_284' title='bbox 1804 3392 1857 3445; x_wconf 91' lang='lat' dir='ltr'><strong>in</strong></span> <span class='ocrx_word' id='word_1_285' title='bbox 1878 3393 2097 3449; x_wconf 67' lang='lat' dir='ltr'><strong>caelum:</strong></span> <span class='ocrx_word' id='word_1_286' title='bbox 2132 3396 2177 3449; x_wconf 89' lang='lat' dir='ltr'><strong>si</strong></span> 
     </span>
    </p>
   </div>
   <div class='ocr_carea' id='block_1_35' title="bbox 614 3476 2177 3554">
    <p class='ocr_par' dir='ltr' id='par_1_35' title="bbox 614 3476 2177 3554">
     <span class='ocr_line' id='line_1_35' title="bbox 614 3476 2177 3554; baseline 0.007 -25"><span class='ocrx_word' id='word_1_287' title='bbox 614 3477 731 3547; x_wconf 88' lang='lat' dir='ltr'><strong>quis</strong></span> <span class='ocrx_word' id='word_1_288' title='bbox 772 3476 871 3531; x_wconf 90' lang='lat' dir='ltr'><strong>hoc</strong></span> <span class='ocrx_word' id='word_1_289' title='bbox 916 3491 1063 3531; x_wconf 90' lang='lat' dir='ltr'><strong>mare</strong></span> <span class='ocrx_word' id='word_1_290' title='bbox 1097 3479 1342 3547; x_wconf 85' lang='lat' dir='ltr'><strong>naviget,</strong></span> <span class='ocrx_word' id='word_1_291' title='bbox 1374 3479 1603 3534; x_wconf 89' lang='lat' dir='ltr'><strong>secunda</strong></span> <span class='ocrx_word' id='word_1_292' title='bbox 1645 3495 1775 3535; x_wconf 87' lang='lat' dir='ltr'><strong>aura</strong></span> <span class='ocrx_word' id='word_1_293' title='bbox 1803 3484 2090 3554; x_wconf 87' lang='lat' dir='ltr'><strong>navigabit.</strong></span> <span class='ocrx_word' id='word_1_294' title='bbox 2118 3486 2177 3540; x_wconf 88' lang='lat' dir='ltr'><strong>In</strong></span> 
     </span>
    </p>
   </div>
   <div class='ocr_carea' id='block_1_36' title="bbox 618 3567 2176 3645">
    <p class='ocr_par' dir='ltr' id='par_1_36' title="bbox 618 3567 2176 3645">
     <span class='ocr_line' id='line_1_36' title="bbox 618 3567 2176 3645; baseline 0.008 -24"><span class='ocrx_word' id='word_1_295' title='bbox 618 3567 717 3623; x_wconf 92' lang='lat' dir='ltr'><strong>hoc</strong></span> <span class='ocrx_word' id='word_1_296' title='bbox 742 3569 873 3623; x_wconf 86' lang='lat' dir='ltr'><strong>mari</strong></span> <span class='ocrx_word' id='word_1_297' title='bbox 903 3584 1008 3624; x_wconf 88' lang='lat' dir='ltr'><strong>non</strong></span> <span class='ocrx_word' id='word_1_298' title='bbox 1035 3570 1179 3625; x_wconf 90' lang='lat' dir='ltr'><strong>venti</strong></span> <span class='ocrx_word' id='word_1_299' title='bbox 1205 3581 1346 3635; x_wconf 90' lang='lat' dir='ltr'><strong>sunt,</strong></span> <span class='ocrx_word' id='word_1_300' title='bbox 1375 3571 1467 3625; x_wconf 87' lang='lat' dir='ltr'><strong>sed</strong></span> <span class='ocrx_word' id='word_1_301' title='bbox 1509 3572 1623 3627; x_wconf 89' lang='lat' dir='ltr'><strong>vice</strong></span> <span class='ocrx_word' id='word_1_302' title='bbox 1668 3574 1807 3629; x_wconf 89' lang='lat' dir='ltr'><strong>venti</strong></span> <span class='ocrx_word' id='word_1_303' title='bbox 1836 3574 2066 3645; x_wconf 86' lang='lat' dir='ltr'><strong>Spiritus</strong></span> <span class='ocrx_word' id='word_1_304' title='bbox 2093 3578 2176 3633; x_wconf 92' lang='lat' dir='ltr'><strong>di-</strong></span> 
     </span>
    </p>
   </div>
   <div class='ocr_carea' id='block_1_37' title="bbox 620 3658 2178 3732">
    <p class='ocr_par' dir='ltr' id='par_1_37' title="bbox 620 3658 2178 3732">
     <span class='ocr_line' id='line_1_37' title="bbox 620 3658 2178 3732; baseline 0.008 -20"><span class='ocrx_word' id='word_1_305' title='bbox 620 3658 773 3713; x_wconf 82' lang='lat' dir='ltr'><strong>vinus</strong></span> <span class='ocrx_word' id='word_1_306' title='bbox 795 3670 849 3714; x_wconf 88' lang='lat' dir='ltr'><strong>et</strong></span> <span class='ocrx_word' id='word_1_307' title='bbox 892 3669 1108 3715; x_wconf 90' lang='lat' dir='ltr'><strong>sanctus</strong></span> <span class='ocrx_word' id='word_1_308' title='bbox 1136 3662 1441 3732; x_wconf 80' lang='lat' dir='ltr'><strong>navigantes</strong></span> <span class='ocrx_word' id='word_1_309' title='bbox 1469 3664 1674 3718; x_wconf 89' lang='lat' dir='ltr'><strong>animas</strong></span> <span class='ocrx_word' id='word_1_310' title='bbox 1698 3665 1840 3721; x_wconf 86' lang='lat' dir='ltr'><strong>vehit</strong></span> <span class='ocrx_word' id='word_1_311' title='bbox 1870 3683 1887 3719; x_wconf 87' lang='lat'><strong>:</strong></span> <span class='ocrx_word' id='word_1_312' title='bbox 1922 3684 2027 3722; x_wconf 91' lang='lat' dir='ltr'><strong>non</strong></span> <span class='ocrx_word' id='word_1_313' title='bbox 2054 3679 2178 3725; x_wconf 89' lang='lat' dir='ltr'><strong>sunt</strong></span> 
     </span>
    </p>
   </div>
   <div class='ocr_carea' id='block_1_38' title="bbox 620 3750 2175 3823">
    <p class='ocr_par' dir='ltr' id='par_1_38' title="bbox 620 3750 2175 3823">
     <span class='ocr_line' id='line_1_38' title="bbox 620 3750 2175 3823; baseline 0.007 -19"><span class='ocrx_word' id='word_1_314' title='bbox 620 3750 707 3805; x_wconf 91' lang='lat' dir='ltr'><strong>hic</strong></span> <span class='ocrx_word' id='word_1_315' title='bbox 749 3750 957 3815; x_wconf 81' lang='lat' dir='ltr'><strong>fluctus,</strong></span> <span class='ocrx_word' id='word_1_316' title='bbox 1006 3767 1108 3805; x_wconf 91' lang='lat' dir='ltr'><strong>non</strong></span> <span class='ocrx_word' id='word_1_317' title='bbox 1149 3763 1231 3808; x_wconf 86' lang='lat' dir='ltr'><strong>est</strong></span> <span class='ocrx_word' id='word_1_318' title='bbox 1270 3755 1548 3823; x_wconf 88' lang='lat' dir='ltr'><strong>scopulus,</strong></span> <span class='ocrx_word' id='word_1_319' title='bbox 1589 3772 1694 3811; x_wconf 89' lang='lat' dir='ltr'><strong>non</strong></span> <span class='ocrx_word' id='word_1_320' title='bbox 1731 3758 1959 3815; x_wconf 70' lang='lat' dir='ltr'><strong>bellum:</strong></span> <span class='ocrx_word' id='word_1_321' title='bbox 2000 3763 2175 3816; x_wconf 83' lang='lat' dir='ltr'><strong>omnia</strong></span> 
     </span>
    </p>
   </div>
   <div class='ocr_carea' id='block_1_39' title="bbox 616 3842 2174 3921">
    <p class='ocr_par' dir='ltr' id='par_1_39' title="bbox 616 3842 2174 3921">
     <span class='ocr_line' id='line_1_39' title="bbox 616 3842 2174 3921; baseline 0.008 -26"><span class='ocrx_word' id='word_1_322' title='bbox 616 3844 895 3911; x_wconf 83' lang='lat' dir='ltr'><strong>tranquilla</strong></span> <span class='ocrx_word' id='word_1_323' title='bbox 922 3852 1064 3898; x_wconf 90' lang='lat' dir='ltr'><strong>sunt.</strong></span> <span class='ocrx_word' id='word_1_324' title='bbox 1094 3842 1235 3898; x_wconf 80' lang='lat' dir='ltr'><strong>Mare</strong></span> <span class='ocrx_word' id='word_1_325' title='bbox 1264 3854 1346 3899; x_wconf 90' lang='lat' dir='ltr'><strong>est</strong></span> <span class='ocrx_word' id='word_1_326' title='bbox 1378 3854 1529 3913; x_wconf 90' lang='lat' dir='ltr'><strong>portu</strong></span> <span class='ocrx_word' id='word_1_327' title='bbox 1552 3849 1888 3918; x_wconf 90' lang='lat' dir='ltr'><strong>tranquillius</strong></span> <span class='ocrx_word' id='word_1_328' title='bbox 1911 3862 1964 3905; x_wconf 91' lang='lat' dir='ltr'><strong>et</strong></span> <span class='ocrx_word' id='word_1_329' title='bbox 1990 3853 2174 3921; x_wconf 89' lang='lat' dir='ltr'><strong>tutius,</strong></span> 
     </span>
    </p>
   </div>
   <div class='ocr_carea' id='block_1_40' title="bbox 618 3932 2175 4008">
    <p class='ocr_par' dir='ltr' id='par_1_40' title="bbox 618 3932 2175 4008">
     <span class='ocr_line' id='line_1_40' title="bbox 618 3932 2175 4008; baseline 0.009 -22"><span class='ocrx_word' id='word_1_330' title='bbox 618 3932 749 3987; x_wconf 83' lang='lat' dir='ltr'><strong>nihil</strong></span> <span class='ocrx_word' id='word_1_331' title='bbox 775 3934 972 3989; x_wconf 89' lang='lat' dir='ltr'><strong>salsum</strong></span> <span class='ocrx_word' id='word_1_332' title='bbox 1004 3933 1227 4003; x_wconf 84' lang='lat' dir='ltr'><strong>habens,</strong></span> <span class='ocrx_word' id='word_1_333' title='bbox 1256 3936 1347 3991; x_wconf 88' lang='lat' dir='ltr'><strong>sed</strong></span> <span class='ocrx_word' id='word_1_334' title='bbox 1373 3936 1570 3991; x_wconf 87' lang='lat' dir='ltr'><strong>fontem</strong></span> <span class='ocrx_word' id='word_1_335' title='bbox 1597 3953 1807 4008; x_wconf 90' lang='lat' dir='ltr'><strong>purum,</strong></span> <span class='ocrx_word' id='word_1_336' title='bbox 1840 3941 2175 4001; x_wconf 84' lang='lat' dir='ltr'><strong>dulcissimos</strong></span> 
     </span>
    </p>
   </div>
   <div class='ocr_carea' id='block_1_41' title="bbox 616 4024 2170 4104">
    <p class='ocr_par' dir='ltr' id='par_1_41' title="bbox 616 4024 2170 4104">
     <span class='ocr_line' id='line_1_41' title="bbox 616 4024 2170 4104; baseline 0.01 -27"><span class='ocrx_word' id='word_1_337' title='bbox 616 4024 797 4081; x_wconf 78' lang='lat' dir='ltr'><strong>latices</strong></span> <span class='ocrx_word' id='word_1_338' title='bbox 846 4026 1197 4093; x_wconf 84' lang='lat' dir='ltr'><strong>emittentem,</strong></span> <span class='ocrx_word' id='word_1_339' title='bbox 1245 4026 1356 4083; x_wconf 85' lang='lat' dir='ltr'><strong>sole</strong></span> <span class='ocrx_word' id='word_1_340' title='bbox 1382 4027 1710 4098; x_wconf 86' lang='lat' dir='ltr'><strong>splendidius</strong></span> <span class='ocrx_word' id='word_1_341' title='bbox 1738 4042 1792 4089; x_wconf 84' lang='lat' dir='ltr'><strong>et</strong></span> <span class='ocrx_word' id='word_1_342' title='bbox 1821 4033 2170 4104; x_wconf 70' lang='lat' dir='ltr'><strong>pellucidiuS‘</strong></span> 
     </span>
    </p>
   </div>
   <div class='ocr_carea' id='block_1_42' title="bbox 1326 373 3163 449">
    <p class='ocr_par' dir='ltr' id='par_1_42' title="bbox 1326 373 3163 449">
     <span class='ocr_line' id='line_1_42' title="bbox 1326 373 3163 449; baseline -0.004 -10"><span class='ocrx_word' id='word_1_343' title='bbox 1326 381 1385 439; x_wconf 83' lang='lat' dir='ltr'><strong>S.</strong></span> <span class='ocrx_word' id='word_1_344' title='bbox 1422 378 1711 449; x_wconf 41' lang='lat' dir='ltr'><strong>JOANNIS’</strong></span> <span class='ocrx_word' id='word_1_345' title='bbox 1739 373 2231 436; x_wconf 64' lang='lat' dir='ltr'><strong>CHRYSOSTOMI</strong></span> <span class='ocrx_word' id='word_1_346' title='bbox 2265 380 2582 433; x_wconf 73' lang='lat' dir='ltr'><strong>ARLlllEl’.</strong></span> <span class='ocrx_word' id='word_1_347' title='bbox 2620 375 3163 435; x_wconf 66' lang='lat' dir='ltr'><strong>CONS&#39;IANTINOP.</strong></span> 
     </span>
    </p>
   </div>
   <div class='ocr_carea' id='block_1_43' title="bbox 3743 378 3851 435">
    <p class='ocr_par' dir='ltr' id='par_1_43' title="bbox 3743 378 3851 435">
     <span class='ocr_line' id='line_1_43' title="bbox 3743 378 3851 435; baseline 0.019 -2"><span class='ocrx_word' id='word_1_348' title='bbox 3743 378 3851 435; x_wconf 61' lang='lat'><strong>‘58!</strong></span> 
     </span>
    </p>
   </div>
   <div class='ocr_carea' id='block_1_44' title="bbox 2292 482 3870 556">
    <p class='ocr_par' dir='ltr' id='par_1_44' title="bbox 2292 482 3870 556">
     <span class='ocr_line' id='line_1_44' title="bbox 2292 482 3870 556; baseline -0.001 -16"><span class='ocrx_word' id='word_1_349' title='bbox 2292 502 2437 543; x_wconf 88' lang='lat' dir='ltr'><strong>mare</strong></span> <span class='ocrx_word' id='word_1_350' title='bbox 2463 494 2575 547; x_wconf 87' lang='lat' dir='ltr'><strong>est,</strong></span> <span class='ocrx_word' id='word_1_351' title='bbox 2613 500 2717 539; x_wconf 92' lang='lat' dir='ltr'><strong>non</strong></span> <span class='ocrx_word' id='word_1_352' title='bbox 2746 485 2947 553; x_wconf 84' lang='lat' dir='ltr'><strong>lapides</strong></span> <span class='ocrx_word' id='word_1_353' title='bbox 2977 485 3177 539; x_wconf 86' lang='lat' dir='ltr'><strong>habens</strong></span> <span class='ocrx_word' id='word_1_354' title='bbox 3206 482 3497 552; x_wconf 85' lang='lat' dir='ltr'><strong>pretiosos,</strong></span> <span class='ocrx_word' id='word_1_355' title='bbox 3528 499 3631 541; x_wconf 84' lang='lat' dir='ltr'><strong>nec</strong></span> <span class='ocrx_word' id='word_1_356' title='bbox 3658 501 3870 556; x_wconf 81' lang='lat' dir='ltr'><strong>purpu-</strong></span> 
     </span>
    </p>
   </div>
   <div class='ocr_carea' id='block_1_45' title="bbox 2290 572 3869 645">
    <p class='ocr_par' dir='ltr' id='par_1_45' title="bbox 2290 572 3869 645">
     <span class='ocr_line' id='line_1_45' title="bbox 2290 572 3869 645; baseline 0.006 -23"><span class='ocrx_word' id='word_1_357' title='bbox 2290 583 2401 622; x_wconf 88' lang='lat' dir='ltr'><strong>ram</strong></span> <span class='ocrx_word' id='word_1_358' title='bbox 2432 611 2446 633; x_wconf 89' lang='lat'><strong>,</strong></span> <span class='ocrx_word' id='word_1_359' title='bbox 2475 572 2566 625; x_wconf 82' lang='lat' dir='ltr'><strong>sed</strong></span> <span class='ocrx_word' id='word_1_360' title='bbox 2598 572 2755 642; x_wconf 82' lang='lat' dir='ltr'><strong>longe</strong></span> <span class='ocrx_word' id='word_1_361' title='bbox 2784 573 2866 627; x_wconf 90' lang='lat' dir='ltr'><strong>his</strong></span> <span class='ocrx_word' id='word_1_362' title='bbox 2891 574 3133 629; x_wconf 84' lang='lat' dir='ltr'><strong>meliora.</strong></span> <span class='ocrx_word' id='word_1_363' title='bbox 3166 573 3263 641; x_wconf 87' lang='lat' dir='ltr'><strong>Qui</strong></span> <span class='ocrx_word' id='word_1_364' title='bbox 3289 573 3403 628; x_wconf 91' lang='lat' dir='ltr'><strong>vult</strong></span> <span class='ocrx_word' id='word_1_365' title='bbox 3428 574 3480 629; x_wconf 85' lang='lat' dir='ltr'><strong>in</strong></span> <span class='ocrx_word' id='word_1_366' title='bbox 3504 573 3609 629; x_wconf 89' lang='lat' dir='ltr'><strong>hoc</strong></span> <span class='ocrx_word' id='word_1_367' title='bbox 3640 576 3869 645; x_wconf 76' lang='lat' dir='ltr'><strong>pelagus</strong></span> 
     </span>
    </p>
   </div>
   <div class='ocr_carea' id='block_1_46' title="bbox 2287 658 3868 733">
    <p class='ocr_par' dir='ltr' id='par_1_46' title="bbox 2287 658 3868 733">
     <span class='ocr_line' id='line_1_46' title="bbox 2287 658 3868 733; baseline 0.004 -20"><span class='ocrx_word' id='word_1_368' title='bbox 2287 658 2629 725; x_wconf 78' lang='lat' dir='ltr'><strong>descendere,</strong></span> <span class='ocrx_word' id='word_1_369' title='bbox 2677 678 2780 716; x_wconf 91' lang='lat' dir='ltr'><strong>non</strong></span> <span class='ocrx_word' id='word_1_370' title='bbox 2804 678 2936 731; x_wconf 84' lang='lat' dir='ltr'><strong>Opus</strong></span> <span class='ocrx_word' id='word_1_371' title='bbox 2975 664 3133 719; x_wconf 82' lang='lat' dir='ltr'><strong>habet</strong></span> <span class='ocrx_word' id='word_1_372' title='bbox 3169 664 3523 719; x_wconf 87' lang='lat' dir='ltr'><strong>urinatoribus</strong></span> <span class='ocrx_word' id='word_1_373' title='bbox 3569 666 3654 719; x_wconf 90' lang='lat' dir='ltr'><strong>vel</strong></span> <span class='ocrx_word' id='word_1_374' title='bbox 3701 667 3868 733; x_wconf 86' lang='lat' dir='ltr'><strong>oleo,</strong></span> 
     </span>
    </p>
   </div>
   <div class='ocr_carea' id='block_1_47' title="bbox 2287 752 3865 825">
    <p class='ocr_par' dir='ltr' id='par_1_47' title="bbox 2287 752 3865 825">
     <span class='ocr_line' id='line_1_47' title="bbox 2287 752 3865 825; baseline 0.003 -19"><span class='ocrx_word' id='word_1_375' title='bbox 2287 752 2377 806; x_wconf 87' lang='lat' dir='ltr'><strong>sed</strong></span> <span class='ocrx_word' id='word_1_376' title='bbox 2401 752 2732 823; x_wconf 89' lang='lat' dir='ltr'><strong>philosophia</strong></span> <span class='ocrx_word' id='word_1_377' title='bbox 2763 756 2925 811; x_wconf 89' lang='lat' dir='ltr'><strong>multa</strong></span> <span class='ocrx_word' id='word_1_378' title='bbox 2958 774 2971 808; x_wconf 87' lang='lat'><strong>:</strong></span> <span class='ocrx_word' id='word_1_379' title='bbox 3004 757 3237 811; x_wconf 87' lang='lat' dir='ltr'><strong>inveniet</strong></span> <span class='ocrx_word' id='word_1_380' title='bbox 3264 757 3313 809; x_wconf 92' lang='lat' dir='ltr'><strong>in</strong></span> <span class='ocrx_word' id='word_1_381' title='bbox 3339 757 3453 825; x_wconf 91' lang='lat' dir='ltr'><strong>ipso</strong></span> <span class='ocrx_word' id='word_1_382' title='bbox 3479 758 3660 811; x_wconf 88' lang='lat' dir='ltr'><strong>omnia</strong></span> <span class='ocrx_word' id='word_1_383' title='bbox 3694 757 3865 819; x_wconf 81' lang='lat' dir='ltr'><strong>bona.</strong></span> 
     </span>
    </p>
   </div>
   <div class='ocr_carea' id='block_1_48' title="bbox 2284 843 3867 917">
    <p class='ocr_par' dir='ltr' id='par_1_48' title="bbox 2284 843 3867 917">
     <span class='ocr_line' id='line_1_48' title="bbox 2284 843 3867 917; baseline 0.004 -23"><span class='ocrx_word' id='word_1_384' title='bbox 2284 857 2401 911; x_wconf 74' lang='lat' dir='ltr'><strong>qua:</strong></span> <span class='ocrx_word' id='word_1_385' title='bbox 2421 852 2543 896; x_wconf 89' lang='lat' dir='ltr'><strong>sunt</strong></span> <span class='ocrx_word' id='word_1_386' title='bbox 2572 843 2621 896; x_wconf 93' lang='lat' dir='ltr'><strong>in</strong></span> <span class='ocrx_word' id='word_1_387' title='bbox 2652 860 2816 914; x_wconf 86' lang='lat' dir='ltr'><strong>regno</strong></span> <span class='ocrx_word' id='word_1_388' title='bbox 2842 846 3117 901; x_wconf 62' lang='lat' dir='ltr'><strong>caelorum.</strong></span> <span class='ocrx_word' id='word_1_389' title='bbox 3145 847 3243 913; x_wconf 85' lang='lat' dir='ltr'><strong>Qui</strong></span> <span class='ocrx_word' id='word_1_390' title='bbox 3269 847 3384 901; x_wconf 86' lang='lat' dir='ltr'><strong>talis</strong></span> <span class='ocrx_word' id='word_1_391' title='bbox 3412 859 3515 913; x_wconf 88' lang='lat' dir='ltr'><strong>est,</strong></span> <span class='ocrx_word' id='word_1_392' title='bbox 3540 849 3740 917; x_wconf 84' lang='lat' dir='ltr'><strong>poterit</strong></span> <span class='ocrx_word' id='word_1_393' title='bbox 3769 862 3867 901; x_wconf 75' lang='lat' dir='ltr'><strong>rex</strong></span> 
     </span>
    </p>
   </div>
   <div class='ocr_carea' id='block_1_49' title="bbox 2284 938 3867 1011">
    <p class='ocr_par' dir='ltr' id='par_1_49' title="bbox 2284 938 3867 1011">
     <span class='ocr_line' id='line_1_49' title="bbox 2284 938 3867 1011; baseline 0.003 -21"><span class='ocrx_word' id='word_1_394' title='bbox 2284 950 2404 990; x_wconf 89' lang='lat' dir='ltr'><strong>esse</strong></span> <span class='ocrx_word' id='word_1_395' title='bbox 2423 977 2437 997; x_wconf 86' lang='lat'><em>.</em></span> <span class='ocrx_word' id='word_1_396' title='bbox 2459 947 2513 992; x_wconf 89' lang='lat' dir='ltr'><strong>et</strong></span> <span class='ocrx_word' id='word_1_397' title='bbox 2543 947 2708 991; x_wconf 89' lang='lat' dir='ltr'><strong>totum</strong></span> <span class='ocrx_word' id='word_1_398' title='bbox 2735 938 2993 992; x_wconf 88' lang='lat' dir='ltr'><strong>mundum</strong></span> <span class='ocrx_word' id='word_1_399' title='bbox 3012 940 3287 1007; x_wconf 84' lang='lat' dir='ltr'><strong>accipere,</strong></span> <span class='ocrx_word' id='word_1_400' title='bbox 3317 955 3542 1011; x_wconf 56' lang='lat' dir='ltr'><strong>essttque</strong></span> <span class='ocrx_word' id='word_1_401' title='bbox 3572 941 3623 994; x_wconf 90' lang='lat' dir='ltr'><strong>in</strong></span> <span class='ocrx_word' id='word_1_402' title='bbox 3655 940 3867 994; x_wconf 81' lang='lat' dir='ltr'><strong>honore</strong></span> 
     </span>
    </p>
   </div>
   <div class='ocr_carea' id='block_1_50' title="bbox 2285 1026 3862 1099">
    <p class='ocr_par' dir='ltr' id='par_1_50' title="bbox 2285 1026 3862 1099">
     <span class='ocr_line' id='line_1_50' title="bbox 2285 1026 3862 1099; baseline 0.004 -21"><span class='ocrx_word' id='word_1_403' title='bbox 2285 1026 2515 1079; x_wconf 76' lang='lat' dir='ltr'><strong>maximo</strong></span> <span class='ocrx_word' id='word_1_404' title='bbox 2559 1026 2674 1098; x_wconf 90' lang='lat' dir='ltr'><strong>(a):</strong></span> <span class='ocrx_word' id='word_1_405' title='bbox 2722 1029 2811 1097; x_wconf 89' lang='lat' dir='ltr'><strong>qtti</strong></span> <span class='ocrx_word' id='word_1_406' title='bbox 2859 1029 2909 1083; x_wconf 91' lang='lat' dir='ltr'><strong>in</strong></span> <span class='ocrx_word' id='word_1_407' title='bbox 2955 1029 3057 1084; x_wconf 84' lang='lat' dir='ltr'><strong>hoc</strong></span> <span class='ocrx_word' id='word_1_408' title='bbox 3098 1030 3230 1083; x_wconf 88' lang='lat' dir='ltr'><strong>mari</strong></span> <span class='ocrx_word' id='word_1_409' title='bbox 3278 1032 3521 1099; x_wconf 81' lang='lat' dir='ltr'><strong>navigat,</strong></span> <span class='ocrx_word' id='word_1_410' title='bbox 3566 1046 3862 1099; x_wconf 76' lang='lat' dir='ltr'><strong>numquam</strong></span> 
     </span>
    </p>
   </div>
   <div class='ocr_carea' id='block_1_51' title="bbox 2284 1117 3862 1188">
    <p class='ocr_par' dir='ltr' id='par_1_51' title="bbox 2284 1117 3862 1188">
     <span class='ocr_line' id='line_1_51' title="bbox 2284 1117 3862 1188; baseline 0.004 -18"><span class='ocrx_word' id='word_1_411' title='bbox 2284 1117 2609 1188; x_wconf 78' lang='lat' dir='ltr'><strong>naufragium</strong></span> <span class='ocrx_word' id='word_1_412' title='bbox 2659 1120 2850 1185; x_wconf 88' lang='lat' dir='ltr'><strong>faciet,</strong></span> <span class='ocrx_word' id='word_1_413' title='bbox 2882 1119 2976 1174; x_wconf 89' lang='lat' dir='ltr'><strong>sed</strong></span> <span class='ocrx_word' id='word_1_414' title='bbox 3005 1119 3181 1174; x_wconf 90' lang='lat' dir='ltr'><strong>omnia</strong></span> <span class='ocrx_word' id='word_1_415' title='bbox 3210 1120 3343 1175; x_wconf 88' lang='lat' dir='ltr'><strong>bene</strong></span> <span class='ocrx_word' id='word_1_416' title='bbox 3362 1122 3518 1175; x_wconf 90' lang='lat' dir='ltr'><strong>sciet.</strong></span> <span class='ocrx_word' id='word_1_417' title='bbox 3554 1122 3755 1176; x_wconf 69' lang='lat' dir='ltr'><strong>Verum</strong></span> <span class='ocrx_word' id='word_1_418' title='bbox 3785 1125 3862 1177; x_wconf 87' lang='lat' dir='ltr'><strong>si-</strong></span> 
     </span>
    </p>
   </div>
   <div class='ocr_carea' id='block_1_52' title="bbox 2283 1208 3862 1281">
    <p class='ocr_par' dir='ltr' id='par_1_52' title="bbox 2283 1208 3862 1281">
     <span class='ocr_line' id='line_1_52' title="bbox 2283 1208 3862 1281; baseline 0.003 -18"><span class='ocrx_word' id='word_1_419' title='bbox 2283 1220 2367 1263; x_wconf 89' lang='lat' dir='ltr'><strong>cut</strong></span> <span class='ocrx_word' id='word_1_420' title='bbox 2395 1210 2449 1273; x_wconf 92' lang='lat' dir='ltr'><strong>ii,</strong></span> <span class='ocrx_word' id='word_1_421' title='bbox 2480 1210 2569 1279; x_wconf 89' lang='lat' dir='ltr'><strong>qui</strong></span> <span class='ocrx_word' id='word_1_422' title='bbox 2600 1211 2650 1262; x_wconf 90' lang='lat' dir='ltr'><strong>in</strong></span> <span class='ocrx_word' id='word_1_423' title='bbox 2681 1209 2779 1264; x_wconf 91' lang='lat' dir='ltr'><strong>hoc</strong></span> <span class='ocrx_word' id='word_1_424' title='bbox 2811 1210 2942 1264; x_wconf 91' lang='lat' dir='ltr'><strong>mari</strong></span> <span class='ocrx_word' id='word_1_425' title='bbox 2973 1212 3240 1279; x_wconf 86' lang='lat' dir='ltr'><strong>navigant.</strong></span> <span class='ocrx_word' id='word_1_426' title='bbox 3265 1210 3309 1263; x_wconf 90' lang='lat' dir='ltr'><strong>si</strong></span> <span class='ocrx_word' id='word_1_427' title='bbox 3343 1208 3572 1281; x_wconf 85' lang='lat' dir='ltr'><strong>imperiti</strong></span> <span class='ocrx_word' id='word_1_428' title='bbox 3594 1211 3725 1276; x_wconf 85' lang='lat' dir='ltr'><strong>sint,</strong></span> <span class='ocrx_word' id='word_1_429' title='bbox 3750 1213 3862 1267; x_wconf 83' lang='lat' dir='ltr'><strong>suf-</strong></span> 
     </span>
    </p>
   </div>
   <div class='ocr_carea' id='block_1_53' title="bbox 2284 1300 3858 1371">
    <p class='ocr_par' dir='ltr' id='par_1_53' title="bbox 2284 1300 3858 1371">
     <span class='ocr_line' id='line_1_53' title="bbox 2284 1300 3858 1371; baseline 0.003 -16"><span class='ocrx_word' id='word_1_430' title='bbox 2284 1300 2523 1355; x_wconf 82' lang='lat' dir='ltr'><strong>focantur</strong></span> <span class='ocrx_word' id='word_1_431' title='bbox 2548 1320 2561 1355; x_wconf 93' lang='lat'><strong>:</strong></span> <span class='ocrx_word' id='word_1_432' title='bbox 2610 1303 2687 1357; x_wconf 93' lang='lat' dir='ltr'><strong>sic</strong></span> <span class='ocrx_word' id='word_1_433' title='bbox 2717 1310 2771 1356; x_wconf 92' lang='lat' dir='ltr'><strong>et</strong></span> <span class='ocrx_word' id='word_1_434' title='bbox 2796 1302 2848 1355; x_wconf 90' lang='lat' dir='ltr'><strong>in</strong></span> <span class='ocrx_word' id='word_1_435' title='bbox 2872 1302 2961 1355; x_wconf 89' lang='lat' dir='ltr'><strong>illo</strong></span> <span class='ocrx_word' id='word_1_436' title='bbox 2991 1302 3123 1356; x_wconf 92' lang='lat' dir='ltr'><strong>mari</strong></span> <span class='ocrx_word' id='word_1_437' title='bbox 3156 1318 3170 1355; x_wconf 93' lang='lat'><strong>:</strong></span> <span class='ocrx_word' id='word_1_438' title='bbox 3213 1300 3265 1356; x_wconf 93' lang='lat' dir='ltr'><strong>id</strong></span> <span class='ocrx_word' id='word_1_439' title='bbox 3287 1301 3427 1371; x_wconf 91' lang='lat' dir='ltr'><strong>quod</strong></span> <span class='ocrx_word' id='word_1_440' title='bbox 3454 1302 3649 1357; x_wconf 88' lang='lat' dir='ltr'><strong>accidit</strong></span> <span class='ocrx_word' id='word_1_441' title='bbox 3681 1304 3858 1358; x_wconf 71' lang='lat' dir='ltr'><strong>haere-</strong></span> 
     </span>
    </p>
   </div>
   <div class='ocr_carea' id='block_1_54' title="bbox 2284 1391 3858 1464">
    <p class='ocr_par' dir='ltr' id='par_1_54' title="bbox 2284 1391 3858 1464">
     <span class='ocr_line' id='line_1_54' title="bbox 2284 1391 3858 1464; baseline 0.004 -18"><span class='ocrx_word' id='word_1_442' title='bbox 2284 1393 2401 1446; x_wconf 87' lang='lat' dir='ltr'><strong>ticis</strong></span> <span class='ocrx_word' id='word_1_443' title='bbox 2423 1434 2437 1458; x_wconf 96' lang='lat'><strong>,</strong></span> <span class='ocrx_word' id='word_1_444' title='bbox 2471 1393 2558 1462; x_wconf 89' lang='lat' dir='ltr'><strong>qui</strong></span> <span class='ocrx_word' id='word_1_445' title='bbox 2592 1393 2705 1461; x_wconf 92' lang='lat' dir='ltr'><strong>plus</strong></span> <span class='ocrx_word' id='word_1_446' title='bbox 2725 1407 2882 1463; x_wconf 88' lang='lat' dir='ltr'><strong>quam</strong></span> <span class='ocrx_word' id='word_1_447' title='bbox 2912 1391 3082 1447; x_wconf 83' lang='lat' dir='ltr'><strong>ferant</strong></span> <span class='ocrx_word' id='word_1_448' title='bbox 3104 1393 3246 1447; x_wconf 88' lang='lat' dir='ltr'><strong>vires</strong></span> <span class='ocrx_word' id='word_1_449' title='bbox 3270 1433 3286 1459; x_wconf 95' lang='lat'><strong>,</strong></span> <span class='ocrx_word' id='word_1_450' title='bbox 3318 1403 3600 1448; x_wconf 87' lang='lat' dir='ltr'><strong>attentant.</strong></span> <span class='ocrx_word' id='word_1_451' title='bbox 3633 1393 3858 1464; x_wconf 78' lang='lat' dir='ltr'><strong>Oportet</strong></span> 
     </span>
    </p>
   </div>
   <div class='ocr_carea' id='block_1_55' title="bbox 2280 1485 3858 1555">
    <p class='ocr_par' dir='ltr' id='par_1_55' title="bbox 2280 1485 3858 1555">
     <span class='ocr_line' id='line_1_55' title="bbox 2280 1485 3858 1555; baseline 0.002 -17"><span class='ocrx_word' id='word_1_452' title='bbox 2280 1500 2405 1552; x_wconf 77' lang='lat' dir='ltr'><strong>ergo</strong></span> <span class='ocrx_word' id='word_1_453' title='bbox 2423 1485 2830 1553; x_wconf 82' lang='lat' dir='ltr'><strong>profunditatem</strong></span> <span class='ocrx_word' id='word_1_454' title='bbox 2862 1485 2977 1555; x_wconf 85' lang='lat' dir='ltr'><strong>ejus</strong></span> <span class='ocrx_word' id='word_1_455' title='bbox 3002 1485 3161 1549; x_wconf 88' lang='lat' dir='ltr'><strong>scire,</strong></span> <span class='ocrx_word' id='word_1_456' title='bbox 3191 1486 3274 1539; x_wconf 92' lang='lat' dir='ltr'><strong>vel</strong></span> <span class='ocrx_word' id='word_1_457' title='bbox 3300 1501 3406 1540; x_wconf 86' lang='lat' dir='ltr'><strong>non</strong></span> <span class='ocrx_word' id='word_1_458' title='bbox 3438 1496 3725 1542; x_wconf 88' lang='lat' dir='ltr'><strong>attentare.</strong></span> <span class='ocrx_word' id='word_1_459' title='bbox 3756 1487 3858 1541; x_wconf 79' lang='lat' dir='ltr'><strong>Na-</strong></span> 
     </span>
    </p>
   </div>
   <div class='ocr_carea' id='block_1_56' title="bbox 2281 1576 3856 1647">
    <p class='ocr_par' dir='ltr' id='par_1_56' title="bbox 2281 1576 3856 1647">
     <span class='ocr_line' id='line_1_56' title="bbox 2281 1576 3856 1647; baseline 0.003 -20"><span class='ocrx_word' id='word_1_460' title='bbox 2281 1577 2501 1646; x_wconf 77' lang='lat' dir='ltr'><strong>vigaturi</strong></span> <span class='ocrx_word' id='word_1_461' title='bbox 2528 1592 2655 1647; x_wconf 87' lang='lat' dir='ltr'><strong>ergo</strong></span> <span class='ocrx_word' id='word_1_462' title='bbox 2683 1578 2783 1632; x_wconf 93' lang='lat' dir='ltr'><strong>hoc</strong></span> <span class='ocrx_word' id='word_1_463' title='bbox 2815 1576 3063 1647; x_wconf 89' lang='lat' dir='ltr'><strong>pelagus,</strong></span> <span class='ocrx_word' id='word_1_464' title='bbox 3093 1576 3229 1632; x_wconf 90' lang='lat' dir='ltr'><strong>bene</strong></span> <span class='ocrx_word' id='word_1_465' title='bbox 3252 1578 3476 1632; x_wconf 86' lang='lat' dir='ltr'><strong>accincti</strong></span> <span class='ocrx_word' id='word_1_466' title='bbox 3504 1577 3694 1631; x_wconf 88' lang='lat' dir='ltr'><strong>simus.</strong></span> <span class='ocrx_word' id='word_1_467' title='bbox 3732 1576 3856 1632; x_wconf 69' lang='lat' dir='ltr'><strong>Non</strong></span> 
     </span>
    </p>
   </div>
   <div class='ocr_carea' id='block_1_57' title="bbox 2281 1669 3858 1740">
    <p class='ocr_par' dir='ltr' id='par_1_57' title="bbox 2281 1669 3858 1740">
     <span class='ocr_line' id='line_1_57' title="bbox 2281 1669 3858 1740; baseline 0 -17"><span class='ocrx_word' id='word_1_468' title='bbox 2281 1671 2439 1739; x_wconf 82' lang='lat' dir='ltr'><strong>potui,</strong></span> <span class='ocrx_word' id='word_1_469' title='bbox 2472 1671 2659 1739; x_wconf 87' lang='lat' dir='ltr'><strong>inquit,</strong></span> <span class='ocrx_word' id='word_1_470' title='bbox 2690 1671 2825 1724; x_wconf 80' lang='lat' dir='ltr'><strong>vobis</strong></span> <span class='ocrx_word' id='word_1_471' title='bbox 2850 1669 2986 1740; x_wconf 76' lang='lat' dir='ltr'><strong>loqui</strong></span> <span class='ocrx_word' id='word_1_472' title='bbox 3013 1680 3067 1723; x_wconf 82' lang='lat' dir='ltr'><strong>ut</strong></span> <span class='ocrx_word' id='word_1_473' title='bbox 3087 1670 3453 1738; x_wconf 78' lang='lat' dir='ltr'><strong>spiritualibtts,</strong></span> <span class='ocrx_word' id='word_1_474' title='bbox 3484 1672 3573 1725; x_wconf 85' lang='lat' dir='ltr'><strong>sed</strong></span> <span class='ocrx_word' id='word_1_475' title='bbox 3595 1682 3651 1724; x_wconf 79' lang='lat' dir='ltr'><strong>ut</strong></span> <span class='ocrx_word' id='word_1_476' title='bbox 3682 1686 3858 1724; x_wconf 77' lang='lat' dir='ltr'><strong>earu-</strong></span> 
     </span>
    </p>
   </div>
   <div class='ocr_carea' id='block_1_58' title="bbox 2281 1760 3857 1833">
    <p class='ocr_par' dir='ltr' id='par_1_58' title="bbox 2281 1760 3857 1833">
     <span class='ocr_line' id='line_1_58' title="bbox 2281 1760 3857 1833; baseline 0.003 -21"><span class='ocrx_word' id='word_1_477' title='bbox 2281 1760 2409 1813; x_wconf 82' lang='lat' dir='ltr'><strong>tibus</strong></span> <span class='ocrx_word' id='word_1_478' title='bbox 2440 1760 2457 1829; x_wconf 92' lang='lat'>(</span> <span class='ocrx_word' id='word_1_479' title='bbox 2491 1762 2537 1814; x_wconf 87' lang='lat' dir='ltr'><strong>l.</strong></span> <span class='ocrx_word' id='word_1_480' title='bbox 2568 1760 2684 1815; x_wconf 85' lang='lat' dir='ltr'><strong>Cor.</strong></span> <span class='ocrx_word' id='word_1_481' title='bbox 2719 1762 2823 1815; x_wconf 64' lang='lat'><strong>3.1</strong></span> <span class='ocrx_word' id='word_1_482' title='bbox 2856 1763 2897 1828; x_wconf 94' lang='lat'><strong>).</strong></span> <span class='ocrx_word' id='word_1_483' title='bbox 2928 1761 3113 1815; x_wconf 84' lang='lat' dir='ltr'><strong>Nullus</strong></span> <span class='ocrx_word' id='word_1_484' title='bbox 3147 1762 3427 1830; x_wconf 90' lang='lat' dir='ltr'><strong>impatiens</strong></span> <span class='ocrx_word' id='word_1_485' title='bbox 3454 1763 3503 1815; x_wconf 92' lang='lat' dir='ltr'><strong>in</strong></span> <span class='ocrx_word' id='word_1_486' title='bbox 3534 1763 3635 1817; x_wconf 89' lang='lat' dir='ltr'><strong>hoc</strong></span> <span class='ocrx_word' id='word_1_487' title='bbox 3666 1762 3857 1833; x_wconf 83' lang='lat' dir='ltr'><strong>pelago</strong></span> 
     </span>
    </p>
   </div>
   <div class='ocr_carea' id='block_1_59' title="bbox 2280 1852 3856 1921">
    <p class='ocr_par' dir='ltr' id='par_1_59' title="bbox 2280 1852 3856 1921">
     <span class='ocr_line' id='line_1_59' title="bbox 2280 1852 3856 1921; baseline 0.003 -17"><span class='ocrx_word' id='word_1_488' title='bbox 2280 1852 2506 1919; x_wconf 66' lang='lat' dir='ltr'><strong>naxiget.</strong></span> <span class='ocrx_word' id='word_1_489' title='bbox 2538 1852 2792 1907; x_wconf 88' lang='lat' dir='ltr'><strong>Paremus</strong></span> <span class='ocrx_word' id='word_1_490' title='bbox 2816 1852 2972 1908; x_wconf 87' lang='lat' dir='ltr'><strong>nobis</strong></span> <span class='ocrx_word' id='word_1_491' title='bbox 3003 1869 3198 1919; x_wconf 86' lang='lat' dir='ltr'><strong>naves;</strong></span> <span class='ocrx_word' id='word_1_492' title='bbox 3231 1854 3281 1908; x_wconf 92' lang='lat' dir='ltr'><strong>id</strong></span> <span class='ocrx_word' id='word_1_493' title='bbox 3304 1863 3406 1921; x_wconf 84' lang='lat' dir='ltr'><strong>est,</strong></span> <span class='ocrx_word' id='word_1_494' title='bbox 3438 1855 3674 1908; x_wconf 90' lang='lat' dir='ltr'><strong>studium</strong></span> <span class='ocrx_word' id='word_1_495' title='bbox 3695 1895 3711 1914; x_wconf 90' lang='lat'><strong>.</strong></span> <span class='ocrx_word' id='word_1_496' title='bbox 3739 1856 3856 1909; x_wconf 84' lang='lat' dir='ltr'><strong>ala-</strong></span> 
     </span>
    </p>
   </div>
   <div class='ocr_carea' id='block_1_60' title="bbox 2277 1942 3857 2015">
    <p class='ocr_par' dir='ltr' id='par_1_60' title="bbox 2277 1942 3857 2015">
     <span class='ocr_line' id='line_1_60' title="bbox 2277 1942 3857 2015; baseline 0.004 -21"><span class='ocrx_word' id='word_1_497' title='bbox 2277 1942 2537 2006; x_wconf 87' lang='lat' dir='ltr'><strong>critatem,</strong></span> <span class='ocrx_word' id='word_1_498' title='bbox 2568 1959 2771 2011; x_wconf 87' lang='lat' dir='ltr'><strong>preces.</strong></span> <span class='ocrx_word' id='word_1_499' title='bbox 2792 1954 2847 1999; x_wconf 93' lang='lat' dir='ltr'><strong>ut</strong></span> <span class='ocrx_word' id='word_1_500' title='bbox 2874 1960 2993 2000; x_wconf 89' lang='lat' dir='ltr'><strong>eum</strong></span> <span class='ocrx_word' id='word_1_501' title='bbox 3020 1945 3196 2015; x_wconf 90' lang='lat' dir='ltr'><strong>quiete</strong></span> <span class='ocrx_word' id='word_1_502' title='bbox 3218 1945 3342 2000; x_wconf 88' lang='lat' dir='ltr'><strong>illud</strong></span> <span class='ocrx_word' id='word_1_503' title='bbox 3366 1947 3725 2014; x_wconf 88' lang='lat' dir='ltr'><strong>trajiciamus:</strong></span> <span class='ocrx_word' id='word_1_504' title='bbox 3749 1956 3857 2001; x_wconf 83' lang='lat' dir='ltr'><strong>ete-</strong></span> 
     </span>
    </p>
   </div>
   <div class='ocr_carea' id='block_1_61' title="bbox 2278 2032 3854 2106">
    <p class='ocr_par' dir='ltr' id='par_1_61' title="bbox 2278 2032 3854 2106">
     <span class='ocr_line' id='line_1_61' title="bbox 2278 2032 3854 2106; baseline 0.004 -22"><span class='ocrx_word' id='word_1_505' title='bbox 2278 2032 2511 2086; x_wconf 72' lang='lat' dir='ltr'><strong>nimbum</strong></span> <span class='ocrx_word' id='word_1_506' title='bbox 2531 2050 2663 2104; x_wconf 88' lang='lat' dir='ltr'><strong>aqua</strong></span> <span class='ocrx_word' id='word_1_507' title='bbox 2684 2037 2869 2091; x_wconf 88' lang='lat' dir='ltr'><strong>vivens</strong></span> <span class='ocrx_word' id='word_1_508' title='bbox 2898 2045 2998 2090; x_wconf 91' lang='lat' dir='ltr'><strong>est.</strong></span> <span class='ocrx_word' id='word_1_509' title='bbox 3027 2038 3104 2090; x_wconf 82' lang='lat' dir='ltr'><strong>Ac</strong></span> <span class='ocrx_word' id='word_1_510' title='bbox 3120 2036 3163 2089; x_wconf 89' lang='lat' dir='ltr'><strong>si</strong></span> <span class='ocrx_word' id='word_1_511' title='bbox 3191 2036 3307 2105; x_wconf 90' lang='lat' dir='ltr'><strong>quis</strong></span> <span class='ocrx_word' id='word_1_512' title='bbox 3331 2036 3607 2106; x_wconf 83' lang='lat' dir='ltr'><strong>chalybem</strong></span> <span class='ocrx_word' id='word_1_513' title='bbox 3639 2038 3854 2106; x_wconf 90' lang='lat' dir='ltr'><strong>igneum</strong></span> 
     </span>
    </p>
   </div>
   <div class='ocr_carea' id='block_1_62' title="bbox 2275 2125 3853 2198">
    <p class='ocr_par' dir='ltr' id='par_1_62' title="bbox 2275 2125 3853 2198">
     <span class='ocr_line' id='line_1_62' title="bbox 2275 2125 3853 2198; baseline 0.003 -21"><span class='ocrx_word' id='word_1_514' title='bbox 2275 2125 2467 2194; x_wconf 90' lang='lat' dir='ltr'><strong>capiat,</strong></span> <span class='ocrx_word' id='word_1_515' title='bbox 2498 2126 2575 2180; x_wconf 90' lang='lat' dir='ltr'><strong>sic</strong></span> <span class='ocrx_word' id='word_1_516' title='bbox 2600 2127 2689 2196; x_wconf 91' lang='lat' dir='ltr'><strong>qui</strong></span> <span class='ocrx_word' id='word_1_517' title='bbox 2723 2127 2941 2181; x_wconf 84' lang='lat' dir='ltr'><strong>Paulum</strong></span> <span class='ocrx_word' id='word_1_518' title='bbox 2970 2128 3116 2181; x_wconf 93' lang='lat' dir='ltr'><strong>novit</strong></span> <span class='ocrx_word' id='word_1_519' title='bbox 3140 2168 3155 2192; x_wconf 91' lang='lat'><strong>,</strong></span> <span class='ocrx_word' id='word_1_520' title='bbox 3182 2136 3239 2180; x_wconf 91' lang='lat' dir='ltr'><strong>ut</strong></span> <span class='ocrx_word' id='word_1_521' title='bbox 3266 2127 3490 2198; x_wconf 73' lang='lat' dir='ltr'><strong>chalybs</strong></span> <span class='ocrx_word' id='word_1_522' title='bbox 3517 2128 3809 2182; x_wconf 85' lang='lat' dir='ltr'><strong>roboratur</strong></span> <span class='ocrx_word' id='word_1_523' title='bbox 3838 2145 3853 2182; x_wconf 90' lang='lat'><strong>:</strong></span> 
     </span>
    </p>
   </div>
   <div class='ocr_carea' id='block_1_63' title="bbox 2276 2217 3855 2289">
    <p class='ocr_par' dir='ltr' id='par_1_63' title="bbox 2276 2217 3855 2289">
     <span class='ocr_line' id='line_1_63' title="bbox 2276 2217 3855 2289; baseline 0.004 -20"><span class='ocrx_word' id='word_1_524' title='bbox 2276 2232 2338 2270; x_wconf 89' lang='lat' dir='ltr'><strong>ac</strong></span> <span class='ocrx_word' id='word_1_525' title='bbox 2358 2217 2401 2270; x_wconf 90' lang='lat' dir='ltr'><strong>si</strong></span> <span class='ocrx_word' id='word_1_526' title='bbox 2430 2218 2548 2286; x_wconf 92' lang='lat' dir='ltr'><strong>quis</strong></span> <span class='ocrx_word' id='word_1_527' title='bbox 2568 2217 2800 2287; x_wconf 89' lang='lat' dir='ltr'><strong>gladium</strong></span> <span class='ocrx_word' id='word_1_528' title='bbox 2823 2228 3036 2274; x_wconf 90' lang='lat' dir='ltr'><strong>acutum</strong></span> <span class='ocrx_word' id='word_1_529' title='bbox 3061 2218 3272 2283; x_wconf 87' lang='lat' dir='ltr'><strong>habeat,</strong></span> <span class='ocrx_word' id='word_1_530' title='bbox 3300 2220 3379 2275; x_wconf 88' lang='lat' dir='ltr'><strong>sic</strong></span> <span class='ocrx_word' id='word_1_531' title='bbox 3405 2220 3523 2273; x_wconf 93' lang='lat' dir='ltr'><strong>talis</strong></span> <span class='ocrx_word' id='word_1_532' title='bbox 3549 2220 3711 2274; x_wconf 87' lang='lat' dir='ltr'><strong>homo</strong></span> <span class='ocrx_word' id='word_1_533' title='bbox 3734 2222 3855 2289; x_wconf 78' lang='lat' dir='ltr'><strong>capi</strong></span> 
     </span>
    </p>
   </div>
   <div class='ocr_carea' id='block_1_64' title="bbox 2278 2311 3854 2384">
    <p class='ocr_par' dir='ltr' id='par_1_64' title="bbox 2278 2311 3854 2384">
     <span class='ocr_line' id='line_1_64' title="bbox 2278 2311 3854 2384; baseline 0.006 -22"><span class='ocrx_word' id='word_1_534' title='bbox 2278 2326 2380 2363; x_wconf 92' lang='lat' dir='ltr'><strong>non</strong></span> <span class='ocrx_word' id='word_1_535' title='bbox 2411 2312 2623 2377; x_wconf 83' lang='lat' dir='ltr'><strong>poterit.</strong></span> <span class='ocrx_word' id='word_1_536' title='bbox 2664 2311 2835 2367; x_wconf 85' lang='lat' dir='ltr'><strong>Etiam</strong></span> <span class='ocrx_word' id='word_1_537' title='bbox 2882 2314 2946 2367; x_wconf 90' lang='lat' dir='ltr'><strong>ad</strong></span> <span class='ocrx_word' id='word_1_538' title='bbox 2984 2314 3324 2384; x_wconf 87' lang='lat' dir='ltr'><strong>intelligenda</strong></span> <span class='ocrx_word' id='word_1_539' title='bbox 3356 2315 3503 2369; x_wconf 89' lang='lat' dir='ltr'><strong>Pauli</strong></span> <span class='ocrx_word' id='word_1_540' title='bbox 3547 2330 3705 2370; x_wconf 89' lang='lat' dir='ltr'><strong>sensa</strong></span> <span class='ocrx_word' id='word_1_541' title='bbox 3745 2320 3854 2372; x_wconf 84' lang='lat' dir='ltr'><strong>vita</strong></span> 
     </span>
    </p>
   </div>
   <div class='ocr_carea' id='block_1_65' title="bbox 2272 2403 3851 2472">
    <p class='ocr_par' dir='ltr' id='par_1_65' title="bbox 2272 2403 3851 2472">
     <span class='ocr_line' id='line_1_65' title="bbox 2272 2403 3851 2472; baseline 0.006 -19"><span class='ocrx_word' id='word_1_542' title='bbox 2272 2416 2401 2469; x_wconf 78' lang='lat' dir='ltr'><strong>pura</strong></span> <span class='ocrx_word' id='word_1_543' title='bbox 2425 2412 2507 2456; x_wconf 89' lang='lat' dir='ltr'><strong>est</strong></span> <span class='ocrx_word' id='word_1_544' title='bbox 2534 2418 2681 2472; x_wconf 89' lang='lat' dir='ltr'><strong>opus.</strong></span> <span class='ocrx_word' id='word_1_545' title='bbox 2719 2403 2843 2459; x_wconf 83' lang='lat' dir='ltr'><strong>Ideo</strong></span> <span class='ocrx_word' id='word_1_546' title='bbox 2862 2405 3075 2460; x_wconf 88' lang='lat' dir='ltr'><strong>dicebat</strong></span> <span class='ocrx_word' id='word_1_547' title='bbox 3100 2423 3112 2459; x_wconf 91' lang='lat'><strong>:</strong></span> <span class='ocrx_word' id='word_1_548' title='bbox 3143 2405 3201 2458; x_wconf 85' lang='lat' dir='ltr'><strong>In</strong></span> <span class='ocrx_word' id='word_1_549' title='bbox 3224 2407 3369 2460; x_wconf 83' lang='lat' dir='ltr'><strong>Iactis</strong></span> <span class='ocrx_word' id='word_1_550' title='bbox 3394 2408 3689 2461; x_wconf 74' lang='lat' dir='ltr'><strong>necessitate</strong></span> <span class='ocrx_word' id='word_1_551' title='bbox 3708 2410 3851 2471; x_wconf 79' lang='lat' dir='ltr'><strong>estis,</strong></span> 
     </span>
    </p>
   </div>
   <div class='ocr_carea' id='block_1_66' title="bbox 2271 2478 3849 2570">
    <p class='ocr_par' dir='ltr' id='par_1_66' title="bbox 2271 2478 3849 2570">
     <span class='ocr_line' id='line_1_66' title="bbox 2271 2478 3849 2570; baseline 0.007 -26"><span class='ocrx_word' id='word_1_552' title='bbox 2271 2493 2391 2560; x_wconf 83' lang='lat' dir='ltr'><strong>quia</strong></span> <span class='ocrx_word' id='word_1_553' title='bbox 2428 2494 2697 2548; x_wconf 80' lang='lat' dir='ltr'><strong>imbecilles</strong></span> <span class='ocrx_word' id='word_1_554' title='bbox 2738 2495 2941 2549; x_wconf 79' lang='lat' dir='ltr'><strong>auribus</strong></span> <span class='ocrx_word' id='word_1_555' title='bbox 2970 2478 3101 2567; x_wconf 35' lang='lat' dir='ltr'><strong>‘facti</strong></span> <span class='ocrx_word' id='word_1_556' title='bbox 3133 2497 3248 2550; x_wconf 79' lang='lat' dir='ltr'><strong>estis</strong></span> <span class='ocrx_word' id='word_1_557' title='bbox 3284 2497 3303 2568; x_wconf 94' lang='lat'><strong>(</strong></span> <span class='ocrx_word' id='word_1_558' title='bbox 3330 2496 3484 2551; x_wconf 84' lang='lat' dir='ltr'><strong>Hebr.</strong></span> <span class='ocrx_word' id='word_1_559' title='bbox 3510 2499 3563 2553; x_wconf 88' lang='lat'><strong>5.</strong></span> <span class='ocrx_word' id='word_1_560' title='bbox 3604 2499 3697 2570; x_wconf 55' lang='grc' dir='ltr'><strong>ηε</strong></span> <span class='ocrx_word' id='word_1_561' title='bbox 3733 2501 3849 2568; x_wconf 83' lang='grc' dir='ltr'><strong>Η).</strong></span> 
     </span>
    </p>
   </div>
   <div class='ocr_carea' id='block_1_67' title="bbox 2276 2582 3849 2656">
    <p class='ocr_par' dir='ltr' id='par_1_67' title="bbox 2276 2582 3849 2656">
     <span class='ocr_line' id='line_1_67' title="bbox 2276 2582 3849 2656; baseline 0.006 -21"><span class='ocrx_word' id='word_1_562' title='bbox 2276 2582 2369 2636; x_wconf 86' lang='lat' dir='ltr'><strong>Est</strong></span> <span class='ocrx_word' id='word_1_563' title='bbox 2394 2584 2555 2649; x_wconf 90' lang='lat' dir='ltr'><strong>enim,</strong></span> <span class='ocrx_word' id='word_1_564' title='bbox 2587 2594 2689 2649; x_wconf 91' lang='lat' dir='ltr'><strong>est,</strong></span> <span class='ocrx_word' id='word_1_565' title='bbox 2711 2587 2944 2656; x_wconf 90' lang='lat' dir='ltr'><strong>inquam,</strong></span> <span class='ocrx_word' id='word_1_566' title='bbox 2973 2588 3251 2642; x_wconf 86' lang='lat' dir='ltr'><strong>inﬁrmitas</strong></span> <span class='ocrx_word' id='word_1_567' title='bbox 3276 2589 3504 2643; x_wconf 90' lang='lat' dir='ltr'><strong>auditus.</strong></span> <span class='ocrx_word' id='word_1_568' title='bbox 3530 2590 3679 2645; x_wconf 91' lang='lat' dir='ltr'><strong>Sicut</strong></span> <span class='ocrx_word' id='word_1_569' title='bbox 3704 2594 3849 2645; x_wconf 86' lang='lat' dir='ltr'><strong>enim</strong></span> 
     </span>
    </p>
   </div>
   <div class='ocr_carea' id='block_1_68' title="bbox 2273 2673 3850 2735">
    <p class='ocr_par' dir='ltr' id='par_1_68' title="bbox 2273 2673 3850 2735">
     <span class='ocr_line' id='line_1_68' title="bbox 2273 2673 3850 2735; baseline 0.006 -9"><span class='ocrx_word' id='word_1_570' title='bbox 2273 2673 2580 2729; x_wconf 87' lang='lat' dir='ltr'><strong>stomachus</strong></span> <span class='ocrx_word' id='word_1_571' title='bbox 2607 2690 2767 2729; x_wconf 89' lang='lat' dir='ltr'><strong>sanos</strong></span> <span class='ocrx_word' id='word_1_572' title='bbox 2796 2687 2851 2731; x_wconf 91' lang='lat' dir='ltr'><strong>et</strong></span> <span class='ocrx_word' id='word_1_573' title='bbox 2880 2676 3111 2733; x_wconf 83' lang='lat' dir='ltr'><strong>difficilis</strong></span> <span class='ocrx_word' id='word_1_574' title='bbox 3137 2679 3396 2733; x_wconf 91' lang='lat' dir='ltr'><strong>coctionis</strong></span> <span class='ocrx_word' id='word_1_575' title='bbox 3417 2680 3563 2734; x_wconf 89' lang='lat' dir='ltr'><strong>cibos</strong></span> <span class='ocrx_word' id='word_1_576' title='bbox 3589 2695 3693 2733; x_wconf 92' lang='lat' dir='ltr'><strong>non</strong></span> <span class='ocrx_word' id='word_1_577' title='bbox 3725 2696 3850 2735; x_wconf 73' lang='lat' dir='ltr'><strong>sus~</strong></span> 
     </span>
    </p>
   </div>
   <div class='ocr_carea' id='block_1_69' title="bbox 2272 2766 3847 2837">
    <p class='ocr_par' dir='ltr' id='par_1_69' title="bbox 2272 2766 3847 2837">
     <span class='ocr_line' id='line_1_69' title="bbox 2272 2766 3847 2837; baseline 0.006 -19"><span class='ocrx_word' id='word_1_578' title='bbox 2272 2766 2422 2835; x_wconf 89' lang='lat' dir='ltr'><strong>cipit,</strong></span> <span class='ocrx_word' id='word_1_579' title='bbox 2447 2767 2491 2821; x_wconf 91' lang='lat' dir='ltr'><strong>si</strong></span> <span class='ocrx_word' id='word_1_580' title='bbox 2518 2768 2587 2821; x_wconf 90' lang='lat' dir='ltr'><strong>sit</strong></span> <span class='ocrx_word' id='word_1_581' title='bbox 2614 2768 2856 2823; x_wconf 86' lang='lat' dir='ltr'><strong>inﬁrmus</strong></span> <span class='ocrx_word' id='word_1_582' title='bbox 2890 2787 2903 2821; x_wconf 88' lang='lat'><strong>:</strong></span> <span class='ocrx_word' id='word_1_583' title='bbox 2938 2771 3014 2825; x_wconf 88' lang='lat' dir='ltr'><strong>sic</strong></span> <span class='ocrx_word' id='word_1_584' title='bbox 3041 2779 3095 2825; x_wconf 89' lang='lat' dir='ltr'><strong>et</strong></span> <span class='ocrx_word' id='word_1_585' title='bbox 3119 2771 3294 2824; x_wconf 90' lang='lat' dir='ltr'><strong>anima</strong></span> <span class='ocrx_word' id='word_1_586' title='bbox 3327 2781 3533 2827; x_wconf 89' lang='lat' dir='ltr'><strong>tumens</strong></span> <span class='ocrx_word' id='word_1_587' title='bbox 3560 2782 3612 2826; x_wconf 88' lang='lat' dir='ltr'><strong>et</strong></span> <span class='ocrx_word' id='word_1_588' title='bbox 3643 2772 3847 2837; x_wconf 84' lang='lat' dir='ltr'><strong>inﬂata,</strong></span> 
     </span>
    </p>
   </div>
   <div class='ocr_carea' id='block_1_70' title="bbox 2271 2858 3851 2932">
    <p class='ocr_par' dir='ltr' id='par_1_70' title="bbox 2271 2858 3851 2932">
     <span class='ocr_line' id='line_1_70' title="bbox 2271 2858 3851 2932; baseline 0.006 -21"><span class='ocrx_word' id='word_1_589' title='bbox 2271 2859 2478 2912; x_wconf 89' lang='lat' dir='ltr'><strong>enervis</strong></span> <span class='ocrx_word' id='word_1_590' title='bbox 2509 2858 2641 2913; x_wconf 79' lang='lat' dir='ltr'><strong>facta</strong></span> <span class='ocrx_word' id='word_1_591' title='bbox 2674 2861 3022 2925; x_wconf 87' lang='lat' dir='ltr'><strong>etdissoluta,</strong></span> <span class='ocrx_word' id='word_1_592' title='bbox 3051 2878 3155 2916; x_wconf 91' lang='lat' dir='ltr'><strong>nou</strong></span> <span class='ocrx_word' id='word_1_593' title='bbox 3190 2872 3363 2932; x_wconf 90' lang='lat' dir='ltr'><strong>potest</strong></span> <span class='ocrx_word' id='word_1_594' title='bbox 3382 2864 3711 2932; x_wconf 79' lang='lat' dir='ltr'><strong>Spiritualem</strong></span> <span class='ocrx_word' id='word_1_595' title='bbox 3734 2881 3851 2921; x_wconf 72' lang='lat' dir='ltr'><strong>sen-</strong></span> 
     </span>
    </p>
   </div>
   <div class='ocr_carea' id='block_1_71' title="bbox 2271 2950 3851 3021">
    <p class='ocr_par' dir='ltr' id='par_1_71' title="bbox 2271 2950 3851 3021">
     <span class='ocr_line' id='line_1_71' title="bbox 2271 2950 3851 3021; baseline 0.008 -21"><span class='ocrx_word' id='word_1_596' title='bbox 2271 2962 2480 3002; x_wconf 90' lang='lat' dir='ltr'><strong>monem</strong></span> <span class='ocrx_word' id='word_1_597' title='bbox 2501 2950 2758 3018; x_wconf 89' lang='lat' dir='ltr'><strong>accipere.</strong></span> <span class='ocrx_word' id='word_1_598' title='bbox 2784 2952 2919 3006; x_wconf 84' lang='lat' dir='ltr'><strong>Audi</strong></span> <span class='ocrx_word' id='word_1_599' title='bbox 2948 2952 3239 3021; x_wconf 84' lang='lat' dir='ltr'><strong>discipulos</strong></span> <span class='ocrx_word' id='word_1_600' title='bbox 3265 2954 3504 3009; x_wconf 82' lang='lat' dir='ltr'><strong>dicentes</strong></span> <span class='ocrx_word' id='word_1_601' title='bbox 3534 2974 3546 3007; x_wconf 90' lang='lat'><strong>:</strong></span> <span class='ocrx_word' id='word_1_602' title='bbox 3577 2954 3755 3011; x_wconf 79' lang='lat' dir='ltr'><strong>Durus</strong></span> <span class='ocrx_word' id='word_1_603' title='bbox 3774 2968 3851 3012; x_wconf 83' lang='lat' dir='ltr'><strong>est</strong></span> 
     </span>
    </p>
   </div>
   <div class='ocr_carea' id='block_1_72' title="bbox 2272 3040 3847 3120">
    <p class='ocr_par' dir='ltr' id='par_1_72' title="bbox 2272 3040 3847 3120">
     <span class='ocr_line' id='line_1_72' title="bbox 2272 3040 3847 3120; baseline 0.01 -31"><span class='ocrx_word' id='word_1_604' title='bbox 2272 3040 2352 3092; x_wconf 83' lang='lat' dir='ltr'><strong>hic</strong></span> <span class='ocrx_word' id='word_1_605' title='bbox 2379 3057 2577 3103; x_wconf 83' lang='lat' dir='ltr'><strong>sermo;</strong></span> <span class='ocrx_word' id='word_1_606' title='bbox 2617 3045 2728 3113; x_wconf 81' lang='lat' dir='ltr'><strong>quis</strong></span> <span class='ocrx_word' id='word_1_607' title='bbox 2754 3046 2934 3112; x_wconf 83' lang='lat' dir='ltr'><strong>poterit</strong></span> <span class='ocrx_word' id='word_1_608' title='bbox 2974 3063 3087 3098; x_wconf 82' lang='lat' dir='ltr'><strong>eum</strong></span> <span class='ocrx_word' id='word_1_609' title='bbox 3114 3048 3291 3100; x_wconf 81' lang='lat' dir='ltr'><strong>audire</strong></span> <span class='ocrx_word' id='word_1_610' title='bbox 3322 3047 3340 3119; x_wconf 95' lang='lat'>(</span> <span class='ocrx_word' id='word_1_611' title='bbox 3364 3046 3517 3102; x_wconf 81' lang='lat' dir='ltr'><strong>Joan.</strong></span> <span class='ocrx_word' id='word_1_612' title='bbox 3546 3048 3599 3103; x_wconf 87' lang='lat'><strong>6.</strong></span> <span class='ocrx_word' id='word_1_613' title='bbox 3628 3048 3690 3104; x_wconf 84' lang='grc'><strong>61</strong></span> <span class='ocrx_word' id='word_1_614' title='bbox 3724 3047 3847 3120; x_wconf 73' lang='lat' dir='ltr'><strong>)‘PSi</strong></span> 
     </span>
    </p>
   </div>
   <div class='ocr_carea' id='block_1_73' title="bbox 2273 3123 3845 3201">
    <p class='ocr_par' dir='ltr' id='par_1_73' title="bbox 2273 3123 3845 3201">
     <span class='ocr_line' id='line_1_73' title="bbox 2273 3123 3845 3201; baseline 0.008 -20"><span class='ocrx_word' id='word_1_615' title='bbox 2273 3144 2398 3182; x_wconf 87' lang='lat' dir='ltr'><strong>vero</strong></span> <span class='ocrx_word' id='word_1_616' title='bbox 2448 3131 2596 3184; x_wconf 84' lang='lat' dir='ltr'><strong>fortis</strong></span> <span class='ocrx_word' id='word_1_617' title='bbox 2641 3141 2694 3186; x_wconf 92' lang='lat' dir='ltr'><strong>et</strong></span> <span class='ocrx_word' id='word_1_618' title='bbox 2739 3148 2863 3186; x_wconf 89' lang='lat' dir='ltr'><strong>sana</strong></span> <span class='ocrx_word' id='word_1_619' title='bbox 2910 3136 3013 3199; x_wconf 90' lang='lat' dir='ltr'><strong>sit,</strong></span> <span class='ocrx_word' id='word_1_620' title='bbox 3055 3123 3230 3189; x_wconf 81' lang='lat' dir='ltr'><strong>omnia</strong></span> <span class='ocrx_word' id='word_1_621' title='bbox 3263 3137 3394 3190; x_wconf 87' lang='lat' dir='ltr'><strong>levia</strong></span> <span class='ocrx_word' id='word_1_622' title='bbox 3419 3178 3433 3201; x_wconf 94' lang='lat'><strong>,</strong></span> <span class='ocrx_word' id='word_1_623' title='bbox 3462 3140 3641 3192; x_wconf 89' lang='lat' dir='ltr'><strong>omnia</strong></span> <span class='ocrx_word' id='word_1_624' title='bbox 3675 3139 3845 3194; x_wconf 82' lang='lat' dir='ltr'><strong>facilia</strong></span> 
     </span>
    </p>
   </div>
   <div class='ocr_carea' id='block_1_74' title="bbox 2270 3224 3845 3298">
    <p class='ocr_par' dir='ltr' id='par_1_74' title="bbox 2270 3224 3845 3298">
     <span class='ocr_line' id='line_1_74' title="bbox 2270 3224 3845 3298; baseline 0.006 -22"><span class='ocrx_word' id='word_1_625' title='bbox 2270 3231 2427 3287; x_wconf 86' lang='lat' dir='ltr'><strong>sunt;</strong></span> <span class='ocrx_word' id='word_1_626' title='bbox 2455 3224 2717 3277; x_wconf 82' lang='lat' dir='ltr'><strong>excelsior</strong></span> <span class='ocrx_word' id='word_1_627' title='bbox 2746 3225 2829 3277; x_wconf 90' lang='lat' dir='ltr'><strong>illa</strong></span> <span class='ocrx_word' id='word_1_628' title='bbox 2858 3236 2911 3281; x_wconf 92' lang='lat' dir='ltr'><strong>et</strong></span> <span class='ocrx_word' id='word_1_629' title='bbox 2942 3226 3110 3281; x_wconf 90' lang='lat' dir='ltr'><strong>levior</strong></span> <span class='ocrx_word' id='word_1_630' title='bbox 3130 3229 3296 3298; x_wconf 84' lang='lat' dir='ltr'><strong>magis</strong></span> <span class='ocrx_word' id='word_1_631' title='bbox 3320 3229 3562 3284; x_wconf 89' lang='lat' dir='ltr'><strong>sublimis</strong></span> <span class='ocrx_word' id='word_1_632' title='bbox 3591 3230 3845 3297; x_wconf 77' lang='lat' dir='ltr'><strong>efficitur,</strong></span> 
     </span>
    </p>
   </div>
   <div class='ocr_carea' id='block_1_75' title="bbox 2269 3314 3846 3386">
    <p class='ocr_par' dir='ltr' id='par_1_75' title="bbox 2269 3314 3846 3386">
     <span class='ocr_line' id='line_1_75' title="bbox 2269 3314 3846 3386; baseline 0.005 -19"><span class='ocrx_word' id='word_1_633' title='bbox 2269 3322 2323 3367; x_wconf 89' lang='lat' dir='ltr'><strong>et</strong></span> <span class='ocrx_word' id='word_1_634' title='bbox 2360 3314 2409 3366; x_wconf 90' lang='lat' dir='ltr'><strong>in</strong></span> <span class='ocrx_word' id='word_1_635' title='bbox 2458 3314 2619 3367; x_wconf 89' lang='lat' dir='ltr'><strong>altum</strong></span> <span class='ocrx_word' id='word_1_636' title='bbox 2661 3316 2877 3369; x_wconf 90' lang='lat' dir='ltr'><strong>tollitur.</strong></span> <span class='ocrx_word' id='word_1_637' title='bbox 2916 3315 3042 3370; x_wconf 60' lang='lat' dir='ltr'><strong>llaec</strong></span> <span class='ocrx_word' id='word_1_638' title='bbox 3087 3332 3215 3386; x_wconf 89' lang='lat' dir='ltr'><strong>ergo</strong></span> <span class='ocrx_word' id='word_1_639' title='bbox 3234 3332 3352 3372; x_wconf 90' lang='lat' dir='ltr'><strong>cum</strong></span> <span class='ocrx_word' id='word_1_640' title='bbox 3384 3319 3636 3383; x_wconf 83' lang='lat' dir='ltr'><strong>sciamus,</strong></span> <span class='ocrx_word' id='word_1_641' title='bbox 3662 3334 3846 3375; x_wconf 81' lang='lat' dir='ltr'><strong>sanam</strong></span> 
     </span>
    </p>
   </div>
   <div class='ocr_carea' id='block_1_76' title="bbox 2268 3406 3846 3481">
    <p class='ocr_par' dir='ltr' id='par_1_76' title="bbox 2268 3406 3846 3481">
     <span class='ocr_line' id='line_1_76' title="bbox 2268 3406 3846 3481; baseline 0.007 -22"><span class='ocrx_word' id='word_1_642' title='bbox 2268 3406 2650 3460; x_wconf 82' lang='lat' dir='ltr'><strong>constituamus</strong></span> <span class='ocrx_word' id='word_1_643' title='bbox 2681 3408 2912 3461; x_wconf 76' lang='lat' dir='ltr'><strong>animam</strong></span> <span class='ocrx_word' id='word_1_644' title='bbox 2944 3418 3181 3464; x_wconf 89' lang='lat' dir='ltr'><strong>nostram</strong></span> <span class='ocrx_word' id='word_1_645' title='bbox 3214 3427 3229 3464; x_wconf 89' lang='lat'><strong>:</strong></span> <span class='ocrx_word' id='word_1_646' title='bbox 3258 3412 3571 3466; x_wconf 63' lang='lat' dir='ltr'><strong>aemulemur</strong></span> <span class='ocrx_word' id='word_1_647' title='bbox 3597 3412 3846 3481; x_wconf 86' lang='lat' dir='ltr'><strong>Paulum,</strong></span> 
     </span>
    </p>
   </div>
   <div class='ocr_carea' id='block_1_77' title="bbox 2271 3496 3848 3570">
    <p class='ocr_par' dir='ltr' id='par_1_77' title="bbox 2271 3496 3848 3570">
     <span class='ocr_line' id='line_1_77' title="bbox 2271 3496 3848 3570; baseline 0.007 -21"><span class='ocrx_word' id='word_1_648' title='bbox 2271 3496 2540 3549; x_wconf 89' lang='lat' dir='ltr'><strong>imitemur</strong></span> <span class='ocrx_word' id='word_1_649' title='bbox 2580 3496 2765 3551; x_wconf 82' lang='lat' dir='ltr'><strong>fortem</strong></span> <span class='ocrx_word' id='word_1_650' title='bbox 2798 3497 2937 3552; x_wconf 88' lang='lat' dir='ltr'><strong>illam</strong></span> <span class='ocrx_word' id='word_1_651' title='bbox 2967 3509 3018 3553; x_wconf 92' lang='lat' dir='ltr'><strong>et</strong></span> <span class='ocrx_word' id='word_1_652' title='bbox 3062 3500 3452 3555; x_wconf 86' lang='lat' dir='ltr'><strong>adamantinam</strong></span> <span class='ocrx_word' id='word_1_653' title='bbox 3482 3503 3757 3570; x_wconf 87' lang='lat' dir='ltr'><strong>animam‘;</strong></span> <span class='ocrx_word' id='word_1_654' title='bbox 3790 3514 3848 3560; x_wconf 90' lang='lat' dir='ltr'><strong>ut</strong></span> 
     </span>
    </p>
   </div>
   <div class='ocr_carea' id='block_1_78' title="bbox 2270 3584 3846 3662">
    <p class='ocr_par' dir='ltr' id='par_1_78' title="bbox 2270 3584 3846 3662">
     <span class='ocr_line' id='line_1_78' title="bbox 2270 3584 3846 3662; baseline 0.008 -23"><span class='ocrx_word' id='word_1_655' title='bbox 2270 3584 2385 3654; x_wconf 88' lang='lat' dir='ltr'><strong>ejus</strong></span> <span class='ocrx_word' id='word_1_656' title='bbox 2410 3586 2532 3639; x_wconf 61' lang='lat' dir='ltr'><strong>vitae</strong></span> <span class='ocrx_word' id='word_1_657' title='bbox 2562 3588 2777 3657; x_wconf 86' lang='lat' dir='ltr'><strong>vestigia</strong></span> <span class='ocrx_word' id='word_1_658' title='bbox 2800 3598 3105 3657; x_wconf 86' lang='lat' dir='ltr'><strong>sequentes,</strong></span> <span class='ocrx_word' id='word_1_659' title='bbox 3135 3591 3399 3659; x_wconf 88' lang='lat' dir='ltr'><strong>possimus</strong></span> <span class='ocrx_word' id='word_1_660' title='bbox 3420 3595 3704 3662; x_wconf 69' lang='lat' dir='ltr'><strong>praesentis</strong></span> <span class='ocrx_word' id='word_1_661' title='bbox 3727 3598 3846 3651; x_wconf 64' lang='lat' dir='ltr'><strong>vita</strong></span> 
     </span>
    </p>
   </div>
   <div class='ocr_carea' id='block_1_79' title="bbox 2270 3678 3845 3756">
    <p class='ocr_par' dir='ltr' id='par_1_79' title="bbox 2270 3678 3845 3756">
     <span class='ocr_line' id='line_1_79' title="bbox 2270 3678 3845 3756; baseline 0.009 -26"><span class='ocrx_word' id='word_1_662' title='bbox 2270 3678 2489 3747; x_wconf 82' lang='lat' dir='ltr'><strong>pelagus</strong></span> <span class='ocrx_word' id='word_1_663' title='bbox 2520 3680 2784 3747; x_wconf 81' lang='lat' dir='ltr'><strong>trajicere,</strong></span> <span class='ocrx_word' id='word_1_664' title='bbox 2816 3692 2869 3735; x_wconf 92' lang='lat' dir='ltr'><strong>et</strong></span> <span class='ocrx_word' id='word_1_665' title='bbox 2897 3681 2965 3735; x_wconf 87' lang='lat' dir='ltr'><strong>ad</strong></span> <span class='ocrx_word' id='word_1_666' title='bbox 2998 3683 3338 3752; x_wconf 89' lang='lat' dir='ltr'><strong>tranquillum</strong></span> <span class='ocrx_word' id='word_1_667' title='bbox 3369 3693 3577 3753; x_wconf 84' lang='lat' dir='ltr'><strong>portum</strong></span> <span class='ocrx_word' id='word_1_668' title='bbox 3606 3687 3845 3756; x_wconf 80' lang='lat' dir='ltr'><strong>appelle-</strong></span> 
     </span>
    </p>
   </div>
   <div class='ocr_carea' id='block_1_80' title="bbox 2271 3769 3841 3846">
    <p class='ocr_par' dir='ltr' id='par_1_80' title="bbox 2271 3769 3841 3846">
     <span class='ocr_line' id='line_1_80' title="bbox 2271 3769 3841 3846; baseline 0.009 -27"><span class='ocrx_word' id='word_1_669' title='bbox 2271 3782 2328 3821; x_wconf 91' lang='lat' dir='ltr'><strong>re</strong></span> <span class='ocrx_word' id='word_1_670' title='bbox 2352 3808 2367 3830; x_wconf 93' lang='lat'><strong>,</strong></span> <span class='ocrx_word' id='word_1_671' title='bbox 2408 3783 2470 3821; x_wconf 89' lang='lat' dir='ltr'><strong>ac</strong></span> <span class='ocrx_word' id='word_1_672' title='bbox 2512 3769 2770 3837; x_wconf 84' lang='lat' dir='ltr'><strong>promissa</strong></span> <span class='ocrx_word' id='word_1_673' title='bbox 2815 3770 3153 3840; x_wconf 81' lang='lat' dir='ltr'><strong>diligentibus</strong></span> <span class='ocrx_word' id='word_1_674' title='bbox 3198 3773 3361 3827; x_wconf 89' lang='lat' dir='ltr'><strong>Deum</strong></span> <span class='ocrx_word' id='word_1_675' title='bbox 3390 3773 3524 3828; x_wconf 90' lang='lat' dir='ltr'><strong>bona</strong></span> <span class='ocrx_word' id='word_1_676' title='bbox 3551 3779 3800 3846; x_wconf 86' lang='lat' dir='ltr'><strong>consequi</strong></span> <span class='ocrx_word' id='word_1_677' title='bbox 3823 3819 3841 3845; x_wconf 93' lang='lat'><strong>,</strong></span> 
     </span>
    </p>
   </div>
   <div class='ocr_carea' id='block_1_81' title="bbox 2270 3856 3843 3932">
    <p class='ocr_par' dir='ltr' id='par_1_81' title="bbox 2270 3856 3843 3932">
     <span class='ocr_line' id='line_1_81' title="bbox 2270 3856 3843 3932; baseline 0.009 -23"><span class='ocrx_word' id='word_1_678' title='bbox 2270 3856 2435 3925; x_wconf 89' lang='lat' dir='ltr'><strong>gratia</strong></span> <span class='ocrx_word' id='word_1_679' title='bbox 2476 3868 2528 3911; x_wconf 89' lang='lat' dir='ltr'><strong>et</strong></span> <span class='ocrx_word' id='word_1_680' title='bbox 2570 3858 2897 3928; x_wconf 89' lang='lat' dir='ltr'><strong>benignitate</strong></span> <span class='ocrx_word' id='word_1_681' title='bbox 2930 3860 3137 3914; x_wconf 89' lang='lat' dir='ltr'><strong>Domini</strong></span> <span class='ocrx_word' id='word_1_682' title='bbox 3176 3862 3341 3917; x_wconf 89' lang='lat' dir='ltr'><strong>nostri</strong></span> <span class='ocrx_word' id='word_1_683' title='bbox 3363 3862 3490 3918; x_wconf 83' lang='lat' dir='ltr'><strong>Jesu</strong></span> <span class='ocrx_word' id='word_1_684' title='bbox 3515 3865 3733 3932; x_wconf 87' lang='lat' dir='ltr'><strong>Christi,</strong></span> <span class='ocrx_word' id='word_1_685' title='bbox 3759 3869 3843 3924; x_wconf 86' lang='lat' dir='ltr'><strong>cui</strong></span> 
     </span>
    </p>
   </div>
   <div class='ocr_carea' id='block_1_82' title="bbox 2268 3944 3843 4022">
    <p class='ocr_par' dir='ltr' id='par_1_82' title="bbox 2268 3944 3843 4022">
     <span class='ocr_line' id='line_1_82' title="bbox 2268 3944 3843 4022; baseline 0.011 -25"><span class='ocrx_word' id='word_1_686' title='bbox 2268 3944 2434 4014; x_wconf 88' lang='lat' dir='ltr'><strong>gloria</strong></span> <span class='ocrx_word' id='word_1_687' title='bbox 2463 3956 2518 4000; x_wconf 90' lang='lat' dir='ltr'><strong>et</strong></span> <span class='ocrx_word' id='word_1_688' title='bbox 2543 3947 3005 4018; x_wconf 85' lang='lat' dir='ltr'><strong>imperium,nunc</strong></span> <span class='ocrx_word' id='word_1_689' title='bbox 3020 3960 3073 4006; x_wconf 91' lang='lat' dir='ltr'><strong>et</strong></span> <span class='ocrx_word' id='word_1_690' title='bbox 3100 3965 3333 4022; x_wconf 88' lang='lat' dir='ltr'><strong>semper,</strong></span> <span class='ocrx_word' id='word_1_691' title='bbox 3358 3963 3413 4009; x_wconf 89' lang='lat' dir='ltr'><strong>et</strong></span> <span class='ocrx_word' id='word_1_692' title='bbox 3438 3953 3490 4010; x_wconf 92' lang='lat' dir='ltr'><strong>in</strong></span> <span class='ocrx_word' id='word_1_693' title='bbox 3523 3958 3715 4013; x_wconf 63' lang='lat' dir='ltr'><strong>secula</strong></span> <span class='ocrx_word' id='word_1_694' title='bbox 3741 3972 3843 4013; x_wconf 60' lang='lat' dir='ltr'><strong>se.</strong></span> 
     </span>
    </p>
   </div>
   <div class='ocr_carea' id='block_1_83' title="bbox 2268 4034 2745 4095">
    <p class='ocr_par' dir='ltr' id='par_1_83' title="bbox 2268 4034 2745 4095">
     <span class='ocr_line' id='line_1_83' title="bbox 2268 4034 2745 4095; baseline 0.006 -6"><span class='ocrx_word' id='word_1_695' title='bbox 2268 4034 2529 4091; x_wconf 88' lang='lat' dir='ltr'><strong>culorum.</strong></span> <span class='ocrx_word' id='word_1_696' title='bbox 2557 4039 2745 4095; x_wconf 82' lang='lat' dir='ltr'><strong>Amen.</strong></span> 
     </span>
    </p>
   </div>
  </div>
