4056 6524
226 443 334 499 583

225 548 293 623 ἦν
321 552 510 607 λοιπὸν
536 551 628 606 τοῦ
676 551 961 622 στεφάνου·
1003 552 1216 620 ἐδέξατο
1247 555 1410 610 αὐτὸν
1439 559 1472 627 ἡ
1525 555 1711 628 Ῥώμη
1745 558 1890 611 δεδε-

229 642 416 710 μένον,
445 639 540 692 ml
561 634 666 692 εἶδε
690 637 1096 708 στεφανωθέντα
1119 641 1210 694 καὶ
1229 641 1407 712 ἀνακη
1417 635 1698 713 ρυχθέντα.
1749 646 1894 698 Ἐκεῖ

226 725 778 793 Συναναπαύσομαι
823 723 986 793 ὑμῖν,
1047 724 1171 795 ἔφη.
1237 726 1499 782 Ἐνταῦθα
1556 729 1889 800 πορεύομαι,

224 811 563 882 διακονήσων
607 813 686 874 εἰς
736 811 1104 883 Ἰερουσαλήμ.
1138 802 1211 866 Τδ
1253 814 1309 867 δέ
1356 815 1498 888 ἀρχὴ
1545 817 1640 869 τοῦ
1690 817 1892 888 δρόμου

227 902 395 955 πάλιν
418 898 507 973 ἦν,
542 903 635 955 καὶ
674 904 912 972 τρόπαια
937 905 1217 974 τροπαίοις
1246 905 1540 974 συνῆπτεν,
1577 907 1892 976 ἀκατάπλη-

230 1006 358 1053 κτος
391 990 485 1043 ὢν.
524 989 784 1060 Κόρινθος
817 990 979 1043 αὐτὸν
1025 991 1261 1062 κατέσχε
1292 993 1385 1045 δύο
1417 993 1534 1063 ἐτη,
1588 995 1684 1046 καὶ
1739 994 1892 1048 Ἀσία

239 1077 378 1147 τρία,
410 1078 500 1130 καὶ
527 1075 666 1145 αῦτη
699 1075 792 1129 δύο
824 1077 979 1142 τέως,
1007 1077 1146 1131 ῶστε
1173 1078 1422 1149 δεύτερον
1455 1080 1647 1149 ἐπέϐη,
1683 1081 1769 1132 ὅτε
1801 1082 1892 1132 καὶ

225 1164 537 1233 ἐτελειώθη.
586 1163 689 1217 Ἐν
718 1164 792 1232 τῇ
825 1164 1023 1233 πρώτῃ
1059 1184 1178 1232 μου
1207 1167 1522 1234 ἀπολογίᾳ,
1565 1169 1753 1238 φησὶν,
1789 1169 1892 1220 οὐ·

223 1250 352 1316 δείς
381 1268 483 1319 μοι
515 1250 1015 1320 συμπαρεγένετο.
1047 1251 1203 1304 Οῦτω
1231 1251 1451 1320 διέφυγε
1479 1254 1630 1319 τότε,
1659 1254 1753 1307 καὶ
1784 1254 1891 1306 πᾶ-

224 1354 328 1390 σαν
358 1336 645 1408 ἐμπλήσας
669 1337 765 1407 τὴν
789 1337 1109 1408 οἰκουμένην
1134 1337 1227 1392 τοῦ
1263 1338 1636 1410 κηρύγματος,
1666 1339 1894 1392 κατέλυ-

226 1440 322 1477 σεν
344 1423 486 1476 οῦτω
511 1424 600 1475 τὸν
645 1423 776 1492 βίον.
828 1423 893 1476 Τί
928 1423 1146 1478 ἐϐούλου
1182 1424 1371 1495 μαθεῖν
1403 1427 1470 1478 τὰ
1506 1426 1645 1497 μετὰ
1680 1426 1887 1491 ταῦτα;

225 1509 466 1563 Τοιαῦτά
491 1511 604 1562 ἐστι
631 1511 877 1562 κάκεῖνα*
903 1510 1099 1580 δεσμὰ,
1130 1511 1375 1580 βάσανοι,
1411 1513 1602 1583 μάχαι,
1630 1514 1890 1581 φυλακαὶ,

226 1597 532 1660 ἐπιϐουλαὶ,
565 1598 940 1665 συκοφαντίαι,
974 1597 1193 1652 θάνατοι
1217 1600 1592 1670 καθημερινοί.
1623 1597 1774 1664 Εἶδες
1795 1602 1894 1654 αῦο

224 1683 320 1735 τοῦ
361 1683 555 1752 μικρὸν
598 1683 797 1754 μέρος;
824 1684 1076 1737 Τοιοῦτον
1106 1685 1214 1737 νόει
1239 1687 1332 1738 καὶ
1358 1686 1418 1738 τὸ
1443 1686 1648 1746 λοιπόν.
1682 1687 1892 1758 Ὠσπερ

225 1771 318 1824 ἐπὶ
345 1769 444 1822 τοῦ
475 1770 726 1839 ούρανοῦ,
754 1771 877 1825 ὅσον
901 1770 966 1824 ἂν
999 1771 1113 1843 ἴδῃς
1145 1773 1332 1838 αὑτοῦ,
1369 1772 1620 1846 τοσοῦτόν
1649 1773 1764 1825 ἐστι
1799 1773 1893 1826 καὶ

225 1856 286 1910 τὸ
334 1857 500 1911 ἀλλο·
543 1855 774 1927 οὐρανοῦ
828 1856 936 1928 γὰρ
983 1857 1049 1912 ἂν
1101 1858 1264 1930 μέρος
1301 1858 1471 1930 θεάσῃ
1515 1858 1594 1924 ἓν,
1647 1860 1779 1912 ὅπου
1829 1858 1895 1912 ἂν

224 1941 489 2012 ἀπέλθῃς,
525 1942 762 1995 τοιοῦτον
787 1943 905 2012 ὄψει
937 1943 1030 1996 καὶ
1059 1943 1119 1997 τὺ
1144 1944 1328 1997 λοιπόν
1352 1961 1365 1975 ⁸
1396 1944 1429 2015 ἢ
1458 1943 1709 2016 καθάπερ
1741 1944 1894 2015 ἡλίου

223 2030 324 2093 τὰς
373 2031 599 2092 ἀκτῖνας
645 2030 748 2082 κᾶν
795 2030 859 2083 ἐκ
892 2031 1091 2101 μέρους
1129 2031 1278 2102 ίδῃς,
1311 2030 1547 2102 στοχάζῃ
1594 2033 1658 2085 ἐκ
1691 2031 1895 2085 τούτων

224 2111 334 2178 οἷος
374 2116 403 2168 6
436 2116 617 2184 ἣλιος,
647 2114 790 2168 οὕτω
819 2117 912 2170 καὶ
945 2117 1037 2170 ἐπὶ
1078 2117 1312 2170 Παύλου.
1349 2118 1391 2168 Τ
1394 2118 1459 2180 ὰς
1497 2117 1724 2188 πράξεις
1754 2114 1895 2181 εἶδες

225 2205 288 2257 ἐκ
317 2205 522 2274 μέρους
551 2202 737 2264 αὐτοῦ,
773 2205 944 2256 πᾶσαι
969 2203 1214 2258 τοιαῦται
1242 2205 1604 2274 τυγχάνουσι,
1637 2205 1894 2257 κινδύνων

223 2291 514 2361 γέμουσαι.
547 2288 789 2359 Οὐρανὸς
819 2286 887 2361 ἦν
919 2292 1123 2354 ἐκεῖνος
1160 2291 1312 2362 ἥλιον
1342 2290 1688 2363 δικαιοσύνης
1730 2291 1890 2362 ἔχων,

224 2378 284 2431 οὗ
315 2376 581 2441 τοιοῦτον,
613 2376 753 2430 ὥστε
784 2377 876 2429 καὶ
901 2376 1132 2448 οὐρανοῦ
1165 2377 1388 2448 βελτίων
1419 2379 1448 2431 6
1477 2378 1637 2448 ἀνήρ.
1683 2380 1892 2449 Μικρὸν

222 2464 326 2517 οἴει
349 2461 510 2517 τοῦτο
538 2463 712 2531 εἶναις
744 2466 857 2518 Οὐκ
885 2464 1060 2533 ἔγωγε
1089 2462 1259 2536 οἶμαι.
1293 2465 1460 2519 Ὅταν
1493 2467 1786 2519 ἀπόστολον
1812 2468 1890 2520 el"-

224 2568 354 2621 πῃς,
379 2550 583 2613 εὐθέως
621 2551 822 2614 πάντες
859 2550 1021 2603 αὑτὸν
1059 2550 1347 2603 ἐννοοῦσιν⁸
1382 2551 1510 2604 ὅταν
1544 2550 1888 2623 Βαπτιστὴν,

224 2637 423 2700 εὐθέως
501 2637 592 2688 τὸν
668 2636 940 2706 Ἰωάννην.
1013 2637 1134 2689 Τίνι
1205 2637 1265 2690 ἀν
1328 2652 1411 2701 τις
1481 2639 1771 2709 παραϐάλῃ
1825 2640 1893 2693 τὰ

224 2726 435 2779 ἐκείνου
486 2725 738 2795 ῥήματας
767 2724 1031 2795 θαλάσσῃ,
1077 2723 1109 2795 ἥ
1143 2724 1237 2777 καλ⁸
1266 2723 1525 2795 ὠκεανῷ;
1570 2724 1710 2778 Ἀλλ’
1739 2727 1892 2779 οὐδὲν

227 2812 358 2866 [σον.
386 2810 574 2881 Πολλῷ
609 2811 814 2882 ταύτης
849 2811 1207 2883 δαψιλέστερα
1239 2811 1308 2864 τὰ
1346 2812 1593 2883 ῥεύματα
1615 2825 1641 2853 α
1675 2813 1744 2866 τά
1772 2815 1894 2867 τού-
1931 2814 1938 2824 ’

221 2918 335 2963 του,
369 2898 734 2969 καθαρώτερα
754 2898 848 2950 καὶ
880 2898 1169 2969 βαθύτερα,
1199 2898 1336 2952 ῶστε
1374 2901 1470 2952 καὶ
1497 2898 1773 2953 θάλασσαν
1797 2903 1891 2955 καὶ

222 2988 452 3058 οὐρανὸν
483 2987 584 3039 οὐκ
607 2987 671 3040 ἀν
699 3003 781 3049 τις
810 2986 1044 3056 ἁμάρτοι
1076 2986 1174 3056 τὴν
1207 2986 1419 3038 Παύλου
1446 2986 1672 3057 καρδίαν
1695 2988 1887 3054 είπὼν,

221 3075 283 3128 τὸ
326 3075 427 3146 μὲν
469 3075 557 3128 διά
600 3074 660 3126 τὸ
704 3073 963 3145 καθαρὸν,
1003 3073 1062 3126 τὸ
1102 3074 1158 3126 δὲ
1197 3073 1283 3126 διὰ
1325 3074 1384 3126 τὸ
1435 3073 1590 3143 βαθύ.
1634 3074 1890 3131 Θάλασσά

224 3165 397 3229 ἐστιν,
457 3163 560 3215 ούκ
614 3162 720 3214 ἀπὸ
778 3161 981 3224 πόλεως
1022 3163 1101 3224 είς
1139 3161 1292 3214 πόλιν
1346 3162 1552 3229 ἄγουσα
1608 3162 1735 3225 τοὺς
1789 3165 1890 3231 ἐμ-

225 3250 512 3313 πλέοντας,
543 3248 658 3302 ἀλλ’
682 3248 789 3302 ἀπὸ
821 3250 923 3318 γῆς
946 3251 1025 3312 είς
1050 3249 1297 3319 οὐρανόνο
1327 3249 1484 3312 εἴτις
1509 3248 1712 3320 ταύτην
1739 3250 1889 3303 πλέοι

223 3337 319 3410 τὴν
371 3337 674 3400 θάλασσαν,
725 3336 783 3402 ἐξ
832 3335 1020 3406 οὐρίας
1078 3335 1393 3389 πλεύσεται.
1460 3338 1548 3390 Ἑν
1597 3336 1767 3409 ταύτῃ
1821 3339 1887 3409 τῇ

225 3425 470 3498 θαλάσσῃ
518 3423 619 3476 οὐκ
664 3423 873 3493 ἄνεμοι,
914 3422 1028 3476 ἀλλ’
1073 3423 1193 3476 ἀντὶ
1233 3423 1448 3494 ἀνέμων
1495 3422 1719 3493 Πνεῦμα
1746 3424 1889 3478 θεῖον

225 3513 376 3581 ἅγιον
409 3512 512 3572 τὰς
560 3508 902 3578 ἐμπλεούσας
947 3509 1306 3581 παραπέμπει
1351 3511 1552 3581 ψυχάς·
1595 3511 1697 3564 οὐκ
1741 3511 1890 3565 ἐστιν

225 3598 457 3653 ἐνταῦθα
499 3596 748 3666 κύματα.
793 3597 892 3649 οὐκ
926 3595 1041 3649 ἔστι
1086 3597 1369 3663 σκόπελος,
1413 3598 1514 3651 οὐκ
1553 3597 1668 3650 ἐστι
1703 3596 1885 3669 θηρίαο

227 3687 400 3740 πάντα
430 3682 667 3753 γαληνὰ.
715 3683 970 3738 Θάλασσά
1009 3685 1124 3738 ἐστι
1165 3685 1381 3754 λιμένος
1412 3685 1750 3756 γαληνοτέρα
1794 3686 1892 3741 καὶ

228 3771 626 3842 ἀσφαλεστέρα,
655 3771 806 3824 οὐδὲν
829 3771 1070 3842 ἁλμυρὸν
1104 3771 1301 3842 ἔχουσα
1322 3813 1338 3837 ,
1371 3772 1509 3826 ἀλλὰ
1537 3774 1721 3847 πηγὴν
1759 3772 1888 3845 [κα-

228 3861 398 3932 θαρὰν
426 3857 547 3930 καὶ]
576 3859 766 3929 ἥδιστα
797 3859 1029 3928 ῥέουσαν
1056 3859 1272 3929 νάματα
1291 3900 1306 3923 ,
1328 3860 1479 3931 ἡλίου
1505 3860 1890 3932 λαμπροτέραν

231 3953 320 4004 καὶ
338 3950 414 4002 διε
424 3947 722 4016 ιδεστέραν·
743 3945 992 3999 θάλασσά
1005 3947 1141 4009 ἐστι,
1157 3947 1217 3999 οὐ
1234 3947 1414 4010 λίθους
1439 3946 1638 4017 ἔχουσα
1656 3946 1890 4018 τιμίους,

229 4037 344 4090 ούδέ
371 4033 669 4103 ἁλουργίδα
698 4032 982 4103 τοιαύτην,
1016 4031 1151 4085 ἀλλὰ
1185 4033 1442 4103 κτήματα
1474 4032 1655 4104 πολλῷ
1686 4034 1892 4088 τούτων

233 4123 441 4194 βελτίω.
502 4119 558 4173 '0
602 4117 922 4188 βουλόμενος
959 4119 1041 4182 είς
1072 4117 1228 4172 τοῦτο
1270 4117 1516 4174 καθεῖναι
1555 4117 1618 4173 τὸ
1656 4120 1892 4189 πέλαγος

291 4225 316 4254 ⁸
344 4222 428 4272 Sic
448 4216 602 4270 Savil.
629 4223 786 4267 recte.
823 4216 993 4268 lore].
1020 4216 1081 4266 τὰ
1104 4218 1313 4282 ῥήματα,

1329 436 1401 495 IN
1439 439 1624 495 ΔίοτΔ
1653 437 2200 498 APOSTGLOBL'M.
2240 437 2475 497 HOMIL.
2506 437 2615 496 LV.

3550 432 3656 486 εει

1996 560 2208 624 ἐαυτὸν,
2239 560 2302 613 ού
2330 553 2686 628 κολυμϐητῶν
2715 555 2902 614 δεῖται.
2933 551 3033 607 οὐκ
3057 551 3258 618 ἐλαίου,
3289 551 3425 607 ἀλλὰ
3449 554 3669 621 φιλοσο-

1994 648 2120 716 φίας
2150 647 2366 715 πολλῆςο
2393 645 2616 715 εὑρήσει
2647 643 2702 694 ἐν
2733 639 2883 709 αύτῷ
2907 641 3080 693 πάντα
3105 637 3174 691 τά
3202 638 3382 706 ἀγαθά
3410 639 3480 692 τὰ
3507 643 3564 693 ὲν
3595 643 3662 710 τῇ

1995 734 2242 805 βασιλείᾳ
2272 733 2378 786 τῶν
2411 731 2674 803 οὐρανῶν.
2721 729 2779 781 ’0
2813 727 3054 790 τοιοῦτος
3081 724 3228 798 [416]
3262 728 3351 779 καὶ
3380 727 3669 797 δυνήσεται

1992 821 2245 888 γενέσθαι
2275 820 2548 892 βασιλεὺς,
2581 818 2675 870 καλ⁹
2704 816 2885 868 πάντα
2907 815 2997 867 τὸν
3023 815 3228 884 κόσμον
3256 815 3460 879 λαϐεῖν,
3491 816 3582 868 καὶ
3607 817 3669 867 ἐν

1990 910 2124 980 τιμῇ
2151 903 2287 960 εἶναι
2331 906 2557 977 μεγίστῃ
2577 921 2590 934 ·
2623 904 2651 955 6
2689 903 2892 972 ταύτην
2931 901 3113 954 πλέων
3140 901 3240 970 τὴν
3271 899 3545 954 θάλασσαν
3571 901 3664 952 ού-

1991 995 2181 1049 δέποτε
2198 998 2455 1061 ναυάγιον
2476 993 2862 1059 ὑποστήσεται,
2882 988 3016 1041 ἀλλὰ
3035 987 3210 1040 πάντα
3228 986 3434 1039 είσεται
3457 987 3662 1050 καλῶς.

2006 1081 2144 1134 Ἀλλ’
2167 1081 2351 1149 ὥσπερ
2374 1081 2423 1132 οἱ
2445 1078 2646 1146 ταύτης
2668 1077 2886 1144 ἄπειροι
2909 1075 3006 1144 τῆς
3033 1073 3310 1143 θαλάσσης
3334 1073 3664 1140 ἀποπνίγον-

1991 1185 2102 1231 ται,
2129 1166 2270 1219 οῦτω
2297 1166 2359 1235 δὴ
2387 1165 2479 1217 καὶ
2504 1163 2756 1216 ἐνταῦθα’
2781 1163 2918 1230 ὅπερ
2945 1161 3009 1230 δὴ
3041 1161 3310 1230 πάσχουσι
3335 1159 3430 1212 καὶ
3457 1160 3665 1229 αἱρετιο

1993 1255 2079 1310 κοὶ
2099 1257 2209 1316 τοῖς
2231 1253 2370 1323 ὑπὲρ
2395 1251 2624 1321 δύναμιν
2653 1249 3046 1320 ἐγχειροῦντες.
3069 1251 3162 1299 Δεῖ
3191 1248 3254 1314 δὴ
3280 1248 3341 1299 τὸ
3366 1246 3528 1316 βάθος
3550 1245 3664 1298 τοί-

1992 1359 2086 1396 νυν
2109 1342 2327 1400 εἰδέναι,
2367 1340 2400 1410 ἢ
2436 1339 2509 1410 μὴ
2539 1337 2906 1407 κατατολμᾷν.
2957 1336 3053 1388 ’Ἂν
3092 1335 3378 1406 μέλλωμεν
3412 1334 3565 1385 πλεῖν
3603 1331 3667 1386 τὸ

1994 1429 2228 1496 πέλαγος
2251 1426 2426 1489 τοῦτο,
2452 1423 2676 1488 εὔζωνοι
2694 1422 3000 1492 γενώμεθα.
3028 1427 3148 1476 Οὐκ
3166 1421 3482 1490 ἠδυνήθην
3501 1419 3668 1488 ὑμῖν,

1992 1516 2146 1586 φησὶ,
2175 1513 2443 1581 λαλῆσαι
2468 1513 2548 1577 ὡς
2579 1509 3021 1579 πνευματικοῖς,
3054 1511 3191 1563 ἀλλ’
3225 1509 3305 1572 ῶς
3330 1505 3665 1574 σαρκικοῖς.

1993 1601 2194 1671 Μηδεὶς
2218 1600 2592 1670 ἀκαρτέρητος
2628 1597 2786 1650 τοῦτο
2827 1597 3032 1649 πλείτω
3059 1595 3120 1648 τὸ
3183 1595 3438 1661 πέλαγος.
3484 1595 3668 1646 Κατα-

1996 1689 2360 1757 σκευάσωμεν
2393 1688 2606 1748 ἑαυτοῖς
2636 1685 2820 1746 πλοῖα,
2849 1682 3127 1735 τουτέστιν
3147 1682 3416 1751 σπουδὴν,
3467 1679 3669 1751 προθυ-

1999 1777 2149 1848 μίαν,
2178 1774 2362 1844 εύχάς,
2390 1773 2530 1826 ὥστε
2563 1771 2810 1824 διανύσαι
2836 1771 2896 1823 τὸ
2937 1770 3174 1839 πέλαγος
3214 1771 3271 1821 ἐν
3302 1768 3526 1838 ἠσυχίξει⁸
3573 1767 3668 1821 καὶ

1993 1864 2102 1934 γάρ
2129 1864 2190 1916 τὸ
2217 1861 2360 1933 ὕδωρ
2383 1859 2539 1913 τοῦτο
2562 1858 2668 1923 ζῶν
2692 1860 2826 1911 ἐστι.
2852 1857 3118 1928 Καθάπερ
3142 1856 3297 1918 εἴτις
3320 1855 3492 1927 πυρὸς
3509 1855 3666 1908 λάϐοι

1997 1950 2191 2022 στόμα,
2223 1948 2394 2011 οὕτως
2425 1949 2454 2000 6
2492 1946 2701 2004 Παῦλον
2733 1945 2887 2009 εἰδὼς
2928 1944 3222 2010 στομοῦται
3250 1943 3301 1980 δ’
3335 1942 3586 2014 καθάπερ
3617 1939 3672 1994 ετ

1993 2054 2076 2101 τις
2107 2037 2380 2106 μάχαιραν
2396 2035 2573 2102 ὀξεῖαν
2604 2034 2739 2104 ἔχοι,
2767 2033 2939 2095 οὓτως
2969 2035 2996 2086 6
3031 2032 3271 2093 τοιοῦτος
3298 2031 3460 2090 πάλιν
3488 2028 3664 2084 ἀκάθ-

1995 2143 2154 2188 εκτος
2209 2125 2439 2194 γίνεται.
2475 2125 2587 2178 Καὶ
2621 2124 2758 2193 πρὸς
2790 2122 2852 2174 τὸ
2880 2122 3069 2191 νοῆσαι
3106 2121 3162 2172 δὲ
3201 2120 3268 2172 τά
3299 2118 3510 2172 Παύλου
3549 2117 3664 2186 βίου

1995 2213 2238 2284 καθαροῦ
2288 2213 2476 2265 δεῖται.
2528 2211 2626 2264 Διά
2671 2210 2828 2264 τοῦτο
2879 2211 2972 2262 καὶ
3016 2209 3194 2275 ἐλεγεο
3241 2209 3291 2260 Γ
3294 2206 3556 2270 ἀλακτος
3597 2205 3668 2257 ἐν

1994 2303 2166 2372 χρείᾳ
2203 2301 2552 2365 κατέστητε,
2582 2299 2710 2351 ἐπεὶ
2746 2295 2957 2365 νωθροὶ
2982 2297 3260 2365 γεγόνατε
3283 2293 3409 2358 ταῖς
3437 2290 3664 2357 ἀκοαῖς.

1998 2390 2152 2442 Ἐστι
2196 2389 2326 2457 γὰρ,
2377 2388 2526 2440 ἔστιν
2564 2386 2817 2439 ἀσθένεια
2867 2384 2965 2454 τῆς
3009 2384 3197 2452 ἀκοῆς.
3250 2383 3516 2450 Καθάπερ
3559 2379 3665 2450 γὰρ

1996 2477 2266 2547 στόμαχος
2312 2475 2413 2528 οὐκ
2446 2474 2512 2528 ἂν
2547 2473 2761 2537 δέξαιτο
2811 2470 3025 2540 ὑγιεινά
3064 2471 3208 2522 σιτία
3249 2470 3344 2521 καὶ
3367 2466 3668 2536 δυσκατέρ-

1993 2581 2169 2633 γαστα
2190 2604 2204 2627 ,
2238 2562 2470 2632 ἀσθενὴς
2509 2560 2605 2624 ῶν,
2653 2560 2795 2613 οὕτω
2826 2561 2917 2612 καὶ
2955 2557 3100 2627 ψυχὴ
3134 2555 3468 2625 ὀγκωθεῖσα,
3495 2554 3664 2622 φλεγ-

1996 2654 2280 2723 μαίνουσα,
2311 2651 2498 2713 ἄτονος
2530 2649 2798 2717 γενομένη
2836 2647 2928 2699 καὶ
2971 2645 3215 2706 ἔκλυτος,
3273 2644 3375 2696 οὐκ
3408 2641 3473 2695 ἂν
3501 2640 3663 2710 δυνη-

1994 2740 2110 2810 θείη
2145 2737 2402 2802 δέξασθαι
2445 2737 2536 2788 τὸν
2571 2734 2940 2804 πνευματικὸν
2971 2732 3150 2800 λόγον.
3200 2732 3398 2784 Ἄκουε
3427 2729 3535 2781 τῶν
3571 2745 3670 2797 μα-

1993 2827 2170 2897 θητῶν
2198 2825 2495 2894 λεγόντωνσ
2530 2822 2802 2890 Σκληρός
2842 2821 3011 2873 ἐστιν
3049 2821 3081 2872 ό
3129 2820 3312 2887 λόγος
3353 2812 3548 2881 οὗτος
3578 2815 3669 2881 τίς

1991 2913 2237 2967 δύναται
2262 2911 2446 2966 ὰύτοῦ
2481 2911 2755 2971 ἀκούειν;
2788 2910 2882 2960 Ἂν
2916 2908 2971 2960 δὲ
3014 2907 3208 2975 ἰσχυρὰ
3306 2905 3400 2956 καὶ
3431 2902 3663 2971 ὑγιεινὴ,

1994 3001 2170 3053 πάντα
2208 3001 2413 3070 ῥᾷστα,
2459 2998 2636 3051 πάντα
2679 2994 2910 3055 εὔκολα,
2959 2992 3268 3062 ὑψηλοτέρα
3315 2991 3522 3058 γίνεται
3572 2988 3668 3040 καὶ

1995 3086 2321 3155 κουφοτέρα,
2357 3085 2556 3154 μᾶλλον
2593 3082 2983 3152 μετεωρίζεται
3019 3081 3112 3133 καὶ
3144 3080 3221 3140 είς
3255 3077 3386 3146 ὕψος
3431 3075 3665 3145 αἴρεται.

1995 3173 2181 3228 Ταῦτα
2221 3169 2314 3226 οῦν
2349 3172 2545 3234 εἰδότες
2577 3169 2816 3239 ὑγιεινὴν
2847 3167 3002 3238 ἡμῶν
3037 3165 3538 3232 κατασκευάσωμεν
3569 3161 3669 3232 τὴν

1993 3259 2192 3330 ψυχὴν,
2235 3259 2327 3311 καὶ
2370 3257 2704 3328 ζηλώσωμεν
2748 3256 2839 3308 τὸν
2886 3252 3121 3317 Παῦλον,
3158 3251 3250 3305 καὶ
3297 3247 3668 3320 μιμησὼμεθα

1995 3348 2096 3417 τὴν
2121 3347 2378 3415 γενναίαν
2415 3347 2631 3414 ἐκείνην
2661 3345 2756 3396 καὶ
2787 3341 3154 3412 ἀδαμαντίνην
3184 3339 3382 3408 ψυχήνο
3422 3337 3509 3388 ἵνα
3544 3335 3666 3387 κατ’

1999 3433 2144 3505 ἴχνος
2165 3433 2272 3486 τῶν
2300 3433 2489 3500 ἐκείνῳ
2507 3432 2852 3502 βεϐιωμένων
2877 3428 3250 3500 πορευόμενοι,
3271 3423 3586 3495 δυνηθῶμεν
3608 3422 3670 3473 τὸ

1997 3520 2233 3588 πέλαγος
2283 3520 2378 3574 τοῦ
2425 3519 2692 3590 παρόντος
2741 3518 2857 3588 βίου
2910 3514 3272 3576 διαπλεῦσαι,
3317 3513 3412 3565 καὶ⁸
3457 3511 3534 3572 εἰς
3575 3510 3669 3562 τὸν

1995 3608 2307 3678 ἀκύμαντον
2340 3607 2537 3677 λιμένα
2569 3606 2938 3675 καταντῆσαι,
2973 3603 3068 3656 καὶ
3099 3602 3209 3654 τῶν
3240 3598 3669 3670 ἐπηγγελμένων

1996 3694 2218 3763 ἀγαθῶν
2239 3698 2349 3759 τοῖς
2370 3694 2537 3759 ἀξίως
2556 3694 2650 3747 τοῦ
2676 3691 2912 3763 Χριστοῦ
2933 3689 3139 3762 βιοῦσιν
3160 3690 3459 3758 ἐπιτυχεῖν,
3483 3686 3668 3756 χάριτι

1996 3782 2089 3834 καὶ
2129 3781 2511 3852 φιλανθρωπίᾳ
2567 3778 2664 3832 τοῦ
2707 3777 2915 3850 Κυρίου
2959 3775 3121 3848 ἡμῶν
3172 3774 3348 3845 Ἰησοῦ
3394 3770 3665 3843 Χριστοῦ,

1999 3868 2118 3940 μεθ’
2150 3864 2212 3924 οῦ
2235 3868 2314 3936 τῷ
2347 3869 2527 3940 Πατρὶ
2552 3866 2669 3938 ἅμα
2694 3866 2772 3937 τῷ
2794 3865 2935 3936 ἁγίῳ
2960 3863 3238 3935 Πνεύματι
3262 3862 3413 3926 δόξα,
3440 3859 3664 3930 κράτος,

1991 3959 2150 4030 τιμὴ,
2180 3958 2276 4012 νῦν
2320 3959 2417 4014 καὶ
2458 3957 2579 4023 ἀεὶ,
2614 3957 2709 4010 καὶ
2746 3958 2825 4020 είς
2866 3958 2995 4020 τοὺς
3044 3953 3248 4016 αἰῶνας
3284 3951 3393 4005 τῶν
3429 3948 3662 4004 αἰώνων.

2005 4048 2200 4118 Ἀμήν.

2056 4149 2086 4190 ὶι
2121 4147 2305 4198 Omnes
2330 4147 2438 4197 fere
2459 4161 2595 4204 ωδε..
2619 4149 2770 4204 οὕτως
2806 4149 2833 4196 6
2855 4144 3051 4196 Παῦλον
3073 4144 3210 4202 εἰδὼς
3227 4138 3510 4205 στομοῦται.
3534 4135 3664 4188 Εόίιὶ

1995 4213 2023 4262 6
2047 4209 2242 4266 Παῦλος
2265 4210 2388 4266 εἶδος
2408 4209 2692 4273 στομοῦται,
2717 4209 2921 4260 obscura
2941 4209 3110 4258 dictio.
