4056 6500
591 385 703 443 $85
2004 364 2376 425 P-KAEFATIO
3723 358 3819 412 588

1093 524 3800 552 m
3454 524 3800 528 ἠὼ

1653 739 2751 897 ΡΒᾸΕΡΑΤΙΟ

1949 1036 2058 1099 AD
2114 1035 2476 1099 HOMILIAS

1052 1254 1204 1366 IN
1292 1247 2174 1363 EPISTOLAM
2284 1247 2481 1357 AD
2592 1238 3363 1357 ROMANOS.

1886 1505 2407 1538 -εάοθῠ-

670 1731 815 1787 lnter
833 1731 1187 1803 elegantiores
1207 1740 1263 1786 et
1286 1724 1756 1801 praestantissima
1781 1724 2149 1797 Chrysostomi
2179 1723 2469 1779 conciones
2498 1719 2742 1775 llomilize
2782 1718 2835 1774 in
2870 1718 3161 1788 Epistolam
3190 1717 3258 1773 ad
3285 1717 3564 1773 Romanos
3595 1732 3834 1773 censen-

601 1835 712 1881 tur.
766 1824 857 1880 llis
901 1826 1045 1880 enim
1096 1824 1401 1880 accuratius
1456 1820 1845 1878 concinnandis
1893 1836 2109 1891 operam
2167 1818 2321 1874 Dedit
2358 1816 2547 1871 doctor
2600 1821 2804 1874 noster,
2840 1811 2968 1882 quia
3008 1810 3062 1865 in
3099 1811 3201 1866 hac
3236 1811 3461 1881 epistola
3500 1826 3598 1866 sua
3642 1811 3839 1865 Paulus

597 1918 828 1973 obscura
887 1918 1287 1984 humanumque
1338 1917 1675 1971 ratiocinium
1727 1913 2105 1983 essuperantia
2147 1912 2315 1966 multa
2354 1908 2739 1970 admiscuerat,
2771 1920 2891 1975 qua
2941 1904 3222 1977 ingenioso
3264 1920 3329 1959 ac
3385 1914 3613 1960 strenuo
3667 1905 3836 1959 inter-

545 2052 561 2061 .
603 2017 755 2077 prete
779 2025 914 2078 opus
939 2010 1157 2064 habent.
1190 2006 1533 2077 Explicandis
1560 2004 1771 2059 arcanis
1801 2003 1904 2056 illis
1934 2002 2222 2073 mysteriis,
2246 2016 2365 2072 qua:
2394 2002 2591 2071 passim
2621 2001 2674 2056 in
2707 2003 2807 2058 hac
2834 2004 2983 2059 Pauli
3014 2003 3239 2072 epistola
3278 2010 3597 2063 occurrunt,
3633 2006 3839 2078 tantam

600 2075 836 2153 luannes
890 2109 1074 2155 noster
1116 2075 1365 2153 adhibuit
1416 2112 1658 2166 operam,
1714 2104 1768 2148 ut
1822 2093 1906 2147 vix
1956 2108 2139 2162 parem
2197 2093 2251 2146 in
2301 2092 2517 2161 scriptis
2566 2092 2687 2162 ejus
2734 2092 3132 2162 deprehendas.
3177 2092 3246 2147 Et
3278 2100 3427 2147 certe
3460 2089 3630 2144 multa
3664 2090 3720 2142 in
3753 2075 3837 2141 illa

603 2194 871 2250 habentur
900 2192 1041 2247 circa
1070 2192 1294 2261 gratiam
1350 2198 1405 2243 et
1447 2186 1993 2256 pnedcstinationem,
2029 2202 2149 2255 qua:
2192 2185 2641 2255 peritissimorum
2688 2183 2904 2255 ingenia
2948 2192 3255 2246 exerceant.
3288 2194 3517 2252 qumque
3568 2197 3679 2235 non
3723 2182 3840 2236 sine

602 2285 822 2341 errandi
857 2283 1098 2354 periculo
1125 2281 1344 2336 tractari
1376 2287 1623 2349 possunt,
1646 2278 1751 2332 nisi
1776 2292 1969 2348 magna
2000 2277 2178 2331 cautio
2206 2277 2547 2331 adhibeatur.
2574 2275 2766 2329 Mirum
2806 2285 3070 2346 quantum
3104 2275 3353 2330 homilias
3393 2276 3552 2329 hasce
3606 2273 3842 2328 Isidorus

605 2380 872 2435 Pelusiota
905 2377 1277 2437 celebraverit,
1306 2376 1397 2444 qui
1429 2374 1507 2428 sic
1537 2374 1699 2427 habet
1720 2373 1811 2426 lib.
1845 2372 1877 2425 5
1900 2376 1951 2424 in
1978 2370 2207 2440 Epistula

2242 2370 2310 2424 52
2336 2370 2401 2425 ad
2435 2369 2699 2425 lsidorum
2735 2369 3022 2425 diaconum
3053 2390 3066 2424 :
3099 2370 3185 2423 Ἑν
3214 2374 3279 2439 τῇ
3310 2369 3577 2441 ἑρμηνείᾳ
3604 2371 3673 2438 τῇ
3707 2384 3842 2438 προς

614 2469 913 2539 Ῥωμαίους
956 2468 1187 2537 μάλιστα
1217 2468 1247 2535 ἡ
1285 2466 1528 2518 Ἰωάννου
1556 2463 1647 2516 τοῦ
1684 2462 1957 2530 πινσόφου
1996 2462 2155 2531 σοφία.
2188 2460 2633 2532 τεθησιύρισται·
2680 2457 2832 2531 οἶμαι
2858 2461 2988 2532 γὰρ.
3016 2462 3109 2514 καὶ
3145 2462 3218 2531 μή
3259 2478 3343 2521 τις
3374 2460 3511 2530 πρὸς
3560 2460 3724 2530 χάριν
3752 2460 3841 2512 λι-

602 2577 723 2631 7th
772 2559 1053 2632 νομιζέτω,
1089 2559 1169 2611 ὅτι
1215 2561 1263 2612 ει
1304 2556 1334 2608 6
1390 2553 1599 2616 Παῦλος
1662 2556 1689 2604 ὁ
1740 2551 2022 2612 θεσπέσιος
2072 2552 2323 2620 Ἀττικὴν
2373 2551 2561 2619 εἴληφε
2606 2550 2874 2618 γλῶτταν,
2920 2551 3060 2604 ὥστε
3107 2552 3296 2603 ἑαυτὸν
3334 2549 3693 2620 ἑρμηνεῦσιι.
3745 2551 3846 2604 οὐκ

606 2656 673 2709 ἂν
702 2653 874 2715 ἄλλως
904 2652 1266 2723 ήρμήνευσεν.
1302 2647 1336 2718 ἢ
1366 2647 1440 2709 ὡς
1472 2649 1498 2698 ὁ
1530 2645 1922 2714 προειρημένος
1945 2643 2189 2714 ἀοίδιμος
2228 2645 2395 2713 ἁνήρ·
2425 2642 2567 2697 οὕτω
2601 2642 2694 2697 καὶ
2727 2643 3095 2715 ἑνθῡμήμασι,
3134 2645 3225 2696 καὶ
3262 2643 3447 2696 κάλλει
3469 2644 3561 2696 καὶ
3598 2642 3847 2711 κυριολεο

608 2744 697 2815 είᾳ
727 2743 1114 2813 κεκόσμηταιὴ
1145 2739 1427 2810 ἑρμηνεία.
1459 2737 1514 2791 Id
1542 2747 1623 2791 cst
1650 2756 1661 2788 :
1704 2735 1766 2790 In
1796 2738 2169 2789 conmentario
2200 2756 2210 2787 ι

2245 2738 2428 2789 ιαπὶηιε
2464 2737 2517 2789 in
2551 2736 2843 2805 Epistolam
2872 2737 2942 2789 ad
2974 2736 3236 2790 Romanos
3264 2735 3597 2805 sagacissimi
3620 2734 3847 2789 Joannis

605 2835 880 2904 sapientia:
930 2831 1157 2885 thesauri
1209 2828 1681 2907 deprehenduntur.
1745 2825 1877 2879 Puto
1931 2827 2111 2890 enim;
2160 2844 2222 2879 ac
2267 2843 2329 2879 ne
2385 2828 2501 2896 quis
2555 2844 2635 2879 me
2689 2830 2760 2880 ad
2815 2828 3048 2897 gratiam
3106 2827 3247 2897 loqui
3305 2830 3563 2883 existimet
3607 2844 3626 2881 :
3662 2844 3709 2881 ει
3764 2828 3847 2880 di—

607 2930 756 2981 cinus
806 2925 1001 2979 Paulus
1056 2923 1230 2977 Attica
1286 2938 1409 2975 usus
1452 2920 1629 2990 lingua
1683 2920 2015 2987 semetipsum
2074 2918 2455 2988 interpretatus~
2498 2920 2701 2986 fuisset,
2757 2934 2859 2971 non
2904 2920 3013 2972 alio
3061 2921 3213 2973 modo
3260 2920 3619 2987 expositurum
3667 2921 3847 2989 fuisse,

610 3034 770 3090 quam
814 3023 1128 3069 memoratus
1171 3012 1472 3081 (crispicans
1494 3011 1572 3063 vir
1600 3025 1619 3063 :
1642 3010 1719 3062 ita
1756 3024 1937 3075 nempe
1968 3025 2140 3072 sensu,
2172 3010 2433 3079 elegantia
2464 3019 2510 3062 et
2545 3010 2818 3064 verborum
2847 3011 3167 3081 praprietate
3194 3011 3307 3081 ejus
3339 3012 3708 3089 interpretatio
3755 3032 3845 3069 or-

612 3121 795 3168 natur.

682 3198 780 3255 Alii
813 3211 1026 3266 quoque
1050 3195 1190 3251 docti
1213 3195 1311 3249 viri
1342 3194 1585 3249 eamdem
1628 3194 1695 3249 de
1732 3193 1880 3248 hisce
1901 3193 2260 3249 concionibus
2288 3192 2613 3247 sententiam
2646 3195 2949 3265 proferunt.
2986 3196 3189 3253 Omnes
3216 3200 3451 3269 denique
3478 3200 3567 3256 hic
3599 3216 3851 3273 magnam

616 3296 814 3371 ingenii
845 3292 1217 3355 subtilitatem,
1252 3292 1441 3347 orandi
1474 3292 1581 3346 vim
1612 3301 1666 3346 et
1694 3290 2011 3361 elegantiam
2041 3288 2479 3358 deprehendunt,
2510 3295 2673 3357 atque
2702 3290 2939 3344 nativam
2974 3292 3092 3360 ejus
3128 3292 3515 3362 eloquentiam,
3540 3295 3849 3366 stylumquo

612 3388 823 3445 caeteris
849 3384 1217 3454 Chrysostomi
1254 3384 1507 3453 Operibus
1528 3384 1606 3438 sic
1635 3382 1871 3445 amnem,
1902 3390 2087 3435 utnon
2115 3380 2184 3435 sit
2209 3396 2371 3434 ovum
2398 3396 2501 3435 ovo
2534 3382 2763 3436 similius
2802 3396 2816 3435 :
2848 3382 2919 3437 ita
2950 3393 3006 3438 ut
3035 3400 3104 3439 ne
3131 3400 3276 3440 unus
3308 3386 3528 3456 quidem
3560 3388 3852 3447 dubitave-

614 3480 705 3544 rit,
742 3476 871 3548 quin
901 3474 1002 3527 hoc
1024 3471 1094 3525 sit
1122 3487 1308 3527 verum
1332 3482 1386 3528 et
1407 3488 1724 3543 germanum
1748 3470 2119 3541 Chrysostomi
2151 3484 2311 3539 opus.

685 3572 800 3625 Non
827 3589 924 3643 par
948 3582 1250 3627 consensus
1281 3566 1605 3636 scriptorum
1634 3574 1715 3619 est
1746 3566 1887 3617 circa
1920 3562 2119 3629 locum,
2152 3562 2241 3616 ubi
2272 3558 2433 3617 hasce
2464 3563 2754 3618 conciones
2784 3564 2971 3619 habuit
2999 3564 3437 3637 Chrysostomus.
3472 3566 3625 3642 [M8]
3644 3570 3850 3637 Qua-ri-

614 3669 703 3717 tur
734 3662 896 3725 enim,
924 3660 1295 3717 Antiochiam:
1321 3674 1389 3713 an
1424 3656 1887 3725 Constantinopoli
1923 3656 2037 3710 hate
2062 3655 2451 3724 praedicaverit.
2488 3655 2719 3711 Savilius
2750 3658 3051 3714 Antiochiae
3076 3659 3249 3716 dictas
3276 3662 3535 3717 Homilias
3564 3664 3630 3717 ad
3656 3665 3851 3721 Roma-

614 3766 716 3805 nos
745 3751 911 3805 fuisse
938 3752 1213 3821 opinatur,
1245 3748 1568 3803 auctoritate
1594 3747 1788 3802 ductus
1817 3745 2014 3809 Photii,
2039 3745 2129 3814 qui
2164 3746 2237 3801 ait
2266 3745 2632 3803 Antiochenas
2668 3748 3039 3820 Chrysostomi
3071 3751 3320 3805 homilias
3346 3753 3849 3828 Constantin0poli-

616 3843 759 3900 tanis
780 3820 1019 3913 ejusdem
1060 3856 1179 3896 esse
1204 3839 1584 3911 elegantiores.
1610 3837 1747 3892 Cum
1778 3837 1985 3891 videret
2014 3852 2141 3907 ergo
2165 3836 2397 3891 Savilius
2427 3838 2525 3893 has
2553 3839 2845 3894 conciones
2876 3850 3135 3909 praestare
3157 3841 3381 3908 salibus,
3415 3846 3597 3900 nervis
3640 3820 3852 3906 (ξι-ειδ-

613 3936 854 4006 quentia,
890 3932 1188 3987 Antiochia
1217 3930 1569 3985 concinnatas
1613 3937 1668 3982 et
1701 3926 1912 3982 habitas
1944 3926 2110 3981 fuisse
2142 3926 2535 3995 pronuntiavit.
2562 3927 2760 3982 Verum
2798 3928 2913 3983 haec
2943 3927 3121 3984 Pbotii
3158 3938 3286 3985 nota
3313 3932 3523 3996 critica.
3557 3951 3680 4006 qua:
3709 3953 3853 4011 sape

614 4044 740 4084 vera
769 4042 888 4082 esse
934 4026 1333 4095 comprobatur,
1370 4022 1659 4077 nonnullas
1699 4020 1861 4074 habet
1888 4020 2253 4089 exceptiones.
2295 4020 2598 4088 Aliquando
2635 4022 2778 4074 enim
2823 4021 3443 4094 Constantinopolitanae
3474 4027 3851 4103 Chrysostomi

614 4121 902 4177 conciones
930 4119 1172 4188 quzedam
1206 4114 1442 4171 homiliis
1466 4114 1671 4183 aliquot
1700 4112 2053 4166 Antiochcnis
2076 4112 2339 4182 elegantia
2377 4123 2504 4167 sunt
2525 4106 2943 4181 antepon'cmdaa.

687 4209 1059 4263 Tillemontius
1080 4224 1225 4272 vero,
1243 4208 1333 4277 qui
1360 4205 1546 4275 maiori
1578 4205 1923 4259 accuratione
1953 4213 2008 4259 et
2030 4204 2321 4270 sagacitate
2351 4222 2435 4259 res
2461 4216 2691 4259 tractare
2719 4207 2875 4268 solet,
2899 4206 3074 4260 allatis
3099 4207 3223 4263 hinc
3249 4219 3305 4264 et
3330 4210 3458 4266 inde
3478 4212 3851 4285 Chrysostomi

618 4295 769 4358 locis,
797 4304 850 4349 et
879 4294 1116 4349 excussis
1140 4296 1390 4362 utrinque
1417 4292 1735 4355 rationibus,
1765 4306 2059 4360 suspensus
2090 4293 2279 4356 hazrct,
2306 4308 2407 4348 nec
2432 4294 2699 4348 alIirmare
2729 4295 2911 4359 audet,
2949 4303 3068 4349 utra
3099 4300 3151 4350 in
3180 4298 3400 4356 civitate
3445 4304 3528 4360 hae
3556 4311 3853 4369 conciones

615 4390 774 4445 dieue
797 4388 1015 4443 l‘ncrint.
1047 4384 1245 4438 Verum
1275 4384 1693 4453 Chrysostomus
1728 4390 1916 4450 aperte
1961 4382 2092 4436 dicit
2120 4391 2175 4436 et
2210 4397 2267 4436 se
2292 4393 2344 4437 ct
2380 4384 2656 4437 auditores
2700 4398 2825 4438 suos
2868 4392 3139 4453 pastorem
3173 4387 3394 4456 habere,
3428 4394 3613 4464 utique
3644 4398 3854 4456 Flavia-

616 4496 769 4546 num,
802 4479 955 4549 queis
986 4476 1250 4545 signiﬁcat
1279 4490 1336 4528 se
1375 4475 1747 4544 presbyterum
1777 4474 2078 4529 Antiochize
2104 4475 2449 4529 concionare.
2480 4475 2560 4528 En
2596 4476 2715 4543 ejus
2746 4475 2907 4529 verba
2939 4476 3155 4532 bomilia
3196 4490 3385 4536 octava
3423 4486 3548 4555 (col.
3578 4490 3707 4561 464)
3738 4511 3753 4547 :
3788 4496 3852 4548 Τί

615 4575 822 4640 λέγειςς
874 4573 1004 4641 ὁρᾷς
1052 4569 1259 4631 πάντας
1312 4569 1458 4637 ἡμᾶς
1508 4568 1613 4620 ὑπὸ
1662 4569 1771 4629 τοῖς
1805 4569 1987 4632 αὐτοῖς
2022 4571 2255 4639 τείχεσιν
2296 4571 2473 4632 ὄντας.
2513 4569 2617 4622 ὑπὸ
2662 4570 2753 4622 τὸν
2797 4570 2961 4623 αὐτὸν
3005 4575 3102 4642 τῆς
3152 4576 3449 4645 ἐκκλησίας
3504 4586 3694 4653 σηκὸν,
3750 4590 3853 4645 ὑπὸ

613 4667 714 4735 τὴν
744 4665 911 4736 αὐτὴν
945 4663 1182 4733 μάνδραν
1221 4661 1609 4732 μεθ’ὁμονοέας
1643 4662 1905 4723 ἑστῶτας.
1938 4663 2123 4715 οὐδένα
2155 4664 2480 4733 μαχόμενον,
2512 4662 2615 4715 ὑπὸ
2646 4662 2723 4731 τῷ
2757 4663 2908 4731 αὐτῷ
2942 4664 3181 4731 ποιμένι,
3211 4671 3364 4739 κοινῇ
3403 4670 3666 4740 βοῶντας,
3702 4684 3849 4753 κοινῇ

616 4758 723 4811 τῶν
763 4757 1073 4827 λεγομένων
1116 4755 1517 4826 ἀκροωμένους,
1555 4759 1705 4825 κοινῇ
1741 4756 1837 4818 τὰς
1865 4756 2027 4823 εὐχὰς
2060 4756 2501 4827 ἀναπέμποντας,
2536 4757 2631 4810 καὶ
2660 4757 2842 4826 μάχης
2887 4756 3161 4826 μέμνησαι
3204 4760 3299 4813 καὶ
3332 4763 3611 4832 στάσεω;;
3658 4770 3851 4841 Μάχης

621 4848 923 4917 μέμνημαι,
960 4848 1053 4899 καὶ
1094 4846 1155 4898 οὺ
1199 4846 1459 4915 μαίνομαι
1500 4844 1617 4898 οὐδὲ
1656 4846 1941 4915 ὲξὲειτηκα.
1993 4847 2134 4913 ’0ρῶ
2175 4848 2273 4916 μὲν
2308 4848 2413 4915 γὰρ
2444 4847 2478 4901 ἆ
2508 4848 2637 4919 ὁρῶ,
2678 4849 2771 4900 καὶ
2801 4842 2937 4911 οἶδα,
2976 4847 3057 4899 ὅτι
3100 4848 3203 4901 ὑπὸ
3234 4851 3325 4903 τὸν
3356 4853 3521 4922 σηκὸν
3567 4857 3660 4910 τὸν
3691 4861 3850 4916 αὐτόν

616 4941 781 5009 ἐσμεν
812 4940 902 4993 καὶ
931 4940 1019 4992 τὸν
1048 4938 1295 5007 ποιμένα..
1329 4937 1385 4990 ω
1418 4947 1499 4991 est
1530 4956 1541 4988 :
1572 4936 1706 5001 Quid
1738 4939 1863 4991 ais?
1896 4957 1985 4992 nos
2011 4956 2187 4993 omnes

2248 4939 2353 4993 ides
2383 4940 2520 4993 intra
2552 4941 2754 4993 eosdem
2786 4940 3029 5006 parietes,
3061 4941 3115 4993 in
3161 4958 3264 4995 una
3310 4945 3594 5017 eodemque
3623 4952 3848 5008 ecclesiae

614 5043 782 5100 septo,
809 5034 863 5085 in
902 5034 1073 5085 eodem
1102 5032 1224 5085 ovili
1260 5032 1658 5085 contentissime
1682 5044 1966 5095 versantes,
1993 5035 2247 5086 neminem
2282 5046 2620 5103 pugnantem,
2657 5034 2749 5086 sub
2773 5035 2949 5086 eodem
2979 5044 3209 5101 pastore,
3249 5036 3411 5089 simul
3438 5037 3747 5105 clamantes,
3779 5047 3849 5099 si-

616 5124 727 5179 mul
752 5127 892 5178 dicta
926 5126 1212 5188 audientes,
1246 5125 1401 5177 simul
1430 5142 1604 5192 preces
1639 5127 1945 5183 eminentes,
1981 5136 2027 5178 et
2060 5144 2287 5196 pugnant
2317 5129 2722 5196 seditionemque
2758 5127 3057 5178 memoras?
3090 5124 3331 5198 Pugnant
3360 5146 3612 5193 memoro,
3649 5149 3741 5186 nec
3764 5136 3847 5187 in-

613 5218 783 5278 sanio,
821 5234 910 5269 nec
941 5227 1107 5268 mente
1148 5225 1325 5283 captus
1365 5233 1500 5270 sum.
1538 5217 1689 5270 Video
1716 5220 1851 5271 enim
1888 5219 1977 5269 illa
2014 5234 2127 5286 qua:
2166 5220 2328 5282 video,
2353 5220 2557 5287 scioque
2589 5235 2677 5270 nos
2703 5218 2794 5271 sub
2829 5220 3004 5271 eodem
3040 5230 3184 5288 septo
3212 5237 3318 5273 esse
3354 5231 3401 5274 et
3440 5231 3670 5291 pastore.
3706 5225 3847 5290 Quid

614 5307 853 5364 clarius?
880 5308 1243 5362 Concionator
1271 5309 1382 5376 ipse
1421 5306 1838 5377 Chrysostomus
1867 5312 2089 5379 perinde
2120 5321 2280 5379 atque
2311 5312 2540 5381 populus
2575 5311 2676 5364 sub
2704 5320 2917 5379 pastore
2945 5320 3046 5374 est,
3078 5328 3273 5381 nempe
3315 5314 3415 5367 sub
3448 5312 3706 5370 Flaviano
3731 5319 3846 5387 epi-

613 5412 801 5464 scopo,
835 5397 1167 5465 proindeque
1200 5396 1570 5451 Antiochenos
1594 5400 1899 5467 alloquitur,
1928 5417 2034 5452 non
2066 5409 2245 5454 alitem
2275 5400 2927 5471 Constantinopolitanos,
2957 5418 3185 5471 quorum
3220 5403 3356 5473 ipse,
3384 5405 3512 5458 dum
3535 5406 3849 5464 Constanti-

613 5488 793 5557 nopoli
828 5498 991 5552 esset,
1022 5500 1200 5557 pastor
1226 5491 1529 5560 praecipuus
1564 5502 1618 5545 ct
1642 5494 1923 5562 cpisc0pu<
1953 5511 2167 5563 semper
2192 5495 2306 5548 fuit.
2340 5496 2396 5548 ln
2434 5495 2618 5549 multis
2649 5496 2881 5548 antehac
2918 5497 3169 5560 homiliis,
3207 5498 3296 5550 ubi
3335 5507 3608 5565 pastorem
3656 5515 3847 5569 supre-

615 5596 761 5633 mum
795 5578 1079 5632 memorari
1111 5580 1608 5642 animadvertimus,
1635 5582 1813 5636 statim
1848 5584 2163 5639 concionem
2193 5585 2491 5640 Antiochia:
2518 5586 2753 5642 habitam
2788 5584 2952 5642 fuisse
2979 5604 3101 5640 cum
3134 5586 3483 5643 Tilleinontio
3523 5589 3845 5656 pronuntia-

617 5686 813 5724 Vltlllls.

684 5761 841 5835 Quid,
882 5759 1021 5830 quod
1084 5760 1241 5814 etiam
1300 5776 1357 5814 sc
1410 5762 1707 5819 Antiochia:
1764 5767 2172 5821 ρυιιςὶυιιιιιιιριυ
2230 5785 2347 5824 esse
2395 5786 2476 5823 nc-
2540 5769 2769 5824 obscure
2820 5769 2925 5824 alio
2970 5770 3019 5824 in
3068 5771 3185 5824 loco
3230 5768 3540 5839 signiﬁcat?
3597 5770 3654 5826 ld
3696 5781 3841 5828 certe
