4056 6516
328 415 432 470 537
1402 405 1494 461 AD
1533 402 1768 461 HOMIL.
1815 401 1884 458 IN
1925 402 1930 456 l

1996 403 2146 458 ηδτ.
2185 405 2274 457 an
2315 403 2479 471 non,
3491 390 3598 447 ass

318 526 440 596 ipso
467 522 816 578 Tillemoutio
851 523 987 576 duce
1033 517 1539 581 animadvertimus,
1575 515 1792 570 homilia
1825 528 2022 583 nempe
2054 512 2325 583 trigesima
2359 510 2485 580 (col.
2519 508 2668 577 666),
2704 507 2794 562 ubi
2839 507 2920 562 sic
2950 506 3211 578 populum
3257 505 3598 576 alloquitur:

319 623 367 674 et
410 620 518 688 γὰρ
560 618 702 687 μετά
742 615 994 668 τοσοῦτον
1029 613 1220 684 χρόνον
1255 612 1539 673 εἰσιόντες,
1571 608 1698 661 ἔνθα
1730 607 1913 676 ἔμεινε
1952 603 2188 670 Παῦλος,
2231 603 2361 657 ἔνθα
2406 602 2587 673 ιδέθη,
2633 601 2764 655 ἔνθα
2805 600 3129 654 συνεκάθισε
3176 601 3272 653 καὶ
3324 597 3597 673 διελέχθη,

319 709 692 779 πτερούμεθα,
744 708 837 762 καὶ
889 707 1026 777 πρὸς
1072 703 1172 775 τὴν
1229 705 1450 774 μνήμην
1496 701 1597 771 τῆς
1635 699 1855 769 ἡμέρας
1911 695 2020 751 ἀπὸ
2069 696 2178 750 τῶν
2221 695 2404 748 τόπων
2449 692 2961 764 παραπεμπόμεθα·
3019 691 3100 744 ἔτι
3150 691 3433 761 νεωτέρων
3487 693 3601 746 τῶν

320 804 666 874 πραγμάτων
703 803 893 865 ὄντων,
915 801 967 854 τί
995 800 1226 870 πάσχειν
1259 798 1406 862 είκὺς
1444 797 1571 860 τοὺς
1604 795 1721 867 μετ’
1755 794 1922 848 εὐλαδ

1993 810 2042 857 ις
2069 792 2309 862 ξενοδοχς
2324 795 2512 858 "avrae;
2554 790 2610 846 Id
2643 800 2770 845 est:
2813 791 2956 844 Nam
3003 791 3050 843 si
3080 806 3172 843 nos
3213 799 3333 858 post
3384 798 3595 843 tantum

319 898 568 966 temporis
594 897 826 966 spatium
852 894 942 948 illo
967 893 1209 964 ingressi,
1240 891 1328 945 ubi
1353 889 1561 944 Paulus
1590 889 1859 948 manebat,
1894 885 2205 956 ubi'ligatus
2241 894 2338 948 est,
2367 884 2458 938 ubi
2478 884 2614 938 sedit
2637 893 2689 937 et
2731 881 2998 946 disseruit,
3037 883 3191 952 quasi
3220 882 3322 935 alis
3351 882 3595 936 assumtis

318 993 594 1062 erigimur,
627 1000 674 1044 et
699 992 769 1043 ad
800 990 905 1042 diei
943 987 1087 1040 illius
1127 985 1540 1040 recordationem
1574 999 1638 1036 ea:
1672 982 1798 1035 locis
1829 982 1961 1050 ipsis
1990 980 2312 1034 remittimur
2343 995 2361 1031 :
2389 994 2506 1030 cum
2537 991 2619 1029 res
2649 975 2777 1044 ipsa:
2809 975 3074 1037 adessent,
3108 991 3210 1044 quo
3249 991 3353 1028 non
3410 974 3602 1044 aﬁ'ectt;

321 1083 663 1138 movebantur
681 1081 783 1144 illi,
813 1081 903 1150 qui
929 1096 1047 1132 cum
1077 1079 1274 1146 pietate
1305 1075 1459 1129 illum
1485 1073 1856 1129 exciuiebant?
1887 1072 1945 1126 In
1979 1071 2067 1124 illa
2100 1071 2264 1141 igitur
2292 1069 2510 1124 civitate
2547 1066 2896 1137 praedicabat,
2939 1066 3030 1121 ubi
3065 1067 3266 1121 Paulus
3295 1076 3601 1131 manserat,

321 1181 411 1236 ubi
463 1195 522 1234 se
570 1179 836 1234 adeuntes
881 1175 1279 1245 alloquebatur,
1320 1171 1466 1226 unde
1513 1169 1671 1226 facile
1721 1169 2014 1224 adibantur
2051 1167 2188 1232 loca,
2223 1167 2312 1221 ubi
2357 1165 2556 1220 Paulus
2605 1164 2804 1236 ligatus
2845 1162 3056 1224 fuerat;
3103 1162 3155 1216 in
3193 1160 3341 1234 [ιιιη
3388 1162 3602 1217 duabus

317 1281 505 1328 autem
569 1277 776 1325 tantum
826 1267 1138 1324 civitatibus
1191 1264 1510 1335 praedicavit
1555 1262 1797 1318 Joannes
1850 1260 2306 1332 Chrysostomus,
2353 1259 2658 1314 Antiochiae
2713 1268 2769 1314 et
2818 1257 3296 1328 Constantinopoli
3352 1275 3367 1310 :
3417 1271 3602 1311 annon

324 1362 685 1433 conspicuum
713 1361 940 1416 omnino
968 1368 1051 1415 est
1086 1397 1102 1423 ,
1140 1358 1230 1414 hic
1255 1358 1325 1414 de
1355 1355 1651 1412 Antiochia
1681 1367 1994 1410 sermonem
2031 1353 2265 1408 haberi?
2291 1353 2424 1408 Nam
2460 1352 2701 1424 Byzantii
2734 1367 3016 1423 nunquam
3048 1352 3209 1407 sedes
3233 1349 3426 1406 habuit
3453 1350 3604 1421 Apo-

318 1453 514 1509 utolus.

389 1543 569 1600 Haeret
603 1553 784 1600 tamen
830 1543 1010 1599 adhuc
1057 1540 1442 1597 Tillemontius
1490 1549 1548 1596 et
1579 1553 1800 1596 causam
1851 1539 2095 1595 hau-cudi
2132 1538 2341 1608 profert
2391 1553 2456 1591 ex
2501 1536 2606 1592 line
2661 1535 2901 1592 homilite
2939 1535 3215 1607 vigesima:
3261 1551 3444 1600 nonat,
3511 1533 3602 1589 ubi

315 1637 741 1708 Cbrysostomus
805 1651 866 1691 se
915 1643 1191 1705 pastorem
1247 1633 1398 1700 dicit,
1445 1643 1501 1690 et
1553 1634 1790 1705 pastoris
1840 1632 2016 1689 ofﬁcia
2061 1647 2502 1687 commemorans
2545 1631 2617 1686 ita
2672 1631 2876 1686 claudit
2918 1647 2932 1684 :
2977 1630 3162 1683 Ταῦτα
3211 1629 3270 1682 δέ
3328 1646 3419 1700 μοι
3473 1628 3605 1699 περὶ

315 1733 559 1803 ἀρίστων
585 1731 804 1804 εῐρηται
824 1729 1121 1801 ποιμένων,
1150 1728 1213 1783 οῦ
1245 1729 1376 1800 περὶ
1398 1727 1640 1800 ἐμαυτοῦ
1666 1729 1759 1784 καὶ
1790 1727 1900 1781 τῶν
1925 1727 2048 1782 καθ’
2067 1729 2239 1798 ἡμᾶς,
2269 1725 2386 1779 ἀλλ’
2418 1726 2471 1779 εί
2501 1742 2584 1789 τις
2608 1724 2869 1788 τοιοῦτος,
2894 1719 3006 1787 oz'o;
3037 1726 3066 1778 ὁ
3107 1721 3317 1786 Παῦλος
3355 1717 3445 1794 ἦν,
3492 1715 3605 1786 οἷος

314 1828 349 1882 ὁ
406 1828 630 1898 Πέτρος,
696 1819 809 1889 οἷος
859 1825 889 1879 ὁ
928 1823 1194 1896 Μωῦσῆς.
1246 1823 1486 1888 Τούτους
1536 1819 1631 1879 οὖν
1676 1823 1916 1896 μιμησώι

2006 1828 2054 1877 ια
2106 1823 2201 1877 καὶ
2244 1822 2506 1894 ἄρχοντες
2538 1819 2637 1874 καὶ
2677 1820 2994 1890 ἀρχόμενοι.
3039 1819 3098 1874 Id
3127 1829 3212 1874 est
3243 1838 3256 1872 :
3282 1821 3410 1873 Ha'c
3449 1835 3608 1890 porro

320 1937 356 1973 α
395 1936 476 1972 me
507 1918 649 1972 dicta
679 1927 800 1972 sunt
835 1918 900 1972 de
927 1918 1141 1986 optimis
1175 1917 1496 1987 pastoribus.
1532 1934 1634 1972 non
1661 1918 1724 1972 de
1756 1934 1838 1972 me
1860 1919 2018 1987 ipso;
2052 1917 2144 1971 sed
2172 1917 2221 1971 si
2263 1917 2380 1987 quis
2407 1914 2533 1968 talis
2568 1915 2635 1968 sit
2669 1915 2844 1985 qualis
2885 1911 3089 1968 Paulus
3125 1923 3259 1976 erat,
3297 1913 3473 1982 qualis
3505 1911 3609 1967 Pe-

319 2025 454 2072 trus.
481 2012 655 2082 qualis
679 2011 895 2081 Moyses.
928 2011 1035 2066 Hos
1082 2011 1264 2082 itaque
1318 2012 1592 2066 imitemur
1633 2022 1682 2066 et
1721 2012 1959 2084 prtrfecti
2006 2021 2054 2065 et
2095 2010 2308 2064 subditi.
2345 2007 2458 2063 Hoc
2497 2024 2606 2062 uno
2645 2007 2913 2064 abductus
2958 2006 3277 2061 testimonio
3307 2004 3608 2060 Tillemon-

322 2107 432 2163 tius
462 2123 491 2159 a
527 2106 736 2178 judicio
758 2105 983 2161 ferendo
1009 2106 1295 2175 abstinuit,
1333 2105 1445 2163 nec
1466 2107 1765 2162 decernere
1804 2107 1977 2162 voluit
2004 2106 2383 2160 Antiochi-tene
2411 2120 2481 2158 an
2515 2092 2994 2171 ConstantinOpoli
3038 2101 3136 2156 has
3167 2101 3466 2156 conciones
3505 2099 3608 2186 ba-

323 2201 529 2256 buerit.

400 2298 586 2352 Laudo
610 2297 861 2367 equidem
891 2296 1024 2351 tanti
1053 2295 1153 2350 viri
1189 2295 1588 2350 consideratam
1622 2294 1676 2348 in
1699 2291 1908 2363 judicio
1935 2291 2163 2348 ferendo
2194 2294 2527 2358 tarditatem,
2550 2308 2673 2362 qua:
2707 2292 2759 2344 in
2786 2291 3007 2361 scriptis
3045 2291 3159 2345 suis
3191 2288 3243 2343 in
3276 2289 3410 2345 orbe
3448 2287 3610 2343 Chri-

321 2390 504 2444 stiano
537 2399 646 2444 tam
674 2388 959 2443 celebratis
989 2387 1194 2458 passim
1222 2387 1693 2457 deprehenditur;
1727 2395 1784 2440 at
1819 2385 1908 2440 hic
1927 2395 2077 2441 certe
2101 2385 2317 2441 videtur
2342 2386 2474 2440 mihi
2509 2386 2732 2442 nimiam
2767 2385 3031 2442 adhibere
3079 2385 3414 2440 cautionem.
3469 2383 3612 2438 Dicit

323 2483 750 2552 Chrysostomus
779 2498 838 2537 se
865 2481 966 2536 sub
998 2489 1217 2552 pastore
1252 2495 1395 2545 esse,
1419 2481 1625 2535 scilicet
1648 2481 1749 2535 sub
1777 2479 2034 2533 Flaviano
2062 2479 2370 2534 Antiochiae
2391 2481 2687 2550 episcopo;
2722 2497 2831 2537 non
2862 2479 2969 2534 alio
3005 2479 3210 2549 quippe
3255 2477 3417 2532 modo
3445 2476 3612 2534 intel-

320 2573 417 2645 ligi
449 2581 631 2642 potest
661 2589 674 2624 :
706 2587 765 2626 se
817 2571 871 2623 in
914 2571 1046 2625 urbe
1085 2570 1173 2624 illa
1203 2585 1346 2634 esse,
1379 2571 1471 2624 ubi
1499 2569 1872 2624 venerabundi
1910 2570 2058 2624 cives
2097 2571 2213 2624 loca
2245 2585 2340 2625 seu
2364 2571 2532 2635 sedes,
2567 2571 2618 2624 in
2654 2572 2810 2642 queis
2833 2571 3032 2628 Paulus
3066 2579 3368 2639 manserat,
3399 2571 3608 2626 invise-

323 2668 477 2723 bant.
501 2667 695 2720 Annon
724 2665 960 2734 idipsum
992 2672 1129 2725 erat,
1167 2679 1232 2717 ac
1260 2663 1304 2717 si
1327 2663 1554 2718 dixisset
1576 2679 1634 2718 se
1667 2663 1973 2718 Antiochiae
1998 2664 2350 2719 concionari?
2380 2665 2450 2719 At
2489 2679 2610 2718 sese
2653 2665 2769 2728 ille,
2802 2664 3036 2735 inquies,
3071 2666 3124 2720 in
3153 2667 3256 2720 alia
3290 2667 3344 2720 in
3377 2664 3603 2735 Episto-

323 2761 433 2815 lam
464 2760 528 2814 ad
554 2757 828 2810 Romanos
853 2757 1120 2812 concione
1150 2764 1423 2826 pastorem
1450 2763 1626 2810 vocat.
1663 2753 1808 2808 Sane
1834 2764 2017 2808 utrum
2051 2755 2104 2810 in
2136 2771 2301 2825 supra
2340 2767 2644 2812 memorato
2683 2757 2803 2812 loco
2845 2773 2967 2813 sese
3004 2766 3280 2828 pastorem
3305 2758 3608 2821 vocaverit,

324 2862 516 2926 posset
550 2853 779 2908 fortasse
811 2851 865 2904 in
897 2849 1330 2905 controversiam
1363 2847 1577 2913 vocari;
1610 2849 1703 2901 sed
1727 2846 1942 2901 etiamsi
1982 2862 2042 2901 se
2081 2848 2240 2901 talem
2273 2847 2492 2912 dixerit,
2528 2848 2657 2917 quid
2695 2857 2810 2903 tum
2846 2849 3084 2918 postea?
3126 2865 3310 2904 annon
3346 2852 3609 2906 sacerdo-

325 2954 411 3000 tes
431 2944 542 3007 alii,
576 2959 684 2998 non
719 2939 981 3011 episcopi,
1017 2939 1107 3009 qui
1137 2941 1321 2994 ovium
1347 2937 1549 2993 Christi
1581 2954 1767 2992 curam
1804 2938 2026 3002 habent,
2059 2947 2307 3008 pastores
2339 2947 2468 2993 sunt
2497 2949 2553 2994 et
2586 2941 2900 2995 vocantur?
2924 2941 3166 2997 Joannes
3193 2958 3324 2997 vero
3372 2943 3613 3016 Chryso-

323 3045 535 3090 atomus
565 3032 793 3088 Ilomilia
826 3031 879 3085 in
906 3031 1091 3086 Terra:
1116 3039 1324 3085 motum
1356 3040 1413 3086 et
1442 3029 1703 3086 Lazarum
1733 3043 1865 3085 tom.
1900 3031 2072 3093 Ilcol.
2102 3032 2288 3098 1029'),
2335 3046 2456 3100 quae
2506 3032 2650 3086 haud
2696 3034 2861 3088 dubie
2911 3033 3220 3091 Antiochiae
3267 3035 3452 3092 habita
3486 3037 3610 3106 fuit,

322 3142 446 3183 Sese
475 3142 583 3180 non
610 3126 842 3187 obscure
864 3132 1139 3194 pastorem
1171 3131 1226 3176 et
1256 3122 1401 3177 clare
1431 3132 1688 3187 sutorem,
1718 3123 2019 3187 doctorem,
2055 3124 2325 3179 medicum
2363 3135 2420 3179 et
2457 3127 2856 3196 speculatorem
2893 3137 3073 3183 vocat.
3375 3193 3380 3197 _

399 3221 480 3274 En
505 3219 647 3273 illius
675 3218 878 3273 verba:
920 3215 1060 3269 Ἀλλ’
1090 3217 1236 3286 ἐρεῖς
1273 3233 1383 3285 μοι,
1425 3218 1519 3270 καὶ
1563 3216 1617 3270 τί
1655 3216 1885 3284 ὠφελεῖς
1927 3217 2131 3285 λέγωνς
2180 3218 2410 3287 Ὠφελῶ,
2443 3219 2538 3271 ὲάν
2575 3219 2658 3282 τίς
2705 3237 2807 3290 μου
2841 3220 3036 3292 ἀκούῃ,
3084 3221 3227 3290 Ἐγὼ
3264 3223 3326 3276 τὸ
3368 3222 3612 3296 ῑμαυτοῦ

331 3312 491 3366 ποιῶ⁶
521 3315 549 3366 ὁ
577 3312 818 3382 σπείρων
853 3311 1090 3378 σπείρει.
1129 3309 1384 3379 Ἐξῆλθεν
1411 3309 1440 3360 ὁ
1475 3311 1716 3380 σπείρων
1744 3311 1837 3364 τοῦ
1866 3314 2109 3382 σπεῖραν
2139 3314 2232 3364 καὶ
2264 3312 2333 3365 τὰ
2367 3313 2467 3381 μὲν
2501 3316 2661 3367 ἔπεσε
2709 3315 2861 3386 παρὰ
2898 3317 2998 3388 τὴν
3027 3318 3169 3382 ὁδὸν,
3204 3318 3270 3371 τὰ
3296 3319 3353 3371 δὲ
3384 3320 3478 3372 ἐπὶ
3505 3318 3606 3389 τὴν

329 3407 565 3476 πέτραν,
604 3405 672 3457 τὰ
710 3404 768 3457 δὲ
809 3405 903 3456 ἐπὶ
947 3403 1045 3466 τὰς
1075 3403 1339 3467 ἀκάνθας,
1377 3401 1444 3455 τὰ
1469 3403 1527 3455 δὲ
1557 3402 1652 3454 ὲ,πὶ
1677 3401 1776 3472 τὴν
1797 3403 1902 3473 ξῆν
1932 3402 2031 3473 τὴν
2066 3402 2262 3474 καλήν·
2289 3404 2416 3476 τρία
2449 3408 2592 3477 μέρη
2628 3405 2900 3476 ἀπώλετο,
2936 3410 3030 3461 καὶ
3055 3409 3113 3463 ἒν
3146 3410 3351 3480 ἐσώθη·
3382 3412 3476 3464 καὶ
3510 3412 3612 3466 οὐκ

325 3505 541 3573 ἀπέστη
572 3503 669 3571 τῆς
699 3500 996 3571 γεωργίας,
1021 3499 1136 3553 ἀλλ’
1168 3499 1355 3568 ἐπειδὴ
1397 3497 1456 3552 ἓν
1492 3498 1822 3563 διεσώζετο,
1861 3501 1960 3552 οὐκ
2009 3500 2290 3554 ἐπαύσατο
2330 3503 2428 3573 τῆς
2479 3505 2767 3574 γηπονίας.
2812 3551 2823 3561 .
2862 3546 2875 3560 .
2913 3547 2926 3561 .
2965 3550 2978 3562 .
3021 3507 3144 3561 ἐπεὶ
3186 3507 3281 3560 καὶ
3327 3510 3356 3561 ὁ
3404 3507 3613 3580 ποιμὴν

325 3600 534 3658 “sive;
572 3595 640 3648 τὰ
681 3593 1199 3662 ὲννενηκονταεννὲα
1233 3591 1483 3664 πρόϐατα
1524 3592 1865 3655 καταλιπὼν,
1907 3594 1999 3646 ἐπὶ
2053 3594 2114 3647 τδ
2154 3594 2213 3647 ἒν
2267 3596 2329 3649 τὸ
2378 3598 2800 3671 πεπλανημένον
2849 3601 3106 3674 ἔδραμεν.
3159 3601 3237 3658 Οὐ
3279 3603 3612 3672 καταφρονῶ

325 3688 643 3759 ἀνθρώπου·
674 3685 776 3740 κᾶν
797 3680 878 3750 εἷς
902 3682 960 3760 ᾖ,
983 3686 1274 3756 ἄνθρωπός
1302 3686 1441 3750 ἐστι,
1470 3685 1532 3738 τὸ
1563 3685 1927 3756 περισπούδαι

2007 3705 2038 3738 ιν
2065 3686 2145 3758 τῷ
2182 3687 2301 3758 Θεῷ
2332 3689 2492 3753 ζῶον.
2532 3691 2586 3747 Id
2613 3703 2698 3749 est
2727 3712 2739 3748 :
2772 3696 2842 3748 At
2871 3697 3010 3750 dices
3036 3697 3184 3761 mihi,
3225 3695 3366 3763 Quid
3391 3699 3609 3753 dicendo

327 3780 578 3852 proﬁcis?
605 3779 851 3848 Pro/icio.
878 3780 925 3833 si
951 3779 1069 3849 quis
1097 3796 1180 3833 me
1210 3780 1418 3833 audiat.
1445 3777 1558 3850 Ego
1581 3780 1719 3849 quod
1743 3781 1969 3850 ofﬁcium
1996 3800 2170 3837 meum
2193 3795 2287 3851 est,
2317 3787 2373 3839 id
2401 3798 2630 3855 prtesto;
2658 3791 2952 3844 seminator
2978 3793 3200 3846 semina.
3237 3791 3382 3847 Exiit
3415 3793 3507 3864 qui
3529 3810 3612 3847 se-

331 3874 502 3928 mittat
531 3873 603 3926 ad
639 3872 1044 3934 seminandum;
1071 3871 1314 3942 qutedam
1334 3873 1633 3926 ceciderunt
1662 3889 1810 3927 secus
1839 3874 2002 3936 viam,
2027 3877 2269 3946 quaedam
2309 3896 2469 3947 supra
2502 3892 2728 3949 petram,
2762 3883 3008 3952 quaedam
3045 3901 3208 3954 supra
3230 3886 3434 3954 spinas,
3458 3903 3606 3956 qua:-

329 3971 454 4023 dam
483 3969 539 4021 in
573 3977 767 4021 terram
800 3967 992 4018 bonam
1023 3981 1042 4018 :
1073 3975 1178 4019 tres
1215 3974 1394 4033 partes
1420 3967 1712 4035 perierunt,
1734 3975 1784 4021 et
1817 3985 1923 4021 una
1948 3980 2159 4023 servata
2186 3981 2298 4036 est;
2325 3990 2419 4026 uec
2455 3985 2632 4028 tamen
2663 3976 2728 4028 ab
2756 3977 3086 4045 agricultura
3111 3979 3328 4042 destitit,
3362 3981 3453 4033 sed
3477 3998 3608 4051 quo-

330 4065 476 4119 uiam
506 4079 611 4116 una
636 4071 942 4116 conservata
965 4070 1060 4122 est,
1095 4077 1284 4131 agrum
1309 4061 1477 4115 colere
1508 4079 1609 4115 non
1632 4066 1873 4118 cessavit.
1913 4103 1929 4119 .
1968 4104 1984 4120 .
2024 4105 2039 4119 .
2078 4106 2092 4119 .
2127 4065 2564 4138 Quandoquidem
2586 4079 2634 4123 et
2657 4080 2840 4140 pastor
2859 4071 2968 4135 ille,
2999 4074 3090 4142 qui
3111 4065 3400 4144 nonaginta
3428 4090 3605 4128 norem

331 4156 616 4225 reliquerat
647 4170 780 4216 oves,
815 4154 884 4207 ad
915 4169 1078 4206 uuam
1111 4152 1363 4215 cucurrit,
1407 4168 1525 4222 qua:
1559 4153 1918 4208 abet-raverat.
1974 4155 2255 4210 Hominem
2301 4175 2402 4212 non
2442 4169 2718 4214 contemno
2741 4177 2760 4215 :
2785 4163 2907 4216 licet
2938 4180 3074 4218 unus
3099 4167 3188 4227 sit,
3220 4166 3374 4218 homo
3429 4176 3609 4220 tanien

330 4255 407 4301 est
452 4245 656 4299 animal
691 4245 794 4300 Deo
821 4244 1176 4298 carissimum.
1215 4245 1296 4298 An
1330 4241 1482 4314 [420]
1513 4258 1571 4297 se
1598 4254 1870 4312 pastorem
1894 4245 2075 4302 dicere
2098 4264 2206 4302 non
2237 4251 2436 4304 audeat
2469 4250 2534 4315 is,
2567 4254 2656 4322 qui
2689 4254 2759 4309 ita
2798 4254 3076 4326 loquitur;
3112 4257 3223 4312 imo
3266 4273 3392 4312 vero
3421 4275 3606 4313 annon

329 4355 389 4392 se
419 4339 565 4392 clare
595 4345 866 4406 pastorem
897 4336 1028 4390 dicit
1066 4336 1183 4391 haec
1217 4336 1589 4406 proferendo?
1630 4335 1796 4391 Paulo
1827 4353 1925 4405 pos

2005 4350 2162 4395 autem
2195 4342 2309 4395 hanc
2346 4346 2566 4412 subjicit
2617 4365 2629 4398 :
2670 4349 2743 4399 Οὐ
2779 4347 3061 4417 παύσομαι
3111 4348 3293 4416 λέγειν
3335 4351 3463 4420 ἐγὼ,
3502 4354 3607 4407 κᾶν

334 4430 528 4504 μηδεὶς
625 4431 653 4481 ὁ
687 4429 921 4482 ἁκούων·
956 4429 1141 4498 ἰατρός
1167 4432 1305 4498 είμι,
1340 4428 1626 4499 ἐπιτίθημι
1650 4429 1718 4482 τὰ
1746 4429 2034 4501 φάρμακα’
2066 4432 2386 4498 διδάσκαλός
2416 4439 2552 4506 είμι,
2591 4443 2880 4509 παραινεῖν
2910 4442 3261 4516 ἐκελεύσθην·
3298 4446 3444 4516 λέγει
3476 4452 3604 4520 γάρ’

329 4522 544 4580 Σκοπὸν
591 4520 804 4574 δέδωκά
862 4537 921 4573 σε
973 4520 1053 4589 τῷ
1099 4520 1236 4591 οἴκῳ
1269 4521 1507 4591 Ἰσραήλ.
1568 4521 1624 4576 Id
1673 4530 1800 4576 est:
1846 4523 1931 4577 No

2020 4527 2228 4580 dicemli
2275 4529 2435 4597 finem
2491 4531 2711 4600 faciam,
2764 4535 2973 4588 etiamsi
3030 4538 3207 4593 nullus
3256 4541 3322 4592 sit
3372 4543 3464 4610 qui
3511 4562 3609 4596 au-

330 4621 448 4674 diat
474 4635 494 4684 ;
522 4617 751 4670 medicus
779 4632 917 4681 sum,
947 4616 1235 4684 pharmace
1265 4617 1522 4681 adhibeo;
1576 4618 1757 4672 doctor
1788 4635 1927 4686 sum,
1964 4631 2014 4675 et
2067 4623 2326 4678 admoneo
2352 4642 2366 4691 ;
2416 4626 2494 4678 ait
2531 4627 2669 4680 enim
2697 4643 2714 4680 :
2750 4627 3162 4698 Speculatorem
3189 4634 3309 4689 dedi
3339 4647 3388 4690 te
3419 4637 3605 4692 dmnui

332 4712 520 4772 Israel.
2403 4780 2408 4785 μ

405 4805 467 4858 In
498 4802 624 4899 aliis
636 4818 860 4899 quoque
885 4803 1120 4899 homiliis
1151 4803 1694 4868 Antiochimhabitis,
1714 4805 1802 4859 illa
1831 4807 2013 4862 munia
2038 4823 2098 4862 se
2122 4824 2380 4867 exercere
2402 4814 2554 4879 dicit,
2577 4833 2697 4886 qua:
2725 4818 2980 4876 videntur
3008 4823 3366 4896 ad”pmecipua
3392 4830 3609 4899 episeo-

333 4896 744 4995 porum-oflicia
774 4897 1073 4995 pertinere.
1105 4898 1281 4995 sicin
1308 4898 1563 4995 vigesima
1594 4899 1814 4995 homilia
1845 4903 1912 4956 ad
1945 4904 2204 4973 papulum
2239 4906 2666 4974 Antiochenum,
2704 4921 2834 4968 tom.
2868 4916 2910 4970 ll
2958 4890 3173 4983 (coli?!
3195 4919 3236 4990 Ι)
3265 4890 3286 4974 ἐ
3320 4890 3618 4995 Tac-sapa;

333 5007 502 5044 κοντα
541 4988 728 5042 λοιπὸν
763 4989 970 5059 ἡμέραι
1005 4989 1303 5060 παρῆλθον·
1355 4991 1422 5043 ἂν
1461 4992 1639 5043 τοίνυν
1669 4991 1729 5043 τὸ
1762 4997 1949 5063 πάσχα
1994 4998 2242 5070 παρέλθῃ
2281 5000 2342 5051 τὸ
2383 5002 2544 5070 ἱερὸν,
2584 5004 2755 5057 οὐδενὶ
2805 5010 3192 5080 συγγνώσομαι
3218 4988 3443 5079 Ἴλοιπὸν,
3481 4988 3606 5074 οὐδὲ

336 5082 661 5161 παραίνεσιν
705 5081 984 5154 προσάξω,
1023 5081 1141 5136 ἀλλ’
1177 5082 1446 5152 ἐπιταγὴν
1477 5085 1572 5135 καὶ⁸
1602 5084 1907 5156 ἀποιιιμίαν
1945 5089 2422 5162 ἀκαταφρόνητον.
2457 5133 2471 5147 .
2501 5135 2514 5148 .
2554 5135 2567 5148 .
2599 5137 2611 5147 .
2660 5099 2794 5151 πᾶσι
2841 5101 3020 5156 τοίνυν
3070 5107 3323 5176 προλέγω
3361 5111 3455 5162 καὶ
3489 5112 3608 5167 δια.-

340 5175 750 5270 μαρτύρουμαι,
782 5176 865 5270 ὅτι
910 5173 978 5227 ἂν
1029 5173 1426 5270 αυγτενόμενος
1474 5175 1606 5270 ῦμῖν
1666 5177 1789 5230 κατ’
1832 5178 1991 5246 ίδίαν,
2045 5182 2141 5235 καὶ
2191 5183 2370 5239 λαϐὼν
2427 5187 2738 5260 ἀπόπειραν
2790 5193 3053 5264 (λήψομαι
3093 5173 3149 5250 δὲ
3195 5173 3458 5270 παντως),
3513 5209 3610 5260 καὶ

337 5268 487 5340 εὕρω
542 5270 692 5333 τινὰς
758 5269 835 5340 μὴ
881 5268 1286 5338 ὀιορθὼςαντας
1336 5268 1395 5321 τὺ
1443 5268 1756 5339 ἐλάττωμα,
1811 5273 2106 5346 ἀπαιτήσω
2156 5277 2336 5349 δίκην,
2386 5281 2652 5347 κελεύσας
2715 5286 2820 5352 ἔξω
2878 5291 3061 5358 μένειν
3123 5293 3232 5346 τῶν
3287 5268 3607 5369 μυσιξτρίων

334 5361 445 5414 τῶν
475 5361 655 5431 ίερῶν.
687 5362 799 5417 Iloc
830 5371 913 5417 est
944 5380 957 5416 :
989 5362 1356 5435 Quadraginta
1408 5367 1517 5421 dies
1544 5369 1664 5436 jam
1694 5372 2066 5436 praeterierunt
2099 5377 2187 5429 :si
2213 5377 2373 5445 igitur
2415 5397 2625 5435 sacrum
2658 5352 3104 5453 quoque-Pascha
3164 5352 3422 5453 transeat.
3456 5352 3608 5453 .itulli

336 5456 478 5511 ultra
505 5456 709 5508 veniam
738 5457 894 5519 dabo,
921 5473 1022 5509 non
1062 5457 1491 5521 admonitionem,
1525 5461 1613 5512 sed
1645 5462 1744 5513 vim
1787 5463 1996 5530 imperii
2047 5475 2094 5517 et
2135 5469 2466 5520 severitatem
2504 5486 2605 5523 non
2646 5438 3079 5532 contemnendam
3107 5483 3378 5540 adhibebo.
3468 5530 3482 5543 .

335 5547 585 5603 Omnibus
624 5549 802 5618 itaque
825 5550 1075 5602 denuntio
1105 5560 1151 5602 et
1180 5560 1468 5619 protestor;
1503 5554 1639 5621 quod
1667 5554 1711 5605 si
1742 5571 1827 5607 vos
1862 5556 2092 5624 singulos
2139 5559 2465 5620 c-mveniens,
2507 5574 2554 5615 et
2588 5568 3001 5627 experimentum
3041 5588 3249 5629 sumens
3287 5582 3432 5646 (nam
3462 5583 3608 5640 haud

334 5643 487 5696 dubie
515 5646 765 5708 sumant),
799 5646 1179 5714 deprehendero
1213 5646 1469 5714 quosdam
1501 5646 1594 5698 hoc
1629 5647 1811 5698 vitium
1845 5665 1944 5699 non
1967 5665 2139 5702 correa
2155 5651 2272 5716 isse,
2305 5671 2512 5722 prunam
2542 5659 2806 5728 irrogabo,
2845 5664 3046 5718 edicunt
3075 5677 3130 5719 ut
3170 5643 3301 5738 [oris
3330 5684 3479 5727 extra
3511 5693 3570 5728 sa

335 5753 425 5790 cra
455 5740 700 5805 mysteria
729 5742 998 5792 rensistut.
1039 5740 1117 5793 An
1167 5742 1400 5809 pastoris
1441 5758 1638 5795 nomen
1680 5757 1941 5811 usurpare
1974 5759 2081 5797 non
2123 5748 2320 5800 audeat
2350 5750 2440 5816 qui
2475 5753 2596 5805 tafia
2638 5754 2814 5810 lmur?
2851 5756 3048 5812 Verum
3089 5759 3201 5814 lucc
3232 5779 3261 5816 a
3288 5764 3494 5831 judicio
3524 5766 3588 5821 Ie-

337 5827 488 5883 remlt
522 5827 922 5885 Tillcmontium
950 5832 1231 5884 detinuere
1257 5849 1268 5883 :
1295 5843 1346 5886 et
1378 5832 1752 5888 Antiochi-mne
1773 5849 1839 5886 an
1858 5834 2329 5904 C(mstantinopoli
2357 5836 2598 5896 Humilia:
2622 5841 2672 5896 in
2701 5842 2991 5914 lapistolam
3018 5849 3083 5903 ad
3111 5827 3384 5911 Romanos
3407 5856 3606 5914 habita:
