4056 6486
566 381 669 438 389
1977 378 2168 434 ΡΒᾸΞἘ

2188 376 2343 433 Α’ῙῚΟ
3688 378 3790 431 πονο

565 501 781 558 fuerint,
809 496 1033 552 delinire
1065 512 1171 552 non
1203 512 1366 551 ausus
1392 504 1489 549 est.
1525 494 1631 548 Nos
1664 505 1844 549 autem
1868 494 2022 563 quasi
2053 500 2260 548 certum
2285 501 2339 546 et
2365 492 2698 560 exploratum
2725 494 3029 548 habendum
3056 505 3326 563 putamus,
3358 495 3471 547 illas
3496 493 3793 547 Antiochia:

566 590 774 645 habitas
805 590 985 644 fuisse.
1022 590 1345 645 Tillemontii
1374 593 1516 644 enim
1546 589 1779 658 obiectio
1803 604 1901 642 nos
1927 604 1956 641 a
1991 586 2081 642 tali
2120 586 2339 641 ferenda
2373 586 2638 639 sententia
2667 587 2933 642 abducere
2959 603 3064 642 non
3095 598 3289 657 potest.
3314 589 3423 639 Cur
3450 588 3594 639 enim
3623 586 3793 652 Chry-

564 692 855 745 sostomus,
897 681 1098 735 fatente
1134 682 1490 744 Tillemontio,
1524 681 1608 734 bis
1643 681 1783 733 clare
1815 678 2017 732 indicet
2064 693 2121 730 se
2166 675 2466 728 Antiochire
2503 676 2833 738 conciunari,
2872 677 2997 746 quid
3044 678 3178 730 ultra
3227 678 3570 745 qureramus?
3601 686 3657 728 et
3700 692 3793 730 cur

566 781 672 823 tam
699 772 797 823 levi
831 774 1141 841 conjectura
1178 790 1205 826 a
1239 773 1601 841 Chrysostomi
1630 772 1938 825 testimonio
1967 769 2242 838 sequendo
2270 767 2646 822 detineamur.?

635 890 872 952 Annum,
921 905 1027 959 quo
1063 888 1219 945 hasce
1252 890 1498 943 homilias
1530 890 1765 945 Joannes
1808 885 2095 942 adornavit
2138 894 2193 940 et
2236 885 2385 947 dixit,
2420 900 2486 938 ne
2522 884 2832 951 conjectura
2864 884 3078 954 quidem
3125 882 3338 952 assequi
3372 882 3611 935 valemus
3642 900 3654 935 :
3698 894 3797 936 hoc

566 995 733 1033 unum
764 981 880 1033 sine
903 982 1111 1035 errandi
1143 982 1383 1049 periculo
1413 982 1593 1036 dicere
1617 996 1919 1050 possumus,
1946 978 2163 1033 nonnisi
2192 986 2313 1047 post
2346 992 2547 1029 annum
2587 974 2690 1029 588
2722 975 2961 1045 potuisse
2987 975 3428 1044 Chrysostomum
3462 973 3547 1026 his
3576 987 3794 1025 manum

564 1082 619 1124 et
657 1086 872 1140 operam
894 1070 1180 1125 admovere
1224 1089 1235 1124 :
1271 1073 1427 1127 annis
1461 1088 1690 1141 namque
1724 1073 1825 1125 illis
1857 1071 2149 1141 prioribus,
2178 1070 2332 1139 queis
2356 1068 2755 1124 concionatoris
2786 1067 2961 1123 ofﬁcio
2988 1067 3207 1122 functus
3231 1077 3331 1131 est,
3364 1074 3438 1122 tot
3464 1066 3635 1120 edidit
3664 1081 3795 1120 con-

563 1164 745 1216 ciones
774 1175 827 1215 et
858 1162 1123 1225 homilias,
1150 1174 1207 1217 ut
1236 1164 1363 1234 ipsis
1392 1166 1524 1219 alias
1556 1166 1789 1234 adjicere
1819 1179 1925 1217 non
1956 1162 2191 1215 licuerit.

630 1272 763 1326 Cum
796 1288 955 1340 porro
980 1271 1245 1338 Julianus,
1277 1276 1365 1343 qui
1395 1274 1586 1345 Pelagii
1613 1290 1822 1328 errores
1857 1274 2129 1336 tuebatur,
2161 1272 2225 1325 ad
2253 1282 2532 1341 peccatum
2563 1272 2821 1342 originale
2848 1272 3143 1326 tollendum
3168 1274 3538 1343 Chrysostomi
3567 1276 3798 1327 auctori-

562 1370 669 1416 tate
695 1380 826 1417 usus
854 1376 1031 1429 esset;
1062 1370 1411 1435 Augustinus.
1444 1369 1532 1436 qui
1570 1369 1712 1421 hunc
1739 1368 2006 1420 hiereseos
2037 1374 2488 1434 propugnatorem
2519 1366 2730 1434 egregie
2766 1365 2991 1431 depulit.
3029 1381 3095 1417 ex
3126 1367 3344 1419 homilia
3378 1367 3585 1421 decima
3626 1366 3793 1435 Chry-

561 1459 782 1509 sostoini
831 1459 994 1511 multa
1028 1459 1307 1511 confertim
1340 1459 1517 1511 attulit
1554 1459 1685 1511 libro
1716 1460 1733 1511 l
1768 1467 1953 1511 contra
1981 1456 2277 1519 Iulianum,
2310 1471 2480 1524 eaque
2507 1454 2698 1508 Latine
2738 1471 3017 1515 conversa.
3049 1471 3169 1525 quae
3212 1458 3369 1511 nobis
3408 1458 3495 1510 hic
3523 1472 3796 1525 apponere

562 1548 735 1600 \isum
768 1562 869 1612 est,
892 1554 1162 1605 annotatis
1188 1553 1239 1605 in
1275 1553 1515 1621 margine
1546 1552 1697 1615 locis,
1739 1552 1879 1605 unde
1904 1553 2017 1605 hch
2044 1550 2315 1619 excerpsit
2345 1549 2701 1617 Augustinus.

631 1660 781 1732 Hii,
820 1666 896 1732 (α)
929 1664 1058 1732 Lege
1085 1667 1241 1717 etiam
1268 1668 1705 1735 quemadmodum
1734 1666 1940 1731 exponit
1974 1666 2109 1716 idem
2154 1664 2263 1729 ipse
2307 1664 2385 1713 uir
2428 1672 2639 1714 sanctus
2691 1671 2926 1713 eumdem
2970 1663 3140 1728 ipsum
3195 1660 3429 1727 Apostoli
3471 1659 3661 1721 lorum,
3714 1662 3796 1713 ubi

556 1754 805 1819 srriplum
832 1766 902 1807 est
934 1770 949 1805 :
986 1756 1087 1809 Per
1113 1773 1276 1809 unum
1304 1758 1575 1810 hominem
1609 1768 1884 1827 peccatum
1918 1756 2140 1809 intravit
2169 1755 2219 1808 in
2246 1754 2505 1807 mundum
2544 1754 2715 1817 (Rom.
2746 1770 2796 1809 ν.
2839 1754 2939 1815 12).
2976 1754 3052 1806 lbi
3084 1755 3219 1806 enim
3248 1753 3359 1804 luce
3388 1752 3587 1803 clarius
3618 1753 3671 1803 in
3700 1756 3794 1803 Iut-

548 1839 640 1906 jus
665 1842 783 1906 ﬁdei
812 1842 1091 1898 Catholica:
1126 1847 1341 1897 veritate
1372 1856 1627 1898 versatur.
1653 1845 1801 1909 Quod
1832 1856 1994 1897 totum
2016 1846 2137 1913 quia
2172 1845 2383 1909 longum
2412 1852 2484 1895 est
2515 1843 2633 1894 huic
2659 1844 2801 1911 operi
2829 1844 3076 1905 intexere,
3109 1844 3289 1911 paucis
3306 1844 3433 1895 inde
3459 1844 3757 1911 contingant
3779 1858 3796 1893 :

558 1930 916 1994 Manifestum,
950 1937 1138 2005 inquit,
1162 1938 1412 2004 quoniam
1438 1953 1540 1988 non
1577 1938 1749 2005 ipsum
1782 1945 2083 2005 peceatum,
2115 1936 2256 2003 quod
2288 1950 2349 1987 ex
2381 1934 2510 2003 legis
2543 1935 2992 2000 transgressione,
3019 1934 3112 1987 sed
3147 1934 3273 1987 illud
3314 1944 3619 2002 peccatum,
3654 1935 3794 2003 quod

560 2034 623 2071 ex
658 2021 783 2074 Atla:
815 2022 1194 2081 inobedientia.
1224 2025 1323 2078 hoc
1354 2024 1657 2091 erat,‘quod
1690 2026 1868 2077 omnia
1902 2024 2304 2077 contaminavit.
2345 2022 2407 2075 Et
2440 2024 2599 2091 paulo
2634 2034 2747 2089 post
2776 2039 2793 2074 :
2830 2024 3115 2093 Regnavit,
3142 2026 3329 2093 inquit,
3367 2041 3513 2078 mors
3539 2026 3608 2078 ab
3631 2026 3795 2079 Adam

558 2126 727 2179 usque
750 2112 813 2162 ad
840 2111 1072 2180 Moysen,
1101 2122 1154 2165 et
1183 2113 1235 2164 in
1263 2128 1375 2174 eos,
1409 2115 1499 2181 qui
1536 2131 1639 2166 non
1668 2124 2045 2182 peccaverunt.
2070 2114 2350 2177 Quomodo
2387 2114 2665 2183 regnavit?
2693 2114 2749 2167 In
2781 2115 3133 2169 similitudine
3169 2116 3614 2185 transgressionis
3638 2117 3781 2181 Αόεὲ,

554 2207 645 2275 qui
678 2218 759 2258 est
789 2205 957 2258 forma
995 2207 1156 2259 futuri
1194 2208 1369 2275 (lbid.,
1400 2209 1505 2271 14).
1542 2208 1830 2276 Propterea
1877 2218 1929 2261 ct
1970 2208 2137 2261 forma
2176 2219 2258 2262 est
2292 2206 2489 2261 Christi
2528 2208 2713 2261 Adam.
2750 2207 3031 2273 Quomodo
3077 2208 3246 2262 forma
3290 2218 3392 2272 est,
3421 2208 3615 2262 aiunt?
3648 2210 3795 2275 Quo-

554 2297 697 2349 niam
749 2298 887 2350 sicut
932 2297 1018 2349 ille
1069 2315 1131 2350 ex
1165 2300 1453 2367 semetipso
1487 2302 1855 2359 nascentibus,
1887 2302 2131 2369 quamvis
2181 2316 2287 2354 non
2317 2301 2758 2355 manducaverint
2787 2302 2852 2354 de
2878 2301 3038 2367 ligno.
3072 2301 3243 2355 factus
3272 2312 3352 2355 est
3390 2318 3552 2355 causa
3586 2304 3792 2367 mortis,

555 2402 674 2456 qua:
701 2402 793 2455 per
824 2388 1001 2440 cibum
1036 2388 1249 2441 inducta
1278 2398 1359 2442 est
1394 2408 1404 2441 :
1443 2390 1511 2443 ita
1549 2402 1596 2443 et
1639 2390 1887 2443 Christus
1925 2390 2007 2451 iis,
2045 2392 2133 2458 qui
2167 2407 2230 2444 ex
2274 2391 2390 2459 ipso
2436 2399 2581 2450 sunt,
2614 2392 2822 2443 tametsi
2871 2391 3003 2443 nihil
3034 2392 3179 2459 juste
3217 2392 3447 2461 egerint,
3490 2393 3664 2447 factus
3712 2408 3797 2461 est

556 2479 799 2547 provisor
836 2479 1075 2546 justitize,
1115 2496 1277 2548 quam
1306 2496 1399 2547 per
1428 2497 1643 2533 erucem
1686 2481 1839 2533 nobis
1866 2481 2119 2533 omnibus
2149 2480 2472 2534 condonavit
2504 2480 2598 2548 (b).
2641 2479 2757 2533 Alio
2796 2482 2847 2532 in
2887 2480 2996 2533 loco
3045 2490 3219 2535 eodem
3246 2500 3482 2536 sermone
3513 2502 3524 2536 :
3562 2485 3634 2540 Ut
3676 2501 3794 2540 cum

556 2573 651 2626 tibi
682 2573 874 2625 dixerit
898 2572 1135 2633 Judmus,
1166 2573 1360 2641 inquit,
1386 2573 1667 2637 Quomodo
1694 2576 1853 2628 unius
1888 2576 2087 2628 virtute
2114 2574 2314 2629 Christi
2340 2575 2572 2628 mundus
2599 2574 2835 2629 salvatus
2857 2576 2973 2629 est?
2997 2576 3171 2644 possis
3200 2576 3245 2627 ei
3275 2577 3487 2630 dicere:
3516 2576 3790 2642 Quemad-

554 2661 771 2714 modum
805 2675 911 2711 uno
937 2660 1277 2713 inobediente
1304 2662 1467 2714 Adam
1497 2664 1730 2715 mundus
1764 2664 2050 2716 damnatus
2078 2672 2181 2716 est.
2208 2662 2523 2730 Quanquam
2560 2680 2666 2715 non
2694 2666 2800 2717 sint
2830 2665 3074 2733 aequalia,
3100 2666 3265 2735 gratia
3294 2676 3454 2735 atque
3487 2679 3792 2737 peccatum,

555 2767 733 2820 neque
764 2752 910 2819 paria
935 2753 1043 2803 sint
1066 2768 1209 2804 mors
1240 2762 1399 2819 atque
1428 2754 1554 2815 vita,
1586 2769 1692 2805 non
1730 2754 1948 2822 :rqnalis
1980 2752 2117 2807 Deus
2151 2770 2213 2807 ac
2245 2754 2489 2807 diabolus
2526 2754 2616 2822 (ε).
2659 2757 2793 2808 Item
2824 2766 2936 2822 post
2962 2755 3240 2823 paululum
3270 2776 3282 2809 :
3316 2759 3423 2812 Sed
3459 2775 3566 2813 non
3608 2775 3796 2828 quem-

555 2844 841 2897 admodum
868 2843 1145 2907 delictum,
1178 2844 1364 2909 inquit,
1396 2845 1463 2896 ita
1492 2854 1545 2897 et
1574 2846 1761 2915 gratia.
1796 2846 1851 2899 Si
1882 2846 2025 2899 enim
2061 2847 2218 2899 unius
2244 2847 2441 2900 delicto
2474 2848 2626 2900 multi
2660 2849 2856 2901 mortui
2890 2859 3038 2912 sunt,
3068 2850 3235 2905 multo
3277 2853 3445 2923 magis
3481 2855 3651 2923 gratia
3698 2854 3790 2910 Dei

554 2946 609 2990 et
642 2938 839 2989 donum
866 2936 918 2988 in
944 2937 1108 3004 gratia
1144 2937 1303 2989 unius
1332 2936 1567 2990 hominis
1588 2936 1714 2991 Jesu
1738 2938 1938 2993 Christi
1971 2940 2024 2991 in
2060 2940 2255 2993 multos
2280 2940 2574 2993 abundavit
2607 2941 2760 3008 (Ibid.
2797 2942 2905 3007 15).
2936 2942 3091 3008 Quod
3119 2946 3260 2999 enim
3291 2946 3443 3009 dicit,
3475 2949 3662 3015 inquit,
3695 2950 3795 3004 hu-

553 3028 789 3099 jusmodi
820 3037 901 3082 est
938 3045 948 3078 :
983 3026 1035 3079 Si
1066 3036 1343 3095 peccatum
1371 3028 1556 3091 valuit,
1594 3039 1646 3081 et
1678 3040 1958 3097 peccatum
1996 3031 2156 3085 unius
2180 3030 2454 3095 hominis;
2487 3033 2654 3101 gratia
2697 3042 2751 3085 et
2798 3033 2889 3087 Dei
2939 3036 3129 3103 gratia,
3158 3047 3212 3089 et
3254 3054 3361 3091 non
3394 3038 3568 3092 solum
3598 3041 3793 3105 Patris,

552 3119 644 3170 sed
678 3118 837 3170 etiam
886 3117 1025 3179 Filii,
1056 3117 1507 3184 quemadmodum
1544 3134 1651 3171 non
1684 3120 1915 3187 amplius
1951 3120 2299 3188 pnevalebit?
2346 3120 2511 3173 Multo
2556 3122 2699 3175 enim
2750 3124 2850 3177 hoc
2886 3125 3279 3181 rationabilius.
3328 3129 3459 3181 Nam
3501 3132 3666 3185 alium
3700 3150 3794 3201 pro

554 3208 659 3261 alio
689 3208 954 3267 damnari,
987 3223 1094 3259 non
1121 3208 1271 3259 valde
1300 3208 1512 3259 videtur
1549 3208 1744 3261 habere
1776 3210 2037 3262 rationem
2078 3227 2089 3261 :
2125 3209 2288 3262 alium
2321 3219 2500 3263 autem
2530 3226 2626 3279 pro
2662 3211 2766 3264 alio
2791 3212 3003 3274 salvari.
3037 3224 3092 3268 et
3116 3216 3398 3271 decentius
3422 3219 3589 3289 magis
3616 3229 3672 3274 et
3708 3238 3793 3276 ra-

556 3299 864 3353 tionabilius
898 3309 1139 3369 apparet.
1173 3298 1225 3352 Si
1252 3299 1411 3368 igitur
1436 3301 1562 3353 illud
1596 3301 1793 3354 factum
1826 3311 1925 3359 est,
1955 3303 2126 3355 multo
2158 3303 2327 3371 magis
2363 3304 2461 3355 hoc
2489 3303 2587 3370 (ά).
2632 3303 2867 3373 Itemque
2893 3305 3020 3358 alibi
3054 3307 3107 3358 in
3138 3310 3559 3377 consequentibus
3592 3328 3605 3376 ;
3642 3312 3792 3366 Judi-

551 3397 714 3458 cium,
751 3396 936 3463 inquit,
966 3410 1025 3447 ex
1061 3409 1165 3446 uno
1196 3394 1246 3446 in
1277 3394 1805 3458 condemnationem,
1841 3395 2011 3461 gratia
2059 3402 2237 3448 autem
2284 3412 2348 3448 ex
2399 3394 2579 3447 nmltis
2630 3395 2845 3450 delictis
2898 3398 2951 3450 in
2980 3399 3425 3467 justiﬁeationem
3460 3405 3640 3469 (lbid.,
3685 3406 3789 3473 16).

552 3487 667 3542 Hoc
698 3488 837 3541 idem
867 3497 968 3550 est,
997 3488 1185 3556 inquit,
1213 3487 1352 3555 quod
1386 3486 1599 3549 dicitur,
1640 3486 1891 3555 quoniam
1918 3487 2135 3555 quidem
2168 3496 2393 3541 mortem
2434 3496 2488 3541 et
2524 3489 2924 3543 damnationem
2961 3492 3135 3559 potuit
3177 3505 3457 3561 peceatum
3491 3497 3747 3551 inducere
3775 3516 3790 3565 ;

550 3582 717 3653 gratia
744 3589 925 3633 autem
950 3595 1055 3631 non
1092 3594 1255 3631 unum
1290 3578 1416 3630 illud
1453 3578 1825 3631 tantummodo
1866 3578 2137 3633 interfecit
2169 3588 2470 3649 peccatum,
2506 3582 2595 3633 sed
2639 3583 2799 3634 etiam
2851 3592 2968 3650 post
3003 3584 3129 3637 illud
3172 3587 3499 3640 introeuntia
3550 3599 3789 3655 peccata.

552 3673 618 3727 Et
646 3670 804 3739 paulo
830 3678 941 3737 post
964 3669 1027 3720 de
1052 3668 1143 3719 hoc
1172 3668 1281 3735 ipso
1305 3684 1319 3720 :
1348 3667 1610 3731 Quoniam
1635 3683 1782 3737 ergo,
1808 3669 1995 3737 inquit,
2032 3669 2182 3736 plura
2210 3669 2511 3723 introducta
2535 3682 2660 3725 sunt
2690 3672 2853 3737 bona,
2883 3682 2937 3726 et
2967 3690 3071 3727 non
3096 3676 3266 3728 solum
3293 3678 3420 3732 illud
3445 3681 3792 3735 interfectum

552 3774 636 3819 est
668 3776 967 3833 pec-catum,
1000 3761 1093 3813 sed
1120 3762 1279 3813 etiam
1310 3762 1489 3813 omnia
1522 3761 1746 3829 reliqua,
1776 3764 2013 3815 ostendit
2037 3764 2223 3817 dicens
2251 3780 2263 3817 :
2294 3764 2475 3817 Gratia
2500 3774 2679 3819 autem
2714 3783 2776 3819 ex
2812 3768 2995 3819 multis
3018 3770 3226 3823 delictis
3249 3771 3298 3822 in
3329 3771 3790 3839 justiticationem.

557 3860 622 3913 Et
646 3869 756 3927 post
781 3857 1055 3927 paululum
1079 3859 1154 3908 ait
1202 3875 1213 3907 :
1255 3855 1433 3911 Primo
1462 3858 1603 3909 enim
1636 3858 2095 3923 dixitzQuoniam
2140 3860 2183 3913 si
2230 3860 2391 3913 unius
2442 3871 2719 3928 peccatum
2762 3862 3028 3916 interfecit
3070 3879 3280 3928 onmes,
3325 3869 3493 3921 multo
3532 3872 3701 3940 magis
3741 3883 3791 3925 et

552 3952 713 4005 unius
746 3952 915 4021 gratia
947 3950 1144 4018 poterit
1176 3949 1400 4003 salvare.
1435 3949 1558 4003 Post
1594 3951 1705 4003 haec
1735 3960 1915 4003 autem
1948 3952 2203 4014 ostendit,
2242 3955 2431 4021 inquit,
2464 3955 2716 4021 quoniam
2767 3972 2871 4008 non
2918 3956 3043 4009 illud
3098 3961 3270 4013 solum
3318 3961 3665 4018 interfectum
3712 3977 3792 4019 est

550 4055 831 4114 peccatum
868 4060 962 4112 per
990 4042 1237 4113 gratiam,
1260 4042 1351 4095 sed
1373 4043 1535 4096 etiam
1565 4044 1741 4096 omnia
1770 4044 1973 4112 reliqua
2006 4062 2018 4096 :
2050 4055 2103 4098 et
2128 4061 2233 4098 non
2267 4047 2435 4099 solum
2472 4060 2685 4116 peccata
2717 4050 2998 4103 interfecta
3023 4062 3167 4117 sunt,
3197 4054 3288 4107 sed
3317 4056 3478 4108 etiam
3509 4069 3562 4110 et
3597 4060 3791 4114 tributa

553 4135 757 4203 justitia
792 4143 873 4187 est
904 4152 915 4186 :
948 4142 1000 4187 et
1033 4150 1141 4187 non
1174 4143 1383 4186 tantum
1416 4135 1587 4187 solum
1620 4135 1820 4203 profuit
1862 4137 2129 4200 Christus,
2153 4151 2411 4206 quantum
2453 4140 2633 4194 nocuit
2664 4144 2853 4207 Adam,
2887 4146 2979 4197 sed
3016 4146 3186 4199 multo
3217 4149 3447 4216 amplius
3479 4161 3642 4221 atque
3679 4169 3791 4207 ma-

565 4222 648 4289 gis
674 4220 767 4289 (e).
813 4222 933 4274 Post
973 4222 1078 4274 lnec
1117 4223 1170 4273 in
1197 4222 1374 4273 eodem
1406 4238 1522 4274 cum
1549 4222 1612 4275 de
1651 4223 1908 4292 baptismo
1943 4234 2139 4292 ageret,
2174 4226 2480 4293 interposuit
2515 4230 2665 4281 verba
2699 4231 2949 4297 Apostoli,
2983 4234 3197 4287 dicen/is
3232 4255 3244 4288 :
3278 4237 3357 4290 An
3388 4220 3668 4308 ignoratis,
3708 4244 3789 4296 iu~-

558 4311 690 4379 quit,
724 4311 936 4376 fratres,
962 4312 1215 4379 quoniam
1234 4311 1537 4380 quicunque
1576 4313 1625 4365 in
1662 4314 1881 4367 Christo
1909 4314 2161 4382 baptizati
2195 4332 2402 4379 sumus,
2431 4319 2484 4370 in
2533 4329 2704 4375 morte
2733 4322 2900 4389 ipsius
2928 4324 3179 4392 baptizati
3209 4329 3433 4382 sumus?
3469 4330 3787 4403 Consepulti

554 4420 685 4475 ergo
712 4420 903 4458 sumus
930 4404 1000 4457 illi
1031 4420 1126 4474 per
1150 4405 1471 4473 baptismum
1509 4405 1560 4457 in
1595 4415 1788 4461 morte.
1840 4407 1980 4473 Quid
2006 4416 2088 4462 est
2120 4426 2131 4461 :
2165 4408 2221 4461 In
2253 4420 2423 4464 morte
2458 4412 2574 4480 ejus
2607 4413 2855 4482 haptizati
2888 4420 3119 4471 sumus?
3146 4418 3298 4474 Ut'et
3342 4422 3441 4491 ipsi
3494 4430 3787 4485 moriamur

550 4499 695 4553 sicut
718 4508 771 4552 et
804 4498 910 4551 ille.
933 4497 1075 4551 Crux
1106 4497 1247 4551 enim
1272 4506 1353 4551 est
1380 4498 1662 4566 baptisma.
1692 4500 1843 4565 Quod
1868 4517 1998 4569 ergo
2028 4518 2155 4555 crux
2177 4501 2393 4555 Christo
2415 4514 2466 4557 et
2488 4506 2813 4574 sepulcrum,
2848 4508 2947 4562 hoc
2969 4511 3122 4564 nobis
3150 4513 3413 4581 baptisma
3447 4516 3647 4572 factum
3678 4533 3789 4587 est;

553 4590 765 4643 tametsi
794 4604 901 4642 non
931 4588 982 4641 in
1015 4588 1218 4643 eisdem
1250 4589 1401 4657 ipsis.
1431 4589 1550 4659 Ipse
1580 4606 1810 4660 namque
1832 4608 1993 4646 carne
2028 4602 2082 4646 et
2120 4607 2362 4649 mortuus
2391 4605 2473 4649 est
2494 4608 2546 4651 et
2569 4600 2845 4667 sepultus;
2878 4617 2978 4656 nos
3001 4613 3181 4657 autem
3214 4616 3433 4674 peccato
3464 4610 3513 4662 in
3542 4620 3787 4683 utroque.

549 4680 889 4749 Quapropter
918 4696 1023 4734 non
1057 4681 1222 4735 dixit:
1256 4681 1615 4751 Complantati
1641 4685 1797 4737 morti
1828 4702 1840 4747 ;
1872 4686 1988 4747 sed,
2016 4686 2370 4741 Similitudini
2398 4691 2605 4743 mortis.
2641 4691 2783 4746 Mors
2816 4708 3049 4761 namque
3074 4705 3128 4749 et
3160 4698 3262 4750 hoc
3298 4712 3351 4751 et
3380 4700 3527 4763 illud,
3563 4706 3655 4759 sed
3684 4680 3787 4759 non

548 4775 728 4829 eidem
770 4776 868 4843 ipsi
902 4777 1162 4846 subjacet,
1190 4777 1283 4831 sed
1321 4778 1435 4833 haec
1462 4780 1679 4847 quidem
1702 4780 1883 4833 carnis
1904 4780 2129 4844 Christi,
2158 4791 2339 4837 nostra
2372 4794 2554 4837 autem
2595 4787 2822 4855 peccati.
2858 4788 3324 4852 Quemadmodum
3365 4809 3493 4865 ergo
3519 4797 3603 4849 illa
3639 4814 3785 4865 vera,

552 4876 608 4921 et
645 4867 757 4920 haec
781 4870 865 4936 (Γ).

628 4981 776 5054 [422]
821 4983 914 5038 llis
951 4984 1187 5053 adjicere
1215 4984 1385 5039 visum
1418 4996 1500 5040 est.
1530 4988 1633 5050 illa,
1665 5005 1783 5055 qua:
1811 4990 2045 5044 Swilius
2072 4993 2211 5047 circa
2243 5010 2393 5047 suam
2436 4994 2785 5049 llomiliarum
2830 4997 3195 5069 Chrysostomi
3246 5003 3297 5056 in
3326 5005 3596 5073 Epistolas
3626 5006 3776 5061 Pauli

550 5070 876 5135 Editionem,
909 5076 1051 5129 notis
1098 5078 1373 5144 prannisit.
1411 5077 1567 5132 Putat
1598 5081 1683 5133 ille
1713 5082 1969 5137 llonitlias
2001 5086 2369 5157 Chrysostomi
2404 5088 2454 5141 in
2486 5088 2777 5157 Epistolam
2817 5091 2882 5145 ad
2916 5090 3185 5150 Romanos
3227 5070 3532 5155 Antiochia:
3580 5101 3788 5154 habitas

548 5164 734 5227 fuisse,
768 5180 927 5233 quam
954 5182 1050 5221 nos
1075 5170 1398 5222 sententiam
1429 5171 1657 5241 amplexi
1692 5188 1899 5228 sumus.
1929 5176 2123 5230 Verum
2158 5177 2242 5232 ille
2269 5194 2374 5231 non
2408 5180 2598 5234 eodem
2630 5196 2737 5251 quo
2762 5198 2860 5239 nos
2885 5187 3151 5260 κριτηρίῳ
3183 5189 3248 5244 ad
3283 5190 3428 5245 illam
3452 5208 3788 5264 propugnan-

548 5254 673 5311 dam
714 5258 1037 5313 sententiam
1076 5274 1205 5312 usus
1236 5270 1336 5313 est.

614 5472 685 5535 (α)
714 5473 974 5534 Augustin.
1005 5482 1171 5523 contra
1192 5474 1441 5525 Julianunt
1468 5479 1499 5525 l.
1526 5491 1559 5534 ι,
1586 5491 1626 5526 c.
1656 5480 1731 5531 27.
1757 5492 1804 5535 p.
1828 5480 1935 5527 513.

614 5492 685 5535 tu}
714 5492 974 5534 Augusun.
1005 5492 1171 5523 COtttru
1192 5492 1441 5525 Juuanunt
1469 5492 1499 5525 Ι.
1526 5492 1559 5534 1,
1586 5492 1626 5526 c.
1656 5492 1731 5531 21.
1792 5514 1804 5526 .
1828 5492 1935 5527 ala.

614 5530 683 5606 (ὁ)
712 5535 851 5606 ξρᾳῃ.
875 5536 1120 5593 Chrysost.
1151 5539 1317 5586 homil.
1346 5537 1402 5587 l0
1428 5542 1473 5589 iu
1502 5539 1653 5601 Epist.
1686 5541 1742 5587 ad
1757 5492 1923 5600 [lllomq
1949 5542 2022 5592 col
2073 5542 2180 5594 475.

636 5598 682 5656 c)
716 5596 836 5643 Ibid.

638 5658 690 5712 d)
722 5655 841 5704 Ibid.
867 5657 961 5704 col.
992 5657 1097 5705 ιῖϐ.

635 5719 683 5773 C)
714 5718 832 5765 Ibid.

615 5774 677 5842 υ)
708 5776 825 5826 lbid.
856 5782 926 5829 col
959 5780 1062 5828 λεί),
