  <div class='ocr_page' id='page_1' title='image "/cluster/home/n/w/nwhite01/storage/ocr_20150623/60/uva.x004246612/394.png"; bbox 0 0 4056 6506; ppageno 0'>
   <div class='ocr_carea' id='block_1_1' title="bbox 319 456 1921 542">
    <p class='ocr_par' dir='ltr' id='par_1_1' title="bbox 319 470 1921 542">
     <span class='ocr_line' id='line_1_1' title="bbox 319 470 1921 542; baseline -0.012 0"><span class='ocrx_word' id='word_1_1' title='bbox 319 489 426 542; x_wconf 67' lang='grc' dir='ltr'><strong>δδυ</strong></span> <span class='ocrx_word' id='word_1_2' title='bbox 1442 473 1693 529; x_wconf 71' lang='grc' dir='ltr'>δΑγιιοιι</span> <span class='ocrx_word' id='word_1_3' title='bbox 1731 471 1803 525; x_wconf 73' lang='grc' dir='ltr'>ΙΝ</span> <span class='ocrx_word' id='word_1_4' title='bbox 1847 470 1921 524; x_wconf 82' lang='grc' dir='ltr'><strong>Ἰ(</strong></span> 
     </span>
    </p>
   </div>
   <div class='ocr_carea' id='block_1_2' title="bbox 2001 456 3603 542">
    <p class='ocr_par' dir='ltr' id='par_1_2' title="bbox 2001 456 3603 524">
     <span class='ocr_line' id='line_1_2' title="bbox 2001 456 3603 524; baseline -0.003 0"><span class='ocrx_word' id='word_1_5' title='bbox 2001 467 2095 524; x_wconf 76' lang='grc' dir='ltr'>υιι</span> <span class='ocrx_word' id='word_1_6' title='bbox 2136 464 2471 523; x_wconf 72' lang='lat' dir='ltr'><strong>TERTIUM.</strong></span> <span class='ocrx_word' id='word_1_7' title='bbox 3469 456 3603 519; x_wconf 67' lang='lat'><strong>590&#39;</strong></span> 
     </span>
    </p>
   </div>
   <div class='ocr_carea' id='block_1_3' title="bbox 321 602 3597 666">
    <p class='ocr_par' dir='ltr' id='par_1_3' title="bbox 321 602 3597 666">
     <span class='ocr_line' id='line_1_3' title="bbox 321 602 3597 666; baseline -0.002 -1"><span class='ocrx_word' id='word_1_8' title='bbox 321 602 3597 666; x_wconf 38' lang='lat' dir='ltr'><strong>Mm</strong></span> 
     </span>
    </p>
   </div>
   <div class='ocr_carea' id='block_1_4' title="bbox 750 755 3170 969">
    <p class='ocr_par' dir='ltr' id='par_1_4' title="bbox 750 755 3170 969">
     <span class='ocr_line' id='line_1_4' title="bbox 750 755 3170 969; baseline -0.007 0"><span class='ocrx_word' id='word_1_9' title='bbox 750 834 1348 969; x_wconf 88' lang='lat' dir='ltr'><strong>SAVILII</strong></span> <span class='ocrx_word' id='word_1_10' title='bbox 1449 835 1610 959; x_wconf 90' lang='lat' dir='ltr'><strong>IN</strong></span> <span class='ocrx_word' id='word_1_11' title='bbox 1709 833 2283 959; x_wconf 87' lang='lat' dir='ltr'><strong>TOMUM</strong></span> <span class='ocrx_word' id='word_1_12' title='bbox 2390 832 3170 958; x_wconf 78' lang='lat' dir='ltr'><strong>TERTIUM.</strong></span> 
     </span>
    </p>
   </div>
   <div class='ocr_carea' id='block_1_5' title="bbox 1743 1108 2178 1134">
    <p class='ocr_par' dir='ltr' id='par_1_5' title="bbox 1743 1108 2178 1134">
     <span class='ocr_line' id='line_1_5' title="bbox 1743 1108 2178 1134; baseline 0.002 -5"><span class='ocrx_word' id='word_1_13' title='bbox 1743 1108 2178 1134; x_wconf 53' lang='grc' dir='ltr'><strong>’ψ’-⁵</strong></span> 
     </span>
    </p>
   </div>
   <div class='ocr_carea' id='block_1_6' title="bbox 393 1303 3607 1394">
    <p class='ocr_par' dir='ltr' id='par_1_6' title="bbox 393 1303 3607 1394">
     <span class='ocr_line' id='line_1_6' title="bbox 393 1303 3607 1394; baseline -0.003 -19"><span class='ocrx_word' id='word_1_14' title='bbox 393 1320 545 1394; x_wconf 69' lang='lat'><strong>[423]</strong></span> <span class='ocrx_word' id='word_1_15' title='bbox 576 1319 844 1375; x_wconf 69' lang='lat' dir='ltr'><strong>Caeterum</strong></span> <span class='ocrx_word' id='word_1_16' title='bbox 874 1315 942 1371; x_wconf 89' lang='lat' dir='ltr'><strong>de</strong></span> <span class='ocrx_word' id='word_1_17' title='bbox 968 1312 1110 1380; x_wconf 88' lang='lat' dir='ltr'><strong>loco,</strong></span> <span class='ocrx_word' id='word_1_18' title='bbox 1139 1311 1228 1367; x_wconf 90' lang='lat' dir='ltr'><strong>ubi</strong></span> <span class='ocrx_word' id='word_1_19' title='bbox 1261 1309 1476 1381; x_wconf 68' lang='lat' dir='ltr'><strong>scriptae</strong></span> <span class='ocrx_word' id='word_1_20' title='bbox 1504 1308 1588 1364; x_wconf 90' lang='lat' dir='ltr'><strong>vcl</strong></span> <span class='ocrx_word' id='word_1_21' title='bbox 1616 1309 1776 1364; x_wconf 61' lang='lat' dir='ltr'><strong>dictae</strong></span> <span class='ocrx_word' id='word_1_22' title='bbox 1805 1307 1914 1362; x_wconf 87' lang='lat' dir='ltr'><strong>sint</strong></span> <span class='ocrx_word' id='word_1_23' title='bbox 1949 1305 2035 1362; x_wconf 66' lang='lat' dir='ltr'><strong>lia:</strong></span> <span class='ocrx_word' id='word_1_24' title='bbox 2061 1304 2117 1359; x_wconf 90' lang='lat' dir='ltr'><strong>in</strong></span> <span class='ocrx_word' id='word_1_25' title='bbox 2145 1303 2364 1360; x_wconf 90' lang='lat' dir='ltr'><strong>beatum</strong></span> <span class='ocrx_word' id='word_1_26' title='bbox 2395 1304 2717 1375; x_wconf 81' lang='lat' dir='ltr'><strong>Apostolum</strong></span> <span class='ocrx_word' id='word_1_27' title='bbox 2765 1321 2792 1360; x_wconf 93' lang='lat' dir='ltr'><strong>a</strong></span> <span class='ocrx_word' id='word_1_28' title='bbox 2835 1305 3046 1361; x_wconf 80' lang='lat' dir='ltr'><strong>Joanne</strong></span> <span class='ocrx_word' id='word_1_29' title='bbox 3089 1317 3280 1363; x_wconf 89' lang='lat' dir='ltr'><strong>nostro</strong></span> <span class='ocrx_word' id='word_1_30' title='bbox 3311 1306 3607 1364; x_wconf 85' lang='lat' dir='ltr'><strong>elaboratae</strong></span> 
     </span>
    </p>
   </div>
   <div class='ocr_carea' id='block_1_7' title="bbox 323 1398 3610 1482">
    <p class='ocr_par' dir='ltr' id='par_1_7' title="bbox 323 1398 3610 1482">
     <span class='ocr_line' id='line_1_7' title="bbox 323 1398 3610 1482; baseline -0.003 -14"><span class='ocrx_word' id='word_1_31' title='bbox 323 1412 700 1482; x_wconf 66' lang='lat' dir='ltr'><strong>Expositiones</strong></span> <span class='ocrx_word' id='word_1_32' title='bbox 733 1419 789 1464; x_wconf 94' lang='lat' dir='ltr'><strong>et</strong></span> <span class='ocrx_word' id='word_1_33' title='bbox 814 1409 1073 1467; x_wconf 57' lang='lat' dir='ltr'><strong>homilia},</strong></span> <span class='ocrx_word' id='word_1_34' title='bbox 1107 1422 1137 1460; x_wconf 92' lang='lat' dir='ltr'><strong>a</strong></span> <span class='ocrx_word' id='word_1_35' title='bbox 1171 1404 1346 1460; x_wconf 91' lang='lat' dir='ltr'><strong>doctis</strong></span> <span class='ocrx_word' id='word_1_36' title='bbox 1382 1403 1539 1458; x_wconf 88' lang='lat' dir='ltr'><strong>video</strong></span> <span class='ocrx_word' id='word_1_37' title='bbox 1571 1402 1624 1454; x_wconf 93' lang='lat' dir='ltr'><strong>in</strong></span> <span class='ocrx_word' id='word_1_38' title='bbox 1653 1400 1829 1456; x_wconf 83' lang='lat' dir='ltr'><strong>varias</strong></span> <span class='ocrx_word' id='word_1_39' title='bbox 1857 1399 1989 1454; x_wconf 91' lang='lat' dir='ltr'><strong>itum</strong></span> <span class='ocrx_word' id='word_1_40' title='bbox 2022 1413 2142 1452; x_wconf 88' lang='lat' dir='ltr'><strong>esse</strong></span> <span class='ocrx_word' id='word_1_41' title='bbox 2177 1398 2497 1452; x_wconf 75' lang='lat' dir='ltr'><strong>sententias.</strong></span> <span class='ocrx_word' id='word_1_42' title='bbox 2527 1399 2774 1454; x_wconf 81' lang='lat' dir='ltr'><strong>Andreas</strong></span> <span class='ocrx_word' id='word_1_43' title='bbox 2806 1399 3076 1454; x_wconf 68' lang='lat' dir='ltr'><strong>Dounwus</strong></span> <span class='ocrx_word' id='word_1_44' title='bbox 3106 1399 3158 1456; x_wconf 91' lang='lat' dir='ltr'><strong>in</strong></span> <span class='ocrx_word' id='word_1_45' title='bbox 3193 1400 3339 1457; x_wconf 89' lang='lat' dir='ltr'><strong>notis</strong></span> <span class='ocrx_word' id='word_1_46' title='bbox 3367 1403 3481 1455; x_wconf 90' lang='lat' dir='ltr'><strong>suis</strong></span> <span class='ocrx_word' id='word_1_47' title='bbox 3506 1404 3610 1458; x_wconf 73' lang='lat' dir='ltr'><strong>do-</strong></span> 
     </span>
    </p>
   </div>
   <div class='ocr_carea' id='block_1_8' title="bbox 321 1485 1923 1568">
    <p class='ocr_par' dir='ltr' id='par_1_8' title="bbox 321 1492 1923 1568">
     <span class='ocr_line' id='line_1_8' title="bbox 321 1492 1923 1568; baseline -0.011 -8"><span class='ocrx_word' id='word_1_48' title='bbox 321 1503 582 1560; x_wconf 79' lang='lat' dir='ltr'><strong>ctissimis</strong></span> <span class='ocrx_word' id='word_1_49' title='bbox 611 1503 677 1557; x_wconf 92' lang='lat' dir='ltr'><strong>ad</strong></span> <span class='ocrx_word' id='word_1_50' title='bbox 701 1517 823 1556; x_wconf 90' lang='lat' dir='ltr'><strong>eum</strong></span> <span class='ocrx_word' id='word_1_51' title='bbox 860 1500 1042 1555; x_wconf 90' lang='lat' dir='ltr'><strong>locum</strong></span> <span class='ocrx_word' id='word_1_52' title='bbox 1072 1495 1464 1568; x_wconf 87' lang='lat' dir='ltr'><strong>Chrysostomi,</strong></span> <span class='ocrx_word' id='word_1_53' title='bbox 1493 1494 1584 1564; x_wconf 90' lang='lat' dir='ltr'><strong>qui</strong></span> <span class='ocrx_word' id='word_1_54' title='bbox 1617 1492 1886 1562; x_wconf 80' lang='lat' dir='ltr'><strong>reperitur</strong></span> <span class='ocrx_word' id='word_1_55' title='bbox 1919 1504 1923 1542; x_wconf 89' lang='grc' dir='ltr'><strong>ι</strong></span> 
     </span>
    </p>
   </div>
   <div class='ocr_carea' id='block_1_9' title="bbox 2004 1485 3606 1568">
    <p class='ocr_par' dir='ltr' id='par_1_9' title="bbox 2004 1485 3606 1564">
     <span class='ocr_line' id='line_1_9' title="bbox 2004 1485 3606 1564; baseline 0.004 -23"><span class='ocrx_word' id='word_1_56' title='bbox 2004 1508 2026 1543; x_wconf 68' lang='grc' dir='ltr'><strong>ιι</strong></span> <span class='ocrx_word' id='word_1_57' title='bbox 2064 1485 2155 1553; x_wconf 80' lang='lat' dir='ltr'><strong>1V,</strong></span> <span class='ocrx_word' id='word_1_58' title='bbox 2190 1505 2308 1559; x_wconf 80' lang='lat' dir='ltr'><strong>pag.</strong></span> <span class='ocrx_word' id='word_1_59' title='bbox 2345 1490 2458 1553; x_wconf 70' lang='grc'><strong>126,</strong></span> <span class='ocrx_word' id='word_1_60' title='bbox 2489 1491 2557 1544; x_wconf 76' lang='grc'><strong>15</strong></span> <span class='ocrx_word' id='word_1_61' title='bbox 2586 1509 2598 1542; x_wconf 91' lang='lat'>:</span> <span class='ocrx_word' id='word_1_62' title='bbox 2626 1490 3002 1561; x_wconf 83' lang='grc' dir='ltr'>προσέκρουσε</span> <span class='ocrx_word' id='word_1_63' title='bbox 3034 1492 3114 1562; x_wconf 83' lang='grc' dir='ltr'><strong>τῷ</strong></span> <span class='ocrx_word' id='word_1_64' title='bbox 3145 1510 3276 1544; x_wconf 85' lang='grc' dir='ltr'>ποτε</span> <span class='ocrx_word' id='word_1_65' title='bbox 3312 1495 3606 1564; x_wconf 86' lang='grc' dir='ltr'><strong>κρατοῦντι</strong></span> 
     </span>
    </p>
   </div>
   <div class='ocr_carea' id='block_1_10' title="bbox 324 1581 3610 1666">
    <p class='ocr_par' dir='ltr' id='par_1_10' title="bbox 324 1581 3610 1666">
     <span class='ocr_line' id='line_1_10' title="bbox 324 1581 3610 1666; baseline -0.003 -18"><span class='ocrx_word' id='word_1_66' title='bbox 324 1597 358 1666; x_wconf 83' lang='grc' dir='ltr'>ἠ</span> <span class='ocrx_word' id='word_1_67' title='bbox 382 1595 537 1656; x_wconf 80' lang='grc' dir='ltr'><strong>πόλις</strong></span> <span class='ocrx_word' id='word_1_68' title='bbox 562 1595 596 1662; x_wconf 83' lang='grc' dir='ltr'>ἡ</span> <span class='ocrx_word' id='word_1_69' title='bbox 627 1593 900 1663; x_wconf 82' lang='grc' dir='ltr'>ἡμετέρα,</span> <span class='ocrx_word' id='word_1_70' title='bbox 928 1600 1058 1655; x_wconf 91' lang='lat' dir='ltr'><strong>etc.,</strong></span> <span class='ocrx_word' id='word_1_71' title='bbox 1086 1588 1270 1644; x_wconf 83' lang='lat' dir='ltr'><strong>omnia</strong></span> <span class='ocrx_word' id='word_1_72' title='bbox 1294 1589 1411 1642; x_wconf 69' lang='lat' dir='ltr'><strong>hinc</strong></span> <span class='ocrx_word' id='word_1_73' title='bbox 1436 1585 1490 1640; x_wconf 89' lang='lat' dir='ltr'><strong>in</strong></span> <span class='ocrx_word' id='word_1_74' title='bbox 1521 1585 1740 1639; x_wconf 89' lang='lat' dir='ltr'><strong>beatum</strong></span> <span class='ocrx_word' id='word_1_75' title='bbox 1767 1583 1991 1636; x_wconf 82' lang='lat' dir='ltr'><strong>Paulum</strong></span> <span class='ocrx_word' id='word_1_76' title='bbox 2021 1581 2326 1636; x_wconf 73' lang='lat' dir='ltr'><strong>Antiochiae</strong></span> <span class='ocrx_word' id='word_1_77' title='bbox 2353 1583 2552 1650; x_wconf 88' lang='lat' dir='ltr'><strong>scripta</strong></span> <span class='ocrx_word' id='word_1_78' title='bbox 2583 1583 2796 1636; x_wconf 89' lang='lat' dir='ltr'><strong>videtur</strong></span> <span class='ocrx_word' id='word_1_79' title='bbox 2822 1597 3068 1637; x_wconf 82' lang='lat' dir='ltr'><strong>asserere</strong></span> <span class='ocrx_word' id='word_1_80' title='bbox 3101 1602 3112 1636; x_wconf 89' lang='lat'><em>:</em></span> <span class='ocrx_word' id='word_1_81' title='bbox 3149 1601 3271 1639; x_wconf 92' lang='lat' dir='ltr'><strong>cum</strong></span> <span class='ocrx_word' id='word_1_82' title='bbox 3317 1595 3500 1639; x_wconf 90' lang='lat' dir='ltr'><strong>tamen</strong></span> <span class='ocrx_word' id='word_1_83' title='bbox 3541 1587 3610 1639; x_wconf 91' lang='lat' dir='ltr'><strong>de</strong></span> 
     </span>
    </p>
   </div>
   <div class='ocr_carea' id='block_1_11' title="bbox 323 1676 3611 1756">
    <p class='ocr_par' dir='ltr' id='par_1_11' title="bbox 323 1676 3611 1756">
     <span class='ocr_line' id='line_1_11' title="bbox 323 1676 3611 1756; baseline -0.002 -15"><span class='ocrx_word' id='word_1_84' title='bbox 323 1687 428 1742; x_wconf 87' lang='lat' dir='ltr'><strong>illis</strong></span> <span class='ocrx_word' id='word_1_85' title='bbox 467 1688 599 1756; x_wconf 90' lang='lat' dir='ltr'><strong>ipsis</strong></span> <span class='ocrx_word' id='word_1_86' title='bbox 629 1688 682 1740; x_wconf 92' lang='lat' dir='ltr'><strong>in</strong></span> <span class='ocrx_word' id='word_1_87' title='bbox 713 1686 1010 1755; x_wconf 84' lang='lat' dir='ltr'><strong>Epistolam</strong></span> <span class='ocrx_word' id='word_1_88' title='bbox 1035 1684 1102 1738; x_wconf 90' lang='lat' dir='ltr'><strong>ad</strong></span> <span class='ocrx_word' id='word_1_89' title='bbox 1123 1683 1476 1738; x_wconf 85' lang='lat' dir='ltr'><strong>Colossenses</strong></span> <span class='ocrx_word' id='word_1_90' title='bbox 1503 1680 1867 1735; x_wconf 87' lang='lat' dir='ltr'><strong>certissimum</strong></span> <span class='ocrx_word' id='word_1_91' title='bbox 1899 1679 1968 1732; x_wconf 79' lang='lat' dir='ltr'><strong>sit</strong></span> <span class='ocrx_word' id='word_1_92' title='bbox 1999 1677 2230 1747; x_wconf 81' lang='lat' dir='ltr'><strong>scriptas</strong></span> <span class='ocrx_word' id='word_1_93' title='bbox 2253 1676 2422 1732; x_wconf 84' lang='lat' dir='ltr'><strong>fuisse</strong></span> <span class='ocrx_word' id='word_1_94' title='bbox 2450 1679 2529 1732; x_wconf 86' lang='lat' dir='ltr'><strong>vel</strong></span> <span class='ocrx_word' id='word_1_95' title='bbox 2568 1679 2780 1733; x_wconf 80' lang='lat' dir='ltr'><strong>habitas</strong></span> <span class='ocrx_word' id='word_1_96' title='bbox 2808 1679 3304 1749; x_wconf 87' lang='lat' dir='ltr'><strong>Constantinopoli,</strong></span> <span class='ocrx_word' id='word_1_97' title='bbox 3340 1690 3398 1734; x_wconf 91' lang='lat' dir='ltr'><strong>ut</strong></span> <span class='ocrx_word' id='word_1_98' title='bbox 3426 1696 3490 1735; x_wconf 84' lang='lat' dir='ltr'><strong>ex</strong></span> <span class='ocrx_word' id='word_1_99' title='bbox 3523 1698 3611 1736; x_wconf 91' lang='lat' dir='ltr'><strong>se-</strong></span> 
     </span>
    </p>
   </div>
   <div class='ocr_carea' id='block_1_12' title="bbox 323 1771 3614 1857">
    <p class='ocr_par' dir='ltr' id='par_1_12' title="bbox 323 1771 3614 1857">
     <span class='ocr_line' id='line_1_12' title="bbox 323 1771 3614 1857; baseline -0.002 -20"><span class='ocrx_word' id='word_1_100' title='bbox 323 1783 621 1857; x_wconf 82' lang='lat' dir='ltr'><strong>quentibus</strong></span> <span class='ocrx_word' id='word_1_101' title='bbox 650 1779 896 1850; x_wconf 83' lang='lat' dir='ltr'><strong>liquebit.</strong></span> <span class='ocrx_word' id='word_1_102' title='bbox 931 1777 1136 1833; x_wconf 89' lang='lat' dir='ltr'><strong>Contra</strong></span> <span class='ocrx_word' id='word_1_103' title='bbox 1168 1777 1475 1848; x_wconf 80' lang='grc' dir='ltr'>βιογράφοι,</span> <span class='ocrx_word' id='word_1_104' title='bbox 1506 1774 1600 1844; x_wconf 92' lang='lat' dir='ltr'><strong>qui</strong></span> <span class='ocrx_word' id='word_1_105' title='bbox 1629 1773 1825 1828; x_wconf 90' lang='lat' dir='ltr'><strong>bellam</strong></span> <span class='ocrx_word' id='word_1_106' title='bbox 1852 1771 2012 1826; x_wconf 89' lang='lat' dir='ltr'><strong>nobis</strong></span> <span class='ocrx_word' id='word_1_107' title='bbox 2049 1772 2431 1842; x_wconf 73' lang='lat' dir='ltr'><strong>excogitarunt</strong></span> <span class='ocrx_word' id='word_1_108' title='bbox 2464 1772 2703 1826; x_wconf 69' lang='lat' dir='ltr'><strong>fabulari:</strong></span> <span class='ocrx_word' id='word_1_109' title='bbox 2742 1775 2885 1828; x_wconf 87' lang='lat' dir='ltr'><strong>illam</strong></span> <span class='ocrx_word' id='word_1_110' title='bbox 2928 1776 2996 1829; x_wconf 86' lang='lat' dir='ltr'><strong>de</strong></span> <span class='ocrx_word' id='word_1_111' title='bbox 3032 1775 3197 1830; x_wconf 81' lang='lat' dir='ltr'><strong>Paulo</strong></span> <span class='ocrx_word' id='word_1_112' title='bbox 3225 1777 3277 1829; x_wconf 91' lang='lat' dir='ltr'><strong>in</strong></span> <span class='ocrx_word' id='word_1_113' title='bbox 3311 1793 3500 1831; x_wconf 90' lang='lat' dir='ltr'><strong>aurem</strong></span> <span class='ocrx_word' id='word_1_114' title='bbox 3531 1779 3614 1833; x_wconf 85' lang='lat' dir='ltr'><strong>di-</strong></span> 
     </span>
    </p>
   </div>
   <div class='ocr_carea' id='block_1_13' title="bbox 325 1863 3605 1939">
    <p class='ocr_par' dir='ltr' id='par_1_13' title="bbox 325 1863 3605 1939">
     <span class='ocr_line' id='line_1_13' title="bbox 325 1863 3605 1939; baseline -0.001 -10"><span class='ocrx_word' id='word_1_115' title='bbox 325 1884 508 1930; x_wconf 91' lang='lat' dir='ltr'><strong>ctante</strong></span> <span class='ocrx_word' id='word_1_116' title='bbox 535 1881 722 1925; x_wconf 89' lang='lat' dir='ltr'><strong>nostro</strong></span> <span class='ocrx_word' id='word_1_117' title='bbox 747 1869 965 1933; x_wconf 84' lang='lat' dir='ltr'><strong>Joanni,</strong></span> <span class='ocrx_word' id='word_1_118' title='bbox 991 1885 1111 1938; x_wconf 66' lang='lat' dir='ltr'><strong>quae</strong></span> <span class='ocrx_word' id='word_1_119' title='bbox 1141 1868 1425 1933; x_wconf 79' lang='lat' dir='ltr'><strong>scriberet,</strong></span> <span class='ocrx_word' id='word_1_120' title='bbox 1468 1881 1696 1935; x_wconf 83' lang='lat' dir='ltr'><strong>eamque</strong></span> <span class='ocrx_word' id='word_1_121' title='bbox 1735 1880 1849 1919; x_wconf 90' lang='lat' dir='ltr'><strong>rem</strong></span> <span class='ocrx_word' id='word_1_122' title='bbox 1874 1863 2063 1917; x_wconf 86' lang='lat' dir='ltr'><strong>Proclo</strong></span> <span class='ocrx_word' id='word_1_123' title='bbox 2094 1864 2206 1933; x_wconf 90' lang='lat' dir='ltr'><strong>(qui</strong></span> <span class='ocrx_word' id='word_1_124' title='bbox 2238 1875 2348 1917; x_wconf 91' lang='lat' dir='ltr'><strong>tum</strong></span> <span class='ocrx_word' id='word_1_125' title='bbox 2383 1864 2728 1919; x_wconf 82' lang='lat' dir='ltr'><strong>ministrabat</strong></span> <span class='ocrx_word' id='word_1_126' title='bbox 2767 1866 3177 1936; x_wconf 74' lang='lat' dir='ltr'><strong>Chrysostomo,</strong></span> <span class='ocrx_word' id='word_1_127' title='bbox 3213 1879 3269 1923; x_wconf 87' lang='lat' dir='ltr'><strong>et</strong></span> <span class='ocrx_word' id='word_1_128' title='bbox 3317 1881 3503 1939; x_wconf 91' lang='lat' dir='ltr'><strong>postea</strong></span> <span class='ocrx_word' id='word_1_129' title='bbox 3551 1872 3605 1924; x_wconf 92' lang='lat' dir='ltr'><strong>in</strong></span> 
     </span>
    </p>
   </div>
   <div class='ocr_carea' id='block_1_14' title="bbox 327 1958 3611 2038">
    <p class='ocr_par' dir='ltr' id='par_1_14' title="bbox 327 1958 3611 2038">
     <span class='ocr_line' id='line_1_14' title="bbox 327 1958 3611 2038; baseline -0.002 -16"><span class='ocrx_word' id='word_1_130' title='bbox 327 1969 643 2038; x_wconf 84' lang='lat' dir='ltr'><strong>episc0patu</strong></span> <span class='ocrx_word' id='word_1_131' title='bbox 671 1963 956 2035; x_wconf 85' lang='lat' dir='ltr'><strong>successit)</strong></span> <span class='ocrx_word' id='word_1_132' title='bbox 988 1981 1086 2033; x_wconf 90' lang='lat' dir='ltr'><strong>per</strong></span> <span class='ocrx_word' id='word_1_133' title='bbox 1110 1964 1276 2018; x_wconf 89' lang='lat' dir='ltr'><strong>rimas</strong></span> <span class='ocrx_word' id='word_1_134' title='bbox 1311 1964 1504 2029; x_wconf 88' lang='lat' dir='ltr'><strong>visam,</strong></span> <span class='ocrx_word' id='word_1_135' title='bbox 1535 1971 1730 2016; x_wconf 89' lang='lat' dir='ltr'><strong>cuncta</strong></span> <span class='ocrx_word' id='word_1_136' title='bbox 1761 1960 2016 2014; x_wconf 80' lang='lat' dir='ltr'><strong>videnlur</strong></span> <span class='ocrx_word' id='word_1_137' title='bbox 2040 1958 2851 2030; x_wconf 78' lang='lat' dir='ltr'><strong>vindicare&#39;ConstantinOpoli.</strong></span> <span class='ocrx_word' id='word_1_138' title='bbox 2887 1960 3096 2024; x_wconf 85' lang='lat' dir='ltr'><strong>Neutri,</strong></span> <span class='ocrx_word' id='word_1_139' title='bbox 3121 1971 3178 2016; x_wconf 93' lang='lat' dir='ltr'><strong>ut</strong></span> <span class='ocrx_word' id='word_1_140' title='bbox 3202 1961 3417 2032; x_wconf 85' lang='lat' dir='ltr'><strong>opinor,</strong></span> <span class='ocrx_word' id='word_1_141' title='bbox 3443 1979 3567 2017; x_wconf 84' lang='lat' dir='ltr'><strong>vere</strong></span> <span class='ocrx_word' id='word_1_142' title='bbox 3597 1979 3611 2014; x_wconf 93' lang='lat'><strong>:</strong></span> 
     </span>
    </p>
   </div>
   <div class='ocr_carea' id='block_1_15' title="bbox 328 2055 3615 2131">
    <p class='ocr_par' dir='ltr' id='par_1_15' title="bbox 328 2055 3615 2131">
     <span class='ocr_line' id='line_1_15' title="bbox 328 2055 3615 2131; baseline -0.002 -15"><span class='ocrx_word' id='word_1_143' title='bbox 328 2061 633 2116; x_wconf 76' lang='lat' dir='ltr'><strong>rectissime</strong></span> <span class='ocrx_word' id='word_1_144' title='bbox 665 2061 912 2121; x_wconf 84' lang='lat' dir='ltr'><strong>Photius,</strong></span> <span class='ocrx_word' id='word_1_145' title='bbox 945 2059 1036 2130; x_wconf 92' lang='lat' dir='ltr'><strong>qui</strong></span> <span class='ocrx_word' id='word_1_146' title='bbox 1078 2076 1199 2131; x_wconf 74' lang='lat' dir='ltr'><strong>pag.</strong></span> <span class='ocrx_word' id='word_1_147' title='bbox 1232 2059 1331 2113; x_wconf 72' lang='lat' dir='ltr'><strong>20l</strong></span> <span class='ocrx_word' id='word_1_148' title='bbox 1367 2058 1622 2112; x_wconf 88' lang='lat' dir='ltr'><strong>editionis</strong></span> <span class='ocrx_word' id='word_1_149' title='bbox 1652 2057 1879 2128; x_wconf 76' lang='lat' dir='ltr'><strong>August.</strong></span> <span class='ocrx_word' id='word_1_150' title='bbox 1926 2056 2159 2111; x_wconf 89' lang='lat' dir='ltr'><strong>mediam</strong></span> <span class='ocrx_word' id='word_1_151' title='bbox 2194 2063 2344 2110; x_wconf 86' lang='lat' dir='ltr'><strong>secat</strong></span> <span class='ocrx_word' id='word_1_152' title='bbox 2374 2055 2538 2117; x_wconf 86' lang='lat' dir='ltr'><strong>viam,</strong></span> <span class='ocrx_word' id='word_1_153' title='bbox 2591 2057 2675 2110; x_wconf 92' lang='lat' dir='ltr'><strong>his</strong></span> <span class='ocrx_word' id='word_1_154' title='bbox 2710 2059 2890 2112; x_wconf 77' lang='lat' dir='ltr'><strong>verbis</strong></span> <span class='ocrx_word' id='word_1_155' title='bbox 2922 2077 2934 2112; x_wconf 94' lang='lat'><strong>:</strong></span> <span class='ocrx_word' id='word_1_156' title='bbox 2969 2059 3107 2112; x_wconf 82' lang='grc' dir='ltr'><strong>ἀλλὰ</strong></span> <span class='ocrx_word' id='word_1_157' title='bbox 3143 2059 3242 2122; x_wconf 86' lang='grc' dir='ltr'><strong>τὰς</strong></span> <span class='ocrx_word' id='word_1_158' title='bbox 3281 2061 3382 2130; x_wconf 84' lang='grc' dir='ltr'>μὲν</span> <span class='ocrx_word' id='word_1_159' title='bbox 3416 2063 3495 2122; x_wconf 72' lang='grc' dir='ltr'><strong>εἰς</strong></span> <span class='ocrx_word' id='word_1_160' title='bbox 3522 2060 3615 2112; x_wconf 65' lang='grc' dir='ltr'>τὸν</span> 
     </span>
    </p>
   </div>
   <div class='ocr_carea' id='block_1_16' title="bbox 341 2148 3618 2224">
    <p class='ocr_par' dir='ltr' id='par_1_16' title="bbox 341 2148 3618 2224">
     <span class='ocr_line' id='line_1_16' title="bbox 341 2148 3618 2224; baseline -0.001 -16"><span class='ocrx_word' id='word_1_161' title='bbox 341 2155 669 2209; x_wconf 72' lang='grc' dir='ltr'><strong>’Δπόστολον</strong></span> <span class='ocrx_word' id='word_1_162' title='bbox 699 2154 1044 2224; x_wconf 77' lang='grc' dir='ltr'>συγγραφὰς,</span> <span class='ocrx_word' id='word_1_163' title='bbox 1074 2153 1222 2205; x_wconf 75' lang='grc' dir='ltr'>ἔστιν</span> <span class='ocrx_word' id='word_1_164' title='bbox 1251 2151 1310 2218; x_wconf 78' lang='grc' dir='ltr'>ἐξ</span> <span class='ocrx_word' id='word_1_165' title='bbox 1345 2151 1524 2205; x_wconf 85' lang='grc' dir='ltr'>αὐτῶν</span> <span class='ocrx_word' id='word_1_166' title='bbox 1549 2151 1773 2204; x_wconf 81' lang='grc' dir='ltr'>ἐκείνων</span> <span class='ocrx_word' id='word_1_167' title='bbox 1797 2148 2115 2217; x_wconf 79' lang='grc' dir='ltr'>ἐπιγνῶναι,</span> <span class='ocrx_word' id='word_1_168' title='bbox 2156 2149 2305 2202; x_wconf 78' lang='grc' dir='ltr'>ποῖαί</span> <span class='ocrx_word' id='word_1_169' title='bbox 2334 2167 2394 2202; x_wconf 84' lang='grc' dir='ltr'>τε</span> <span class='ocrx_word' id='word_1_170' title='bbox 2428 2151 2608 2203; x_wconf 83' lang='grc' dir='ltr'>αὐτῶν</span> <span class='ocrx_word' id='word_1_171' title='bbox 2637 2151 2696 2202; x_wconf 82' lang='grc' dir='ltr'>ὲν</span> <span class='ocrx_word' id='word_1_172' title='bbox 2731 2150 3032 2223; x_wconf 69' lang='grc' dir='ltr'>Ἀντιοχείᾳ</span> <span class='ocrx_word' id='word_1_173' title='bbox 3058 2152 3387 2221; x_wconf 71' lang='grc' dir='ltr'>διατρίϐοντι</span> <span class='ocrx_word' id='word_1_174' title='bbox 3426 2151 3618 2216; x_wconf 77' lang='grc' dir='ltr'>ἐξεπο-</span> 
     </span>
    </p>
   </div>
   <div class='ocr_carea' id='block_1_17' title="bbox 328 2241 1930 2333">
    <p class='ocr_par' dir='ltr' id='par_1_17' title="bbox 328 2241 1924 2317">
     <span class='ocr_line' id='line_1_17' title="bbox 328 2241 1924 2317; baseline -0.005 -16"><span class='ocrx_word' id='word_1_175' title='bbox 328 2246 598 2317; x_wconf 72' lang='grc' dir='ltr'>νήθηταν,</span> <span class='ocrx_word' id='word_1_176' title='bbox 627 2246 684 2298; x_wconf 84' lang='grc' dir='ltr'>αἶ</span> <span class='ocrx_word' id='word_1_177' title='bbox 715 2246 807 2298; x_wconf 68' lang='grc' dir='ltr'><strong>καὶ</strong></span> <span class='ocrx_word' id='word_1_178' title='bbox 836 2244 1037 2315; x_wconf 81' lang='grc' dir='ltr'>μᾶλλον</span> <span class='ocrx_word' id='word_1_179' title='bbox 1068 2245 1481 2315; x_wconf 74' lang='grc' dir='ltr'>διηκρίεωνται,</span> <span class='ocrx_word' id='word_1_180' title='bbox 1512 2241 1607 2295; x_wconf 65' lang='grc' dir='ltr'>καὶ</span> <span class='ocrx_word' id='word_1_181' title='bbox 1642 2245 1792 2294; x_wconf 74' lang='grc' dir='ltr'>ποῖαι</span> <span class='ocrx_word' id='word_1_182' title='bbox 1821 2243 1924 2312; x_wconf 84' lang='grc' dir='ltr'><strong>ἁρχ</strong></span> 
     </span>
    </p>
   </div>
   <div class='ocr_carea' id='block_1_18' title="bbox 2014 2241 3616 2333">
    <p class='ocr_par' dir='ltr' id='par_1_18' title="bbox 2017 2241 3616 2333">
     <span class='ocr_line' id='line_1_18' title="bbox 2017 2241 3616 2333; baseline 0.004 -39"><span class='ocrx_word' id='word_1_183' title='bbox 2017 2241 2266 2294; x_wconf 81' lang='grc' dir='ltr'>ατεύοντι</span> <span class='ocrx_word' id='word_1_184' title='bbox 2297 2242 2656 2314; x_wconf 77' lang='grc' dir='ltr'>ἐποιήθησαν.</span> <span class='ocrx_word' id='word_1_185' title='bbox 2691 2244 2767 2298; x_wconf 74' lang='lat' dir='ltr'><strong>Ex</strong></span> <span class='ocrx_word' id='word_1_186' title='bbox 2796 2244 2996 2313; x_wconf 90' lang='lat' dir='ltr'><strong>quibus</strong></span> <span class='ocrx_word' id='word_1_187' title='bbox 3019 2245 3200 2299; x_wconf 87' lang='lat' dir='ltr'><strong>verbis</strong></span> <span class='ocrx_word' id='word_1_188' title='bbox 3228 2245 3478 2333; x_wconf 77' lang='lat' dir='ltr'><strong>quamvis</strong></span> <span class='ocrx_word' id='word_1_189' title='bbox 3513 2261 3616 2300; x_wconf 84' lang='lat' dir='ltr'><strong>nec</strong></span> 
     </span>
    </p>
   </div>
   <div class='ocr_carea' id='block_1_19' title="bbox 330 2330 3618 2420">
    <p class='ocr_par' dir='ltr' id='par_1_19' title="bbox 330 2330 3618 2420">
     <span class='ocr_line' id='line_1_19' title="bbox 330 2330 3618 2420; baseline 0 -29"><span class='ocrx_word' id='word_1_190' title='bbox 330 2338 426 2402; x_wconf 89' lang='lat' dir='ltr'><strong>ibi,</strong></span> <span class='ocrx_word' id='word_1_191' title='bbox 458 2353 561 2392; x_wconf 89' lang='lat' dir='ltr'><strong>nec</strong></span> <span class='ocrx_word' id='word_1_192' title='bbox 590 2353 838 2408; x_wconf 88' lang='lat' dir='ltr'><strong>usquam,</strong></span> <span class='ocrx_word' id='word_1_193' title='bbox 879 2337 1021 2406; x_wconf 92' lang='lat' dir='ltr'><strong>quod</strong></span> <span class='ocrx_word' id='word_1_194' title='bbox 1057 2335 1244 2420; x_wconf 76' lang='lat' dir='ltr'><strong>sciam,</strong></span> <span class='ocrx_word' id='word_1_195' title='bbox 1287 2333 1354 2386; x_wconf 86' lang='lat' dir='ltr'><strong>ab</strong></span> <span class='ocrx_word' id='word_1_196' title='bbox 1386 2335 1502 2401; x_wconf 89' lang='lat' dir='ltr'><strong>ipso</strong></span> <span class='ocrx_word' id='word_1_197' title='bbox 1533 2332 1733 2387; x_wconf 84' lang='lat' dir='ltr'><strong>diserte</strong></span> <span class='ocrx_word' id='word_1_198' title='bbox 1768 2330 2126 2398; x_wconf 75' lang='lat' dir='ltr'><strong>exprimatur,</strong></span> <span class='ocrx_word' id='word_1_199' title='bbox 2157 2345 2266 2400; x_wconf 90' lang='lat' dir='ltr'><strong>quo</strong></span> <span class='ocrx_word' id='word_1_200' title='bbox 2301 2347 2528 2402; x_wconf 71' lang='lat' dir='ltr'><strong>quaeque</strong></span> <span class='ocrx_word' id='word_1_201' title='bbox 2573 2333 2694 2388; x_wconf 92' lang='lat' dir='ltr'><strong>loco</strong></span> <span class='ocrx_word' id='word_1_202' title='bbox 2744 2333 2945 2402; x_wconf 88' lang='lat' dir='ltr'><strong>scripta</strong></span> <span class='ocrx_word' id='word_1_203' title='bbox 2995 2334 3223 2397; x_wconf 85' lang='lat' dir='ltr'><strong>fuerint,</strong></span> <span class='ocrx_word' id='word_1_204' title='bbox 3271 2330 3381 2391; x_wconf 81' lang='lat' dir='ltr'><strong>hoc</strong></span> <span class='ocrx_word' id='word_1_205' title='bbox 3434 2346 3618 2392; x_wconf 88' lang='lat' dir='ltr'><strong>tamen</strong></span> 
     </span>
    </p>
   </div>
   <div class='ocr_carea' id='block_1_20' title="bbox 333 2421 1935 2498">
    <p class='ocr_par' dir='ltr' id='par_1_20' title="bbox 333 2423 1935 2492">
     <span class='ocr_line' id='line_1_20' title="bbox 333 2423 1935 2492; baseline -0.008 -6"><span class='ocrx_word' id='word_1_206' title='bbox 333 2428 1092 2486; x_wconf 78' lang='lat' dir='ltr'><strong>liabemus.Antiochcnorum</strong></span> <span class='ocrx_word' id='word_1_207' title='bbox 1111 2433 1180 2480; x_wconf 71' lang='lat' dir='ltr'><strong>&quot;et</strong></span> <span class='ocrx_word' id='word_1_208' title='bbox 1208 2423 1935 2492; x_wconf 84' lang='lat' dir='ltr'><strong>Constantinopolitanorum</strong></span> 
     </span>
    </p>
   </div>
   <div class='ocr_carea' id='block_1_21' title="bbox 2017 2421 3619 2498">
    <p class='ocr_par' dir='ltr' id='par_1_21' title="bbox 2017 2421 3619 2498">
     <span class='ocr_line' id='line_1_21' title="bbox 2017 2421 3619 2498; baseline 0.005 -26"><span class='ocrx_word' id='word_1_209' title='bbox 2017 2421 2279 2490; x_wconf 85' lang='grc' dir='ltr'>ριτήριον,</span> <span class='ocrx_word' id='word_1_210' title='bbox 2311 2423 2570 2477; x_wconf 88' lang='lat' dir='ltr'><strong>nimirum</strong></span> <span class='ocrx_word' id='word_1_211' title='bbox 2602 2422 2702 2494; x_wconf 76' lang='grc' dir='ltr'><strong>τὴν</strong></span> <span class='ocrx_word' id='word_1_212' title='bbox 2728 2423 3035 2494; x_wconf 78' lang='grc' dir='ltr'>ἀκρίϐειαν.</span> <span class='ocrx_word' id='word_1_213' title='bbox 3065 2426 3184 2491; x_wconf 80' lang='lat' dir='ltr'><strong>Quo</strong></span> <span class='ocrx_word' id='word_1_214' title='bbox 3208 2435 3391 2482; x_wconf 90' lang='lat' dir='ltr'><strong>tamen</strong></span> <span class='ocrx_word' id='word_1_215' title='bbox 3425 2445 3619 2498; x_wconf 78' lang='grc' dir='ltr'>κριτη-</span> 
     </span>
    </p>
   </div>
   <div class='ocr_carea' id='block_1_22' title="bbox 336 2517 3621 2600">
    <p class='ocr_par' dir='ltr' id='par_1_22' title="bbox 336 2517 3621 2600">
     <span class='ocr_line' id='line_1_22' title="bbox 336 2517 3621 2600; baseline 0 -20"><span class='ocrx_word' id='word_1_216' title='bbox 336 2529 436 2600; x_wconf 83' lang='grc' dir='ltr'>ρίῳ</span> <span class='ocrx_word' id='word_1_217' title='bbox 458 2529 658 2582; x_wconf 89' lang='lat' dir='ltr'><strong>certius</strong></span> <span class='ocrx_word' id='word_1_218' title='bbox 690 2525 953 2579; x_wconf 87' lang='lat' dir='ltr'><strong>habemus</strong></span> <span class='ocrx_word' id='word_1_219' title='bbox 986 2524 1129 2576; x_wconf 82' lang='lat' dir='ltr'><strong>aliud</strong></span> <span class='ocrx_word' id='word_1_220' title='bbox 1153 2532 1202 2576; x_wconf 89' lang='lat' dir='ltr'><strong>et</strong></span> <span class='ocrx_word' id='word_1_221' title='bbox 1229 2522 1412 2575; x_wconf 87' lang='lat' dir='ltr'><strong>minus</strong></span> <span class='ocrx_word' id='word_1_222' title='bbox 1444 2520 1601 2574; x_wconf 81' lang='lat' dir='ltr'><strong>fallax</strong></span> <span class='ocrx_word' id='word_1_223' title='bbox 1641 2520 1692 2572; x_wconf 92' lang='lat' dir='ltr'><strong>in</strong></span> <span class='ocrx_word' id='word_1_224' title='bbox 1724 2517 2024 2578; x_wconf 92' lang='lat' dir='ltr'><strong>nonnullis,</strong></span> <span class='ocrx_word' id='word_1_225' title='bbox 2057 2517 2295 2571; x_wconf 90' lang='lat' dir='ltr'><strong>auctoris</strong></span> <span class='ocrx_word' id='word_1_226' title='bbox 2327 2518 2497 2587; x_wconf 90' lang='lat' dir='ltr'><strong>ipsius</strong></span> <span class='ocrx_word' id='word_1_227' title='bbox 2522 2520 2709 2574; x_wconf 89' lang='lat' dir='ltr'><strong>verba.</strong></span> <span class='ocrx_word' id='word_1_228' title='bbox 2743 2520 2842 2574; x_wconf 88' lang='lat' dir='ltr'><strong>Ubi</strong></span> <span class='ocrx_word' id='word_1_229' title='bbox 2874 2530 3056 2576; x_wconf 89' lang='lat' dir='ltr'><strong>autem</strong></span> <span class='ocrx_word' id='word_1_230' title='bbox 3105 2524 3208 2577; x_wconf 87' lang='lat' dir='ltr'><strong>hoc</strong></span> <span class='ocrx_word' id='word_1_231' title='bbox 3251 2525 3621 2580; x_wconf 88' lang='lat' dir='ltr'><strong>destituemur</strong></span> 
     </span>
    </p>
   </div>
   <div class='ocr_carea' id='block_1_23' title="bbox 332 2612 3622 2691">
    <p class='ocr_par' dir='ltr' id='par_1_23' title="bbox 332 2612 3622 2691">
     <span class='ocr_line' id='line_1_23' title="bbox 332 2612 3622 2691; baseline -0.002 -12"><span class='ocrx_word' id='word_1_232' title='bbox 332 2622 580 2679; x_wconf 84' lang='lat' dir='ltr'><strong>subsidio</strong></span> <span class='ocrx_word' id='word_1_233' title='bbox 600 2623 796 2691; x_wconf 86' lang='lat' dir='ltr'><strong>(neque</strong></span> <span class='ocrx_word' id='word_1_234' title='bbox 820 2620 965 2674; x_wconf 91' lang='lat' dir='ltr'><strong>enim</strong></span> <span class='ocrx_word' id='word_1_235' title='bbox 993 2619 1045 2671; x_wconf 92' lang='lat' dir='ltr'><strong>in</strong></span> <span class='ocrx_word' id='word_1_236' title='bbox 1074 2618 1331 2672; x_wconf 88' lang='lat' dir='ltr'><strong>omnibus</strong></span> <span class='ocrx_word' id='word_1_237' title='bbox 1363 2616 1492 2671; x_wconf 93' lang='lat' dir='ltr'><strong>illud</strong></span> <span class='ocrx_word' id='word_1_238' title='bbox 1518 2632 1582 2670; x_wconf 81' lang='lat' dir='ltr'><strong>ex</strong></span> <span class='ocrx_word' id='word_1_239' title='bbox 1609 2615 1790 2670; x_wconf 85' lang='lat' dir='ltr'><strong>verbis</strong></span> <span class='ocrx_word' id='word_1_240' title='bbox 1819 2612 2195 2686; x_wconf 84' lang='lat' dir='ltr'><strong>Chrysostomi</strong></span> <span class='ocrx_word' id='word_1_241' title='bbox 2224 2615 2492 2684; x_wconf 88' lang='lat' dir='ltr'><strong>apparet),</strong></span> <span class='ocrx_word' id='word_1_242' title='bbox 2514 2615 2941 2686; x_wconf 81' lang='lat' dir='ltr'><strong>confugiendum</strong></span> <span class='ocrx_word' id='word_1_243' title='bbox 2969 2617 3075 2670; x_wconf 87' lang='lat' dir='ltr'><strong>erit</strong></span> <span class='ocrx_word' id='word_1_244' title='bbox 3096 2617 3162 2671; x_wconf 90' lang='lat' dir='ltr'><strong>ad</strong></span> <span class='ocrx_word' id='word_1_245' title='bbox 3186 2618 3338 2686; x_wconf 86' lang='lat' dir='ltr'><strong>prius</strong></span> <span class='ocrx_word' id='word_1_246' title='bbox 3366 2619 3495 2674; x_wconf 92' lang='lat' dir='ltr'><strong>illud</strong></span> <span class='ocrx_word' id='word_1_247' title='bbox 3519 2623 3622 2690; x_wconf 81' lang='grc' dir='ltr'><strong>τῆς</strong></span> 
     </span>
    </p>
   </div>
   <div class='ocr_carea' id='block_1_24' title="bbox 333 2709 1935 2786">
    <p class='ocr_par' dir='ltr' id='par_1_24' title="bbox 333 2709 1935 2786">
     <span class='ocr_line' id='line_1_24' title="bbox 333 2709 1935 2786; baseline -0.002 -18"><span class='ocrx_word' id='word_1_248' title='bbox 333 2713 624 2786; x_wconf 78' lang='grc' dir='ltr'>ἀκριϐείας</span> <span class='ocrx_word' id='word_1_249' title='bbox 649 2714 952 2782; x_wconf 75' lang='grc' dir='ltr'><strong>κριτήριον,</strong></span> <span class='ocrx_word' id='word_1_250' title='bbox 993 2711 1097 2765; x_wconf 88' lang='lat' dir='ltr'><strong>hoc</strong></span> <span class='ocrx_word' id='word_1_251' title='bbox 1124 2720 1228 2775; x_wconf 88' lang='lat' dir='ltr'><strong>est,</strong></span> <span class='ocrx_word' id='word_1_252' title='bbox 1261 2725 1346 2764; x_wconf 93' lang='lat' dir='ltr'><strong>res</strong></span> <span class='ocrx_word' id='word_1_253' title='bbox 1378 2709 1754 2779; x_wconf 88' lang='lat' dir='ltr'><strong>probabilibus</strong></span> <span class='ocrx_word' id='word_1_254' title='bbox 1779 2712 1935 2780; x_wconf 81' lang='lat' dir='ltr'><strong>conje</strong></span> 
     </span>
    </p>
   </div>
   <div class='ocr_carea' id='block_1_25' title="bbox 2018 2709 3620 2786">
    <p class='ocr_par' dir='ltr' id='par_1_25' title="bbox 2018 2710 3620 2784">
     <span class='ocr_line' id='line_1_25' title="bbox 2018 2710 3620 2784; baseline 0.003 -20"><span class='ocrx_word' id='word_1_255' title='bbox 2018 2711 2116 2765; x_wconf 79' lang='lat' dir='ltr'><strong>iris</strong></span> <span class='ocrx_word' id='word_1_256' title='bbox 2143 2710 2518 2780; x_wconf 80' lang='lat' dir='ltr'><strong>expendenda.</strong></span> <span class='ocrx_word' id='word_1_257' title='bbox 2550 2712 2627 2765; x_wconf 79' lang='lat' dir='ltr'><strong>Ac</strong></span> <span class='ocrx_word' id='word_1_258' title='bbox 2649 2727 2718 2765; x_wconf 92' lang='lat' dir='ltr'><strong>ne</strong></span> <span class='ocrx_word' id='word_1_259' title='bbox 2745 2712 3203 2782; x_wconf 77' lang='lat' dir='ltr'><strong>longeabeamus,</strong></span> <span class='ocrx_word' id='word_1_260' title='bbox 3237 2713 3304 2768; x_wconf 91' lang='lat' dir='ltr'><strong>de</strong></span> <span class='ocrx_word' id='word_1_261' title='bbox 3340 2715 3518 2784; x_wconf 88' lang='lat' dir='ltr'><strong>priore</strong></span> <span class='ocrx_word' id='word_1_262' title='bbox 3553 2717 3620 2770; x_wconf 92' lang='lat' dir='ltr'><strong>ad</strong></span> 
     </span>
    </p>
   </div>
   <div class='ocr_carea' id='block_1_26' title="bbox 333 2801 3624 2876">
    <p class='ocr_par' dir='ltr' id='par_1_26' title="bbox 333 2801 3624 2876">
     <span class='ocr_line' id='line_1_26' title="bbox 333 2801 3624 2876; baseline -0.001 -10"><span class='ocrx_word' id='word_1_263' title='bbox 333 2807 646 2866; x_wconf 84' lang='lat' dir='ltr'><strong>Corinthios</strong></span> <span class='ocrx_word' id='word_1_264' title='bbox 677 2821 991 2876; x_wconf 79' lang='lat' dir='ltr'><strong>expressum</strong></span> <span class='ocrx_word' id='word_1_265' title='bbox 1019 2803 1284 2857; x_wconf 88' lang='lat' dir='ltr'><strong>habemus</strong></span> <span class='ocrx_word' id='word_1_266' title='bbox 1313 2819 1376 2857; x_wconf 76' lang='lat' dir='ltr'><strong>ex</strong></span> <span class='ocrx_word' id='word_1_267' title='bbox 1411 2803 1583 2872; x_wconf 91' lang='lat' dir='ltr'><strong>ipsius</strong></span> <span class='ocrx_word' id='word_1_268' title='bbox 1611 2801 1982 2873; x_wconf 80' lang='lat' dir='ltr'><strong>Clirysostomi</strong></span> <span class='ocrx_word' id='word_1_269' title='bbox 2011 2803 2193 2858; x_wconf 87' lang='lat' dir='ltr'><strong>verbis</strong></span> <span class='ocrx_word' id='word_1_270' title='bbox 2220 2803 2616 2870; x_wconf 87' lang='lat' dir='ltr'><strong>testimonium,</strong></span> <span class='ocrx_word' id='word_1_271' title='bbox 2648 2804 3063 2873; x_wconf 83' lang='lat' dir='ltr'><strong>scriptasluisse</strong></span> <span class='ocrx_word' id='word_1_272' title='bbox 3087 2805 3337 2861; x_wconf 87' lang='lat' dir='ltr'><strong>homilias</strong></span> <span class='ocrx_word' id='word_1_273' title='bbox 3370 2809 3487 2861; x_wconf 88' lang='lat' dir='ltr'><strong>illas</strong></span> <span class='ocrx_word' id='word_1_274' title='bbox 3514 2815 3624 2862; x_wconf 81' lang='lat' dir='ltr'><strong>An-</strong></span> 
     </span>
    </p>
   </div>
   <div class='ocr_carea' id='block_1_27' title="bbox 337 2894 1939 2974">
    <p class='ocr_par' dir='ltr' id='par_1_27' title="bbox 337 2897 1929 2968">
     <span class='ocr_line' id='line_1_27' title="bbox 337 2897 1929 2968; baseline -0.006 -5"><span class='ocrx_word' id='word_1_275' title='bbox 337 2907 572 2963; x_wconf 72' lang='lat' dir='ltr'><strong>tiochiae.</strong></span> <span class='ocrx_word' id='word_1_276' title='bbox 610 2905 787 2957; x_wconf 87' lang='lat' dir='ltr'><strong>Locus</strong></span> <span class='ocrx_word' id='word_1_277' title='bbox 819 2909 923 2965; x_wconf 88' lang='lat' dir='ltr'><strong>est,</strong></span> <span class='ocrx_word' id='word_1_278' title='bbox 965 2899 1188 2954; x_wconf 91' lang='lat' dir='ltr'><strong>homilia</strong></span> <span class='ocrx_word' id='word_1_279' title='bbox 1221 2897 1480 2968; x_wconf 81' lang='lat' dir='ltr'><strong>vigesima</strong></span> <span class='ocrx_word' id='word_1_280' title='bbox 1511 2899 1685 2968; x_wconf 88' lang='lat' dir='ltr'><strong>prima</strong></span> <span class='ocrx_word' id='word_1_281' title='bbox 1718 2915 1770 2968; x_wconf 92' lang='lat' dir='ltr'><strong>p.</strong></span> <span class='ocrx_word' id='word_1_282' title='bbox 1803 2900 1929 2963; x_wconf 70' lang='lat'><strong>379,</strong></span> 
     </span>
    </p>
   </div>
   <div class='ocr_carea' id='block_1_28' title="bbox 2021 2894 3623 2974">
    <p class='ocr_par' dir='ltr' id='par_1_28' title="bbox 2037 2894 3623 2974">
     <span class='ocr_line' id='line_1_28' title="bbox 2037 2894 3623 2974; baseline 0.003 -21"><span class='ocrx_word' id='word_1_283' title='bbox 2037 2920 2048 2953; x_wconf 94' lang='lat'><strong>:</strong></span> <span class='ocrx_word' id='word_1_284' title='bbox 2086 2896 2377 2954; x_wconf 75' lang='grc' dir='ltr'>καὶταῦτα</span> <span class='ocrx_word' id='word_1_285' title='bbox 2408 2902 2466 2951; x_wconf 81' lang='grc' dir='ltr'>ὲν</span> <span class='ocrx_word' id='word_1_286' title='bbox 2495 2900 2816 2971; x_wconf 78' lang='grc' dir='ltr'>Ἀντιοχείᾳ,</span> <span class='ocrx_word' id='word_1_287' title='bbox 2839 2903 2896 2952; x_wconf 81' lang='grc' dir='ltr'>ὲν</span> <span class='ocrx_word' id='word_1_288' title='bbox 2994 2900 3209 2972; x_wconf 82' lang='grc' dir='ltr'>πρῶτον</span> <span class='ocrx_word' id='word_1_289' title='bbox 3242 2904 3623 2973; x_wconf 71' lang='grc' dir='ltr'><strong>ἐχρημάτισαν</strong></span> 
     </span>
    </p>
   </div>
   <div class='ocr_carea' id='block_1_29' title="bbox 335 2989 1937 3069">
    <p class='ocr_par' dir='ltr' id='par_1_29' title="bbox 335 2989 1925 3069">
     <span class='ocr_line' id='line_1_29' title="bbox 335 2989 1925 3069; baseline -0.004 -17"><span class='ocrx_word' id='word_1_290' title='bbox 335 2996 673 3069; x_wconf 82' lang='grc' dir='ltr'>Χριστιανοί.</span> <span class='ocrx_word' id='word_1_291' title='bbox 709 2996 774 3049; x_wconf 89' lang='lat' dir='ltr'><strong>Et</strong></span> <span class='ocrx_word' id='word_1_292' title='bbox 799 2994 1016 3064; x_wconf 86' lang='lat' dir='ltr'><strong>quidem</strong></span> <span class='ocrx_word' id='word_1_293' title='bbox 1047 2989 1224 3043; x_wconf 88' lang='lat' dir='ltr'><strong>Photii</strong></span> <span class='ocrx_word' id='word_1_294' title='bbox 1255 2993 1539 3060; x_wconf 79' lang='grc' dir='ltr'>κριτήριον</span> <span class='ocrx_word' id='word_1_295' title='bbox 1569 2991 1696 3044; x_wconf 91' lang='lat' dir='ltr'><strong>huic</strong></span> <span class='ocrx_word' id='word_1_296' title='bbox 1722 2992 1925 3060; x_wconf 82' lang='lat' dir='ltr'><strong>scripto</strong></span> 
     </span>
    </p>
   </div>
   <div class='ocr_carea' id='block_1_30' title="bbox 2023 2989 3625 3069">
    <p class='ocr_par' dir='ltr' id='par_1_30' title="bbox 2030 2993 3625 3062">
     <span class='ocr_line' id='line_1_30' title="bbox 2030 2993 3625 3062; baseline 0.003 -17"><span class='ocrx_word' id='word_1_297' title='bbox 2030 2993 2195 3046; x_wconf 88' lang='lat' dir='ltr'><strong>rhelle</strong></span> <span class='ocrx_word' id='word_1_298' title='bbox 2226 2993 2503 3055; x_wconf 88' lang='lat' dir='ltr'><strong>convenit,</strong></span> <span class='ocrx_word' id='word_1_299' title='bbox 2537 3008 2660 3046; x_wconf 90' lang='lat' dir='ltr'><strong>cum</strong></span> <span class='ocrx_word' id='word_1_300' title='bbox 2689 2993 2824 3046; x_wconf 92' lang='lat' dir='ltr'><strong>nihil</strong></span> <span class='ocrx_word' id='word_1_301' title='bbox 2855 2993 2927 3047; x_wconf 87' lang='lat' dir='ltr'><strong>sit</strong></span> <span class='ocrx_word' id='word_1_302' title='bbox 2959 2994 3167 3062; x_wconf 88' lang='lat' dir='ltr'><strong>uspiam</strong></span> <span class='ocrx_word' id='word_1_303' title='bbox 3198 2994 3267 3048; x_wconf 88' lang='lat' dir='ltr'><strong>ab</strong></span> <span class='ocrx_word' id='word_1_304' title='bbox 3289 2995 3500 3050; x_wconf 78' lang='lat' dir='ltr'><strong>Joanne</strong></span> <span class='ocrx_word' id='word_1_305' title='bbox 3525 3013 3625 3050; x_wconf 92' lang='lat' dir='ltr'><strong>no-</strong></span> 
     </span>
    </p>
   </div>
   <div class='ocr_carea' id='block_1_31' title="bbox 335 3083 3624 3162">
    <p class='ocr_par' dir='ltr' id='par_1_31' title="bbox 335 3083 3624 3162">
     <span class='ocr_line' id='line_1_31' title="bbox 335 3083 3624 3162; baseline 0 -16"><span class='ocrx_word' id='word_1_306' title='bbox 335 3099 451 3146; x_wconf 82' lang='lat' dir='ltr'><strong>stro</strong></span> <span class='ocrx_word' id='word_1_307' title='bbox 479 3089 584 3144; x_wconf 87' lang='lat' dir='ltr'><strong>illis</strong></span> <span class='ocrx_word' id='word_1_308' title='bbox 617 3087 963 3142; x_wconf 82' lang='lat' dir='ltr'><strong>sermonibus</strong></span> <span class='ocrx_word' id='word_1_309' title='bbox 991 3087 1254 3156; x_wconf 88' lang='lat' dir='ltr'><strong>scriptum</strong></span> <span class='ocrx_word' id='word_1_310' title='bbox 1287 3083 1617 3145; x_wconf 89' lang='lat' dir='ltr'><strong>accuratius,</strong></span> <span class='ocrx_word' id='word_1_311' title='bbox 1643 3083 1779 3137; x_wconf 89' lang='lat' dir='ltr'><strong>nihil</strong></span> <span class='ocrx_word' id='word_1_312' title='bbox 1809 3084 2073 3138; x_wconf 89' lang='lat' dir='ltr'><strong>limatius.</strong></span> <span class='ocrx_word' id='word_1_313' title='bbox 2100 3083 2174 3139; x_wconf 87' lang='lat' dir='ltr'><strong>De</strong></span> <span class='ocrx_word' id='word_1_314' title='bbox 2202 3083 2561 3139; x_wconf 87' lang='lat' dir='ltr'><strong>Sermonibus</strong></span> <span class='ocrx_word' id='word_1_315' title='bbox 2589 3085 2643 3138; x_wconf 92' lang='lat' dir='ltr'><strong>in</strong></span> <span class='ocrx_word' id='word_1_316' title='bbox 2671 3085 2965 3156; x_wconf 81' lang='lat' dir='ltr'><strong>Epistolam</strong></span> <span class='ocrx_word' id='word_1_317' title='bbox 2989 3087 3057 3140; x_wconf 90' lang='lat' dir='ltr'><strong>ad</strong></span> <span class='ocrx_word' id='word_1_318' title='bbox 3087 3086 3291 3151; x_wconf 89' lang='lat' dir='ltr'><strong>&#39;l‘itum,</strong></span> <span class='ocrx_word' id='word_1_319' title='bbox 3315 3091 3436 3159; x_wconf 81' lang='lat' dir='ltr'><strong>plus</strong></span> <span class='ocrx_word' id='word_1_320' title='bbox 3459 3108 3624 3162; x_wconf 88' lang='lat' dir='ltr'><strong>quam</strong></span> 
     </span>
    </p>
   </div>
   <div class='ocr_carea' id='block_1_32' title="bbox 338 3180 3627 3259">
    <p class='ocr_par' dir='ltr' id='par_1_32' title="bbox 338 3180 3627 3259">
     <span class='ocr_line' id='line_1_32' title="bbox 338 3180 3627 3259; baseline -0.003 -17"><span class='ocrx_word' id='word_1_321' title='bbox 338 3188 616 3259; x_wconf 72' lang='lat' dir='ltr'><strong>probabile</strong></span> <span class='ocrx_word' id='word_1_322' title='bbox 661 3195 745 3241; x_wconf 91' lang='lat' dir='ltr'><strong>est</strong></span> <span class='ocrx_word' id='word_1_323' title='bbox 787 3185 1001 3240; x_wconf 85' lang='lat' dir='ltr'><strong>habitos</strong></span> <span class='ocrx_word' id='word_1_324' title='bbox 1058 3183 1242 3238; x_wconf 85' lang='lat' dir='ltr'><strong>itidem</strong></span> <span class='ocrx_word' id='word_1_325' title='bbox 1295 3182 1461 3236; x_wconf 90' lang='lat' dir='ltr'><strong>fuisse</strong></span> <span class='ocrx_word' id='word_1_326' title='bbox 1509 3181 1830 3234; x_wconf 59' lang='lat' dir='ltr'><strong>Antiochia}.</strong></span> <span class='ocrx_word' id='word_1_327' title='bbox 1875 3180 1965 3235; x_wconf 90' lang='lat' dir='ltr'><strong>Sic</strong></span> <span class='ocrx_word' id='word_1_328' title='bbox 2015 3183 2161 3235; x_wconf 75' lang='lat' dir='ltr'><strong>enim</strong></span> <span class='ocrx_word' id='word_1_329' title='bbox 2207 3181 2448 3249; x_wconf 87' lang='lat' dir='ltr'><strong>loquitur</strong></span> <span class='ocrx_word' id='word_1_330' title='bbox 2492 3180 2711 3235; x_wconf 90' lang='lat' dir='ltr'><strong>homilia</strong></span> <span class='ocrx_word' id='word_1_331' title='bbox 2771 3183 2950 3248; x_wconf 88' lang='lat' dir='ltr'><strong>tertia,</strong></span> <span class='ocrx_word' id='word_1_332' title='bbox 2984 3199 3105 3254; x_wconf 80' lang='lat' dir='ltr'><strong>pag.</strong></span> <span class='ocrx_word' id='word_1_333' title='bbox 3151 3185 3277 3248; x_wconf 75' lang='lat'><strong>392,</strong></span> <span class='ocrx_word' id='word_1_334' title='bbox 3322 3187 3391 3241; x_wconf 66' lang='grc'><strong>43</strong></span> <span class='ocrx_word' id='word_1_335' title='bbox 3427 3205 3440 3238; x_wconf 74' lang='grc' dir='ltr'><strong>ε</strong></span> <span class='ocrx_word' id='word_1_336' title='bbox 3476 3189 3529 3240; x_wconf 81' lang='grc' dir='ltr'><strong>τί</strong></span> <span class='ocrx_word' id='word_1_337' title='bbox 3559 3191 3627 3243; x_wconf 69' lang='grc' dir='ltr'><strong>ἂν</strong></span> 
     </span>
    </p>
   </div>
   <div class='ocr_carea' id='block_1_33' title="bbox 340 3271 3625 3352">
    <p class='ocr_par' dir='ltr' id='par_1_33' title="bbox 340 3271 3625 3352">
     <span class='ocr_line' id='line_1_33' title="bbox 340 3271 3625 3352; baseline 0 -21"><span class='ocrx_word' id='word_1_338' title='bbox 340 3298 490 3334; x_wconf 70' lang='lat' dir='ltr'><strong>emat</strong></span> <span class='ocrx_word' id='word_1_339' title='bbox 520 3297 604 3340; x_wconf 79' lang='grc' dir='ltr'>τις</span> <span class='ocrx_word' id='word_1_340' title='bbox 634 3280 765 3349; x_wconf 73' lang='grc' dir='ltr'>περὶ</span> <span class='ocrx_word' id='word_1_341' title='bbox 790 3275 900 3331; x_wconf 80' lang='grc' dir='ltr'>τῶν</span> <span class='ocrx_word' id='word_1_342' title='bbox 924 3281 1004 3338; x_wconf 82' lang='grc' dir='ltr'><strong>εἰς</strong></span> <span class='ocrx_word' id='word_1_343' title='bbox 1034 3276 1236 3336; x_wconf 79' lang='grc' dir='ltr'><strong>τόπους</strong></span> <span class='ocrx_word' id='word_1_344' title='bbox 1263 3272 1659 3343; x_wconf 80' lang='grc' dir='ltr'><strong>ἀπερχομένων</strong></span> <span class='ocrx_word' id='word_1_345' title='bbox 1685 3271 1915 3334; x_wconf 71' lang='grc' dir='ltr'>ἐκείνοις</span> <span class='ocrx_word' id='word_1_346' title='bbox 1951 3272 2181 3340; x_wconf 71' lang='lat' dir='ltr'><strong>(scilicet</strong></span> <span class='ocrx_word' id='word_1_347' title='bbox 2211 3272 2513 3340; x_wconf 73' lang='grc' dir='ltr'>Ἰουδαίοις)</span> <span class='ocrx_word' id='word_1_348' title='bbox 2550 3274 2994 3344; x_wconf 77' lang='grc' dir='ltr'>ἁφιερωμένους;</span> <span class='ocrx_word' id='word_1_349' title='bbox 3029 3276 3121 3329; x_wconf 87' lang='grc' dir='ltr'>τὸν</span> <span class='ocrx_word' id='word_1_350' title='bbox 3151 3278 3209 3328; x_wconf 85' lang='grc' dir='ltr'>ὲν</span> <span class='ocrx_word' id='word_1_351' title='bbox 3240 3279 3429 3352; x_wconf 81' lang='grc' dir='ltr'><strong>Δάφνῃ</strong></span> <span class='ocrx_word' id='word_1_352' title='bbox 3456 3280 3625 3347; x_wconf 74' lang='grc' dir='ltr'>λέγω,</span> 
     </span>
    </p>
   </div>
   <div class='ocr_carea' id='block_1_34' title="bbox 337 3367 1939 3444">
    <p class='ocr_par' dir='ltr' id='par_1_34' title="bbox 337 3367 1939 3444">
     <span class='ocr_line' id='line_1_34' title="bbox 337 3367 1939 3444; baseline -0.006 -15"><span class='ocrx_word' id='word_1_353' title='bbox 337 3377 401 3430; x_wconf 73' lang='grc' dir='ltr'><strong>τὸ</strong></span> <span class='ocrx_word' id='word_1_354' title='bbox 425 3377 524 3444; x_wconf 83' lang='grc' dir='ltr'><strong>τῆς</strong></span> <span class='ocrx_word' id='word_1_355' title='bbox 553 3375 862 3444; x_wconf 78' lang='grc' dir='ltr'><strong>Ματρώνης</strong></span> <span class='ocrx_word' id='word_1_356' title='bbox 890 3373 1182 3442; x_wconf 80' lang='grc' dir='ltr'>λεγόμενον</span> <span class='ocrx_word' id='word_1_357' title='bbox 1214 3369 1480 3440; x_wconf 85' lang='grc' dir='ltr'>σπήλαιον</span> <span class='ocrx_word' id='word_1_358' title='bbox 1515 3388 1528 3422; x_wconf 88' lang='lat'><strong>:</strong></span> <span class='ocrx_word' id='word_1_359' title='bbox 1563 3377 1645 3422; x_wconf 87' lang='lat' dir='ltr'><strong>est</strong></span> <span class='ocrx_word' id='word_1_360' title='bbox 1694 3377 1876 3421; x_wconf 89' lang='lat' dir='ltr'><strong>autem</strong></span> <span class='ocrx_word' id='word_1_361' title='bbox 1928 3367 1939 3419; x_wconf 97' lang='grc' dir='ltr'><strong>Ι</strong></span> 
     </span>
    </p>
   </div>
   <div class='ocr_carea' id='block_1_35' title="bbox 2024 3367 3626 3444">
    <p class='ocr_par' dir='ltr' id='par_1_35' title="bbox 2024 3367 3626 3429">
     <span class='ocr_line' id='line_1_35' title="bbox 2024 3367 3626 3429; baseline 0.006 -10"><span class='ocrx_word' id='word_1_362' title='bbox 2024 3368 2153 3421; x_wconf 73' lang='grc' dir='ltr'>ιιιηο</span> <span class='ocrx_word' id='word_1_363' title='bbox 2195 3367 2541 3421; x_wconf 74' lang='lat' dir='ltr'><strong>notissimum</strong></span> <span class='ocrx_word' id='word_1_364' title='bbox 2584 3367 2713 3421; x_wconf 89' lang='lat' dir='ltr'><strong>illud</strong></span> <span class='ocrx_word' id='word_1_365' title='bbox 2763 3369 3139 3424; x_wconf 89' lang='lat' dir='ltr'><strong>suburbanum</strong></span> <span class='ocrx_word' id='word_1_366' title='bbox 3194 3372 3626 3429; x_wconf 83' lang='lat' dir='ltr'><strong>Antiochenum.</strong></span> 
     </span>
    </p>
   </div>
   <div class='ocr_carea' id='block_1_36' title="bbox 338 3461 3628 3535">
    <p class='ocr_par' dir='ltr' id='par_1_36' title="bbox 338 3461 3628 3535">
     <span class='ocr_line' id='line_1_36' title="bbox 338 3461 3628 3535; baseline -0.001 -9"><span class='ocrx_word' id='word_1_367' title='bbox 338 3470 458 3526; x_wconf 83' lang='lat' dir='ltr'><strong>Jam</strong></span> <span class='ocrx_word' id='word_1_368' title='bbox 512 3471 580 3525; x_wconf 89' lang='lat' dir='ltr'><strong>de</strong></span> <span class='ocrx_word' id='word_1_369' title='bbox 635 3470 994 3524; x_wconf 86' lang='lat' dir='ltr'><strong>Sermonihus</strong></span> <span class='ocrx_word' id='word_1_370' title='bbox 1049 3468 1103 3520; x_wconf 93' lang='lat' dir='ltr'><strong>in</strong></span> <span class='ocrx_word' id='word_1_371' title='bbox 1169 3465 1464 3535; x_wconf 84' lang='lat' dir='ltr'><strong>Epistolam</strong></span> <span class='ocrx_word' id='word_1_372' title='bbox 1518 3464 1582 3518; x_wconf 90' lang='lat' dir='ltr'><strong>ad</strong></span> <span class='ocrx_word' id='word_1_373' title='bbox 1645 3463 2023 3526; x_wconf 83' lang='lat' dir='ltr'><strong>Colossenscs,</strong></span> <span class='ocrx_word' id='word_1_374' title='bbox 2080 3461 2340 3532; x_wconf 90' lang='lat' dir='ltr'><strong>quicquid</strong></span> <span class='ocrx_word' id='word_1_375' title='bbox 2414 3463 2562 3516; x_wconf 85' lang='lat' dir='ltr'><strong>dicat</strong></span> <span class='ocrx_word' id='word_1_376' title='bbox 2623 3463 2978 3518; x_wconf 89' lang='lat' dir='ltr'><strong>doctissimus</strong></span> <span class='ocrx_word' id='word_1_377' title='bbox 3043 3465 3339 3530; x_wconf 73' lang='lat' dir='ltr'><strong>Dounzeus,</strong></span> <span class='ocrx_word' id='word_1_378' title='bbox 3411 3478 3628 3523; x_wconf 84' lang='lat' dir='ltr'><strong>certum</strong></span> 
     </span>
    </p>
   </div>
   <div class='ocr_carea' id='block_1_37' title="bbox 343 3555 3629 3630">
    <p class='ocr_par' dir='ltr' id='par_1_37' title="bbox 343 3555 3629 3630">
     <span class='ocr_line' id='line_1_37' title="bbox 343 3555 3629 3630; baseline -0.001 -12"><span class='ocrx_word' id='word_1_379' title='bbox 343 3573 429 3618; x_wconf 83' lang='lat' dir='ltr'><strong>est</strong></span> <span class='ocrx_word' id='word_1_380' title='bbox 450 3561 920 3630; x_wconf 86' lang='lat' dir='ltr'><strong>Constantinopoli</strong></span> <span class='ocrx_word' id='word_1_381' title='bbox 952 3560 1184 3630; x_wconf 86' lang='lat' dir='ltr'><strong>scriptos</strong></span> <span class='ocrx_word' id='word_1_382' title='bbox 1211 3558 1382 3612; x_wconf 76' lang='lat' dir='ltr'><strong>fuisse</strong></span> <span class='ocrx_word' id='word_1_383' title='bbox 1416 3558 1484 3611; x_wconf 91' lang='lat' dir='ltr'><strong>ah</strong></span> <span class='ocrx_word' id='word_1_384' title='bbox 1507 3558 1698 3611; x_wconf 86' lang='lat' dir='ltr'><strong>eodem</strong></span> <span class='ocrx_word' id='word_1_385' title='bbox 1731 3557 1836 3626; x_wconf 78' lang='lat' dir='ltr'><strong>iam</strong></span> <span class='ocrx_word' id='word_1_386' title='bbox 1881 3558 2140 3626; x_wconf 90' lang='lat' dir='ltr'><strong>episcopo</strong></span> <span class='ocrx_word' id='word_1_387' title='bbox 2179 3575 2188 3606; x_wconf 93' lang='lat'>:</span> <span class='ocrx_word' id='word_1_388' title='bbox 2225 3555 2276 3610; x_wconf 93' lang='lat' dir='ltr'><strong>id</strong></span> <span class='ocrx_word' id='word_1_389' title='bbox 2300 3556 2443 3625; x_wconf 92' lang='lat' dir='ltr'><strong>quod</strong></span> <span class='ocrx_word' id='word_1_390' title='bbox 2487 3571 2550 3610; x_wconf 78' lang='lat' dir='ltr'><strong>ex</strong></span> <span class='ocrx_word' id='word_1_391' title='bbox 2580 3557 2767 3612; x_wconf 90' lang='lat' dir='ltr'><strong>multis</strong></span> <span class='ocrx_word' id='word_1_392' title='bbox 2799 3557 2931 3613; x_wconf 88' lang='lat' dir='ltr'><strong>locis</strong></span> <span class='ocrx_word' id='word_1_393' title='bbox 2971 3558 3036 3612; x_wconf 90' lang='lat' dir='ltr'><strong>ad</strong></span> <span class='ocrx_word' id='word_1_394' title='bbox 3070 3558 3231 3613; x_wconf 86' lang='lat' dir='ltr'><strong>linem</strong></span> <span class='ocrx_word' id='word_1_395' title='bbox 3267 3561 3437 3615; x_wconf 86' lang='lat' dir='ltr'><strong>ethici</strong></span> <span class='ocrx_word' id='word_1_396' title='bbox 3482 3564 3629 3616; x_wconf 84' lang='lat' dir='ltr'><strong>tertii</strong></span> 
     </span>
    </p>
   </div>
   <div class='ocr_carea' id='block_1_38' title="bbox 341 3651 1943 3725">
    <p class='ocr_par' dir='ltr' id='par_1_38' title="bbox 341 3653 1943 3725">
     <span class='ocr_line' id='line_1_38' title="bbox 341 3653 1943 3725; baseline -0.006 -12"><span class='ocrx_word' id='word_1_397' title='bbox 341 3659 466 3714; x_wconf 87' lang='lat' dir='ltr'><strong>luce</strong></span> <span class='ocrx_word' id='word_1_398' title='bbox 513 3656 713 3710; x_wconf 86' lang='lat' dir='ltr'><strong>clarius</strong></span> <span class='ocrx_word' id='word_1_399' title='bbox 756 3665 1001 3725; x_wconf 84' lang='lat' dir='ltr'><strong>apparet,</strong></span> <span class='ocrx_word' id='word_1_400' title='bbox 1037 3670 1159 3725; x_wconf 82' lang='lat' dir='ltr'><strong>pag.</strong></span> <span class='ocrx_word' id='word_1_401' title='bbox 1202 3654 1322 3716; x_wconf 80' lang='grc'><strong>107,</strong></span> <span class='ocrx_word' id='word_1_402' title='bbox 1369 3653 1406 3706; x_wconf 91' lang='lat' dir='ltr'><strong>l.</strong></span> <span class='ocrx_word' id='word_1_403' title='bbox 1437 3654 1504 3707; x_wconf 78' lang='grc'><strong>14</strong></span> <span class='ocrx_word' id='word_1_404' title='bbox 1546 3671 1559 3708; x_wconf 92' lang='lat'><strong>:</strong></span> <span class='ocrx_word' id='word_1_405' title='bbox 1608 3653 1682 3722; x_wconf 83' lang='grc' dir='ltr'><strong>μὴ</strong></span> <span class='ocrx_word' id='word_1_406' title='bbox 1734 3654 1842 3723; x_wconf 77' lang='grc' dir='ltr'>γὰρ</span> <span class='ocrx_word' id='word_1_407' title='bbox 1887 3654 1943 3720; x_wconf 74' lang='grc' dir='ltr'><strong>ὲγ</strong></span> 
     </span>
    </p>
   </div>
   <div class='ocr_carea' id='block_1_39' title="bbox 2027 3651 3629 3725">
    <p class='ocr_par' dir='ltr' id='par_1_39' title="bbox 2037 3652 3629 3724">
     <span class='ocr_line' id='line_1_39' title="bbox 2037 3652 3629 3724; baseline 0.006 -19"><span class='ocrx_word' id='word_1_408' title='bbox 2037 3652 2233 3722; x_wconf 84' lang='grc' dir='ltr'>δίδωμι</span> <span class='ocrx_word' id='word_1_409' title='bbox 2276 3653 2374 3722; x_wconf 85' lang='grc' dir='ltr'><strong>τὴν</strong></span> <span class='ocrx_word' id='word_1_410' title='bbox 2409 3654 2674 3722; x_wconf 80' lang='grc' dir='ltr'>είρὴνην;</span> <span class='ocrx_word' id='word_1_411' title='bbox 2707 3654 2867 3723; x_wconf 85' lang='lat' dir='ltr'><strong>Atqui</strong></span> <span class='ocrx_word' id='word_1_412' title='bbox 2910 3671 3074 3724; x_wconf 76' lang='lat' dir='ltr'><strong>supra</strong></span> <span class='ocrx_word' id='word_1_413' title='bbox 3127 3657 3165 3710; x_wconf 92' lang='lat' dir='ltr'><strong>l.</strong></span> <span class='ocrx_word' id='word_1_414' title='bbox 3200 3656 3237 3708; x_wconf 74' lang='grc'><strong>9.</strong></span> <span class='ocrx_word' id='word_1_415' title='bbox 3282 3657 3384 3712; x_wconf 90' lang='lat' dir='ltr'><strong>hoc</strong></span> <span class='ocrx_word' id='word_1_416' title='bbox 3416 3659 3629 3714; x_wconf 75' lang='lat' dir='ltr'><strong>dixerat</strong></span> 
     </span>
    </p>
   </div>
   <div class='ocr_carea' id='block_1_40' title="bbox 283 3740 1885 3826">
    <p class='ocr_par' dir='ltr' id='par_1_40' title="bbox 283 3740 1871 3826">
     <span class='ocr_line' id='line_1_40' title="bbox 283 3740 1871 3826; baseline -0.004 -18"><span class='ocrx_word' id='word_1_417' title='bbox 283 3797 294 3808; x_wconf 92' lang='lat'><strong>.</strong></span> <span class='ocrx_word' id='word_1_418' title='bbox 342 3752 626 3826; x_wconf 87' lang='lat' dir='ltr'><strong>proprium</strong></span> <span class='ocrx_word' id='word_1_419' title='bbox 653 3767 774 3806; x_wconf 86' lang='lat' dir='ltr'><strong>esse</strong></span> <span class='ocrx_word' id='word_1_420' title='bbox 802 3740 898 3803; x_wconf 72' lang='grc' dir='ltr'><strong>το’ὖ</strong></span> <span class='ocrx_word' id='word_1_421' title='bbox 924 3751 1232 3819; x_wconf 75' lang='grc' dir='ltr'><strong>ἐφεστῶτος</strong></span> <span class='ocrx_word' id='word_1_422' title='bbox 1252 3749 1352 3818; x_wconf 77' lang='grc' dir='ltr'><strong>τῆς</strong></span> <span class='ocrx_word' id='word_1_423' title='bbox 1379 3746 1728 3818; x_wconf 78' lang='grc' dir='ltr'>Ἐκκλησίας.</span> <span class='ocrx_word' id='word_1_424' title='bbox 1761 3747 1871 3802; x_wconf 73' lang='lat' dir='ltr'><strong>Aut</strong></span> 
     </span>
    </p>
   </div>
   <div class='ocr_carea' id='block_1_41' title="bbox 2025 3740 3627 3826">
    <p class='ocr_par' dir='ltr' id='par_1_41' title="bbox 2025 3747 3627 3822">
     <span class='ocr_line' id='line_1_41' title="bbox 2025 3747 3627 3822; baseline 0.005 -22"><span class='ocrx_word' id='word_1_425' title='bbox 2025 3749 2260 3817; x_wconf 72' lang='lat' dir='ltr'><strong>resbyter</strong></span> <span class='ocrx_word' id='word_1_426' title='bbox 2287 3747 2392 3802; x_wconf 85' lang='lat' dir='ltr'><strong>dici</strong></span> <span class='ocrx_word' id='word_1_427' title='bbox 2421 3757 2607 3816; x_wconf 88' lang='lat' dir='ltr'><strong>posset</strong></span> <span class='ocrx_word' id='word_1_428' title='bbox 2650 3748 2934 3818; x_wconf 82' lang='grc' dir='ltr'>προεστὼς</span> <span class='ocrx_word' id='word_1_429' title='bbox 2957 3751 3058 3818; x_wconf 85' lang='grc' dir='ltr'><strong>τῆς</strong></span> <span class='ocrx_word' id='word_1_430' title='bbox 3095 3751 3444 3822; x_wconf 80' lang='grc' dir='ltr'>Ἐκκλησίας,</span> <span class='ocrx_word' id='word_1_431' title='bbox 3481 3754 3627 3822; x_wconf 82' lang='lat' dir='ltr'><strong>quod</strong></span> 
     </span>
    </p>
   </div>
   <div class='ocr_carea' id='block_1_42' title="bbox 343 3843 1945 3918">
    <p class='ocr_par' dir='ltr' id='par_1_42' title="bbox 343 3843 1945 3918">
     <span class='ocr_line' id='line_1_42' title="bbox 343 3843 1945 3918; baseline -0.006 -14"><span class='ocrx_word' id='word_1_432' title='bbox 343 3864 456 3904; x_wconf 91' lang='lat' dir='ltr'><strong>non</strong></span> <span class='ocrx_word' id='word_1_433' title='bbox 487 3857 640 3918; x_wconf 87' lang='lat' dir='ltr'><strong>puto.</strong></span> <span class='ocrx_word' id='word_1_434' title='bbox 684 3847 738 3901; x_wconf 92' lang='lat' dir='ltr'><strong>in</strong></span> <span class='ocrx_word' id='word_1_435' title='bbox 783 3847 920 3900; x_wconf 89' lang='lat' dir='ltr'><strong>urbe</strong></span> <span class='ocrx_word' id='word_1_436' title='bbox 960 3843 1323 3914; x_wconf 89' lang='lat' dir='ltr'><strong>episcopalem</strong></span> <span class='ocrx_word' id='word_1_437' title='bbox 1371 3843 1556 3898; x_wconf 89' lang='lat' dir='ltr'><strong>sedem</strong></span> <span class='ocrx_word' id='word_1_438' title='bbox 1604 3844 1862 3904; x_wconf 82' lang='lat' dir='ltr'><strong>habente,</strong></span> <span class='ocrx_word' id='word_1_439' title='bbox 1901 3858 1945 3897; x_wconf 82' lang='lat' dir='ltr'><strong>Ct</strong></span> 
     </span>
    </p>
   </div>
   <div class='ocr_carea' id='block_1_43' title="bbox 2025 3843 3627 3918">
    <p class='ocr_par' dir='ltr' id='par_1_43' title="bbox 2025 3843 3627 3918">
     <span class='ocr_line' id='line_1_43' title="bbox 2025 3843 3627 3918; baseline 0.004 -23"><span class='ocrx_word' id='word_1_440' title='bbox 2025 3860 2048 3896; x_wconf 87' lang='lat' dir='ltr'><strong>e</strong></span> <span class='ocrx_word' id='word_1_441' title='bbox 2089 3844 2232 3911; x_wconf 91' lang='lat' dir='ltr'><strong>quod</strong></span> <span class='ocrx_word' id='word_1_442' title='bbox 2291 3844 2540 3910; x_wconf 88' lang='lat' dir='ltr'><strong>sequitur</strong></span> <span class='ocrx_word' id='word_1_443' title='bbox 2584 3843 2620 3896; x_wconf 92' lang='grc'><strong>1.</strong></span> <span class='ocrx_word' id='word_1_444' title='bbox 2655 3845 2715 3898; x_wconf 77' lang='grc'><strong>41</strong></span> <span class='ocrx_word' id='word_1_445' title='bbox 2755 3861 2768 3896; x_wconf 91' lang='lat'><strong>:</strong></span> <span class='ocrx_word' id='word_1_446' title='bbox 2805 3843 2911 3908; x_wconf 75' lang='grc' dir='ltr'>ἕως</span> <span class='ocrx_word' id='word_1_447' title='bbox 2961 3845 3008 3898; x_wconf 88' lang='grc' dir='ltr'><strong>δ’</strong></span> <span class='ocrx_word' id='word_1_448' title='bbox 3044 3847 3110 3900; x_wconf 82' lang='grc' dir='ltr'><strong>ἂν</strong></span> <span class='ocrx_word' id='word_1_449' title='bbox 3150 3847 3244 3899; x_wconf 72' lang='grc' dir='ltr'><strong>ἐπὶ</strong></span> <span class='ocrx_word' id='word_1_450' title='bbox 3291 3847 3389 3900; x_wconf 77' lang='grc' dir='ltr'>τοῦ</span> <span class='ocrx_word' id='word_1_451' title='bbox 3433 3849 3627 3918; x_wconf 78' lang='grc' dir='ltr'>θρόνου</span> 
     </span>
    </p>
   </div>
   <div class='ocr_carea' id='block_1_44' title="bbox 342 3935 1944 4013">
    <p class='ocr_par' dir='ltr' id='par_1_44' title="bbox 342 3937 1944 4008">
     <span class='ocr_line' id='line_1_44' title="bbox 342 3937 1944 4008; baseline -0.003 -13"><span class='ocrx_word' id='word_1_452' title='bbox 342 3940 537 3995; x_wconf 78' lang='grc' dir='ltr'>τούτου</span> <span class='ocrx_word' id='word_1_453' title='bbox 572 3937 884 4008; x_wconf 74' lang='grc' dir='ltr'>καθήμεθα,</span> <span class='ocrx_word' id='word_1_454' title='bbox 918 3947 1046 4001; x_wconf 89' lang='lat' dir='ltr'><strong>etc.,</strong></span> <span class='ocrx_word' id='word_1_455' title='bbox 1073 3938 1140 3992; x_wconf 86' lang='lat' dir='ltr'><strong>de</strong></span> <span class='ocrx_word' id='word_1_456' title='bbox 1175 3938 1493 4007; x_wconf 89' lang='lat' dir='ltr'><strong>presbytero</strong></span> <span class='ocrx_word' id='word_1_457' title='bbox 1516 3937 1620 3991; x_wconf 87' lang='lat' dir='ltr'><strong>dici</strong></span> <span class='ocrx_word' id='word_1_458' title='bbox 1649 3951 1758 3990; x_wconf 91' lang='lat' dir='ltr'><strong>non</strong></span> <span class='ocrx_word' id='word_1_459' title='bbox 1788 3944 1944 4006; x_wconf 87' lang='lat' dir='ltr'><strong>potes</strong></span> 
     </span>
    </p>
   </div>
   <div class='ocr_carea' id='block_1_45' title="bbox 2024 3935 3626 4013">
    <p class='ocr_par' dir='ltr' id='par_1_45' title="bbox 2024 3935 3626 4013">
     <span class='ocr_line' id='line_1_45' title="bbox 2024 3935 3626 4013; baseline 0.005 -25"><span class='ocrx_word' id='word_1_460' title='bbox 2024 3935 2088 3989; x_wconf 86' lang='lat' dir='ltr'><strong>Et</strong></span> <span class='ocrx_word' id='word_1_461' title='bbox 2118 3937 2248 3990; x_wconf 90' lang='lat' dir='ltr'><strong>illud</strong></span> <span class='ocrx_word' id='word_1_462' title='bbox 2279 3952 2332 4006; x_wconf 92' lang='lat' dir='ltr'><strong>p.</strong></span> <span class='ocrx_word' id='word_1_463' title='bbox 2371 3938 2492 4003; x_wconf 79' lang='grc'><strong>108,</strong></span> <span class='ocrx_word' id='word_1_464' title='bbox 2535 3937 2568 3988; x_wconf 78' lang='lat'><strong><em>5</em></strong></span> <span class='ocrx_word' id='word_1_465' title='bbox 2596 3954 2609 3988; x_wconf 88' lang='lat'><strong>:</strong></span> <span class='ocrx_word' id='word_1_466' title='bbox 2643 3937 2801 3990; x_wconf 80' lang='grc' dir='ltr'>τοῦτο</span> <span class='ocrx_word' id='word_1_467' title='bbox 2821 3938 2930 4009; x_wconf 82' lang='grc' dir='ltr'><strong>γάρ</strong></span> <span class='ocrx_word' id='word_1_468' title='bbox 2951 3941 3066 3992; x_wconf 75' lang='grc' dir='ltr'>ἐστι</span> <span class='ocrx_word' id='word_1_469' title='bbox 3103 3940 3164 3993; x_wconf 73' lang='grc' dir='ltr'><strong>τὸ</strong></span> <span class='ocrx_word' id='word_1_470' title='bbox 3193 3941 3292 4011; x_wconf 82' lang='grc' dir='ltr'><strong>τῆς</strong></span> <span class='ocrx_word' id='word_1_471' title='bbox 3322 3943 3626 4013; x_wconf 75' lang='grc' dir='ltr'>ἐπισκοπῆς</span> 
     </span>
    </p>
   </div>
   <div class='ocr_carea' id='block_1_46' title="bbox 344 4031 3624 4108">
    <p class='ocr_par' dir='ltr' id='par_1_46' title="bbox 344 4031 3624 4108">
     <span class='ocr_line' id='line_1_46' title="bbox 344 4031 3624 4108; baseline 0 -16"><span class='ocrx_word' id='word_1_472' title='bbox 344 4037 586 4108; x_wconf 70' lang='grc' dir='ltr'><strong>ἀξίωμα,</strong></span> <span class='ocrx_word' id='word_1_473' title='bbox 611 4032 1060 4090; x_wconf 84' lang='lat' dir='ltr'><strong>manifestissime</strong></span> <span class='ocrx_word' id='word_1_474' title='bbox 1089 4032 1370 4087; x_wconf 80' lang='lat' dir='ltr'><strong>convincit</strong></span> <span class='ocrx_word' id='word_1_475' title='bbox 1398 4046 1586 4086; x_wconf 89' lang='lat' dir='ltr'><strong>verum</strong></span> <span class='ocrx_word' id='word_1_476' title='bbox 1610 4047 1754 4096; x_wconf 87' lang='lat' dir='ltr'><strong>esse,</strong></span> <span class='ocrx_word' id='word_1_477' title='bbox 1777 4033 1923 4100; x_wconf 85' lang='lat' dir='ltr'><strong>quod</strong></span> <span class='ocrx_word' id='word_1_478' title='bbox 1951 4031 2186 4086; x_wconf 82' lang='lat' dir='ltr'><strong>dicimus</strong></span> <span class='ocrx_word' id='word_1_479' title='bbox 2209 4033 2274 4086; x_wconf 87' lang='lat' dir='ltr'><strong>de</strong></span> <span class='ocrx_word' id='word_1_480' title='bbox 2297 4032 2381 4086; x_wconf 86' lang='lat' dir='ltr'><strong>his</strong></span> <span class='ocrx_word' id='word_1_481' title='bbox 2415 4033 2466 4085; x_wconf 92' lang='lat' dir='ltr'><strong>in</strong></span> <span class='ocrx_word' id='word_1_482' title='bbox 2499 4032 2766 4102; x_wconf 85' lang='lat' dir='ltr'><strong>Epistolas</strong></span> <span class='ocrx_word' id='word_1_483' title='bbox 2787 4035 2853 4088; x_wconf 91' lang='lat' dir='ltr'><strong>ad</strong></span> <span class='ocrx_word' id='word_1_484' title='bbox 2889 4035 3248 4092; x_wconf 72' lang='lat' dir='ltr'><strong>Colossenses</strong></span> <span class='ocrx_word' id='word_1_485' title='bbox 3269 4037 3537 4092; x_wconf 86' lang='lat' dir='ltr'><strong>llomiliis.</strong></span> <span class='ocrx_word' id='word_1_486' title='bbox 3564 4040 3624 4093; x_wconf 90' lang='lat' dir='ltr'><strong>ln</strong></span> 
     </span>
    </p>
   </div>
   <div class='ocr_carea' id='block_1_47' title="bbox 346 4121 3631 4201">
    <p class='ocr_par' dir='ltr' id='par_1_47' title="bbox 346 4121 3631 4201">
     <span class='ocr_line' id='line_1_47' title="bbox 346 4121 3631 4201; baseline 0 -17"><span class='ocrx_word' id='word_1_487' title='bbox 346 4138 636 4194; x_wconf 86' lang='lat' dir='ltr'><strong>utramque</strong></span> <span class='ocrx_word' id='word_1_488' title='bbox 665 4127 829 4179; x_wconf 88' lang='lat' dir='ltr'><strong>etiam</strong></span> <span class='ocrx_word' id='word_1_489' title='bbox 858 4125 925 4179; x_wconf 90' lang='lat' dir='ltr'><strong>ad</strong></span> <span class='ocrx_word' id='word_1_490' title='bbox 949 4121 1472 4178; x_wconf 88' lang='lat' dir='ltr'><strong>Thessalonicenses</strong></span> <span class='ocrx_word' id='word_1_491' title='bbox 1497 4122 1869 4194; x_wconf 81' lang='lat' dir='ltr'><strong>Chrysostomi</strong></span> <span class='ocrx_word' id='word_1_492' title='bbox 1897 4121 2161 4177; x_wconf 83' lang='lat' dir='ltr'><strong>Homilias</strong></span> <span class='ocrx_word' id='word_1_493' title='bbox 2191 4123 2278 4177; x_wconf 90' lang='lat' dir='ltr'><strong>aio</strong></span> <span class='ocrx_word' id='word_1_494' title='bbox 2301 4124 2533 4195; x_wconf 84' lang='lat' dir='ltr'><strong>scriptas</strong></span> <span class='ocrx_word' id='word_1_495' title='bbox 2556 4125 2798 4180; x_wconf 84' lang='lat' dir='ltr'><strong>dictasve</strong></span> <span class='ocrx_word' id='word_1_496' title='bbox 2813 4127 3308 4198; x_wconf 84' lang='lat' dir='ltr'><strong>Constantinopoli.</strong></span> <span class='ocrx_word' id='word_1_497' title='bbox 3332 4129 3404 4183; x_wconf 86' lang='lat' dir='ltr'><strong>De</strong></span> <span class='ocrx_word' id='word_1_498' title='bbox 3424 4132 3631 4201; x_wconf 85' lang='lat' dir='ltr'><strong>priore,</strong></span> 
     </span>
    </p>
   </div>
   <div class='ocr_carea' id='block_1_48' title="bbox 347 4218 1949 4296">
    <p class='ocr_par' dir='ltr' id='par_1_48' title="bbox 347 4218 1949 4290">
     <span class='ocr_line' id='line_1_48' title="bbox 347 4218 1949 4290; baseline -0.004 -12"><span class='ocrx_word' id='word_1_499' title='bbox 347 4219 539 4278; x_wconf 84' lang='lat' dir='ltr'><strong>homil.</strong></span> <span class='ocrx_word' id='word_1_500' title='bbox 573 4221 880 4285; x_wconf 84' lang='lat' dir='ltr'><strong>undecima,</strong></span> <span class='ocrx_word' id='word_1_501' title='bbox 909 4234 1031 4290; x_wconf 78' lang='lat' dir='ltr'><strong>pag.</strong></span> <span class='ocrx_word' id='word_1_502' title='bbox 1061 4218 1186 4284; x_wconf 73' lang='lat'><strong>207,</strong></span> <span class='ocrx_word' id='word_1_503' title='bbox 1223 4219 1287 4272; x_wconf 83' lang='lat' dir='ltr'><strong>l7</strong></span> <span class='ocrx_word' id='word_1_504' title='bbox 1319 4236 1332 4272; x_wconf 85' lang='lat'><strong>:</strong></span> <span class='ocrx_word' id='word_1_505' title='bbox 1370 4221 1418 4272; x_wconf 87' lang='grc' dir='ltr'><strong>εί</strong></span> <span class='ocrx_word' id='word_1_506' title='bbox 1455 4219 1562 4290; x_wconf 81' lang='grc' dir='ltr'><strong>γὰρ</strong></span> <span class='ocrx_word' id='word_1_507' title='bbox 1594 4218 1895 4282; x_wconf 82' lang='grc' dir='ltr'>ὑπεύθυνος</span> <span class='ocrx_word' id='word_1_508' title='bbox 1925 4221 1949 4272; x_wconf 76' lang='grc' dir='ltr'>ὲ</span> 
     </span>
    </p>
   </div>
   <div class='ocr_carea' id='block_1_49' title="bbox 2102 4218 3704 4296">
    <p class='ocr_par' dir='ltr' id='par_1_49' title="bbox 2102 4221 3704 4296">
     <span class='ocr_line' id='line_1_49' title="bbox 2102 4221 3704 4296; baseline 0.007 -24"><span class='ocrx_word' id='word_1_509' title='bbox 2102 4237 2198 4290; x_wconf 67' lang='grc' dir='ltr'>ιην</span> <span class='ocrx_word' id='word_1_510' title='bbox 2228 4221 2325 4290; x_wconf 80' lang='grc' dir='ltr'><strong>τῆς</strong></span> <span class='ocrx_word' id='word_1_511' title='bbox 2355 4222 2576 4275; x_wconf 72' lang='grc' dir='ltr'>πάντων</span> <span class='ocrx_word' id='word_1_512' title='bbox 2601 4222 2757 4292; x_wconf 78' lang='grc' dir='ltr'>ὑμῶν</span> <span class='ocrx_word' id='word_1_513' title='bbox 2797 4224 3157 4292; x_wconf 74' lang='grc' dir='ltr'>προστασίας,</span> <span class='ocrx_word' id='word_1_514' title='bbox 3194 4236 3301 4280; x_wconf 90' lang='lat' dir='ltr'><strong>etc.</strong></span> <span class='ocrx_word' id='word_1_515' title='bbox 3341 4226 3413 4280; x_wconf 88' lang='lat' dir='ltr'><strong>De</strong></span> <span class='ocrx_word' id='word_1_516' title='bbox 3445 4237 3628 4296; x_wconf 84' lang='lat' dir='ltr'><strong>poste-</strong></span> <span class='ocrx_word' id='word_1_517' title='bbox 3695 4233 3704 4243; x_wconf 88' lang='lat'><strong>&#39;</strong></span> 
     </span>
    </p>
   </div>
   <div class='ocr_carea' id='block_1_50' title="bbox 347 4309 1949 4387">
    <p class='ocr_par' dir='ltr' id='par_1_50' title="bbox 347 4309 1949 4383">
     <span class='ocr_line' id='line_1_50' title="bbox 347 4309 1949 4383; baseline -0.001 -16"><span class='ocrx_word' id='word_1_518' title='bbox 347 4313 516 4374; x_wconf 89' lang='lat' dir='ltr'><strong>riore,</strong></span> <span class='ocrx_word' id='word_1_519' title='bbox 547 4309 736 4366; x_wconf 86' lang='lat' dir='ltr'><strong>homil.</strong></span> <span class='ocrx_word' id='word_1_520' title='bbox 759 4320 972 4381; x_wconf 83' lang='lat' dir='ltr'><strong>quarta,</strong></span> <span class='ocrx_word' id='word_1_521' title='bbox 995 4326 1098 4383; x_wconf 75' lang='lat' dir='ltr'><strong>pag</strong></span> <span class='ocrx_word' id='word_1_522' title='bbox 1120 4310 1246 4373; x_wconf 71' lang='lat'><strong>238,</strong></span> <span class='ocrx_word' id='word_1_523' title='bbox 1271 4311 1370 4365; x_wconf 92' lang='lat' dir='ltr'><strong>lin.</strong></span> <span class='ocrx_word' id='word_1_524' title='bbox 1392 4311 1464 4365; x_wconf 69' lang='lat'><strong>2‘2</strong></span> <span class='ocrx_word' id='word_1_525' title='bbox 1491 4327 1506 4365; x_wconf 92' lang='lat'><strong>:</strong></span> <span class='ocrx_word' id='word_1_526' title='bbox 1537 4311 1599 4365; x_wconf 79' lang='grc' dir='ltr'>σὺ</span> <span class='ocrx_word' id='word_1_527' title='bbox 1616 4311 1671 4364; x_wconf 82' lang='grc' dir='ltr'><strong>δὲ</strong></span> <span class='ocrx_word' id='word_1_528' title='bbox 1702 4311 1876 4376; x_wconf 79' lang='grc' dir='ltr'>ἀξιοῖς</span> <span class='ocrx_word' id='word_1_529' title='bbox 1898 4312 1949 4365; x_wconf 65' lang='grc' dir='ltr'><strong>τὲ</strong></span> 
     </span>
    </p>
   </div>
   <div class='ocr_carea' id='block_1_51' title="bbox 2028 4309 3630 4387">
    <p class='ocr_par' dir='ltr' id='par_1_51' title="bbox 2028 4312 3630 4387">
     <span class='ocr_line' id='line_1_51' title="bbox 2028 4312 3630 4387; baseline 0.01 -24"><span class='ocrx_word' id='word_1_530' title='bbox 2028 4312 2143 4366; x_wconf 66' lang='grc' dir='ltr'>λαὸν</span> <span class='ocrx_word' id='word_1_531' title='bbox 2170 4313 2308 4384; x_wconf 78' lang='grc' dir='ltr'>ὑπὲρ</span> <span class='ocrx_word' id='word_1_532' title='bbox 2331 4315 2422 4365; x_wconf 79' lang='grc' dir='ltr'>τοῦ</span> <span class='ocrx_word' id='word_1_533' title='bbox 2446 4317 2756 4386; x_wconf 78' lang='grc' dir='ltr'>ἡγουμένου</span> <span class='ocrx_word' id='word_1_534' title='bbox 2781 4320 3153 4387; x_wconf 85' lang='grc' dir='ltr'>παρακαλεῖν;</span> <span class='ocrx_word' id='word_1_535' title='bbox 3178 4330 3233 4374; x_wconf 87' lang='lat' dir='ltr'><strong>et</strong></span> <span class='ocrx_word' id='word_1_536' title='bbox 3259 4336 3380 4375; x_wconf 80' lang='lat' dir='ltr'><strong>mox</strong></span> <span class='ocrx_word' id='word_1_537' title='bbox 3410 4321 3506 4375; x_wconf 91' lang='lat' dir='ltr'><strong>lin.</strong></span> <span class='ocrx_word' id='word_1_538' title='bbox 3526 4323 3630 4379; x_wconf 73' lang='lat'><strong>25:</strong></span> 
     </span>
    </p>
   </div>
   <div class='ocr_carea' id='block_1_52' title="bbox 347 4405 3630 4486">
    <p class='ocr_par' dir='ltr' id='par_1_52' title="bbox 347 4405 3630 4486">
     <span class='ocr_line' id='line_1_52' title="bbox 347 4405 3630 4486; baseline 0.004 -26"><span class='ocrx_word' id='word_1_539' title='bbox 347 4405 442 4462; x_wconf 84' lang='grc' dir='ltr'>τοῦ</span> <span class='ocrx_word' id='word_1_540' title='bbox 496 4405 825 4478; x_wconf 83' lang='grc' dir='ltr'>κρατοῦντος</span> <span class='ocrx_word' id='word_1_541' title='bbox 860 4423 872 4460; x_wconf 94' lang='lat'><strong>:</strong></span> <span class='ocrx_word' id='word_1_542' title='bbox 908 4423 1029 4476; x_wconf 72' lang='lat' dir='ltr'><strong>quae</strong></span> <span class='ocrx_word' id='word_1_543' title='bbox 1062 4423 1171 4463; x_wconf 93' lang='lat' dir='ltr'><strong>non</strong></span> <span class='ocrx_word' id='word_1_544' title='bbox 1201 4407 1305 4462; x_wconf 90' lang='lat' dir='ltr'><strong>nisi</strong></span> <span class='ocrx_word' id='word_1_545' title='bbox 1335 4409 1594 4478; x_wconf 88' lang='lat' dir='ltr'><strong>episcopo</strong></span> <span class='ocrx_word' id='word_1_546' title='bbox 1625 4409 1922 4464; x_wconf 82' lang='lat' dir='ltr'><strong>convenire</strong></span> <span class='ocrx_word' id='word_1_547' title='bbox 1955 4421 2185 4480; x_wconf 86' lang='lat' dir='ltr'><strong>possunt</strong></span> <span class='ocrx_word' id='word_1_548' title='bbox 2254 4409 2520 4466; x_wconf 86' lang='lat' dir='ltr'><strong>Sermone</strong></span> <span class='ocrx_word' id='word_1_549' title='bbox 2562 4425 2759 4482; x_wconf 88' lang='lat' dir='ltr'><strong>quarto</strong></span> <span class='ocrx_word' id='word_1_550' title='bbox 2798 4416 2851 4468; x_wconf 91' lang='lat' dir='ltr'><strong>in</strong></span> <span class='ocrx_word' id='word_1_551' title='bbox 2903 4415 3198 4486; x_wconf 85' lang='lat' dir='ltr'><strong>Epistolam</strong></span> <span class='ocrx_word' id='word_1_552' title='bbox 3239 4418 3306 4473; x_wconf 92' lang='lat' dir='ltr'><strong>ad</strong></span> <span class='ocrx_word' id='word_1_553' title='bbox 3345 4418 3630 4482; x_wconf 83' lang='lat' dir='ltr'><strong>Hebraeos,</strong></span> 
     </span>
    </p>
   </div>
   <div class='ocr_carea' id='block_1_53' title="bbox 348 4501 3636 4576">
    <p class='ocr_par' dir='ltr' id='par_1_53' title="bbox 348 4501 3636 4576">
     <span class='ocr_line' id='line_1_53' title="bbox 348 4501 3636 4576; baseline 0.004 -20"><span class='ocrx_word' id='word_1_554' title='bbox 348 4517 473 4574; x_wconf 77' lang='lat' dir='ltr'><strong>pag.</strong></span> <span class='ocrx_word' id='word_1_555' title='bbox 507 4501 634 4565; x_wconf 69' lang='lat'><strong>454,</strong></span> <span class='ocrx_word' id='word_1_556' title='bbox 663 4501 901 4570; x_wconf 90' lang='lat' dir='ltr'><strong>loquitur</strong></span> <span class='ocrx_word' id='word_1_557' title='bbox 934 4512 994 4557; x_wconf 92' lang='lat' dir='ltr'><strong>ut</strong></span> <span class='ocrx_word' id='word_1_558' title='bbox 1020 4502 1326 4572; x_wconf 87' lang='lat' dir='ltr'><strong>episcopus,</strong></span> <span class='ocrx_word' id='word_1_559' title='bbox 1363 4502 1432 4557; x_wconf 90' lang='lat' dir='ltr'><strong>de</strong></span> <span class='ocrx_word' id='word_1_560' title='bbox 1462 4503 1528 4558; x_wconf 89' lang='lat' dir='ltr'><strong>iis</strong></span> <span class='ocrx_word' id='word_1_561' title='bbox 1558 4519 1746 4573; x_wconf 77' lang='lat' dir='ltr'><strong>agens,</strong></span> <span class='ocrx_word' id='word_1_562' title='bbox 1783 4505 1874 4574; x_wconf 87' lang='lat' dir='ltr'><strong>qui</strong></span> <span class='ocrx_word' id='word_1_563' title='bbox 1912 4508 2154 4576; x_wconf 65' lang='lat' dir='ltr'><strong>proclivas</strong></span> <span class='ocrx_word' id='word_1_564' title='bbox 2190 4509 2256 4562; x_wconf 91' lang='lat' dir='ltr'><strong>ad</strong></span> <span class='ocrx_word' id='word_1_565' title='bbox 2293 4510 2566 4575; x_wconf 73' lang='lat' dir='ltr'><strong>planctum</strong></span> <span class='ocrx_word' id='word_1_566' title='bbox 2607 4512 2860 4566; x_wconf 86' lang='lat' dir='ltr'><strong>ciendum</strong></span> <span class='ocrx_word' id='word_1_567' title='bbox 2913 4513 3225 4568; x_wconf 87' lang='lat' dir='ltr'><strong>conducunt</strong></span> <span class='ocrx_word' id='word_1_568' title='bbox 3263 4533 3278 4569; x_wconf 93' lang='lat'><strong><em>:</em></strong></span> <span class='ocrx_word' id='word_1_569' title='bbox 3319 4516 3488 4569; x_wconf 75' lang='grc' dir='ltr'>πολὺν</span> <span class='ocrx_word' id='word_1_570' title='bbox 3534 4519 3636 4570; x_wconf 79' lang='grc' dir='ltr'><strong>αὑ-</strong></span> 
     </span>
    </p>
   </div>
   <div class='ocr_carea' id='block_1_54' title="bbox 347 4593 1949 4680">
    <p class='ocr_par' dir='ltr' id='par_1_54' title="bbox 347 4593 1926 4669">
     <span class='ocr_line' id='line_1_54' title="bbox 347 4593 1926 4669; baseline 0.003 -23"><span class='ocrx_word' id='word_1_571' title='bbox 347 4595 478 4656; x_wconf 78' lang='grc' dir='ltr'>τοὺς</span> <span class='ocrx_word' id='word_1_572' title='bbox 506 4594 719 4663; x_wconf 85' lang='grc' dir='ltr'>χρόνον,</span> <span class='ocrx_word' id='word_1_573' title='bbox 757 4593 935 4664; x_wconf 86' lang='lat' dir='ltr'><strong>inquit</strong></span> <span class='ocrx_word' id='word_1_574' title='bbox 963 4594 1059 4648; x_wconf 85' lang='lat' dir='ltr'><strong>lin.</strong></span> <span class='ocrx_word' id='word_1_575' title='bbox 1094 4595 1185 4659; x_wconf 77' lang='lat'><strong>30,</strong></span> <span class='ocrx_word' id='word_1_576' title='bbox 1209 4594 1308 4665; x_wconf 81' lang='grc' dir='ltr'><strong>τῆς</strong></span> <span class='ocrx_word' id='word_1_577' title='bbox 1333 4595 1627 4666; x_wconf 80' lang='grc' dir='ltr'>ἐκκλησίας</span> <span class='ocrx_word' id='word_1_578' title='bbox 1660 4598 1926 4669; x_wconf 77' lang='grc' dir='ltr'><strong>ἀπείρξω,</strong></span> 
     </span>
    </p>
   </div>
   <div class='ocr_carea' id='block_1_55' title="bbox 2031 4593 3633 4680">
    <p class='ocr_par' dir='ltr' id='par_1_55' title="bbox 2031 4601 3633 4680">
     <span class='ocr_line' id='line_1_55' title="bbox 2031 4601 3633 4680; baseline 0.006 -25"><span class='ocrx_word' id='word_1_579' title='bbox 2031 4618 2034 4655; x_wconf 72' lang='grc' dir='ltr'><em>τ</em></span> <span class='ocrx_word' id='word_1_580' title='bbox 2067 4601 2157 4653; x_wconf 80' lang='grc' dir='ltr'>τὸν</span> <span class='ocrx_word' id='word_1_581' title='bbox 2188 4603 2585 4674; x_wconf 77' lang='grc' dir='ltr'>εἰδωλολάτρην</span> <span class='ocrx_word' id='word_1_582' title='bbox 2615 4624 2627 4659; x_wconf 89' lang='lat'>:</span> <span class='ocrx_word' id='word_1_583' title='bbox 2666 4616 2719 4659; x_wconf 87' lang='lat' dir='ltr'><strong>et</strong></span> <span class='ocrx_word' id='word_1_584' title='bbox 2749 4606 2844 4659; x_wconf 89' lang='lat' dir='ltr'><strong>lin.</strong></span> <span class='ocrx_word' id='word_1_585' title='bbox 2880 4607 2948 4662; x_wconf 80' lang='lat'><strong>38</strong></span> <span class='ocrx_word' id='word_1_586' title='bbox 2983 4625 2996 4660; x_wconf 93' lang='lat'>:</span> <span class='ocrx_word' id='word_1_587' title='bbox 3033 4611 3081 4660; x_wconf 83' lang='grc' dir='ltr'><strong>εί</strong></span> <span class='ocrx_word' id='word_1_588' title='bbox 3118 4609 3172 4662; x_wconf 78' lang='grc' dir='ltr'><strong>δὲ</strong></span> <span class='ocrx_word' id='word_1_589' title='bbox 3215 4608 3290 4680; x_wconf 76' lang='grc' dir='ltr'><strong>μὴ</strong></span> <span class='ocrx_word' id='word_1_590' title='bbox 3343 4609 3633 4679; x_wconf 74' lang='grc' dir='ltr'>βούλεσθε,</span> 
     </span>
    </p>
   </div>
   <div class='ocr_carea' id='block_1_56' title="bbox 355 4689 1957 4771">
    <p class='ocr_par' dir='ltr' id='par_1_56' title="bbox 355 4689 1957 4765">
     <span class='ocr_line' id='line_1_56' title="bbox 355 4689 1957 4765; baseline 0.006 -26"><span class='ocrx_word' id='word_1_591' title='bbox 355 4689 510 4760; x_wconf 64' lang='grc' dir='ltr'><strong>ἡμεῖς</strong></span> <span class='ocrx_word' id='word_1_592' title='bbox 537 4690 638 4742; x_wconf 81' lang='grc' dir='ltr'><strong>οὐκ</strong></span> <span class='ocrx_word' id='word_1_593' title='bbox 659 4690 964 4761; x_wconf 75' lang='grc' dir='ltr'>ἀνεχόμεθα</span> <span class='ocrx_word' id='word_1_594' title='bbox 983 4692 1087 4762; x_wconf 66' lang='grc' dir='ltr'><strong>ἥϐη</strong></span> <span class='ocrx_word' id='word_1_595' title='bbox 1117 4691 1339 4745; x_wconf 82' lang='grc' dir='ltr'>τοιαῦτα</span> <span class='ocrx_word' id='word_1_596' title='bbox 1368 4691 1590 4762; x_wconf 83' lang='grc' dir='ltr'>ὀλέθρια</span> <span class='ocrx_word' id='word_1_597' title='bbox 1614 4695 1680 4764; x_wconf 78' lang='grc' dir='ltr'><strong>τῇ</strong></span> <span class='ocrx_word' id='word_1_598' title='bbox 1707 4694 1957 4765; x_wconf 58' lang='grc' dir='ltr'><strong>ὲκκλησίξ</strong></span> 
     </span>
    </p>
   </div>
   <div class='ocr_carea' id='block_1_57' title="bbox 2037 4689 3639 4771">
    <p class='ocr_par' dir='ltr' id='par_1_57' title="bbox 2037 4699 3639 4771">
     <span class='ocr_line' id='line_1_57' title="bbox 2037 4699 3639 4771; baseline 0.005 -22"><span class='ocrx_word' id='word_1_599' title='bbox 2037 4701 2412 4766; x_wconf 68' lang='grc' dir='ltr'>πεισαγαγείν.</span> <span class='ocrx_word' id='word_1_600' title='bbox 2431 4699 2576 4765; x_wconf 91' lang='lat' dir='ltr'><strong>Quin</strong></span> <span class='ocrx_word' id='word_1_601' title='bbox 2600 4711 2655 4755; x_wconf 86' lang='lat' dir='ltr'><strong>et</strong></span> <span class='ocrx_word' id='word_1_602' title='bbox 2677 4702 2730 4754; x_wconf 91' lang='lat' dir='ltr'><strong>in</strong></span> <span class='ocrx_word' id='word_1_603' title='bbox 2751 4701 2868 4771; x_wconf 86' lang='lat' dir='ltr'><strong>ipso</strong></span> <span class='ocrx_word' id='word_1_604' title='bbox 2889 4703 3048 4757; x_wconf 90' lang='lat' dir='ltr'><strong>titulo</strong></span> <span class='ocrx_word' id='word_1_605' title='bbox 3068 4703 3198 4757; x_wconf 81' lang='lat' dir='ltr'><strong>editi</strong></span> <span class='ocrx_word' id='word_1_606' title='bbox 3225 4705 3484 4759; x_wconf 87' lang='lat' dir='ltr'><strong>dicuntur</strong></span> <span class='ocrx_word' id='word_1_607' title='bbox 3513 4721 3639 4759; x_wconf 82' lang='lat' dir='ltr'><strong>ser-</strong></span> 
     </span>
    </p>
   </div>
   <div class='ocr_carea' id='block_1_58' title="bbox 354 4783 1956 4867">
    <p class='ocr_par' dir='ltr' id='par_1_58' title="bbox 354 4783 1956 4859">
     <span class='ocr_line' id='line_1_58' title="bbox 354 4783 1956 4859; baseline 0 -19"><span class='ocrx_word' id='word_1_608' title='bbox 354 4784 545 4840; x_wconf 81' lang='lat' dir='ltr'><strong>mones</strong></span> <span class='ocrx_word' id='word_1_609' title='bbox 566 4783 655 4837; x_wconf 64' lang='lat' dir='ltr'><strong>illi</strong></span> <span class='ocrx_word' id='word_1_610' title='bbox 675 4784 728 4838; x_wconf 90' lang='lat' dir='ltr'><strong>in</strong></span> <span class='ocrx_word' id='word_1_611' title='bbox 760 4784 1058 4855; x_wconf 89' lang='lat' dir='ltr'><strong>Epistolam</strong></span> <span class='ocrx_word' id='word_1_612' title='bbox 1086 4785 1151 4838; x_wconf 89' lang='lat' dir='ltr'><strong>ad</strong></span> <span class='ocrx_word' id='word_1_613' title='bbox 1176 4786 1434 4842; x_wconf 85' lang='lat' dir='ltr'><strong>Hebraeos</strong></span> <span class='ocrx_word' id='word_1_614' title='bbox 1465 4788 1603 4858; x_wconf 84' lang='grc' dir='ltr'>μετὰ</span> <span class='ocrx_word' id='word_1_615' title='bbox 1635 4790 1736 4859; x_wconf 84' lang='grc' dir='ltr'>τὴν</span> <span class='ocrx_word' id='word_1_616' title='bbox 1767 4788 1956 4859; x_wconf 79' lang='grc' dir='ltr'>κοίμηι</span> 
     </span>
    </p>
   </div>
   <div class='ocr_carea' id='block_1_59' title="bbox 2037 4783 3639 4867">
    <p class='ocr_par' dir='ltr' id='par_1_59' title="bbox 2057 4789 3639 4867">
     <span class='ocr_line' id='line_1_59' title="bbox 2057 4789 3639 4867; baseline 0.008 -26"><span class='ocrx_word' id='word_1_617' title='bbox 2057 4789 2245 4855; x_wconf 82' lang='grc' dir='ltr'>αὑτοῦ,</span> <span class='ocrx_word' id='word_1_618' title='bbox 2283 4801 2339 4844; x_wconf 89' lang='lat' dir='ltr'><strong>ut</strong></span> <span class='ocrx_word' id='word_1_619' title='bbox 2371 4793 2664 4846; x_wconf 86' lang='lat' dir='ltr'><strong>verisimile</strong></span> <span class='ocrx_word' id='word_1_620' title='bbox 2693 4795 2763 4847; x_wconf 88' lang='lat' dir='ltr'><strong>sit</strong></span> <span class='ocrx_word' id='word_1_621' title='bbox 2792 4796 3053 4850; x_wconf 83' lang='lat' dir='ltr'><strong>extremis</strong></span> <span class='ocrx_word' id='word_1_622' title='bbox 3086 4797 3427 4867; x_wconf 90' lang='lat' dir='ltr'><strong>temporibus</strong></span> <span class='ocrx_word' id='word_1_623' title='bbox 3457 4799 3639 4853; x_wconf 88' lang='lat' dir='ltr'><strong>dictos</strong></span> 
     </span>
    </p>
   </div>
   <div class='ocr_carea' id='block_1_60' title="bbox 358 4879 3638 4965">
    <p class='ocr_par' dir='ltr' id='par_1_60' title="bbox 358 4879 3638 4965">
     <span class='ocr_line' id='line_1_60' title="bbox 358 4879 3638 4965; baseline 0.004 -30"><span class='ocrx_word' id='word_1_624' title='bbox 358 4879 544 4935; x_wconf 69' lang='lat' dir='ltr'><strong>fuisse.</strong></span> <span class='ocrx_word' id='word_1_625' title='bbox 584 4879 658 4934; x_wconf 87' lang='lat' dir='ltr'><strong>De</strong></span> <span class='ocrx_word' id='word_1_626' title='bbox 688 4881 989 4950; x_wconf 86' lang='lat' dir='ltr'><strong>posteriore</strong></span> <span class='ocrx_word' id='word_1_627' title='bbox 1020 4881 1085 4935; x_wconf 92' lang='lat' dir='ltr'><strong>ad</strong></span> <span class='ocrx_word' id='word_1_628' title='bbox 1118 4880 1434 4938; x_wconf 88' lang='lat' dir='ltr'><strong>Corinthios</strong></span> <span class='ocrx_word' id='word_1_629' title='bbox 1467 4885 1821 4940; x_wconf 88' lang='lat' dir='ltr'><strong>subdubitare</strong></span> <span class='ocrx_word' id='word_1_630' title='bbox 1854 4901 1941 4938; x_wconf 90' lang='lat' dir='ltr'><strong>me</strong></span> <span class='ocrx_word' id='word_1_631' title='bbox 1975 4885 2326 4956; x_wconf 64' lang='lat' dir='ltr'><strong>cogitdictio,</strong></span> <span class='ocrx_word' id='word_1_632' title='bbox 2355 4903 2514 4957; x_wconf 87' lang='lat' dir='ltr'><strong>quam</strong></span> <span class='ocrx_word' id='word_1_633' title='bbox 2554 4889 2606 4942; x_wconf 92' lang='lat' dir='ltr'><strong>in</strong></span> <span class='ocrx_word' id='word_1_634' title='bbox 2634 4890 2880 4959; x_wconf 77' lang='lat' dir='ltr'><strong>proxime</strong></span> <span class='ocrx_word' id='word_1_635' title='bbox 2911 4894 3248 4958; x_wconf 87' lang='lat' dir='ltr'><strong>memoratis,</strong></span> <span class='ocrx_word' id='word_1_636' title='bbox 3282 4896 3444 4965; x_wconf 85' lang='lat' dir='ltr'><strong>paulo</strong></span> <span class='ocrx_word' id='word_1_637' title='bbox 3473 4899 3638 4964; x_wconf 82' lang='grc' dir='ltr'>ἀκρι-</span> 
     </span>
    </p>
   </div>
   <div class='ocr_carea' id='block_1_61' title="bbox 351 4973 3636 5059">
    <p class='ocr_par' dir='ltr' id='par_1_61' title="bbox 351 4973 3636 5059">
     <span class='ocr_line' id='line_1_61' title="bbox 351 4973 3636 5059; baseline 0.007 -33"><span class='ocrx_word' id='word_1_638' title='bbox 351 4973 610 5044; x_wconf 75' lang='grc' dir='ltr'>ϐεστέρα.</span> <span class='ocrx_word' id='word_1_639' title='bbox 643 4973 698 5028; x_wconf 93' lang='lat' dir='ltr'><strong>Si</strong></span> <span class='ocrx_word' id='word_1_640' title='bbox 733 4983 912 5029; x_wconf 86' lang='lat' dir='ltr'><strong>tamen</strong></span> <span class='ocrx_word' id='word_1_641' title='bbox 952 4979 1173 5047; x_wconf 87' lang='grc' dir='ltr'>γνήσιον</span> <span class='ocrx_word' id='word_1_642' title='bbox 1219 4987 1300 5033; x_wconf 90' lang='lat' dir='ltr'><strong>est</strong></span> <span class='ocrx_word' id='word_1_643' title='bbox 1347 4979 1565 5034; x_wconf 90' lang='lat' dir='ltr'><strong>ethicon</strong></span> <span class='ocrx_word' id='word_1_644' title='bbox 1613 4980 1744 5034; x_wconf 88' lang='lat' dir='ltr'><strong>illud</strong></span> <span class='ocrx_word' id='word_1_645' title='bbox 1787 4980 2059 5050; x_wconf 75' lang='lat' dir='ltr'><strong>vigesima:</strong></span> <span class='ocrx_word' id='word_1_646' title='bbox 2105 4991 2290 5044; x_wconf 61' lang='lat' dir='ltr'><strong>sextae,</strong></span> <span class='ocrx_word' id='word_1_647' title='bbox 2341 4984 2483 5052; x_wconf 91' lang='lat' dir='ltr'><strong>quod</strong></span> <span class='ocrx_word' id='word_1_648' title='bbox 2519 4985 2662 5039; x_wconf 90' lang='lat' dir='ltr'><strong>inter</strong></span> <span class='ocrx_word' id='word_1_649' title='bbox 2700 4988 2890 5042; x_wconf 88' lang='lat' dir='ltr'><strong>doctos</strong></span> <span class='ocrx_word' id='word_1_650' title='bbox 2923 4988 3214 5054; x_wconf 74' lang='lat' dir='ltr'><strong>disceptari</strong></span> <span class='ocrx_word' id='word_1_651' title='bbox 3255 4992 3432 5059; x_wconf 87' lang='lat' dir='ltr'><strong>video,</strong></span> <span class='ocrx_word' id='word_1_652' title='bbox 3469 4996 3636 5049; x_wconf 84' lang='lat' dir='ltr'><strong>verba</strong></span> 
     </span>
    </p>
   </div>
   <div class='ocr_carea' id='block_1_62' title="bbox 352 5069 1954 5154">
    <p class='ocr_par' dir='ltr' id='par_1_62' title="bbox 352 5069 1954 5143">
     <span class='ocr_line' id='line_1_62' title="bbox 352 5069 1954 5143; baseline 0.003 -21"><span class='ocrx_word' id='word_1_653' title='bbox 352 5077 500 5124; x_wconf 86' lang='lat' dir='ltr'><strong>certe</strong></span> <span class='ocrx_word' id='word_1_654' title='bbox 529 5069 616 5123; x_wconf 84' lang='lat' dir='ltr'><strong>illa</strong></span> <span class='ocrx_word' id='word_1_655' title='bbox 638 5083 759 5140; x_wconf 78' lang='lat' dir='ltr'><strong>pag.</strong></span> <span class='ocrx_word' id='word_1_656' title='bbox 790 5070 916 5131; x_wconf 83' lang='grc'><strong>687,</strong></span> <span class='ocrx_word' id='word_1_657' title='bbox 938 5069 1008 5123; x_wconf 70' lang='grc' dir='ltr'><strong>Ξε</strong></span> <span class='ocrx_word' id='word_1_658' title='bbox 1035 5087 1048 5121; x_wconf 86' lang='grc'>;</span> <span class='ocrx_word' id='word_1_659' title='bbox 1083 5072 1178 5123; x_wconf 78' lang='grc' dir='ltr'><strong>καὶ</strong></span> <span class='ocrx_word' id='word_1_660' title='bbox 1200 5071 1310 5143; x_wconf 74' lang='grc' dir='ltr'>γὰρ</span> <span class='ocrx_word' id='word_1_661' title='bbox 1331 5074 1429 5126; x_wconf 76' lang='grc' dir='ltr'><strong>καὶ</strong></span> <span class='ocrx_word' id='word_1_662' title='bbox 1456 5073 1692 5128; x_wconf 73' lang='grc' dir='ltr'>ἐνταῦθα</span> <span class='ocrx_word' id='word_1_663' title='bbox 1715 5076 1954 5128; x_wconf 64' lang='grc' dir='ltr'>Κωνσταε</span> 
     </span>
    </p>
   </div>
   <div class='ocr_carea' id='block_1_63' title="bbox 2033 5069 3635 5154">
    <p class='ocr_par' dir='ltr' id='par_1_63' title="bbox 2036 5075 3635 5154">
     <span class='ocr_line' id='line_1_63' title="bbox 2036 5075 3635 5154; baseline 0.014 -28"><span class='ocrx_word' id='word_1_664' title='bbox 2036 5092 2124 5127; x_wconf 89' lang='grc' dir='ltr'><strong>νον</strong></span> <span class='ocrx_word' id='word_1_665' title='bbox 2151 5075 2241 5128; x_wconf 79' lang='grc' dir='ltr'>τὸν</span> <span class='ocrx_word' id='word_1_666' title='bbox 2275 5078 2472 5146; x_wconf 82' lang='grc' dir='ltr'>μέγαν,</span> <span class='ocrx_word' id='word_1_667' title='bbox 2496 5089 2627 5145; x_wconf 90' lang='lat' dir='ltr'><strong>etc.,</strong></span> <span class='ocrx_word' id='word_1_668' title='bbox 2654 5081 3167 5154; x_wconf 80' lang='lat' dir='ltr'><strong>ConstantinOpolin</strong></span> <span class='ocrx_word' id='word_1_669' title='bbox 3193 5088 3339 5142; x_wconf 85' lang='lat' dir='ltr'><strong>clare</strong></span> <span class='ocrx_word' id='word_1_670' title='bbox 3371 5089 3635 5148; x_wconf 87' lang='lat' dir='ltr'><strong>indicant.</strong></span> 
     </span>
    </p>
   </div>
   <div class='ocr_carea' id='block_1_64' title="bbox 353 5165 3640 5253">
    <p class='ocr_par' dir='ltr' id='par_1_64' title="bbox 353 5165 3640 5253">
     <span class='ocr_line' id='line_1_64' title="bbox 353 5165 3640 5253; baseline 0.005 -33"><span class='ocrx_word' id='word_1_671' title='bbox 353 5167 531 5235; x_wconf 79' lang='lat' dir='ltr'><strong>Atque</strong></span> <span class='ocrx_word' id='word_1_672' title='bbox 576 5165 693 5220; x_wconf 61' lang='lat' dir='ltr'><strong>hac</strong></span> <span class='ocrx_word' id='word_1_673' title='bbox 733 5174 882 5232; x_wconf 91' lang='lat' dir='ltr'><strong>sunt,</strong></span> <span class='ocrx_word' id='word_1_674' title='bbox 909 5181 1030 5236; x_wconf 65' lang='lat' dir='ltr'><strong>quia</strong></span> <span class='ocrx_word' id='word_1_675' title='bbox 1060 5182 1123 5221; x_wconf 80' lang='lat' dir='ltr'><strong>ex</strong></span> <span class='ocrx_word' id='word_1_676' title='bbox 1164 5167 1298 5237; x_wconf 90' lang='lat' dir='ltr'><strong>ipsis</strong></span> <span class='ocrx_word' id='word_1_677' title='bbox 1334 5167 1708 5241; x_wconf 79' lang='lat' dir='ltr'><strong>Chrysostomi</strong></span> <span class='ocrx_word' id='word_1_678' title='bbox 1758 5171 1960 5237; x_wconf 86' lang='lat' dir='ltr'><strong>verbis,</strong></span> <span class='ocrx_word' id='word_1_679' title='bbox 1994 5179 2272 5241; x_wconf 88' lang='lat' dir='ltr'><strong>utcunque</strong></span> <span class='ocrx_word' id='word_1_680' title='bbox 2300 5189 2398 5243; x_wconf 89' lang='lat' dir='ltr'><strong>pro</strong></span> <span class='ocrx_word' id='word_1_681' title='bbox 2431 5183 2699 5246; x_wconf 87' lang='lat' dir='ltr'><strong>tempore,</strong></span> <span class='ocrx_word' id='word_1_682' title='bbox 2743 5178 2940 5233; x_wconf 77' lang='lat' dir='ltr'><strong>elicere</strong></span> <span class='ocrx_word' id='word_1_683' title='bbox 2981 5181 3277 5249; x_wconf 90' lang='lat' dir='ltr'><strong>potuimus.</strong></span> <span class='ocrx_word' id='word_1_684' title='bbox 3314 5182 3392 5237; x_wconf 88' lang='lat' dir='ltr'><strong>Ad</strong></span> <span class='ocrx_word' id='word_1_685' title='bbox 3431 5185 3640 5253; x_wconf 87' lang='lat' dir='ltr'><strong>reliqua</strong></span> 
     </span>
    </p>
   </div>
   <div class='ocr_carea' id='block_1_65' title="bbox 353 5261 3639 5350">
    <p class='ocr_par' dir='ltr' id='par_1_65' title="bbox 353 5261 3639 5350">
     <span class='ocr_line' id='line_1_65' title="bbox 353 5261 3639 5350; baseline 0.005 -34"><span class='ocrx_word' id='word_1_686' title='bbox 353 5261 598 5316; x_wconf 82' lang='lat' dir='ltr'><strong>adhibito</strong></span> <span class='ocrx_word' id='word_1_687' title='bbox 629 5261 806 5315; x_wconf 84' lang='lat' dir='ltr'><strong>Photii</strong></span> <span class='ocrx_word' id='word_1_688' title='bbox 841 5262 1132 5332; x_wconf 84' lang='grc' dir='ltr'>κριτηρίῳ,</span> <span class='ocrx_word' id='word_1_689' title='bbox 1157 5263 1302 5332; x_wconf 86' lang='lat' dir='ltr'><strong>quod</strong></span> <span class='ocrx_word' id='word_1_690' title='bbox 1328 5265 1559 5318; x_wconf 90' lang='lat' dir='ltr'><strong>alterum</strong></span> <span class='ocrx_word' id='word_1_691' title='bbox 1596 5281 1713 5331; x_wconf 85' lang='lat' dir='ltr'><strong>nos,</strong></span> <span class='ocrx_word' id='word_1_692' title='bbox 1751 5267 1796 5322; x_wconf 87' lang='lat' dir='ltr'><strong>si</strong></span> <span class='ocrx_word' id='word_1_693' title='bbox 1835 5278 1982 5323; x_wconf 87' lang='lat' dir='ltr'><strong>recte</strong></span> <span class='ocrx_word' id='word_1_694' title='bbox 2009 5269 2318 5335; x_wconf 74' lang='lat' dir='ltr'><strong>observavi,</strong></span> <span class='ocrx_word' id='word_1_695' title='bbox 2353 5271 2556 5327; x_wconf 86' lang='lat' dir='ltr'><strong>dehinc</strong></span> <span class='ocrx_word' id='word_1_696' title='bbox 2582 5273 2911 5340; x_wconf 86' lang='lat' dir='ltr'><strong>destituerit,</strong></span> <span class='ocrx_word' id='word_1_697' title='bbox 2953 5274 3200 5333; x_wconf 80' lang='lat' dir='ltr'><strong>llomilia:</strong></span> <span class='ocrx_word' id='word_1_698' title='bbox 3242 5277 3296 5332; x_wconf 90' lang='lat' dir='ltr'><strong>in</strong></span> <span class='ocrx_word' id='word_1_699' title='bbox 3340 5280 3639 5350; x_wconf 85' lang='lat' dir='ltr'><strong>Epistolam</strong></span> 
     </span>
    </p>
   </div>
   <div class='ocr_carea' id='block_1_66' title="bbox 354 5357 3639 5445">
    <p class='ocr_par' dir='ltr' id='par_1_66' title="bbox 354 5357 3639 5445">
     <span class='ocr_line' id='line_1_66' title="bbox 354 5357 3639 5445; baseline 0.005 -32"><span class='ocrx_word' id='word_1_700' title='bbox 354 5358 423 5413; x_wconf 83' lang='lat' dir='ltr'><strong>ad</strong></span> <span class='ocrx_word' id='word_1_701' title='bbox 458 5357 756 5419; x_wconf 81' lang='lat' dir='ltr'><strong>Romanos,</strong></span> <span class='ocrx_word' id='word_1_702' title='bbox 803 5365 857 5412; x_wconf 90' lang='lat' dir='ltr'><strong>et</strong></span> <span class='ocrx_word' id='word_1_703' title='bbox 893 5357 1170 5428; x_wconf 84' lang='lat' dir='ltr'><strong>Expositio</strong></span> <span class='ocrx_word' id='word_1_704' title='bbox 1227 5360 1281 5414; x_wconf 92' lang='lat' dir='ltr'><strong>in</strong></span> <span class='ocrx_word' id='word_1_705' title='bbox 1330 5359 1546 5416; x_wconf 87' lang='lat' dir='ltr'><strong>Galatas</strong></span> <span class='ocrx_word' id='word_1_706' title='bbox 1595 5363 1955 5419; x_wconf 84' lang='lat' dir='ltr'><strong>Antiochenis</strong></span> <span class='ocrx_word' id='word_1_707' title='bbox 1989 5365 2077 5418; x_wconf 78' lang='grc' dir='ltr'><strong>διὰ</strong></span> <span class='ocrx_word' id='word_1_708' title='bbox 2122 5366 2223 5434; x_wconf 77' lang='grc' dir='ltr'><strong>τὴν</strong></span> <span class='ocrx_word' id='word_1_709' title='bbox 2271 5366 2559 5438; x_wconf 78' lang='grc' dir='ltr'>ἀκρίϐειαν</span> <span class='ocrx_word' id='word_1_710' title='bbox 2615 5371 2973 5425; x_wconf 75' lang='lat' dir='ltr'><strong>accensendze</strong></span> <span class='ocrx_word' id='word_1_711' title='bbox 3029 5386 3045 5422; x_wconf 87' lang='lat'><strong>:</strong></span> <span class='ocrx_word' id='word_1_712' title='bbox 3096 5374 3346 5428; x_wconf 74' lang='lat' dir='ltr'><strong>Homiliie</strong></span> <span class='ocrx_word' id='word_1_713' title='bbox 3405 5375 3456 5429; x_wconf 92' lang='lat' dir='ltr'><strong>in</strong></span> <span class='ocrx_word' id='word_1_714' title='bbox 3507 5376 3639 5445; x_wconf 83' lang='lat' dir='ltr'><strong>Epi-</strong></span> 
     </span>
    </p>
   </div>
   <div class='ocr_carea' id='block_1_67' title="bbox 355 5450 1957 5540">
    <p class='ocr_par' dir='ltr' id='par_1_67' title="bbox 355 5450 1957 5527">
     <span class='ocr_line' id='line_1_67' title="bbox 355 5450 1957 5527; baseline 0.003 -19"><span class='ocrx_word' id='word_1_715' title='bbox 355 5450 520 5508; x_wconf 89' lang='lat' dir='ltr'><strong>stolas</strong></span> <span class='ocrx_word' id='word_1_716' title='bbox 553 5452 620 5507; x_wconf 91' lang='lat' dir='ltr'><strong>ad</strong></span> <span class='ocrx_word' id='word_1_717' title='bbox 670 5451 955 5523; x_wconf 80' lang='lat' dir='ltr'><strong>Ephesios,</strong></span> <span class='ocrx_word' id='word_1_718' title='bbox 992 5451 1394 5524; x_wconf 86' lang='lat' dir='ltr'><strong>Philippenses,</strong></span> <span class='ocrx_word' id='word_1_719' title='bbox 1431 5466 1718 5527; x_wconf 91' lang='lat' dir='ltr'><strong>utramque</strong></span> <span class='ocrx_word' id='word_1_720' title='bbox 1750 5459 1817 5513; x_wconf 92' lang='lat' dir='ltr'><strong>ad</strong></span> <span class='ocrx_word' id='word_1_721' title='bbox 1849 5460 1957 5513; x_wconf 83' lang='lat' dir='ltr'><strong>Tirr</strong></span> 
     </span>
    </p>
   </div>
   <div class='ocr_carea' id='block_1_68' title="bbox 2034 5450 3636 5540">
    <p class='ocr_par' dir='ltr' id='par_1_68' title="bbox 2034 5461 3636 5540">
     <span class='ocr_line' id='line_1_68' title="bbox 2034 5461 3636 5540; baseline 0.006 -27"><span class='ocrx_word' id='word_1_722' title='bbox 2034 5461 2200 5514; x_wconf 87' lang='lat' dir='ltr'><strong>hcum</strong></span> <span class='ocrx_word' id='word_1_723' title='bbox 2239 5471 2294 5516; x_wconf 90' lang='lat' dir='ltr'><strong>et</strong></span> <span class='ocrx_word' id='word_1_724' title='bbox 2335 5462 2715 5521; x_wconf 86' lang='lat' dir='ltr'><strong>Philemonem</strong></span> <span class='ocrx_word' id='word_1_725' title='bbox 2756 5467 2843 5520; x_wconf 79' lang='grc' dir='ltr'><strong>διὰ</strong></span> <span class='ocrx_word' id='word_1_726' title='bbox 2882 5467 2942 5520; x_wconf 79' lang='grc' dir='ltr'>τὸ</span> <span class='ocrx_word' id='word_1_727' title='bbox 2971 5469 3106 5521; x_wconf 70' lang='grc' dir='ltr'>αὐτὸ</span> <span class='ocrx_word' id='word_1_728' title='bbox 3150 5471 3497 5540; x_wconf 74' lang='grc' dir='ltr'>αὐτοσχέδιον</span> <span class='ocrx_word' id='word_1_729' title='bbox 3534 5472 3636 5539; x_wconf 76' lang='grc' dir='ltr'><strong>τῆς</strong></span> 
     </span>
    </p>
   </div>
   <div class='ocr_carea' id='block_1_69' title="bbox 355 5543 1957 5627">
    <p class='ocr_par' dir='ltr' id='par_1_69' title="bbox 355 5543 1955 5622">
     <span class='ocr_line' id='line_1_69' title="bbox 355 5543 1955 5622; baseline 0.008 -27"><span class='ocrx_word' id='word_1_730' title='bbox 355 5543 552 5608; x_wconf 79' lang='grc' dir='ltr'><strong>λέξεως</strong></span> <span class='ocrx_word' id='word_1_731' title='bbox 574 5546 1213 5620; x_wconf 75' lang='lat' dir='ltr'><strong>Constantinopolitanis.</strong></span> <span class='ocrx_word' id='word_1_732' title='bbox 1247 5552 1423 5620; x_wconf 81' lang='lat' dir='ltr'><strong>Atque</strong></span> <span class='ocrx_word' id='word_1_733' title='bbox 1463 5551 1580 5606; x_wconf 68' lang='lat' dir='ltr'><strong>haec</strong></span> <span class='ocrx_word' id='word_1_734' title='bbox 1605 5552 1823 5622; x_wconf 89' lang='lat' dir='ltr'><strong>quidem</strong></span> <span class='ocrx_word' id='word_1_735' title='bbox 1857 5571 1955 5609; x_wconf 90' lang='lat' dir='ltr'><strong>nos</strong></span> 
     </span>
    </p>
   </div>
   <div class='ocr_carea' id='block_1_70' title="bbox 2039 5543 3641 5627">
    <p class='ocr_par' dir='ltr' id='par_1_70' title="bbox 2039 5555 3641 5627">
     <span class='ocr_line' id='line_1_70' title="bbox 2039 5555 3641 5627; baseline 0.007 -21"><span class='ocrx_word' id='word_1_736' title='bbox 2039 5555 2518 5627; x_wconf 66' lang='lat' dir='ltr'><strong>irocxebtdCoweg,</strong></span> <span class='ocrx_word' id='word_1_737' title='bbox 2561 5558 2790 5615; x_wconf 90' lang='lat' dir='ltr'><strong>meliora</strong></span> <span class='ocrx_word' id='word_1_738' title='bbox 2827 5570 3142 5617; x_wconf 90' lang='lat' dir='ltr'><strong>monentem</strong></span> <span class='ocrx_word' id='word_1_739' title='bbox 3190 5563 3331 5617; x_wconf 91' lang='lat' dir='ltr'><strong>haud</strong></span> <span class='ocrx_word' id='word_1_740' title='bbox 3365 5563 3641 5618; x_wconf 86' lang='lat' dir='ltr'><strong>illibcntcr</strong></span> 
     </span>
    </p>
   </div>
   <div class='ocr_carea' id='block_1_71' title="bbox 354 5641 621 5696">
    <p class='ocr_par' dir='ltr' id='par_1_71' title="bbox 354 5641 621 5696">
     <span class='ocr_line' id='line_1_71' title="bbox 354 5641 621 5696; baseline -0.007 0"><span class='ocrx_word' id='word_1_741' title='bbox 354 5641 621 5696; x_wconf 70' lang='lat' dir='ltr'><strong>secuturi.</strong></span> 
     </span>
    </p>
   </div>
   <div class='ocr_carea' id='block_1_72' title="bbox 1824 5822 2159 5837">
    <p class='ocr_par' dir='ltr' id='par_1_72' title="bbox 1824 5822 2159 5837">
     <span class='ocr_line' id='line_1_72' title="bbox 1824 5822 2159 5837; baseline 0.018 -6"><span class='ocrx_word' id='word_1_742' title='bbox 1824 5822 2159 5837; x_wconf 52' lang='lat' dir='ltr'><strong>m</strong></span> 
     </span>
    </p>
   </div>
  </div>
