4056 6488
544 479 637 535 ιω
1220 474 1281 531 S.
1318 472 1602 531 JOANNIS
1637 470 2121 531 CHRYSUSTOMI
2155 468 2470 525 ARCIIIEP.
2509 467 3051 537 COSSTAN'I’INOP.

3629 468 3733 523 592

548 616 1033 659 ac“
1060 641 1684 653 Μ
1704 610 3726 652 ῌ--α---Ξ

1704 637 1813 650 Ε

606 641 1033 656 ———-

1303 818 1775 908 SANCTI
1881 817 2361 906 PATRIS
2461 814 2958 906 NOSTRI

680 1058 1682 1245 JOANNIS
1854 1054 3596 1234 CHRYSOSTOMI

1438 1364 1948 1425 ABCHIEPISCOP‘!
2001 1366 2831 1433 CONSTANTINOPOLITANI,

928 1552 1726 1634 COMMENTARIUS
1799 1555 1906 1632 IN
1984 1554 2556 1631 EPISTOLAM
2641 1557 2767 1629 AD
2838 1554 3342 1631 ROMANOS.

2006 1752 2260 1765 ——_

1124 2001 1134 2011 .
1213 1926 1379 1989 ABG
1391 1925 1820 1988 UMENTUM
1852 1923 1934 2003 (α)
1980 1925 2103 1986 ΕΡ.

2183 1925 2411 1987 ΤΟιλΕ
2449 1925 2560 1983 ΑΙ)
2601 1922 3002 1985 ROMANOS
3029 1931 3067 1981 ⁸.

593 2096 645 2151 1.
670 2096 802 2151 Dum
826 2098 1180 2167 Epistolarum
1206 2099 1263 2153 S.
1288 2098 1433 2152 Pauli
1457 2098 1735 2152 lectionem
1758 2096 2083 2167 frequenter,

519 2200 583 2239 ac
608 2201 749 2254 saepe
776 2196 857 2241 ter
878 2198 1129 2256 quaterve
1155 2201 1249 2255 per
1267 2187 1501 2256 singulas
1522 2186 1879 2241 hebdomadas
1905 2187 2086 2252 audio,

518 2275 728 2342 quando
755 2284 1057 2329 sanctorum
1082 2288 1371 2346 martyrum
1395 2277 1703 2330 memoriam
1729 2278 2085 2342 celebramus,

516 2365 723 2433 gaudeo
752 2375 807 2420 et
831 2367 1058 2432 exsulto,
1091 2366 1213 2420 tuba
1250 2367 1430 2423 fruens
1470 2368 1761 2438 spirituali,
1791 2368 2089 2424 desiderio-

516 2470 621 2523 que
639 2455 825 2522 ardeo,
848 2470 968 2510 cum
994 2459 1217 2511 amicam
1236 2458 1364 2511 mihi
1386 2472 1568 2513 vocem
1590 2459 1848 2525 ausculto,
1877 2460 2091 2527 fereque

519 2545 645 2597 mihi
676 2546 859 2600 videor
889 2548 1034 2601 illum
1068 2556 1379 2616 pmsentem
1416 2556 1471 2602 et
1492 2548 1843 2604 disserentem
1871 2550 2087 2619 conspi-

514 2653 672 2702 cere;
705 2640 795 2692 sed
824 2650 857 2690 a
879 2655 991 2708 tgor
1016 2655 1077 2693 ac
1106 2639 1419 2703 discrucior,
1452 2641 1591 2709 quod
1622 2657 1725 2693 non
1756 2655 1943 2695 omnes
1975 2652 2091 2695 tan-

518 2737 626 2779 tttm
655 2729 825 2781 virum
847 2738 903 2781 ut
935 2743 1027 2797 par
1046 2735 1189 2782 esset
1207 2737 1550 2798 cognoscant,
1570 2738 1624 2783 et
1641 2743 1808 2799 usque
1830 2729 1962 2784 adeo
1981 2731 2091 2800 qui-

520 2816 639 2870 dam
668 2817 940 2886 ignorent,
974 2826 1033 2870 ut
1061 2832 1158 2871 nec
1191 2832 1466 2871 numerum
1497 2818 1709 2887 quidem
1740 2819 2086 2888 epistularum

517 2906 633 2973 ejus
660 2906 849 2959 sciant.
879 2904 1009 2958 Illud
1044 2921 1168 2959 vero
1198 2922 1301 2959 nun
1328 2906 1452 2967 hinc
1477 2908 1685 2972 evenit,
1712 2906 1851 2976 quod
1881 2908 2089 2964 discere

518 3010 621 3047 nou
650 2982 891 3060 valeant,
938 2997 1029 3049 sed
1081 2996 1219 3065 quod
1252 2998 1419 3050 nolint
1446 3014 1566 3052 cum
1611 3010 1799 3053 sancto
1840 3001 1950 3053 viro
1981 3004 2087 3055 ire-

516 3092 739 3150 queuter
766 3085 981 3137 versari.
1012 3084 1191 3154 Neque
1221 3087 1360 3139 enim
1390 3103 1485 3140 nos
1513 3103 1631 3156 qua:
1657 3080 1879 3153 scimus,
1911 3090 1956 3144 si
1986 3107 2084 3159 qua

516 3179 691 3227 tamen
722 3173 953 3237 scimus,
984 3190 1049 3231 ex
1094 3175 1286 3244 ingenii
1330 3178 1618 3232 acrimonia
1667 3180 1943 3245 novimus,
1990 3182 2082 3235 sed

514 3261 654 3329 quod
681 3261 800 3330 ejus
829 3262 1024 3337 scripta
1051 3264 1264 3319 aSsidue
1286 3275 1589 3328 tractemus,
1616 3268 1870 3338 illumque
1892 3269 2085 3324 aﬂ'ecm

524 3352 755 3405 maxime
781 3353 1215 3417 complectamur.
1246 3353 1377 3407 Nam
1407 3356 1496 3424 qui
1530 3367 1749 3421 amant,
1789 3368 2085 3413 amatorum

513 3452 630 3494 acta
662 3442 777 3509 plus
800 3440 962 3510 quam
989 3442 1079 3496 alii
1106 3458 1291 3497 omnes
1322 3458 1536 3506 norunt,
1570 3456 1752 3515 utpote
1776 3448 1866 3517 qui
1892 3448 1960 3502 de
1982 3450 2085 3504 illis

514 3531 725 3585 Solliciti
756 3533 898 3586 sint:
932 3532 982 3585 id
1014 3533 1151 3602 quod
1192 3534 1275 3585 hic
1305 3534 1382 3587 vir
1414 3536 1597 3589 beatus
1622 3537 1940 3601 ostendens,
1971 3538 2087 3592 Phi-

514 3621 841 3691 lippensibus
868 3621 996 3675 dicit
1025 3640 1038 3675 :
1074 3622 1219 3676 Sicut
1245 3624 1368 3675 milii
1389 3627 1582 3691 justum
1610 3636 1681 3677 est
1704 3628 1797 3679 Itoc
1821 3628 2002 3679 sentire
2022 3629 2085 3680 de

512 3712 669 3776 vobis,
703 3730 760 3765 eo
779 3713 912 3778 quod
937 3728 1022 3765 vos
1049 3714 1100 3765 in
1124 3713 1276 3766 corde
1300 3714 1506 3767 [iubeam
1535 3716 1585 3767 in
1616 3717 1825 3769 vinculis
1852 3718 1972 3771 meis
1991 3759 2009 3779 ,
2034 3730 2083 3778 et

510 3806 564 3858 in
590 3804 879 3873 defensione
902 3814 948 3857 et
976 3806 1355 3885 conﬁrmatione
1377 3808 1620 3875 evangelii
1646 3806 1901 3878 (Philipp.
1931 3812 1980 3862 i.
2001 3811 2079 3879 7).

513 3897 691 3966 itaque
719 3898 761 3950 si
786 3898 942 3951 vultis
964 3897 1173 3951 lectioni
1200 3898 1479 3967 diligenter
1498 3900 1790 3966 attendere,
1814 3910 1918 3957 nun
1940 3903 2079 3957 aliud

514 3989 885 4055 requirendum
931 3988 1079 4040 vobis
1124 3989 1267 4041 erit:
1302 4005 1483 4043 verum
1527 3991 1721 4060 quippe
1767 4002 1849 4047 est
1886 3993 2078 4047 Citriin

512 4078 709 4130 dictum
742 4076 867 4130 illttd
894 4095 906 4129 :
942 4078 1161 4143 anrite
1181 4119 1196 4141 ,
1226 4088 1272 4131 et
1302 4079 1596 4143 invenietis;
1637 4082 1861 4147 pulsate,
1890 4091 1936 4135 et
1961 4099 2082 4151 ape-

511 4171 665 4221 rietur
690 4168 824 4221 vobis
856 4168 1065 4240 (Matth.
1094 4171 1145 4223 7.
1169 4171 1247 4241 '7).
1276 4170 1467 4228 Verum
1490 4172 1609 4238 quia
1638 4172 1875 4241 plerique
1899 4187 1963 4227 es
1993 4174 2076 4239 iis,

509 4260 599 4329 qui
631 4258 731 4312 huc
759 4259 1029 4313 nobiscum
1059 4274 1360 4315 convenere
1381 4302 1394 4325 ,
1426 4260 1651 4327 liberos,
1685 4276 1903 4316 uxorem
1932 4263 2080 4316 alen-

508 4348 666 4412 dam,
706 4349 952 4418 aedesque
980 4350 1239 4405 curandas
1276 4366 1595 4422 suscepere,
1637 4367 1735 4407 nec
1762 4369 1882 4409 sese
1928 4364 2068 4408 totos

510 4437 635 4492 huic
656 4439 831 4492 studio
849 4439 977 4492 dare
1001 4451 1220 4508 possunt
1243 4460 1255 4493 :
1282 4442 1347 4494 ad
1369 4457 1453 4506 ea,
1477 4459 1594 4512 quae
1620 4444 1709 4497 alii
1730 4445 2075 4514 collegerunt,

510 4529 822 4599 excipienda
854 4546 948 4584 vos
974 4543 1296 4601 comparate,
1329 4543 1635 4605 tantumque
1658 4536 1890 4593 studium
1921 4541 2078 4594 dictis

508 4621 787 4676 audiendis
833 4621 1111 4690 adhibete,
1157 4633 1413 4693 quantum
1458 4626 1768 4695 colligenda:
1817 4631 2072 4697 pecuniae.

512 4715 621 4768 Etsi
652 4729 879 4783 namque
909 4723 1063 4785 turpe
1084 4725 1167 4770 est
1190 4715 1319 4770 nihil
1339 4730 1369 4769 τι
1398 4718 1543 4771 vobis
1566 4719 1684 4787 plus
1710 4720 1950 4788 exigere,
1974 4723 2077 4775 uti-

507 4824 627 4860 natu
657 4807 737 4861 vel
766 4816 965 4860 tantum
998 4806 1313 4863 adbibea'tis.

578 4898 958 4965 Scripturarunt
996 4898 1279 4966 ignorantia
1318 4908 1505 4964 quanta
1533 4899 1697 4968 pariat
1735 4900 1889 4956 mala.
1934 4902 2072 4957 Ordo

506 4989 740 5059 temporis
770 4989 820 5039 in
846 4990 1054 5057 singulis
1081 4990 1303 5056 epistolis
1333 4989 1503 5043 Pauli.
1525 5021 1595 5031 —
1614 4992 1743 5045 Nam
1771 5008 1800 5046 a
1828 4994 2071 5064 Scriptu-

505 5094 680 5129 rarutn
702 5077 991 5145 ignorantia
1014 5079 1285 5133 innumera
1307 5088 1418 5133 orta
1437 5091 1559 5134 sunt
1575 5084 1709 5135 mala
1730 5101 1742 5136 :
1767 5083 1887 5138 hinc
1907 5086 2069 5141 multa

502 5174 779 5228 brcrescun
824 5170 973 5233 lues,
1019 5170 1141 5224 hinc
1170 5172 1354 5241 ignava
1392 5173 1598 5227 vivendi
1640 5174 1774 5229 ratio
1813 5186 1867 5231 et
1898 5177 2067 5231 iul‘rtt-

500 5259 669 5311 stuosi
702 5259 927 5313 labores.
961 5258 1109 5314 Sicut
1135 5262 1277 5315 enim
1308 5263 1397 5330 qui
1440 5264 1557 5317 luce
1599 5264 1890 5331 privamur,
1923 5277 2065 5321 recta

498 5348 751 5403 incedere
777 5360 1042 5417 nequeunt
1070 5367 1082 5401 :
1112 5351 1187 5404 sic
1210 5352 1295 5420 qui
1326 5352 1619 5407 divinarum
1645 5356 1805 5409 radiis
1832 5356 2066 5427 Scriptu-

500 5455 677 5492 rarum
729 5455 833 5493 non
880 5440 1146 5505 fruuntur,
1192 5446 1493 5497 necessario
1532 5445 1753 5514 peccant
1794 5454 2067 5503 et'errant

508 5530 821 5596 Frequenter,
854 5541 1033 5600 utpote
1068 5532 1156 5600 qui
1190 5534 1239 5586 in
1264 5533 1589 5589 densissimis
1618 5538 1846 5591 tenebris
1874 5540 2061 5593 auibu-

564 5643 577 5672 ι
617 5649 742 5714 ψιμξ
762 5643 907 5714 habet
934 5658 995 5714 es
1018 5644 1227 5714 52min,
1258 5656 1307 5693 In
1330 5648 1642 5714 atttnt's_Pault
1665 5649 1881 5712 epistolas
1904 5656 2061 5714 prolo~

496 5702 775 5772 gttsqlttilio
794 5706 974 5765 ptologi
999 5707 1062 5772 de
1086 5710 1308 5772 omnibus
1332 5708 1453 5757 t‘attli
1485 5702 1704 5769 Epistolis
1727 5714 1842 5772 agit.

560 5765 633 5822 la)
651 5764 882 5813 Collatum
905 5764 1009 5814 cum
1029 5766 1201 5816 Codice
1223 5776 1368 5833 Hegio
1397 5772 1510 5823 L953
1525 5764 1786 5822 'cttiulbert
1810 5790 1865 5821 :to
1888 5775 1994 5822 095.

2193 2094 2323 2149 lent.
2370 2096 2422 2149 Id
2454 2112 2521 2151 ne
2549 2100 2800 2159 eveniat.
2840 2101 2905 2153 ad
2924 2101 3160 2168 ApOalOii
3199 2102 3461 2157 dictorum
3510 2103 3768 2175 fulgorem

2191 2186 2375 2242 oculos
2416 2188 2715 2255 aperiamus
2747 2207 2760 2242 :
2794 2189 2911 2258 ejus
2948 2191 3142 2261 quippe
3171 2193 3346 2262 lingua
3379 2192 3656 2264 plusquam
3689 2197 3768 2252 sol

2194 2275 2351 2340 lucet,
2382 2286 2711 2349 ceterosque
2732 2296 2919 2335 omnes
2939 2283 3176 2337 doctrina
3199 2286 3344 2339 verbi
3368 2296 3607 2355 superat.
3635 2288 3766 2356 Qui:

2192 2368 2332 2419 enim
2380 2368 2495 2437 plus
2534 2384 2690 2439 quam
2719 2371 2791 2425 illi
2822 2371 3111 2435 laboravit,
3157 2390 3398 2444 magnam
3426 2377 3524 2431 sibi
3554 2380 3769 2432 attraxit

2192 2455 2419 2524 Spiritus
2468 2460 2737 2527 gratiam:
2796 2462 2953 2530 idque
2994 2478 3099 2516 non
3150 2480 3213 2519 ex
3267 2466 3509 2536 epistolis
3566 2480 3766 2524 tantum

2191 2546 2337 2615 ejus,
2368 2550 2461 2601 sed
2484 2550 2642 2603 etiam
2674 2565 2737 2604 ex
2767 2553 2929 2620 gestis
2955 2556 3340 2611 contenderim.
3380 2558 3512 2613 Nam
3559 2562 3603 2615 si
3644 2579 3769 2616 eon-

2190 2637 2434 2691 cionandi
2465 2647 2676 2708 tempus
2714 2651 2889 2707 esset,
2922 2644 3039 2697 illas
3066 2646 3163 2713 ipsi
3197 2656 3376 2716 partes
3407 2651 3603 2721 ubique
3642 2670 3769 2708 cou-

2190 2728 2452 2783 cedebant
2485 2746 2498 2780 :
2533 2730 2754 2801 ideoque
2796 2734 2934 2802 apud
2984 2736 3285 2793 incredulos
3314 2739 3608 2804 Mercurius
3649 2759 3766 2800 esse

2194 2818 2477 2885 ptttabatur
2522 2818 2655 2889 (Act.
2697 2823 2785 2876 Η.
2826 2824 2937 2892 Η).
2981 2825 3121 2895 quod
3172 2829 3223 2882 in
3277 2830 3580 2901 eloquentia
3626 2838 3767 2903 prin-

2192 2926 2316 2981 Ceps
2366 2924 2530 2969 esset.
2591 2914 2646 2969 In
2705 2915 2839 2971 hanc
2889 2927 3064 2973 autem
3109 2922 3387 2990 epistulam
3440 2925 3765 2995 ingressuri,

2193 3017 2413 3058 necesse
2462 3014 2626 3058 estut
2675 3013 2942 3091 tempus,‘
2969 3024 3075 3079 quo
3116 3011 3309 3081 scripta
3354 3011 3488 3081 fuit,
3535 3016 3767 3088 assigne-

2192 3110 2327 3148 mus.
2374 3095 2488 3150 Non
2545 3098 2718 3160 enim,
2767 3110 2823 3154 ut
2878 3102 3028 3155 multi
3083 3106 3420 3173 existimant,
3459 3117 3583 3171 ante
3640 3113 3768 3167 alias

2190 3200 2376 3239 omnes
2398 3188 2588 3256 scripta
2619 3187 2741 3248 fuit;
2771 3192 2861 3244 sed
2890 3193 3057 3261 prima
3080 3194 3293 3263 quidem
3320 3206 3401 3251 est
3423 3213 3630 3266 earum,
3650 3219 3765 3271 qua:

2192 3274 2356 3329 Roma
2389 3279 2561 3332 missa:
2589 3279 2766 3348 luere,
2796 3285 3033 3336 umuiutn
3055 3324 3070 3349 ,
3112 3293 3165 3337 at
3194 3288 3458 3355 posterior
3491 3291 3629 3354 aliis,
3667 3294 3762 3347 ctsi

2193 3382 2296 3421 non
2325 3368 2591 3424 omnibus.
2627 3373 2831 3427 Etenim
2876 3376 3048 3429 αιιιικυ
3082 3376 3147 3429 ad
3181 3376 3485 3436 Corinthius
3526 3383 3763 3451 epistola:

2192 3456 2326 3511 hanc
2364 3472 2773 3527 prmceSs-cruttt.
2808 3462 2861 3516 id
2909 3465 3160 3533 liquidum
3202 3477 3283 3521 est
3312 3484 3375 3522 es
3422 3470 3516 3537 iis,
3548 3488 3669 3540 qua:
3712 3475 3760 3528 itt

2190 3547 2292 3601 line
2319 3547 2473 3618 hujus
2501 3552 2713 3620 scripsit
2746 3553 2829 3607 his
2858 3555 3033 3608 verbis
3059 3573 3071 3607 :
3102 3554 3255 3609 Nunc
3279 3568 3446 3611 autem
3473 3562 3764 3629 proﬁciscor

2185 3640 2585 3711 Jerosulymam,
2618 3646 2906 3699 ministram
2930 3649 3138 3700 sanctis.
3180 3648 3347 3702 Visum
3372 3660 3448 3703 est
3476 3653 3609 3706 enim
3649 3654 3761 3710 Hae

2186 3731 2411 3785 cedoniar
2437 3742 2484 3785 et
2513 3733 2719 3787 Achaia:
2741 3737 3240 3790 communicationem
3266 3739 3488 3809 aliquam
3514 3742 3683 3810 facere
3710 3746 3760 3799 in

2187 3838 2430 3889 pauperes
2449 3834 2734 3878 sanctorum
2750 3826 2833 3895 qui
2856 3838 2969 3880 sunt
2984 3826 3315 3900 Jerosolymis
3339 3831 3513 3900 (Rom.
3540 3835 3627 3889 15.
3644 3836 3758 3906 26).

2184 3910 2475 3966 Corinthiis
2503 3922 2680 3967 autem
2709 3915 2947 3970 scribens
2975 3918 3049 3970 ait
3075 3936 3089 3969 :
3126 3918 3274 3984 Quod
3302 3921 3346 3973 si
3374 3921 3587 3992 dignum
3612 3928 3761 3993 fuerit

2186 4013 2238 4055 ut
2264 4014 2311 4057 et
2340 4021 2429 4074 ego
2468 4021 2612 4069 eam,
2644 4024 2833 4061 merum
2875 4010 3254 4079 proﬁciscentur
3283 4013 3360 4086 (Ι.
3392 4014 3511 4070 Cor.
3552 4018 3638 4073 16.
3666 4020 3755 4087 ι);

2184 4094 2252 4149 de
2282 4098 2344 4151 iis
2374 4099 2630 4168 loquens,
2662 4103 2750 4170 qui
2782 4102 2906 4156 illuc
2937 4104 3189 4172 pecunias
3225 4104 3554 4173 deportaturi
3585 4122 3755 4167 erant.

2187 4185 2336 4242 Unde
2383 4188 2585 4259 liquet,
2636 4206 2757 4246 cum
2810 4192 3072 4249 scriberet
3118 4194 3442 4261 Corinthiis,
3496 4199 3754 4257 incertum

2182 4278 2347 4336 fuisse
2372 4294 2442 4335 an
2479 4296 2545 4337 eo
2585 4282 2920 4352 profecturus
2946 4294 3129 4351 esset;
3161 4302 3281 4341 cum
3312 4304 3439 4344 vero
3472 4289 3755 4359 Romanis,

2181 4385 2292 4425 rem
2314 4374 2653 4429 constitutam
2679 4386 2734 4431 et
2758 4384 2957 4430 certam
2977 4376 3157 4433 fuisse.
3179 4379 3289 4445 Qua
3316 4385 3752 4454 recomprobata.

2180 4471 2384 4516 certum
2407 4475 2490 4519 est
2522 4464 2656 4520 banc
2684 4475 2799 4534 post
2819 4466 2939 4521 illas
2963 4469 3214 4537 scriptam
3236 4471 3419 4526 fuisse.
3445 4473 3620 4531 Etiam
3642 4479 3751 4548 epi-

2180 4551 2314 4605 stola
2343 4553 2407 4607 ad
2444 4553 2948 4611 Thessalonicenses
2986 4558 3193 4614 videtur
3237 4561 3363 4615 mihi
3414 4568 3751 4632 pnrcessisse

2179 4643 2455 4712 epistolam
2498 4645 2563 4699 ad
2603 4647 2927 4705 Corinthios.
2969 4648 3101 4704 Nam
3143 4666 3263 4707 cum
3294 4653 3396 4708 illis
3440 4657 3587 4725 prius
3616 4660 3747 4713 scri-

2178 4732 2368 4801 psisset
2391 4734 2460 4789 de
2500 4734 2834 4808 elcemosyua
2866 4737 2947 4794 his
2979 4739 3187 4805 verbis,
3228 4740 3306 4797 De
3328 4748 3555 4814 fraterno
3579 4760 3748 4801 autem

2177 4844 2346 4883 amore
2366 4847 2465 4884 non
2491 4847 2617 4900 opus
2638 4842 2711 4886 est
2740 4842 2792 4886 ut
2818 4834 3096 4891 scribamus
3117 4836 3251 4891 vobis
3274 4854 3293 4893 :
3320 4855 3407 4892 vos
3433 4840 3565 4893 enim
3589 4858 3621 4893 a
3647 4841 3747 4896 Deo

2175 4918 2308 4971 docti
2342 4922 2457 4973 estis
2486 4930 2539 4974 ut
2573 4922 2794 4993 diligatis
2830 4924 3040 4979 invicem
3066 4941 3085 4978 :
3108 4927 3285 4981 etenim
3312 4928 3407 4981 Itoc
3434 4931 3602 4999 facilis
3629 4948 3745 5002 erga

2173 5017 2376 5063 cunctos
2391 5014 2571 5079 fratres
2593 5013 2668 5082 (Ι.
2695 5012 2867 5068 Thess.
2892 5015 2946 5069 4.
2972 5014 3023 5071 9.
3054 5016 3175 5086 10);
3205 5026 3329 5073 tunc
3346 5018 3413 5073 ad
3436 5020 3745 5076 Corinthios

2172 5100 2415 5169 scripsit;
2450 5102 2498 5155 id
2529 5103 2668 5171 quod
2711 5104 2823 5172 ipse
2852 5106 3038 5174 probat
3078 5107 3297 5163 dicens:
3330 5108 3452 5164 Scio
3494 5113 3627 5165 enim
3654 5129 3743 5185 ego

2173 5201 2459 5259 promptum
2483 5194 2709 5246 animum
2738 5205 2988 5262 vestrum,
3031 5215 3124 5268 pro
3160 5215 3258 5268 quo
3292 5199 3357 5253 de
3395 5201 3531 5255 satis
3556 5204 3742 5273 glorior

2171 5281 2308 5349 apud
2336 5281 2635 5336 Maccdonas
2655 5302 2673 5348 ;
2695 5287 2929 5352 quoniam
2952 5297 2998 5342 et
3023 5289 3213 5342 Achaia
3236 5300 3415 5360 parata
3435 5303 3507 5345 est
3527 5294 3589 5346 ab
3609 5310 3739 5349 anno

2172 5376 2419 5441 ητα-νει·νὶιο
2444 5390 2462 5427 :
2492 5386 2535 5428 et
2567 5388 2727 5429 vestra
2763 5378 3016 5433 aemulatio
3055 5383 3339 5450 provocavit
3378 5383 3717 5457 plurimos(3

2172 5463 2283 5517 Cor.
2310 5464 2362 5518 ἲ).
2392 5466 2472 5533 2).
2503 5465 2703 5530 Quibus
2729 5482 3112 5525 eutumunstrat
3140 5486 3199 5526 se
3239 5475 3465 5541 primum
3508 5477 3611 5530 illis
3644 5478 3737 5531 bac

2168 5555 2234 5609 de
2262 5571 2317 5610 re
2350 5557 2622 5625 loquutum
2651 5574 2789 5613 esse.
2822 5560 2946 5617 Haec
2968 5564 3123 5631 igitur
3150 5565 3396 5633 epistola,
3426 5582 3546 5637 qu:c
3572 5570 3734 5637 prima

2166 5660 2246 5703 est
2271 5666 2450 5704 earum
2469 5692 2483 5715 ,
2518 5667 2647 5720 quas
2673 5652 2855 5707 Rumzc
2885 5655 3132 5724 scripsit,
3165 5656 3268 5711 illis
3293 5658 3536 5726 epistolis
3566 5668 3710 5728 [vitale

2167 5742 2274 5794 riur
2302 5751 2400 5796 est.
2446 5742 2683 5797 Nuntium
2717 5746 2856 5799 enim
2902 5746 3118 5801 Romam
3158 5760 3373 5803 venerat
3397 5790 3410 5813 ,
3454 5766 3575 5804 cum
3607 5753 3733 5806 hanc
