4056 6496
225 442 346 497 395

215 552 446 621 Rcripsit
472 551 754 622 epistolam
782 567 795 617 ;
830 552 879 605 id
922 550 1063 621 quod
1098 550 1180 603 bis
1209 551 1384 603 verbis
1418 550 1617 603 indicat
1646 566 1658 599 :
1693 545 1831 599 Desi-

214 649 353 698 dere
374 646 509 699 enim
535 646 703 698 ridere
731 660 835 705 vos.
867 654 919 696 ut
950 644 1145 713 aliquid
1171 643 1459 713 impertiam
1492 642 1628 695 vobis
1654 641 1839 711 gratiae

211 737 514 798 spirituulis
546 735 722 805 (Rom.
752 736 804 789 1,
836 736 942 803 ll).
976 733 1147 788 Roma
1169 744 1346 788 autem
1370 736 1434 788 ad
1462 733 1834 803 Philippcuscs

209 830 445 899 scripsit
475 847 488 884 :
526 829 645 883 ideo
673 829 746 881 ait
773 846 785 881 :
821 828 1069 883 Salutant
1093 844 1178 882 vos
1199 845 1375 881 omnes
1400 829 1587 891 sancti,
1613 829 1832 881 maxime

205 924 313 991 qui
354 923 415 974 de
442 922 657 975 Ca'saris
685 921 836 975 domo
876 932 990 976 sunt
1034 922 1294 993 (Philipp.
1326 924 1382 977 4.
1419 921 1542 990 εξ).
1592 922 1832 976 "cloacis

204 1028 441 1081 quorum
472 1014 668 1068 istbinc
705 1015 953 1081 scripsit,
986 1016 1167 1085 aitque
1194 1017 1413 1070 salutari
1446 1016 1687 1086 ipsos'ab
1723 1017 1785 1071 iis
1815 1058 1828 1079 .

205 1104 313 1173 qui
346 1105 396 1157 in
430 1104 580 1158 Italia
609 1115 763 1160 erant
795 1105 980 1178 (llebr.
1011 1108 1099 1163 15.
1132 1108 1246 1179 24).
1283 1108 1575 1179 Epistulam
1609 1108 1734 1164 item
1763 1110 1828 1163 ad

204 1192 564 1250 Timotheum
592 1197 761 1252 Roma
793 1199 1000 1254 vinctus
1033 1200 1208 1263 misit,
1253 1215 1371 1270 qua:
1399 1210 1669 1270 postrema
1699 1200 1828 1254 mihi

205 1289 435 1342 videtur
460 1292 699 1344 omnium
731 1292 875 1346 Pauli
904 1292 1274 1360 epistularum,
1311 1300 1367 1345 ut
1391 1302 1455 1346 ex
1482 1292 1598 1361 ejus
1629 1292 1734 1347 line
1767 1292 1828 1346 li-

201 1389 387 1447 quet:
429 1378 538 1449 Ego
560 1382 690 1434 enim
707 1382 821 1451 join
852 1380 1111 1449 immolor,
1152 1383 1315 1453 inquit
1337 1425 1351 1447 ,
1385 1392 1430 1437 et
1457 1393 1652 1453 tempus
1692 1398 1811 1438 roso

199 1470 432 1525 Iulianis
462 1488 586 1527 mea!
615 1474 768 1525 instat
812 1474 888 1540 (2.
918 1471 1051 1531 Tim.
1080 1476 1134 1529 4.
1160 1476 1237 1545 6).
1288 1476 1441 1541 Quod
1483 1486 1662 1530 autem
1707 1477 1827 1531 istic

201 1564 380 1616 linem
415 1564 627 1618 vivemli
656 1566 864 1633 fecerit,
892 1567 1089 1620 nemini
1114 1578 1217 1621 non
1246 1578 1429 1621 notum
1452 1580 1553 1622 est.
1586 1567 1824 1637 Epistola

196 1671 431 1723 quoque
467 1656 532 1710 ad
568 1655 933 1711 Philemonem
980 1659 1118 1713 inter
1146 1669 1442 1728 postremas
1472 1672 1583 1722 est;
1641 1662 1691 1715 in
1725 1678 1821 1715 ex-

196 1755 387 1800 trema
430 1748 571 1801 enim
611 1758 889 1804 senectute
920 1751 1137 1818 scripsit
1180 1752 1325 1806 illam
1354 1770 1366 1807 :
1400 1752 1523 1807 ideo
1558 1752 1771 1808 dicebat
1805 1770 1818 1808 :

200 1835 278 1892 Ut
313 1836 517 1893 Paulus
556 1856 736 1903 senex,
782 1855 917 1895 nunc
955 1853 1122 1897 autent
1161 1845 1355 1898 vinetus
1393 1847 1443 1898 in
1472 1845 1670 1899 Christo
1694 1844 1822 1899 Iesu

1363 435 1429 490 IN
1471 432 1687 490 EPlST.
1732 431 1822 485 .\D
1865 430 2028 485 ROTd.
2076 432 2303 488 ιιοιιιι.
2342 427 2383 488 1.

196 1928 469 1998 (Philem.
510 1930 586 2003 9).
624 1932 749 1988 [huc
780 1948 941 2003 porro
987 1938 1263 2003 pra-cessit
1298 1936 1579 2005 epistolam
1620 1939 1685 1990 ad
1717 1937 1857 1991 (Συ-⁷

194 2022 488 2077 lossenses
510 2065 524 2089 ,
559 2033 615 2077 ut
642 2039 705 2079 ex
738 2026 857 2095 ejus
889 2028 993 2081 line
1019 2027 1281 2098 arguitur,
1314 2030 1399 2083 ubi
1433 2031 1511 2084 sic
1545 2031 1817 2100 loquitur:

192 2113 471 2184 Tyclticus
498 2120 668 2172 omnia
693 2118 827 2173 vobis
855 2122 1099 2185 narrabit,
1127 2136 1271 2191 quem
1294 2124 1411 2176 misi
1435 2140 1547 2177 cum
1580 2125 1819 2179 Onesimo

192 2208 352 2274 fideli
381 2219 424 2262 et
450 2211 631 2263 dilecto
649 2214 805 2281 fratre
832 2212 965 2283 (Col.
987 2220 1039 2268 4.
1064 2217 1138 2283 7).
1166 2216 1453 2270 Onesimus
1474 2228 1652 2273 autem
1676 2230 1813 2286 erat,

192 2299 367 2368 cujus
398 2304 566 2371 gratia
589 2302 653 2355 ad
682 2302 1048 2358 Philemonem
1079 2310 1293 2377 scripsit
1319 2309 1626 2377 epistolam.
1660 2312 1813 2377 Quod

194 2406 338 2444 vero
374 2408 481 2445 non
512 2393 647 2447 alios
694 2406 839 2451 esset
884 2398 978 2468 ipsi
1020 2402 1390 2468 cognominis,
1442 2413 1584 2471 patet
1610 2418 1673 2457 ex
1715 2406 1814 2459 Ar-

191 2486 408 2554 chippo
435 2504 447 2538 :
482 2502 637 2554 quem
660 2490 802 2542 enim
835 2491 884 2544 in
918 2492 1139 2559 epistola
1168 2494 1231 2546 ad
1256 2493 1627 2550 Philemonem
1657 2482 1811 2567 adju-

192 2584 383 2629 torem
430 2580 638 2645 accepit
677 2581 743 2633 ad
790 2596 902 2634 rem
948 2598 1042 2651 pro
1086 2586 1340 2639 (.‘tiesitno
1387 2586 1806 2657 impetrandam,

194 2667 351 2720 hunc
384 2682 597 2737 quoque
642 2671 695 2723 in
727 2670 949 2741 epistola
983 2673 1047 2725 ad
1089 2674 1438 2731 Colossenses
1481 2680 1680 2733 excitat
1726 2682 1808 2736 Itis

193 2760 386 2813 verbis
413 2776 426 2811 :
458 2758 624 2814 Dicite
663 2762 961 2834 Archippo:
1002 2764 1124 2820 Vide
1162 2768 1525 2836 ministerium,
1558 2773 1695 2838 quod
1721 2791 1810 2827 ac-

189 2852 415 2925 cepisti,
458 2862 511 2903 ut
550 2854 678 2907 illud
706 2858 917 2919 impleas
947 2857 966 2930 (
986 2856 1009 2910 l
1019 2859 1123 2911 bid.
1158 2874 1205 2912 υ.
1239 2861 1348 2932 17).
1381 2862 1600 2919 Videtur
1625 2876 1804 2922 autem

194 2944 334 2998 mihi
366 2947 647 3013 epistolam
675 2950 739 3002 ad
763 2948 977 3005 Galatas
1003 2967 1143 3017 eam,
1172 2970 1291 3025 quae
1314 2957 1377 3010 ad
1408 2957 1681 3016 Romanos
1701 2974 1801 3026 est,

190 3039 569 3106 prmeessisse.
604 3040 657 3093 Si
700 3051 877 3095 autem
926 3045 976 3097 in
1020 3045 1169 3099 libris
1214 3049 1373 3102 alium
1423 3050 1623 3106 habent
1661 3054 1805 3109 ordi-

189 3144 346 3191 nem,
386 3131 519 3185 nihil
551 3133 741 3186 tnirnm
770 3154 781 3188 :
812 3137 1242 3209 quandoquidem
1284 3153 1334 3195 et
1365 3142 1649 3200 duodecim
1681 3162 1803 3218 pro-

188 3222 378 3289 pheta:
413 3238 517 3275 non
549 3224 840 3279 secundum
876 3231 1132 3297 temporis
1172 3230 1415 3287 ordinem
1438 3275 1454 3300 ,
1503 3237 1597 3291 sed
1644 3238 1801 3310 longe

184 3325 356 3370 a-tate
401 3317 692 3381 distantes,
740 3318 790 3374 in
836 3320 1021 3376 Bibliis
1063 3324 1312 3379 collocati
1356 3340 1500 3382 sunt.
1535 3334 1797 3403 Aggaeus,

186 3404 491 3462 Z'rebarias
509 3421 562 3464 et
582 3412 669 3464 alii
696 3426 809 3480 post
839 3414 1171 3472 Ezechielem
1196 3428 1247 3473 et
1273 3420 1550 3479 Danielem
1571 3429 1801 3497 prephe—

189 3509 484 3566 laverunt;
518 3512 583 3556 et
602 3506 751 3558 multi
803 3521 919 3575 μηδι
951 3508 1141 3563 Jonam
1179 3523 1230 3563 et
1268 3514 1596 3582 Soplmniam
1632 3532 1796 3576 caete-

187 3607 395 3661 rosque
424 3609 633 3658 Otones,
667 3606 720 3651 et
749 3609 922 3653 tanien
954 3603 1054 3656 illis
1081 3606 1329 3660 onmibus
1352 3610 1624 3679 conjuncti
1651 3626 1795 3682 sunt,

186 3700 214 3735 a
244 3687 449 3753 quibus
476 3696 622 3741 L‘tnlu
648 3694 903 3760 temporis
924 3697 1097 3765 Spatio
1123 3709 1247 3752 sunt
1276 3700 1469 3756 dissiti.

257 3777 312 3829 2.
334 3776 509 3831 Nemo
542 3779 680 3839 hunc
708 3782 943 3839 laborem
974 3799 1123 3841 extra
1154 3805 1264 3843 rem
1295 3806 1441 3859 esse,
1464 3812 1636 3867 neque
1659 3800 1797 3857 hanc

188 3869 629 3941 disquisitionem
647 3880 972 3948 superﬂuam
991 3892 1045 3936 et
1065 3896 1129 3936 ex
1153 3883 1465 3942 curiositate
1492 3887 1601 3943 ﬁeri
1624 3903 1791 3959 putet:

186 3977 312 4016 nam
362 3967 713 4035 epistularum
745 3978 952 4039 tempus
982 3988 1087 4026 non
1118 3989 1303 4042 parum
1332 3976 1396 4031 ad
1427 3982 1645 4048 qumsita
1683 3986 1794 4039 sol-

185 4056 361 4109 venda
396 4060 624 4111 confert.
660 4060 793 4113 Cum
830 4064 974 4115 enim
1018 4064 1173 4118 video
1201 4065 1419 4121 Paulum
1452 4068 1709 4128 Ruinanis
1740 4086 1793 4129 ct

184 4148 606 4206 Colossensibus
652 4152 719 4208 de
740 4155 937 4210 iisdem
983 4158 1146 4212 rebus
1174 4162 1434 4228 scribere,
1490 4179 1662 4236 neque
1710 4177 1790 4222 ta-

187 4257 313 4297 men
345 4244 510 4298 simili
534 4246 712 4313 modo,
744 4250 836 4303 sed
860 4250 961 4303 illis
993 4267 1114 4306 cum
1139 4253 1465 4326 indulgentia
1492 4274 1704 4328 magna,
1738 4273 1793 4317 ut

186 4349 309 4386 cum
340 4336 496 4403 dicit,
541 4335 816 4407 lnﬁrmunt
859 4357 975 4397 vero
1000 4344 1052 4398 in
1080 4345 1184 4414 ﬁde
1203 4349 1464 4415 assumite,
1497 4367 1598 4403 non
1628 4353 1681 4405 in
1709 4354 1792 4406 di-

185 4429 589 4495 sceptationibus
637 4434 1067 4489 ratiociniorum:
1117 4438 1249 4491 alius
1290 4439 1494 4507 quidem
1534 4444 1692 4496 credit
1739 4461 1796 4499 se

186 4520 457 4574 comedere
492 4538 638 4586 posse
678 4525 889 4591 omnia;
928 4527 1013 4595 qui
1039 4538 1207 4581 autem
1234 4530 1469 4599 inﬁrmus
1512 4544 1583 4587 est
1606 4576 1620 4600 ,
1651 4535 1792 4589 olera

187 4611 470 4666 manducet
502 4612 679 4686 (Rom.
712 4617 799 4671 14.
836 4617 1003 4688 1.2);
1043 4620 1457 4680 Colossensibus
1501 4637 1679 4682 autem
1724 4628 1794 4684 de

189 4700 380 4761 iisdem
410 4705 574 4759 rebus
602 4722 707 4761 non
732 4709 802 4762 ita
834 4708 1086 4781 loquitur,
1114 4714 1206 4767 sed
1234 4730 1355 4769 cum
1396 4717 1584 4786 majori
1627 4720 1791 4776 liber-

192 4804 299 4848 tate
333 4814 346 4847 :
388 4816 406 4845 ι
440 4798 495 4853 Si
530 4802 723 4855 mortui
756 4803 921 4866 estis,
958 4823 976 4857 ι
1026 4805 1225 4876 inquit,
1257 4827 1277 4859 ι
1310 4825 1434 4863 cum
1468 4810 1682 4867 Christo
1725 4814 1793 4869 ab

187 4887 474 4946 clementis
494 4894 698 4961 mundi,
718 4897 1005 4954 curadhuc
1022 4908 1271 4972 tanquam
1297 4905 1542 4961 viventes
1564 4909 1614 4961 in
1640 4924 1793 4963 mun-

189 4976 259 5031 do
278 4980 575 5038 decernitis
607 5002 621 5037 :
653 4986 727 5041 Ne
747 4989 1008 5059 tetigeris,
1040 5008 1115 5048 ne
1134 4996 1455 5063 gustaveris.
1483 5012 1550 5053 ne
1579 5012 1793 5057 contre-

189 5075 605 5146 elaveris‘iqua:
650 5090 775 5133 sunt
814 5082 990 5135 omnia
1024 5085 1074 5137 in
1124 5086 1398 5142 interitum
1437 5089 1554 5159 ipso
1593 5092 1785 5157 abusu,

193 5178 297 5219 non
331 5168 383 5223 in
414 5169 621 5227 honore
648 5173 850 5244 aliquo,
884 5176 949 5230 ad
978 5180 1315 5234 saturitatem
1343 5184 1522 5237 carnis
1567 5184 1700 5254 (Col.
1732 5190 1788 5244 Et.

192 5254 381 5332 20-25)
416 5280 429 5315 :
468 5282 487 5316 ι
521 5281 625 5319 non
648 5266 806 5321 aliam
840 5271 996 5340 hujus
1025 5271 1343 5331 dillerentite
1385 5292 1601 5333 causam
1638 5282 1791 5337 inve-

193 5349 302 5413 nio,
353 5370 514 5422 quam
565 5374 743 5414 rerum
789 5371 845 5416 ct
894 5368 1149 5436 temporis
1197 5370 1582 5428 conditionem.
1634 5375 1792 5432 lnitio

194 5440 393 5513 quippe
421 5446 751 5521 indulgentia
782 5454 856 5509 uti
884 5458 1189 5526 oportebat,
1220 5464 1465 5533 sequenti
1497 5481 1626 5521 vero
1656 5478 1793 5523 tein-

196 5543 323 5598 bere
357 5554 463 5595 non
494 5543 639 5598 item.
686 5548 824 5602 Alibi
854 5567 1067 5620 quoque
1114 5553 1263 5609 illum
1295 5558 1373 5613 sic
1406 5574 1568 5629 agere
1616 5564 1786 5619 vides.

196 5620 281 5679 Sic
330 5628 509 5688 facere
558 5638 735 5693 Solent
786 5641 1023 5699 medicus
1063 5654 1117 5700 et
1155 5646 1343 5703 doctor
1384 5668 1600 5722 :ncqnc
1646 5654 1789 5712 enim

444 5822 457 5851 χ
1684 5829 1721 5835 _

458 5971 721 6041 PnnoL.
775 5983 884 6043 (in.
946 5987 1069 6051 LX.

3449 447 3557 499 3'.”

1946 560 2011 596 un
2032 542 2185 598 dirus
2211 558 2473 615 :rgrotare
2511 548 2862 620 incipientes,
2898 559 2953 606 et
2979 566 3073 606 eos
3094 596 3106 617 ,
3139 570 3228 622 qui
3276 554 3494 610 demum
3526 575 3555 608 ιι

1944 636 2135 690 morbo
2166 647 2519 703 recreantur;
2549 656 2724 710 neque
2751 642 2943 698 doctor
2973 648 3227 714 puerulos
3272 649 3469 713 simul,
3499 660 3553 703 et

1938 744 2034 782 eos
2056 730 2143 798 qui
2172 731 2480 799 perlectiori
2502 743 2664 803 egent
2699 734 2944 791 doctrina
3000 740 3111 808 pari
3143 740 3304 793 modo
3330 755 3544 796 Clll‘alll.

1944 818 2135 875 l‘aulus
2154 822 2314 893 igitur
2332 823 2453 878 aliis
2478 827 2580 879 alia
2606 827 2671 882 de
2690 844 2849 882 causa
2873 840 2927 883 et
2945 842 3265 900 argumento
3282 818 3547 890 adductus

1936 911 2299 983 scribebat(ct
2325 914 2428 970 hoc
2457 916 2715 984 declarat,
2741 936 2862 973 eum
2889 921 3187 978 Corinthiis
3209 925 3368 980 dicit:
3392 926 3467 981 De
3484 929 3547 981 iis

1935 1015 2125 1069 autent,
2149 1024 2264 1078 qua:
2289 1009 2359 1062 ad
2383 1012 2752 1082 ntescripsistis
2770 1016 2846 1087 (1.
2869 1014 2988 1070 Cor.
3005 1018 3053 1071 7.
3070 1017 3142 1089 lj;
3175 1019 3381 1075 Calatis
3414 1038 3543 1075 vero

1934 1100 2113 1152 statim
2132 1101 2200 1154 ab
2218 1103 2443 1157 exordio
2462 1114 2513 1156 et
2532 1121 2629 1175 per
2646 1118 2812 1161 totam
2834 1108 3117 1177 epistolam
3136 1111 3365 1180 idipsum
3385 1114 3525 1183 signi

1935 1190 2049 1243 licat
2076 1190 2095 1261 )
2128 1211 2138 1243 :
2170 1193 2253 1246 Itis
2283 1209 2410 1249 vero
2438 1212 2532 1249 cur
2575 1209 2629 1251 et
2677 1214 2782 1267 qua
2827 1200 2893 1255 de
2933 1216 3092 1255 causa
3125 1205 3327 1258 scribat
3372 1205 3537 1261 dicit:

1932 1297 1994 1332 ae
2040 1284 2313 1338 Iestilicari
2367 1286 2577 1341 videtur
2628 1290 2773 1358 ipsos
2816 1304 2939 1346 che
2987 1292 3225 1349 bonitate
3265 1305 3320 1349 ct
3361 1296 3539 1350 scicn-

1934 1372 2003 1425 tia
2033 1374 2180 1428 onmi
2211 1375 2503 1431 instruetos
2530 1420 2543 1443 ,
2589 1380 2677 1448 qui
2712 1393 2935 1449 possent
2973 1383 3109 1438 alios
3140 1400 3383 1441 monere.
3438 1390 3548 1442 (Zur

1930 1478 2061 1533 ergo
2100 1466 2385 1534 epistolam
2426 1469 2606 1525 misit?
2660 1470 2879 1541 l’rOpter
2908 1486 3128 1546 gratiam
3179 1476 3297 1542 Dei,
3346 1481 3544 1545 inquit,

1929 1571 2043 1621 qua:
2067 1557 2189 1610 data
2214 1569 2285 1611 est
2310 1560 2456 1625 mihi,
2492 1572 2543 1615 ut
2572 1563 2669 1617 sim
2699 1566 2928 1619 minister
2961 1566 3090 1622 Jesu
3119 1554 3309 1624 C/iristi
3332 1566 3356 1644 (
3387 1572 3540 1629 lton'.

1932 1648 2015 1703 15.
2046 1650 2111 1703 1-4
2137 1651 2174 1718 ).
2220 1651 2453 1722 Ideoque
2481 1655 2531 1708 in
2566 1658 2831 1728 principio
2860 1659 2995 1714 dixit
3026 1677 3038 1712 :
3076 1660 3285 1716 Debitor
3313 1680 3447 1727 sum,
3482 1677 3541 1717 ut

1928 1758 2021 1809 pro
2044 1742 2180 1796 virili
2211 1761 2321 1798 mea
2350 1757 2494 1814 parte
2519 1748 2657 1803 vobis
2677 1793 2690 1815 ,
2719 1753 2805 1820 qui
2833 1750 3013 1807 Iloniaa
3049 1756 3186 1817 estis.
3220 1758 3537 1830 euangeliton

1927 1836 2197 1901 pradicem
2225 1837 2387 1910 (Ibid.
2412 1841 2462 1893 1.
2498 1842 2584 1896 Η.
2608 1843 2721 1913 15).
2742 1842 2875 1899 Nam
2898 1846 3043 1901 dicta
3068 1850 3204 1918 ejus,
3234 1853 3381 1906 verbi
3410 1869 3535 1920 era-

1927 1926 2020 1990 tia,
2053 1929 2194 1997 quod
2225 1931 2432 1999 possint
2464 1933 2603 1989 alios
2628 1936 2944 2001 admouere,
2988 1951 3040 1994 et
3068 1941 3288 2010 similia,
3320 1944 3533 2002 laudem

1926 2022 2193 2090 przecipue
2213 2032 2269 2078 et
2293 2024 2726 2083 exhortationem
2760 2046 2870 2100 pra:
2903 2047 2963 2087 se
3006 2032 3220 2091 ferunt:
3252 2053 3313 2091 ac
3344 2053 3538 2094 neces-

1920 2114 2063 2167 saria
2092 2116 2253 2169 etiam
2291 2117 2372 2171 bis
2401 2130 2516 2173 erat
2539 2122 2847 2197 emendatio
2871 2140 2966 2195 per
2996 2127 3198 2185 literas.
3223 2128 3356 2197 Quia
3386 2134 3531 2187 enim

1922 2207 2156 2261 nomium
2186 2209 2364 2265 istlmc
2391 2224 2629 2280 venerat,
2654 2190 2851 2284 duplici
2881 2220 3089 2275 ratione
3112 2222 3256 2277 viros
3279 2224 3528 2292 instituit,

1919 2308 1973 2352 et
2003 2299 2283 2356 literarum
2313 2304 2542 2360 utilitate
2562 2349 2577 2372 ,
2610 2320 2664 2361 et
2691 2308 2955 2366 adventus
2990 2313 3070 2367 sui
3099 2318 3527 2386 exspectatione,

1919 2393 2040 2445 talis
2066 2394 2266 2464 quippe
2291 2408 2407 2450 erat
2441 2411 2625 2453 saneta
2654 2402 2739 2454 illa
2759 2404 2977 2460 anima:
3005 2416 3173 2462 totum
3201 2412 3530 2481 complecte-

1916 2484 2075 2540 batur
2100 2488 2312 2555 orbem,
2338 2501 2393 2545 et
2423 2507 2613 2548 omnes
2645 2509 2828 2549 secum
2858 2498 3301 2572 circumferebat,
3330 2520 3531 2577 cogna-

1917 2580 2116 2633 tionetn
2161 2584 2449 2638 maximam
2484 2588 2627 2641 illam
2663 2605 2785 2645 esse
2814 2602 3046 2661 putans,
3078 2612 3199 2667 quae
3227 2603 3527 2660 secundum

1916 2671 2082 2725 Deum
2114 2684 2196 2727 est
2232 2691 2245 2728 :
2273 2685 2435 2745 atque
2460 2678 2528 2731 ita
2564 2678 2681 2733 illos
2707 2697 2898 2737 omnes
2924 2687 3161 2755 amabat,
3191 2704 3254 2745 ac
3278 2692 3323 2746 si
3366 2708 3527 2764 pepe-

1915 2764 2092 2827 risset,
2118 2766 2225 2819 imo
2254 2768 2515 2837 majorem
2550 2788 2660 2840 pne
2688 2788 2747 2828 se
2778 2774 3010 2845 lerebat,
3038 2796 3198 2849 quam
3230 2785 3407 2855 quivis
3438 2804 3528 2857 pa-

1916 2866 2017 2921 ter,
2042 2857 2412 2916 dilectionem.
2439 2862 2584 2917 Talis
2608 2866 2751 2919 enim
2779 2878 2863 2923 est
2882 2872 3053 2940 gratia
3088 2873 3326 2945 Spiritus
3351 2894 3368 2931 :
3397 2894 3523 2934 car-

1913 2950 2064 3003 nales
2088 2961 2270 3019 partus
2288 2963 2523 3021 superat,
2548 2966 2601 3010 et
2622 2958 2990 3017 ardentiorem
3014 2965 3518 3028 exhibetaﬂ’cctum.

1916 3039 1968 3093 Id
2003 3041 2053 3094 in
2084 3043 2277 3112 primis
2303 3047 2487 3100 videre
2519 3058 2599 3103 est
2625 3040 2883 3107 in'anima
2918 3056 3091 3125 Pauli,
3118 3060 3209 3130 qui
3240 3067 3393 3134 quasi
3424 3081 3522 3121 vo-

1910 3135 2073 3187 lueris
2113 3150 2178 3190 ex
2207 3138 2432 3195 caritate
2455 3138 2650 3205 factus,
2684 3158 2874 3199 omnes
2903 3144 3218 3219 frequenter
3244 3156 3517 3228 circumit,

1907 3245 2172 3299 nusquam
2202 3247 2427 3289 manens
2457 3235 2537 3289 vel
2570 3236 2897 3294 consistens.
2926 3239 3059 3308 Quia
3089 3244 3234 3301 enim
3271 3249 3520 3309 audierat

1906 3322 2113 3377 dixisse
2151 3324 2452 3395 Christum,
2505 3325 2680 3395 l’etre,
2711 3346 2855 3385 antas
2884 3334 2997 3389 me?
3043 3352 3196 3405 pasce
3235 3354 3350 3396 oves
3376 3360 3515 3401 meas

1905 3415 2088 3486 (Joan.
2117 3416 2208 3471 21.
2232 3418 2345 3489 15),
2364 3430 2526 3489 atque
2548 3419 2690 3476 hunc
2710 3425 2943 3481 maxime
2957 3430 3198 3487 caritatis
3221 3437 3510 3494 terminum

1906 3514 2284 3580 pronuntiasse
2306 3529 2465 3584 supra
2498 3517 2716 3573 modum
2740 3520 3029 3578 exhibebat
3048 3525 3221 3583 illum.
3245 3531 3397 3589 llunc
3415 3537 3516 3607 igi-

1906 3613 1992 3657 tur
2018 3614 2072 3658 et
2100 3617 2198 3660 nos
2240 3609 2559 3664 :ennulautcs
2584 3650 2599 3676 ,
2629 3612 2671 3665 si
2706 3614 2885 3668 minus
2927 3618 3114 3673 orbem
3144 3633 3239 3677 aut
3276 3625 3514 3699 integras

1903 3696 2147 3751 civitates
2186 3698 2267 3752 vel
2312 3710 2521 3769 gentes,
2546 3702 2737 3757 saltem
2772 3707 3000 3777 quisque
3050 3711 3269 3770 domum
3328 3696 3506 3789 suam,

1902 3804 2147 3852 osorem,
2172 3789 2309 3844 ﬁlios
2330 3831 2345 3855 ,
2393 3793 2620 3859 amicos,
2653 3797 2859 3852 vicinos
2888 3810 3035 3856 recte
3062 3818 3369 3877 componat.
3405 3817 3510 3871 Nec

1902 3880 2032 3935 mihi
2062 3884 2327 3952 quispiam
2370 3885 2585 3951 dixerit,
2614 3888 2898 3957 Imperitos
2919 3909 3039 3950 sum
3070 3906 3125 3953 et
3155 3903 3323 3959 rudis.
3364 3905 3508 3965 Nihil

1902 3974 2169 4030 indoctius
2215 3977 2403 4047 Petro,
2461 3980 2595 4035 nihil
2644 3983 2948 4053 imperitius
2990 3990 3176 4049 Paulo.
3210 3996 3345 4053 Illud
3395 4002 3513 4073 ipse

1899 4082 2111 4137 quoque
2129 4069 2345 4137 fatetur,
2369 4087 2467 4126 nec
2481 4074 2643 4142 pudet
2675 4077 2823 4131 illum
2847 4079 3027 4137 dicere
3056 4102 3069 4137 :
3100 4084 3215 4139 Etsi
3242 4069 3509 4162 imperitus

1898 4176 2013 4213 sum
2034 4178 2281 4227 sermone,
2302 4164 2390 4217 sed
2422 4182 2521 4219 non
2543 4168 2754 4223 scientia
2772 4171 2848 4242 (2.
2876 4172 2996 4230 Cor.
3024 4177 3112 4232 H.
3140 4180 3219 4251 6).
3252 4186 3506 4247 Attamen

1902 4254 2182 4324 imperitus
2212 4258 2318 4324 hic,
2348 4259 2595 4317 indoctus
2618 4264 2725 4329 ille,
2761 4280 3052 4326 sescentos
3076 4274 3509 4351 viceruntphllo-

1900 4349 2101 4416 sophos
2124 4391 2138 4413 ,
2175 4350 2489 4408 innumeros
2517 4354 2765 4413 rhetores
2807 4360 2875 4415 ad
2902 4362 3179 4420 silentium
3225 4349 3510 4443 compule-

1901 4449 2044 4506 runt,
2078 4456 2177 4495 suo
2195 4443 2374 4499 studio
2397 4456 2450 4499 et
2469 4446 2557 4501 Dei
2575 4451 2744 4519 gratia
2770 4460 2939 4507 totum
2964 4470 3306 4529 peragentcs.
3335 4466 3509 4537 Quam

1898 4549 2028 4604 ergo
2076 4551 2173 4590 nos
2205 4543 2610 4598 excusationem
2666 4544 3023 4619 habebimus,
3066 4557 3160 4624 qui
3208 4574 3274 4614 ne
3320 4564 3505 4634 viginti

1899 4628 2113 4696 quidem
2139 4632 2447 4688 nominibus
2474 4651 2570 4690 seu
2603 4642 2850 4707 personis
2879 4643 3211 4713 sufﬁcimus,
3249 4668 3349 4710 nec
3376 4628 3507 4714 con-

1902 4721 2268 4778 tuberualibns
2303 4728 2464 4782 utiles
2486 4732 2711 4785 smnus?
2736 4732 3002 4792 Obtcntus
3025 4740 3140 4796 haec
3163 4752 3365 4802 suntet
3395 4750 3510 4807 ina-

1900 4828 1997 4867 nes
2032 4818 2411 4874 excusationes
2446 4833 2461 4874 :
2502 4836 2675 4892 neque
2705 4826 2848 4881 enim
2892 4829 3189 4900 ignorantia
3238 4847 3291 4892 et
3331 4840 3506 4913 impe-

1899 4908 2018 4961 ritia
2035 4909 2337 4965 doctrinam
2364 4912 2683 4983 impediunt,
2702 4919 2796 4974 sed
2820 4920 3030 4991 ignavia
3049 4936 3104 4981 et
3118 4908 3507 4992 somnoleniia.

1901 5002 2013 5057 Hoc
2043 5004 2203 5075 igitur
2239 5021 2469 5063 excusso
2497 5024 2710 5079 sonmo,
2755 5029 2876 5068 cum
2910 5019 3055 5073 onmi
3081 5024 3262 5077 studio
3292 5032 3510 5099 propria

1902 5097 2140 5151 membra
2170 5114 2442 5166 curemus,
2491 5114 2547 5158 ut
2578 5115 2633 5161 et
2666 5106 2750 5161 blc
2779 5110 2948 5165 multa
2977 5114 3220 5171 fruamur
3249 5097 3511 5194 tranquil-

1900 5186 2067 5253 litate,
2113 5190 2238 5243 dum
2269 5194 2563 5250 Secundum
2599 5198 2847 5255 timorem
2896 5203 2991 5259 Dci
3020 5213 3361 5269 necessarios
3388 5186 3509 5272 ἰιοο

1901 5288 2043 5333 stros
2074 5282 2439 5351 instituemus,
2476 5298 2529 5342 et
2558 5288 2666 5345 illic
2696 5292 2979 5351 imunncra
2995 5312 3393 5373 consequamur
3415 5310 3510 5365 bo-

1902 5386 1992 5437 ua,
2026 5375 2194 5442 gratia
2218 5388 2271 5430 et
2303 5378 2633 5450 benignitate
2656 5383 2867 5441 Domini
2902 5392 3074 5446 nostri
3103 5391 3234 5450 Jesu
3276 5399 3502 5469 Christi,

1898 5478 1995 5533 per
2021 5482 2178 5537 quem
2211 5480 2263 5525 et
2294 5488 2415 5526 cum
2446 5489 2552 5543 quo
2583 5474 2730 5532 Patri
2765 5479 2932 5552 gloria
2956 5524 2971 5548 ,
3004 5487 3276 5561 simulque
3315 5507 3506 5553 sancto

1900 5558 2147 5628 Spiritui,
2180 5579 2323 5619 nunc
2349 5574 2402 5619 ct
2444 5581 2681 5640 semper,
2736 5586 2767 5626 c
2846 5574 2898 5630 in
2928 5579 3125 5635 saecula
3156 5558 3501 5649 seculorum.

1897 5654 2095 5707 Amen.

1971 5835 2021 5842 .-
