4056 6494
1371 420 1426 474 s.
1468 415 1737 472 .lOANNlS
1775 391 2242 466 (aluisos'rmu
2291 408 2605 462 .tucturzr.
2651 408 3180 464 t.‘t_)NS't‘A'.\'t'lNOP.

598 539 3220 581 Mm“-
3243 542 3316 552 _.

1930 613 2283 679 :HOMILIA
2328 616 2352 674 1
2385 611 2494 696 (α).

589 793 717 847 Cur.
740 795 788 846 l.
809 789 1001 842 Paulus
1022 802 1188 841 servus
1203 782 1324 836 Jesu
1344 779 1548 842 Christi,
1562 785 1775 829 uocatus
1793 769 2069 841 apostolus.
2091 781 2166 819 se-

666 895 895 955 gregatus
928 883 978 933 in
1008 875 1316 947 evtingelium
1337 871 1455 937 Dei,
1492 871 1546 923 2.
1576 868 1709 939 quod
1733 876 1846 919 ante
1873 863 2169 935 promiserat

667 950 763 1042 “peri
779 973 1046 1039 praphetas
1071 985 1187 1021 suos
1213 968 1264 1019 in
1292 963 1572 1032 Scripturis
1598 950 1802 1013 sanctis.

667 1072 716 1120 t.
769 1067 974 1136 Moyses
1019 1062 1171 1115 libris
1218 1059 1454 1127 quinque
1492 1071 1519 1110 a
1562 1070 1619 1108 sc
1657 1052 1868 1119 scriptis
1910 1059 2166 1114 nusquam

594 1174 784 1212 nomen
816 1171 966 1208 suum
999 1152 1287 1223 apposuit,
1329 1165 1498 1217 neque
1531 1148 1604 1199 illi
1635 1144 1722 1212 qui
1757 1157 1840 1196 res
1873 1149 1989 1206 post
2022 1138 2166 1190 illum

592 1257 770 1316 gestas
822 1246 1151 1314 scripserunt
1192 1258 1204 1293 :
1250 1239 1342 1294 sed
1403 1254 1572 1305 neque
1623 1232 1934 1290 Matina-us,
2000 1241 2168 1294 neque

587 1340 821 1392 Joannes
847 1379 860 1400 ,
896 1352 1000 1390 non
1033 1335 1237 1387 Marcus
1257 1374 1270 1395 ,
1305 1346 1410 1384 non
1441 1330 1630 1382 Lucas.
1665 1330 1731 1380 At
1760 1324 1944 1376 beatus
1973 1320 2166 1372 Paulus

591 1432 837 1484 omnibus
859 1428 1094 1499 epistolis
1116 1425 1224 1478 suis
1249 1437 1441 1476 nomen
1471 1434 1623 1474 suum
1648 1414 1936 1487 prmmittit.
1958 1408 2168 1478 Quare?

594 1525 728 1591 Quia
760 1523 832 1575 illi
867 1518 1216 1590 praiscutibus
1245 1513 1566 1575 scribebant,
1599 1521 1652 1562 ct
1682 1507 1867 1561 inutile
1901 1505 2170 1583 [uisa-etsc

592 1624 879 1685 priesentes
909 1611 1213 1672 declarare;
1245 1606 1330 1659 hic
1356 1619 1480 1658 vero
1509 1601 1689 1670 procul
1721 1599 1900 1652 literas
1931 1591 2171 1646 mittebat

589 1708 826 1776 cpistola:
874 1705 1038 1758 forma
1071 1720 1083 1756 :
1113 1710 1434 1770 quapropter
1465 1694 1763 1748 necessaria
1796 1698 1909 1744 erat
1940 1687 2170 1741 nominis

587 1802 805 1856 additio.
831 1799 882 1854 Si
906 1807 1080 1851 autem
1106 1797 1154 1847 in
1179 1790 1414 1861 Epistola
1434 1789 1496 1843 ad
1520 1787 1771 1841 llebra'os
1795 1785 1841 1837 id
1863 1799 1966 1836 non
1991 1780 2167 1842 faciat,

591 1891 879 1961 prudenter
909 1899 960 1942 et
989 1884 1216 1941 consilio
1245 1882 1385 1935 lacn.
1432 1879 1563 1946 Quia
1606 1877 1746 1931 enim
1793 1888 2012 1956 peresus
2059 1880 2172 1922 erat

591 1984 757 2051 ipsis:
784 1995 849 2034 ne
874 1996 899 2030 τι
931 1976 1207 2047 principio,
1231 1973 1412 2026 audito
1440 1971 1675 2030 nomine,
1705 1964 1934 2018 sermoni
1967 1962 2167 2014 aditum

588 2071 952 2133 «recluderent,
1007 2068 1095 2120 illo
1142 2077 1457 2134 suppresso,
1515 2061 1586 2113 uti
1635 2074 1694 2112 sc
1739 2056 2004 2116 audirent,
2055 2065 2169 2105 arte

591 2166 822 2234 pellexit.
866 2162 919 2216 Si
962 2174 1090 2213 vero
1136 2155 1405 2226 propllcta:
1448 2164 1500 2207 ct
1539 2153 1788 2206 Salomon
1823 2148 2035 2202 nomina
2077 2159 2169 2196 sua

590 2268 905 2326 opposuere,
931 2252 1082 2304 vobis
1114 2246 1499 2317 exquirendum
1532 2244 1799 2310 relinquo,
1831 2255 1926 2291 cur
1953 2237 2039 2289 alii
2074 2249 2170 2286 no-

591 2365 713 2403 men
758 2343 1129 2414 apposuerint.
1170 2339 1257 2391 alii
1303 2351 1456 2390 secus
1481 2353 1492 2386 :
1521 2351 1690 2403 neque
1717 2333 1856 2384 enim
1886 2342 2029 2397 opus
2059 2335 2169 2387 est.

591 2453 646 2494 ut
675 2439 848 2492 ontnia
879 2453 907 2488 a
939 2451 1020 2488 me
1052 2431 1329 2492 cdiscatis;
1363 2429 1456 2482 sed
1493 2425 1841 2479 laborandum
1872 2433 1921 2473 et
1953 2419 2166 2488 perqui-

594 2531 816 2584 tendum
846 2527 994 2581 vobis
1024 2536 1104 2579 est
1129 2566 1142 2587 ,
1189 2532 1244 2577 ut
1274 2537 1338 2575 ne
1380 2521 1654 2589 segniores
1683 2515 1940 2570 evadatis.
1976 2510 2171 2564 Paulus

591 2641 758 2677 servm
782 2621 905 2674 Jesu
929 2617 1136 2674 Christi.
1172 2616 1280 2669 Cur
1311 2629 1501 2666 nomen
1530 2611 1643 2673 eius
1671 2607 1965 2661 iuuuutavit
2001 2604 2136 2656 Deus
2155 2643 2169 2664 ,

592 2729 645 2768 et
695 2714 910 2767 Saulum
946 2707 1150 2761 vocavit
1193 2703 1453 2758 Paulum?
1499 2699 1573 2754 Ne
1618 2701 1715 2751 hac
1755 2697 1911 2749 etiam
1946 2697 1994 2745 iu
2027 2704 2173 2760 parte

593 2804 848 2872 apostolis
899 2801 1113 2854 inferior
1157 2797 1468 2854 haberetur;
1517 2793 1608 2844 sed
1657 2801 1710 2840 ut
1759 2790 1982 2855 idipsum
2035 2802 2170 2853 pra:-

594 2897 845 2969 rogativa:
891 2895 1148 2952 haberet,
1197 2889 1335 2958 quod
1388 2885 1768 2954 discipulorum
1819 2883 2170 2952 corypha-us,

600 2991 826 3057 liocque
849 2990 1043 3038 arctius
1065 2983 1224 3038 canui
1244 2983 1573 3050 jungm-tur.
1597 2977 1789 3028 Christi
1815 2992 1938 3028 vero
1958 2989 2170 3024 Scl‘Vlllll

595 3101 652 3140 se
683 3102 785 3135 non
815 3081 926 3134 sine
953 3094 1109 3132 causa
1131 3077 1301 3130 dixit:
1330 3074 1477 3127 multi
1509 3087 1735 3138 namque
1760 3078 1882 3122 sunt
1908 3066 2174 3119 servitutis

599 3176 738 3229 modi
777 3174 953 3226 :alius
998 3170 1285 3225 secundum
1334 3167 1695 3228 creationem,
1748 3164 1814 3216 de
1864 3179 1966 3230 quo
2009 3160 2171 3212 du-it:

601 3271 782 3322 Omnia
810 3268 1026 3320 serviunt
1054 3265 1140 3316 tibi
1170 3261 1340 3327 (Psul.
1373 3259 1490 3312 118.
1521 3259 1648 3324 2H);
1689 3259 1951 3322 itemqno,
1988 3254 2175 3306 Servus

601 3379 735 3415 mens
762 3358 1226 3412 Nabuchodonosor
1247 3351 1377 3422 (λεν.
1403 3351 1491 3404 25.
1515 3348 1608 3418 9);
1639 3363 1772 3414 Opus
1800 3360 2026 3414 natoque
2059 3345 2174 3411 opi-

604 3456 684 3506 tiri
717 3467 924 3505 smvmn
972 3458 1071 3502 est.
1102 3449 1249 3500 Alius
1279 3443 1466 3496 modus
1507 3451 1585 3494 est
1614 3458 1639 3490 a
1677 3441 1776 3491 tidc
1797 3481 1810 3502 ,
1839 3438 1905 3490 de
1934 3453 2033 3505 qua
2065 3439 2172 3488 ait:

599 3544 778 3598 Cmtia
805 3550 969 3593 autent
1009 3538 1144 3599 Deo,
1178 3536 1294 3606 quia
1335 3533 1464 3586 servi
1492 3533 1643 3584 eratis
1673 3540 1874 3597 peccato
1895 3570 1910 3588 ,
1942 3528 2176 3579 obedistis

599 3647 764 3688 tndem
796 3650 854 3686 ex
873 3631 1042 3695 corde,
1068 3631 1119 3682 in
1150 3643 1298 3698 quant
1330 3624 1501 3678 traditi
1523 3633 1641 3676 estis
1670 3623 1912 3673 doctrina:
1935 3622 2172 3686 formam,

600 3743 643 3782 et
671 3727 864 3781 liberati
895 3743 925 3776 a
965 3733 1188 3792 peccato,
1221 3719 1345 3773 serui
1373 3717 1497 3788 facti
1528 3717 1643 3768 estis
1674 3714 1886 3782 justitia:
1916 3710 2088 3783 (Rom.
2121 3714 2173 3761 tl.

604 3821 714 3890 l7).
749 3821 894 3871 Alius
925 3832 952 3868 a
981 3819 1095 3867 vitae
1130 3813 1388 3874 instituto,
1419 3809 1486 3862 de
1516 3823 1622 3876 quo
1651 3808 1723 3858 ait
1748 3824 1759 3858 :
1789 3804 1988 3873 Moyses
2009 3819 2178 3855 servus

604 3929 740 3963 meus
781 3918 1002 3959 mortuus
1044 3914 1114 3956 est
1162 3900 1294 3972 (los.
1343 3901 1392 3952 1.
1426 3899 1480 3968 2)
1516 3913 1873 3965 :quaniquam
1917 3904 1970 3947 et
2010 3893 2176 3946 Judaei

602 4018 789 4057 ontnes
818 4004 956 4053 ειτνί
989 4005 1174 4059 crant;
1205 3994 1298 4048 scd
1327 3993 1534 4060 Moyses
1566 3990 1616 4042 in
1646 3990 1829 4060 primis
1855 4004 1918 4041 ex
1949 3987 2066 4039 \‘ilzt'.
2096 3988 2176 4038 iu-

604 4098 790 4149 stituto
835 4088 1166 4159 splendebat.
1196 4085 1453 4151 Quoniam
1505 4081 1662 4151 igitur
1701 4080 1892 4134 Paulus
1934 4077 2180 4131 onmibus

603 4184 871 4240 sorvitutis
897 4182 1066 4232 modis
1095 4190 1279 4231 servus
1309 4183 1422 4228 erat
1447 4217 1460 4238 ,
1495 4173 1762 4242 dignitatis
1791 4171 2034 4222 tuuxima:
2063 4170 2179 4222 loco

606 4279 754 4348 punit
781 4274 926 4338 illud,
961 4272 1144 4325 Servus
1169 4269 1290 4320 Jesu
1310 4265 1502 4320 Christi
1528 4276 1618 4318 :et
1644 4262 2056 4330 dispensationis
2087 4277 2180 4312 uo-

605 4375 746 4426 mina
767 4366 1027 4430 obtendit,
1048 4363 1113 4414 ab
1131 4360 1465 4415 inferioribus
1485 4359 1548 4409 ad
1572 4358 1841 4425 superiora
1861 4356 2177 4408 aSt-cndens.

604 4468 808 4521 Nomen
857 4462 1050 4530 quippe
1093 4456 1217 4510 Jesu
1265 4455 1438 4507 {cretis
1477 4449 1868 4520 angelusvenit
1911 4448 1975 4502 de
2014 4449 2178 4509 Catlis,

607 4554 818 4628 quando
849 4554 932 4606 ille
970 4558 1122 4603 natus
1151 4554 1232 4601 est
1260 4547 1327 4598 de
1363 4543 1607 4611 Virgine;
1640 4541 1883 4594 Christus
1910 4549 2086 4592 autem
2117 4539 2183 4591 ab

608 4652 858 4704 ιιιιοιίοιὶυ
886 4643 1101 4698 dicitur.
1129 4639 1268 4708 quod
1303 4637 1462 4690 etiarn
1488 4649 1663 4688 carnis
1689 4645 1824 4689 erat.
1858 4634 1922 4686 Et
1949 4648 2074 4700 quo,
2109 4633 2182 4685 in-

606 4749 778 4812 quies,
810 4739 928 4793 oleo
958 4747 1146 4788 unctus
1175 4731 1292 4788 est?
1322 4730 1451 4783 Oleo
1480 4729 1692 4798 quidem
1725 4742 1826 4780 non
1861 4735 2048 4780 unctus
2079 4736 2178 4789 est,

609 4838 702 4897 sed
732 4834 928 4902 Spiritu
957 4848 968 4882 :
994 4831 1127 4880 solet
1154 4835 1330 4879 autem
1362 4823 1628 4891 Scriptura
1666 4819 1964 4888 hujnsmodi
2000 4828 2186 4872 unctos

610 4942 803 4982 Vocare
849 4923 1099 4976 cbristos.
1149 4919 1201 4970 In
1248 4917 1492 4968 unctione
1537 4915 1764 4983 quippe,
1812 4913 1952 4982 quod
2004 4913 2186 4980 pra-ci-

611 5033 795 5086 ]‘uum,
823 5014 1052 5082 Spiritus
1082 5017 1159 5062 est
1184 5023 1196 5069 ;
1230 5007 1349 5060 ideo
1376 5016 1427 5058 et
1455 5007 1625 5058 oleum
1653 5006 1954 5056 assumitur.
1985 5005 2051 5057 Et
2075 5005 2189 5057 ubi-

606 5129 731 5168 nam
764 5107 993 5164 christos
1016 5112 1169 5156 vocat
1192 5116 1304 5160 eos,
1335 5099 1420 5167 qui
1450 5113 1553 5150 non
1581 5108 1702 5149 sunt
1728 5097 1846 5149 oleo
1876 5097 2059 5150 uin-ti?
2087 5097 2185 5152 Ubi

610 5208 756 5267 dicit,
784 5201 952 5256 Nolite
978 5209 1178 5264 tangere
1203 5193 1412 5245 christos
1443 5207 1594 5253 meos,
1628 5199 1672 5241 et
1703 5190 1752 5240 in
1782 5190 2037 5257 proli/ictis
2068 5191 2187 5240 meis

616 5289 1050 5360 nolitemaliguari
1080 5283 1247 5356 (Psat.
1275 5283 1390 5336 104.
1420 5280 1526 5348 15).
1551 5279 1701 5334 Tunc
1721 5281 1859 5334 enim
1888 5279 2059 5332 nullus
2076 5290 2191 5334 erat

614 5391 678 5441 ad
697 5387 993 5440 unctionem
1014 5379 1112 5431 olei
1132 5383 1435 5444 apparatus.
1461 5372 1675 5425 Vocatus
1690 5373 1965 5440 apostolus.
1985 5371 2189 5441 Ubique

615 5497 675 5539 se
707 5491 938 5531 νηωιυηι
971 5472 1236 5544 appellat,
1268 5477 1472 5536 gratum
1505 5467 1735 5519 animum
1767 5466 2060 5530 exhibens,
2112 5470 2190 5520 in-

613 5576 907 5638 αίιτιιιιείμιε
933 5584 990 5621 sc
1023 5583 1125 5616 non
1159 5569 1481 5631 qua-rentem
1511 5558 1794 5618 invenisse,
1825 5560 1914 5612 sed
1946 5569 2186 5612 vocatum

615 5664 933 5721 obedivisse.
969 5657 1176 5712 Fideles
1205 5669 1331 5708 vero
1356 5652 1432 5706 sic
1461 5651 1708 5718 appellat,
1742 5663 1936 5703 vocatos
1966 5664 2185 5705 sanrtos.

679 5756 750 5819 (α)
776 5757 987 5804 Sa‘ilius
1010 5755 1234 5821 homilias
1266 5755 1409 5821 hasce
1439 5751 1664 5821 inscribit
1689 5752 1854 5812 λόγους
1879 5753 2183 5821 (sermones).

615 5812 934 5879 Mitiuscripti
959 5816 1041 5865 alii
1074 5821 1254 5871 iovem.
1281 5817 1364 5865 alii
1390 5817 1592 5874 ὁμιλίας.
1627 5816 1757 5862 liene
1779 5825 1940 5862 autem
1968 5812 2190 5861 Humilia,-

617 5882 967 5936 inscribuntur,
1007 5889 1057 5927 ut
1085 5884 1133 5943 ei,
1162 5886 1351 5927 tit-tera:
1375 5881 1431 5925 ad
1458 5881 1695 5941 popu'um
1725 5880 1985 5924 conciones

2275 760 2352 814 ΙΙΙὶ
2387 777 2612 831 namque
2659 762 2725 816 ad
2770 764 2928 817 tidem
2974 763 3148 817 vocati
3190 772 3344 824 sunt;
3396 761 3518 816 huic
3558 775 3688 814 vero
3731 759 3878 810 aliud

2273 855 2660 916 t'micrcditum.
2683 856 3012 925 apostolatus
3036 872 3248 923 nempe,
3275 872 3362 930 res
3389 855 3692 909 innumeris
3718 860 3878 922 plena

2276 945 2462 1008 bouis,
2511 947 2648 1000 dona
2696 948 2872 1000 munia
2927 962 3188 1014 snperans
3239 948 3431 1015 illaque
3475 947 3877 1016 complectens.

2274 1039 2474 1105 licipiid
2498 1050 2579 1094 est
2603 1041 2736 1095 ultra
2761 1040 3065 1106 dicendum,
3093 1040 3192 1092 nisi
3217 1039 3354 1112 quod
3373 1054 3456 1098 ea.
3479 1054 3601 1108 qua:
3626 1039 3883 1091 (Lbrisnrs

2275 1133 2494 1187 veniens
2527 1135 2680 1197 fecit,
2724 1133 3030 1203 demigrans
3064 1133 3168 1186 illis
3199 1132 3500 1186 Commisit?
3533 1134 3583 1184 Id
3618 1133 3879 1199 estquod

2272 1225 2430 1278 etiam
2491 1226 2683 1279 Paulus
2731 1226 2969 1280 clamans
3019 1237 3070 1279 cl
3128 1227 3488 1295 apostolorum
3543 1224 3867 1293 dignitatem

2273 1319 2537 1373 exmllens
2564 1320 2729 1372 dicit:
2754 1319 2862 1371 'Pro
2889 1319 3090 1373 Christo
3126 1320 3376 1388 legatione
3413 1319 3695 1387 fungimur,
3725 1316 3879 1387 quasi

2274 1410 2385 1465 Deo
2415 1413 2710 1465 exhortante
2740 1429 2827 1481 per
2864 1429 2955 1464 nos
2985 1411 3063 1480 (‘2.
3099 1411 3217 1465 Cor.
3251 1412 3303 1466 5.
3335 1411 3464 1474 ‘20);
3517 1411 3564 1464 id
3608 1421 3715 1475 est,
3753 1412 3876 1463 vice

2273 1504 2493 1558 Christi.
2529 1504 2832 1575 Segregatns
2859 1511 2908 1557 in
2932 1505 3245 1575 evangelium
3271 1505 3380 1558 Dei.
3401 1505 3876 1572 Quemadmodum

2276 1599 2326 1651 in
2359 1600 2518 1652 domo
2545 1599 2607 1652 ad
2641 1598 2854 1653 diversa
2886 1614 3048 1667 opera
3082 1599 3272 1667 singuli
3303 1599 3561 1667 segregati
3590 1610 3719 1652 Sunt
3753 1617 3765 1648 :
3797 1599 3876 1650 sic

2277 1693 2327 1745 in
2374 1693 2607 1746 Ecclesia
2640 1693 2852 1746 diversa
2881 1704 3003 1746 sunt
3046 1693 3323 1746 distributa
3358 1692 3677 1746 ministeria.
3712 1690 3878 1744 Vide-

2276 1797 2363 1839 tur
2392 1801 2550 1854 porro
2578 1786 2702 1837 mihi
2734 1786 2818 1839 liic
2846 1803 2950 1838 non
2982 1786 3150 1854 ipsam
3181 1796 3377 1839 Sortem
3408 1784 3697 1854 signiIiCari
3725 1827 3741 1847 ,
3778 1783 3874 1837 sed

2269 1880 2376 1948 jam
2402 1878 2528 1931 olim
2559 1879 2728 1946 ipsum
2757 1878 2822 1930 ad
2852 1880 2951 1932 hoc
2981 1878 3293 1946 deputatum
3328 1878 3486 1930 l'uisso
3517 1879 3684 1929 inuui.
3714 1877 3871 1944 Quod

2273 1972 2431 2024 etiam
2476 1970 2734 2024 Jercmias
2777 1974 2849 2023 ait
2895 1971 2961 2024 de
3007 1985 3066 2024 se
3107 1970 3306 2024 dixisse
3352 1970 3519 2024 Deum
3546 1987 3558 2020 :
3586 1971 3872 2036 Antequam

2271 2064 2436 2116 exii-es
2465 2061 2526 2114 de
2552 2063 2696 2114 vulva
2717 2105 2728 2122 ,
2764 2062 3079 2130 sancti/icari
3109 2072 3182 2117 te.
3219 2063 3514 2131 praplietum
3557 2062 3606 2111 in
3640 2060 3873 2128 gentibus

2277 2158 2421 2221 posui
2444 2166 2487 2204 te
2509 2153 2643 2221 (Jcr.
2673 2157 2721 2206 l.
2753 2154 2830 2220 5).
2851 2153 2981 2220 Quia
3006 2154 3146 2206 enim
3176 2152 3241 2206 ad
3271 2162 3608 2221 arrogantem
3643 2165 3696 2204 et
3733 2156 3871 2204 fastu

2280 2249 2488 2315 plenam
2524 2247 2707 2299 urbem
2741 2246 3042 2308 scribebat,
3094 2244 3175 2298 liis
3216 2244 3463 2297 munibus
3505 2245 3742 2297 ostendit
3780 2245 3868 2296 Dci

2274 2357 2392 2394 essu!
2421 2340 2809 2393 ordinationem
2838 2358 2848 2392 :
2876 2339 3072 2393 etenim
3121 2338 3234 2407 ip~e
3273 2339 3522 2401 vocavit,
3557 2346 3609 2390 et
3643 2337 3756 2406 ipse
3789 2353 3871 2390 se-

2276 2432 2532 2502 gregavit.
2569 2432 2676 2485 lloc
2699 2440 2872 2484 autem
2889 2430 3043 2492 .facit,
3067 2442 3116 2482 ut
3142 2432 3247 2482 title
3269 2430 3480 2497 dignam
3511 2440 3565 2482 ct
3590 2438 3865 2497 acceptam

2276 2525 2464 2580 reddat
2506 2525 2808 2594 epistolam.
2844 2522 3252 2593 ln‘evangelium
3287 2521 3400 2574 Dei.
3429 2521 3544 2575 Non
3575 2537 3706 2588 ergo
3733 2521 3865 2574 Mat-

2278 2617 2446 2670 threus
2473 2626 2674 2670 tantum
2705 2627 2756 2668 et
2788 2616 2997 2670 Marcus
3025 2626 3150 2670 sunt
3179 2615 3517 2682 evangelista!
3541 2657 3554 2678 ,
3603 2624 3661 2668 ut
3696 2631 3868 2683 neque

2280 2711 2364 2765 hic
2390 2710 2533 2763 solus
2561 2719 2640 2763 est
2669 2710 2961 2779 apostolus.
2992 2709 3085 2762 sed
3117 2709 3275 2762 etiam
3297 2707 3411 2771 illi;
3439 2709 3538 2761 etsi
3573 2725 3668 2776 per
3695 2709 3870 2762 excel-

2278 2803 2494 2858 lcutiam
2519 2803 2604 2856 hic
2625 2803 2923 2872 apostolus,
2946 2802 3018 2856 illi
3038 2803 3377 2871 evangelista:
3398 2815 3674 2855 vocentur.
3702 2803 3869 2854 limu-

2279 2895 2474 2966 gelium
2506 2911 2632 2949 vero
2661 2897 2831 2964 ipsum
2859 2910 3014 2949 vocat
3044 2911 3148 2948 non
3179 2894 3248 2947 ob
3268 2895 3378 2963 jam
3401 2895 3551 2947 illata
3587 2894 3722 2947 bona
3755 2907 3868 2946 tan-

2279 2998 2409 3052 tum,
2438 2987 2532 3042 sed
2565 2988 2722 3041 etiam
2753 2987 2821 3040 ob
2849 2986 3042 3040 futura.
3071 2986 3351 3053 QuOmodo
3377 3002 3553 3039 autem
3581 2986 3751 3039 Deum
3778 3002 3870 3053 per

2280 3082 2449 3150 ipsum
2479 3082 2830 3149 evangelizari
2859 3082 2967 3135 ait?
2993 3097 3114 3134 nam
3138 3081 3285 3144 dicit,
3310 3081 3616 3150 Segregntus
3642 3082 3694 3133 in
3722 3098 3871 3134 eritn-

2280 3176 2464 3235 aelium
2505 3173 2598 3226 Dei
2624 3191 2640 3227 :
2666 3175 2821 3227 Pater
2863 3177 3004 3228 enim
3046 3183 3169 3227 ante
3212 3174 3484 3242 evangelia
3533 3183 3693 3226 notus
3733 3185 3869 3226 erat.

2283 3268 2477 3321 Verum
2505 3268 2601 3321 etsi
2635 3276 2791 3320 notus
2820 3275 2954 3329 erat,
2985 3266 3182 3321 Juda‘is
3211 3275 3436 3330 tantum,
3459 3278 3512 3318 et
3540 3283 3608 3320 nc
3640 3267 3722 3318 bis
3752 3267 3872 3336 qui—

2279 3360 2400 3415 dem
2429 3361 2694 3422 oinnihus.
2731 3371 2788 3414 ut
2816 3376 2910 3428 par
2934 3357 3120 3413 fuiSset
3147 3375 3160 3411 :
3187 3373 3358 3428 neque
3383 3359 3524 3412 enim
3553 3359 3730 3427 ipsum
3753 3375 3872 3414 esse

2283 3453 2491 3506 Patrem
2524 3453 2785 3516 sciebant,
2819 3463 2873 3505 et
2900 3451 3061 3505 multa
3092 3450 3179 3504 illo
3210 3449 3422 3519 indigna
3452 3459 3575 3503 tunc
3610 3451 3872 3515 imagiua-

2283 3547 2494 3600 buntur.
2523 3547 2644 3601 Ideo
2669 3547 2877 3600 diccbat
2894 3544 3166 3599 Christus:
3192 3541 3403 3600 Venient
3424 3543 3526 3593 veri
3541 3542 3871 3603 adorator“;

2281 3650 2333 3693 et
2357 3681 2371 3702 ,
2428 3639 2576 3690 Pater
2620 3639 2744 3691 tales
2785 3639 2962 3706 quierit
3003 3636 3081 3690 sui
3124 3634 3420 3688 adoratores
3452 3632 3632 3703 (Joan.
3669 3634 3719 3688 ι.
3752 3633 3869 3702 ‘25).

2283 3734 2503 3786 Deinum
2538 3738 2714 3782 autem
2761 3731 2874 3798 ipse
2904 3745 3023 3783 cum
3059 3728 3193 3782 Filio
3222 3727 3337 3781 orbi
3370 3726 3463 3780 toti
3498 3726 3871 3780 manili-status

2283 3835 2384 3877 est.
2416 3823 2566 3891 Quod
2608 3822 2972 3891 prmmmtians
2995 3819 3268 3882 Christus,
3301 3819 3513 3873 diccbat
3539 3836 3551 3874 :
3581 3818 3647 3873 Ut
3677 3837 3868 3892 cogno-

2284 3925 2424 3968 scant
2468 3927 2512 3967 te
2547 3913 2708 3976 solum
2751 3929 2920 3965 verum
2965 3911 3148 3978 Deum,
3193 3920 3238 3963 et
3280 3927 3426 3979 quem
3466 3910 3645 3964 misisti
3691 3909 3872 3963 Iesum

2283 4005 2538 4061 Christum
2589 4004 2697 4074 (Id.
2731 4006 2814 4058 17.
2846 4003 2922 4073 5).
2973 4002 3319 4071 Evangelinm
3359 4002 3662 4056 antentDei
3693 4014 3869 4063 vocnt.

2284 4100 2350 4151 ab
2400 4098 2626 4151 exordio
2674 4098 2886 4165 erigens
2933 4095 3250 4150 auditorem.
3301 4091 3485 4164 Neque
3530 4096 3673 4147 enim
3729 4097 3873 4149 venit

2287 4191 2433 4242 triste
2465 4190 2732 4257 quidpiam
2763 4188 3127 4247 nuntiaturus,
3171 4193 3229 4237 ut
3261 4184 3554 4253 prOphetzr,
3587 4187 3829 4239 convicia
3854 4228 3868 4249 ,

2286 4284 2649 4336 accusationes
2677 4325 2691 4343 ,
2741 4281 3158 4348 increpationcs;
3193 4279 3286 4334 sed
3319 4279 3592 4348 evangelia
3628 4289 3680 4332 ct
3711 4294 3873 4332 evan-

2288 4375 2426 4443 gelia
2464 4375 2550 4426 Dei
2576 4415 2588 4436 ,
2637 4374 2908 4426 Itrmorum
2940 4380 2991 4425 et
3020 4370 3426 4424 immutabilium
3460 4370 3721 4422 bonorum
3752 4372 3868 4425 the-

2285 4482 2474 4521 sauros
2495 4463 2749 4520 inﬁnitos.
2775 4465 2828 4518 2.
2853 4464 3004 4530 Quod
3028 4475 3146 4517 ante
3171 4467 3471 4533 promiserat
3493 4479 3583 4532 per
3602 4465 3873 4533 prophetas

2288 4575 2402 4611 suos
2423 4560 2473 4610 in
2497 4559 2777 4628 Scripturis
2807 4561 3010 4611 sanctis.
3041 4557 3284 4610 Dominus
3311 4557 3453 4612 enim
3483 4556 3646 4619 dabit,
3679 4557 3870 4626 inquit,

2286 4651 2485 4703 verbum
2531 4650 2985 4720 euangelizantiqu
3011 4652 3190 4705 virtute
3218 4652 3375 4703 multa
3418 4647 3593 4717 (Psul.
3626 4651 3716 4703 (i7.
3758 4649 3870 4712 t2);

2289 4756 2340 4797 et
2372 4761 2600 4806 rursum,
2635 4746 2798 4810 Quam
2820 4745 3029 4814 speciosi
3055 4744 3203 4812 pedes
3230 4742 3874 4814 euangelizantiumpacem

2290 4841 2437 4908 (om.
2468 4839 2555 4894 52.
2591 4839 2679 4909 7)!

2359 4934 2413 4987 2.
2450 4933 2636 4985 Viden‘
2663 4934 2860 4985 diserte
2888 4929 3145 5000 evangelii
3177 4938 3231 4982 et
3258 4944 3451 4982 nomen
3491 4941 3544 4982 et
3572 4930 3792 4982 modum
3826 4932 3872 4980 in

2291 5026 2468 5080 \‘elcri
2498 5027 2843 5080 Testamento
2873 5020 3266 5092 positmn?Nou
3290 5021 3431 5074 enim
3459 5022 3624 5074 verbo
3651 5032 3870 5081 tantum,

2292 5121 2479 5188 inquit,
2511 5118 2639 5171 illud
2671 5115 3044 5185 praedicamus,
3069 5113 3160 5167 scd
3189 5113 3348 5167 etiam
3375 5113 3661 5181 operibus;
3699 5113 3740 5164 si
3766 5116 3868 5178 qui-

2290 5212 2407 5264 dein
2443 5227 2545 5263 non
2581 5210 2868 5261 limuauom
2899 5217 3048 5270 erat,
3091 5207 3182 5260 sed
3231 5206 3468 5258 divinum
3496 5244 3511 5267 ,
3544 5219 3798 5257 arcanum:
3826 5213 3876 5254 et

2291 5319 2500 5356 onmem
2531 5315 2790 5370 superans
2825 5311 3085 5353 naturam.
3108 5299 3238 5365 Quia
3266 5314 3396 5351 vero
3426 5298 3674 5349 novitmis
3708 5300 3871 5363 ipsum

2291 5396 2648 5460 accusabant,
2696 5394 2930 5447 ostendit
2961 5392 3084 5445 illud
3117 5407 3235 5445 esse
3264 5389 3466 5444 Crmcis
3496 5391 3797 5458 antiquius.
3825 5396 3877 5442 t-t

2292 5506 2318 5540 a
2355 5489 2629 5557 prophetis
2660 5487 2800 5555 prius
2831 5481 3377 5552 descriptum-luisse.
3412 5481 3562 5548 Quod
3597 5484 3639 5532 si
3678 5497 3780 5532 non
3811 5479 3873 5531 ab

2296 5585 2444 5636 initio
2474 5581 2639 5644 dedit,
2669 5583 2718 5633 in
2744 5595 2898 5631 causa
2921 5589 3044 5629 sunt
3066 5581 3154 5643 qui
3179 5574 3228 5627 id
3256 5575 3535 5627 noluerunt
3561 5572 3865 5630 admittere:

2297 5696 2413 5728 lmltt
2462 5678 2549 5744 qui
2596 5676 2908 5731 \tilllCI'lllll,
2952 5670 3189 5722 muliere.
3234 5669 3488 5720 Abraham
3519 5677 3664 5733 pater
3691 5678 3855 5731 rester,

2295 5773 2494 5839 inquit,
2546 5769 2838 5828 t’j‘sultut'tt,
2887 5777 2936 5816 ut
2982 5764 3164 5815 rideret
3206 5763 3336 5815 diem
3379 5777 3580 5822 meum;
3615 5774 3659 5812 et
3690 5762 3804 5813 vidit
3831 5770 3871 5810 rt

2296 5866 2492 5933 gini-ius
2524 5874 2591 5914 est
2637 5861 2812 5912 lJoun.
2849 5861 2898 5912 tl.
2935 5857 3045 5928 56).
3088 5854 3366 5925 Quomodo
3398 5854 3554 5922 igitur
3579 5853 3650 5906 ait
3682 5874 3694 5905 ;
3735 5846 3872 5901 Πινεηί
