4056 6506
244 465 373 522 397

245 580 530 651 propheta:
557 587 604 634 ct
621 576 754 648 justi
785 575 1047 630 voluerunt
1079 575 1271 636 videre,
1317 587 1430 642 qua:
1461 587 1546 624 vos
1575 569 1753 622 videtis
1772 607 1786 632 ,
1814 572 1862 619 et

243 691 366 727 non
401 675 629 727 viderunt
665 669 878 740 (Matth.
911 671 996 725 15.
1035 669 1170 740 ·17)Ὶ
1201 666 1274 721 Ita
1304 664 1540 726 scilicet,
1574 664 1765 730 inquit,
1800 668 1856 713 ut

240 780 360 819 vos
416 765 606 818 videtis
653 773 708 817 et
753 761 969 825 auditis,
1019 761 1188 829 ipsam
1233 771 1475 818 carnem,
1527 755 1639 823 ipsa
1683 753 1858 821 signa,

239 858 436 911 oculis
497 866 765 926 percepta.
826 855 904 908 Tu
955 868 1083 906 vero
1131 852 1257 903 mihi
1306 849 1618 903 Consideres
1666 845 1856 908 velim,

237 958 463 1019 quanto
510 958 665 1002 antea
710 959 949 1016 tempore
994 945 1109 998 bare
1158 945 1407 1013 prardicta
1459 942 1652 995 l'ncrint
1685 957 1697 990 :
1735 953 1854 1000 nam

237 1057 382 1094 eum
423 1041 561 1094 Deus
592 1055 782 1109 magna
813 1038 1057 1108 quaedam
1085 1047 1438 1106 apparaturus
1468 1044 1571 1098 est,
1604 1049 1663 1089 ea
1690 1031 1857 1096 multo

240 1145 390 1188 ante
433 1146 674 1202 tempore
715 1133 1069 1202 prtt'lltllltiztl,
1116 1147 1274 1185 aures
1321 1144 1627 1199 prmparans
1669 1126 1732 1180 ad
1767 1125 1856 1179 illa

236 1228 597 1294 excipienda.
653 1224 712 1278 In
754 1224 1038 1294 Scripturis
1078 1227 1284 1277 sanctis.
1319 1221 1433 1274 Non
1480 1230 1681 1275 t:mtmn
1711 1219 1854 1272 enim

232 1319 510 1371 dicebant
549 1319 861 1387 propbclm,
905 1317 998 1371 sed
1028 1316 1330 1369 scribebant
1364 1316 1525 1367 etiam
1560 1313 1646 1365 illa
1676 1355 1688 1376 ,
1732 1325 1853 1377 quin

233 1412 611 1481 loquebantur
639 1429 650 1463 :
683 1425 779 1465 nec
806 1411 1109 1463 scribebant
1135 1407 1332 1470 solum,
1360 1406 1453 1459 srd
1485 1421 1576 1475 per
1604 1419 1689 1458 res
1723 1404 1856 1473 lign-

235 1505 478 1568 rabant;
527 1515 581 1558 nt
629 1519 750 1558 cum
793 1503 1060 1557 Abraham
1097 1504 1242 1556 Isaac
1267 1502 1524 1564 deceret,
1564 1509 1618 1556 et
1645 1500 1857 1569 Moyses

231 1608 566 1665 serpentem
623 1596 928 1657 exultaret,
979 1609 1172 1648 mantis
1227 1595 1544 1646 extenderet
1597 1593 1856 1646 adversus

232 1690 505 1752 Amalec,
549 1699 604 1743 et
650 1705 846 1759 agnum
877 1688 1181 1758 paschaletn
1215 1688 1537 1740 inunolaret.
1568 1685 1620 1739 5.
1651 1683 1724 1737 De
1747 1685 1855 1752 ﬁlio

228 1797 336 1836 suo
365 1824 380 1846 ,
410 1782 497 1852 qui
538 1793 686 1834 natus
717 1792 788 1834 est
816 1781 879 1834 de
906 1781 1094 1834 semine
1123 1778 1291 1832 Darid
1320 1778 1594 1833 secundum
1627 1795 1850 1831 carnem.

229 1875 388 1942 Quid
424 1876 552 1930 lacis
573 1919 587 1942 ,
623 1874 822 1930 Paule?
850 1886 1133 1945 postquam
1177 1874 1388 1927 animos
1430 1883 1645 1925 uestros
1677 1874 1726 1925 in
1757 1887 1850 1924 su-

231 1968 416 2022 lilitne
449 1968 740 2021 subvexisti
763 2009 778 2032 ,
824 1983 887 2020 ac
919 1984 1106 2036 magna
1139 1981 1441 2031 arcanaque
1486 1965 1850 2032 imaginatioui

228 2065 530 2128 obtulisti,
572 2072 625 2118 ct
670 2063 1005 2133 evangelium
1051 2061 1397 2120 memorasti,
1441 2076 1502 2111 ac
1556 2060 1644 2112 Dei
1692 2076 1851 2111 (ει-ηει-

230 2159 491 2227 grlium,
540 2159 628 2212 ubi
677 2159 800 2211 item
850 2158 1076 2212 chorum
1133 2155 1513 2224 prupltelm‘ttttl
1571 2154 1848 2217 induxisti,

228 2254 545 2321 omnesque
604 2251 787 2305 multis
845 2259 968 2304 ante
1019 2250 1174 2302 annis
1233 2248 1407 2300 fututa
1463 2251 1852 2316 pra-nuntiasse

233 2346 534 2401 ostendisti
563 2364 575 2398 :
599 2361 855 2416 quorsum
883 2361 1067 2398 rursus
1098 2362 1193 2396 nos
1223 2344 1447 2398 adducis
1468 2343 1530 2395 ad
1558 2342 1852 2395 Itavidrm?

228 2441 304 2496 de
335 2455 602 2510 quonam,
633 2456 835 2508 ιμιειεμιι,
869 2440 1085 2492 homine
1113 2438 1372 2507 loqueris,
1404 2437 1487 2490 cui
1519 2447 1720 2506 patrem
1755 2435 1851 2488 das

229 2534 395 2590 Jesse
428 2533 631 2588 lilium?
672 2534 942 2604 quomodo
984 2543 1204 2602 puSsuut
1245 2533 1359 2585 lnrc
1387 2532 1546 2598 digna
1586 2547 1705 2584 esse
1750 2531 1847 2590 iis,

228 2644 360 2698 qua:
391 2626 535 2681 dicta
569 2625 726 2680 sunt?
755 2625 1056 2680 Admodum
1089 2638 1235 2680 certe
1262 2624 1420 2694 digna
1446 2643 1456 2677 :
1479 2641 1584 2677 non
1612 2625 1754 2677 enim
1784 2622 1850 2676 de

230 2739 394 2776 utero
421 2721 658 2787 homine,
704 2720 897 2787 inquit,
924 2734 1103 2774 sermo
1135 2721 1290 2772 nobis
1317 2727 1418 2772 est.
1451 2719 1679 2787 ideoque
1719 2714 1848 2771 illud

229 2816 439 2885 adjeei,
472 2814 766 2869 Secundum
791 2830 997 2867 carnem
1019 2856 1033 2878 ,
1078 2814 1425 2868 subindicans
1456 2813 1618 2868 etiam
1651 2827 1846 2866 srcuu-

232 2913 368 2963 tlunt
419 2909 677 2979 Spiritum
720 2909 1127 2976 generationem
1165 2908 1282 2976 ejus
1312 2922 1454 2962 esse.
1502 2907 1568 2960 lit
1597 2922 1694 2959 cur
1725 2906 1850 2960 hinc

231 3006 467 3074 inrepit,
515 3012 570 3057 et
597 3017 702 3056 non
733 3001 880 3057 illinc
899 3016 927 3054 a
952 2986 1403 3056 sublimiorilnts?
1428 3000 1691 3067 Quoniam
1726 2999 1849 3052 hinc

230 3097 404 3150 etiam
432 3103 488 3148 et
515 3094 795 3150 Matthzrus
825 3102 878 3148 ct
905 3093 1077 3148 Lucas
1101 3103 1155 3147 et
1177 3093 1402 3147 Marcus.
1434 3093 1565 3145 Nam
1595 3092 1754 3159 isqui
1781 3091 1846 3144 ad

229 3189 439 3244 caelum
462 3187 717 3243 ducturus
743 3197 846 3253 est,
881 3188 947 3242 ab
981 3185 1319 3241 inferioribus-
1346 3188 1410 3241 ad
1439 3188 1715 3256 superiora
1749 3203 1846 3241 neo-

229 3283 481 3336 cessario
511 3281 693 3335 duret.
729 3280 841 3334 lloc
866 3281 1010 3335 enim
1043 3279 1233 3333 ordine
1273 3295 1359 3334 res
1405 3279 1692 3333 coostitnta
1723 3279 1842 3333 fuit.

231 3374 425 3429 Primo
453 3372 611 3442 igitur
637 3372 885 3426 viderunt
909 3372 1054 3424 illlllll
1081 3372 1349 3424 hominem
1377 3372 1425 3424 in
1456 3381 1616 3434 terra,
1646 3382 1697 3425 et
1722 3369 1848 3426 hinc

229 3467 628 3520 intellexerunt
654 3481 777 3520 esse
812 3463 999 3518 Dcmn.
1041 3465 1154 3532 Qua
1205 3465 1363 3533 igitur
1395 3465 1506 3533 ipse
1546 3465 1842 3518 doctrinam

231 3559 502 3626 impertiit
527 3600 540 3623 ,
590 3557 778 3612 eadem
822 3557 1029 3611 ratione
1055 3557 1354 3620 discqatlns
1381 3559 1498 3622 ejus
1531 3557 1667 3610 viam
1697 3565 1845 3611 seeat

231 3649 367 3703 illuc
393 3648 682 3702 ferentem.
715 3648 893 3702 Primo
923 3647 1083 3718 igitur
1112 3649 1515 3717 generationem
1548 3645 1843 3702 secundum

235 3755 461 3795 carnem
495 3749 794 3805 memorat,
830 3755 935 3793 non
980 3740 1120 3809 quod
1163 3742 1330 3808 prima
1361 3743 1467 3805 sit,
1504 3740 1596 3796 sed
1627 3741 1747 3811 quia
1776 3741 1845 3794 ab

233 3833 339 3886 hac
365 3831 434 3886 ad
469 3833 612 3887 illam
646 3833 760 3886 vult
801 3833 1101 3886 auditorem
1133 3834 1352 3889 dueere.
1387 3836 1440 3889 4.
1476 3833 1576 3900 Qui
1603 3835 1844 3902 deﬁnitus

232 3935 305 3978 est
321 3920 491 3975 Filius
504 3924 602 3979 Dei
629 3927 684 3979 in
709 3927 893 3979 virtute
917 3937 964 3979 et
995 3927 1197 3995 Spiritu
1221 3929 1644 3995 sanctiﬁcationis
1669 3945 1732 3982 ex
1760 3945 1841 3983 re.-

231 4018 550 4070 surrectioue
576 4027 890 4070 mortuorum
910 4017 941 4068 ,Ι
950 4035 1035 4070 esu
1055 4017 1261 4072 Christi.
1283 4018 1358 4072 Ex
1386 4020 1670 4074 verborum
1693 4035 1843 4074 com-

233 4112 529 4178 plicatione
558 4113 848 4166 obscurum
879 4121 962 4166 est
991 4111 1132 4182 quod
1176 4113 1339 4177 dicit,
1367 4123 1696 4183 quapropter
1725 4115 1839 4168 dis-

233 4205 546 4274 tinguamus
574 4214 805 4273 Oportet.
839 4205 978 4272 Quid
1024 4206 1122 4261 sibi
1157 4205 1269 4259 vult
1295 4223 1423 4276 ergo
1450 4225 1462 4258 :
1490 4208 1622 4261 Eunt
1656 4208 1744 4276 qui
1773 4224 1840 4262 ex

235 4295 439 4351 Davide
464 4307 618 4350 natus
644 4307 726 4351 est
749 4297 1124 4366 przedicamns,
1151 4298 1342 4366 inquit,
1371 4297 1466 4353 sed
1494 4297 1596 4353 hoc
1621 4299 1837 4368 quidem

229 4400 481 4458 apertum
513 4401 614 4444 est.
646 4390 750 4444 Sed
779 4391 1232 4456 undenaui?Quia
1258 4392 1344 4446 hic
1367 4391 1671 4448 incarnatus
1686 4392 1850 4448 Filius

235 4483 329 4538 Dei
360 4495 461 4539 est.
497 4487 536 4538 A
563 4484 839 4556 prophetis
876 4486 1103 4552 primum
1133 4485 1377 4552 discitur,
1406 4486 1524 4540 ideo
1554 4487 1662 4538 ait:
1688 4485 1837 4551 Quod

229 4587 346 4631 ante
373 4579 675 4647 promiserat
705 4594 795 4648 per
823 4579 1095 4646 prop/tetas
1117 4595 1233 4631 suos
1252 4582 1305 4636 in
1319 4577 1596 4648 Scripturis
1621 4579 1834 4635 sanctis.

232 4665 346 4721 Non
379 4686 540 4738 parva
564 4682 743 4724 autem
767 4670 1171 4725 demonstrandi
1196 4672 1332 4724 ratio
1351 4672 1464 4725 hzec
1479 4681 1580 4728 θμι.
1609 4671 1831 4739 Deinde,

231 4774 294 4813 ex
327 4763 490 4816 modo
522 4764 683 4817 etiam
729 4765 1129 4833 generationis;
1172 4764 1315 4832 quod
1357 4773 1410 4817 ct
1441 4767 1553 4833 ipse
1598 4765 1832 4820 declarat

233 4851 314 4904 bis
343 4857 548 4909 verbis:
571 4854 650 4907 Ea:
670 4859 855 4912 sentiae
877 4855 1042 4909 David
1062 4857 1338 4910 scentulum
1360 4874 1564 4911 carnem
1586 4875 1604 4912 :
1628 4870 1832 4915 natura:

230 4947 426 5014 quippe
457 4949 628 5016 legem
655 4949 834 5004 solvit.
858 4949 1041 5003 Tertio
1067 4966 1094 5002 a
1126 4951 1400 5004 miraculis
1428 4967 1546 5019 quin
1575 4954 1825 5020 patravit,

231 5053 435 5108 magna:
488 5043 741 5111 potentia:
792 5053 1163 5113 argumentum
1214 5045 1491 5112 prmbcns;
1545 5044 1645 5099 hoc
1685 5047 1828 5099 enim

230 5134 326 5186 sibi
378 5138 490 5191 vult
541 5135 693 5198 illud,
746 5135 812 5190 In
860 5139 1060 5191 virtute.
1094 5139 1321 5204 Quarto,
1369 5154 1396 5191 τι
1438 5140 1637 5207 Spiritu
1670 5156 1827 5209 quem

233 5227 376 5281 dedit
399 5229 745 5285 credentibus
772 5231 824 5284 in
850 5245 938 5288 se.
969 5241 1024 5285 et
1067 5247 1160 5299 per
1187 5247 1344 5299 quem
1373 5246 1561 5286 omnes
1614 5244 1829 5288 sanctos

230 5320 433 5389 eilecit;
471 5325 592 5378 ideo
623 5325 735 5389 ait,
781 5323 1074 5376 Secundum
1114 5326 1348 5393 spiritum
1386 5326 1824 5394 sanctiﬁcationis.

235 5413 322 5466 Dei
354 5418 492 5470 enim
527 5419 692 5470 solius
719 5429 837 5472 erat
869 5417 991 5470 talia
1022 5418 1160 5470 dona
1199 5419 1399 5488 largiri.
1432 5418 1650 5486 Quinto,
1684 5435 1710 5471 a
1744 5437 1828 5475 rc-

232 5511 560 5564 surrectionc
581 5511 809 5564 Domini.
839 5511 934 5565 llic
956 5511 1099 5567 enim
1125 5513 1327 5580 primus
1349 5522 1402 5567 et
1424 5515 1569 5568 solus
1592 5517 1825 5583 seipsmn

235 5615 260 5647 a
297 5603 518 5655 mortuis
547 5605 822 5658 excitavit.
848 5603 998 5671 Quod
1023 5614 1077 5658 et
1101 5605 1212 5672 ipse
1243 5605 1317 5658 ait
1346 5606 1557 5675 signum
1584 5607 1823 5663 omnium

238 5695 460 5751 maxime
485 5698 735 5751 idoneum
763 5713 884 5753 esse
904 5699 969 5751 ad
1001 5698 1421 5768 impndentiores
1448 5703 1822 5755 eonl'utandos.

237 5782 361 5840 Nam
389 5792 460 5844 ait
484 5812 496 5845 :
524 5790 720 5847 Solvite
741 5793 984 5861 templum
1014 5794 1126 5858 hoc,
1155 5804 1199 5846 ct
1223 5793 1275 5845 in
1303 5794 1458 5845 tribus
1491 5794 1665 5847 diebus
1692 5798 1828 5848 ea'ci-

239 5880 347 5932 tabo
387 5885 516 5940 illud
561 5884 740 5959 (Joan.
785 5885 839 5941 2.
886 5886 1242 5954 l9);et,Cum
1283 5887 1626 5941 exaltaveritis
1657 5905 1736 5941 me
1767 5891 1829 5942 de

244 5978 396 6040 terra,
444 5989 556 6033 tunc
583 5981 889 6053 cognoscetis
916 5981 1034 6051 quia
1062 5996 1152 6051 ego
1179 5997 1290 6035 sunt
1322 5980 1498 6052 (Joau.
1536 5981 1588 6037 ὃ.
1614 5981 1740 6054 ‘28);
1774 5994 1826 6038 et

1403 456 1470 514 ΙΝ
1511 458 1723 515 El’lST.
1765 459 1853 514 AD
1891 454 2059 514 llOM.
2093 451 2326 513 llOMlL.
2370 456 2408 508 Ι.

3471 457 3579 514 398

1972 580 2206 631 rursum,
2233 565 2502 621 Generatio
2547 567 2651 621 lucc
2684 572 2888 638 signum
2931 570 3129 638 quierit.
3166 581 3212 625 et
3244 572 3447 643 signum
3477 592 3578 628 non

1969 660 2175 714 dabitur
2227 662 2294 728 ei,
2340 663 2442 715 nisi
2481 663 2685 732 signum
2722 661 2879 717 Jama
2920 663 3131 735 (Matth.
3171 664 3257 720 19..
3290 668 3405 736 59).
3434 667 3577 734 Quid

1966 751 2066 806 sibi
2099 751 2212 806 vult
2240 753 2368 807 illud
2392 797 2405 820 ,
2436 753 2728 809 deﬁnitus?
2758 752 3042 820 Ostensus,
3082 757 3406 822 declaratus,
3438 759 3581 815 indi-

1963 856 2136 911 catus,
2182 844 2482 913 confessus,
2526 848 2766 910 omnium
2809 847 3015 918 judicio
3042 859 3096 904 et
3123 851 3364 916 calculo,
3393 867 3424 905 a
3454 867 3578 922 pro-

1968 937 2180 1005 phetis,
2234 939 2302 993 ab
2356 941 2728 1010 inexspectato
2767 953 2886 995 ortu
2931 945 3228 997 secundum
3259 960 3511 1011 carnem,
3550 961 3578 1000 a

1965 1033 2206 1103 potentia
2236 1035 2536 1105 signorum,
2565 1051 2593 1088 a
2622 1037 2844 1107 Spiritu,
2880 1053 2976 1107 per
3002 1055 3160 1105 quem
3190 1040 3582 1093 sanctiﬁcatio-

1965 1141 2086 1179 nem
2123 1127 2308 1192 dedit,
2341 1143 2374 1182 a
2404 1130 2804 1184 resurrectione
2827 1173 2841 1193 ,
2870 1147 2973 1200 qna
3005 1133 3200 1186 mortis
3232 1130 3573 1203 tyrannidem

1962 1219 2141 1273 solvit.
2173 1222 2227 1275 ὅ.
2259 1219 2364 1274 Per
2387 1238 2535 1282 quem
2561 1224 2852 1292 accepimus
2879 1225 3098 1294 gratiam
3143 1233 3192 1278 et
3225 1223 3577 1293 apastolatum

1961 1313 2014 1366 in
2062 1313 2400 1368 obedientiam
2447 1315 2588 1383 ﬁdei.
2633 1315 2768 1372 Vide
2806 1327 3016 1388 gratum
3065 1318 3246 1372 liutmli
3293 1319 3575 1383 animum;

1965 1405 2093 1458 nihil
2125 1421 2281 1460 suum
2315 1423 2436 1462 esse
2465 1409 2598 1471 vult,
2633 1409 2727 1464 sed
2759 1412 2938 1465 omnia
2972 1411 3199 1465 Dotnini.
3238 1412 3395 1483 Atqui
3431 1413 3575 1466 hunc

1960 1512 2176 1566 quoque
2221 1497 2481 1569 Spiritum
2527 1500 2702 1564 dedit;
2751 1501 2873 1556 ideo
2910 1501 3155 1559 dicebat:
3196 1502 3366 1557 Multa
3410 1504 3573 1558 Imbro

1962 1590 2100 1642 vobis
2129 1590 2316 1653 dicere,
2347 1593 2436 1645 sed
2467 1609 2568 1645 mm
2599 1594 2805 1662 potestis
2827 1607 3032 1663 portare
3051 1595 3221 1648 modo.
3249 1594 3378 1649 Cum
3400 1606 3570 1648 autem

1960 1685 2148 1736 wnrrit
2175 1684 2264 1737 ille
2294 1684 2520 1754 Spiritus
2549 1688 2794 1748 veritatis,
2829 1689 2978 1742 ducet
3009 1705 3094 1742 ros
3121 1689 3173 1742 in
3204 1707 3404 1743 onmem
3435 1693 3539 1745 reri
3551 1721 3569 1731 -

1961 1786 2113 1828 tutem
2139 1776 2321 1847 (Joun.
2354 1779 2440 1832 Hi.
2474 1779 2586 1848 12).
2616 1781 2677 1833 Ει
2708 1797 2937 1846 rmsum,
2977 1782 3257 1853 chregate
3280 1784 3402 1836 milii
3422 1782 3563 1837 Ραιις

1959 1867 2066 1919 lum
2087 1903 2089 1906 ι
2114 1879 2158 1919 et
2190 1866 2483 1923 Barnabam
2509 1870 2644 1940 (Act.
2677 1874 2763 1927 l3.
2792 1873 2874 1943 ‘2).
2918 1873 2984 1927 Et
3013 1872 3065 1926 itl
3099 1875 3326 1944 cpistola
3354 1876 3423 1929 ad
3467 1877 3571 1930 Co-

1960 1961 2189 2015 rinthios
2228 1963 2301 2016 ait
2327 1983 2342 2019 :
2365 1965 2469 2018 Atii
2499 1983 2589 2035 per
2620 1967 2872 2032 Spiritum
2906 1969 3058 2022 datur
3081 1987 3246 2024 sermo
3277 1973 3565 2041 sapientiae,

1957 2054 2049 2107 alii
2079 2073 2242 2108 sermo
2269 2059 2498 2111 sciantur
2528 2060 2602 2127 (i.
2633 2059 2750 2111 (lor.
2781 2060 2868 2114 η.
2904 2061 2984 2132 8).
3020 2063 3101 2127 Et,
3135 2061 3255 2132 Ipse
3284 2065 3456 2116 omnia
3482 2064 3566 2118 di-

1958 2146 2084 2200 vidit
2123 2150 2253 2201 sicut
2287 2149 2390 2202 rult
2421 2151 2552 2219 (Act.
2588 2151 2677 2206 ‘20.
2707 2150 2822 2220 28).
2864 2153 2927 2207 Et
2976 2153 3194 2209 Milesiis
3234 2156 3565 2212 concionans

1955 2239 2115 2294 dicit:
2159 2239 2222 2294 In
2261 2259 2358 2312 quo
2395 2247 2562 2314 posuit
2607 2261 2693 2299 vos
2747 2247 2976 2316 Spiritus
3019 2259 3227 2304 sanctus
3263 2262 3493 2320 pastores
3518 2263 3568 2307 et

1955 2333 2236 2402 episcopos.
2272 2333 2460 2409 Viden
2486 2338 2759 2404 quomodo
2787 2355 2849 2394 ea
2878 2357 2997 2410 qua:
3015 2341 3246 2409 Spiritus
3267 2354 3413 2408 sunt,
3441 2344 3566 2400 Filii

1955 2439 2076 2479 esse
2107 2426 2277 2490 dicat;
2321 2437 2376 2481 et
2416 2445 2536 2496 qua:
2583 2429 2704 2484 Filii
2746 2443 2892 2496 sunt,
2938 2432 3213 2502 Spiritus?
3247 2434 3480 2492 Gratiam
3515 2448 3566 2492 et

1955 2521 2338 2588 apostolatum;
2377 2522 2426 2577 id
2461 2533 2572 2588 est,
2619 2539 2722 2578 non
2757 2541 2856 2581 nos
2887 2526 2988 2581 hoc
3016 2526 3295 2584 effecimus
3328 2539 3386 2585 ut
3408 2544 3562 2586 esse-

1955 2629 2074 2667 nms
2101 2615 2344 2682 apostoli.
2390 2615 2504 2670 Non
2533 2617 2675 2671 enim
2726 2618 2907 2674 labore
2939 2631 2992 2674 et
3018 2636 3180 2689 Opera
3211 2631 3394 2677 nostra
3425 2623 3567 2680 hanc

1953 2707 2266 2775 dignitatem
2299 2711 2472 2763 sortiti
2506 2727 2724 2775 sumus;
2758 2713 2851 2766 sed
2884 2714 3113 2783 gratiam
3142 2717 3475 2786 accepimus,
3509 2727 3566 2773 et

1952 2815 2018 2852 ex
2045 2816 2281 2868 superno
2304 2801 2446 2856 dono
2470 2804 2571 2857 hoc
2599 2820 2796 2876 munus
2818 2806 3001 2860 datum
3029 2807 3183 2863 nobis
3212 2817 3317 2864 est.
3351 2809 3416 2864 In
3441 2811 3564 2866 bbe.-

1951 2895 2195 2948 clientium
2230 2898 2370 2964 [ἰιιὲί.

2025 2991 2077 3043 3.
2111 2989 2226 3044 Non
2254 3007 2384 3061 ergo
2413 2993 2642 3061 apostoli
2690 2992 2806 3048 ba‘c
2833 2993 3140 3051 cl‘licicbant
3161 3038 3175 3058 ,
3207 2997 3304 3052 sed
3345 3013 3560 3066 praeve-

1954 3084 2106 3137 niens
2154 3084 2271 3139 illos
2315 3087 2505 3154 gratia.
2559 3086 2774 3140 lllormr
2823 3090 3022 3159 quippe
3070 3099 3187 3144 erat
3233 3092 3465 3148 circuire
3508 3106 3564 3150 et

1952 3177 2275 3244 praalicarc;
2309 3178 2636 3248 persuadere
2665 3190 2844 3235 autem
2889 3183 2980 3238 Dei
3023 3196 3138 3237 erat
3159 3227 3172 3249 ,
3207 3185 3260 3239 in
3293 3187 3395 3240 illis
3427 3203 3560 3257 ope-

1952 3271 2143 3336 rantis,
2174 3282 2226 3323 ut
2251 3282 2305 3325 et
2330 3271 2698 3327 Lueasdicit:
2729 3274 2938 3343 Aperuit
2963 3291 3050 3328 cor
3075 3276 3337 3346 ipsorum;
3367 3289 3419 3332 et
3444 3296 3564 3332 rur-

1951 3375 2091 3420 sum,
2110 3361 2301 3423 Quibus
2330 3364 2506 3416 datum
2530 3382 2635 3417 era.
2657 3367 2835 3420 audire
2860 3367 3063 3421 verbum
3085 3368 3200 3423 Dei.
3230 3369 3296 3425 1η
3323 3371 3563 3427 obedien-

1949 3453 2092 3505 tiam.
2113 3452 2393 3516 Nondixit,
2414 3453 2469 3507 ln
2488 3458 2930 3525 perquisitionem
2948 3457 3050 3521 vel,
3072 3457 3129 3511 ln
3142 3474 3519 3533 argumentum
3543 3486 3557 3529 ;

1941 3544 2132 3605 sed,ln
2148 3547 2532 3601 obedientiam.
2559 3547 2744 3619 Neque
2766 3551 2908 3605 enim
2938 3553 3083 3606 missi
3113 3570 3298 3610 sumus
3318 3599 3332 3622 ,
3366 3558 3556 3628 inquit,

1951 3647 2007 3692 ut
2051 3639 2394 3709 syllogismos
2434 3639 2757 3709 all‘eramus,
2810 3644 2903 3697 sed
2951 3653 3008 3697 ut
3059 3646 3203 3715 quod
3251 3652 3560 3718 arcepinms

1949 3733 2258 3788 reddamus.
2293 3735 2427 3789 Cum
2470 3735 2614 3789 enim
2658 3737 2913 3793 Dominus
2959 3739 3160 3810 aliquid
3207 3745 3514 3810 pronuntiat
3541 3788 3556 3809 ,

1952 3842 2060 3880 non
2103 3826 2300 3880 debent
2339 3827 2616 3883 auditores
2645 3830 2860 3884 curiose
2898 3835 3124 3885 serutari
3151 3834 3232 3887 vel
3263 3833 3557 3905 indagare,

1946 3919 2039 3973 sed
2070 3921 2245 3975 solum
2271 3920 2539 3989 accipere.
2563 3920 2695 3975 Nam
2718 3923 2951 3985 apostoli
2984 3923 3106 3979 ideo
3133 3927 3282 3980 missi
3313 3937 3468 3993 sunt,
3500 3937 3560 3983 ut

1945 4033 2064 4082 qua:
2093 4016 2382 4070 audierunt
2410 4016 2610 4080 dicant,
2645 4035 2750 4071 non
2785 4029 2842 4074 ut
2872 4021 3072 4089 aliquid
3105 4023 3171 4076 de
3195 4039 3292 4077 suo
3315 4024 3510 4079 addant
3538 4043 3554 4081 :

1945 4118 1999 4162 et
2036 4122 2134 4161 nos
2175 4110 2349 4161 solum
2385 4119 2439 4161 ut
2469 4110 2774 4166 credamus.
2811 4112 2948 4180 Quid
2980 4114 3306 4170 credamus?
3347 4115 3426 4170 De
3455 4135 3548 4170 ηρ·-

1945 4202 2078 4255 utine
2100 4205 2211 4272 ejus
2239 4201 2376 4274 (Act.
2403 4205 2455 4256 5.
2482 4203 2563 4273 6),
2587 4222 2690 4258 non
2718 4207 2857 4260 utde
2881 4208 3177 4263 substantia
3202 4211 3318 4279 ejus
3341 4213 3554 4267 curiose

1942 4297 2348 4366 perquiramus,
2400 4299 2494 4366 sed
2542 4299 2591 4352 in
2642 4315 2835 4353 nomen
2882 4301 3001 4369 ejus
3047 4302 3373 4358 credamus:
3426 4305 3552 4358 illud

1942 4390 2084 4444 enim
2118 4390 2264 4459 signa
2295 4390 2524 4446 faciebat
2557 4411 2569 4446 :
2606 4392 2733 4446 Nam
2761 4395 2855 4455 ait,
2889 4393 2953 4447 In
2983 4396 3187 4448 nomine
3213 4395 3341 4450 Jesu
3365 4397 3553 4452 Christi

1939 4494 2164 4550 surge-et
2194 4483 2400 4536 ambula
2443 4483 2626 4553 (Rom.
2661 4486 2746 4539 l5.
2790 4486 2910 4554 l9).
2948 4486 3013 4540 Et
3045 4489 3094 4540 in
3137 4489 3239 4542 hoc
3272 4490 3375 4543 lidc
3415 4508 3553 4560 opus

1939 4591 2051 4641 ρει,
2102 4579 2340 4648 nihilque
2381 4594 2568 4632 eorum
2603 4581 2882 4634 ratiocinio
2912 4597 3109 4651 capere
3140 4599 3446 4651 possumus.
3485 4583 3550 4640 1η

1938 4670 2168 4722 omnibus
2189 4670 2448 4734 Gentibus,
2465 4673 2515 4723 in
2529 4671 2707 4741 quibus
2720 4673 2837 4726 estis
2849 4683 2894 4726 ct
2911 4691 2995 4727 ras
3015 4677 3178 4728 vocati
3193 4674 3320 4729 Jcsu
3338 4676 3546 4731 Christi.

1938 4761 2073 4828 Quid
2102 4762 2271 4832 ergo?
2303 4765 2380 4815 An
2411 4764 2664 4817 omnibus
2689 4762 2951 4819 Gentibus
2977 4766 3287 4835 praedicavit
3316 4769 3548 4824 Paulus?

1937 4854 2090 4922 QUod
2121 4856 2263 4908 enim
2290 4856 2358 4908 ab
2387 4856 2742 4928 JeroSolymis
2771 4859 2838 4911 ad
2865 4859 3133 4930 Illyricum
3161 4866 3548 4931 peragravcrit,

1937 4947 2168 5016 indeque
2197 4963 2407 5001 rursum
2448 4949 2514 5002 ad
2545 4961 2788 5005 extrema
2822 4961 2981 5005 terra:
3009 4955 3332 5021 pervaserit,
3371 4957 3545 5024 palam

1935 5048 2017 5094 est
2037 5055 2100 5093 ex
2131 5040 2194 5094 iis
2224 5057 2344 5111 qute
2367 5042 2626 5098 Romanis
2650 5045 2885 5111 scripsit.
2922 5045 3031 5099 Etsi
3055 5062 3184 5101 vero
3207 5063 3311 5100 non
3339 5048 3404 5102 ad
3430 5066 3550 5103 om-

1935 5150 2033 5189 nes
2059 5137 2400 5202 pervenerit,
2435 5153 2500 5191 ne
2536 5139 2613 5190 sic
2640 5138 2853 5207 quidem
2886 5137 3077 5194 falsum
3109 5150 3192 5194 cst
3219 5142 3360 5210 quod
3391 5143 3543 5197 dicit.

1933 5229 2048 5283 Non
2077 5231 2219 5283 enim
2257 5230 2323 5283 de
2349 5246 2406 5284 se
2438 5239 2640 5284 tantum
2685 5232 2952 5301 loquitur;
2991 5233 3085 5289 sed
3117 5236 3279 5288 etiam
3318 5235 3384 5290 de
3411 5236 3548 5289 (luu-

1932 5323 2108 5378 decim
2155 5323 2446 5392 apostolis,
2487 5337 2540 5377 et
2584 5325 2652 5380 de
2691 5326 2755 5378 iis
2786 5326 2875 5395 qui
2907 5343 3027 5380 cum
3061 5327 3164 5382 illis
3193 5328 3414 5381 verbum
3445 5345 3546 5382 an-

1933 5419 2333 5472 nuntiavernnt.
2373 5418 2622 5488 Alioquin
2665 5429 2844 5472 autent
2892 5421 3103 5474 etiamsi
3152 5420 3220 5474 de
3271 5422 3440 5476 Paulo
3490 5424 3542 5478 id

1927 5509 2335 5580 intelligendum
2359 5525 2572 5581 arguas,
2593 5529 2697 5565 non
2722 5523 2909 5567 coatra
2931 5513 3112 5567 dicere
3145 5517 3338 5583 possis,
3365 5517 3408 5570 si
3435 5515 3540 5569 ier-

1934 5620 2117 5660 vorem
2140 5604 2256 5672 ejus
2277 5605 2590 5659 consideres
2615 5623 2628 5669 ;
2661 5616 2710 5659 et
2740 5606 2881 5675 quod
2914 5623 2980 5660 ne
3010 5617 3130 5675 post
3156 5617 3385 5662 mortem
3417 5612 3537 5675 qui-

1930 5699 2051 5753 dem
2101 5708 2277 5751 cesset
2335 5697 2530 5766 ubiqne
2579 5707 2841 5751 terrarum
2890 5699 3205 5768 pra‘dicare.
3254 5700 3539 5770 Perpende

1929 5790 2200 5864 quomodo
2231 5790 2451 5844 extollat
2483 5791 2706 5857 donntn,
2741 5793 3097 5864 ustendatque
3129 5811 3380 5865 magnum
3409 5797 3538 5854 illud

1929 5902 2049 5940 esse
2089 5893 2143 5938 et
2183 5884 2344 5955 priori
2387 5885 2674 5938 sublimius
2728 5903 2738 5938 :
2789 5897 2969 5942 vetera
3010 5887 3274 5958 siquidem
3322 5900 3540 5960 gentem

1931 5995 2087 6035 unam
2115 5981 2463 6051 Spectabunt;
2491 5979 2591 6034 hoc
2618 5988 2795 6035 autem
2826 5981 3026 6036 donum
3069 5990 3267 6040 terram
3296 5995 3348 6039 et
3392 6002 3542 6044 mare
