4056 6488
551 438 651 493 399

555 552 791 616 attraxit.
824 551 934 611 [loc
964 552 1086 614 item
1121 552 1251 605 mihi
1283 552 1589 607 consideres
1640 552 1795 605 velim
1824 594 1837 615 ,
1867 552 2134 619 quomodo

552 646 701 707 Pauli
744 648 918 699 anima
970 646 1113 702 omni
1160 660 1351 713 expers
1389 646 1459 699 sit
1500 644 1823 698 adulatione.
1866 645 2134 697 Romanos

554 740 695 793 enim
739 739 888 809 quasi
940 739 989 791 in
1034 739 1231 793 vertice
1277 737 1437 791 totius
1470 736 1614 791 orbis
1641 737 1961 790 constitutos
1998 737 2101 788 allo

560 847 761 901 quens,
815 832 943 885 nihil
998 832 1223 901 amplius
1271 832 1378 888 illis
1411 831 1689 895 concedit,
1737 846 1893 899 quam
1923 832 2132 884 caeteris

554 923 832 990 gentibus;
863 940 1033 992 neque
1058 924 1263 978 etiamsi
1291 923 1498 979 caiteris
1525 924 1827 991 imperarint
1856 936 1917 975 ac
1946 936 2132 989 regna-

567 1013 693 1080 rint,
722 1017 772 1069 in
798 1016 1158 1085 spiritualibus
1178 1017 1295 1083 plus
1318 1015 1511 1069 habere
1533 1015 1692 1079 dicit;
1717 1013 1810 1069 sed
1840 1014 1976 1066 sient
2008 1028 2133 1079 gen-

554 1106 694 1160 tilnts
723 1107 989 1165 omnibus.
1022 1107 1210 1176 inquit,
1244 1106 1614 1175 praedicamus,
1649 1106 1717 1158 ita
1747 1116 1800 1159 et
1832 1104 1979 1157 vobis
2010 1120 2129 1159 cum

554 1198 770 1267 Scythzs
801 1207 853 1251 et
890 1197 1187 1252 Thracibus
1221 1199 1362 1267 ipsos
1390 1211 1711 1251 enumerans
1746 1214 1760 1246 :
1798 1194 2128 1270 quandoqui-

553 1292 676 1346 dem
691 1292 787 1346 nisi
806 1292 904 1345 hoc
918 1292 1214 1361 signiﬁcare
1232 1293 1502 1357 voluisset,
1518 1296 1968 1362 supervacaneum
1988 1297 2134 1341 εδμυι

552 1386 770 1449 dixisse,
799 1382 861 1437 In
884 1385 1062 1453 quibus
1089 1387 1202 1438 estis
1223 1394 1268 1437 et
1289 1401 1395 1441 vos.
1419 1385 1539 1438 llme
1557 1394 1731 1438 autem
1754 1384 1895 1449 facit,
1922 1383 2128 1436 illorum

553 1474 743 1540 fastum
759 1488 811 1530 et
826 1477 1128 1546 superbiam
1147 1478 1470 1545 deprimens,
1491 1478 1736 1546 ipSosque
1756 1477 1962 1529 czrteris
1981 1491 2130 1542 pares

550 1586 668 1625 esse
692 1570 910 1623 docens.
941 1569 1272 1638 Quapropter
1295 1568 1409 1622 hmo
1435 1570 1705 1638 snlijungit
1738 1586 1749 1621 :
1779 1568 1832 1622 ϐ.
1868 1567 1930 1620 In
1954 1569 2129 1636 quibus

551 1661 668 1716 estis
709 1669 756 1722 et
795 1676 881 1716 vos
927 1663 1087 1719 vocati
1114 1662 1236 1717 Jesu
1284 1660 1505 1719 Christi;
1538 1660 1737 1721 idest,
1786 1676 1906 1714 eum
1938 1660 2129 1729 quibus

553 1753 681 1805 rstis
707 1762 758 1805 et
797 1764 909 1806 ros.
956 1753 1017 1805 Et
1051 1769 1154 1809 non
1200 1751 1364 1810 dixit.
1398 1751 1496 1808 Alii
1523 1751 1832 1810 vobiscum;
1864 1752 1954 1803 sed
1978 1793 1990 1813 ,
2027 1749 2132 1804 Vos

553 1862 669 1899 rom
716 1846 853 1897 aliis.
897 1845 953 1905 Si
995 1837 1136 1897 enim
1182 1844 1231 1896 in
1260 1841 1472 1897 Christo
1516 1844 1641 1897 Jesu
1678 1859 1779 1896 non
1823 1853 1904 1896 est
1945 1858 2131 1897 servus

551 1952 718 2005 neque
751 1937 901 2001 liber,
937 1937 1103 1989 multo
1136 1936 1301 2006 magis
1331 1952 1500 2006 neque
1532 1952 1619 1990 rex
1653 1952 1821 2006 neque
1849 1937 2083 2007 privatus
2112 1952 2125 1997 ς

548 2033 744 2085 etenim
775 2040 828 2082 et
873 2046 967 2082 vos
996 2030 1165 2082 vocati
1193 2029 1323 2082 estis
1347 2070 1361 2093 ,
1392 2044 1564 2097 neque
1593 2040 1784 2097 Sponte
1821 2039 1994 2083 vestra
2036 2043 2126 2082 ac,

548 2124 805 2178 cessistis.
853 2122 903 2175 7.
952 2121 1210 2183 Omnibus,
1244 2124 1330 2189 qui
1380 2133 1494 2174 sunt
1546 2120 1746 2185 Rontw,
1796 2123 1987 2174 dilectis
2040 2120 2133 2181 Dei

550 2215 737 2271 vocatis
759 2214 962 2279 sanctis,
990 2213 1154 2283 gratia
1183 2213 1317 2266 rubis
1338 2223 1383 2265 et
1406 2230 1505 2281 pax
1532 2230 1561 2264 α
1584 2212 1689 2265 Deo
1726 2212 1876 2265 Patre
1897 2222 2131 2266 nostraet

554 2306 774 2365 Domino
798 2304 923 2365 Iesu
952 2307 1172 2360 Christo.
1211 2306 1339 2362 Vide
1384 2322 1541 2375 quam
1586 2306 1892 2375 frequenter
1934 2321 2128 2367 nomen

546 2399 705 2453 vocati
730 2407 980 2466 usurpet,
1024 2396 1241 2451 Vocatus
1271 2397 1533 2467 apostolus
1552 2438 1566 2461 ,
1598 2397 1819 2461 dicens;
1848 2396 1914 2450 1η
1954 2397 2131 2468 quibus

549 2492 668 2547 estis
697 2502 741 2543 et
777 2507 861 2546 vos
909 2492 1108 2555 vocati;
1154 2490 1397 2544 Omnibus
1428 2490 1513 2560 qui
1543 2498 1660 2543 sunt
1703 2490 1877 2549 Rome:
1920 2490 2126 2542 uocatis.

548 2583 683 2642 Illud
713 2590 890 2637 autem
924 2598 1028 2635 non
1059 2583 1328 2650 superﬂue
1350 2592 1598 2650 repetens
1630 2579 1755 2638 facit
1780 2622 1793 2654 ,
1822 2582 1915 2633 sed
1946 2592 1999 2633 ut
2026 2581 2128 2634 illis

547 2675 860 2729 beneﬁcium
893 2675 943 2739 in
978 2673 1291 2729 memoriam
1324 2680 1561 2727 revocet.
1594 2674 1726 2740 Quia
1771 2676 1914 2733 enim
1946 2675 2133 2727 verisi-

545 2768 671 2825 miic
695 2778 844 2829 erat,
872 2768 1010 2837 inter
1038 2766 1318 2821 credentes
1344 2782 1413 2819 ex
1448 2764 1719 2836 prmfectis
1741 2776 1791 2821 et
1826 2766 2128 2829 consulari-

549 2860 647 2913 bus
671 2858 927 2926 quosdam
958 2858 1118 2914 fuisse
1138 2898 1153 2923 ,
1202 2856 1434 2928 itemque
1487 2872 1746 2926 pauperes
1769 2864 1821 2910 et
1856 2858 2087 2926 privatos
2112 2898 2127 2921 ,

548 2953 863 3021 dignitatum
890 2952 1301 3021 inzrqttalitateiti
1329 2952 1539 3015 tollens,
1562 2951 1807 3004 omnibus
1832 2966 1986 3006 unam
2009 2951 2133 3004 mit-

546 3046 612 3098 tit
637 3044 1117 3114 eompellationem.
1140 3044 1196 3098 Si
1220 3059 1345 3098 vero
1366 3044 1417 3097 in
1437 3045 1595 3101 rebus
1622 3045 1787 3115 magis
1811 3045 2131 3104 necessariis

547 3150 602 3194 et
652 3138 1019 3207 spiritualibus
1065 3137 1367 3195 communia
1415 3138 1593 3199 omnia
1638 3138 1812 3192 servis
1851 3146 1903 3200 et
1948 3138 2130 3193 liberis

551 3240 824 3306 prostant;
856 3240 911 3283 ιιι
946 3230 1139 3283 caritas
1170 3229 1292 3294 Dei,
1323 3230 1530 3283 vacatio
1550 3272 1565 3296 ,
1592 3230 1949 3300 evangelium,
2003 3230 2133 3284 ado-

556 3323 696 3392 ptio,
730 3320 928 3391 gmtia,
961 3336 1078 3389 pax,
1128 3320 1513 3385 sanctiﬁcatio.
1557 3330 1857 3390 eteteraqne
1885 3323 2061 3380 omnia
2115 3340 2129 3376 :

571 3414 821 3483 piomodo
853 3429 954 3466 non
1001 3424 1261 3466 extrema:
1298 3413 1583 3467 dementia:
1610 3411 1771 3467 fuerit
1794 3454 1807 3475 ,
1840 3428 1968 3479 eos,
1998 3429 2133 3481 quos

557 3508 695 3560 licus
720 3504 996 3574 conjunxit
1018 3514 1069 3559 et
1102 3506 1149 3558 in
1177 3504 1467 3573 majoribus
1494 3520 1648 3573 pares
1677 3505 1824 3573 fecit,
1850 3521 1877 3559 a
1908 3507 2133 3560 terrenis

554 3597 779 3665 negotiis
807 3596 1175 3666 distinguere?
1204 3595 1432 3666 Ideoque
1455 3596 1521 3649 ab
1548 3598 1769 3659 exordio
1798 3598 1883 3651 hic
1905 3598 1983 3652 vir
2008 3600 2132 3653 bea-

553 3700 639 3746 tus
678 3704 890 3758 gravem
920 3688 1060 3743 hunc
1096 3690 1369 3759 depellens
1399 3691 1666 3760 mei-hum,
1697 3692 1746 3750 in
1785 3702 2008 3747 matrem
2040 3694 2129 3747 bo-

551 3796 740 3842 norum
763 3781 995 3838 omnium
1021 3782 1370 3844 humilitatem
1398 3784 1539 3851 ipsos
1561 3783 1777 3843 inducit.
1810 3785 1919 3839 lloc
1949 3775 2133 3841 servos

553 3874 799 3929 meliores
827 3872 1120 3936 efﬁciebat,
1152 3874 1291 3945 quod
1328 3876 1631 3937 ediscerent
1660 3878 1791 3935 nihil
1824 3879 1922 3932 sibi
1952 3880 2131 3935 damni

552 3983 622 4027 ex
654 3969 910 4025 servitute
937 3968 1072 4032 fore,
1106 3985 1223 4023 cum
1242 3987 1362 4024 vera
1388 3971 1633 4027 libertate
1660 3973 1962 4029 fruerentur
1994 3993 2009 4039 ζ
2036 3980 2134 4031 hoc

555 4062 715 4114 etiam
755 4061 1001 4115 dominos
1033 4061 1378 4128 instituebat,
1416 4080 1536 4117 cum
1564 4066 1918 4121 edocerentur
1943 4110 1957 4133 ,
2004 4070 2133 4129 nihil

553 4155 655 4211 sibi
699 4155 1044 4215 emolumenti
1092 4172 1121 4210 a
1176 4156 1418 4212 libertate
1463 4156 1625 4227 ferri,
1680 4160 1777 4213 nisi
1820 4178 1939 4229 qua:
1972 4161 2128 4217 ﬁdem

553 4252 863 4314 spectabant
885 4246 1271 4317 priet-ederent.
1300 4250 1473 4319 Atque
1504 4260 1558 4302 ut
1588 4250 1759 4306 discas
1786 4252 2005 4311 Paulum
2032 4255 2132 4310 hoc

557 4337 836 4393 facientem
868 4378 882 4399 ,
930 4354 1033 4392 non
1064 4340 1431 4397 confusionem
1478 4341 1731 4401 inducere
1758 4383 1775 4409 ,
1807 4360 1908 4403 nec
1949 4348 2129 4407 omnia

558 4434 819 4497 miscere,
870 4432 960 4487 sed
989 4434 1241 4503 optimam
1283 4434 1675 4491 distinctionem
1721 4440 1973 4505 novisse,
2028 4456 2133 4501 non

555 4524 873 4593 simpliciter
922 4526 1133 4594 scripsit
1158 4569 1172 4591 ,
1206 4527 1465 4585 (\mmbus
1497 4531 1581 4597 qui
1610 4529 1793 4587 Roma:
1836 4534 1997 4599 estis,
2039 4536 2133 4597 sed

556 4632 674 4669 cem
703 4616 1044 4674 distinctione
1068 4660 1081 4681 ,
1114 4617 1320 4676 Dilectis
1350 4620 1461 4673 Dei.
1498 4621 1619 4676 llaec
1650 4624 1791 4675 enim
1825 4624 2021 4694 optima
2053 4637 2135 4683 est

556 4706 853 4773 distinctio,
882 4709 1220 4777 ostenditque
1249 4710 1389 4765 unde
1420 4712 1487 4764 sit
1514 4714 1882 4770 sanctiﬁcatio.

623 4798 675 4862 4.
728 4798 1080 4868 Sancti/italia
1125 4819 1156 4853 a
1208 4803 1433 4859 caritate.
1487 4803 1723 4873 Dignitus
1766 4824 1879 4874 qua:
1921 4812 2134 4879 pecunia

556 4894 805 4955 venditur,
827 4911 926 4947 non
956 4897 1159 4965 proprie
1184 4897 1424 4965 dignitas.
1449 4928 1517 4938 ——
1542 4897 1695 4955 Unde
1727 4916 1854 4971 ergo
1882 4914 1962 4958 est
2005 4920 2132 4961 san-

556 4985 841 5044 ctiﬁcatio?
868 4989 906 5039 A
942 4988 1245 5044 dilectione.
1278 4989 1410 5044 Cum
1440 4990 1663 5049 dixisset
1690 4994 1854 5058 enim,
1897 4995 2129 5063 Dilectis.

557 5085 681 5138 tunc
708 5076 942 5143 addidit,
990 5080 1187 5132 Vocatis
1229 5084 1447 5144 sanctis,
1480 5084 1770 5141 ostendens
1796 5087 1935 5143 hunc
1978 5092 2132 5147 noliis

554 5183 674 5223 esse
704 5167 902 5222 fontem
930 5170 1187 5224 bonorum
1216 5173 1455 5226 omnium
1486 5193 1498 5228 :
1524 5189 1739 5233 sanctos
1767 5192 1945 5236 autem
1977 5196 2132 5240 vocat

553 5260 739 5315 ﬁdeles
764 5277 970 5317 omnes.
1003 5262 1181 5318 Gratia
1205 5265 1339 5319 vobis
1364 5275 1409 5319 et
1435 5284 1555 5337 pax.
1587 5271 1631 5321 0
1656 5272 2025 5331 salutationem
2052 5280 2131 5332 in-

554 5371 771 5412 numera
804 5356 940 5421 bona
968 5358 1312 5415 adferentem!
1345 5360 1455 5416 Hoc
1482 5361 1726 5419 Christus
1762 5372 2033 5439 apostolos
2074 5373 2128 5429 in

554 5447 739 5505 domos
785 5450 1044 5506 intrantes
1082 5452 1253 5521 primo
1293 5458 1636 5521 pronuntiare
1666 5461 1888 5516 verbum
1928 5465 2078 5535 jubet
2111 5485 2125 5521 :

556 5538 779 5610 idisotpie
821 5543 1015 5601 Paulos
1040 5546 1116 5599 sic
1162 5546 1356 5615 ubique
1383 5549 1593 5606 orditur
1618 5594 1631 5613 .
1679 5568 1706 5611 ει
1738 5556 1902 5626 gratia
1938 5574 2127 5630 nempe

552 5641 609 5695 ιιι
636 5647 785 5701 pace.
812 5632 993 5704 Neque
1018 5636 1158 5690 enim
1192 5636 1433 5693 Christus
1462 5643 1727 5699 modicum
1762 5649 1979 5717 perfecit
2010 5652 2125 5707 bel-

556 5721 686 5793 luat.
720 5726 811 5784 sed
841 5729 1065 5795 varium,
1094 5730 1457 5787 otnnitnodnm
1498 5746 1546 5790 ct
1580 5737 1921 5809 diuturnum;
1966 5744 2125 5815 idque

1219 437 1273 495 S.
1316 437 1589 494 HMHNIS
1627 438 2095 496 CHRYSOSTOMI
2137 440 2449 500 ARCIIIEP.
2492 447 3021 509 CONSTANTINOP.

3724 452 3834 512 ωο

2240 572 2343 609 nott
2363 576 2424 611 ex
2452 560 2718 616 laboribus
2750 566 2965 629 nostris,
2989 567 3081 619 sed
3110 583 3202 635 per
3225 570 3449 637 gratiam
3483 583 3655 622 suam.
3686 568 3833 635 Quo-

2238 652 2377 703 niam
2411 653 2566 721 igitur
2592 655 2807 709 dilectio
2829 658 3073 726 gratiam,
3100 660 3266 727 gratia
3298 676 3479 728 paceni
3510 661 3654 714 dedit
3688 676 3701 711 :
3730 660 3829 714 hac

2235 746 2568 799 salutationis
2598 747 2763 800 forma
2790 752 3013 820 prolata.
3040 762 3288 819 precatur
3322 770 3536 808 manere
3567 763 3828 824 perpetua

2236 850 2282 890 cl
2320 839 2533 892 immuta
2558 884 2570 905 ,
2609 858 2673 895 ne
2706 858 2888 899 rttrsus
2919 846 3056 897 aliud
3090 848 3349 903 excitetur
3381 848 3575 900 bellum
3598 890 3611 907 ,
3642 858 3697 899 et
3728 849 3827 897 du-

2237 942 2405 989 torem
2440 946 2584 1002 rogat
2608 977 2622 999 ,
2656 954 2716 989 ea
2750 939 2896 990 ﬁrma
2927 952 3227 1000 conservet.
3259 940 3339 1001 his
3370 942 3545 994 verbis
3582 957 3594 991 ε
3643 938 3832 992 Gratia

2236 1027 2371 1081 vobis
2415 1036 2459 1079 et
2524 1044 2629 1091 puJ;
2670 1047 2699 1080 (ι
2756 1028 2860 1082 Dea
2907 1030 3059 1086 I'utre
3102 1044 3305 1097 nostro,
3354 1045 3399 1085 et
3446 1032 3664 1085 Domino
3702 1030 3831 1087 λειω

2236 1119 2452 1188 Cltriqto.
2490 1121 2625 1173 Ecce
2659 1122 2759 1175 hoc
2792 1124 2906 1176 ithtl
2941 1125 3100 1187 illud,
3132 1142 3193 1186 α,
3222 1141 3504 1179 commune
3552 1134 3635 1177 est
3682 1125 3830 1179 l’atri

2235 1220 2289 1271 et
2337 1211 2503 1274 Filio;
2548 1215 2684 1281 quod
2737 1216 2954 1282 perinde
3001 1228 3081 1269 est
3128 1232 3191 1270 ac
3231 1219 3273 1271 si
3315 1219 3553 1281 diceret,
3585 1217 3664 1277 Ex
3697 1235 3827 1283 quo.

2234 1304 2415 1372 Neque
2445 1307 2586 1359 enim
2619 1306 2780 1369 dixit.
2813 1306 3175 1373 Gt'atiapvobis
3216 1318 3268 1365 et
3305 1327 3400 1377 pax
3448 1328 3475 1358 a
3530 1312 3635 1362 lieo
3669 1309 3829 1362 Patre

2238 1414 2331 1466 per
2361 1399 2641 1457 Dominum
2671 1417 2909 1459 nostrum
2938 1400 3119 1455 JCh‘llltt
3148 1402 3457 1466 Christum;
3489 1403 3581 1458 sed
3602 1445 3615 1463 ,
3644 1405 3687 1459 Α
3725 1403 3829 1455 Deo

2236 1488 2394 1543 Putre
2425 1504 2469 1544 et
2504 1490 2722 1544 Domino
2752 1506 2922 1553 nostro
2953 1495 3075 1548 Jesu
3104 1494 3325 1547 Christo.
3358 1496 3515 1565 Papo
3561 1507 3825 1565 quantum

2235 1600 2262 1657 ρ
2291 1587 2403 1638 .ιιιὶι
2438 1586 2527 1638 lici
2557 1588 2803 1643 dilectio!
2857 1590 3055 1643 inimici
3082 1600 3139 1643 ὀι
3170 1592 3380 1657 reprobi
3410 1602 3630 1658 repente
3655 1591 3827 1643 sam-ti

2235 1685 2288 1729 et
2316 1677 2408 1729 ﬁlii
2442 1688 2566 1730 sunt
2601 1680 2613 1708 ¹
2648 1678 2843 1736 elfeeti.
2876 1681 3010 1734 Cum
3039 1681 3181 1735 enim
3221 1681 3429 1739 Patrem
3463 1692 3616 1736 vocat
3640 1726 3652 1745 ,
3689 1683 3829 1735 ﬁlios

2236 1768 2427 1821 indicat
2455 1788 2466 1834 ,'
2496 1785 2611 1823 cum
2648 1771 2780 1824 filios
2804 1772 2950 1835 dicit,
2984 1789 3195 1830 onmem
3221 1775 3481 1827 honorum
3512 1776 3827 1829 thesaurum

2234 1862 2455 1916 revelat.
2511 1862 2928 1919 Perseveremus
2987 1865 3127 1924 hono
3176 1876 3321 1923 tanto
3376 1868 3589 1940 dignam
3660 1870 3826 1923 vitam

2230 1951 2565 2017 exhibentes,
2591 1962 2644 2006 et
2673 1970 2854 2022 pacem
2887 1959 3335 2030 sanetitatemque
3368 1972 3674 2015 servantes.
3703 1961 3825 2015 Cae-

2234 2054 2362 2099 tera:
2406 2047 2602 2117 quippe
2650 2048 2938 2117 dignitates
2986 2060 3346 2118 tempto-aueo:
3395 2066 3551 2118 sunt,
3594 2069 3657 2109 ac
3704 2070 3825 2110 cum

2234 2139 2480 2208 praesenti
2518 2143 2622 2193 vita
2650 2144 2898 2204 avolant;
2948 2147 3169 2212 peconia
3216 2164 3425 2216 quaque
3470 2149 3777 2203 venduntur
3810 2169 3823 2203 :

2233 2232 2373 2288 unde
2407 2248 2508 2286 non
2537 2233 2826 2301 dignitates
2848 2238 2969 2306 quis
3002 2238 3220 2303 dixerit,
3247 2241 3340 2295 sed
3372 2242 3692 2310 dignitatum
3728 2262 3825 2295 no-

2233 2326 2374 2379 mina
2406 2337 2607 2383 tantum
2631 2371 2644 2391 ,
2676 2344 2792 2397 qua:
2828 2330 2876 2383 in
2904 2334 3127 2389 vestiunt
3160 2334 3549 2404 magniﬁcentia
3584 2348 3637 2393 et
3667 2339 3825 2393 satel-

2235 2418 2389 2475 litum
2418 2420 2724 2477 adulatioue
2766 2426 2871 2477 vim
2921 2426 3137 2479 habent.
3183 2426 3293 2485 lloc
3319 2440 3530 2491 autem,
3566 2442 3753 2499 utpote
3794 2448 3821 2486 a

2235 2513 2344 2571 Deo
2374 2514 2624 2567 collatum
2650 2558 2663 2579 ,
2698 2516 2895 2569 donum
2929 2518 3370 2583 sanctiﬁcationis
3398 2534 3451 2577 et
3481 2522 3787 2592 adoptionis
3806 2566 3820 2587 ,

2232 2618 2405 2662 morte
2430 2625 2534 2661 non
2562 2609 2783 2674 tollitur;
2817 2611 2912 2666 sed
2940 2622 2992 2665 et
3017 2613 3099 2674 hic
3120 2615 3427 2683 splendidos
3456 2617 3643 2676 cfﬁeit.
3675 2631 3725 2671 et
3757 2620 3821 2675 ad

2232 2696 2463 2756 futuram
2496 2700 2655 2753 vitam
2685 2703 2960 2763 nobiscum
2987 2705 3268 2777 demigrat.
3297 2708 3429 2768 Nam
3458 2714 3545 2780 qui
3578 2714 3824 2781 adoptiu-

2233 2806 2353 2847 nem
2391 2803 2609 2859 servat,
2660 2803 2714 2849 et
2762 2798 3236 2855 sanctilicationem
3277 2817 3526 2862 accurate
3557 2807 3819 2870 custodit,

2234 2883 2359 2950 illo,
2392 2886 2479 2954 qui
2512 2885 2813 2943 diademate
2845 2890 3123 2946 redimitur
3159 2905 3213 2947 et
3256 2910 3493 2967 purpura
3540 2899 3782 2954 induitur
3806 2942 3822 2966 ,

2233 2976 2389 3049 longe
2433 2979 2765 3047 splemlidior
2814 2982 3127 3055 feliciorque
3153 3000 3233 3042 est
3261 3031 3275 3052 ,
3296 3002 3461 3060 atque
3490 2992 3540 3044 in
3574 2993 3824 3060 praesenti

2231 3073 2337 3131 vita
2358 3075 2740 3143 tranquillitate
2770 3074 2961 3137 fruitur
2987 3095 3310 3153 magna,spe
3334 3085 3472 3141 bona
3494 3084 3682 3149 fretus.
3710 3090 3828 3143 nul~

2233 3168 2443 3238 Iamque
2487 3169 2688 3224 habens
2734 3174 2987 3225 tumultus
3025 3184 3079 3228 et
3114 3178 3531 3247 perturbationis
3578 3183 3824 3236 occasio-

2234 3277 2378 3328 nem,
2396 3262 2488 3316 sed
2504 3266 2774 3333 voluptate
2793 3278 3042 3337 perpetua
3060 3270 3316 3339 gaudens.
3336 3272 3668 3333 llilaritatem
3683 3280 3824 3331 enim

2234 3364 2290 3408 et
2320 3356 2554 3416 lietitiam
2586 3372 2688 3410 non
2720 3358 2927 3427 imperii
2957 3363 3285 3431 magnitudo,
3323 3380 3427 3420 non
3458 3367 3537 3421 vis
3569 3372 3827 3446 pecunia-

2235 3462 2379 3517 rum,
2422 3463 2524 3509 non
2559 3449 2808 3517 putentize
2843 3450 3043 3513 fastus.
3073 3470 3176 3507 non
3228 3455 3393 3511 robur
3418 3461 3685 3524 corporis.
3722 3478 3827 3515 non

2236 3541 2600 3601 lautamcnsa,
2622 3556 2726 3595 non
2754 3546 3228 3611 vestiumornatus,
3256 3563 3359 3602 non
3384 3548 3526 3608 aliud
3554 3553 3828 3623 quidpiam

2238 3632 2526 3694 humanum
2552 3650 2738 3702 parere
2786 3637 2962 3705 solet,
3008 3638 3100 3693 sed
3134 3650 3278 3697 recte
3312 3642 3505 3702 factum
3550 3647 3831 3715 spiritualo

2239 3738 2440 3791 tantum
2466 3739 2520 3783 et
2546 3729 2678 3783 bona
2713 3733 3065 3791 conscientia.
3100 3734 3197 3808 Qui
3229 3750 3413 3805 pttram
3446 3723 3592 3800 illam
3624 3752 3829 3809 servat,

2235 3824 2443 3885 etiamsi
2476 3824 2666 3879 laceris
2691 3828 2876 3893 pannis
2900 3825 3170 3893 induatur,
3200 3830 3301 3884 etsi
3329 3845 3455 3893 eum
3482 3834 3623 3888 far-te
3653 3835 3827 3890 lucte-

2238 3924 2343 3979 tur,
2376 3915 2547 3969 la'tior
2574 3926 2656 3969 est
2683 3917 2746 3971 iis
2770 3959 2782 3977 ,
2810 3918 2899 3986 qui
2931 3920 2981 3972 iu
3010 3921 3233 3975 summis
3274 3922 3477 3978 deliciis
3504 3938 3827 3992 versantur;

2239 4019 2297 4063 ut
2327 4010 2440 4067 vice
2464 4025 2635 4074 versa,
2667 4012 2754 4080 qui
2791 4013 3051 4070 malorum
3084 4016 3181 4069 sibi
3206 4018 3452 4072 censebis
3482 4029 3585 4083 est,
3618 4021 3832 4080 etiamsi

2239 4105 2486 4159 omnibus
2533 4106 2726 4173 Opibus
2770 4106 3139 4173 circumfluat,
3209 4113 3447 4165 omnium
3495 4114 3833 4169 miserrimus

2238 4208 2339 4251 est.
2410 4196 2636 4267 Ideoque
2684 4198 2879 4255 Paulus
2921 4200 2970 4253 in
3024 4202 3240 4261 assidua
3291 4204 3428 4256 fame
3477 4216 3531 4263 et
3588 4206 3833 4263 nuditate

2240 4306 2461 4346 versans
2485 4332 2500 4356 ,
2557 4292 2778 4361 ﬂagellis
2829 4293 3065 4362 quotidie
3095 4310 3267 4349 ezrsus
3290 4335 3305 4357 .
3348 4297 3461 4365 phis
3482 4314 3642 4368 quam
3674 4315 3831 4371 ngas

2238 4383 2502 4452 gaudebat
2558 4394 2612 4438 et
2670 4385 2948 4438 ιλιιιειιιιιιιιι·
3000 4404 3012 4437 :
3080 4390 3266 4447 Achab
3319 4408 3445 4444 vero
3497 4409 3729 4463 regnans
3775 4412 3831 4452 et

2240 4476 2400 4530 lautis
2434 4476 2616 4532 fruens
2642 4476 2871 4542 deliciis,
2898 4478 3016 4547 quia
3047 4492 3322 4549 peccatum
3356 4483 3484 4537 illud
3514 4486 3827 4554 admiserat,

2238 4568 2512 4637 gemebat,
2546 4570 2735 4631 anxius
2767 4582 2915 4632 erat,
2958 4581 3011 4626 et
3038 4573 3212 4626 vultus
3239 4578 3355 4641 ejus
3383 4577 3723 4642 conciderat.
3775 4590 3830 4635 et

2238 4673 2362 4716 ante
2394 4670 2666 4728 peccatum
2694 4671 2748 4716 et
2778 4672 2896 4732 post
2920 4675 3213 4732 pecudum.
3244 4666 3300 4721 Si
3328 4670 3551 4722 velimus
3577 4687 3709 4742 ergo
3738 4690 3830 4728 νο-

2240 4752 2441 4820 luptate
2468 4752 2568 4810 frui
2595 4796 2611 4820 ,
2640 4764 2764 4810 ante
2795 4760 2974 4811 omnia
3007 4760 3293 4827 nequitiam
3328 4762 3589 4832 fugiamus
3614 4808 3628 4827 ,
3661 4769 3827 4820 virtu-

2241 4854 2453 4915 temque
2501 4856 2815 4915 sectemur,
2856 4850 2996 4920 quod
3048 4869 3152 4904 non
3206 4854 3470 4921 possimus
3520 4858 3628 4911 alio
3666 4858 3830 4913 modo

2240 4939 2566 5009 voluptatein
2596 4943 2828 5011 assequi,
2858 4943 3065 4998 etiamsi
3099 4945 3147 4997 in
3182 4946 3353 5013 ipsum
3379 4949 3574 5003 solium
3618 4951 3821 5021 regiqu

2236 5030 2607 5093 ascendamus.
2650 5032 3008 5101 Quamobrem
3064 5035 3258 5095 Paulus
3302 5040 3556 5094 dicebat:
3604 5040 3825 5107 Fructus

2236 5137 2401 5184 autem
2432 5126 2657 5196 Spiritus
2689 5137 2758 5180 est
2798 5130 3003 5196 caritas,
3032 5132 3293 5201 gaudium.
3325 5151 3427 5204 pax
3454 5134 3598 5201 (Gal.
3623 5137 3676 5191 5.
3702 5138 3817 5207 ἥ).

2237 5219 2387 5275 llunc
2412 5235 2540 5290 ergo
2573 5220 2800 5275 fructum
2828 5223 2968 5291 apud
3000 5239 3097 5279 nos
3125 5241 3423 5292 servemus,
3452 5238 3506 5282 ut
3537 5230 3621 5284 hic
3645 5230 3821 5288 laetitia

2236 5316 2475 5371 fruamur
2496 5358 2509 5381 ,
2540 5325 2593 5369 et
2622 5315 2852 5371 fotttrunt
2887 5335 3107 5387 regnum
3138 5337 3488 5392 assequamur
3514 5366 3527 5385 ,
3556 5326 3720 5391 gratia
3770 5336 3821 5382 et

2236 5408 2562 5479 benignitate
2599 5410 2804 5464 Domini
2840 5414 3004 5467 nostri
3036 5413 3156 5468 Iesu
3184 5413 3406 5482 ChriSLi,
3438 5420 3649 5487 quicum
3679 5420 3818 5475 Patri

2234 5503 2423 5571 gloria.
2451 5518 2551 5556 una
2577 5518 2695 5556 cum
2724 5515 2909 5561 saneto
2939 5506 3161 5577 Spiritu,
3192 5524 3331 5566 nunc
3362 5519 3415 5566 et
3437 5526 3669 5585 semper,
3694 5526 3749 5575 et
3768 5515 3815 5576 iu

2234 5596 2425 5651 saecula
2457 5597 2797 5653 ita-culorum.
2825 5600 3016 5656 Amen.

2298 5760 2311 5790 ι
2348 5760 2442 5809 Alii
2467 5758 2657 5819 texunt,
2675 5774 2855 5823 suntm,
2884 5774 2987 5825 iro,
3010 5769 3132 5815 sunt.
