4056 6496
209 445 319 502 599

207 557 383 628 ψυχή.
425 553 714 624 Ῥωμαίοις
745 552 852 622 γάρ
893 552 1272 621 διαλεγόμενος
1301 556 1411 617 τοῖς
1458 552 1647 620 ὥσπερ
1699 553 1756 602 ἐν
1806 566 1895 601 κο-

215 645 366 714 ρυφῇ
411 657 520 692 τινι
577 641 672 708 τῆς
730 639 1055 707 οἰκουμένης
1116 640 1336 708 ἀπάσης
1361 638 1708 705 καθημένοις.
1747 635 1897 687 οὐδὲν

215 725 382 779 πλέον
408 724 589 785 αὐτοῖς
609 723 791 775 δίδωσι
817 720 926 773 τῶν
947 720 1149 773 λοιπῶν
1179 721 1371 781 ἐθνῶν,
1399 720 1542 782 οῦδὲ,
1570 717 1756 786 ἐπειδὴ
1776 718 1896 770 τότε

209 819 482 886 ἐκράτουν
505 815 598 868 καὶ
628 813 963 873 ἐϐασίλευον,
997 813 1091 864 καὶ
1117 813 1173 863 ὲν
1199 815 1310 874 τοῖς
1337 812 1733 880 πνευματικοῖς
1762 807 1896 878 φησί

208 922 268 958 τι
305 904 468 958 πλέον
508 903 703 965 αὐτοὺς
727 901 890 970 ἔχειν·
927 899 1066 961 ἀλλ’,
1095 900 1325 972 Ὠσπερ,
1365 901 1522 969 φησὶ,
1572 900 1682 959 τοῖς
1716 896 1896 949 ἔθνεσι

207 989 356 1041 πᾶσι
404 985 764 1058 κηρύττομεν,
799 982 944 1036 οὕτω
996 983 1092 1036 καὶ
1143 985 1293 1054 ύμῖν,
1345 985 1481 1054 μετά
1537 981 1760 1036 Σκυθῶν
1803 981 1896 1033 καὶ

210 1079 370 1155 [454]
401 1077 630 1149 Θρᾳκῶν
660 1077 857 1138 αὐτοὺς
891 1075 1142 1148 ἀριθμῶν
1167 1093 1179 1104 ⁸
1211 1077 1337 1130 ἐπεὶ
1369 1080 1417 1130 εἰ
1451 1078 1523 1147 μὴ
1554 1077 1712 1129 τοῦτο
1742 1075 1899 1128 ἐϐού-

209 1165 341 1217 λετο
367 1162 640 1232 δηλῶσαι,
685 1160 941 1230 περιττὸν
968 1156 1037 1231 ἦν
1064 1161 1124 1213 τὸ
1151 1163 1344 1224 εἰπεῖν,
1386 1161 1482 1213 Ἐν
1513 1155 1602 1225 οἷς
1626 1161 1766 1212 ἐστε
1799 1158 1898 1212 καὶ

207 1247 409 1316 ὑμεῖς.
460 1242 645 1297 Ταῦτα
688 1242 746 1296 δὲ
789 1245 942 1298 ποιεῖ
974 1244 1250 1315 καθαιρῶν
1297 1243 1477 1297 αὐτῶν
1521 1244 1582 1296 τὸ
1622 1244 1895 1314 φρόνημα,

211 1333 313 1386 καὶ
362 1330 534 1384 κενῶν
573 1328 633 1382 τὸ
665 1329 894 1398 φύσημα
933 1328 1035 1396 τῆς
1079 1327 1337 1393 διανοίας,
1370 1328 1464 1379 καὶ
1493 1327 1758 1381 διδάσκων
1799 1328 1897 1379 αύ-

211 1415 342 1476 τοῦς
359 1413 455 1483 τὴν
475 1412 608 1483 πρὸς
625 1414 751 1474 τοὺς
769 1411 962 1474 ἄλλους
982 1412 1252 1481 ἰσοτιμίαν
1274 1424 1322 1464 α.
1353 1411 1443 1466 Διὸ
1465 1412 1741 1481 ἐπήγαγεν
1767 1412 1899 1464 αὐτὸ

208 1505 376 1560 τοῦτο
416 1504 592 1573 λέγων
615 1521 630 1536 ο
675 1506 777 1558 Ἐν
805 1499 897 1569 οἷς
923 1504 1065 1557 ἐστε
1097 1504 1198 1557 καὶ
1230 1503 1400 1573 ὑμεῖς
1439 1503 1653 1570 κλητοί
1695 1502 1898 1569 Ἰησοῦ

209 1589 512 1658 Χριστοῦ·
562 1589 830 1651 τουτέστι,
873 1589 1009 1644 Μεθ’
1035 1582 1110 1641 ὧν
1153 1591 1276 1642 ἐστε
1308 1589 1399 1641 καὶ
1439 1589 1613 1658 ὑμεῖς.
1661 1589 1770 1642 Καὶ
1799 1588 1900 1641 οὐκ

210 1670 404 1738 εἶπεν,
447 1675 526 1727 ὄτι
564 1674 702 1735 Τοὺς
753 1671 946 1734 ἀλλους
982 1671 1100 1742 μεθ’
1149 1671 1321 1742 ὑμῶν,
1359 1669 1474 1723 ἀλλ’
1537 1670 1714 1740 ’Υμᾶς
1762 1669 1900 1738 μετά

209 1760 327 1812 τῶν
385 1759 560 1811 ἄλλων
609 1757 888 1809 ἐκάλεσεν.
939 1757 1001 1809 Εἰ
1052 1755 1160 1825 γάρ
1207 1757 1264 1808 ἐν
1315 1753 1536 1825 Χριστῷ
1595 1752 1768 1824 Ἰησοῦ
1799 1754 1900 1806 οὐκ

211 1849 334 1902 ἔστι
364 1848 547 1910 δοῦλος
578 1847 699 1900 οὐδὲ
738 1847 1039 1916 ἐλεύθερος,
1071 1845 1249 1915 πολλῷ
1277 1827 1475 1916 μᾶλλον
1496 1845 1614 1899 οὐδὲ
1647 1845 1900 1915 βασιλεὺς

212 1938 315 1990 καὶ
344 1935 556 2005 ἰδιώτης
576 1953 589 1967 ο
624 1937 717 1988 καὶ
748 1935 853 2004 γάρ
891 1935 1049 2004 ὑμεῖς
1078 1934 1365 2003 ἐκλήθητε,
1399 1935 1494 1989 καὶ
1522 1935 1622 1986 οὐκ
1661 1935 1753 2005 ἀφ’
1777 1936 1902 1987 ἐαυ-

210 2021 328 2072 τῶν
373 2019 732 2089 προσήλθετε.
783 2015 940 2071 Πᾶσαι
978 2016 1101 2083 τοῖς
1127 2014 1308 2071 οὖσιν
1341 2018 1411 2070 ἐν
1452 2017 1640 2088 Ῥώμῃ
1675 2020 1904 2086 ἀγαπη-

211 2104 345 2166 τοῖς
392 2103 568 2165 Θεοῦ,
607 2101 853 2170 κλητοῖς
898 2101 1108 2169 ἁγίοις,
1149 2101 1320 2169 χάρις
1365 2103 1510 2164 ὑμῖν
1551 2104 1648 2156 καὶ
1691 2103 1900 2172 εἰρήνη

212 2186 340 2241 ἀπὸ
368 2185 515 2238 Θεοῦ
542 2187 773 2254 Πατρύς
801 2183 972 2253 ἡμῶν
995 2185 1093 2237 καὶ
1123 2187 1343 2252 Κυρίου
1387 2186 1592 2250 Ἰησοῦ
1616 2186 1898 2254 Χριστοῦ.

215 2271 365 2339 ⁶ὐρα
396 2271 511 2333 πῶς
540 2271 778 2339 συνεχῶς
800 2272 860 2322 τὸ
883 2269 1054 2340 ὄνομα
1079 2268 1172 2322 τοῦ
1201 2268 1400 2338 κλητοῦ
1430 2271 1635 2339 τίθησι,
1667 2272 1902 2338 Κ.ἰητὸς

214 2354 587 2421 ἀπόστολος,
621 2355 812 2423 λέγων.
866 2354 967 2407 Ἓν
1009 2349 1100 2419 οἷς
1149 2354 1290 2406 ἐστε
1321 2355 1420 2408 καὶ
1458 2355 1625 2423 ὑμεῖς
1666 2357 1899 2421 κλητοίο

212 2444 380 2500 Πᾶσι
415 2446 536 2513 τοῖς
569 2443 748 2500 οὖσιν
775 2447 845 2498 ἐν
889 2445 1077 2514 Ῥώμῃ
1102 2444 1366 2512 κλητοῖς.
1397 2446 1570 2499 Τοῦτο
1611 2447 1666 2499 δὲ
1710 2448 1769 2500 ού
1816 2465 1905 2500 πε·

218 2529 548 2601 ριττολογῶν
589 2533 751 2592 ποιεῖ,
788 2529 924 2583 ἀλλά
955 2529 1274 2599 βουλόμενος
1307 2530 1501 2592 αὐτοὺς
1539 2534 1639 2600 τῆς
1677 2533 1904 2602 εύενργεο

218 2614 346 2677 σίας
400 2613 733 2683 ἀναμνῆσαι.
806 2613 1023 2683 Ἐπειδὴ
1074 2615 1183 2682 γὰρ
1239 2613 1385 2676 εἰκὸς
1435 2609 1501 2683 ἦν
1553 2616 1610 2667 ἐν
1656 2619 1768 2677 τοῖς
1811 2633 1903 2668 πι-

218 2696 473 2749 στεύουσι
502 2699 592 2749 καὶ
627 2697 684 2761 ἐξ
715 2698 979 2768 ὑπάρχων
1002 2690 1140 2749 εἶναι
1165 2697 1260 2748 καὶ
1282 2696 1521 2762 ὑπάτων,
1543 2701 1637 2751 καὶ
1666 2701 1904 2770 πένητας

218 2789 316 2842 καὶ
345 2788 579 2852 ἰδιώτας,
620 2789 897 2842 ἐκϐάλλων
935 2789 1030 2859 τὴν
1071 2789 1389 2858 ἀνωμαλίαν
1414 2789 1522 2842 τῶν
1550 2792 1900 2860 ἀξιωμάτων,

218 2875 358 2925 πᾶσι
409 2874 538 2942 μίαν
573 2874 877 2926 ἐπιστέλλει
907 2874 1299 2944 προσηγορίαν.
1336 2872 1398 2925 Εἰ
1431 2873 1485 2925 δὲ
1518 2876 1574 2926 ἐν
1599 2877 1709 2938 τοῖς
1738 2877 1905 2946 ἀναγ.

219 2957 405 3011 καιοτέ
417 2974 529 3026 ροις
552 2959 646 3009 καὶ
668 2959 1059 3028 πνευματικοῖς
1083 2957 1239 3012 κοινά
1259 2957 1464 3022 δούλοις
1489 2958 1582 3010 καὶ
1601 2959 1904 3030 ἐλευθέροις

219 3050 438 3104 ἅπαντα
473 3049 780 3120 πρόκειται,
829 3043 1004 3118 οἷονὴ
1053 3049 1241 3118 ἀγάπη
1286 3052 1318 3120 ἡ
1353 3051 1502 3122 παρὰ
1544 3051 1639 3106 τοῦ
1683 3050 1841 3111 Θεοῦ,
1871 3053 1904 3121 η

219 3139 434 3210 κλῆσις,
463 3139 524 3191 τὸ
552 3137 902 3206 Εύαγγέλιον,
929 3140 961 3207 ἡ
990 3135 1248 3201 υἱοθεσία,
1285 3140 1316 3208 ἠ
1361 3139 1541 3208 χάρις,
1577 3141 1613 3208 ἡ
1642 3142 1853 3210 εἰρήνη,
1878 3141 1906 3192 0

218 3225 514 3293 ἁγιασμὸς,
559 3224 628 3276 τὰ
656 3223 788 3276 ἄλλα
835 3223 1031 3280 πάντα,
1065 3223 1182 3284 πῶς
1212 3223 1446 3294 ἐσχάτης
1477 3224 1661 3286 ἀνοίας
1699 3224 1798 3275 οὐκ
1838 3223 1910 3278 διν

219 3307 333 3378 εἴη,
371 3307 463 3370 οῦς
498 3309 526 3360 0
553 3307 685 3370 Θεὸς
723 3305 928 3378 συνῆψε
957 3307 1052 3360 καὶ
1083 3308 1381 3376 ὁμοτίμους
1412 3307 1665 3376 ἐποίησεν
1693 3309 1749 3359 ἐν
1792 3309 1906 3371 τοῖς

223 3392 460 3464 μείζοσι,
491 3392 710 3455 τούτους
733 3392 962 3462 διαιρεῖν
991 3391 1098 3445 ἀπὸ
1117 3391 1225 3442 τῶν
1249 3393 1304 3443 ἐν
1330 3395 1394 3462 τῇ
1426 3394 1494 3462 γῇ
1528 3394 1903 3462 πραγμάτων;

217 3475 322 3528 Διά
360 3493 440 3528 τοι
470 3475 626 3528 τοῦτο
664 3475 772 3528 ἀπὸ
803 3476 911 3528 τῶν
943 3476 1246 3545 προοιμίων
1293 3475 1471 3527 αὐτῶν
1517 3477 1617 3546 τὴν
1663 3476 1906 3547 χαλεπὴν

219 3557 428 3627 ταύτην
453 3557 698 3611 ἐκϐαλὼν
723 3559 884 3612 νόσον
908 3557 937 3608 0
963 3557 1228 3628 μακάριος
1257 3550 1432 3619 οὗτος,
1462 3559 1542 3620 εἰς
1567 3557 1666 3627 τὴν
1693 3559 1907 3629 μητέρα

220 3641 332 3693 τῶν
362 3641 583 3708 ἀγαθῶν
614 3643 810 3704 αὐτοὺς
849 3641 1160 3712 ἐμϐιϐάζει,
1182 3641 1704 3709 ταπεινοφροσύνην.
1734 3641 1906 3693 Τοῦτο

221 3734 321 3786 καὶ
349 3734 566 3795 οἰκέτας
607 3731 850 3802 βελτίους
890 3732 1196 3800 είργάζετο,
1218 3733 1587 3802 μανθάνοντας
1632 3733 1704 3796 ὡς
1752 3733 1906 3786 οὐδὲν

221 3818 288 3869 ἐκ
304 3817 400 3887 τῆς
427 3816 670 3880 δουλείας
702 3817 1241 3889 παραϐλαϐησονται,
1273 3818 1371 3885 τὴν
1391 3817 1559 3880 ὅντως
1595 3817 1905 3884 ἐλευθερίαν

221 3899 439 3969 ἔχοντες
456 3917 471 3931 ·
497 3899 658 3953 τοῦτο
684 3901 779 3955 καὶ
804 3902 933 3962 τοὺς
960 3901 1230 3962 δεσπότας
1255 3900 1634 3969 παρεσκεύαζε
1674 3900 1903 3968 μετριά-

221 3984 358 4047 ζειν,
401 3984 825 4054 παιδευομένους
889 3985 965 4047 ώς
992 3984 1143 4038 οὐδὲν
1190 3986 1376 4047 αὐτοῖς
1404 3984 1595 4052 ὄφελος
1621 3983 1722 4053 τῆς
1751 3985 1906 4036 ἐλεύ-

223 4076 431 4145 θερίας,
468 4077 532 4128 ἂν
567 4075 641 4145 μὴ
667 4094 728 4129 τα
765 4077 860 4146 τῆς
893 4076 1128 4139 πίστεως
1232 4077 1640 4148 προηγούμενα.
1677 4077 1794 4130 Καὶ¹
1819 4078 1905 4130 ἵνα

228 4160 433 4230 μάθῃς,
466 4161 548 4211 ὅτι
589 4161 646 4210 ού
692 4159 954 4232 σύγχυσιν
1005 4159 1373 4230 ἐργαςόμενος
1403 4158 1559 4213 τοῦτο
1602 4159 1777 4212 ἐποίει
1812 4161 1904 4212 καὶ

225 4247 406 4299 πάντα
455 4249 672 4316 μιγνὺς,
731 4247 845 4299 ἀλλ’
892 4243 1000 4300 οἶδε
1057 4249 1148 4300 καὶ
1193 4247 1457 4318 διαίρεσιν
1503 4248 1753 4318 ἀρίστην,
1805 4249 1905 4320 οὐχ

225 4334 413 4398 ἁπλῶς
457 4335 663 4404 ἔγραψε
702 4337 835 4388 πᾶσι
876 4337 990 4398 τοῖς
1034 4331 1183 4389 οὖσιν
1218 4339 1276 4388 ὲν
1332 4337 1539 4406 Ῥώμῃ,
1594 4336 1730 4389 ἀλλά
1766 4336 1903 4405 μετά

222 4423 527 4493 διορισμοῦ,
569 4422 694 4488 Τοῖς
716 4423 1044 4492 ἀγαπητοῖς
1070 4425 1174 4478 τοῦ
1204 4425 1370 4478 Θεοῦ.
1407 4424 1553 4494 Αῦτη
1589 4425 1698 4496 γὰρ
1726 4426 1758 4496 η
1782 4426 1902 4498 ἀρίο

225 4529 322 4582 στη
352 4511 640 4583 διάκρισις,
678 4514 768 4565 καὶ
797 4512 1078 4565 δείκνυσιὶι
1111 4513 1272 4566 πόθεν
1303 4515 1330 4565 0
1361 4514 1651 4584 ἀγιασμός.

292 4601 356 4652 δ’.
376 4599 541 4652 Πόθεν
559 4596 650 4653 οῦν
667 4601 694 4652 0
717 4600 986 4670 ἀγιασμός
1005 4617 1020 4665 ;
1037 4601 1171 4654 Ἀπὸ
1186 4605 1284 4671 τῆς
1305 4602 1543 4671 ἀγάπης.
1565 4603 1749 4655 Εἰπὼν
1770 4602 1900 4674 γὰρ,

235 4686 598 4759 Ἆγαπητοῖς.
646 4687 767 4740 τότε
815 4689 1100 4758 ἐπήγαγε,
1151 4690 1408 4756 Κλητοῖς
1467 4691 1675 4757 ἁγίοις,
1728 4691 1904 4760 δηλῶν

223 4776 303 4827 ὅτι
327 4785 349 4812 ε
385 4773 630 4827 ἐντεῦθεν
653 4777 782 4845 ἡμῖν
806 4778 836 4846 ἡ
863 4777 1013 4847 πηγὴ
1034 4776 1142 4829 τῶν
1162 4778 1384 4845 ἀγαθῶν
1413 4779 1689 4832 ἁπάντων
1715 4780 1903 4847 ἁγίους

225 4862 277 4914 δὲ
311 4861 439 4924 τοῦς
476 4864 697 4926 πιστοὺς
728 4863 882 4916 καλεῖ
911 4865 1137 4928 πάντας.
1173 4865 1353 4934 Χάρις
1377 4866 1520 4935 ὑμῖν
1539 4869 1636 4920 καί
1669 4869 1900 4936 εἰρήνη.

226 4951 288 5001 Ὢ
331 4950 699 5021 προσηγορίας
755 4951 926 5021 μυρία
974 4953 1245 5024 φερούσης
1295 4955 1496 5022 ἀγαθάί
1544 4955 1716 5008 Τοῦτο
1753 4956 1846 5009 καὶ
1876 4959 1904 5010 0

225 5037 456 5108 Χριστὸς
485 5039 596 5099 τοῖς
625 5039 946 5101 ἀποστόλοις
987 5042 1066 5103 εἰς
1095 5041 1192 5102 τάς
1218 5041 1393 5105 οἰκίας
1419 5042 1649 5095 εἰσιοῦσι
1685 5043 1903 5114 πρῶτον

230 5127 379 5198 ῥῆμα
406 5126 636 5193 φάσκειν
666 5126 952 5183 ἐπέταττε.
985 5129 1082 5181 Διά
1109 5129 1267 5182 τοῦτο
1291 5131 1385 5183 καί
1410 5132 1437 5182 0
1473 5131 1684 5194 Παῦλος
1714 5130 1898 5184 ἐντεῦο

227 5213 316 5266 θεν
351 5213 624 5284 πανταχοῦ
662 5213 1102 5284 προοιμιάζεται,
1133 5217 1240 5270 ἀπὸ
1277 5218 1375 5286 τῆς
1415 5219 1636 5289 χάριτος
1671 5221 1772 5272 καὶ.
1802 5223 1902 5291 τῆς

228 5302 466 5370 εἰρήνης.
497 5301 631 5353 υύδέ
656 5302 766 5372 γάρ
790 5302 984 5372 μικρὸν
1019 5304 1312 5359 κατέλυσεν
1336 5309 1363 5358 0
1383 5307 1619 5376 Χριστὸς
1641 5307 1899 5378 πόλεμον,

227 5387 360 5443 ἀλλά
408 5388 502 5440 καὶ
541 5389 783 5441 ποικίλον
830 5391 924 5443 καὶ
978 5391 1320 5446 παντοδαπὸν
1373 5394 1470 5447 καὶ
1509 5396 1742 5466 χρόνιον,
1808 5399 1902 5450 καὶ

225 5477 408 5531 τοῦτον
436 5477 536 5528 οὐκ
562 5479 623 5528 ἐκ
653 5478 760 5529 τῶν
789 5478 1075 5548 ἡμετέρων
1097 5481 1292 5547 πόνων,
1324 5483 1462 5536 ἀλλά
1492 5484 1580 5536 διὰ
1601 5485 1702 5555 τῆς
1730 5485 1899 5539 αὑτοῦ

283 5619 299 5689 ξ
327 5621 431 5689 l)u_o
457 5632 570 5666 mss.
595 5619 829 5689 τήν-..πρὸς
847 5621 1078 5677 ἀλλήλους
1097 5623 1250 5689 ἰσοτκ
1286 5624 1347 5689 -ὺγ
1365 5623 1536 5685 Iidem,
1587 5626 1821 5689 διάκρισις
1864 5629 1894 5684 ἢ

222 5684 298 5736 καὶ
337 5683 563 5734 δείκνυσι.
630 5685 652 5711 ε
681 5682 765 5730 Sic
783 5696 897 5730 mss.
938 5692 1094 5732 recte.
1128 5684 1251 5734 Edili
1280 5687 1512 5744 δηλονότι.

1451 441 1517 496 ΙΝ
1563 439 1784 496 EPIST.
1823 438 1912 492 AD
1950 437 2117 491 ΠΟΜ.
2163 435 2399 490 ΙῘΟΜΠρ.
2444 433 2481 489 Ι.

3585 429 3679 488 600

1999 547 2241 618 χάριτος.
2283 545 2434 618 ὶιιὸὄ]
2485 546 2637 599 Ἐπεὶ
2670 539 2762 598 οὖν
2795 547 2827 614 ἡ
2869 544 2969 616 μὲν
2994 544 3184 614 ἀγάπη
3212 545 3308 614 τὴν
3342 542 3522 616 χάριν,
3557 544 3590 612 ἡ
3631 539 3691 594 ἑὲ

1997 635 2157 705 χάρις
2185 634 2284 704 τὴν
2320 636 2545 704 είρηνην
2569 632 2902 702 ἐδωρήσατο,
2936 633 3011 695 ὼς
3036 635 3093 684 ἐν
3120 633 3272 697 τάξει
3313 632 3682 703 προσηγορίας

1999 725 2138 779 αύτά
2171 724 2303 786 θεὶς,
2337 723 2630 792 ἐπεύχεται
2669 723 2851 790 μένειν
2881 721 3103 793 διηνεκῆ
3136 723 3230 774 καὶ
3262 721 3516 790 ἀκίνητα,
3549 721 3693 776 ibo-.5

2002 812 2077 882 μὴ
2105 812 2268 865 πάλιν
2293 813 2480 881 ἕτερον
2511 811 2976 882 ἀναρριπισθῆναι
3006 811 3245 882 πόλεμον
3267 827 3279 840 ·
3311 811 3407 864 καὶ
3436 827 3682 880 παρακα-

1998 901 2080 953 λεῖ
2107 900 2199 954 τὸν
2243 901 2536 961 δεδωκότα,
2571 902 2743 964 πάγια
2783 901 2956 953 ταῦτα
2986 899 3284 971 διατηρεῖν,
3313 899 3456 952 οὕτω
3483 899 3685 966 λέγων

2000 989 2181 1056 Χάρις
2209 988 2354 1058 ὑμῖν
2390 989 2485 1041 καὶ
2523 987 2734 1057 εἰρήνη
2763 987 2880 1041 ἀπὸ
2917 986 3067 1041 Θεοῦ
3097 988 3330 1054 Πατρός
3363 985 3551 1055 ἡμῶν,
3594 981 3690 1039 καὶ

2002 1077 2223 1143 Kvplov
2270 1075 2473 1141 Ἰησοῦ
2506 1073 2786 1142 Χριστοῦ.
2848 1073 2979 1126 Ἰδοὺ
3009 1073 3246 1126 ἐνταῦθα
3276 1074 3358 1136 τὸ,
3394 1071 3533 1134 ἀπὸ,
3572 1089 3686 1124 x01-

2000 1165 2089 1216 νόν
2123 1165 2240 1216 ἐστι
2273 1164 2487 1234 Πατρὸς
2523 1164 2615 1216 καὶ
2646 1161 2800 1224 Υἰοῦ,
2834 1162 2970 1229 ὅπερ
3005 1163 3153 1214 ἐστὶν
3201 1163 3314 1214 ίσον
3346 1160 3442 1232 τῷ,
3488 1161 3576 1227 Ἐξ
3605 1153 3686 1212 οὒ.

2001 1252 2076 1304 Ού
2106 1251 2214 1321 γάρ
2244 1247 2386 1317 εἷπε,
2428 1251 2604 1320 Χάρις
2634 1251 2764 1320 ὑμῖν
2797 1250 2890 1303 καὶ
2923 1249 3115 1320 εἰρήνη
3164 1249 3273 1302 ἀπὸ
3307 1249 3442 1301 Θεοῦ
3482 1249 3693 1319 Πατρὶς

2000 1341 2087 1394 διὰ
2134 1340 2228 1393 τοῦ
2267 1341 2474 1412 Κυρίου
2505 1338 2664 1410 ἡμῶν
2715 1337 2889 1409 Ἰησοῦ
2922 1336 3512 1420 ΧριστοῦηδάλλᾎἉπὸ
3545 1335 3690 1390 Θεοῦ

2001 1429 2234 1497 Πατρός
2274 1430 2372 1482 καὶ
2421 1429 2644 1497 Κυρίου
2686 1424 2857 1496 ἡμῶν
2915 1425 3120 1492 Ἰησοῦ
3171 1424 3450 1494 Χριστοῦ.
3497 1425 3686 1481 Βαϐαὶ,

2003 1516 2168 1569 πόσον
2193 1517 2413 1586 ἴσχυσεν
2440 1517 2472 1585 ὴ
2503 1513 2598 1567 τοῦ
2622 1513 2757 1566 Θεοῦ
2785 1513 2973 1582 ἀγάπη
3000 1513 3011 1565 !
3051 1515 3100 1565 οἰ
3130 1512 3316 1583 ἐχθροὶ
3351 1511 3446 1564 καὶ
3484 1513 3686 1582 ητιμω·

2006 1603 2176 1674 μένοι,
2214 1603 2476 1671 ἆγιοικαὶ
2522 1602 2629 1654 υἱοὶ
2672 1599 3004 1670 γεγόνασινά
3058 1600 3336 1669 ἐξαίφνης.
3389 1601 3558 1653 Ὅταν
3589 1599 3698 1667 γὰρ

2003 1690 2214 1762 πατέρα
2259 1689 2485 1763 καλέσῃ,
2526 1690 2676 1753 υἱοὺς
2727 1689 3031 1759 ἐδήλωσεν·
3077 1689 3205 1741 ὅταν
3245 1686 3301 1754 δὲ
3352 1687 3503 1749 υἱοὺς
3546 1689 3699 1760 εἴπῃ»

2005 1779 2223 1833 ἅπαντα
2250 1779 2609 1846 τῶνάγαθῶν
2641 1779 2732 1830 τὸν
2768 1776 3044 1847 θησαυρὸν
3069 1775 3398 1843 ἀνεκάλυψε.
3430 1777 3699 1846 Μένωμεν

2003 1868 2182 1920 τοίνυν
2218 1867 2375 1934 ἀξίαν
2404 1868 2504 1937 τῆς
2545 1867 2758 1938 δωρεᾶς
2801 1866 2900 1936 τὴν
2949 1865 3228 1918 πολιτείαν
3270 1863 3698 1935 ἐνδεικνύμενοι,

2005 1955 2096 2008 καὶ
2125 1955 2224 2025 τὴν
2253 1957 2477 2026 είρήνην
2521 1955 2616 2008 καὶ
2654 1954 2751 2026 τὴν
2797 1953 3112 2024 ἁγιωσύνην
3161 1952 3568 2024 διατηροῦντες.
3618 1951 3694 2012 Τὰ

2009 2043 2106 2114 μὲν
2137 2042 2245 2114 γὰρ
2290 2043 2425 2098 ἄλλα
2471 2042 2761 2110 ἀξιώματα
2802 2040 3122 2111 πρόσκαιρά
3171 2040 3231 2092 τέ
3282 2043 3421 2102 ἐστι,
3477 2043 3570 2094 καὶ
3621 2041 3711 2113 τῷ

2005 2131 2235 2204 παρόντι
2267 2131 2703 2200 συγκαταλύεται
2733 2130 2854 2201 βίῳ,
2877 2131 2969 2182 καὶ
2989 2129 3288 2200 χρημάτων
3310 2130 3457 2183 ἐστὶν
3481 2131 3689 2200 ὠνητά·

2005 2215 2129 2268 ὃθεν
2183 2215 2303 2268 οὐδὲ
2361 2216 2695 2285 ἀξιώματαθ
2751 2213 2893 2267 αύτά
2943 2210 3082 2266 εἶναι
3139 2214 3205 2266 ἀν
3239 2229 3321 2274 τις
3370 2214 3527 2282 φαίη,
3583 2214 3704 2267 ἀλλ’

2005 2301 2247 2369 ὀνόματα
2289 2297 2621 2367 ἀξιωμάτων
2670 2299 2855 2368 μόνον,
2899 2300 2961 2350 ἐν
3011 2301 3077 2368 τῇ
3127 2297 3236 2350 τῶν
3272 2299 3504 2368 ἱματίων
3545 2317 3698 2368 περιε

2005 2381 2157 2451 ϐολῇ,
2206 2382 2299 2434 καὶ
2349 2385 2414 2453 τῇ
2481 2381 2592 2434 τῶν
2632 2381 2951 2452 δορυφόρων
3010 2381 3273 2452 κολακεία
3321 2383 3421 2453 τὴν
3471 2383 3701 2455 δύναμιν

2005 2465 2219 2535 ἔχοντα·
2246 2464 2403 2518 τοῦτο
2429 2465 2506 2525 δὲ,
2547 2467 2641 2518 ἀτε
2674 2464 2825 2535 παρὰ
2855 2464 2950 2517 τοῦ
2981 2464 3115 2517 Θεοῦ
3140 2465 3315 2528 δοθὲν,
3349 2467 3409 2518 τὸ
3439 2466 3614 2540 δῶρον
3641 2471 3699 2520 τὸ

2003 2561 2103 2629 τῆς
2144 2558 2456 2627 ἁγιωσύνης
2492 2560 2587 2610 καὶ
2627 2559 2727 2628 τῆς
2762 2557 3062 2621 υἱοθεσίας,
3097 2559 3218 2611 οῦδὲ
3261 2559 3480 2631 θανάτῳ
3513 2561 3696 2615 διακό-

2007 2661 2224 2705 πτεται,
2277 2643 2416 2696 ἀλλά
2466 2645 2558 2696 καὶ
2607 2643 2846 2696 ἐνταῦθα
2892 2645 3042 2695 ποιεῖ
3075 2643 3386 2714 λαμπροὺς,
3438 2646 3531 2698 καὶ
3566 2648 3710 2718 πρὸς

2003 2727 2104 2798 τὴν
2137 2727 2434 2796 μέλλουσαν
2465 2728 2597 2796 ἡμῖν
2626 2726 3003 2796 συναποδημεῖ
3034 2727 3198 2796 ζωήν.
3235 2728 3294 2780 '0
3322 2729 3430 2798 γάρ
3459 2731 3558 2796 τὴν
3592 2732 3706 2784 υἰο-

2006 2810 2195 2864 θεσίαν
2238 2811 2534 2881 διατηρῶν,
2585 2819 2680 2863 καὶ
2729 2811 2828 2881 τὴν
2863 2809 3178 2881 ἁγιωσύνην
3225 2811 3366 2881 μετά
3415 2814 3708 2884 ἀκριϐείας

2007 2895 2313 2962 φυλάττων,
2348 2895 2513 2947 αὑτοῦ
2541 2894 2634 2947 τοῦ
2665 2895 2727 2947 τὸ
2765 2895 3007 2965 διάδημα
3049 2896 3440 2966 περικειμένου
3471 2899 3564 2951 καὶ
3605 2900 3708 2970 τὴν

2007 2978 2300 3049 ἁλουργίδα
2341 2977 2581 3048 ἔχοντος,
2610 2979 2999 3050 λαμπρότερός
3034 2981 3094 3033 τέ
3122 2982 3237 3034 ἐστι
3273 2982 3455 3053 πολλῷ
3480 2985 3569 3037 καὶ
3597 3002 3703 3055 μα-

2010 3063 2417 3134 καριστότερος,
2451 3064 2544 3114 καὶ
2575 3063 2718 3114 κατά
2757 3064 2850 3114 τὸν
2881 3063 3128 3132 παρόντα
3159 3064 3273 3132 βίον
3302 3067 3514 3141 γαλήνῃ
3543 3085 3601 3121 τε
3626 3069 3707 3121 ὲνκ

2008 3146 2232 3217 τρυφῶν
2262 3146 2454 3216 πολλῇ,
2486 3147 2580 3200 καὶ
2602 3149 2870 3217 χρησταῖς
2899 3150 3336 3219 συντρεφόμενος
3363 3152 3567 3219 ἐλπίσι,
3611 3156 3705 3208 καὶ.

2007 3239 2264 3310 οὐδεμίαν
2289 3239 2523 3309 θορύϐου
2555 3241 2649 3292 καὶ
2680 3241 2929 3310 ταραχῆς
2962 3239 3103 3312 ἔχων
3137 3243 3416 3307 ὑπόθεσιν,
3449 3246 3563 3298 ἀλλ’
3585 3247 3696 3316 ὴδο-

2008 3323 2105 3393 νῆς
2144 3322 2430 3392 διηνεκοῦς
2463 3321 2777 3376 ἀπολαύων.
2808 3323 3092 3395 Εὐθυμίαν
3124 3324 3234 3397 γάρ
3261 3329 3358 3380 καὶ
3391 3329 3572 3400 χαράν
3603 3331 3700 3382 οὐκ

2008 3405 2184 3476 ἀρχῆς
2234 3405 2485 3474 μέγεθος,
2538 3406 2600 3458 οὑ
2643 3407 2945 3477 χρημάτων
2992 3407 3224 3477 πλῆθος,
3271 3412 3329 3464 οὐ
3380 3411 3700 3477 δυναστείας

2007 3487 2194 3557 ὄγκος,
2234 3488 2334 3540 οὐκ
2384 3489 2536 3557 ἰσχὺς
2584 3488 2860 3559 σώματος,
2901 3491 2962 3543 οὑ
3012 3491 3336 3546 πολυτέλεια
3396 3498 3701 3568 τραπέζης,

2008 3581 2105 3648 οὐχ
2143 3579 2370 3649 ἱματίων
2392 3578 2617 3649 κόσμος,
2643 3581 2743 3633 οὑκ
2774 3579 2905 3635 ἀλλο
2933 3599 2987 3635 τι
3007 3583 3116 3636 τῶν
3139 3584 3498 3655 ἀνθρωπίνων
3531 3593 3703 3644 ποιεῖν

2009 3661 2222 3721 εἴωθεν,
2286 3660 2400 3713 ἀλλ’
2461 3661 2493 3730 ἢ
2549 3661 2886 3731 κατόρθωμα
2945 3663 3107 3733 μόνον
3158 3670 3552 3737 πνευματικὸν,
3611 3675 3704 3725 καὶ

2010 3742 2247 3805 συνειδὸς
2285 3741 2508 3809 ἀγαθόν.
2560 3741 2673 3794 Καὶ
2705 3743 2732 3793 0
2767 3741 2927 3795 τοῦτο
2957 3743 3370 3816 κεκαθαρμένον
3399 3750 3558 3819 ἔχων,
3601 3751 3705 3804 κᾶν

2011 3826 2177 3895 ῥάκια
2214 3820 2684 3897 περικείμενοςῇ.
2717 3827 2810 3878 καὶ
2853 3826 2998 3897 λιμῷ
3042 3827 3312 3890 παλαίων,
3350 3832 3458 3885 τῶν
3497 3836 3706 3906 σφόδρα

2006 3914 2340 3985 τρυφώντων
2395 3916 2544 3968 ἐστὶν
2604 3914 3004 3986 εύθυμότερος·
3043 3916 3242 3988 ῶσπερ
3280 3916 3373 3974 οὖν
3417 3925 3446 3976 0
3491 3925 3706 3996 πονηρά

2009 3998 2265 4062 συνειδὼς
2295 3999 2494 4069 ἐαυτῷ,
2522 3998 2624 4052 κᾶν
2651 3999 2719 4053 τά
2749 4001 2967 4052 πάντων
2993 4001 3392 4075 περιϐάλληται
3421 4009 3525 4077 χρή
3537 4026 3704 4078 ματα.

2008 4082 2227 4134 πάντων
2267 4083 2413 4134 ἐστὶν
2448 4079 2801 4152 ἀθλιώτερος.
2853 4083 2955 4136 Διά
2992 4083 3056 4154 δὴ
3105 4086 3265 4140 τοῦτο
3293 4089 3322 4142 0
3363 4091 3462 4159 μὲν
3493 4091 3705 4157 Παῦλος

2007 4166 2066 4217 ἐν
2112 4163 2260 4234 λιμῷ
2305 4163 2414 4229 ζῶν
2446 4163 2523 4234 τῷ
2553 4164 2797 4235 διηνεκεῖ
2833 4165 2928 4219 καὶ
2964 4168 3290 4240 γυμνότητι,
3323 4174 3418 4225 καὶ⁵
3447 4175 3708 4244 μαστιζο-

2011 4274 2170 4326 μενος
2201 4257 2322 4310 καθ’
2355 4257 2596 4328 ἑκάστην
2624 4259 2863 4330 ἡμέραν,
2905 4259 3096 4332 ἔχαιρέ
3120 4279 3180 4315 τε
3206 4265 3303 4316 καὶ
3330 4267 3540 4336 ἐτρύφα
3571 4268 3708 4338 μάλ-

2006 4341 2097 4394 λον
2118 4342 2227 4393 τῶν
2260 4340 2655 4411 βασιλευόντων
2692 4343 2848 4396 τότε·
2877 4343 2905 4395 0
2940 4344 2997 4397 δὲ
3042 4345 3246 4415 Ἀχαάϐ
3281 4347 3585 4417 βασιλεύων
3610 4353 3708 4406 καὶ

2006 4425 2217 4496 τρυφῆς
2273 4425 2564 4478 ἀπολαύων
2608 4426 2970 4490 πολυτελοῦς.
3031 4428 3222 4501 ἐπειδὴ
3270 4431 3369 4502 τὴν
3425 4435 3706 4505 ἁμαρτίαν

2005 4509 2224 4580 ἐκείνην
2259 4511 2573 4579 εἰργάσατο,
2619 4509 2804 4564 ἔστενέ
2853 4528 2910 4564 τε
2942 4513 3034 4567 καὶ
3068 4512 3291 4584 ἠθύμει,
3325 4517 3499 4570 καὶτὸ
3536 4521 3708 4589 πρόσο

2005 4615 2155 4652 ωπον
2183 4599 2349 4654 αὐτοῦ
2379 4603 2787 4672 συμπεπτωκὸς
2807 4598 2900 4671 ἦν,
2925 4606 3020 4658 καὶ
3046 4605 3152 4674 πρὸ
3183 4607 3282 4677 τῆς
3307 4612 3588 4681 ἁμαρτίας
3611 4615 3708 4667 καὶ

2010 4683 2150 4752 μετά
2188 4683 2288 4754 τὴν
2340 4685 2638 4754 ἁμαρτίαν.
2697 4687 2758 4740 Εἰ
2812 4687 2992 4741 τοίνυν
3049 4689 3354 4762 βουλόμεθα
3404 4695 3706 4751 ἀπολαύειν

2004 4767 2224 4837 ἡδονῆς,
2264 4769 2371 4840 πρὸ
2417 4768 2525 4821 τῶν
2569 4769 3035 4826 ἀλλων-ἀπάντων
3075 4775 3371 4847 φεύγωμεν
3413 4782 3702 4850 πονηρίαν,

2005 4853 2098 4902 καὶ
2125 4850 2414 4924 διώκωμεν
2435 4853 2657 4925 ἀρετὴν,
2701 4855 2777 4918 ὼς
2811 4857 2912 4909 ούκ
2943 4857 3066 4911 ἐνὸν
3092 4858 3268 4924 ἄλλως
3299 4862 3492 4920 τούτου
3533 4882 3706 4934 μετα-

2007 4946 2178 5014 σχεῖν,
2227 4944 2329 4999 κάν
2373 4948 2460 4999 ἐπτ
2503 4947 2667 5005 αὐτὸν
2725 4948 3022 5021 ἀναδῶμεν
3056 4950 3154 5004 τὸν
3187 4951 3380 5024 θρόνον
3407 4955 3504 5010 τὸν
3550 4957 3706 5027 βασι-

2005 5027 2180 5082 λικόν.
2223 5030 2314 5081 Διὸ
2358 5032 2454 5085 καὶ
2489 5033 2518 5084 0
2562 5029 2716 5104 [036]
2762 5032 2974 5098 Παῦλος
3007 5034 3231 5104 ἔλεγεν·
3274 5036 3338 5089 '0
3363 5037 3430 5092 δὲ
3470 5044 3706 5109 καρπὸς

2005 5110 2112 5164 τοῦ
2155 5112 2503 5180 Πνεῦματος
2535 5112 2760 5183 ἀγάπη,
2793 5118 2966 5184 χαρὰ,
2997 5117 3230 5187 εἰρήνη.
3262 5120 3467 5175 Τοῦτον
3487 5119 3582 5177 οῦν
3611 5127 3704 5180 τὸν

2005 5196 2218 5265 καρπὸν
2263 5196 2575 5267 τρέφωμεν.
2603 5200 2735 5269 παρ’
2783 5199 3019 5269 ἑαυτοῖς,
3075 5201 3163 5256 ῖνα
3202 5204 3296 5258 καὶ
3335 5207 3435 5276 τῆς
3468 5209 3705 5268 ἐνταῦθα

2004 5285 2183 5354 χαρᾶς
2225 5285 2646 5358 ἀπολαύσωμεν,
2705 5287 2802 5342 καὶ
2843 5289 2943 5359 τῆς
2999 5289 3304 5363 μελλούσης
3351 5295 3704 5370 ἐπιτύχωμεν

2007 5373 2307 5442 βασιλείας,
2360 5373 2544 5444 χάριτι
2579 5377 2674 5429 καὶ
2718 5375 3106 5450 φιλανθρωπίᾳ
3155 5381 3252 5434 τοῦ
3299 5383 3505 5455 Κυρίου
3544 5389 3702 5457 ἡμῶν

2016 5460 2190 5550 Ἰησοῦ
2220 5463 2485 5550 Χριστοῦ,
2516 5464 2636 5534 μεθ’
2669 5459 2731 5519 οῦ
2757 5464 2835 5535 τῷ
2855 5465 3033 5538 Πατρὶ
3061 5469 3094 5538 ἡ
3125 5467 3274 5536 δόξα,
3308 5471 3426 5542 ἄμα
3455 5474 3534 5546 τῷ
3561 5477 3704 5550 ἁγίῳ

2005 5549 2311 5619 Π-νεύματι,
2335 5549 2430 5603 νῦν
2462 5551 2557 5604 καὶ
2577 5551 2686 5618 ἀεὶ,
2715 5553 2809 5606 καὶ
2836 5555 2918 5618 εἰς
2941 5554 3069 5619 τοὺς
3097 5556 3302 5623 αἰῶνας
3327 5558 3435 5611 τῶν
3463 5549 3700 5622 αἰώνων.

2021 5636 2216 5705 Ἀμήν.

2071 5735 2097 5776 «1
2122 5736 2275 5788 [idem
2296 5741 2390 5788 υἱοὶ
2408 5740 2688 5803 γεγόναμεν.
2752 5743 2770 5765 ⁸
2789 5742 2964 5797 Morel.
2987 5747 3145 5809 solus,
3171 5749 3307 5802 οὐδὲν
3325 5752 3593 5814 ἀξιώματα.
