4056 6514
210 484 321 544 ιοι

212 626 387 638 —_———.
402 624 888 637 .—.....——..—...—._—
902 623 1045 634 .—-.—
1057 622 1100 632 .-

1322 479 1385 536 lN
1427 478 1643 537 EPIST.
1691 479 1779 534 AD
1813 476 1974 534 non.
2017 475 2231 533 HOMIL
2294 474 2362 534 11.

3432 470 3541 527 6οέ

1677 689 2012 753 HOMIIJA
2060 689 2137 752 η.

205 849 345 905 ϐω».
384 849 429 905 ί.
461 863 512 900 v.
544 848 598 902 8.
630 846 860 903 Primum
887 844 1087 913 quidem
1115 840 1308 914 gra'ias
1331 854 1426 909 ago
1454 835 1558 890 Deo
1583 851 1691 888 meo
1723 851 1816 898 per

279 941 465 996 Iesum
495 940 750 995 Christum
778 954 871 1010 pro
900 935 1131 990 omnibus
1159 932 1314 991 vobis,
1340 931 1460 1002 quia
1490 929 1617 997 ﬁdes
1645 939 1811 984 vestra

281 1034 622 1088 annuntiatnr
649 1032 702 1086 in
729 1040 833 1085 toto
862 1027 1070 1082 mundo.

284 1126 342 1182 Ι.
373 1125 552 1181 Beata:
579 1127 772 1178 animm
800 1133 1104 1191 congruens
1134 1115 1438 1178 exordium,
1467 1111 1616 1183 quod
1642 1110 1808 1180 possit

207 1234 408 1273 omnes
442 1217 721 1272 instituere
742 1257 757 1279 ,
801 1223 859 1268 ut
883 1226 1104 1286 operum
1128 1223 1182 1265 et
1208 1221 1517 1264 sermonum
1550 1206 1812 1259 bonorum

209 1310 366 1366 initia
398 1311 507 1364 Deo
534 1307 797 1370 offerant;
823 1318 1001 1376 neque
1030 1303 1202 1357 solum
1236 1315 1332 1370 pro
1362 1300 1493 1359 suis,
1522 1297 1614 1353 sed
1653 1297 1812 1350 etiam

209 1417 311 1472 pro
339 1401 532 1454 alienis
575 1412 720 1454 recte
761 1397 914 1452 tactis
953 1396 1150 1467 gratias
1180 1400 1377 1463 agant;
1405 1391 1546 1461 quod
1579 1391 1813 1443 animam

209 1491 414 1546 invidia
463 1501 518 1545 et
564 1487 732 1544 livore
762 1503 984 1544 vacuam
1028 1496 1081 1539 et
1127 1500 1312 1556 puram
1363 1483 1573 1548 reddit,
1617 1483 1815 1552 Deique

209 1584 478 1653 majorem
532 1581 959 1637 benevolentiam
1000 1579 1200 1650 gratias
1244 1577 1525 1647 agentibus
1566 1574 1810 1641 attrahit,

205 1676 576 1745 Quamobrem
607 1674 731 1728 alibi
761 1674 833 1727 ait
864 1689 878 1726 :
911 1671 1216 1726 Benedicitur
1246 1667 1385 1723 Dens
1411 1678 1458 1722 et
1500 1665 1655 1719 Pater
1703 1664 1814 1717 Do-

207 1770 338 1829 mini
387 1768 548 1824 nostri
594 1765 723 1821 Jesu
771 1763 994 1826 Christi,
1021 1764 1108 1835 qui
1155 1762 1407 1817 benedixit
1450 1776 1540 1814 nos
1577 1760 1631 1812 in
1678 1760 1815 1812 omni

209 1861 567 1916 benedictione
593 1859 848 1932 spirituoli
882 1857 1097 1930 (Ep/tes.
1133 1857 1188 1910 1.
1220 1858 1300 1926 5).

283 1955 482 2011 Gratia:
509 1955 616 2010 Deo
643 1953 850 2027 quando
874 1952 1104 2024 agendae.
1127 1980 1199 1992 ——
1217 1949 1429 2007 Gratias
1451 1957 1628 2003 autem
1659 1956 1818 2019 agant

208 2057 468 2119 oportet,
501 2063 606 2106 non
633 2048 825 2102 divites
855 2055 1058 2101 tantum
1080 2087 1095 2111 ,
1128 2045 1224 2100 sed
1246 2045 1407 2100 etiam
1441 2045 1659 2113 in0pes;
1707 2059 1820 2100 nou

207 2143 359 2210 Iani,
395 2141 492 2198 sed
534 2151 589 2198 et
639 2139 827 2210 aegroti
872 2121 1024 2205 ςηότι
1073 2138 1107 2193 ii
1157 2138 1332 2192 solum
1359 2179 1374 2203 ,
1426 2137 1516 2206 qui
1561 2150 1816 2205 prospere

208 2244 375 2306 agunt
403 2278 419 2303 ,
454 2234 547 2291 sed
575 2235 608 2288 ii
639 2249 852 2305 quoque
875 2276 892 2302 ,
942 2233 1137 2305 quibus
1162 2232 1388 2287 adversa
1432 2231 1747 2300 contingunt
1798 2248 1812 2284 :

212 2326 324 2382 Deo
356 2328 502 2381 enim
549 2326 749 2400 gratias
775 2341 934 2396 agere
963 2340 1085 2382 eum
1111 2323 1352 2382 secundo
1398 2337 1558 2377 cursu
1607 2336 1695 2375 res
1735 2319 1815 2373 fe-

211 2429 405 2484 runtur
427 2459 447 2485 ,
478 2413 611 2473 nihil
637 2419 868 2474 mirum:
900 2417 994 2474 sed
1022 2431 1144 2471 cum
1173 2417 1321 2486 gravi
1353 2414 1573 2469 Suborta
1606 2423 1814 2482 tempe-

208 2521 352 2568 state
377 2555 392 2578 ,
442 2513 641 2582 iactata
671 2512 822 2567 navis
851 2511 1222 2582 periclitatur,
1271 2517 1396 2564 tunc
1436 2507 1712 2580 patientia:
1762 2515 1817 2562 et

211 2603 350 2675 grati
380 2605 548 2658 animi
579 2604 901 2674 signiﬁcatio
939 2611 1158 2672 accepta
1193 2601 1479 2656 admodum
1513 2611 1612 2655 est.
1644 2599 1718 2655 En
1748 2599 1817 2657 de

210 2712 374 2752 causa
407 2696 512 2752 Job
540 2708 830 2752 coronatus
861 2705 964 2761 est,
994 2706 1047 2751 et
1077 2710 1139 2750 os
1170 2694 1457 2765 impudens
1481 2693 1677 2748 diaboli
1717 2693 1814 2746 nb-

212 2791 433 2855 turavit,
466 2789 716 2860 clareque
751 2788 1002 2852 ostendit,
1037 2802 1095 2842 se
1124 2803 1247 2842 cum
1293 2801 1550 2857 prospere
1594 2797 1817 2856 ageret,

212 2899 320 2939 non
351 2885 703 2953 pecuniarum
731 2897 912 2946 causa.
939 2883 1032 2938 sed
1061 2880 1152 2936 Dei
1181 2895 1364 2936 amore
1390 2889 1592 2934 motmn
1620 2880 1818 2949 gratias

212 2976 410 3047 egisse.
448 2974 582 3031 Vide
626 2984 843 3039 autem,
894 2990 998 3046 qua
1054 2973 1122 3029 de
1165 2988 1326 3028 causa
1374 2972 1573 3027 Paulus
1618 2971 1817 3042 gratias

212 3083 337 3148 agat
370 3088 384 3126 :
415 3087 523 3127 non
555 3070 623 3128 de
649 3071 875 3142 imperio
899 3113 913 3139 ,
943 3071 1010 3127 de
1053 3071 1285 3140 potentia
1312 3111 1325 3133 ,
1354 3069 1422 3123 de
1447 3068 1655 3140 gloria;
1703 3067 1819 3123 haec

213 3167 356 3220 enim
388 3166 543 3221 nihili
576 3164 818 3220 habenda
851 3175 1006 3229 sunt;
1041 3165 1133 3218 sed
1163 3164 1228 3218 de
1259 3164 1345 3229 iis,
1379 3178 1499 3233 qua:
1526 3178 1653 3217 vere
1679 3161 1815 3216 bona

213 3272 369 3326 sunt,
399 3261 471 3316 de
500 3261 630 3326 lide,
662 3261 729 3315 de
755 3259 1004 3330 loquendi
1035 3259 1284 3315 libertate
1317 3278 1330 3312 :
1361 3268 1413 3312 et
1444 3267 1646 3326 quanto
1695 3272 1816 3310 cum

215 3355 407 3410 aﬂ'ectu
439 3355 640 3425 gratias
685 3353 796 3423 agit
830 3370 843 3405 :
878 3369 984 3406 non
1015 3351 1156 3406 enim
1184 3351 1335 3412 dixit,
1375 3351 1522 3414 Deo;
1559 3348 1675 3414 sed,
1709 3348 1818 3402 lico

215 3463 325 3502 meo
343 3463 364 3512 ;
382 3445 524 3518 quod
549 3448 708 3500 etiam
735 3444 1006 3514 propheta:
1037 3443 1256 3503 faciunt,
1283 3443 1334 3497 id
1362 3442 1504 3513 quod
1532 3457 1819 3498 commune

216 3550 297 3600 est
328 3541 426 3594 sibi
461 3539 815 3594 vindicantes.
853 3538 1055 3609 Ecquid
1088 3539 1304 3601 mirum,
1337 3539 1380 3591 si
1417 3537 1517 3590 hoc
1545 3535 1819 3604 prophetae

216 3631 453 3687 faciunt?
486 3632 604 3703 ipse
633 3647 862 3703 namque
885 3633 1023 3687 Dens
1055 3646 1180 3699 erga
1213 3646 1397 3684 servos
1427 3645 1554 3683 suos
1588 3630 1821 3698 idipsum

217 3725 323 3795 agit
347 3767 362 3791 ,
397 3741 458 3781 se
489 3727 655 3780 Deum
685 3724 979 3788 Abraham,
1014 3723 1160 3778 Isaac
1189 3735 1241 3777 et
1264 3722 1430 3778 Jaeob
1459 3723 1685 3776 seorsim
1733 3722 1818 3775 di-

217 3831 364 3871 cens.
407 3818 542 3886 Quia
593 3818 720 3887 ﬁdes
764 3827 927 3871 vestra
975 3816 1312 3869 annuntiatur
1356 3815 1409 3867 in
1458 3825 1562 3867 toto
1606 3815 1816 3868 mundo.

222 3909 358 3977 Quid
391 3912 566 3982 ergo?
597 3911 923 3970 universane
952 3921 1092 3965 terra
1127 3909 1488 3963 Romanorum
1518 3909 1676 3963 ﬁdem
1719 3924 1819 3963 au-

218 4001 389 4063 divit?
419 4005 679 4062 Universa
706 4004 774 4061 ab
805 4003 932 4071 illo;
961 4013 1014 4059 et
1043 4003 1174 4057 nihil
1203 4020 1307 4058 non
1338 4003 1629 4058 verisimile
1662 4021 1689 4057 ;·
1712 4020 1819 4058 non

221 4099 360 4151 cnim
384 4099 615 4154 obscura
645 4099 772 4154 urbs
796 4107 932 4162 erat,
958 4097 1052 4154 scd
1074 4099 1225 4167 quasi
1259 4099 1309 4150 in
1328 4096 1559 4167 quodam
1587 4098 1822 4155 culmine

221 4189 341 4255 sita,
372 4189 517 4243 clara
546 4189 784 4259 undique
813 4198 951 4244 erat.
983 4188 1061 4246 Tu
1088 4202 1220 4241 vero
1251 4188 1376 4240 mibi
1411 4187 1683 4255 perpende
1713 4189 1819 4243 vim

221 4280 639 4350 pmrdieationis,
665 4297 771 4352 quo
793 4293 950 4352 pacto
977 4281 1122 4341 brevi
1147 4288 1388 4352 tempore
1415 4281 1819 4349 publicanorum

221 4384 274 4429 et
301 4377 624 4445 piscatorum
656 4391 818 4446 opera
847 4376 1057 4431 urbium
1087 4387 1246 4445 caput
1279 4376 1534 4432 invaserit
1558 4419 1573 4442 ,
1599 4391 1664 4432 ac
1691 4376 1815 4454 Syri

223 4466 468 4525 homines
485 4471 846 4527 Romanorum
862 4469 1109 4524 doctores
1128 4480 1589 4540 praeceptoresque
1604 4468 1820 4527 fuerint.

226 4559 338 4614 Duo
355 4564 513 4634 igitur
531 4565 656 4634 ipsis
675 4573 819 4618 recte
844 4563 980 4617 facta
995 4561 1331 4629 tesdticatur,
1349 4561 1554 4631 etquod
1570 4561 1818 4617 credide-

223 4655 348 4718 rint,
383 4658 726 4728 etquodeum
744 4654 933 4710 ﬁducia
964 4655 1320 4718 crediderint,
1347 4667 1392 4710 et
1418 4655 1632 4724 quidem
1657 4668 1820 4723 'anta,

229 4759 286 4804 ut
303 4752 375 4805 rei
398 4750 538 4806 fama
563 4768 656 4822 per
681 4761 848 4810 totum
865 4753 1066 4805 volaret
1086 4751 1294 4810 orbem.
1319 4749 1471 4803 Fides
1491 4751 1623 4804 enim
1637 4762 1820 4815 vrstra,

230 4843 414 4911 inquit,
443 4844 776 4898 annuntiatur
798 4844 848 4898 in
875 4853 976 4897 toto
1005 4843 1211 4896 mundo.
1235 4842 1413 4907 Fides,
1440 4844 1825 4912 nondiscepta-

230 4932 418 4994 tiones,
445 4952 549 4990 non
577 4921 905 5007 quit-stiones
931 4977 945 4999 ,
977 4951 1081 4990 non
1114 4936 1406 5007 syllogismi
1455 4952 1467 4988 :
1500 4953 1822 5006 quamquam

228 5026 510 5083 multatllic
538 5038 715 5095 erant,
741 5045 860 5099 qua:
897 5029 1196 5083 doctrinam
1226 5028 1568 5096 impedirent.
1604 5029 1816 5089 Etenim

233 5114 474 5185 Romani,
495 5122 582 5192 qui
603 5137 773 5188 nuper
789 5120 1072 5190 imperimn
1087 5120 1234 5174 orbis
1263 5119 1442 5189 adepti
1465 5129 1638 5185 erant,
1659 5121 1826 5178 altum

229 5213 527 5282 sapiebant,
559 5216 610 5268 iu
638 5214 928 5281 divitiis,ac
959 5214 1325 5283 voluptatibus
1351 5215 1514 5271 vitam
1556 5224 1779 5283 agentes
1806 5231 1823 5269 :

233 5304 661 5369 praedicationem
687 5321 816 5360 vero
840 5306 1138 5361 ail'erebant
1167 5305 1460 5375 piscatores
1485 5306 1652 5360 Jttdsui
1683 5317 1735 5359 et
1761 5323 1829 5370 ex

231 5390 422 5451 ludat-is
459 5400 561 5453 orti
584 5441 599 5460 ,
631 5416 750 5468 quae
780 5415 912 5470 gens
945 5400 1113 5454 invisa
1140 5410 1193 5453 et
1217 5395 1545 5454 exsecranda
1573 5401 1828 5457 onmihus

228 5497 341 5550 erat
365 5530 378 5549 .
424 5501 476 5546 et
502 5494 818 5548 cruciﬁxum
848 5492 1072 5546 adorare
1111 5491 1371 5560 jnhehant
1395 5535 1409 5557 ,
1439 5491 1526 5560 qui
1558 5493 1609 5544 in
1636 5491 1828 5547 Judzea

233 5577 483 5637 educatus
515 5583 723 5652 fuerat;
752 5601 814 5639 ac
849 5600 972 5639 cum
1003 5585 1245 5640 doctrina
1277 5584 1438 5636 vitam
1470 5583 1661 5637 durant
1692 5600 1830 5653 prte—

237 5674 536 5733 st-rihebant
552 5679 802 5734 doctores
827 5679 1136 5735 hominibus
1158 5679 1414 5747 voluptati
1441 5677 1633 5732 deditis
1653 5719 1666 5742 ,
1692 5690 1744 5732 et
1766 5681 1829 5732 ad

238 5775 510 5835 pra-sentin
544 5775 718 5830 solum
753 5775 1105 5840 initiantibus,
1141 5774 1221 5828 Ad
1257 5774 1370 5827 lure
1396 5814 1407 5835 ,
1435 5775 1523 5842 qui
1558 5778 1655 5827 ista
1691 5789 1832 5827 nun-

241 5857 455 5932 tiabant,
484 5883 748 5937 pauperes
774 5877 950 5924 erant.
987 5867 1186 5927 idiotas,
1222 5851 1487 5936 ignobiles
1517 5881 1582 5920 ex
1628 5866 1833 5936 ignobi-

243 5950 374 6011 ltbus
401 5959 524 6018 orti.
560 5966 627 6018 At
673 5963 863 6019 horum
899 5965 1028 6018 nilnl
1075 5963 1218 6018 verbi
1248 5976 1464 6017 cursum
1509 5961 1786 6032 impedivit
1818 5979 1828 6014 :

1927 842 2070 887 tanta
2100 841 2220 888 erat
2245 833 2485 890 crueitixi
2509 836 2768 906 potentia,
2799 845 2856 890 ut
2883 805 3104 895 verbum
3133 838 3368 911 undique
3387 854 3537 911 sparn

1920 937 2092 996 geret.
2122 926 2471 981 Annuntiatur
2490 970 2505 994 ,
2540 929 2733 998 inquit,
2763 920 2817 984 in
2843 939 2948 985 toto
2974 931 3184 986 mundo.
3211 931 3329 988 Non
3357 933 3530 1000 dixit,

1925 1017 2328 1086 ManifeSIatur;
2359 1021 2452 1076 sed
2475 1064 2490 1086 ,
2531 1021 2882 1076 Annumi’amr
2905 1065 2918 1088 ,
2951 1038 3014 1078 ac
3038 1023 3083 1079 si
3107 1039 3297 1080 omnes
3327 1025 3383 1081 in
3430 1040 3530 1081 ore

1925 1112 2146 1164 terrent.
2175 1111 2228 1166 id
2256 1127 2385 1167 vero
2423 1112 3015 1182 Thessalonicensibus,
3059 1117 3352 1175 testiﬁcans
3378 1118 3526 1173 aliud

1925 1203 2071 1257 addit
2103 1222 2115 1256 :
2146 1219 2266 1258 cum
2307 1205 2526 1261 dixisset
2573 1209 2716 1262 enim
2743 1248 2758 1272 ,
2786 1207 2832 1261 A
2860 1208 2998 1263 vobis
3039 1219 3278 1279 personat
3322 1211 3530 1266 uerbum

1923 1291 2049 1356 Dei,
2084 1294 2302 1360 subdit,
2353 1295 2438 1350 Ita
2477 1306 2531 1352 ut
2554 1314 2655 1352 non
2691 1315 2820 1367 opus
2857 1301 2924 1355 sit
2967 1302 3112 1356 nobis
3153 1302 3293 1366 loqu:
3327 1303 3528 1374 aliquid

1923 1389 2000 1458 (1.
2024 1385 2206 1451 Thess.
2229 1390 2282 1443 1.
2305 1389 2387 1459 8).
2420 1392 2672 1462 Discipuli
2698 1409 2930 1464 namque
2952 1395 3002 1448 itt
3029 1394 3315 1451 doctorum
3335 1397 3529 1468 gradu,

1921 1496 2043 1535 cum
2070 1481 2262 1538 tiducia
2287 1483 2539 1554 loquendi
2565 1500 2756 1541 omnes
2778 1485 3132 1544 instituebant
3159 1498 3213 1544 et
3242 1489 3310 1545 ad
3334 1505 3396 1546 se
3425 1501 3538 1546 tra~

1924 1575 2140 1635 hebant.
2165 1575 2440 1646 Nusquam
2472 1579 2785 1648 prscdicatio
2807 1580 3051 1644 sistebat,
3081 1581 3174 1637 sed
3208 1583 3330 1652 igne
3362 1581 3531 1636 vehe-

1924 1669 2158 1723 mentius
2196 1677 2363 1724 totum
2402 1670 2735 1741 pervadehat
2769 1673 2981 1730 orbem.
3027 1672 3140 1728 lloc
3183 1683 3365 1729 autem
3410 1672 3533 1732 loco

1922 1761 2095 1816 Solum
2119 1761 2332 1829 dicitur,
2358 1763 2500 1833 quod
2523 1764 2893 1819 annuntiatur.
2917 1764 3060 1819 Bene
3085 1765 3241 1830 dixit,
3271 1767 3393 1836 quia
3419 1766 3531 1820 Λη-

1923 1856 2207 1920 nuntiatur,
2224 1857 2517 1912 ostendens
2537 1856 2666 1911 nihil
2684 1857 2992 1912 addendum
3020 1857 3180 1912 dictis
3209 1873 3330 1914 esse
3348 1901 3362 1923 ,
3396 1859 3531 1913 nihil

1922 1945 2247 2008 demendum
2276 1950 2478 2004 :nuntii
2501 1950 2642 2004 enim
2659 1947 2907 2019 hoeopus
2922 1959 3024 2012 est,
3052 1958 3110 2004 ιιι
3129 1965 3190 2005 ea
3214 1951 3386 2005 Solum
3410 1968 3531 2022 qua:

1923 2039 2064 2092 dicta
2097 2049 2222 2094 sunt
2246 2042 2459 2102 atterat.
2491 2042 2725 2112 Ideoque
2765 2043 3025 2098 sacerdos
3053 2044 3278 2099 nuntius
3306 2059 3404 2101 seu
3432 2063 3534 2100 an-

1923 2134 2076 2203 gelus
2100 2146 2324 2190 vocatur
2344 2179 2358 2195 .
2391 2137 2513 2207 quia
2538 2151 2646 2192 non
2674 2153 2767 2192 sua
2795 2180 2810 2204 ,
2852 2137 2948 2193 sed
2976 2153 3038 2192 ea
3066 2180 3080 2202 ,
3115 2154 3236 2209 qua:
3267 2139 3533 2197 mittentis

1923 2237 2089 2293 sunt,
2120 2231 2427 2283 annuntiat.
2473 2230 2636 2302 Atqui
2668 2231 2864 2286 Petrus
2897 2232 3005 2287 illic
3037 2235 3379 2302 praedicavit;
3433 2237 3530 2289 sed

1925 2322 2092 2392 ipsius
2113 2325 2250 2386 aeta,
2281 2333 2335 2378 et
2361 2338 2456 2382 sua
2485 2338 2608 2381 esse
2644 2325 2792 2380 ducit
2823 2343 2837 2380 :
2871 2327 2970 2390 sic,
3002 2335 3059 2380 ut
3087 2342 3248 2396 supra
3297 2327 3430 2395 dixi,
3460 2330 3530 2383 ab

1925 2414 2121 2468 invidia
2183 2417 2492 2470 omnimoda
2551 2416 2710 2473 liber.
2764 2418 2818 2474 9.
2881 2418 3041 2473 Testis
3088 2421 3223 2474 enim
3280 2431 3353 2474 est
3403 2421 3536 2475 mihi

1923 2506 2082 2570 Deus,
2119 2509 2201 2560 cui
2226 2511 2388 2563 servio
2412 2509 2467 2564 in
2501 2511 2684 2582 spiritu
2709 2528 2842 2578 meo,
2875 2513 2928 2566 in
2958 2514 3217 2585 evangelio
3245 2513 3370 2568 Filii
3392 2518 3527 2586 ejus.

1993 2599 2047 2655 Ξ.
2077 2599 2152 2654 Ex
2182 2600 2494 2670 apostolicis
2514 2603 2812 2659 visceribus
2837 2605 2953 2660 haec
2979 2607 3144 2662 verba
3174 2607 3528 2677 proficiscun—

1925 2702 2041 2757 tur,
2071 2705 2303 2763 paternre
2325 2710 2468 2750 curm
2499 2698 2765 2752 sententia
2795 2708 2896 2752 est.
2932 2697 3069 2767 Quid
3102 2714 3232 2754 vero
3258 2700 3362 2757 sibi
3395 2702 3530 2768 vult,

1924 2795 1980 2841 et
2006 2803 2108 2858 qua
2141 2787 2208 2843 de
2238 2803 2402 2844 causa
2442 2790 2608 2845 Deum
2641 2803 2796 2846 vocat
2830 2800 3021 2847 testem
3052 2793 3076 2846 ?
3109 2792 3184 2848 De
3209 2792 3404 2849 aﬂ'ectu
3433 2810 3535 2849 suo

1925 2895 2106 2934 sermo
2140 2891 2276 2936 erat.
2320 2881 2454 2950 Quia
2500 2882 2660 2954 igitur
2698 2883 2936 2942 nondum
2983 2884 3104 2941 illos
3135 2885 3367 2953 viderat,
3410 2887 3536 2945 ideo

1927 2974 2130 3028 nullum
2160 2975 2434 3033 hominem
2459 3019 2472 3040 ,
2505 2977 2600 3033 sed
2642 2993 2764 3033 eum
2786 3019 2802 3045 ,
2835 2980 2923 3050 qui
2977 2981 3028 3034 in
3058 2981 3222 3040 corda
3250 2993 3533 3052 penetrat,

1927 3068 2135 3120 vocavit
2162 3076 2375 3123 testem.
2413 3069 2702 3140 Postquam
2730 3072 2874 3129 enim
2903 3072 3136 3139 dixerat,
3171 3075 3310 3135 Amo
3332 3091 3450 3142 vos,
3482 3087 3539 3132 et

1925 3160 2135 3229 signum
2163 3161 2415 3216 attulerat
2435 3163 2578 3232 quod
2605 3160 2924 3235 frequenter
2955 3175 3292 3236 precaretur,
3315 3178 3369 3223 et
3393 3169 3538 3237 quod

1925 3253 2090 3307 vellet
2122 3254 2267 3322 ipsos
2294 3255 2446 3310 adire
2477 3273 2489 3308 :
2518 3271 2638 3310 cum
2674 3257 2776 3312 hoc
2798 3259 2972 3327 palam
3009 3275 3114 3317 non
3143 3270 3308 3326 esset,
3335 3262 3400 3316 ad
3431 3261 3539 3318 ﬁde

1927 3344 2148 3417 dignum
2201 3347 2566 3403 testimonium
2614 3347 2875 3419 confugit.
2909 3351 2990 3404 An
3023 3352 3221 3420 poterit
3250 3354 3536 3423 quisquam

1925 3450 2161 3494 vestrum
2184 3440 2426 3511 gloriari,
2451 3443 2592 3512 quod
2619 3445 2932 3498 memoriam
2959 3444 3279 3500 {ai-iatdomi
3308 3462 3538 3516 precaris

1929 3533 2276 3602 plenitudinis
2329 3535 2629 3590 Ecclesim?
2669 3536 2784 3591 Non
2833 3550 2977 3606 puto.
3028 3538 3134 3594 Sed
3185 3540 3384 3598 Paulus
3428 3557 3536 3596 non

1927 3642 2025 3695 pro
2055 3642 2156 3680 una
2186 3620 2421 3690 civitate,
2448 3627 2542 3681 sed
2577 3644 2674 3697 pro
2697 3637 2809 3682 toto
2829 3631 2958 3685 orbe
2985 3630 3151 3684 Deum
3179 3634 3535 3701 precabatur;

1930 3717 2090 3787 idque
2121 3733 2225 3772 non
2251 3718 2441 3781 semel,
2467 3734 2572 3773 non
2607 3721 2709 3787 bis,
2736 3737 2841 3774 non
2868 3732 2970 3786 ter,
2997 3723 3090 3777 sed
3122 3725 3358 3779 assidue.
3384 3726 3539 3792 Quod

1928 3812 1970 3864 si
1998 3811 2213 3864 assidue
2238 3813 2288 3865 in
2315 3814 2575 3867 memoria
2599 3815 2903 3884 quempiam
2930 3816 3296 3883 eireutnferat,
3324 3819 3538 3874 nonnisi

1928 3920 1992 3958 ex
2013 3906 2236 3965 caritate
2258 3922 2448 3975 magna
2475 3903 2586 3961 ﬁeri
2608 3909 2805 3977 possit:
2824 3925 2945 3964 llam
2970 3911 3020 3962 in
3044 3910 3292 3978 precibus
3308 3911 3542 3965 circnm-

1928 3997 2091 4062 ferre,
2124 3998 2284 4068 idque
2316 4000 2702 4059 indesinenter.
2732 4003 2904 4071 cogita
2933 4005 3112 4072 quanti
3143 4004 3209 4056 sit
3241 4007 3462 4058 allectus
3485 4017 3541 4060 et

1927 4092 2145 4145 amoris.
2180 4092 2310 4147 Cum
2344 4104 2520 4148 autem
2548 4094 2697 4159 dicit,
2724 4093 2820 4148 Cui
2847 4097 3007 4149 servio
3039 4098 3089 4150 iu
3112 4099 3296 4166 spiritu
3323 4115 3455 4158 meo.
3484 4100 3539 4152 in

1930 4186 2187 4255 evangelio
2213 4183 2339 4241 Filii
2369 4203 2501 4256 epis,
2533 4187 2625 4241 Dei
2647 4189 2873 4257 gratiam
2901 4189 3082 4254 simul,
3103 4199 3157 4244 et
3176 4190 3536 4246 humilitatem

1931 4294 2083 4333 suam
2118 4281 2274 4334 nobis
2303 4280 2559 4335 exhibet.
2598 4283 2690 4336 Dei
2719 4284 2972 4352 gratiam,
3004 4284 3144 4354 quod
3180 4294 3380 4338 tantam
3423 4300 3538 4339 rem

1934 4373 2031 4444 ipsi
2055 4375 2387 4429 commiserit
2421 4392 2434 4439 ;
2471 4374 2823 4430 humilitatem
2858 4391 3006 4430 suam
3030 4420 3043 4440 ,
3071 4379 3191 4446 quia
3227 4394 3330 4433 non
3360 4379 3542 4434 studio

1932 4481 2052 4528 suo,
2079 4467 2171 4520 sed
2196 4467 2428 4536 Spiritus
2460 4468 2660 4522 auxilio
2689 4479 2855 4523 totum
2885 4470 3162 4526 adscribit.
3193 4469 3325 4527 Cum
3359 4483 3539 4528 autem

1933 4562 2268 4631 evangelium
2321 4562 2501 4624 addit,
2553 4563 2833 4616 ministerii
2905 4579 3075 4633 genus
3128 4564 3348 4619 indicat.
3401 4563 3536 4620 Nam

1934 4655 2088 4708 multi
2119 4665 2169 4709 et
2200 4655 2396 4708 diversi
2427 4665 2548 4707 sunt
2574 4656 2859 4711 ministerii
2881 4657 3047 4724 modi,
3079 4659 3362 4729 cultusque
3387 4661 3544 4716 simi-

1934 4746 2076 4802 liter.
2104 4745 2567 4812 Quemadmodum
2596 4748 2737 4801 enim
2757 4749 2894 4816 apud
2925 4765 3077 4820 reges
3099 4768 3284 4806 omnes
3307 4754 3406 4810 sub
3434 4769 3545 4808 uno

1936 4849 2061 4893 sunt
2115 4839 2387 4908 principe,
2438 4840 2533 4894 sed
2579 4856 2686 4894 non
2735 4841 2874 4895 idem
2939 4857 3131 4898 onmes
3182 4843 3544 4901 ministerium

1936 4944 2191 4989 exercent
2227 4952 2240 4986 :
2282 4935 2421 4989 alius
2459 4952 2600 4988 enim
2629 4937 2889 4990 exercitui
2926 4939 3183 5006 imperat,
3217 4939 3355 4993 alius
3385 4941 3547 4995 urbes

1937 5029 2104 5099 regit,
2140 5030 2276 5082 alius
2321 5029 2374 5084 in
2410 5029 2682 5097 peuuariis
2715 5031 2971 5098 pecunias
3003 5044 3182 5085 servat
3228 5051 3240 5085 :
3284 5034 3363 5088 sic
3402 5043 3460 5089 et
3493 5036 3546 5088 in

1937 5121 2327 5191 Spiritualibus,
2361 5123 2496 5176 alius
2531 5138 2625 5190 per
2654 5123 2814 5178 [idem
2849 5124 3013 5178 Deum
3039 5125 3168 5180 colit
3190 5125 3400 5197 ipsique
3431 5142 3550 5183 ser-

1939 5215 2050 5279 vit,
2101 5215 2374 5284 vitamque
2410 5229 2559 5268 suam
2608 5225 2753 5269 recte
2806 5217 3038 5271 instituit
3085 5211 3272 5274 :alius
3304 5219 3549 5290 hospites

1939 5308 2136 5378 excipit
2161 5351 2174 5373 ,
2222 5308 2359 5362 alius
2405 5309 2621 5371 inopum
2654 5324 2834 5364 curam
2869 5312 3050 5380 gerit:
3090 5313 3549 5381 quemadmodum

1939 5403 2100 5456 etiam
2149 5401 2290 5472 apud
2320 5401 2592 5470 apostolos
2623 5400 2930 5471 Stephanus
2973 5419 3066 5471 per
3095 5403 3378 5460 viduarum
3408 5423 3550 5475 prae-

1940 5497 2136 5549 sidium
2161 5506 2214 5549 et
2240 5510 2424 5549 curam
2467 5496 2576 5550 Deo
2602 5496 2882 5566 serviebat
2913 5513 2928 5561 ;
2961 5499 3099 5552 alius
3125 5513 3219 5567 per
3245 5499 3549 5556 doctrinam

1942 5589 2089 5642 ιρι-Μ
2123 5605 2137 5654 ;
2177 5604 2241 5642 ex
2275 5604 2503 5657 quorum
2550 5605 2776 5643 numero
2805 5588 3000 5644 Paulus
3033 5600 3168 5656 erat,
3203 5593 3291 5661 qui
3321 5593 3373 5646 in
3407 5610 3549 5662 pra:-

1942 5680 2212 5734 dicatione
2244 5683 2509 5750 evangelii
2547 5682 2654 5736 Deo
2686 5684 2957 5737 serviebat
2990 5703 3003 5739 :
3036 5694 3091 5737 et
3117 5682 3205 5739 hic
3236 5695 3353 5740 erat
3382 5687 3553 5756 ipsius

1943 5775 2222 5830 servitutis
2256 5779 2445 5830 modus
2473 5796 2485 5828 :
2517 5779 2620 5831 hoc
2650 5779 2795 5834 enim
2838 5780 2936 5848 ipsi
2968 5780 3320 5844 commissum
3352 5782 3550 5840 fuerat.

1944 5869 2071 5923 Ideo
2101 5885 2207 5924 non
2251 5871 2410 5926 modo
2444 5871 2610 5927 Deum
2641 5883 2832 5928 testem
2868 5887 3050 5939 vocat;
3082 5875 3174 5929 sed
3206 5877 3255 5929 id
3283 5878 3382 5931 sibi
3415 5895 3558 5934 con-

1947 5960 2211 6018 creditum
2245 5976 2365 6018 esse
2391 5965 2554 6030 dicit,
2580 5964 2862 6022 declarans
2894 5982 2950 6021 se
2982 5969 3068 6022 cei
3109 5970 3231 6023 talia
3265 5975 3556 6026 commissa
