4056 6506
594 436 699 491 ωδ

602 548 849 615 fuerant,
898 548 1324 604 committentem
1365 546 1466 602 sibi
1509 546 1560 599 in
1596 551 1786 598 testem
1820 558 1914 609 pro
1948 555 2004 594 re
2047 537 2174 591 falsa

594 656 880 709 numquam
910 652 1221 694 vocaturum
1263 636 1445 692 fuisse.
1476 635 1553 689 Ad
1590 634 1705 689 bare
1728 634 1887 688 etiam
1916 631 2040 685 illud
2067 630 2175 682 vult

596 734 877 789 ostendere
896 773 909 794 ,
941 732 1217 786 caritatem
1259 740 1313 785 et
1340 745 1521 783 curam
1549 743 1704 797 quam
1734 726 1801 780 de
1827 726 1931 781 illis
1960 722 2178 795 gerebat

598 826 951 881 necessariam
989 839 1127 880 esse.
1172 823 1247 901 Ne
1270 823 1504 876 dicerent
1538 822 1677 875 enim
1712 818 1830 874 :Tn
1861 819 1981 889 quis
2008 831 2087 878 es.
2122 824 2175 869 et

597 920 737 973 unde
758 918 987 973 civitatis
1015 928 1181 973 tantae.
1203 932 1265 971 ac
1293 916 1452 985 regite
1478 930 1658 970 curam
1698 923 1749 968 te
1779 911 2054 980 suscipere
2094 910 2175 963 di-

593 1011 669 1063 cis
700 1009 723 1061 ?
752 1010 980 1064 ostendit
1015 1009 1154 1062 illam
1187 1023 1334 1060 suam
1363 1004 1776 1061 sollicitudinem
1810 1003 2170 1057 necessariam

598 1117 715 1157 esse
753 1120 766 1156 :
803 1102 1060 1172 siquidem
1092 1101 1177 1155 ltic
1219 1100 1288 1153 illi
1321 1098 1597 1153 servitutis
1632 1097 1821 1151 modus
1852 1098 2173 1150 constitutus

596 1206 696 1257 est.
719 1206 777 1250 ut
802 1195 1131 1264 evangelium
1160 1193 1459 1247 annuntiet.
1479 1190 1609 1246 Nam
1643 1191 1707 1255 is,
1734 1191 1817 1245 cui
1849 1188 1951 1243 hoc
1982 1203 2173 1241 munus

598 1286 844 1340 traditum
868 1294 968 1349 est,
996 1286 1298 1340 necessario
1318 1282 1479 1338 debet
1494 1297 1608 1347 eos,
1636 1282 1725 1352 qui
1749 1281 1965 1335 verbum
1993 1294 2175 1334 susce-

599 1378 737 1448 pturi
763 1386 918 1444 sunt,
948 1378 1245 1447 semperin
1276 1385 1452 1447 mente
1481 1371 1700 1431 habere.
1732 1374 1881 1428 Aliud
1913 1374 2073 1429 etiam
2102 1374 2174 1426 si-

597 1470 830 1539 gnificat,
851 1483 970 1523 cum
994 1468 1120 1524 dicit
1143 1486 1155 1521 :
1179 1467 1448 1538 Inspiritu
1470 1484 1580 1522 meo
1604 1483 1623 1521 :
1641 1466 1779 1537 quod
1802 1480 1992 1535 nempe
2019 1466 2177 1536 longe

599 1562 880 1617 sublimior
904 1570 1020 1618 erat
1047 1562 1160 1617 bare
1187 1562 1372 1632 religio
1401 1575 1555 1633 quam
1586 1560 1878 1630 gentiliset
1905 1557 2122 1613 Judaica
2156 1574 2168 1609 :

598 1671 721 1711 nam
748 1657 962 1727 gentilis
985 1664 1039 1710 et
1068 1671 1290 1711 errones
1318 1664 1372 1711 et
1395 1653 1622 1710 cornalis
1643 1664 1758 1707 erat
1777 1693 1793 1719 ,
1826 1650 2044 1707 Judaica
2075 1666 2171 1706 auo

599 1760 709 1804 tem
739 1764 863 1804 vera
891 1747 1129 1818 quidem,
1160 1748 1252 1804 sed
1278 1746 1508 1802 carnalis
1532 1754 1588 1801 et
1614 1744 1727 1815 ipsa
1755 1752 1898 1807 erat;
1923 1740 2174 1800 Ecclesia;

598 1852 757 1909 porro
780 1840 972 1903 cultus,
994 1840 1178 1908 gentili
1209 1836 1535 1903 contrarius,
1563 1834 1786 1891 Iudaico
1811 1845 1984 1889 autem
2014 1833 2174 1903 longe

593 1932 872 1987 sublimior
894 1944 995 1987 est.
1019 1932 1134 1987 Non
1166 1932 1308 1988 enim
1334 1945 1483 1997 oves,
1515 1930 1732 1995 vitulos,
1765 1926 1969 1983 fumum
2008 1937 2063 1984 et
2093 1926 2176 1981 ni-

597 2025 782 2081 dorem
812 2027 985 2081 cnltus
1012 2036 1197 2081 noster
1232 2025 1469 2087 adhibet,
1508 2023 1602 2079 sed
1634 2038 1731 2093 per
1756 2025 1987 2077 animam
2018 2020 2174 2091 spiri-

597 2118 794 2173 tualetn
824 2120 879 2172 ﬁt
897 2136 912 2174 :
937 2118 1074 2188 quod
1093 2117 1383 2173 ostendens
1402 2117 1648 2171 Christus
1664 2115 1877 2170 dicebat
1903 2133 1915 2168 :
1948 2113 2172 2185 Spiritus

595 2222 668 2267 est
700 2211 851 2280 Deus,
881 2224 926 2266 et
942 2229 1026 2267 eos
1051 2214 1139 2284 qui
1166 2213 1311 2266 illum
1333 2212 1570 2278 adorant,
1598 2212 1650 2264 in
1677 2210 1861 2279 spiritu
1891 2217 1937 2263 et
1964 2209 2174 2263 veritate

594 2304 811 2365 adorare
836 2314 1029 2371 oportet
1055 2301 1248 2375 (Joan.
1279 2304 1331 2358 ι.
1355 2302 1480 2371 24).
1509 2301 1577 2358 hi
1606 2301 1864 2371 evangelio
1893 2299 2017 2355 Filii
2038 2302 2167 2355 eius.

593 2396 724 2451 Cum
756 2399 1003 2468 superius
1048 2398 1273 2453 dixisset
1316 2380 1646 2466 evangelium
1691 2394 1862 2449 Patris
1889 2408 2043 2456 esse,
2082 2393 2174 2452 hic

594 2486 716 2542 Filii
745 2504 865 2544 esse
893 2489 1023 2543 dicit
1066 2508 1079 2544 :
1121 2490 1193 2545 ita
1227 2486 1594 2543 indiﬂcrenter
1618 2486 1792 2542 Patris
1813 2484 2011 2539 et'Filii
2040 2483 2176 2539 dtcl~

594 2589 699 2632 tnr.
742 2579 963 2634 Edidicit
989 2582 1131 2635 enim
1167 2580 1376 2634 abeata
1406 2579 1489 2635 illa
1514 2593 1659 2643 voce,
1688 2593 1807 2648 quae
1843 2577 2019 2631 Patris
2040 2585 2170 2631 sunt

594 2669 711 2724 Filii
751 2685 891 2732 esse,
921 2679 974 2724 et
1010 2687 1129 2739 qua:
1157 2671 1279 2725 Filii
1308 2670 1430 2725 item
1461 2670 1653 2725 Patris.
1687 2668 1872 2725 Omnia
1907 2670 2059 2735 enim,
2091 2670 2171 2723 in.

592 2765 725 2829 quit,
759 2772 844 2815 tua
873 2780 980 2815 mea
1010 2773 1147 2827 sunt,
1174 2775 1222 2817 et
1249 2780 1359 2816 mea
1383 2775 1467 2816 tua
1492 2771 1609 2817 sunt
1634 2761 1812 2833 (Joan.
1840 2762 1927 2815 i7.
1960 2761 2070 2831 i0).
2104 2759 2171 2816 Ut

590 2854 926 2909 indesinenter
959 2856 1251 2909 memoriam
1293 2856 1455 2909 uestri
1480 2854 1667 2925 faciam
1702 2856 1756 2907 in
1783 2854 2015 2923 precibus
2049 2856 2172 2910 meis

591 2945 779 3015 (Ibid.
815 2948 857 3016 ).
909 2946 1020 3002 Hoc
1067 2963 1335 3014 germana:
1396 2946 1631 3003 caritatis
1681 2954 1783 3001 est.
1843 2946 1911 3001 Et
1963 2944 2173 3001 videtur

590 3041 803 3108 quidem
838 3057 995 3094 unnnt
1025 3041 1225 3099 dicere.
1258 3040 1381 3095 dum
1406 3048 1633 3112 quatuor
1660 3039 1812 3110 ponit
1844 3059 1857 3095 :
1888 3037 2029 3110 quod
2053 3054 2157 3095 meo

591 3149 709 3187 mor
737 3135 823 3193 sit.
857 3134 1010 3201 quod.
1029 3133 1416 3199 indesinenter,
1448 3132 1591 3204 quod
1621 3134 1674 3187 in
1712 3132 1979 3202 precibus,
2001 3131 2171 3203 quod-

590 3242 693 3296 que
733 3241 828 3296 pro
860 3226 1070 3297 magnis
1092 3228 1250 3283 rebus
1279 3237 1549 3296 precetur.
1653 3226 1742 3280 £0.
1776 3225 1955 3279 Omns
1987 3224 2033 3277 si
2070 3240 2170 3295 quo

589 3318 740 3371 modo
770 3318 1047 3387 aliquando
1088 3334 1329 3389 prospere
1364 3317 1573 3387 possim.
1601 3317 1793 3370 volente
1833 3313 1975 3380 Deo,
2002 3316 2173 3370 venire

589 3410 658 3461 ad
688 3425 791 3462 vos.
842 3409 926 3463 ll.
962 3407 1206 3463 Desidere
1238 3409 1371 3464 enim
1402 3407 1569 3461 videre
1596 3422 1701 3462 vos.
1749 3404 1937 3463 Viden'
1963 3421 2170 3463 summe

590 3510 858 3569 optantem
903 3501 1024 3556 illos
1053 3500 1270 3565 videre,
1324 3515 1497 3570 neque
1533 3499 1584 3554 id
1625 3496 1800 3554 facere
1839 3507 2033 3569 prmter
2074 3499 2167 3555 Dei

593 3592 843 3660 placitum
874 3592 1163 3654 volentem.
1195 3592 1286 3647 sed
1316 3604 1554 3647 amorem
1586 3590 1680 3646 Dei
1724 3592 1916 3645 timore
1944 3590 2167 3647 mixtum

587 3694 861 3753 gerentem
884 3683 908 3737 ἓ
932 3683 1161 3739 Amabat
1181 3684 1377 3755 quippe
1402 3683 1521 3739 illos
1544 3692 1599 3739 et
1616 3682 1682 3738 ad
1705 3683 1823 3738 illos
1844 3682 2167 3750 festinabat;

590 3777 682 3831 sed
709 3776 833 3833 licet
857 3784 1083 3840 amaret,
1112 3790 1216 3831 non
1244 3783 1437 3845 praeter
1474 3774 1565 3830 Dei
1595 3774 1844 3845 placitum
1875 3774 2055 3830 videre
2074 3788 2171 3831 cu-

590 3868 789 3938 piebat.
828 3867 951 3923 Haec
973 3877 1056 3922 est
1078 3881 1328 3937 germana
1368 3867 1563 3921 caritas
1592 3888 1605 3922 :
1642 3881 1747 3921 non
1775 3867 1910 3921 sicut
1938 3882 2054 3931 nos,
2078 3866 2171 3938 qui

593 3963 841 4030 utrinque
868 3974 896 4012 a
936 3959 1175 4014 caritatis
1204 3958 1410 4029 legibus
1433 3956 1728 4013 excidimus
1762 3976 1774 4014 :
1806 3975 1926 4013 nam
1957 3959 2039 4014 vel
2079 3974 2175 4014 ne-

593 4053 793 4106 minem
820 4065 1063 4106 amamus
1086 4091 1102 4115 ,
1130 4050 1219 4105 vel
1242 4050 1285 4103 si
1312 4064 1553 4104 amemus
1571 4091 1595 4116 ,
1621 4048 1671 4103 id
1702 4059 1898 4121 printer
1928 4049 2023 4105 Dei
2054 4050 2172 4120 pla-

592 4145 758 4199 citum
817 4136 1091 4208 facimus;
1141 4151 1426 4212 utrumque
1482 4148 1665 4196 contra
1716 4140 1947 4195 divinam
2002 4142 2172 4212 legem

593 4235 869 4291 facientes.
889 4235 943 4291 Si
974 4234 1090 4291 haec
1108 4234 1249 4289 dicta
1273 4247 1520 4298 onerosa,
1538 4234 1846 4290 cinerosiera
1876 4244 2022 4291 certe
2047 4241 2176 4291 sunt

592 4331 638 4385 si
673 4329 819 4382 ﬁant.

667 4421 726 4477 3.
752 4419 817 4474 Et
840 4418 1132 4490 quomodo,
1155 4417 1383 4488 inquies,
1408 4426 1604 4487 praeter
1628 4416 1721 4472 Dei
1749 4418 1998 4487 placitum
2022 4432 2172 4474 ama-

598 4526 717 4565 mus
746 4512 771 4566 ?
799 4510 1024 4578 Quando
1056 4508 1325 4565 Christum
1370 4508 1507 4562 tame
1542 4508 1900 4564 tabescentem
1941 4509 2170 4579 despici-

600 4619 739 4669 mus,
770 4602 892 4659 ﬁliis
917 4613 1097 4657 autem
1117 4644 1131 4667 ,
1165 4602 1352 4658 amicis
1381 4609 1435 4656 et
1460 4600 1697 4670 cognatis
1740 4601 1861 4671 plus
1886 4616 2044 4672 quam
2075 4618 2173 4659 nec

597 4713 747 4753 cesso
763 4706 841 4752 est
860 4697 1167 4767 elargimur.
1195 4696 1307 4749 lmo
1326 4696 1500 4765 potius
1519 4694 1641 4763 quid
1664 4710 1807 4763 opus
1824 4703 1903 4748 est
1929 4709 2176 4751 sermone

600 4793 821 4847 ulterius
867 4791 1111 4861 progredi
1143 4790 1167 4843 Ἰ
1212 4789 1343 4845 Nam
1384 4789 1426 4842 si
1458 4804 1608 4844 suam
1638 4790 1861 4859 quisque
1899 4792 2177 4845 conscien-

601 4884 728 4935 tiam
775 4883 1196 4948 examinsverit,
1242 4881 1486 4951 plurimis
1516 4880 1566 4934 in
1614 4881 1774 4935 rebus
1816 4880 1915 4934 hoc
1959 4896 1988 4933 a
2024 4881 2177 4936 nobis

601 4977 795 5031 factum
821 4991 941 5030 esse
966 4974 1355 5045 deprehendet.
1393 4976 1461 5029 At
1486 4974 1671 5030 beatus
1703 4976 1783 5029 vir
1804 4975 1893 5030 ille
1920 4989 2025 5029 non
2058 4976 2177 5029 talis

599 5077 737 5132 erat,
779 5066 875 5122 sed
899 5083 1099 5130 amare,
1126 5076 1180 5121 et
1210 5076 1268 5120 ut
1294 5081 1389 5138 par
1414 5074 1497 5119 est
1520 5082 1699 5120 amare
1737 5066 1960 5129 sciebat,
1990 5079 2174 5135 atque,

599 5160 702 5215 etsi
737 5174 925 5214 omnes
970 5160 1022 5213 iit
1066 5173 1247 5214 amore
1280 5159 1550 5219 vinceret,
1583 5157 1821 5211 caritatis
1852 5168 2025 5211 tamen
2064 5173 2179 5213 ino—

598 5254 726 5309 dum
758 5268 863 5307 non
897 5251 1404 5321 transgrediebantur.
1442 5247 1573 5303 Vide
1598 5260 1724 5318 ergo
1750 5258 2033 5317 utrumque
2058 5251 2175 5305 exi-

603 5348 709 5401 mie
738 5346 789 5400 in
818 5345 911 5400 illo
938 5343 1231 5409 abundare,
1260 5354 1313 5397 et
1346 5341 1439 5397 Dei
1466 5341 1712 5395 timorem
1741 5349 1793 5394 et
1815 5339 2174 5395 Romanorum

598 5439 959 5495 dilectionem.
978 5435 1108 5492 Nam
1130 5435 1271 5506 quod
1294 5434 1659 5490 indesinenter
1685 5442 2009 5502 precaretur,
2038 5445 2092 5489 et
2118 5450 2178 5490 re

603 5536 709 5586 non
752 5528 1029 5599 impetrata
1070 5543 1177 5582 non
1217 5536 1392 5581 tamen
1422 5525 1737 5588 desisteret,
1783 5524 2019 5579 ardentis
2061 5535 2178 5581 erat

603 5624 807 5679 amoris
836 5640 849 5687 ;
891 5622 1139 5693 quodque
1178 5619 1406 5675 amando
1434 5620 1750 5689 persisteret
1777 5618 1869 5672 Dei
1900 5620 2048 5673 nntui
2076 5620 2175 5673 ob-

602 5731 835 5787 seqnens
856 5754 869 5775 .
914 5730 1133 5768 summa:
1176 5712 1389 5784 pietatis
1417 5718 1555 5766 erat.
1586 5708 1723 5763 Alibi
1754 5711 1914 5764 etiam
1942 5726 2061 5764 cum
2094 5721 2176 5766 ter

606 5807 889 5863 Dominum
919 5814 1177 5875 rogasset.
1210 5818 1308 5859 nec
1334 5803 1690 5871 impetrasset,
1716 5802 1824 5856 imo
1850 5802 2176 5857 contrarium

604 5900 702 5955 sibi
734 5898 1049 5965 accidisset,
1090 5898 1285 5969 gratias
1322 5899 1429 5969 egit
1460 5897 1718 5952 maximas
1743 5896 1882 5966 quod
1908 5898 2176 5966 repulsam

1328 425 1390 485 S.
1424 424 1700 485 JOANNIS
1736 420 2205 481 CHRYSOSTOIH
2246 419 2564 476 ARHIIEP.
2598 421 3130 481 CONSTANTINUP.

3771 422 3887 479 4οι

2282 534 2486 590 tulisset
2510 537 2594 591 (2.
2624 535 2744 592 Cor.
2771 539 2857 593 12.
2883 538 2947 610 8)
2975 559 2987 593 :
3016 542 3091 594 sic
3124 541 3210 596 ille
3240 542 3292 595 in
3318 542 3572 596 omnibus
3600 541 3667 595 ad
3701 542 3869 596 Deum

2278 645 2336 682 se
2365 632 2727 685 convertebat.
2766 632 2863 687 Hic
2889 643 3065 687 autem
3096 640 3302 702 accepit
3332 635 3575 704 quidem,
3619 638 3716 689 sed
3764 654 3863 688 non

2278 724 2489 789 quando
2522 724 2734 791 petebat
2760 742 2773 789 ;
2802 726 2893 779 sed
2919 726 3148 788 tardius.
3185 742 3281 781 nec
3310 728 3535 781 moleste
3566 729 3687 780 tulit
3747 728 3868 784 limi:

2279 832 2437 885 porro
2476 817 2614 878 dico.
2647 830 2703 871 ut
2736 834 2840 872 non
2870 836 3011 888 mgre
3052 820 3287 875 feramus
3314 820 3526 889 quando
3552 837 3662 874 non
3698 839 3864 876 exan-

2277 908 2469 973 dimur,
2501 912 2583 963 vel
2613 925 2731 964 cum
2763 913 2966 965 tardius
2991 914 3329 968 exaudimur.
3361 913 3473 968 Non
3497 916 3643 967 enim
3675 933 3867 968 sumus

2276 1000 2441 1056 Paulo
2472 1003 2741 1061 meliores.
2780 1004 2867 1073 qui
2908 1007 2973 1059 de
3020 1017 3248 1073 utroque
3279 1010 3475 1077 gratias
3503 1009 3633 1077 egit,
3666 1020 3718 1062 et
3752 1012 3869 1075 qni-

2276 1094 2395 1148 dem
2417 1094 2536 1163 jure
2563 1098 2771 1148 merito.
2797 1095 2927 1164 Quia
2958 1098 3103 1152 enim
3136 1101 3312 1151 manui
3337 1101 3515 1154 omnia
3540 1103 3864 1171 gubernanti

2276 1200 2335 1241 se
2366 1188 2530 1242 setncl
2554 1188 2852 1253 dediderat,
2883 1199 3075 1243 etcum
3108 1199 3249 1244 tanta
3281 1191 3637 1258 subjectione,
3666 1204 3863 1263 quanta

2277 1276 2443 1333 lutum
2490 1280 2693 1349 ﬁgulo;
2737 1297 2842 1349 quo
2880 1281 3107 1336 ducebat
3158 1284 3296 1338 Deus
3320 1327 3349 1350 ,.
3376 1283 3469 1338 illo
3511 1288 3862 1354 sequebatur.

2273 1368 2404 1424 Cum
2435 1370 2659 1427 dixisset
2688 1388 2816 1440 ergo
2843 1375 3048 1442 precari
3078 1390 3136 1430 se
3165 1385 3221 1429 ut
3244 1375 3366 1431 illos
3391 1376 3617 1443 videret,
3646 1395 3869 1435 causam

2274 1459 2521 1516 desiderii
2545 1462 2713 1517 addit.
2738 1465 2991 1532 Quasnam
3022 1467 3106 1520 illa
3124 1478 3205 1522 est
3227 1469 3249 1522 ?
3270 1467 3337 1523 Ut
3364 1470 3560 1540 aliquid
3574 1471 3871 1539 impertiant

2273 1552 2411 1607 vobis
2435 1555 2615 1623 gratim
2630 1556 2909 1625 spiritualis
2934 1560 3003 1611 ad
3031 1560 3409 1628 conﬁrmandos
3438 1579 3544 1617 vos.
3570 1563 3690 1617 Non
3722 1571 3864 1619 enim

2274 1643 2391 1699 sine
2418 1660 2597 1711 causa,
2624 1656 2677 1701 ut
2700 1649 2849 1703 multi
2876 1652 2984 1717 jam
3018 1654 3314 1719 superﬂuas
3342 1655 3667 1725 inutilesque
3695 1674 3859 1728 pcre-

2273 1736 2603 1807 grinationcs
2648 1742 2966 1811 suscipiunt,
3002 1744 3093 1797 illo
3125 1759 3181 1799 se
3221 1745 3469 1801 euiil'erre
3496 1749 3736 1815 volebat,
3767 1750 3862 1803 scd

2276 1842 2373 1898 pro
2406 1831 2725 1886 necessariis
2759 1835 3178 1904 urgentibusque
3208 1840 3436 1908 negotiis
3467 1858 3480 1892 :
3516 1841 3564 1895 id
3593 1843 3737 1911 quod
3774 1844 3865 1899 ille

2275 1923 2421 1978 clane
2448 1939 2552 1977 non
2590 1929 2853 1987 enuntiat,
2882 1929 2977 1983 sed
3007 1930 3361 1999 aénigmnlice.
3392 1934 3578 2003 Neque
3605 1938 3750 1991 enim
3778 1939 3860 1992 di-

2274 2013 2370 2079 xit,
2414 2013 2483 2069 Ut
2512 2014 2733 2071 doceam
2773 2033 2887 2081 vos.
2914 2029 2969 2073 ut
2996 2022 3292 2089 instituam,
3324 2035 3383 2078 ut
3406 2026 3547 2095 qttud
3576 2028 3732 2083 deest
3760 2032 3863 2083 im~

2273 2106 2447 2176 pleattt
2474 2124 2489 2173 ;
2528 2108 2642 2176 sed,
2681 2110 2748 2165 Ut
2772 2114 2894 2173 quid
2919 2113 3200 2182 impertiam
3226 2133 3245 2167 :
3273 2116 3517 2172 indicans
3544 2134 3603 2174 se
3634 2138 3740 2175 non
3768 2139 3861 2177 sua

2272 2200 2403 2257 dare
2443 2202 2582 2266 illis,
2628 2206 2721 2260 sed
2750 2222 2868 2277 quae
2909 2210 3117 2276 accepit
3149 2210 3376 2266 tradere.
3413 2212 3511 2267 Hic
3552 2218 3714 2269 etiam
3745 2233 3862 2270 mo-

2272 2292 2425 2349 deste
2458 2293 2710 2365 loquitur,
2744 2313 2863 2352 cum
2898 2298 3047 2367 dicit,
3083 2300 3150 2356 Ut
3181 2302 3395 2372 aliquid.
3427 2305 3732 2372 Paululum,
3786 2311 3864 2360 in-

2274 2389 2407 2457 quit,
2441 2397 2497 2443 et
2526 2390 2820 2445 secundum
2866 2409 3041 2447 meum
3069 2396 3367 2451 modulum.
3402 2398 3466 2452 Et
3492 2400 3750 2467 quidnam
3782 2413 3863 2454 est

2273 2479 2399 2535 illud
2428 2483 2699 2551 paululum
2722 2526 2736 2546 ,
2766 2486 2906 2556 quod
2930 2487 3039 2556 jam
3064 2487 3291 2547 daturus
3319 2492 3444 2547 est?
3480 2493 3615 2548 illud
3648 2505 3756 2560 est,
3784 2496 3861 2547 in-

2271 2573 2403 2643 quit.
2432 2574 2513 2627 Ad
2537 2576 2937 2644 con/innandum
2960 2595 3066 2634 vos.

2346 2664 2524 2719 Gratia
2553 2684 2653 2722 non
2680 2668 2901 2724 excludit
2925 2672 3200 2728 mercedem
3221 2691 3285 2729 ex
3311 2677 3570 2745 proposito
3591 2679 3862 2731 voluntatis

2275 2767 2587 2828 partam.—-
2616 2759 2757 2832 Ergo
2794 2778 2855 2817 ex
2899 2765 3063 2832 gratia
3115 2766 3245 2820 illud
3292 2779 3393 2828 est.
3439 2784 3544 2823 non
3586 2772 3859 2832 vacillare,

2273 2848 2368 2905 sed
2398 2850 2621 2907 ﬁrmiter
2647 2864 2811 2909 stare.
2844 2851 3080 2911 Gratiam
3107 2872 3234 2912 vero
3260 2874 3380 2914 cum
3408 2861 3579 2925 audis,
3606 2879 3738 2917 cave
3771 2881 3859 2930 ptt~

2274 2950 2354 2997 tes
2381 2944 2591 3000 excludi
2624 2947 2924 3002 mercedem
2953 2949 3095 3003 illam
3124 2965 3189 3005 ex
3220 2955 3493 3022 proposito
3524 2956 3814 3009 voluntatis
3845 2979 3855 3009 :

2269 3039 2493 3107 gratiam
2538 3040 2679 3094 enim
2708 3041 2868 3107 dicit,
2898 3057 3003 3095 non
3030 3044 3170 3114 quod
3212 3049 3471 3117 propositi
3500 3048 3740 3105 laborem
3783 3070 3862 3106 rc-

2272 3129 2479 3198 probet.
2500 3131 2591 3187 sed
2620 3142 2675 3186 ut
2700 3134 3019 3204 arrogantia:
3038 3135 3231 3191 fastum
3264 3140 3521 3195 succidat.
3553 3140 3632 3196 Ne
3662 3143 3856 3211 itaque.

2271 3220 2392 3291 quia
2428 3222 2618 3278 Paulus
2648 3224 2774 3279 illud
2815 3227 3041 3295 gratiam
3086 3229 3335 3295 vocavit,
3365 3232 3544 3286 animo
3585 3235 3859 3289 concidas.

2273 3310 2420 3370 Grati
2449 3316 2591 3371 enim
2618 3316 2778 3371 animi
2817 3334 2977 3373 causa
3006 3320 3144 3376 solet
3169 3333 3314 3377 recte
3342 3323 3477 3378 facta
3506 3329 3735 3394 gratiam
3764 3344 3859 3381 vo-

2272 3424 2431 3473 care,
2465 3413 2713 3481 quoniam
2759 3414 2809 3468 in
2843 3414 2990 3471 hisce
3034 3430 3133 3471 nos
3164 3417 3329 3471 multa
3368 3435 3584 3488 egemus
3630 3438 3858 3491 superna

2272 3503 2458 3569 gratia.
2480 3500 2612 3557 Cum
2632 3503 2756 3557 dixi;
2782 3513 2981 3570 autem,
3002 3506 3083 3560 Ad
3105 3524 3198 3561 con
3206 3508 3485 3577 ﬁrmandos
3505 3527 3610 3573 cos,
3635 3512 3862 3567 latenter

2234 3593 2241 3601 ’
2274 3592 2474 3649 indicat
2502 3610 2661 3666 egere
2691 3597 2808 3651 illos
2839 3614 3028 3668 magna
3053 3600 3410 3657 correctiOue.
3438 3602 3550 3657 lloc
3585 3606 3730 3660 enim
3756 3608 3860 3659 vult

2271 3687 2576 3759 signiﬁcare
2601 3708 2613 3744 :
2639 3692 2681 3745 A
2708 3691 2875 3745 multo
2900 3692 3519 3764 temporedesiderabam
3539 3707 3593 3751 et
3610 3699 3661 3752 in
3681 3710 3862 3769 Optato

2272 3778 2534 3838 habebam
2564 3799 2658 3839 vos
2686 3785 2887 3848 videre,
2922 3802 3027 3841 non
3056 3785 3157 3841 alia
3188 3787 3256 3844 de
3283 3805 3464 3856 causa,
3493 3806 3651 3861 quam
3686 3805 3740 3846 ut
3770 3809 3860 3847 vos

2273 3873 2648 3930 conﬁrmarem
2676 3887 2729 3930 et
2767 3876 2935 3947 probe
2961 3877 3255 3933 stabilirem
3289 3881 3340 3937 in
3384 3881 3575 3935 timore
3606 3884 3621 3913 ³
3660 3882 3776 3947 Dei,
3810 3896 3864 3936 nt

2276 3981 2346 4023 ne
2372 3976 2627 4036 perpetuo
2649 3968 2927 4022 vacilletis.
2956 3969 3023 4023 At
3052 3986 3161 4028 non
3183 3972 3250 4025 ita
3275 3971 3446 4038 dixit;
3475 3973 3552 4027 sic
3579 3976 3722 4029 enim
3750 3977 3864 4029 illos

2276 4058 2677 4129 persti-insisset
2704 4075 2717 4125 ;
2770 4059 2862 4115 sed
2900 4062 3003 4114 alio
3029 4062 3190 4116 modo
3218 4063 3602 4133 remissinsque
3634 4067 3863 4137 idipsum

2278 4149 2581 4206 subindicat
2613 4168 2626 4205 :
2660 4166 2780 4205 cum
2831 4153 2972 4207 enim
3013 4153 3169 4218 dicit,
3216 4154 3296 4207 Ad
3325 4156 3707 4223 conﬁrmandos
3743 4176 3827 4213 vos
3849 4204 3863 4223 ,

2279 4243 2380 4299 hoc
2409 4244 2579 4313 ipsum
2604 4245 2885 4315 signiﬁcat.
2934 4245 3133 4301 Deinde
3154 4290 3168 4312 ,
3206 4249 3326 4318 quia
3357 4249 3481 4303 illud
3516 4251 3671 4306 valde
3702 4255 3863 4309 mole-

2276 4346 2419 4392 stum
2442 4348 2577 4403 erat,
2606 4338 2727 4393 vide
2762 4338 3030 4408 quomodo
3060 4354 3155 4407 per
3184 4356 3244 4395 ea
3281 4356 3400 4411 qua:
3427 4342 3573 4396 addit
3599 4343 3734 4399 illud
3767 4346 3865 4401 mi-

2279 4430 2427 4501 liget.
2460 4429 2537 4485 Ne
2566 4432 2803 4486 dicerent
2835 4433 2976 4486 enim
3018 4450 3031 4486 :
3061 4434 3197 4503 Quid
3225 4451 3371 4507 ergo,
3403 4452 3469 4491 an
3500 4439 3819 4495 vacillamus
3847 4444 3870 4495 3

2280 4540 2346 4578 an
2391 4526 2821 4595 circumagimur,
2854 4536 2908 4581 et
2948 4537 3032 4582 tua
3075 4544 3296 4599 egemus
3338 4530 3509 4600 lingua
3545 4542 3600 4585 ut
3645 4533 3871 4589 ﬁrmiter

2280 4628 2483 4674 stemus
2512 4619 2535 4673 ἲ
2564 4617 2699 4674 hanc
2738 4621 3007 4689 prmvcriit
3032 4621 3384 4692 objectioncm
3415 4622 3497 4677 bis
3524 4626 3703 4679 verbis
3736 4646 3749 4680 :
3784 4628 3866 4682 ιε.

2290 4711 2399 4767 Hoc
2428 4721 2500 4767 est
2538 4722 2737 4779 autem,
2780 4714 2932 4769 simul
2972 4715 3227 4770 consolari
3256 4716 3306 4769 in
3348 4716 3483 4769 vobis
3513 4734 3603 4783 per
3641 4730 3869 4772 mutuam

2282 4804 2455 4875 ﬁdem,
2480 4814 2693 4859 vestram
2718 4815 2763 4859 et
2791 4824 2973 4861 meum.
3000 4809 3075 4862 Ae
3099 4808 3140 4860 si
3173 4808 3395 4873 diceret,
3419 4805 3495 4879 Nc
3517 4808 3867 4877 suSpiccmini

2282 4914 2369 4953 me
2394 4898 2684 4953 accusandi
2714 4916 2873 4954 causa
2907 4900 2955 4955 id
2988 4901 3140 4954 vobis
3166 4900 3363 4955 dixisse
3394 4920 3405 4955 :
3433 4918 3537 4955 non
3564 4902 3664 4957 bac
3693 4916 3871 4957 mente

2281 4992 2534 5063 loquutus
2576 5010 2732 5055 sum;
2770 4995 2861 5048 scd
2895 4994 3018 5063 quid
3051 4992 3195 5046 volui
3226 4993 3454 5049 dicere?
3496 4994 3690 5050 Multas
3730 4997 3869 5065 passi

2282 5089 2415 5143 estis
2439 5103 2706 5143 mmmnas
2732 5088 2800 5141 ab
2830 5088 2927 5150 iis,
2963 5087 3052 5156 qui
3092 5102 3185 5140 vos
3216 5095 3342 5141 sunt
3385 5089 3692 5157 persequuti
3731 5108 3744 5141 :
3778 5105 3870 5142 vos

2283 5194 2411 5250 ergo
2433 5179 2612 5234 videre
2627 5178 2950 5246 desideravi,
2974 5188 3028 5232 ut
3054 5178 3363 5233 consolarer
3387 5195 3401 5245 ;
3432 5180 3539 5231 imo
3566 5179 3743 5247 potius
3767 5195 3868 5233 non

2284 5282 2345 5326 ut
2368 5271 2678 5327 consolarer
2722 5281 2953 5337 tantutn,
2985 5269 3083 5325 sed
3112 5272 3272 5326 etiam
3304 5278 3362 5325 ut
3404 5270 3519 5340 ipse
3548 5270 3865 5325 consolatio-

2284 5377 2407 5418 nem
2432 5363 2753 5433 acciperem.

2352 5456 2407 5511 ι.
2439 5454 2574 5509 Vide
2600 5453 2916 5525 sapientiam
2947 5453 3200 5508 doctoris.
3233 5453 3374 5506 Dixit
3394 5492 3409 5511 .
3441 5451 3521 5505 Ad
3555 5454 3869 5520 conﬁrman-

2284 5548 2376 5601 dos
2417 5562 2521 5602 res.
2566 5545 2798 5601 Noverat
2832 5560 2995 5616 grave
3038 5554 3091 5597 et
3132 5558 3419 5598 onerosum
3451 5543 3726 5613 discipulis
3756 5560 3868 5597 esse

2286 5637 2414 5694 illud
2442 5638 2582 5709 qttod
2610 5638 2837 5700 dixerat,
2863 5646 2916 5689 et
2938 5636 3107 5699 addit,
3137 5634 3217 5687 Ad
3246 5634 3608 5689 consolandum
3636 5652 3742 5688 res.
3769 5633 3869 5689 Sed

2286 5729 2415 5785 illud
2444 5744 2655 5801 quoque
2696 5734 2973 5782 molestum
3005 5736 3153 5784 erat.
3189 5742 3291 5780 non
3337 5725 3560 5798 perinde
3593 5738 3768 5781 tamen
3790 5733 3866 5778 at-

2349 5910 2364 5940 ³
2424 5912 2505 5956 L‘uz
2528 5921 2552 5956 s
2573 5904 2713 5966 legit,
2742 5905 2788 5954 in
2812 5906 2979 5955 (iniure
3005 5914 3047 5954 rt
3067 5917 3247 5953 tutiore.
