4056 6502
175 464 309 521 ⁴1ἳ5

156 581 265 652 τῷ
298 582 362 637 τὸ
409 581 666 650 κήρυγμα
711 575 1150 645 εὐαγγελίζεσθαι
1201 573 1508 645 λατρεύων·
1567 573 1663 625 καὶ
1712 564 1867 629 οὗτος

152 661 252 737 ἦν
270 668 300 718 ὁ
316 668 416 736 τῆς
436 665 676 724 δουλείας
700 663 862 715 αὐτοῦ
893 662 1090 730 τρόπος
1110 677 1125 690 ·
1158 658 1312 712 τοῦτο
1340 659 1448 728 γάρ
1474 653 1542 727 ἦν
1573 659 1865 721 ἐπιτεταγ-

158 753 374 824 μένος.
420 750 516 804 Διά
563 751 719 803 τοῦτο
758 751 817 802 οὐ
871 749 1122 818 μάρτυρα
1169 745 1325 798 καλεῖ
1367 744 1461 796 τὸν
1507 742 1641 796 Θεὸν
1677 741 1860 811 μόνον,

151 841 326 894 ἀλλά
377 841 472 892 καὶ
513 840 648 908 ὅπερ
692 835 1041 902 ἐνεπιστεύθη
1084 833 1255 900 λέγει,
1299 831 1512 894 δεικνὺς
1543 831 1625 883 ὅτι
1661 831 1762 882 οὐκ
1799 828 1866 880 ἀν

146 926 493 997 τηλικαῦτα
548 924 926 995 ἐγχειρισθεὶς,
970 922 1062 973 τὸν
1112 918 1554 992 ἐμπιστεύσαντα
1610 919 1865 987 μάρτυρα

151 1011 277 1070 ἐπὶ
324 1010 579 1079 ψευδέσιν
613 1009 794 1060 ἐκάλει
818 1020 865 1058 ε.
900 1006 1054 1062 Μετὰ
1088 1006 1142 1058 δὲ
1177 1005 1370 1058 τούτου
1421 1004 1643 1056 κάκεῖνο
1692 1001 1865 1065 δεῖξαι

152 1093 462 1168 βούλεται,
504 1095 600 1163 τὴν
638 1093 858 1160 ἀγάπην
893 1092 990 1160 τὴν
1027 1090 1166 1160 ὑπὲρ
1195 1087 1395 1151 αὐτῶν,
1432 1088 1526 1138 καὶ
1554 1086 1654 1155 τὴν
1696 1101 1861 1154 φρον-

151 1183 305 1238 τίδα
343 1182 643 1250 ἀναγκαίαν
679 1175 865 1235 οὖσαν.
906 1179 1021 1231 ’Ὶνα
1055 1176 1163 1245 γάρ
1199 1176 1272 1246 μὴ
1304 1176 1523 1241 λέγωσι.
1557 1173 1628 1225 Σὺ
1665 1174 1748 1233 τίς
1787 1170 1864 1221 ὢν

148 1270 277 1322 καὶ
301 1268 489 1332 πόθεν,
520 1265 670 1320 πόλιν
694 1264 836 1316 οὐτω
870 1263 1112 1332 μεγάλην
1137 1261 1231 1314 καὶ
1253 1259 1688 1329 βασιλικωτάτην
1717 1272 1782 1323 με
1793 1273 1863 1325 ρι-

153 1360 326 1429 μνᾷν
361 1358 498 1425 φήςς
529 1354 799 1408 δείκνυσιν
844 1350 1147 1418 ἀναγκαίαν
1171 1345 1341 1424 λῦσαν
1376 1346 1525 1417 αὐτῷ
1547 1345 1644 1423 τὴν
1674 1343 1861 1400 τοιαύ-

146 1427 281 1516 την
327 1442 604 1514 φροντίδα,
655 1443 708 1494 εί
737 1457 797 1507 γε
829 1440 978 1506 αὐτῴ
1019 1439 1115 1507 τῆς
1148 1427 1388 1497 δούλείας
1418 1429 1572 1496 οὗτος
1597 1434 1624 1486 ὁ
1659 1432 1861 1507 τρόπος

145 1532 556 1593 ἰπιτέτακται,
606 1533 664 1581 τὸ
711 1527 1102 1596 καταγγέλλειν
1140 1525 1202 1578 τὸ
1251 1523 1606 1592 Εὐαγγέλιον.
1643 1524 1703 1575 '0
1753 1523 1861 1590 γάρ

142 1620 342 1673 τοῦτο
392 1617 868 1687 ἐγκεχειρισμένος
916 1617 1163 1686 ἀνάγκην
1221 1612 1332 1684 ἔχει
1384 1613 1512 1674 τοὺς
1568 1609 1861 1682 μέλλοντας

144 1707 537 1776 ὑποδέχεσθαι
570 1706 658 1758 τὸν
684 1705 837 1772 λόγον
866 1703 1156 1765 διαπαντὸς
1182 1702 1325 1772 ἔχειν
1356 1702 1448 1752 ἐπὶ
1475 1698 1574 1774 τῆς
1597 1697 1857 1759 διανοίας.

145 1796 342 1866 Δηλοῖ
371 1794 426 1846 δὲ
463 1783 774 1861 καὶέτερον
798 1792 933 1862 πρὸς
970 1790 1179 1852 τούτοις
1211 1789 1399 1849 εἰπὼν,
1445 1787 1548 1841 Ἑν
1569 1785 1646 1851 τῷ
1673 1785 1858 1838 πνεύ-

139 1883 319 1954 ματί
353 1899 499 1950 μου·
530 1882 610 1933 ὅτι
646 1881 778 1932 πολὺ
825 1881 918 1932 καὶ
946 1879 1047 1948 τῆς
1085 1877 1406 1948 Ἑλληνικῆς
1450 1874 1545 1928 καὶ
1578 1875 1676 1945 τῆς
1728 1872 1860 1925 ἰου-

143 1968 372 2038 δᾳῖκῆς
404 1967 658 2039 λατρείας
686 1967 934 2040 ἀνωτέρα
961 1967 1121 2036 αὐτη.
1172 1967 1236 2018 Ἡ
1270 1967 1365 2036 μὲν
1391 1965 1498 2035 γάρ
1543 1961 1856 2033 Ἑλληνικὴ.

144 2055 273 2110 καὶ
308 2055 699 2125 πεπλανημένη
740 2056 833 2114 καὶ
865 2058 1131 2126 σαρκικὴυ
1179 2054 1292 2125 ἠδὲ
1337 2041 1626 2124 Ἰουδαῖκὴ,
1652 2050 1858 2124 ἀληθὴς

147 2144 302 2220 μὲν,
350 2144 586 2213 σαρκικὴ
627 2143 680 2196 δέ
727 2143 822 2196 καὶ
870 2143 1005 2210 αὐτή
1031 2159 1045 2172 ο
1079 2144 1111 2216 ἠ
1154 2141 1210 2195 δὲ
1240 2142 1338 2212 τῆς
1376 2139 1725 2208 Ἐκκλησίας,
1756 2140 1857 2207 τῆς

147 2233 277 2304 μὲν
326 2232 647 2303 Ἑλληνικῆς
687 2232 926 2293 ἐναντία,
971 2230 1071 2298 τῆς
1098 2230 1154 2286 δέ
1216 2227 1518 2298 Ἰουδαϊκῆς
1549 2227 1857 2298 ὑψηλοτέρα

147 2320 362 2390 πολλῷ
405 2320 484 2390 τῷ
523 2319 725 2391 μέτρῳ.
769 2320 842 2373 Οὐ
895 2319 1004 2388 γάρ
1037 2318 1124 2375 διὰ
1170 2318 1460 2389 προϐάτων
1509 2315 1606 2368 καὶ
1640 2316 1856 2386 μόσχων

144 2410 265 2466 καὶ
314 2409 532 2461 καπνοῦε
567 2409 661 2460 καὶ
693 2407 920 2477 κνίσσης
960 2409 988 2460 ὁ
1018 2407 1118 2476 τῆς
1149 2405 1426 2480 ἡμετέρας
1452 2403 1706 2477 λατρείας
1729 2403 1857 2475 τρό-

143 2515 296 2561 πος,
335 2497 470 2550 ἀλλὰ
499 2497 587 2551 διὰ
614 2497 792 2567 ψυχῆς
833 2496 1240 2567 πνευματικῆς*
1276 2495 1415 2564 ὅπερ
1440 2495 1535 2547 καὶ
1567 2495 1595 2546 ὁ
1620 2491 1856 2566 Χριστὸς

140 2586 349 2657 δηλῶν
369 2586 522 2652 ἔλεγε
537 2601 550 2625 '-
573 2584 816 2654 Πνεῦμα
833 2587 864 2637 ό
889 2585 1050 2654 Θεὸς,
1073 2584 1171 2638 καὶ
1192 2582 1332 2648 τοὺς
1353 2580 1856 2650 προσκυνοῦντας

141 2675 382 2736 αὐτὸν,
424 2674 494 2728 ἐν
543 2674 833 2741 πνεύματι
877 2672 972 2725 καί
1021 2673 1275 2740 ἀληθείᾳ
1318 2670 1415 2724 δεῖ
1455 2668 1851 2737 προσκυνεῖν.

160 2765 278 2816 Ἐν
319 2747 409 2827 ’τῷ
429 2762 774 2830 Εὐαγγελίῳ
805 2762 914 2816 τοῦ
952 2761 1088 2815 Υίοῦ
1119 2759 1326 2814 αὐτοῦ.
1368 2758 1654 2827 Ἀνωτέρω
1682 2756 1854 2811 εἰπὼν

143 2852 216 2905 τὸ
248 2849 595 2919 Εὐαγγέλιον
627 2850 720 2903 τοῦ
755 2850 969 2921 Πατρὸς
991 2847 1151 2913 εἶναι,
1185 2847 1418 2902 ἐνταῦθα
1445 2846 1539 2899 τοῦ
1571 2845 1701 2900 Υἰοῦ
1719 2847 1851 2900 αὐτό

145 2956 374 3012 φησιν’
413 2939 586 3002 οὕτως
629 2939 922 3014 ἀδιάφορον
956 2939 1048 2991 καὶ
1093 2938 1302 3007 [Ιατρὸς
1340 2937 1434 2989 καὶ
1474 2934 1604 2990 Υίοῦ
1651 2934 1851 3003 λέγειν.

146 3031 279 3093 Καὶ⁹
304 3029 416 3100 γάρ
455 3027 627 3099 ἔμαθε
657 3027 811 3097 παρά
829 3028 928 3096 τῆς
970 3027 1248 3098 μακαρίας
1280 3024 1495 3094 ἐκείνης
1534 3026 1740 3093 φωνῆς,
1770 3024 1853 3076 ὅτι

145 3121 224 3174 τά
258 3118 365 3172 τοῦ
395 3118 605 3185 Πατρὸς
642 3117 736 3169 τοῦ
771 3116 919 3180 Υἰοῦ,
961 3115 1056 3167 καὶ
1081 3114 1148 3167 τὰ
1178 3112 1270 3166 τοῦ
1303 3112 1432 3166 Υἰοῦ
1479 3112 1573 3165 τοῦ
1605 3111 1850 3186 Πατρός·

145 3206 380 3270 Πάντα
419 3205 551 3275 γὰρ.
601 3205 755 3274 φησὶ,
793 3203 865 3257 τὰ
901 3202 1012 3272 ἐμὰ
1045 3199 1129 3258 σά
1163 3201 1316 3266 ἐστι,
1357 3199 1456 3252 καὶ
1493 3198 1564 3251 τὰ
1598 3197 1680 3250 σὰ
1715 3196 1846 3266 ἐμά.

159 3295 273 3359 “Ως
321 3292 718 3357 ἀδιαλείπτως
741 3290 960 3360 μνείαν
1003 3286 1171 3355 ὑμῶν
1216 3286 1496 3354 ποιοῦμαι
1547 3285 1698 3338 ἐπιδ
1735 3285 1855 3337 τῶν

147 3379 533 3451 προσευχῶν
572 3378 718 3460 [459]
745 3397 886 3449 μου.
938 3378 1110 3430 Τοῦτο
1169 3375 1396 3448 γνησίας
1444 3375 1687 3445 ἀγάπης.
1743 3375 1855 3435 Καὶ

149 3470 318 3522 δογεῖ
353 3467 452 3538 μὲν
477 3468 538 3520 ἐν
565 3485 618 3520 τι
649 3467 847 3535 λέγειν,
877 3466 1120 3536 τέσσαρα
1148 3463 1204 3526 δέ
1229 3463 1446 3534 τίθησιν
1468 3461 1724 3524 ἐνταῦθα,
1759 3463 1854 3520 καὶ

146 3559 238 3622 δτι
291 3559 591 3629 μέμνηται,
640 3558 735 3608 καὶ
772 3555 852 3607 ὅτι
899 3553 1282 3615 ἀδιαλείπτως,
1324 3551 1418 3604 καὶ
1441 3551 1524 3603 ὅτι
1554 3551 1611 3602 ἐν
1639 3550 1850 3620 εὐχαῖς,

150 3645 255 3706 καὶ
297 3646 386 3698 ὅτι
428 3645 570 3715 ὑπὲρ
611 3643 862 3714 μεγάλων
900 3642 1260 3716 πραγμάτων.
1295 3642 1604 3709 Δεόμενος,
1632 3640 1688 3692 ετ
1727 3651 1855 3705 πως

152 3732 282 3802 ἤδη
336 3732 485 3786 ποτὲ
519 3731 966 3800 εὐοδωθήσομαι
1014 3731 1085 3784 ἐν
1122 3728 1204 3795 τῷ
1236 3727 1522 3798 θελήματι
1553 3727 1660 3782 τοῦ
1701 3727 1850 3781 Θεοῦ

151 3822 373 3877 ἐλθεῖν
401 3819 552 3888 πρὸς
595 3817 770 3887 ὑμᾶς.
811 3815 1106 3872 Ἐπιποθῶ
1134 3817 1244 3887 γὰρ
1282 3815 1431 3869 ἰδεῖν
1459 3814 1634 3884 ὑμᾶς.
1687 3816 1852 3887 Ὁρᾷς

155 3915 258 3971 καὶ
286 3911 552 3964 ὠδίνοντα
585 3909 781 3971 αὐτοὺς
815 3907 960 3968 ἰδεῖν,
996 3905 1091 3958 καὶ
1113 3906 1214 3958 οὐκ
1249 3906 1575 3975 ἀνεχόμενον
1611 3902 1764 3974 παρὰ
1791 3905 1852 3958 τὸ

151 4002 238 4073 τῷ
275 3999 402 4069 Θεῷ
430 3996 622 4052 δοκοῦν
650 3996 798 4062 ἰδεῖν,
820 3995 956 4049 ἀλλά
979 3995 1380 4066 κεκερασμένον
1400 3993 1552 4069 φόϐῳ
1586 3993 1722 4050 Θεοῦ
1756 3993 1850 4049 τὸν

157 4089 335 4142 πόθον
369 4086 590 4158 ἐχοντα;
647 4084 852 4152 Ἐφίλει
897 4083 996 4156 μὲν
1043 4083 1153 4154 γὰρ
1199 4083 1416 4146 αὐτοὺς,
1461 4082 1553 4139 καὶ
1590 4082 1851 4151 ἠπείγετο

158 4175 304 4248 πρὸς
353 4172 580 4236 αὐτούς·
617 4173 677 4224 οὐ
719 4171 844 4243 μὴν,
889 4171 1077 4242 ἐπειδὴ
1119 4171 1312 4239 ἐφίλει.
1345 4171 1496 4241 napi
1530 4171 1589 4224 τὸ
1615 4169 1692 4240 τῷ
1730 4169 1851 4241 Θεῷ

159 4263 360 4316 δοκοῦν
398 4260 650 4314 ἐϐούλετο
697 4259 844 4315 ἰδεῖν.
887 4258 1037 4330 Δύτη
1085 4261 1118 4329 ἡ
1161 4259 1360 4330 γνησία
1391 4259 1604 4330 ἀγάπη,
1636 4259 1734 4329 οὐχ
1773 4261 1850 4323 ὡς

158 4354 330 4423 ἡμεῖς
372 4351 422 4404 οί
475 4347 860 4421 ἀμφοτέρωθεν
906 4349 1017 4409 τῶν
1045 4348 1225 4419 νόμων
1267 4349 1363 4419 τῆς
1413 4349 1639 4418 ἀγάπης
1678 4347 1849 4402 ,ἐκπί-

161 4456 414 4502 πτοντες.
449 4438 519 4491 Ἦ
544 4438 654 4515 γάρ
688 4436 879 4490 οὐδένα
913 4436 1192 4507 φιλοῦμεν,
1222 4436 1256 4506 ἢ
1285 4436 1505 4490 ἐπειδὰν
1531 4435 1850 4506 φιλήσωμέν

160 4543 320 4589 ποτε,
351 4525 505 4578 παρὰ
528 4526 593 4579 τὸ
615 4525 690 4596 τῷ
723 4525 840 4595 Θεῴ
867 4524 1055 4586 δοκοῦν
1077 4523 1358 4594 φιλοῦμεν,
1389 4525 1677 4595 ἀμφότερα
1699 4526 1850 4594 παρά

160 4614 254 4669 τὸν
277 4616 426 4669 θεῖον
449 4615 726 4676 ποιοῦντες
758 4624 780 4654 ε
812 4613 995 4680 νόμον.
1028 4614 1091 4674 El
1121 4614 1178 4672 δὲ
1212 4613 1444 4685 φορτικά
1471 4613 1648 4674 ταῦτα
1688 4612 1848 4682 λεγόη

167 4719 334 4780 μενα,
367 4702 744 4772 φορτικώτερα
773 4703 1088 4772 γιγνόμενα.

237 4794 315 4856 7'.
340 4789 452 4842 Καὶ
483 4787 598 4851 πῶς
633 4786 786 4856 παρά
801 4787 864 4840 τὸ
883 4787 960 4858 τῷ
983 4786 1102 4857 Θεῷ
1128 4784 1318 4846 δοκοῦν
1345 4784 1628 4857 φιλοῦμεν,
1648 4783 1846 4856 φησίν;

169 4873 340 4929 Ὅταν
371 4875 466 4929 τὸν
495 4877 593 4944 μὲν
641 4876 878 4945 Χριστὸν
923 4874 1067 4946 λιμῷ
1121 4875 1426 4945 τηκόμενον
1474 4873 1845 4946 περιορῶμεν,

168 4964 329 5016 παισὶ
356 4963 414 5018 δὲ
438 4964 532 5017 καὶ
574 4964 749 5029 φίλοις
807 4965 899 5018 καὶ
965 4965 1284 5033 συγγενέσιν
1316 4953 1359 5018 ’ὐ
1373 4964 1471 5035 πὲρ
1505 4964 1603 5034 τὴν
1656 4964 1847 5035 χρείαν

171 5051 525 5121 παρέχωμεν.
581 5052 797 5107 Μᾶλλον
845 5053 902 5105 δέ
955 5053 1009 5105 τί
1055 5054 1162 5124 χρὴ
1218 5053 1529 5125 περαιτέρω
1569 5053 1660 5105 τὸν
1690 5052 1848 5120 λόγον

171 5140 473 5208 προάγειν;
515 5139 641 5192 Ἐάν
699 5139 807 5210 γὰρ
838 5139 899 5192 τὸ
955 5139 1149 5203 ἑαυτοῦ
1207 5141 1442 5204 συνειδὸς
1475 5141 1706 5204 ἕκαστος
1757 5140 1848 5205 ἐξ·

174 5226 362 5298 ετάση,
385 5227 478 5280 ἐπὶ
501 5227 708 5280 πολλῶν
737 5228 894 5281 τοῦτο
912 5230 1134 5300 εὑρήσει
1161 5232 1446 5299 γινόμενον
1478 5229 1845 5301 πραγμάτων.

186 5313 464 5385 Ἀλλόὐχ
492 5315 521 5366 ὁ
571 5315 840 5386 μακάριος
900 5319 1104 5379 ἐκεῖνος
1162 5316 1403 5380 τοιοῦτος
1453 5313 1541 5388 ἦν,
1583 5316 1847 5387 ἀλλ’ῇδει

177 5403 269 5452 καὶ
297 5402 492 5470 φιλεῖν,
524 5403 617 5456 καὶ
651 5403 825 5472 φιλεῖν
851 5403 925 5467 ὼς
952 5403 1078 5475 χρὴ,
1116 5403 1210 5456 καὶ
1237 5405 1312 5467 ώς
1341 5404 1618 5478 προσῆκον
1639 5399 1728 5473 ἦν,
1754 5403 1848 5457 καί

179 5485 384 5552 πάντας
422 5491 586 5544 νικῶν
608 5491 685 5563 τῷ
711 5491 904 5560 φιλεῖν,
955 5493 1053 5562 οὐχ
1087 5491 1415 5564 ὑπερέϐαινε
1476 5492 1576 5559 τῆς
1624 5494 1844 5562 ἀγάπης

178 5573 246 5627 τὰ
276 5576 467 5649 μέτρα.
506 5580 646 5650 Ὀρα
700 5579 832 5652 γοῦν
885 5581 1170 5650 ἀμφότερα
1235 5580 1364 5650 μεθ’
1420 5580 1726 5651 ὑπερϐολῆς
1788 5584 1846 5634 ἐν

183 5662 328 5734 αὐτῷ
379 5665 631 5736 βρύοντα,
673 5669 768 5721 καὶ
815 5668 906 5720 τὸν
938 5669 1031 5721 τοῦ
1077 5669 1213 5722 Θεοῦ
1253 5669 1437 5738 φόϐον,
1481 5671 1575 5722 καὶ
1609 5670 1699 5722 τὸν
1736 5669 1847 5722 τῶν

194 5745 475 5820 Ῥωμαίων
509 5756 692 5810 πόθον.
732 5755 804 5809 Τὸ
843 5756 942 5827 μὲν
975 5757 1082 5827 γάρ
1122 5757 1382 5826 διηνεκῶς
1426 5755 1706 5826 εὐχεσθαι,
1753 5758 1848 5810 καὶ

190 5836 260 5906 μὴ
280 5843 611 5911 τυγχάνοντα
645 5842 718 5914 μὴ
746 5844 1098 5913 ἀφίστασθαι,
1138 5845 1357 5916 ἀγάπης
1387 5846 1624 5916 σφοδρᾶς
1654 5841 1720 5914 ἦν
1741 5860 1755 5873 ⁸
1787 5845 1850 5898 τὸ

188 5922 241 5976 δὲ
270 5928 565 5997 ἀγαπῶντα
603 5933 783 6002 μένειν
819 5931 846 5972 ἀ
880 5932 959 6003 τῷ
989 5933 1082 5985 τοῦ
1136 5933 1272 5987 Θεοῦ
1321 5933 1551 6004 νεύματι
1603 5933 1846 6000 εἴκοντα,

249 6067 264 6090 ⁸
291 6071 436 6142 [idem
482 6079 695 6142 ἐκάλεσε.
762 6078 787 6118 ιι
817 6078 969 6137 Cnus.
1020 6077 1246 6138 ποιοῦμαι
1287 6080 1485 6128 πάντοτε
1511 6079 1602 6128 Ξπί.
1676 6083 1693 6106 τ
1734 6081 1847 6136 Alii,

191 6137 421 6198 ποιοῦμεν.
489 6137 644 6201 dAlii,
667 6142 918 6203 ἀγαπῶντα
942 6142 1067 6190 οὕτω
1100 6137 1263 6204 μέθιεν·

1447 456 1510 511 ίΝ
1549 453 1768 510 EPIST.
1807 451 1896 505 AD
1931 450 2097 507 ΗΘΜ.
2144 457 2375 514 ιιωιιι..
2419 461 2478 514 ll.

3557 472 3663 529 404

1974 569 2261 658 εὐλαϐείας
2323 579 2739 650 ἐπιτεταμένης.
2799 583 3057 655 Ἀλλαχοῦ
3111 586 3211 655 μὲν
3254 580 3348 640 οὖν
3401 589 3523 658 τρὶς
3566 590 3660 643 τὸν

1974 657 2178 730 Κύριον
2206 666 2596 733 παρακαλέσας
2617 670 2678 722 οὐ
2721 670 2882 740 μόνον
2916 673 3015 726 οὐκ
3059 674 3271 737 ἐλαϐεν,
3303 657 3444 728 ἀλλά
3470 677 3566 730 καὶ
3598 679 3659 732 τὸ

1973 748 2240 813 ἐναντίον,
2281 754 2357 824 μὴ
2415 752 2616 820 λαϐὼν,
2679 757 2840 828 χάριν
2888 759 3028 828 ἔγνω
3074 761 3169 815 τοῦ
3205 764 3658 834 παρακουσθῆναι

1971 837 2172 908 πολλήν
2206 856 2218 869 ⁸
2256 840 2398 894 οὕτω
2428 844 2564 913 πρὸς
2601 844 2695 896 τὸν
2742 846 2874 898 Θεὸν
2918 849 2975 899 ἐν
3005 849 3213 921 ἀπασιν
3243 850 3489 906 ἔϐλεπεν.
3539 854 3658 908 Ἐν-

1967 923 2141 977 ταῦθα
2169 925 2224 978 δὲ
2257 926 2414 981 ἔλαϐε
2452 931 2572 1000 μὲν,
2601 933 2698 1002 οὐχ
2729 935 2817 988 ὅτε
2853 937 2911 988 δὲ
2951 936 3178 1007 ᾔτησεν,
3222 939 3359 992 ἀλλά
3393 941 3655 1012 βραδέως,

1967 1013 2062 1080 καὶ
2086 1014 2240 1068 οὐδὲν
2276 1027 2299 1056 ο
2331 1019 2584 1072 ἐντεῦθεν
2632 1022 2983 1093 ἐδυσχέρανε.
3040 1026 3226 1080 Ταῦτα
3277 1028 3333 1081 δὲ
3372 1029 3534 1096 λέγω,
3571 1031 3660 1084 ἵνα

1970 1102 2044 1173 μὴ
2075 1104 2433 1178 ἀσχάλλωμεν
2471 1110 2544 1181 μὴ
2576 1112 2924 1183 ἀκουόμενοι,
2959 1116 2991 1186 ἢ
3021 1117 3266 1189 βραδέως
3304 1121 3653 1190 ἀκουόμενοι.

1967 1190 2041 1280 Οὐ
2067 1192 2176 1264 γάρ
2202 1196 2367 1263 ἐσμεν
2396 1197 2610 1251 Παύλου
2646 1200 2910 1270 βελτίους,
2941 1203 2999 1266 ὃς
3020 1206 3106 1257 ἐπ’
3131 1205 3466 1278 ἀμφοτέροις
3497 1210 3656 1280 χάριν
3737 1202 3740 1205 ’

1964 1279 2238 1348 ὁμολογεῖ·
2253 1285 2343 1337 καὶ
2360 1286 2502 1353 μάλα
2517 1289 2988 1362 εἰκότως.Ἑπειδὴ
3001 1293 3108 1363 γάρ
3121 1294 3266 1359 ἅπαξ
3281 1295 3473 1348 ἑαυτὸν
3487 1279 3656 1350 ἔδωκε

1965 1371 2031 1439 τῇ
2068 1372 2247 1424 πάντα
2269 1373 2590 1446 κυϐερνώσῃ
2623 1379 2787 1450 χειρὶ,
2838 1381 2931 1432 καὶ
2992 1382 3131 1451 μετὰ
3153 1384 3422 1454 τοσαύτης
3451 1385 3658 1438 ὑποτα-

1964 1459 2066 1546 γῆς
2091 1461 2356 1530 ὑπέθηκε,
2396 1464 2514 1532 μεθ’
2548 1466 2680 1535 ὅσης
2736 1467 2766 1518 ὁ
2829 1468 3000 1538 πηλὸς
3057 1470 3135 1540 τῷ
3188 1474 3447 1542 κεραμεῖ,
3507 1467 3654 1546 ᾗπερ

1963 1542 2099 1619 ἦγεν
2127 1551 2154 1601 ὁ
2185 1547 2338 1614 Θεὸς,
2376 1551 2685 1620 ⁴ἠκολούθει.
2737 1555 2921 1611 Εἰπὼν
2954 1559 3158 1622 τοίνυν,
3187 1562 3269 1613 ὅτι
3301 1560 3498 1631 ηὔχετο
3513 1542 3655 1617 τίόεῖν

1962 1636 2182 1700 αὐτοὺς,
2218 1637 2366 1704 λέγει
2403 1642 2496 1694 καί
2535 1642 2635 1713 τὴν
2689 1644 2870 1697 αἰτίαν
2912 1646 3010 1716 τῆς
3063 1647 3383 1718 ἐπιθυμίας.
3450 1651 3547 1713 Τίς
3595 1651 3654 1704 δέ

1961 1724 2109 1778 ἔστιν
2140 1725 2317 1796 αὐτη;
2352 1728 2486 1783 Ἵνα
2503 1747 2558 1782 τι
2582 1732 2818 1799 μεταδῶ
2857 1733 3121 1804 χάρισμα
3150 1738 3294 1806 ὑμῖν
3325 1755 3656 1807 πνευματι-

1961 1813 2075 1867 κὸν
2125 1818 2214 1881 εἰς
2265 1816 2331 1869 τὸ
2370 1820 2770 1889 στηριχθῆναι
2799 1821 2970 1891 ὑμᾶς.
2997 1826 3069 1879 Οὐ
3094 1827 3203 1896 γάρ
3223 1827 3432 1895 ἁπλῶς,
3463 1828 3655 1902 ὥσπερ

1962 1902 2148 1956 πολλοὶ
2183 1903 2280 1958 νῦν
2311 1907 2571 1979 περιττάς
2614 1910 2710 1963 καὶ
2747 1911 3042 1981 ἀνονήτους
3075 1915 3387 1985 ἀποδημίας
3434 1916 3656 1969 ποιοῦν-

1961 2008 2070 2054 ται,
2103 1994 2249 2047 οὐτω
2282 1997 2376 2048 καὶ
2406 1998 2633 2062 ἐκεῖνος,
2693 2000 2810 2053 ἀλλ’
2863 2002 3003 2074 ὑπὲρ
3043 1997 3358 2074 ἀναγκαίων
3392 2006 3485 2058 καὶ
3517 2007 3653 2074 σφό-

1957 2080 2061 2152 δρα
2091 2085 2532 2152 κατεπειγόντων
2563 2104 2577 2120 σ
2614 2091 2709 2141 καὶ
2753 2089 2942 2159 σαφῶς
2971 2072 2979 2074 ἡ
3009 2089 3109 2161 μὲν
3156 2072 3337 2160 λέγειν
3385 2072 3650 2149 τοῦτο-οὐ

1960 2168 2232 2238 βούλεται,
2284 2174 2700 2243 αἰνιγματωδῶς
2742 2176 2820 2230 δέ.
2886 2168 3024 2231 Οὐδὲ
3081 2179 3191 2250 γὰρ
3230 2177 3402 2245 εἶπεν,
3434 2183 3551 2236 Ἰνα
3580 2182 3654 2236 δι-

1957 2262 2103 2329 δάξω
2128 2264 2292 2334 ὑμᾶς,
2332 2265 2750 2340 ῖνακατηχήσω
2768 2313 2782 2336 ,
2822 2271 2911 2323 ἵνα
2938 2272 2998 2337 τὸ
3036 2271 3220 2326 λεῖπον
3243 2274 3648 2346 ἀναπληρώσω,

1956 2350 2244 2407 ἀλλ”Ἶνα
2286 2371 2338 2406 τι
2376 2354 2642 2424 μεταδῶ,
2698 2358 2916 2423 δεικνὺς
2961 2360 3044 2412 ὅτι
3084 2361 3145 2413 οὐ
3197 2361 3266 2414 τά
3327 2363 3497 2416 αὐτοῦ
3548 2363 3651 2415 αὐ-

1956 2441 2069 2502 τοῖς
2098 2439 2336 2507 δίδωσιν,
2377 2442 2509 2497 ἀλλ’
2544 2436 2690 2516 άπερ
2746 2445 2904 2500 ἔλαϐε
2949 2448 3248 2518 μετεδίδου.
3283 2449 3395 2502 Καὶ
3415 2449 3652 2504 ἐνταῦθα

1955 2527 2013 2581 δέ
2048 2530 2332 2600 μετριάζει
2381 2532 2544 2586 πάλιν
2584 2532 2755 2587 εἰπών
2781 2553 2794 2566 ·
2835 2536 2970 2592 Ἵνα
3022 2553 3098 2592 τι.
3136 2538 3349 2610 Μικρόν
3380 2556 3454 2600 τι,
3490 2540 3649 2608 φησὶ,

1956 2621 2049 2670 καὶ
2080 2619 2204 2687 ἐμοὶ⁸
2235 2618 2573 2692 σύμμετρον.
2601 2622 2712 2674 Καὶ
2747 2623 2799 2677 τί
2832 2625 2964 2678 ποτέ
3001 2626 3117 2677 ἐστι
3150 2624 3212 2677 τὸ
3248 2627 3445 2698 μικρὸν
3465 2627 3648 2692 τοῦτο,

1954 2700 2018 2760 οὗ
2049 2709 2267 2778 μέλλεις
2300 2709 2397 2764 νῦν
2447 2710 2466 2750 ἲ
2532 2712 2908 2782 μεταδιδόναι;
2959 2714 3133 2767 Τοῦτο
3187 2715 3244 2770 δέ
3293 2716 3648 2787 ἐστι,φησὶν,

1956 2799 2060 2863 Εἰς
2083 2798 2147 2851 τὸ
2182 2799 2582 2869 στηριχθῆναι
2621 2799 2801 2870 ὑμᾶς.

2029 2916 2172 2985 Ἀρα
2213 2916 2307 2968 καὶ
2362 2913 2520 2970 τοῦτο
2577 2914 2823 2986 χάριτος,
2863 2914 2926 2968 τὸ
2988 2915 3064 2988 μὴ
3117 2915 3469 2984 σαλεύεσθαι,
3521 2915 3651 2970 ἀλλ’

1953 3001 2176 3056 ἑστάναι
2225 3001 2480 3072 βεϐαίως.
2526 3003 2701 3073 Χάριν
2735 3003 2792 3058 δὲ
2828 3003 2958 3057 ὅταν
2999 3003 3259 3077 ἀκούσῃς,
3293 3006 3368 3075 μὴ
3418 3006 3650 3078 νομίσῃς

1952 3090 2323 3161 ἐκϐεϐλῆσθαι
2354 3091 2444 3144 τὸν
2489 3091 2597 3144 ἀπὸ
2642 3094 2741 3161 τῆς
2789 3092 3170 3163 προαιρέσεως
3215 3092 3451 3162 μισθόν·
3486 3093 3648 3165 χάριν

1953 3176 2062 3248 γὰρ
2087 3174 2265 3241 εἶπεν,
2305 3178 2425 3248 οὐχὶ
2463 3179 2554 3232 τὸν
2605 3179 2669 3231 ἐκ
2721 3182 3098 3250 προαιρέσεως
3148 3180 3434 3249 ἀτιμάζων
3463 3182 3645 3248 πόνον,

1952 3265 2090 3325 ἀλλά
2120 3266 2210 3319 τὸν
2246 3268 2303 3335 ἐξ
2340 3266 2599 3330 ἀπονοίας
2637 3267 3081 3337 ἀποτεμνόμενος
3120 3267 3311 3337 τῦφον.
3355 3268 3442 3339 Μὴ
3470 3272 3649 3326 τοίνυν

1951 3354 2139 3425 ἐπειδὴ
2171 3355 2383 3419 Παῦλος
2409 3355 2541 3424 αὐτὸ
2575 3355 2823 3426 χάρισμα
2857 3355 3120 3409 ἐκάλεσεν
3143 3396 3157 3419 ,
3188 3357 3492 3429 ἀναπέσῃς.
3523 3355 3645 3413 Οίδε

1952 3446 2062 3514 γάρ
2123 3442 2191 3497 δι’
2232 3443 2659 3513 εὐγνωμοσύνην
2720 3443 2921 3515 πολλὴν
2977 3445 3069 3498 καὶ
3123 3445 3191 3498 τὰ
3240 3447 3647 3519 κατορθώματα

1951 3531 2268 3602 χαρίσματα
2307 3531 2513 3592 καλεῖν,
2544 3530 2632 3589 διὰ
2683 3532 2742 3585 τὸ
2780 3534 2873 3585 καὶ
2906 3533 2965 3586 ἐν
2999 3532 3210 3598 τούτοις
3260 3535 3462 3606 πολλῆς
3497 3539 3648 3608 ἡμᾶς

1950 3619 2162 3678 δεῖσθαι
2212 3623 2312 3690 τῆς
2362 3619 2570 3675 ἀνωθεν
2616 3620 2812 3691 ῥοπῆς.
2850 3619 3036 3675 Εἰπὼν
3075 3621 3152 3682 δὲ,
3194 3624 3300 3689 Εἰς
3334 3622 3400 3676 τὸ
3441 3638 3647 3693 στηρι-

1951 3709 2173 3778 χθῆναι
2224 3709 2410 3778 ὑμᾶς,
2459 3708 2834 3773 λανθανόντως
2881 3709 3046 3775 ἔδειξε
3103 3710 3394 3781 δεομένους
3440 3714 3644 3784 πολλῆς

1948 3796 2308 3868 διορθώσεως.
2349 3798 2414 3849 Ὃ
2441 3795 2551 3866 γάρ
2580 3795 2829 3866 βούλεται
2872 3798 3076 3858 εἰπεῖν.
3116 3797 3276 3851 τοῦτό
3313 3801 3459 3852 ἐστιν
3494 3815 3509 3830 ⁸
3543 3802 3644 3854 Ἐκ

1951 3887 2148 3941 πολλοῦ
2177 3886 2272 3942 τοῦ
2303 3886 2495 3962 χρόνου
2523 3885 2833 3955 ἐπεθύμουν
2881 3887 2975 3941 καὶ.
3018 3887 3268 3960 ηὐχόμην
3309 3889 3457 3960 ὑμᾶς
3487 3890 3640 3958 ἰδεῖν,

1950 3977 2019 4031 δι’
2042 3978 2228 4046 ἕτερον
2258 3978 2354 4046 μὲν
2376 3976 2550 4040 οὐδὲν,
2581 3977 2668 4029 ἴνα
2689 3976 2746 4029 δὲ
2780 3976 2925 4044 ὑμᾶς
2953 3975 3240 4046 βεϐαιώσω
3261 4017 3275 4038 ,
3306 3977 3546 4050 στηρίξω
3580 3997 3641 4034 τε

1950 4066 2046 4120 καὶ
2067 4065 2225 4134 πήξω
2248 4064 2428 4128 καλῶς
2450 4065 2529 4144 εἰς
2558 4065 2649 4116 τὸν
2687 4063 2782 4118 τοῦ
2810 4063 2945 4116 Θεοῦ
2969 4064 3135 4134 φόϐον
3171 4074 3219 4129 ε,
3250 4064 3391 4119 ὥστε
3423 4067 3497 4138 μὴ
3539 4085 3642 4122 σα-

1949 4153 2200 4208 λεύεσθαι
2228 4151 2513 4224 διηνεκῶς.
2553 4152 2706 4205 Ἀλλ’
2752 4151 2895 4205 ούτω
2927 4152 3028 4222 μὲν
3069 4153 3170 4206 οὐκ
3207 4148 3360 4207 εἷπεν
3389 4171 3404 4186 ·
3436 4155 3641 4227 ἔπληξε

1949 4242 2059 4312 γὰρ
2094 4242 2159 4296 ἄν
2191 4257 2208 4273 ο
2246 4241 2450 4312 ἑτέρως
2472 4240 2528 4294 δέ
2553 4239 2862 4310 ὑφειμένως
2887 4239 2948 4293 τὸ
2971 4239 3104 4294 αὐτὸ
3137 4231 3434 4296 αἰνίττεται
3464 4259 3479 4273 ’
3511 4245 3641 4299 ὅταν

1950 4333 2058 4402 γὰρ
2087 4333 2237 4401 εἴπη,
2293 4333 2399 4394 Εἰς
2457 4329 2524 4383 τὸ
2589 4327 2989 4398 στηριχθῆναι
3050 4328 3226 4398 ὑμᾶς,
3277 4330 3438 4384 τοῦτο
3464 4331 3634 4401 δηλοῖ.

1950 4416 2083 4473 Εἶτα
2114 4417 2302 4489 ἐπειδὴ
2329 4420 2422 4471 καὶ
2469 4416 2628 4469 τοῦτο
2674 4417 2882 4487 σφόδρα
2931 4417 3191 4489 φορτικὸν
3238 4411 3328 4487 ἦν,
3378 4418 3480 4490 ὅρα,
3519 4419 3640 4483 πῶς

1949 4509 2083 4564 αὐτὸ
2132 4504 2539 4579 παραμυθεῖται
2582 4504 2669 4558 διά
2725 4505 2825 4574 τῆς
2875 4505 3195 4573 ἐπαγωγῆς.
3260 4505 3376 4558 Ἵνα
3417 4507 3526 4578 γὰρ
3561 4507 3639 4577 μὴ

1948 4596 2170 4665 λέγωσι·
2207 4594 2272 4649 Τί
2317 4594 2458 4664 γάρ;
2515 4591 2876 4662 σαλευόμεθα,
2920 4592 3354 4666 περιφερόμεθα,
3399 4595 3493 4648 καὶ
3538 4595 3644 4664 τῆς

1949 4684 2101 4755 παρὰ
2155 4683 2249 4736 σοῦ
2296 4680 2529 4752 δεόμεθα
2575 4679 2825 4749 γλώττης
2867 4682 2948 4742 εἰς
2998 4680 3061 4732 τὸ
3119 4681 3312 4750 στῆναι
3364 4680 3640 4750 βεϐαίως;

1949 4772 2237 4843 προλαϐὼν
2266 4772 2482 4843 ἀναιρεῖ
2503 4770 2604 4842 τὴν
2618 4769 2876 4839 τοιαύτην
2894 4768 3236 4840 ἀντίρρησιν,
3263 4768 3406 4821 οὓτω
3435 4770 3633 4837 λέγων’

1953 4862 2135 4918 Τοῦτο
2160 4861 2229 4915 δέ
2279 4860 2414 4914 ἐστι
2465 4854 3061 4929 συμπαρακληθῆναι
3107 4856 3177 4910 ἐν
3214 4857 3360 4925 ὑμῖν
3409 4855 3506 4912 δια
3533 4857 3641 4926 τῆς

1949 4951 2022 5008 ἐν
2049 4948 2344 5016 ἀλλήλοις
2391 4949 2675 5014 πίστεως,
2727 4943 2896 5014 ὑμῶν
2950 4961 3013 4998 τε
3057 4943 3155 4998 καὶ
3181 4943 3351 5012 ἐμοῦ.
3392 4946 3478 5007 Ὠς
3504 4946 3570 4998 ἂν
3590 4948 3639 5000 εί

1948 5039 2104 5108 ἔλεγε
2138 5053 2153 5069 ⁸
2185 5039 2278 5109 Μὴ
2329 5037 2734 5106 ύποπτεύσητε,
2758 5036 2840 5088 ὅτι
2883 5031 3208 5104 κατηγορῶν
3253 5033 3409 5103 ὐμῶν
3441 5029 3596 5088 εἷπον
3621 5052 3636 5067 ο

1947 5133 2010 5187 οὐ
2034 5131 2209 5212 ταύτῃ
2237 5133 2305 5202 τῇ
2336 5132 2532 5201 γνώμῃ
2566 5111 2918 5196 ἐφθεγξάμην
2951 5125 3011 5178 τὸ
3044 5125 3219 5193 ρῆμα,
3256 5123 3392 5177 ἀλλὰ
3421 5125 3471 5176 τί
3506 5126 3640 5179 ποτέ

1948 5223 2117 5287 ἐστιν,
2168 5223 2306 5292 ὅπερ
2356 5217 2668 5290 ἠϐουλήθην
2731 5218 2942 5279 είπεῖν;
2996 5212 3205 5276 Πολλὰς
3245 5213 3578 5283 ὑπεμείνατε
3611 5219 3638 5256 δ

1949 5309 2179 5379 Θλίψεις,
2215 5308 2320 5361 ὑπὸ
2363 5307 2472 5364 τῶν
2512 5305 2818 5361 διωκόντων
2871 5301 3354 5374 περιαντλούμενοι
3389 5318 3403 5331 ο
3440 5301 3646 5355 ἐπεθύ-

1953 5415 2102 5469 μησα
2136 5397 2319 5449 τοίνυν
2366 5394 2512 5464 ὑμᾶς
2568 5393 2719 5455 ἰδεῖν,
2764 5390 2851 5444 ἵνα
2900 5389 3292 5458 παρακαλέσω,
3351 5389 3554 5460 μᾶλλον
3581 5388 3641 5444 δὲ

1949 5471 2049 5557 οὐχ
2080 5487 2169 5540 ἵνα
2199 5482 2571 5555 παρακαλέσω
2621 5481 2801 5550 μόνον,
2860 5478 2989 5534 ἀλλ’
3021 5479 3107 5533 ἶνα
3143 5479 3237 5531 καὶ
3260 5478 3424 5542 αὐτὸς
3457 5478 3642 5550 παρά-

1951 5576 2053 5644 κλη
2061 5593 2144 5628 σιν
2171 5573 2435 5644 δέξωμαι.

2020 5682 2236 5752 δ’.”ορα
2254 5678 2448 5748 σοφίαν
2467 5676 2811 5733 διδασκάλου,
2827 5671 3017 5739 Εἶπεν,
3035 5676 3139 5739 Εἰς
3155 5672 3221 5726 τὸ
3238 5672 3641 5743 στηριχθῆναι

1949 5767 2110 5840 ὑμᾶς
2149 5786 2161 5799 ⁸
2191 5763 2301 5821 οἶδε
2330 5766 2470 5837 βαρὺ
2496 5766 2590 5819 καὶ
2625 5764 2884 5834 φορτικὸν
2913 5763 2975 5816 τὸ
3007 5760 3301 5832 εἰρημένον
3323 5763 3438 5824 τοῖς
3462 5761 3641 5833 μαθη-

1951 5862 2072 5922 ταῖς
2105 5858 2185 5919 ὂν,
2215 5858 2309 5909 καὶ
2334 5855 2506 5923 λέγει,
2546 5857 2651 5919 Είς
2674 5852 2738 5906 τὸ
2762 5849 3227 5920 παρακληθῆναι
3265 5848 3439 5917 ὑμᾶς.
3473 5850 3641 5906 Ἀλλὰ

1950 5948 2045 6000 καὶ
2074 5945 2233 5999 τοῦτο
2266 5942 2404 6014 βαρὺ
2435 5944 2619 6006 πάλιν,
2672 5944 2770 6012 οὐχ
2827 5943 2970 5995 οὕτω
3008 5941 3108 6012 μὲν
3135 5939 3210 6002 ώς
3244 5941 3304 5993 τὸ
3350 5940 3635 6011 πρότερον,

2014 6078 2030 6100 ⁸
2056 6075 2281 6136 Quidam,
2298 6076 2422 6125 οὐδέ.
2499 6075 2519 6113 ί
2546 6075 2682 6135 Mss.,
2699 6077 2882 6137 μέλλεις
2900 6076 3031 6136 ἡμῖν.
3105 6071 3626 6137 BUnusflmilo'yov,

1960 6133 2099 6189 ὥστε.
2131 6141 2271 6199 Alnus
2290 6139 2414 6187 Θεοῦ
2438 6139 2579 6201 φὸὸον
2610 6133 2872 6201 καιδόγοη,
2896 6133 3039 6187 ὥστε.
3109 6136 3134 6175 ιι
3163 6133 3583 6197 Μδδηίιπομένετι.
