4056 6500
176 433 304 490 ⁵405

183 565 302 620 quo
330 548 458 605 illud
489 548 632 620 quod
667 549 813 620 prius
839 547 1067 602 dixerat.
1106 546 1459 614 Asperitatcm
1492 544 1671 612 itaque
1700 539 1800 595 mi-

181 643 348 711 ligat,
382 650 440 696 ut
466 656 772 697 sermonem
803 639 992 695 reddat
1023 646 1324 706 acceptum.
1354 635 1470 692 Non
1499 635 1640 689 enim
1671 632 1800 685 sim-

183 732 405 800 plicitcr
439 733 607 797 dixit,
643 731 958 796 Consolari;
997 729 1091 786 sed
1114 769 1129 795 ,
1167 728 1339 784 Simul
1367 744 1460 781 nos
1495 725 1750 780 consolari
1781 739 1800 776 :

179 839 370 893 neque
412 825 465 879 id
509 823 585 878 illi
628 824 761 879 satis
797 821 926 885 fuit,
971 819 1067 876 sed
1113 829 1168 876 et
1213 820 1357 874 illam
1407 817 1792 887 mitigationem

174 915 416 984 addidit,
446 917 631 972 dicens
659 933 672 970 :
707 917 808 972 Per
835 925 1062 969 mutuam
1099 913 1272 984 fidem,
1302 922 1514 967 vestram
1536 921 1581 964 et
1607 925 1790 962 meam.

181 1009 376 1080 Papae,
399 1019 599 1080 quanta
626 1009 932 1064 humilitas!
959 1006 1206 1078 Seipsum
1233 1006 1314 1060 his
1334 1019 1493 1075 egere
1520 1000 1793 1066 indicavit,

174 1116 356 1171 neque
379 1102 485 1157 illis
511 1103 766 1173 indigere,
797 1115 897 1157 nec
923 1099 1042 1157 illos
1063 1100 1236 1154 solum
1266 1099 1383 1168 ipso
1404 1111 1539 1166 opus
1568 1095 1790 1160 habere,

170 1203 351 1265 atque
374 1194 664 1264 discipulos
691 1194 1065 1264 magistrorum
1095 1194 1213 1247 loco
1235 1190 1439 1252 habuit,
1467 1189 1664 1243 nullam
1687 1186 1791 1242 sibi

175 1287 596 1358 praerogativam
635 1285 980 1356 relinquens,
1019 1283 1114 1340 sed
1145 1283 1500 1352 aqualitatetn
1543 1294 1789 1350 magnam

171 1378 499 1435 ostendens.
523 1378 834 1433 Communis
853 1387 936 1433 est
956 1377 1178 1437 utilitas.
1209 1376 1399 1446 inquit,
1425 1373 1791 1429 consolatione

173 1486 432 1541 egemus,
463 1485 564 1541 ego
591 1480 788 1537 vestra,
817 1485 914 1525 vos
945 1485 1085 1525 mea.
1114 1469 1183 1524 Et
1211 1467 1481 1539 quomodo
1518 1467 1658 1521 hoc?
1687 1464 1790 1519 Per

174 1565 342 1632 ﬁdem
385 1574 645 1629 mutuam,
683 1573 899 1619 vestram
937 1574 984 1617 et
1025 1579 1206 1617 meam.
1248 1559 1708 1629 Quemadmodum
1742 1560 1786 1612 si

171 1659 305 1729 quis
331 1659 526 1713 multas
550 1657 708 1713 simul
735 1658 993 1713 accendat
1016 1658 1282 1723 lucernas,
1314 1654 1648 1724 Splendidam
1676 1653 1788 1708 edit

175 1747 459 1805 ﬂammam
487 1768 502 1806 :
528 1751 606 1806 sic
627 1761 676 1806 et
702 1750 840 1821 apud
870 1750 1060 1806 ﬁdeles
1081 1749 1474 1805 eveniresolet.
1489 1746 1620 1802 Cum
1643 1747 1784 1801 enim

172 1843 438 1914 disjuncti
467 1853 521 1899 et
547 1844 773 1915 dispersi
814 1860 1032 1909 sumus,
1066 1845 1246 1899 animo
1285 1844 1462 1898 minus
1498 1843 1740 1897 valemus
1771 1859 1783 1894 :

174 1935 400 2005 quando
427 1944 606 1991 autem
637 1951 731 1990 nos
755 1944 940 1991 mutuo
959 1936 1342 2005 conspicimus,
1366 1943 1419 1990 et
1440 1933 1588 2004 quasi
1617 1947 1788 1987 ntem—

175 2026 298 2082 bris
341 2042 442 2082 nos
482 2028 924 2098 complectimur,
957 2029 1179 2085 multam
1215 2028 1508 2098 accipimus
1536 2027 1786 2082 consola-

177 2120 409 2176 tionem.
441 2120 519 2176 Ne
548 2121 678 2176 mihi
704 2133 881 2178 autem
907 2137 1145 2194 prmsens
1173 2133 1382 2200 tempus
1411 2121 1487 2175 illi
1514 2119 1781 2186 conferas,

175 2230 292 2285 quo
324 2231 422 2286 per
455 2215 546 2270 Dei
574 2217 798 2287 gratiam
839 2216 890 2270 in
925 2216 1078 2282 vicis,
1113 2217 1164 2270 in
1199 2215 1439 2279 urbibus,
1474 2215 1525 2268 in
1550 2213 1783 2283 ipsoque

172 2309 399 2363 deserto
429 2308 580 2363 multi
609 2317 735 2363 sunt
762 2309 1094 2365 credentium
1120 2318 1322 2373 coetus,
1350 2308 1635 2377 omnisque
1661 2306 1785 2362 inde

173 2399 403 2467 CXpttlsa
431 2410 515 2454 est
542 2400 789 2470 impietas
816 2418 830 2454 :
863 2401 956 2456 sed
991 2400 1118 2455 illud
1147 2402 1320 2470 cogita
1351 2410 1593 2468 tempus,
1623 2413 1781 2468 quam

172 2491 474 2559 Optandum
514 2500 640 2546 tunc
675 2501 820 2547 esset
863 2493 1116 2564 magistro
1159 2493 1338 2547 videre
1377 2490 1700 2561 discipulus.
1731 2498 1785 2544 et

174 2583 376 2639 fratres
403 2584 504 2638 alia
533 2599 596 2639 ex
625 2585 755 2640 urbe
779 2584 1131 2640 advenientes
1150 2583 1483 2652 conspicere.
1511 2580 1578 2637 Ut
1604 2591 1783 2635 autem

176 2675 230 2730 id
251 2718 267 2741 ,
303 2677 445 2747 quod
486 2677 644 2743 dico,
678 2677 878 2731 clarius
916 2675 1145 2742 evadat,
1173 2676 1420 2744 exemplo
1464 2684 1696 2728 utamur.
1725 2673 1782 2728 Si

174 2768 552 2838 contingeret,
585 2768 724 2839 quod
769 2769 945 2835 absit,
984 2784 1082 2823 nos
1136 2767 1425 2822 translatos
1477 2765 1528 2820 in
1580 2773 1781 2820 terram

175 2862 464 2917 Persarum
497 2873 587 2916 ant
612 2861 930 2934 Scytharum
967 2862 1388 2918 barbarorumve
1415 2860 1663 2926 aliorum,
1695 2858 1780 2912 di-

174 2955 360 3025 spergi
390 2955 544 3009 binos
568 2955 650 3009 vel
678 2965 859 3009 ternos
885 2955 936 3009 in
968 2948 1071 3010 illis
1093 2953 1334 3017 urbibus,
1357 2952 1658 3022 deindeque
1684 2950 1783 3004 ali-

175 3063 340 3117 quem
364 3063 427 3102 ex
460 3048 541 3101 bis
572 3049 702 3102 locis
729 3050 1034 3104 venientem
1061 3047 1354 3118 derepente
1379 3047 1581 3110 videre,
1606 3045 1781 3116 cogita

175 3151 378 3209 quanta
423 3141 758 3211 repleremur
786 3141 1174 3197 consolatione.
1208 3143 1397 3193 Annon
1431 3138 1623 3192 videtis
1652 3151 1778 3200 eos,

175 3234 269 3303 qui
300 3233 350 3286 in
383 3233 691 3287 carceribus
721 3242 862 3298 sunt,
894 3234 938 3287 si
965 3249 1124 3302 quem
1158 3231 1497 3286 familiarium
1531 3229 1779 3294 viderint,

177 3342 474 3397 exsurgere
503 3336 556 3382 et
585 3342 694 3396 pra:
717 3327 909 3397 gaudio
934 3326 1192 3380 exsilire?
1219 3324 1273 3380 Si
1305 3338 1464 3394 porro
1489 3323 1780 3393 captivitati

178 3432 232 3475 et
264 3421 467 3475 carceri
500 3421 585 3474 illa
620 3432 860 3490 tempora
887 3419 1198 3482 conferam,
1235 3434 1300 3472 ne
1331 3417 1546 3472 mireris
1581 3435 1592 3469 :
1626 3416 1781 3484 longe

178 3513 326 3567 enim
357 3513 601 3582 graviora
643 3513 982 3583 patiebantur
1019 3511 1116 3572 illi,
1147 3511 1400 3580 dispersi,
1429 3509 1591 3579 pulsi,
1621 3508 1673 3561 in
1701 3506 1781 3561 fa-

181 3620 269 3658 me
306 3613 358 3659 et
403 3605 556 3659 bellis
587 3606 858 3668 viventes,
891 3605 1231 3674 quotidianus
1261 3613 1463 3658 mortes
1495 3602 1740 3655 timentes
1763 3641 1779 3666 ,

180 3696 404 3758 amicos,
436 3694 746 3763 familiares,
777 3705 1032 3767 cognatos
1069 3705 1347 3764 suspectos
1376 3694 1654 3753 habentes,
1686 3707 1779 3746 or-

183 3787 304 3842 hem
340 3798 599 3842 terrarum
630 3788 782 3858 quasi
823 3798 1134 3843 extraneum
1172 3787 1273 3841 sibi
1307 3786 1636 3849 ineolentes,
1672 3785 1780 3838 imo

180 3880 408 3949 graviori
433 3881 484 3934 in
507 3887 648 3934 statu
673 3891 970 3944 versantes,
989 3895 1147 3950 quam
1173 3877 1226 3938 ii,
1254 3878 1342 3948 qui
1368 3879 1417 3932 in
1440 3877 1613 3933 aliena
1637 3885 1778 3931 terra

181 3969 402 4040 degunt.
446 3971 571 4027 Ideo
606 3972 682 4026 ait
714 3990 725 4026 :
758 3974 837 4025 Ad
875 3971 1254 4041 conﬁrmandos
1291 3987 1376 4024 vos
1422 3987 1510 4039 per
1550 3979 1779 4022 mutuum

183 4064 355 4133 ﬁdem.
384 4064 494 4120 Iloc
524 4080 652 4119 vero
677 4065 908 4130 dicebat,
940 4081 1044 4118 non
1073 4065 1222 4133 quasi
1257 4065 1368 4134 ipse
1398 4065 1608 4118 illorum
1633 4080 1781 4120 com-

186 4156 375 4210 militio
400 4172 535 4227 opns
564 4157 784 4212 haberet
816 4177 828 4211 :
857 4158 1027 4220 absit;
1058 4157 1328 4227 quomodo
1351 4159 1491 4212 enim
1526 4157 1780 4212 Ecclesia:

184 4250 461 4313 columna,
500 4248 645 4305 ferro
676 4261 727 4305 et
760 4261 905 4320 petra
947 4250 1152 4313 fortior,
1195 4250 1489 4318 Spiritualis
1524 4250 1613 4305 ille
1650 4251 1780 4306 ada—

187 4359 330 4410 mas,
361 4347 449 4414 qui
483 4344 778 4399 innutneris
807 4345 1105 4400 sufﬁt-iebat
1144 4345 1446 4399 civitatibus
1467 4388 1480 4410 ,
1516 4345 1620 4400 illis
1645 4360 1782 4416 Opus

189 4437 439 4492 haberet?
469 4437 562 4492 sed
600 4447 655 4491 nt
695 4453 760 4492 ne
800 4438 1058 4493 molestus
1088 4452 1301 4496 sermo.
1342 4453 1477 4492 neve
1518 4439 1782 4492 correctio

189 4529 558 4584 vehementior
583 4539 725 4584 esset
750 4572 764 4593 ,
793 4543 852 4584 se
881 4529 1091 4584 illorum
1122 4530 1491 4584 consolatione
1518 4545 1651 4598 opus
1684 4530 1781 4583 ha-

191 4623 316 4677 bere
341 4621 570 4676 dicebat.
599 4622 752 4690 Quod
781 4623 824 4676 si
851 4623 968 4694 quis
1000 4623 1086 4676 hic
1115 4623 1536 4678 consolationem
1564 4634 1612 4678 et
1649 4624 1784 4678 laeti-

191 4716 315 4770 tiam
351 4731 415 4768 ex
449 4715 551 4771 ltde
576 4726 630 4769 et
661 4717 990 4776 incremento
1033 4717 1242 4770 illorum
1288 4727 1458 4770 ortam
1505 4731 1642 4787 opus
1683 4716 1778 4770 ha-

189 4811 368 4866 buisse
398 4808 615 4863 Paulum
642 4809 870 4872 dixerit,
905 4809 989 4864 hic
1014 4818 1161 4864 certe
1203 4826 1306 4863 non
1345 4810 1699 4865 aberraverit.
1727 4809 1783 4866 Si

192 4918 342 4973 ergo.
373 4902 600 4972 inquies,
627 4902 678 4957 id
705 4903 978 4958 desideras
1008 4913 1061 4958 et
1087 4911 1262 4969 Optas,
1286 4914 1340 4957 et
1363 4903 1782 4958 consolationem

192 5008 506 5066 accepturus
549 4997 875 5066 daturusqne
918 5012 1016 5062 es,
1062 4997 1188 5066 quid
1234 4998 1454 5066 impedit
1501 4999 1786 5068 quominus

188 5091 414 5145 venias?
446 5089 592 5143 Ilane
616 5106 743 5159 ergo
768 5090 983 5144 solvens
1009 5080 1404 5159 Suspicionem,
1436 5090 1616 5160 adjicit
1653 5110 1666 5144 :
1695 5092 1782 5146 15.

197 5186 332 5241 Nolo
364 5195 532 5238 autem
559 5201 644 5239 vos
674 5185 929 5254 ignorare,
959 5188 1163 5255 fratres,
1193 5185 1328 5255 quod
1365 5202 1500 5255 sirpe
1523 5185 1785 5239 desidera-

193 5280 343 5332 rerim
364 5278 531 5332 venire
549 5277 616 5331 ad
635 5294 738 5336 vos.
760 5289 804 5331 et
827 5277 892 5328 im
899 5278 1094 5346 peditus
1109 5278 1204 5332 sim
1225 5295 1379 5345 usque
1396 5278 1464 5330 ad
1480 5278 1612 5331 [tunc
1631 5279 1784 5331 diem.

198 5372 327 5426 Vide
365 5371 576 5426 servilis
605 5368 935 5423 .obedientia:
970 5371 1220 5434 modum,
1251 5382 1304 5424 et
1331 5371 1618 5424 admodum
1650 5371 1786 5440 grati

195 5465 351 5520 animi
392 5466 860 5535 signiﬁcationem.
890 5463 1040 5532 Quod
1073 5463 1396 5532 prsrpcdittts
1423 5464 1510 5529 sit,
1544 5464 1653 5528 ait;
1685 5480 1785 5532 qua

196 5559 258 5614 de
297 5573 456 5612 causa
481 5599 496 5618 .
529 5573 633 5611 non
677 5558 824 5610 item.
865 5555 1048 5626 Neque
1093 5556 1233 5609 enim
1275 5557 1539 5610 examinat
1575 5555 1787 5611 Domini

200 5653 533 5717 mandatum,
571 5651 663 5706 sed
706 5651 1020 5720 obsequitur
1059 5660 1264 5705 tanttnn
1296 5669 1308 5704 :
1340 5667 1662 5720 quamquam
1699 5669 1792 5722 par

201 5758 310 5801 erat
335 5747 604 5811 dubitare,
629 5761 725 5800 cur
756 5755 954 5799 tantatu
985 5757 1196 5815 tamque
1222 5745 1554 5815 splendidam
1580 5747 1790 5810 urbem,

200 5842 260 5898 ad
285 5859 444 5914 quam
473 5843 636 5895 totius
662 5840 806 5896 orbis
835 5841 972 5896 oculi
1007 5841 1476 5902 convertebantur,
1509 5843 1793 5912 quominus

198 5941 408 5996 doctore
437 5947 584 5992 tanto
613 5935 896 6002 frueretur,
928 5935 1128 5990 tatnditt
1157 5934 1435 6010 impediret
1466 5935 1626 5992 Deus.
1657 5934 1786 5991 Nam

1312 430 1373 486 ΙΝ
1416 427 1632 485 EPIST.
1681 428 1769 481 AD
1813 425 1976 479 ltOM.
2021 426 2253 484 ll0.\lll..
2291 422 2352 484 ΙἸ.

3408 434 3518 493 ξοδ

1911 539 2001 607 qui
2033 541 2387 610 imperantem
2416 543 2605 599 urbem
2633 542 2797 609 vicit,
2831 545 3075 600 subditos
3099 545 3214 615 ejus
3249 543 3403 601 facile
3432 549 3518 601 in-

1909 632 2090 699 vadit;
2120 638 2210 704 qui
2241 646 2421 689 autem
2455 636 2540 690 illa
2573 636 2816 703 dimissa,
2850 637 3080 692 subditis
3111 636 3394 698 incumbit.
3427 638 3519 692 illo

1903 735 2063 794 caput
2086 725 2327 797 negligit.
2354 729 2422 780 At
2445 727 2574 781 nihil
2601 728 2791 782 horum
2818 728 3013 783 Paulus
3035 743 3250 784 curiose
3274 730 3512 799 indagat,

1902 815 1996 871 sed
2031 817 2564 889 incomprehensibili
2607 818 2957 890 providentiae
2991 819 3170 884 cedit,
3207 830 3315 873 tum
3346 819 3516 874 animi

1901 912 1984 965 sui
2024 911 2450 969 moderationem
2484 913 2808 980 ostendens,
2838 924 2950 968 tum
2984 913 3238 969 erudiens
3265 928 3366 968 nos
3391 928 3514 967 om.

1902 1019 2019 1069 nes,
2041 1021 2110 1060 ne
2131 1021 2382 1077 umquam
2407 1022 2436 1061 a
2463 1007 2575 1062 Deo
2596 1019 2870 1078 gestorum
2891 1009 3152 1063 rationem
3174 1017 3508 1078 repetamus.

1900 1097 2114 1154 etiamsi
2154 1083 2242 1154 ilia
2284 1101 2481 1156 multos
2525 1101 2742 1156 turbare
2781 1101 3084 1156 videantur.
3129 1100 3261 1155 Nam
3302 1099 3513 1154 domini

1902 1200 2107 1246 tantum
2145 1201 2230 1246 est
2270 1193 2574 1264 imperare,
2620 1208 2903 1249 servorum
2941 1194 3188 1263 obsequi.
3223 1193 3348 1248 ideo
3381 1193 3513 1248 dicit

1898 1296 1959 1336 se
2000 1283 2313 1353 impeditum
2359 1283 2558 1347 fuisse;
2599 1301 2703 1357 qua
2741 1300 2873 1341 vero
2909 1285 2976 1341 de
3011 1300 3205 1346 causa.
3233 1285 3456 1340 minime
3489 1301 3506 1338 :

1898 1373 2082 1444 Neque
2107 1376 2250 1430 enim
2279 1391 2381 1448 ego
2411 1377 2568 1439 novi.
2598 1377 2789 1448 inquit.
2820 1377 2898 1433 Ne
2939 1394 3026 1432 me
3066 1378 3227 1450 igitur
3269 1378 3506 1432 interro-

1896 1481 2022 1536 ges,
2054 1485 2179 1538 qua:
2206 1469 2277 1524 sit
2303 1469 2550 1524 voluntas
2581 1479 2675 1525 aut
2703 1471 2969 1526 sententia
3004 1471 3114 1527 Dei.
3145 1470 3332 1540 Neque
3361 1471 3505 1525 enim

1896 1559 2208 1630 figmentum
2252 1561 2428 1634 opiﬁci
2468 1562 2612 1618 dicet
2643 1582 2656 1616 :
2685 1563 2788 1619 Cur
2823 1581 2903 1619 me
2930 1566 3002 1618 sic
3032 1564 3197 1633 fecisti
3224 1562 3416 1634 (Rom.
3447 1563 3504 1619 9.

1896 1651 2029 1720 20)?
2056 1651 2184 1719 Cur,
2210 1669 2416 1724 quwso,
2447 1655 2497 1708 id
2525 1655 2769 1711 ediscere
2800 1657 2991 1726 cupis?
3027 1672 3094 1710 an
3135 1659 3312 1712 nescis
3351 1655 3502 1709 illum
3532 1686 3537 1691 -

1895 1746 2133 1799 omnium
2173 1761 2357 1802 curam
2409 1746 2645 1812 habere,
2685 1749 2984 1818 sapientem
3021 1765 3179 1816 csse,
3214 1749 3348 1804 nihil
3387 1749 3506 1804 sine

1894 1851 2052 1892 causa
2080 1847 2172 1893 aut
2198 1848 2402 1895 temere
2427 1840 2641 1907 fecisse,
2664 1841 2807 1912 quod
2839 1851 2890 1896 te
2922 1842 3038 1911 plus
3059 1857 3220 1912 quam
3251 1850 3504 1911 parentes

1895 1932 1970 1985 tui
1998 1941 2164 1998 amet,
2193 1932 2334 2003 quod
2367 1935 2534 2004 patris
2557 1949 2683 2004 erga
2717 1944 2768 1989 te
2795 1933 3047 1988 affectum
3077 1935 3373 2003 matrisque
3403 1948 3502 1986 cu-

1893 2039 2007 2078 ram
2040 2024 2198 2095 lnnge
2226 2026 2481 2094 superet?
2517 2025 2660 2080 Nihil
2697 2041 2828 2096 ergo
2866 2027 3005 2080 ultra
3034 2040 3244 2095 quaeras
3269 2067 3284 2092 ,
3327 2039 3504 2095 neque

1893 2116 2118 2171 ulterius
2148 2117 2406 2186 procedas
2436 2137 2450 2174 :
2479 2118 2593 2174 haec
2621 2120 2819 2189 quippe
2848 2120 2942 2175 tibi
2973 2119 3038 2174 ad
3070 2119 3497 2174 c0nsolationem

1890 2209 2022 2262 satis
2047 2217 2209 2262 sunt:
2240 2209 2504 2279 siquidem
2532 2219 2586 2264 et
2615 2218 2742 2265 tunc
2773 2224 2859 2265 res
2891 2210 3255 2265 Romanorum
3287 2210 3502 2279 sapien-

1892 2312 1974 2356 ter
2001 2304 2342 2373 regebantur.
2373 2304 2523 2372 Quod
2557 2303 2604 2359 si
2640 2303 2859 2359 modum
2901 2305 3143 2375 ignoras,
3177 2320 3244 2359 ne
3276 2303 3325 2358 id
3354 2319 3497 2374 a-gre

1892 2394 2032 2450 feras
2061 2414 2075 2450 :
2104 2395 2232 2450 illud
2255 2395 2397 2450 enim
2423 2395 2654 2451 maxime
2677 2395 2743 2450 ad
2775 2395 2933 2451 tidem
2965 2396 3215 2466 pertinet,
3244 2396 3287 2450 si
3313 2400 3376 2460 is,
3402 2396 3494 2462 qui

1890 2489 2208 2542 meonomia:
2238 2487 2456 2543 modum
2486 2487 2715 2560 ignorat,
2742 2488 3094 2559 providentia:
3123 2499 3297 2543 tamen
3329 2488 3495 2542 ratio-

1891 2596 2013 2635 nem
2045 2581 2311 2636 admittat.

1961 2677 2016 2732 5.
2043 2675 2176 2732 Cum
2207 2676 2368 2748 igitur
2393 2676 2589 2732 Paulus
2611 2691 2671 2732 ea
2690 2718 2705 2744 ,
2729 2693 2848 2749 qua:
2875 2677 3132 2743 curabat,
3162 2686 3312 2731 reete
3341 2690 3492 2729 com-

1890 2769 2186 2836 posuisset;
2207 2768 2334 2836 quid
2359 2777 2537 2822 autem
2566 2768 2694 2822 illud
2717 2777 2833 2822 erat
2852 2769 2875 2820 ?
2896 2768 3194 2823 Ostendere
3215 2783 3296 2829 se,
3319 2766 3362 2819 si
3387 2781 3493 2819 non

1890 2863 2014 2916 illos
2039 2862 2248 2926 adiret,
2278 2877 2384 2917 non
2413 2878 2479 2918 ex
2507 2872 2819 2931 contemptu
2849 2862 2898 2916 id
2932 2862 3138 2923 facere,
3170 2859 3264 2914 sed
3296 2858 3344 2912 id
3377 2875 3494 2911 ma-

1889 2955 2034 3012 xime
2056 2956 2360 3026 cupientem
2383 2999 2397 3020 ,
2431 2954 2717 3025 prtepediri
2756 2964 2972 3020 tamen;
3018 2965 3065 3010 et
3100 2968 3221 3008 cum
3251 2952 3495 3024 segnitiei

1889 3051 2092 3104 crimen
2121 3066 2149 3104 a
2178 3065 2237 3105 se
2271 3050 2629 3115 removisset,
2661 3048 3025 3118 suasissetque
3057 3063 3117 3103 se
3147 3063 3252 3101 non
3286 3047 3494 3099 minore

1892 3144 2163 3198 desiderio
2209 3143 2422 3198 illorum
2471 3142 2822 3198 videudorttm
2869 3142 3039 3196 teneri
3067 3184 3080 3204 ,
3122 3157 3282 3211 quam
3327 3140 3493 3193 illos:

1888 3251 2100 3291 rursum
2142 3236 2260 3290 aliis
2302 3235 2477 3290 modis
2519 3251 2757 3289 amorem
2806 3249 2962 3289 suum
3011 3234 3264 3288 ostendit.
3312 3232 3498 3302 Neque

1887 3329 2030 3384 enim
2051 3371 2067 3392 ,
2095 3329 2214 3398 quia
2248 3327 2533 3397 impeditus
2569 3342 2685 3382 sum
2711 3368 2724 3389 .
2756 3327 2960 3397 inquit.
2992 3342 3020 3380 a
3052 3335 3246 3380 conatu
3277 3325 3457 3380 destiti
3479 3367 3494 3390 ,

1887 3423 1981 3478 sed
2011 3438 2227 3491 semper
2257 3422 2524 3477 tentabam
2549 3463 2563 3482 ,
2593 3436 2807 3490 semper
2850 3420 3176 3491 prohibebar
3207 3439 3218 3473 :
3252 3436 3351 3474 nec.
3383 3438 3498 3473 tun-

1886 3531 2046 3585 quam
2075 3513 2278 3578 destiti,
2312 3513 2572 3567 voluntati
2603 3513 2817 3581 quidem
2854 3513 2942 3568 Dei
2977 3529 3080 3566 non
3115 3514 3409 3574 resistetis,
3443 3525 3498 3565 et

1887 3608 2165 3662 caritatem
2198 3621 2442 3660 servans.
2474 3606 2605 3660 Nam
2634 3621 2755 3661 cum
2782 3615 3111 3677 proponeret
3143 3622 3242 3661 nec
3271 3606 3498 3661 desistu-

1887 3709 1992 3765 ret,
2023 3715 2262 3755 amorem
2296 3697 2578 3753 exhibebat
2605 3715 2619 3762 ;
2645 3699 2788 3767 quod
2818 3709 2997 3754 autem
3024 3699 3376 3769 impediretur
3400 3714 3497 3754 nec

1887 3795 2182 3859 resisteret,
2207 3792 2472 3850 summam
2501 3809 2626 3862 erga
2654 3793 2824 3848 Deum
2851 3794 3129 3848 caritatem
3155 3791 3492 3847 ostendebat.

1892 3887 1958 3943 Ut
1989 3889 2211 3957 aliquem
2241 3892 2462 3958 fructum
2492 3886 2704 3941 habeam
2731 3887 2884 3941 etiam
2917 3887 2967 3939 in
2998 3886 3157 3939 vobis.
3193 3885 3300 3938 Etsi
3332 3901 3372 3937 St
3399 3899 3495 3954 pc-

1887 3982 1998 4034 rius
2028 3979 2280 4035 desiderii
2309 3993 2524 4032 causam
2556 3978 2829 4042 attulerit,
2860 3988 2915 4032 et
2947 3979 3045 4034 sibi
3081 3994 3376 4031 coneruere
3404 3994 3494 4032 os-

1889 4074 2158 4137 tenderit;
2193 4083 2426 4128 attamen
2474 4074 2560 4128 hic
2600 4088 2815 4142 quoque
2863 4071 3006 4125 illam
3050 4071 3233 4133 affert,
3280 4071 3495 4124 illorum

1888 4168 2249 4238 susriicionem
2284 4167 2572 4221 admodum
2602 4167 2902 4236 corrigens.
2937 4167 3071 4232 Quia
3103 4166 3244 4219 enim
3273 4167 3493 4233 conSpi-

1889 4276 1986 4315 t-tta
2017 4261 2144 4314 urbs
2169 4270 2305 4324 erat,
2337 4270 2389 4313 et
2419 4261 2532 4314 Sola
2563 4261 2613 4313 ia
2649 4270 2786 4315 terra
2818 4270 2872 4314 et
2903 4260 3034 4313 mari
3068 4269 3229 4312 tanta:
3263 4258 3498 4327 pulchri-

1889 4355 2110 4415 tudinis,
2137 4365 2299 4424 atque
2323 4355 2439 4424 ejus
2466 4365 2667 4408 tantum
2697 4354 2942 4409 videndze
2969 4353 3237 4407 desiderio
3266 4354 3495 4422 permoti

1891 4447 2041 4500 tnttlti
2093 4447 2181 4501 illo
2219 4448 2636 4516 commigrarant
2671 4469 2682 4500 :
2719 4463 2787 4502 ne
2831 4447 2957 4516 quid
3002 4447 3177 4500 simile
3223 4446 3291 4500 de
3332 4445 3498 4499 Paulo

1887 4539 2048 4592 etiam
2083 4539 2453 4608 opinarentur,
2486 4553 2620 4592 neve
2654 4539 3092 4608 suapicarentur,
3131 4537 3249 4592 ideo
3281 4537 3497 4590 illorum

1889 4641 2238 4700 Conspectum
2267 4632 2578 4687 desiderare
2607 4631 2852 4698 Paulum,
2873 4632 3015 4702 quod
3041 4647 3104 4686 ex
3134 4633 3346 4686 illorum
3371 4647 3502 4685 ron-

1890 4724 2062 4775 sortio
2087 4737 2146 4776 se
2174 4723 2458 4776 clariorem
2492 4723 2609 4778 fore
2641 4734 2871 4793 putaret,
2905 4724 3216 4793 frequenter
3242 4723 3496 4778 desiderii

1892 4831 2110 4872 Causam
2153 4817 2395 4884 apponit.
2440 4817 2505 4870 Et
2544 4832 2705 4885 supra
2750 4817 2964 4885 quidem
2996 4817 3132 4870 dixit
3163 4835 3175 4869 :
3211 4816 3276 4872 Ut
3305 4818 3502 4888 aliquid

1891 4909 2180 4976 impertiam
2207 4908 2344 4961 vobis
2376 4909 2554 4977 gratia?
2584 4909 2886 4974 spiritualis,
2918 4908 3084 4962 videre
3110 4908 3500 4971 desiderabam;

1895 5001 1980 5056 hic
2009 5017 2139 5055 vero
2169 5001 2365 5056 clarius
2396 5020 2408 5056 :
2443 5000 2506 5056 Ut
2535 5004 2753 5070 aliquem
2783 5003 3005 5070 fructum
3029 5001 3239 5055 habeam
3268 5005 3420 5054 etiam
3447 5004 3502 5055 iu

1893 5096 2051 5161 vobis,
2075 5097 2500 5165 quemadmodum
2525 5107 2568 5149 et
2594 5098 2726 5148 inter
2751 5097 2971 5163 reliquas
3001 5105 3190 5165 gentes.
3224 5097 3504 5166 Principes

1894 5204 2013 5243 cum
2042 5188 2269 5244 subditis
2289 5197 2641 5253 annumerat;
2669 5199 2785 5259 post
2811 5189 2957 5244 mille
2982 5200 3201 5258 tropma,
3229 5191 3500 5249 victorias.

1897 5295 2018 5354 post
2046 5284 2329 5338 consulum
2359 5285 2698 5346 claritatem,
2727 5289 2854 5336 enni
2887 5283 3135 5337 barbaris
3165 5286 3314 5352 ponit
3346 5284 3502 5346 illos;

1895 5386 1947 5430 et
1975 5376 2094 5443 jure
2132 5373 2371 5445 quidem.
2412 5374 2544 5429 Nam
2593 5375 2678 5428 ubi
2725 5375 2844 5429 lidei
2895 5375 3149 5430 nobilitas
3187 5385 3302 5440 est,
3343 5391 3503 5430 nemo

1897 5470 2176 5532 barbarus,
2212 5486 2372 5524 nemo
2401 5469 2643 5534 Cra-cus,
2673 5485 2831 5525 nemo
2860 5471 3197 5540 peregrinus.
3233 5485 3392 5523 nemo
3420 5471 3504 5523 ci-

1897 5563 2010 5618 vis:
2047 5562 2140 5616 sed
2176 5562 2226 5615 in
2260 5578 2422 5615 unum
2460 5562 2736 5631 dignitatis
2774 5563 3042 5632 lastigiutn
3079 5577 3269 5616 omnes
3310 5577 3505 5617 ascen-

1895 5656 2048 5709 inut.

1976 5751 2127 5804 Pauli
2157 5750 2422 5805 modestia.
2445 5780 2517 5791 --
2545 5749 2679 5804 Vide
2711 5765 2870 5818 porro
2903 5749 3049 5804 illum
3091 5747 3177 5804 hic
3214 5747 3510 5804 modestius

1899 5855 2168 5910 agentem.
2204 5843 2319 5896 Non
2361 5843 2504 5896 enim
2548 5843 2712 5908 dixit,
2746 5842 2811 5896 l't
2849 5842 3070 5897 doceam
3100 5852 3154 5896 et
3197 5840 3508 5896 instituam:

1901 5935 1993 5989 ενι]
2021 5934 2190 6006 quid?
2225 5932 2291 5989 Ut
2323 5934 2539 6008 aliquem
2571 5934 2792 6005 fractum
2828 5934 3078 6000 habeam;
3111 5949 3217 5990 non
3249 5931 3518 6004 sintpiici-'
