4056 6484
619 413 720 469 .ltl'l

620 535 701 579 ter
729 524 975 589 fructum,
1009 521 1124 587 sed,
1158 520 1385 591 Aliquem
1412 524 1625 592 fructum
1658 535 1673 571 :
1703 533 1885 571 rursus
1914 532 1973 569 ea
2000 529 2116 584 quae
2144 528 2200 566 se

618 625 859 683 spectant
896 616 1292 684 comprimens,
1328 622 1384 666 ttt
1421 614 1665 681 superius
1706 610 1872 669 dixit,
1912 607 1976 662 Ut
2008 606 2201 667 aliquid

616 707 918 775 impertiant.
955 706 1154 760 Deinde
1184 705 1303 759 illos
1330 718 1539 773 quoque
1570 713 1626 757 ut
1652 702 1757 770 jam
1787 700 1930 765 dixi,
1964 699 2199 764 compri-

620 812 789 861 tuens,
821 799 913 862 ait,
949 796 1381 864 Quemadmodum
1407 804 1452 848 et
1476 797 1605 847 inter
1629 796 1845 863 reliquas
1872 801 2059 861 gentes.
2085 789 2198 843 Non

617 893 781 953 enim,
812 893 934 962 quia
961 892 1153 947 divites
1178 890 1325 955 estis,
1353 898 1405 942 et
1430 890 1548 959 plus
1578 904 1735 958 quam
1763 886 1940 940 czeteri
1970 883 2193 945 habetis,

619 982 794 1035 minus
837 998 959 1051 erga
1002 982 1247 1049 reliquos
1278 980 1515 1039 studium
1559 978 1788 1033 adhibeo
1821 994 1833 1029 :
1865 991 1965 1029 non
2007 973 2200 1027 divites

617 1074 907 1140 quaerimus
932 1114 945 1136 ,
988 1073 1079 1126 sed
1125 1072 1327 1125 fideles.
1361 1069 1459 1124 Ubi
1499 1086 1637 1125 nunc
1667 1078 1789 1122 sunt
1824 1066 2088 1134 sapientes
2126 1062 2197 1117 illi

616 1165 953 1225 Grarcorum,
982 1166 1177 1219 densas
1206 1164 1462 1217 habentes
1492 1163 1707 1221 barbas,
1737 1157 1911 1231 palliis
1938 1157 2114 1211 amicti
2146 1166 2201 1209 et

618 1270 937 1325 magnojiere
963 1255 1356 1309 tumescentes?
1377 1254 1632 1309 Grieciam
1656 1265 1706 1307 et
1733 1254 2074 1306 barbarorum
2102 1260 2201 1303 ter-

615 1363 727 1400 ram
767 1362 981 1402 onmem
1028 1351 1379 1403 tentoriorum
1416 1350 1603 1403 artifex
1641 1348 1920 1401 convertit.
1955 1346 2047 1399 Ille
2071 1359 2199 1398 vero

613 1442 701 1510 qui
735 1443 873 1510 apud
916 1444 1041 1515 illos
1076 1444 1385 1513 proponitur
1414 1454 1466 1497 et
1502 1439 1871 1495 circumfertur
1901 1435 2083 1501 Plato,
2120 1448 2200 1493 ter

616 1537 665 1589 in
710 1535 941 1591 Siciliam
992 1538 1257 1605 profectus
1292 1540 1394 1606 (α).
1437 1552 1557 1590 cum
1601 1546 1743 1588 tanto
1785 1536 1872 1587 illo
1914 1535 2197 1588 verborum

616 1630 771 1693 fastu,
797 1646 914 1683 cum
948 1631 1032 1683 illa
1067 1640 1227 1691 tanta,
1260 1647 1416 1699 quam
1446 1630 1513 1684 de
1541 1631 1653 1699 ipso
1678 1630 1963 1690 habebant,
1994 1629 2200 1698 opinio-

616 1736 715 1785 ne,
749 1737 814 1775 ne
848 1738 1005 1774 unum
1038 1722 1248 1791 quidem
1297 1735 1574 1792 tyrannum
1620 1723 1922 1789 superavit;
1958 1722 2063 1774 imo
2092 1732 2195 1774 tant

615 1814 807 1867 misere
838 1814 922 1867 ille
948 1814 1158 1882 elapsus
1187 1826 1288 1880 est,
1317 1826 1369 1867 ut
1398 1814 1554 1866 etiam
1587 1828 1614 1866 a
1647 1814 1891 1868 libertate
1920 1812 2194 1867 exciderit.

613 1908 679 1959 At
710 1909 1057 1961 tenturiornm
1087 1908 1273 1962 artifex
1306 1924 1408 1960 non
1446 1907 1679 1961 Siciliam
1714 1908 1904 1967 modo.
1946 1922 2049 1961 non
2092 1906 2195 1960 Ita-

615 1997 737 2049 liam
771 2008 991 2061 tantum,
1022 1998 1113 2052 sed
1148 2008 1315 2051 totmn
1348 2000 1642 2066 peragravit
1663 1999 1846 2051 orbem
1872 2016 1885 2063 ;
1912 2013 1973 2051 ac
2002 2012 2193 2068 neque,

613 2089 737 2140 dum
788 2090 1133 2157 praedicaret,
1174 2099 1340 2143 artem
1387 2089 1703 2150 intermisit,
1738 2089 1829 2142 sed
1872 2088 2028 2142 etiam
2072 2098 2195 2142 tunc

614 2182 778 2248 pelles
821 2182 1145 2242 t‘OttSlleiial,
1189 2191 1240 2234 et
1286 2182 1509 2233 nilit‘inzn
1553 2193 1776 2245 przeerat
1814 2200 1825 2234 :
1857 2197 2028 2251 neque
2067 2181 2193 2235 illud

610 2272 975 2326 Consularibus
1001 2272 1321 2326 oiTendicalo
1351 2274 1477 2338 fuit;
1513 2274 1668 2339 idque
1694 2274 2051 2340 jure‘nierito.
2079 2274 2194 2329 Non

610 2366 751 2417 enim
779 2374 920 2419 antes
947 2380 1007 2419 ac
1036 2364 1204 2418 studia
1227 2402 1241 2429 ,
1274 2365 1364 2418 sed
1399 2366 1729 2419 mendacium
1766 2376 1817 2420 et
1847 2368 2068 2421 conlic1a
2095 2366 2194 2421 do.

610 2466 783 2525 ginata
828 2456 1179 2525 deSpicabiles
1230 2459 1457 2511 reddunt
1500 2458 1763 2511 doctores.
1814 2458 2038 2527 Ideoque
2078 2460 2195 2514 illos

609 2550 820 2616 quidem
848 2551 956 2617 jam
988 2550 1230 2603 derident
1271 2551 1660 2612 Athenienses;
1699 2554 1819 2603 huic
1858 2564 1984 2605 vero
2018 2560 2194 2606 atten-

608 2642 739 2694 dunt
780 2641 1026 2705 barbari,
1068 2642 1252 2695 inculti
1295 2642 1537 2695 homines
1566 2652 1620 2695 et
1660 2643 1853 2696 idiotze.
1886 2642 2195 2697 Communis

608 2734 802 2801 quippe
833 2733 1078 2792 omnibus
1108 2733 1347 2786 doctrina
1377 2742 1579 2801 prostat
1608 2750 1620 2784 :
1653 2750 1754 2785 non
1787 2733 2059 2803 dignitatis
2085 2734 2196 2787 dis-

609 2826 809 2877 crimen
862 2826 1043 2890 novit,
1096 2841 1198 2877 non
1239 2826 1409 2895 gentis
1457 2825 1863 2887 excellentiam,
1898 2842 2003 2879 non
2047 2826 2190 2881 aliud

608 2918 879 2984 quidpiam
913 2918 1082 2971 simile
1114 2935 1124 2968 :
1162 2917 1263 2971 lide
1296 2933 1519 2987 namque
1549 2928 1748 2971 tantum
1778 2928 1917 2989 eget,
1950 2935 2054 2972 non
2084 2920 2193 2989 syl—

608 3011 863 3077 logismis.
899 3008 1127 3079 Ideoque
1155 3012 1384 3065 maxime
1415 3011 1722 3065 admiranda
1753 3022 1861 3072 est,
1897 3028 1999 3065 non
2033 3013 2191 3066 modo

605 3103 744 3170 quod
780 3103 921 3155 utilis
951 3114 1005 3156 et
1034 3104 1281 3157 salutaris
1311 3106 1411 3167 sit,
1446 3106 1537 3157 sed
1568 3104 1723 3157 etiam
1754 3105 1873 3174 qttia
1904 3103 2105 3168 facilis,
2140 3114 2194 3159 et

605 3194 672 3245 ab
700 3194 945 3247 omnibus
974 3194 1116 3247 nullo
1145 3195 1357 3263 negotio
1382 3196 1643 3263 excipitur
1670 3214 1681 3248 :
1713 3195 1761 3248 id
1789 3194 1932 3263 quod
1962 3196 2191 3251 maxime

608 3287 698 3339 Dei
725 3285 1064 3353 providentiae
1091 3301 1223 3355 opus
1253 3297 1354 3351 εει,
1380 3287 1467 3355 qui
1492 3302 1584 3340 sua
1610 3286 1857 3341 omnibus
1884 3288 2188 3342 communia

606 3380 871 3448 proponit.
906 3378 1033 3433 Nam
1066 3379 1204 3447 quod
1238 3381 1287 3431 in
1318 3381 1459 3441 sole,
1495 3379 1647 3443 luna,
1680 3382 1729 3432 in
1764 3390 1901 3433 terra
1928 3422 1941 3441 ,
1975 3381 2024 3433 in
2055 3381 2189 3435 mari

604 3472 916 3540 cu-terisque
944 3471 1097 3534 fecit,
1129 3486 1232 3524 non
1265 3470 1409 3538 plura
1438 3486 1501 3525 ex
1535 3472 1638 3523 illis
1672 3472 1905 3525 tribuens
1935 3472 2189 3526 divitibus

603 3575 653 3615 et
677 3563 1024 3630 sapientibus,
1053 3578 1147 3616 nec
1172 3564 1417 3631 pauciora
1450 3564 1787 3631 pauperibus,
1814 3563 1905 3617 sed
1928 3565 2185 3634 aequalem

604 3655 849 3708 oninilms
872 3654 1255 3710 nsumfructum
1278 3670 1583 3725 proponens
1607 3672 1620 3719 ;
1646 3654 1747 3710 hoc
1772 3664 1827 3709 et
1854 3658 1902 3709 in
1932 3656 2188 3725 prtedica-

606 3751 747 3802 tione
776 3748 916 3807 fecit.
949 3750 1054 3801 imo
1084 3748 1250 3801 multo
1277 3748 1467 3816 majus,
1494 3748 1743 3817 quoniam
1771 3746 1871 3801 ltoc
1901 3748 2066 3817 magis
2093 3764 2187 3802 ne-

604 3840 896 3894 eeSsarium
928 3854 1085 3909 quam
1121 3840 1204 3892 illa
1238 3848 1337 3893 est.
1384 3838 1610 3905 Ideoque
1653 3838 1844 3893 Paulus
1886 3838 2188 3904 frequenter

606 3933 699 3992 ait,
734 3931 977 3983 Omnibus
1012 3931 1256 4001 gentibus.
1294 3930 1493 3983 Deinde
1520 3930 1806 3984 ostendens
1834 3944 1891 3983 se
1924 3928 2049 3982 nihil
2084 3929 2189 3985 illis

606 4024 807 4093 largiri,
839 4024 929 4077 sed
963 4032 1281 4091 prreceptnm
1316 4022 1518 4075 Domini
1561 4023 1797 4092 implere,
1832 4030 1885 4075 et
1913 4022 2188 4076 remittens

608 4120 724 4171 illus
756 4119 817 4169 ad
850 4117 1147 4171 reddendas
1181 4115 1289 4169 Deo
1322 4116 1687 4169 iuriversorum
1710 4116 1925 4183 gratias,
1951 4114 2024 4168 ait
2053 4132 2065 4166 :
2102 4112 2183 4169 l6.

610 4209 800 4261 Gi'wcis
841 4218 885 4259 et
922 4208 1144 4260 barbaris
1166 4250 1179 4271 ,
1218 4208 1523 4276 sapientibus
1548 4217 1591 4258 et
1620 4207 1967 4273 insipientibus
1998 4206 2190 4260 debitor

606 4318 734 4355 sum.
758 4300 906 4366 Quod
930 4310 982 4352 et
1002 4299 1064 4352 ad
1089 4300 1390 4352 Corinthios
1412 4299 1647 4352 scribens
1669 4299 1736 4351 ita
1756 4299 1982 4360 dicebat,
2007 4302 2186 4351 omnia

609 4394 717 4447 Deo
755 4394 1066 4446 attrlhuens.
1102 4392 1185 4445 15.
1232 4388 1312 4443 Ita
1346 4402 1586 4457 quantum
1618 4392 1668 4443 in
1700 4408 1778 4444 me
1809 4400 1905 4455 est,
1936 4401 1983 4445 et
2017 4391 2151 4445 vobis
2172 4430 2189 4458 ,

605 4488 689 4556 qui
722 4486 897 4538 Itonia!
924 4486 1059 4548 estis,
1089 4486 1445 4553 evangelieare.

678 4580 729 4632 6.
770 4580 812 4629 υ
850 4590 1161 4645 generosam
1205 4576 1471 4629 animam!
1505 4575 1635 4629 Rem
1678 4584 1752 4628 tot
1792 4573 2037 4642 periculis
2080 4573 2193 4642 ple-

606 4686 724 4723 nam
749 4671 1072 4734 suscipiens,
1101 4669 1358 4721 marinam
1393 4668 1909 4736 peregrinationem,
1946 4668 2195 4720 tentatio-

610 4777 737 4821 nes,
770 4760 1004 4821 insidias,
1039 4759 1373 4819 seditiones;
1408 4776 1527 4813 nam
1562 4761 1612 4813 in
1646 4769 1786 4813 tanta
1823 4758 1951 4812 urbe
1982 4759 2197 4812 concio-

609 4853 790 4914 nanti,
826 4853 923 4903 sub
963 4851 1243 4915 impietatis
1277 4852 1557 4920 tyrannide
1597 4851 1798 4920 posita,
1847 4852 2195 4905 tentationnm

604 4944 890 5014 grandines
943 4944 1313 5012 exspectanda:
1366 4954 1545 5004 erant;
1594 4945 1668 4995 sic
1716 4956 1769 4997 et
1824 4946 1984 4997 vitam
2018 4946 2067 4998 in
2100 4945 2197 4998 ista

606 5038 736 5091 urbe
790 5037 1001 5100 clausit,
1048 5035 1198 5104 jussu
1261 5037 1469 5105 tyranni
1525 5046 1649 5087 tunc
1699 5037 1969 5103 regnantis
2022 5036 2196 5103 capite

606 5137 913 5191 trnnCatus;
970 5138 1199 5181 attamen
1250 5143 1369 5180 cum
1424 5135 1500 5178 tot
1555 5136 1805 5193 tantaque
1837 5140 1894 5178 se
1926 5141 2197 5199 passurum

607 5230 961 5289 exspecmret,
995 5235 1097 5273 non
1133 5220 1250 5274 ideo
1284 5220 1497 5288 segnior
1526 5218 1869 5281 reddebatur,
1916 5218 2008 5272 sed
2044 5216 2189 5272 festi-

609 5312 800 5373 nabat,
830 5311 1171 5379 parturiebat,
1207 5319 1587 5378 promptusque
1628 5320 1760 5363 erat.
1810 5310 2034 5374 ideoque
2076 5313 2149 5361 ait
2186 5325 2199 5361 :

610 5404 863 5466 Quantum
885 5404 937 5455 in
959 5418 1031 5453 me
1053 5413 1146 5467 est,
1168 5412 1373 5465 paratus
1392 5419 1499 5453 sum
1522 5402 1657 5455 vobis
1675 5419 1890 5471 quoque,
1913 5404 1998 5465 qui
2018 5401 2195 5454 Roma:

608 5495 754 5555 estis,
779 5496 1136 5562 euangelizare.
1173 5494 1259 5548 i6.
1298 5492 1417 5547 Non
1446 5497 1575 5546 enim
1607 5495 1839 5547 erubesco
1870 5495 2198 5564 evangelium.

606 5589 740 5655 Quid
775 5590 871 5650 ais,
895 5588 1091 5639 Paule?
1117 5586 1248 5641 Cum
1282 5598 1553 5657 oporteret
1582 5589 1784 5650 dicere,
1810 5587 2040 5651 Glorior,
2072 5590 2200 5641 mihi

608 5680 875 5749 gratulor;
910 5694 1010 5731 non
1041 5680 1139 5735 hoc
1163 5681 1315 5745 dicis,
1337 5680 1428 5735 sed
1454 5680 1593 5751 quod
1618 5681 1712 5733 illo
1737 5679 1909 5735 minus
1933 5693 2032 5747 est,
2058 5682 2198 5753 quod

674 5836 752 5903 ta)
780 5834 853 5883 De
879 5835 1092 5907 Platone,
1118 5837 1198 5907 qui
1225 5845 1304 5907 ter
1330 5836 1605 5907 ipﬁiciliam
1632 5833 1835 5899 appulit,
1864 5833 2085 5897 pluribus
2109 5840 2211 5900 agit

630 5898 876 5957 Diogenes
899 5896 1113 5946 Laertius
1138 5896 1182 5947 in
1211 5901 1316 5963 ejus
1333 5899 1452 5947 Vlla.

1354 406 1409 463 S.
1451 402 1721 461 JOANNIS
1756 384 2229 456 CHRYSOSTOMI
2268 391 2579 447 ARCiliEP.
2621 382 3144 445 CONSTANTINOI‘.

3809 378 3895 433 ‘03

2306 524 2411 563 non
2438 510 2757 575 erubescas;
2805 510 2856 563 id
2899 510 3039 579 quod
3081 509 3131 563 in
3179 506 3339 562 rebus
3379 504 3688 575 insignibus
3726 503 3896 556 Δίς-ον

2306 616 2411 655 non
2438 603 2691 655 solemus.
2744 602 2879 666 Quid
2904 602 3063 671 igitur
3089 602 3256 656 dicit?
3280 614 3375 654 cur
3404 600 3481 652 sic
3510 598 3759 667 loquitur
3808 600 3893 648 etsi

2307 694 2472 763 magis
2498 693 2565 747 de
2596 693 2871 762 evangelio
2904 709 3061 763 quam
3094 694 3161 747 de
3187 692 3319 746 caalo
3342 690 3643 763 glorietur?
3688 690 3771 743 Ad
3799 686 3895 739 Ga-

2306 784 2439 838 latas
2469 786 2609 839 enim
2652 786 2915 844 scribens.
2962 786 3079 839 ait:
3110 785 3241 839 ΜΗιί
3276 796 3444 838 autem
3487 784 3619 837 absit
3665 784 3896 851 gloriari,

2305 880 2403 932 nisi
2432 881 2483 933 in
2510 896 2655 933 cruce
2682 878 2889 933 Domini
2926 880 3083 933 nostri
3112 878 3147 931 J
3153 897 3239 933 esu
3264 880 3449 933 Christi
3484 880 3501 949 (
3526 877 3648 931 Gal.
3684 878 3741 931 6.
3779 878 3846 929 Η
3869 884 3898 941 ).

2305 968 2411 1023 Cur
2440 985 2567 1041 ergo
2595 970 2679 1025 hic
2706 988 2810 1025 non
2833 972 2995 1035 dicit,
3028 970 3274 1033 Glorior;
3315 972 3407 1025 sed
3431 1014 3445 1032 ,
3474 969 3595 1024 Non
3621 968 3900 1023 erubesco?

2305 1058 2533 1114 Romani
2557 1062 2622 1115 ad
2652 1073 2739 1117 res
2770 1063 2926 1132 hujus
2948 1063 3129 1116 mundi
3154 1062 3432 1116 inhiabant
3448 1104 3460 1126 ,
3483 1063 3552 1117 ob
3573 1061 3820 1124 divitias,
3838 1062 3902 1111 oh

2306 1152 2609 1218 imperium,
2643 1154 2712 1207 ob
2755 1155 3037 1215 victorias.
3080 1154 3149 1208 ob
3199 1155 3582 1222 imperatores,
3616 1169 3757 1225 quos
3805 1155 3903 1207 diis

2306 1258 2461 1313 pares
2490 1246 2865 1300 existimabant
2897 1246 3113 1317 (sicque
3144 1246 3265 1301 illos
3290 1247 3626 1315 vocabant);
3674 1247 3823 1301 unde
3854 1258 3903 1300 et

2304 1340 2514 1407 templis
2535 1349 2589 1394 et
2609 1342 2718 1394 aris
2737 1351 2789 1395 et
2814 1342 3088 1396 sacriﬁciis
3128 1342 3249 1395 illos
3274 1341 3543 1396 colebant.
3570 1341 3706 1396 Cum
3738 1342 3903 1410 igitur

2302 1430 2373 1483 ita
2405 1429 2541 1484 fastu
2576 1432 2715 1501 pleni
2744 1442 2944 1495 essent,
2976 1438 3030 1488 et
3078 1431 3269 1487 Paulus
3316 1433 3706 1504 pnedicaturus
3759 1441 3904 1486 esset

2301 1519 2500 1586 Jesum,
2526 1524 2612 1593 qui
2638 1521 2771 1577 fabri
2799 1524 2936 1577 filius
2956 1540 3075 1579 esse
3097 1525 3397 1593 putabatur.
3423 1524 3473 1576 in
3498 1522 3685 1577 Judma
3710 1535 3894 1585 natus,

2301 1620 2355 1665 et
2382 1614 2432 1666 in
2462 1614 2621 1667 domo
2650 1616 2822 1669 tenuis
2846 1616 3085 1670 mulieris
3106 1616 3362 1670 educatus
3389 1614 3591 1680 fuerat;
3623 1616 3715 1686 qui
3738 1618 3901 1669 Satrlc

2301 1704 2421 1761 lites
2445 1722 2547 1760 non
2580 1707 2858 1769 habuerat,
2891 1724 2992 1761 non
3021 1709 3254 1769 divitias,
3279 1708 3371 1762 sed
3396 1709 3552 1763 etiam
3585 1718 3642 1761 ut
3670 1708 3899 1761 damna-

2302 1808 2386 1852 tus
2413 1811 2651 1854 mortuus
2683 1800 2853 1854 fuerat
2891 1818 3010 1855 cum
3045 1802 3361 1866 latronibus,
3415 1802 3721 1871 multasque
3767 1803 3899 1855 alias

2300 1894 2614 1963 ignominias
2643 1913 2830 1967 passus
2853 1898 3017 1953 fuerat
3041 1917 3056 1961 ;
3081 1915 3143 1952 ac
3170 1899 3456 1953 verisimile
3478 1909 3593 1951 erat
3624 1898 3898 1952 Romanas

2300 1995 2425 2041 tunc
2470 1989 2670 2057 pudore
2700 1991 2931 2046 suffusos
2980 1990 3165 2051 fuisse.
3198 2006 3319 2045 cum
3369 1991 3631 2044 nihildum
3695 1992 3897 2044 scirent

2300 2093 2480 2135 rerum
2535 2097 2847 2137 arcanarum
2872 2096 2925 2138 et
2955 2100 3263 2155 magnarum
3300 2102 3314 2139 :
3351 2084 3468 2138 ideo
3499 2084 3593 2146 ait,
3638 2082 3762 2136 Non
3784 2101 3896 2136 eru-

2301 2175 2463 2239 besco,
2490 2176 2607 2230 illos
2636 2176 2846 2230 interim
2875 2178 3104 2243 docens,
3136 2194 3202 2230 ne
3229 2178 3616 2231 erubescerent
3644 2192 3656 2226 :
3693 2176 3896 2229 sciebat

2300 2266 2441 2320 enim
2486 2282 2598 2331 eos,
2633 2268 2676 2321 si
2708 2269 2758 2321 id
2785 2269 2997 2322 tandem
3055 2278 3487 2337 assequerentur,
3520 2273 3627 2321 cito
3655 2280 3897 2338 eousque

2300 2369 2652 2427 perventuros
2681 2376 2801 2415 esse
2833 2371 2886 2412 ut
2912 2361 3290 2430 gloriarentur.
3351 2360 3417 2414 Et
3452 2371 3505 2414 tu
3536 2361 3701 2430 igitur
3728 2361 3773 2413 si
3802 2376 3896 2413 auo

2298 2450 2463 2506 dieris
2520 2453 2822 2521 quempiam
2877 2453 3141 2507 dicentem
3180 2472 3191 2506 :
3222 2454 3621 2507 Cruciiixumne
3650 2452 3895 2507 adoras?

2298 2559 2367 2598 ne
2417 2544 2703 2598 erubescas
2735 2561 2833 2599 nec
2864 2545 3051 2599 oculos
3101 2544 3390 2609 demittas;
3426 2545 3533 2597 imo
3559 2545 3797 2614 gloriare
3841 2555 3894 2598 et

2300 2638 2392 2691 tibi
2424 2639 2693 2707 gratulare
2715 2681 2728 2702 ,
2759 2640 3042 2707 liberisque
3095 2639 3265 2692 oculis
3286 2646 3338 2693 et
3367 2648 3543 2692 erecta
3574 2638 3729 2701 facie,
3763 2654 3893 2692 con-

2298 2728 2583 2785 fessionem
2626 2732 2868 2785 admitte.
2895 2732 2948 2787 Si
2994 2748 3201 2785 rnrsum
3229 2731 3425 2785 dixerit
3451 2750 3464 2785 :
3491 2730 3895 2785 Crucilixumne

2296 2824 2485 2878 adoras
2507 2824 2530 2876 i
2553 2838 2752 2897 repone
2784 2826 2856 2877 illi
2894 2842 2906 2877 :
2938 2824 3041 2877 Sed
3069 2841 3171 2877 non
3206 2824 3494 2887 tumebunt,
3529 2838 3635 2877 non
3666 2823 3891 2892 parrici-

2294 2918 2454 2982 dam,
2490 2934 2596 2972 non
2644 2919 2871 2973 filiorum
2925 2918 3322 2974 interfectorem
3355 2920 3528 2987 (tales
3576 2918 3723 2971 enim
3774 2926 3896 2970 sunt

2295 3027 2483 3066 omnes
2511 3012 2721 3066 illorum
2745 3011 2815 3065 dii
2841 3013 2857 3081 )
2881 3028 2895 3077 ',
2928 3013 3020 3066 sed
3052 3028 3198 3077 eum,
3224 3013 3314 3081 qui
3343 3024 3438 3079 per
3454 3025 3673 3065 crucem
3703 3012 3897 3065 tlmnio-

2297 3105 2454 3158 nibus
2494 3118 2587 3156 ora
2622 3104 2883 3168 obstruit,
2911 3114 3069 3173 atque
3111 3104 3421 3158 innumeras
3446 3104 3661 3156 illorum
3694 3101 3905 3170 prmsti‘

2296 3197 2410 3265 gias
2458 3195 2694 3248 abstulit.
2748 3194 2958 3249 Etenim
3013 3211 3143 3249 crux
3200 3204 3418 3263 propter
3467 3209 3566 3247 nos
3611 3193 3897 3246 inell'ahilis

2297 3288 2637 3357 benignitatis
2684 3304 2818 3356 opus
2870 3304 3180 3357 magnteque
3234 3304 3375 3342 curm
3423 3287 3729 3358 symbolum
3786 3297 3889 3341 est.

2295 3380 2377 3435 Ad
2424 3380 2537 3433 lucc
2576 3394 2726 3444 vero,
2756 3381 2878 3448 quia
2921 3380 3277 3449 eloquentiam
3329 3396 3479 3434 suam
3511 3379 3814 3439 venditant,
3844 3386 3899 3432 et

2294 3482 2514 3527 externa
2549 3472 2885 3541 philosophia
2940 3472 3127 3524 nmniti
3176 3473 3339 3524 altum
3374 3471 3602 3539 Sapiunt,
3642 3471 3777 3541 Ego,
3807 3472 3891 3524 in-

2295 3568 2410 3636 quit
2457 3566 2691 3628 Paulus,
2725 3566 2805 3618 his
2836 3565 3160 3636 syllogismis
3218 3566 3432 3633 longum
3486 3567 3665 3618 valere
3708 3564 3895 3634 jussis,

2288 3671 2505 3714 crucem
2533 3657 2879 3726 praedicatum
2913 3660 3083 3720 venio,
3122 3673 3295 3724 neque
3327 3658 3445 3712 ideo
3469 3658 3755 3711 erubesco.
3797 3658 3899 3711 Po-

2290 3752 2446 3803 tentia
2468 3752 2601 3804 enim
2634 3750 2725 3803 Dei
2753 3762 2822 3803 est
2850 3751 2915 3804 ad
2941 3752 3173 3804 salutem.
3202 3750 3337 3817 Quia
3361 3751 3501 3803 enim
3528 3750 3765 3818 polentia
3802 3751 3891 3805 Dei

2290 3856 2371 3901 est
2398 3847 2555 3899 etiam
2579 3845 2643 3897 ad
2672 3859 2883 3913 pinnam
2914 3844 3242 3898 inferendam
3276 3846 3428 3913 (nam
3458 3858 3577 3897 cum
3603 3842 3892 3914 Egyptios

2292 3938 2582 4007 puniebat,
2634 3937 2767 3990 dixit
2794 3955 2804 3986 :
2836 3936 2957 3990 ilzec
2978 3947 3060 3990 est
3090 3938 3325 4004 potentia
3386 3952 3499 3989 mea
3533 3952 3723 4005 magna
3754 3944 3767 4001 )
3794 3953 3809 3999 ;
3842 3947 3894 3989 et

2293 4038 2529 4098 potestas
2558 4028 2623 4081 ad
2650 4028 2868 4081 exitium
2903 4030 3057 4094 (nam
3088 4028 3161 4078 ait
3191 4044 3203 4081 :
3242 4024 3429 4079 Timete
3452 4043 3588 4088 eum,
3623 4028 3711 4093 qni
3739 4037 3895 4087 pulo‘sl

2292 4133 2339 4175 et
2370 4122 2594 4173 animum
2623 4132 2667 4173 et
2698 4134 2880 4183 corpus
2913 4120 3121 4187 perdere
3145 4120 3194 4171 in
3226 4121 3506 4189 gehennam
3540 4118 3553 4189 [
3579 4118 3769 4172 .ilattlt.
3806 4120 3891 4173 it).

2295 4214 2487 4287 28]):
2523 4215 2643 4269 ideo
2690 4216 2806 4268 ait:
2840 4214 2963 4267 llu-c
3018 4214 3239 4265 veniens
3285 4212 3465 4274 affero,
3505 4227 3610 4263 non
3659 4228 3781 4279 qum
3831 4213 3895 4265 ad

2296 4322 2505 4377 patriam
2526 4315 2579 4359 et
2601 4306 2940 4375 supplicium,
2966 4304 3058 4358 Sed
3083 4321 3197 4370 quu‘
3221 4303 3283 4357 ad
3309 4304 3553 4357 salutem.
3575 4304 3714 4370 Quid
3734 4306 3895 4374 ergo?

2296 4415 2473 4452 nonne
2524 4398 2638 4451 hare
2683 4398 3032 4450 annuntiabat
3086 4398 3245 4449 etiam
3287 4398 3645 4465 evangelium,
3694 4397 3761 4452 de
3799 4414 3892 4468 ge‘

2298 4492 2493 4556 ltenna,
2518 4492 2583 4544 de
2615 4491 2851 4543 tenebris
2878 4490 3255 4551 exterioribus,
3286 4489 3348 4542 de
3381 4505 3559 4541 verme
3588 4491 3894 4543 venenato?

2298 4585 2455 4649 Atqui
2488 4599 2589 4635 non
2631 4582 2845 4634 aliunde
2877 4583 2987 4635 haec
3016 4583 3282 4643 novimus,
3333 4584 3432 4634 nisi
3464 4598 3528 4635 ex
3561 4585 3847 4653 evangelio
3880 4603 3891 4637 :

2298 4677 2566 4744 quomodo
2619 4674 2797 4744 igitur,
2827 4676 3065 4743 inquies,
3101 4672 3335 4727 Potentia
3380 4674 3471 4727 Dei
3519 4678 3585 4727 ad
3634 4680 3895 4730 salutem!

2299 4772 2405 4825 Sed
2438 4772 2560 4824 audi
2617 4772 2897 4839 sequentia
2926 4788 2935 4822 :
2979 4768 3129 4821 Omni
3161 4770 3403 4829 credenti,
3432 4767 3619 4822 Judazo
3648 4772 3893 4837 primum,

2302 4875 2347 4917 et
2380 4863 2578 4917 (Ii-(eeo.
2630 4862 2743 4916 Non
2788 4864 2929 4915 enim
2985 4861 3255 4924 omnibus,
3306 4861 3397 4913 sed
3458 4864 3893 4930 suscipientilins.

2304 4958 2521 5010 Etiamsi
2545 4958 2685 5010 enim
2714 4956 2931 5010 Cra-cus
2957 4956 3069 5008 sive
3098 4955 3310 5024 gentilis
3342 4956 3521 5017 fueris,
3554 4958 3770 5012 etiamsi
3803 4976 3892 5010 nc-

2302 5053 2519 5119 quitiam
2568 5066 2779 5103 omnem
2812 5051 3048 5112 adieris;
3097 5050 3195 5102 etsi
3223 5050 3440 5120 Scytha,
3471 5051 3601 5104 baib
3623 5069 3755 5115 trus,
3790 5056 3893 5105 imo

2305 5148 2410 5199 tera
2437 5145 2617 5208 fueris,
2644 5145 2849 5196 ratione
2867 5142 3086 5195 omnino
3108 5141 3414 5202 destitutus,
3446 5153 3498 5197 et
3524 5144 3672 5198 mille
3704 5164 3888 5215 pecca-

2304 5247 2474 5289 torum
2508 5238 2730 5290 sarcinis
2774 5245 2995 5288 onustus
3038 5248 3049 5287 :
3083 5235 3239 5288 simul
3295 5244 3455 5304 atque
3488 5253 3795 5292 sermonem
3830 5242 3892 5291 de

2304 5345 2462 5383 cruce
2486 5329 2789 5398 suscepisti,
2812 5337 2865 5382 et
2886 5329 3181 5396 baptizatus
3203 5344 3283 5394 es,
3312 5332 3489 5381 omnia
3514 5332 3599 5383 illa
3627 5332 3889 5388 delevisti.

2305 5422 2412 5474 Cur
2440 5434 2611 5473 autem
2642 5423 2725 5475 hic
2752 5420 2901 5480 dicit,
2925 5420 3107 5473 .Indtro
3133 5424 3375 5490 primum,
3426 5434 3473 5476 et
3525 5423 3744 5481 Cra'co?
3770 5428 3891 5498 quid

2306 5515 2405 5567 sibi
2435 5515 2545 5567 vult
2578 5515 2663 5566 illa
2707 5513 3045 5566 differentia?
3091 5516 3248 5581 Atqui
3296 5531 3440 5583 sa'pe
3489 5517 3657 5581 dixit,
3718 5522 3892 5588 Neque

2307 5608 2641 5659 circumcisio
2697 5605 2982 5674 quidquam
3028 5615 3129 5667 est,
3162 5622 3333 5675 neque
3362 5610 3679 5676 przrpntium
3715 5631 3725 5664 :
3762 5631 3891 5673 quo-

2310 5700 2467 5752 modo
2507 5701 2662 5768 igitur
2694 5701 2779 5751 hic
2824 5698 3119 5767 distinguit,
3169 5698 3413 5753 Judannn
3455 5702 3643 5755 Cra-co
3673 5718 3889 5773 antepo-

2312 5792 2475 5844 nvos?
2509 5792 2710 5859 Ecquid
2744 5790 2880 5842 hoc?
2914 5805 3081 5858 neque
3108 5792 3246 5843 enim
3272 5792 3392 5860 quia
3425 5795 3628 5863 primus
3653 5810 3753 5857 est,
3786 5816 3892 5849 ma-

2309 5887 2477 5955 jorem
2510 5885 2698 5955 accipit
2727 5884 2945 5954 gratiam
2985 5884 3157 5955 (idem
3198 5887 3338 5941 enim
3374 5889 3546 5956 ipsum
3599 5892 3629 5944 ιι
3672 5910 3792 5945 num
3842 5903 3890 5946 et
