4056 6512
154 480 302 534 ιω

153 595 327 648 huic.
354 602 407 647 ct
451 592 522 646 illi
573 588 892 658 tribuitur),
936 586 1028 641 sed
1062 583 1263 639 ordinis
1292 583 1461 635 solum
1513 590 1592 633 est
1622 577 1782 643 illud,

148 687 412 754 primus.
445 684 626 757 Neque
651 683 702 738 id
725 683 842 752 plus
865 680 1042 743 habet,
1069 678 1208 748 quod
1239 676 1494 743 majorem
1517 671 1782 740 acceperit

143 782 485 848 justitiam;
516 777 608 833 sed
633 781 688 833 itt
717 777 815 830 hoc
853 774 1026 830 solum
1056 772 1372 833 honoratur,
1407 765 1545 836 quod
1581 766 1782 833 primus

143 869 482 938 acceperit.
518 867 737 929 Natu-ii,
769 865 857 934 qui
913 863 1278 917 illutninantur
1311 858 1502 930 (scitis,
1553 854 1773 915 initiati,

144 963 333 1031 quod
382 961 618 1026 dicitur),
647 971 832 1011 onmes
870 956 935 1010 ad
975 955 1234 1022 baptiStna
1263 959 1509 1008 currunt,
1547 947 1640 1001 sed
1676 961 1777 998 non

144 1069 382 1109 mmtcs
410 1051 593 1108 eadem
618 1050 771 1114 hora,
795 1049 886 1102 sed
914 1049 1048 1101 alios
1069 1046 1290 1116 primus,
1314 1043 1450 1096 alius
1472 1040 1733 1096 secundus
1762 1053 1774 1089 :

143 1161 363 1214 neque
413 1155 586 1197 tamen
636 1141 838 1210 primus
893 1140 1008 1208 plus
1046 1137 1240 1205 accipit
1285 1150 1441 1203 quam
1474 1131 1770 1191 secundus,

146 1253 365 1306 neque
422 1235 687 1290 secundus
739 1249 894 1302 quam
953 1231 1162 1291 tertius,
1196 1227 1288 1281 sed
1346 1239 1535 1279 mnncs
1589 1222 1773 1276 iisdem

137 1327 454 1381 frmmtnr.
475 1325 678 1381 Primus
709 1325 867 1394 igitur
892 1323 996 1386 hic,
1016 1320 1244 1375 nominis
1268 1318 1443 1373 solum
1470 1324 1550 1370 cst
1579 1315 1768 1380 honor,

138 1436 275 1473 non
311 1421 484 1490 gratia
516 1418 704 1487 major.
741 1415 959 1477 llcindc,
990 1422 1272 1484 postquam
1307 1411 1462 1472 dixit,
1509 1407 1585 1460 Ad
1629 1407 1768 1460 salu-

137 1522 286 1573 tem,
333 1525 521 1565 rursus
549 1520 705 1580 auget
750 1507 972 1571 donum,
1022 1503 1315 1559 ostendens
1361 1516 1463 1554 non
1493 1498 1772 1568 praesentis

141 1615 325 1674 temp
355 1605 441 1657 ris
493 1602 664 1656 solum
710 1614 850 1664 esse,
884 1598 976 1652 sed
1001 1608 1054 1653 et
1096 1597 1316 1650 ulterius
1349 1591 1630 1663 prOgrcdi;
1670 1589 1769 1643 hoc

131 1696 315 1749 enim
347 1692 666 1764 significavit
697 1690 778 1743 his
809 1689 984 1744 verbis
1017 1706 1028 1741 :
1062 1688 1149 1742 17.
1171 1686 1382 1739 Iustitia
1403 1685 1536 1736 enim
1584 1681 1675 1733 Dei
1718 1682 1768 1733 iu

135 1792 272 1853 ipso
305 1788 558 1841 reveletur
587 1801 648 1838 ea:
676 1785 778 1851 [ide
811 1784 863 1836 in
893 1781 1068 1851 ﬁdem,
1097 1781 1225 1834 sicut
1250 1779 1492 1847 scriptum
1516 1785 1585 1829 est
1619 1792 1635 1828 :
1665 1773 1765 1826 .Itt-

131 1892 266 1935 uua
293 1890 469 1933 autent
496 1893 561 1932 ea:
584 1878 686 1946 ﬁde
710 1875 869 1945 vivet(
893 1873 1089 1927 llabac.
1115 1871 1169 1925 2.
1195 1871 1229 1927 ι
1247 1871 1283 1940 ).
1315 1871 1413 1936 Qui
1439 1883 1570 1937 ergo
1591 1867 1767 1935 justus

135 1973 400 2028 effectus
421 1980 522 2034 est,
557 1983 662 2022 non
703 1968 754 2022 in
788 1964 1036 2036 pra-senti
1067 1963 1238 2018 solum
1268 1960 1484 2021 sarculo,
1514 1957 1606 2012 sed
1635 1967 1686 2011 et
1715 1956 1764 2009 in

133 2063 354 2117 futuro
377 2061 537 2116 vivet.
560 2058 742 2129 Neque
771 2057 871 2111 hoc
893 2055 1065 2110 solum
1090 2071 1102 2117 ;
1147 2052 1242 2109 sed
1274 2061 1324 2107 et
1350 2051 1489 2104 aliud
1521 2047 1762 2103 subindi-

131 2161 260 2215 cat,
285 2149 603 2221 hujusmodi
635 2146 970 2217 nempe'vitrc
996 2143 1335 2214 Splendorem
1360 2151 1414 2195 et
1435 2139 1756 2194 claritatem.

131 2246 292 2312 Quia
327 2245 475 2299 enim
505 2249 680 2312 potest
701 2240 818 2311 quis
839 2253 958 2293 cum
980 2235 1249 2292 dedecore
1269 2233 1468 2289 servari
1495 2250 1506 2284 :
1537 2241 1592 2284 ut
1613 2229 1761 2284 multi

135 2354 210 2392 ex
244 2337 406 2406 regia
434 2333 710 2389 clementia
735 2347 764 2385 a
790 2327 1053 2400 supplicio
1079 2326 1416 2396 eripiuntur;
1450 2332 1503 2377 ut
1532 2337 1598 2376 ne
1643 2319 1766 2390 quis

133 2431 392 2485 salutem
413 2427 635 2482 audiens
667 2425 766 2481 hoc
788 2425 1108 2494 suspicetur,
1130 2419 1335 2476 addidit
1359 2438 1372 2473 :
1400 2418 1462 2471 Et
1475 2416 1763 2488 justitiam;

135 2536 198 2578 et
230 2523 512 2591 justitiam
542 2537 648 2576 non
677 2530 843 2583 tuam,
871 2517 962 2574 sed
1008 2516 1097 2570 Dei
1126 2533 1138 2579 ;
1193 2514 1307 2580 ejus
1364 2509 1667 2584 largitatem
1712 2520 1763 2564 et

136 2615 481 2671 facilitatem
530 2611 894 2667 subindicans.
949 2608 1130 2678 Neque
1170 2605 1315 2660 enim
1362 2623 1427 2660 ex
1476 2604 1670 2660 sudore
1710 2611 1764 2657 ct

133 2709 347 2763 labore
399 2706 546 2760 illam
595 2704 835 2774 perticis,
869 2700 962 2756 sed
994 2715 1058 2755 ex
1092 2713 1330 2767 superno
1355 2698 1498 2752 dono
1539 2695 1759 2764 accipis,

135 2799 256 2854 hoc
296 2812 470 2852 unum
499 2812 567 2852 ex
601 2796 772 2864 teipso
798 2792 1052 2853 afferens,
1102 2790 1246 2861 quod
1279 2790 1493 2845 credas.
1532 2785 1756 2850 Deinde,

131 2893 274 2960 quia
310 2889 401 2942 vix
425 2886 700 2942 credibilis
729 2898 908 2940 sermo
935 2880 1144 2938 videtur
1161 2896 1304 2944 esse,
1327 2878 1466 2950 quod
1495 2877 1757 2940 moechus,

135 2982 363 3042 mullis,
395 2978 760 3047 sepulcrorum
791 2974 1039 3041 effossor,
1073 2972 1450 3043 prccstigiator,
1479 2967 1758 3022 confestim

127 3089 250 3127 non
292 3069 464 3122 modo
486 3083 514 3121 a
534 3067 795 3137 supplicio
821 3068 1102 3136 eripiatur,
1137 3063 1232 3118 sed
1254 3063 1413 3117 etiam
1441 3061 1616 3128 justus
1648 3058 1756 3120 fiat,

131 3176 193 3219 et
220 3163 418 3228 justus
449 3173 695 3228 suprema
720 3157 963 3226 justitia;
996 3171 1025 3209 a
1061 3154 1238 3209 Veteri
1268 3153 1612 3208 Testamento
1640 3163 1757 3203 ser-

130 3271 184 3306 ut
215 3266 377 3306 vnum
417 3248 722 3315 confirmat,
773 3264 836 3303 ac
867 3248 1039 3317 primo
1067 3244 1283 3316 quidem
1313 3241 1460 3296 brevi
1487 3240 1630 3295 dicto
1661 3241 1761 3292 int-

138 3360 408 3398 nunsum
450 3341 793 3397 historiarum
842 3341 1060 3410 pelagus
1107 3335 1300 3390 intueri
1332 3331 1528 3387 valenti
1561 3330 1754 3400 aperit.

130 3442 280 3494 (tum
339 3433 575 3490 dixisset
609 3433 774 3498 enim,
823 3431 906 3485 Ex
933 3431 1036 3499 ﬁde
1060 3430 1112 3482 in
1143 3427 1317 3496 ﬁdem,
1345 3424 1641 3478 auditorem
1675 3437 1761 3475 re-

139 3529 296 3580 misit
331 3525 399 3578 ad
424 3526 753 3581 (nconotnias
779 3523 916 3587 illas,
939 3536 968 3574 a
995 3520 1101 3573 Deo
1129 3520 1178 3571 in
1211 3517 1387 3570 Veteri
1407 3515 1755 3569 Testamento

137 3619 346 3686 factas,
385 3633 516 3690 quas
542 3617 607 3672 ad
637 3615 888 3670 llebrmos
909 3611 1172 3676 scribens,
1202 3623 1322 3664 cum
1347 3606 1511 3661 multa
1542 3604 1755 3674 sapien-

142 3712 218 3767 tia
249 3714 515 3774 enarrat,
542 3718 702 3777 atque
745 3705 905 3759 etiam
935 3711 1062 3756 tunc
1085 3709 1140 3755 et
1159 3699 1335 3769 justos
1364 3706 1418 3752 et
1446 3706 1754 3766 peccatores

139 3803 481 3872 iustiticatos
505 3797 738 3854 ostendit
763 3813 776 3848 :
809 3802 1134 3866 quapropter
1158 3800 1212 3846 et
1238 3789 1385 3844 Raab
1411 3799 1464 3842 et
1486 3786 1752 3842 Abraham

143 3891 500 3951 memoravit.
529 3891 720 3946 Postea
741 3896 942 3953 autem,
974 3901 1096 3941 cum
1125 3883 1210 3938 hic
1237 3883 1408 3937 solum
1438 3880 1489 3935 id
1516 3879 1756 3934 subindi«

141 3996 328 4042 cassct
367 3985 533 4055 (nam
560 3979 626 4036 ad
657 3981 817 4034 aliam
857 3975 1363 4046 contemplationem
1396 3987 1555 4028 cursu
1583 3970 1753 4026 veloci

145 4075 504 4144 festinabat),
534 4088 563 4126 a
592 4071 871 4144 prephetis
892 4084 1078 4124 rursus
1105 4066 1344 4122 sermoni
1388 4064 1544 4120 fidem
1573 4063 1754 4118 conci-

145 4169 264 4235 lia',
300 4185 354 4224 tu
404 4166 638 4222 medium
668 4163 939 4219 adducens
962 4161 1211 4216 Habacuc
1237 4159 1558 4214 clamantem
1585 4165 1640 4211 et
1667 4156 1751 4210 di-

145 4272 390 4328 centem,
427 4275 530 4315 non
564 4273 722 4330 posse
743 4257 924 4312 vivere
949 4269 1070 4311 eum
1111 4253 1201 4325 qui
1228 4253 1465 4307 victurus
1494 4258 1596 4312 est,
1650 4248 1750 4303 nisi

145 4369 244 4424 per
274 4353 460 4409 fidem.
495 4351 624 4406 Nam
651 4348 853 4414 Justus,
877 4347 1064 4418 inqttit,
1097 4362 1158 4399 ex
1183 4345 1286 4414 ﬁde
1311 4345 1454 4407 vivet,
1489 4341 1556 4396 de
1578 4341 1748 4394 futura

148 4445 382 4513 loquens
415 4443 541 4497 vita.
572 4442 706 4510 Quia
736 4440 877 4495 enim
906 4454 1026 4508 quzc
1059 4437 1200 4491 Deus
1225 4435 1499 4504 elargitnr,
1533 4448 1748 4487 onmem

148 4538 535 4605 Cogitationem
576 4541 854 4603 superant,
877 4531 1000 4600 jure
1031 4528 1136 4584 fide
1177 4542 1312 4598 opus
1347 4526 1624 4581 habemus.
1661 4525 1751 4578 Vir

149 4638 331 4682 autem
355 4627 631 4698 pervicax,
657 4632 999 4693 contemptor
1028 4631 1082 4676 et
1111 4633 1388 4689 arrogans,
1421 4617 1552 4672 nihil
1595 4616 1749 4687 perfi—

149 4719 275 4774 ciet.
311 4717 549 4774 Andiant
585 4715 819 4771 haeretici
874 4713 1203 4784 spiritualem
1248 4724 1455 4765 vocem.
1489 4708 1634 4764 Talis
1668 4719 1751 4765 est

149 4807 294 4864 enim
321 4809 706 4880 cegitationum
740 4815 927 4862 natura
961 4824 973 4859 :
1007 4803 1309 4877 labyrintho
1335 4801 1546 4858 cuidam
1567 4811 1618 4856 et
1640 4801 1748 4871 gri-

152 4902 274 4970 pltis
301 4902 496 4958 similis
530 4911 612 4957 est
641 4902 843 4956 nullum
891 4899 1050 4955 linem
1088 4899 1313 4962 habens,
1352 4911 1451 4951 nec
1486 4897 1668 4950 sinens
1694 4894 1747 4948 in

153 5002 304 5058 petra
333 4992 714 5062 cogitationem
743 4991 1061 5054 consistere,
1093 4989 1520 5059 principiumque
1547 4983 1750 5040 babe'ns

154 5081 222 5138 ab
248 5083 580 5156 arrogantia.
608 5082 740 5137 Cum
763 5083 904 5137 enim
936 5081 1131 5151 pudeat
1157 5081 1276 5135 illos
1301 5081 1457 5135 fidem
1481 5078 1745 5148 accipere,

154 5189 224 5231 ne
250 5178 536 5232 videantur
563 5175 808 5247 ignorare
837 5174 1092 5236 cmlestia,
1126 5187 1247 5229 sese
1289 5173 1338 5226 in
1373 5171 1518 5227 mille
1541 5171 1744 5240 cogita-

159 5267 358 5322 tionum
389 5267 660 5338 pulverem
688 5265 1000 5334 conjiciunt.
1046 5263 1214 5329 Itane,
1248 5263 1413 5316 miser
1441 5269 1494 5315 et
1533 5259 1744 5324 infelix,

156 5366 314 5431 atque
335 5361 557 5416 inﬁnitis
595 5361 788 5431 dignus
822 5357 1095 5430 lacrymis,
1129 5356 1172 5410 si
1201 5355 1318 5426 quis
1351 5364 1400 5408 te
1432 5355 1744 5421 interroget,

158 5451 427 5517 quomodo
452 5452 638 5506 cadum
659 5450 856 5506 factum
876 5449 966 5511 sit,
990 5446 1259 5517 quomodo
1283 5455 1421 5499 terra
1442 5460 1455 5508 ;
1476 5441 1603 5514 quid
1628 5442 1748 5495 dico

161 5541 344 5599 calum
375 5552 430 5599 et
458 5543 696 5598 terram?
723 5539 993 5612 quomodo
1025 5539 1138 5608 ipse
1170 5544 1325 5591 natus
1351 5536 1445 5602 sis,
1473 5533 1742 5605 quomodo

484 5915 750 5978 ΡΑτιιοι.
801 5922 915 5981 Gn.
967 5924 1088 5986 LX.

1319 469 1384 523 LV
1426 468 1639 524 El'ls'l'.
1686 465 1774 520 AD
1818 464 1976 520 ll0.\l.
2020 463 2250 521 llOMlL
2300 464 2361 518 ll.

3386 474 3490 527 Aid

1899 578 2127 632 nutritus
2159 588 2211 632 et
2244 587 2449 643 auctus,
2483 595 2588 633 non
2623 591 2671 633 te
2701 579 2861 649 pudet
2890 581 3207 650 ignorantiae
3223 584 3243 635 ’ἒ
3288 587 3330 636 si
3363 600 3492 640 vero

1890 671 1957 725 de
1986 670 2268 740 Unigenito
2291 687 2471 726 sermo
2503 673 2592 730 sit,
2640 688 2753 740 pra:
2788 673 2990 742 pudore
3020 685 3071 728 te
3102 675 3152 728 in
3177 676 3489 732 barathrum

1889 763 2141 832 perniciei
2166 763 2407 832 conjieis,
2439 763 2580 833 quod
2611 774 2661 819 te
2689 765 2961 834 indignum
2992 775 3147 834 putes
3179 783 3283 820 non
3305 773 3488 826 omnia

1887 855 2062 908 scire?
2090 856 2246 925 Atqui
2272 856 2482 925 indigna
2506 857 2681 925 potius
2704 873 2790 911 res
2817 866 2900 912 est
2925 861 3197 913 contentio
3211 870 3270 928 et
3297 864 3491 927 intent-

1887 947 2089 1016 pcstiva
2119 949 2423 1002 curiositas.
2461 948 2662 1018 Ecquid
2694 950 2759 1004 de
2789 950 3129 1020 dogmatibus
3156 953 3378 1026 loquor?
3405 957 3484 1010 Ex

1887 1042 2166 1108 prmseutis
2212 1043 2334 1095 vitm
2381 1044 2615 1112 nequitia
2649 1059 2752 1097 non
2800 1045 2907 1098 alio
2947 1046 3109 1099 modo
3157 1050 3483 1116 liIu-ranmr,

1882 1145 2040 1198 quam
2073 1148 2165 1198 per
2207 1131 2386 1185 fidem.
2420 1133 2508 1187 Sic
2547 1149 2740 1188 omnes
2766 1136 2926 1203 prist-i
2983 1137 3061 1193 ili
3095 1141 3191 1192 viri
3219 1141 3483 1206 claruerc,

1882 1221 1959 1275 sic
1994 1222 2276 1286 Abraham,
2306 1225 2383 1277 sic
2409 1224 2574 1289 Isaac,
2601 1227 2677 1279 sic
2699 1225 2864 1280 Jacob
2891 1243 2906 1292 ;
2937 1228 3013 1283 sic
3043 1241 3095 1284 et
3123 1230 3371 1284 meretrix
3399 1248 3484 1286 sa-

1883 1313 2042 1367 lutem
2075 1326 2404 1385 consequuta
2427 1326 2529 1377 est,
2563 1326 2616 1370 rt
2646 1320 2695 1371 in
2745 1318 2924 1375 Veteri
2954 1332 3006 1376 et
3035 1324 3085 1376 in
3117 1322 3266 1378 Novo
3297 1325 3482 1378 'l'esta-

1881 1415 2077 1458 mento.
2106 1406 2235 1460 Nam
2267 1409 2340 1461 ait
2380 1426 2393 1461 :
2425 1406 2558 1464 Fide
2603 1409 2746 1462 Raab
2784 1415 3023 1467 meretrix
3050 1432 3149 1468 non
3193 1417 3337 1481 periit
3366 1433 3482 1469 cum

1877 1499 2173 1564 incredulis,
2198 1503 2544 1569 exploratores
2566 1506 2821 1576 arripiens
2856 1505 3053 1578 (llcbr.
3093 1508 3178 1562 ll.
3209 1509 3266 1561 51
3294 1506 3332 1578 ).
3365 1507 3477 1561 Non

1876 1592 2009 1645 dixit
2044 1592 2095 1646 itt
2126 1593 2446 1664 semetipsa,
2479 1593 2550 1650 Et
2576 1599 2847 1667 quomodo
2879 1608 3131 1668 poterunt
3160 1599 3211 1653 hi
3243 1601 3436 1668 captivi
3462 1643 3474 1662 ,

1877 1682 2079 1752 fugitivi
2110 1693 2163 1739 et
2192 1699 2417 1740 errones
2442 1730 2455 1754 ,
2500 1690 2587 1758 qui
2627 1689 2914 1744 nomadum
2949 1707 3099 1746 more
3130 1692 3343 1754 vivunt,
3379 1709 3478 1746 nos

1873 1790 2147 1843 superare,
2191 1776 2282 1846 qui
2318 1777 2528 1842 urbem,
2564 1781 2756 1835 tnmnia
2796 1790 2849 1834 ct
2878 1791 3052 1835 turres
3095 1782 3473 1838 lt:tbctnus?Si

1875 1881 2006 1921 vero
2034 1867 2144 1922 hate
2174 1869 2316 1939 apud
2348 1887 2407 1927 sc
2447 1872 2691 1938 dixisset,
2717 1882 2771 1928 et
2798 1873 3030 1942 scipsam
3062 1882 3115 1928 et
3145 1874 3261 1929 illos
3291 1876 3471 1944 perdi-

1871 1956 2038 2012 disset
2071 1976 2085 2012 :
2114 1968 2168 2015 ut
2197 1971 2252 2017 et
2291 1961 2466 2018 fecere
2497 1963 2730 2032 majores
2759 1979 2967 2031 eorum,
2999 1966 3089 2036 qui
3123 1976 3248 2020 tunc
3274 1970 3471 2022 Servati

1871 2061 2013 2105 sunt.
2049 2052 2126 2110 llli
2153 2057 2301 2112 enim
2333 2058 2639 2128 COIISpt?CllS
2684 2058 2812 2112 viris
2852 2059 3061 2129 magnis
3095 2069 3147 2113 et
3195 2061 3470 2129 proceris,

1871 2144 2112 2202 victoria:
2158 2148 2374 2203 modum
2431 2149 2727 2219 quresierc,
2775 2164 2838 2203 ac
2896 2149 3012 2204 sine
3060 2150 3200 2204 bello
3253 2160 3307 2205 ct
3356 2153 3471 2206 acie

1871 2251 2059 2293 omnes
2085 2239 2378 2309 perierunt.
2430 2240 2672 2295 Vidistin‘
2698 2251 2955 2312 quantum
2987 2244 3056 2297 sit
3085 2244 3471 2299 incredulitatis

1874 2329 2206 2397 barathrum,
2238 2340 2291 2386 et
2320 2341 2550 2402 quantus
2590 2333 2712 2388 ﬁdei
2754 2334 2976 2389 murus?
3002 2334 3095 2389 llla
3135 2336 3279 2390 enim
3311 2336 3468 2391 innu-

1871 2438 2017 2478 mera
2050 2423 2214 2478 millia
2241 2424 2640 2494 pessumdcdit;
2677 2424 2792 2480 lucc
2828 2440 2957 2480 vero
2996 2427 3332 2482 meretricem
3362 2444 3468 2483 non

1869 2517 2031 2572 modo
2069 2519 2320 2583 servavit,
2353 2518 2446 2572 sed
2476 2518 2606 2572 tanti
2634 2517 2817 2588 populi
2851 2526 3130 2586 patronam
3157 2517 3354 2574 cll'ccit.

1942 2610 2305 2664 Mandatornm
2358 2612 2454 2666 Dei
2506 2613 2636 2666 ratio
2687 2629 2786 2666 non
2833 2613 3124 2683 quatrendn.
3152 2644 3224 2653 —
3254 2613 3376 2668 lltcc
3409 2623 3468 2668 et

1872 2703 2043 2757 multo
2072 2704 2224 2772 plura
2258 2719 2379 2758 cum
2403 2703 2659 2766 st-ianms,
2693 2719 2722 2757 a
2753 2704 2862 2758 Deo
2911 2704 3172 2759 factorum
3199 2705 3466 2760 rationem

1869 2811 2157 2864 numquam
2191 2795 2496 2865 exigamus,
2541 2796 2634 2850 sed
2662 2795 2920 2866 qttidquid
2955 2796 3288 2865 illcjusscrit
3313 2797 3465 2851 exci-

1868 2886 2076 2955 piamus
2107 2901 2122 2939 :
2154 2901 2258 2940 non
2305 2887 2523 2941 curiose
2567 2886 2904 2955 inquiramns
2945 2887 3028 2940 vel
3095 2887 3461 2955 exploremus.

1863 2977 2076 3030 etiamsi
2103 2975 2152 3029 id
2183 2977 2567 3046 quodjubctur
2615 2976 2914 3031 secundum
2959 2978 3190 3032 humana
3244 2980 3464 3032 ratioci-

1867 3066 1950 3121 nia
1980 3067 2270 3121 absurdum
2302 3068 2562 3122 videatur.
2590 3067 2728 3133 Quid
2755 3069 2921 3135 enim,
2953 3085 3158 3138 quaeso,
3178 3069 3466 3124 absurdius

1864 3159 2128 3224 videatur,
2161 3175 2318 3229 quam
2371 3176 2490 3215 cunt
2524 3170 2673 3230 pater
2723 3163 3056 3232 unigenitum
3109 3163 3274 3219 lilium
3321 3167 3466 3220 occi-

1863 3249 1991 3305 dere
2018 3251 2235 3319 jubctur
2257 3252 2282 3305 ξ’
2304 3255 2552 3307 Attamen
2580 3253 2759 3322 justus
2791 3253 2881 3308 ille
2902 3254 3110 3324 jussus,
3144 3272 3248 3312 non
3285 3260 3464 3313 curio-

1869 3357 1928 3398 sc
1977 3341 2186 3412 jussnm
2234 3343 2556 3412 exploravit,
2611 3344 2704 3398 scd
2739 3345 2809 3398 ob
2859 3345 3096 3412 iubentis
3151 3348 3462 3418 dignitatem

1861 3433 2170 3488 mandatum
2196 3434 2403 3503 accepit
2429 3420 2771 3489 ct'obcdivlt.
2803 3435 2950 3489 Alius
2977 3451 3190 3506 quoque
3214 3439 3397 3508 jussus
3428 3455 3459 3491 a

1864 3525 1973 3579 Deo
2006 3525 2322 3594 prephetant
2356 3535 2655 3595 percutere,
2687 3526 2810 3595 quia
2839 3541 2951 3580 rem
3003 3527 3292 3583 absurdam
3327 3546 3450 3585 esse

1864 3625 2057 3686 putans
2083 3657 2097 3680 ,
2142 3617 2357 3671 curiose
2416 3617 2757 3685 perquisivit,
2798 3632 2897 3671 nec
2940 3617 3261 3688 simpliciter
3304 3620 3463 3676 obse-

1859 3719 2061 3778 qtttttus
2089 3718 2194 3775 est,
2220 3719 2490 3763 extremas
2512 3708 2661 3763 dedit
2701 3723 2888 3779 poenas
2914 3711 2935 3782 (
2958 3711 3010 3765 5.
3042 3709 3170 3781 Reg.
3197 3711 3285 3767 20.
3319 3713 3411 3779 55)
3439 3730 3452 3776 ;

1861 3801 1950 3869 qui
1981 3816 2109 3856 vero
2137 3800 2426 3870 percussit,
2455 3808 2712 3870 acceptus
2743 3800 2862 3856 fuit.
2895 3801 2961 3856 Et
2979 3801 3108 3857 Saftl
3137 3803 3225 3872 qui
3260 3813 3460 3872 praeter

1861 3891 1956 3946 Dei
1989 3891 2248 3960 placitum
2285 3891 2532 3946 homines
2581 3892 2853 3958 servavit,
2887 3908 2915 3946 a
2960 3908 3126 3964 regno
3154 3894 3371 3961 excidit,
3405 3906 3462 3950 et

1859 3982 2221 4036 intolerabilia
2274 3996 2464 4052 passus
2507 3991 2609 4038 est.
2664 3982 2832 4038 Multo
2864 3985 3013 4054 plura
3065 3987 3305 4056 exempla
3340 3989 3459 4056 quis

1859 4072 2101 4127 invenire
2134 4073 2568 4144 possitzquibus
2615 4073 2866 4129 omnibus
2915 4074 3193 4139 docemur,
3235 4077 3458 4130 manda.

1858 4173 2034 4220 torum
2061 4165 2154 4221 Dei
2188 4181 2477 4235 numquam
2509 4167 2774 4221 rationem
2804 4180 2924 4221 esse
2955 4168 3322 4238 qurercndant,
3355 4170 3450 4223 sed

1856 4258 2160 4314 cedendum
2184 4267 2240 4313 et
2270 4257 2675 4328 obsequendum
2702 4271 2844 4314 esse.
2874 4242 2928 4313 Si
2974 4269 3152 4315 autem
3208 4261 3294 4314 illa
3337 4277 3455 4330 qua:

1856 4349 2100 4421 prmcipit
2147 4351 2406 4417 scrutari,
2459 4351 2820 4420 periculosum
2878 4359 2996 4417 est,
3044 4360 3098 4406 ct
3151 4362 3451 4408 extremum

1854 4443 2173 4513 supplicium
2204 4442 2566 4498 scrutantibus
2591 4453 2673 4498 eat
2700 4442 3011 4514 deputatum
3048 4461 3062 4500 :
3090 4446 3178 4515 qui
3203 4460 3262 4499 ea
3289 4487 3300 4508 ,
3334 4463 3453 4515 quae

1855 4545 1979 4590 sunt
2025 4535 2128 4590 illis
2156 4536 2315 4605 longe
2344 4536 2635 4590 secretiora
2664 4545 2718 4588 et
2751 4534 3092 4590 horribiliora
3125 4546 3455 4601 scrutantur,

1856 4643 2051 4697 nempe
2095 4625 2367 4698 quomodo
2420 4628 2609 4696 genuit
2637 4625 2852 4693 Filium,
2903 4635 2958 4681 et
2983 4643 3084 4696 qua
3143 4628 3371 4694 ratione,
3405 4640 3458 4683 et

1854 4735 2102 4790 qnmnatn
2128 4721 2197 4773 sit
2229 4717 2546 4780 substantia,
2566 4734 2724 4788 quam
2756 4709 3126 4774 defensionem
3148 4717 3458 4774 habebunt?

1857 4812 1980 4866 llaec
2010 4827 2130 4866 cum
2154 4812 2409 4875 sciamus,
2441 4809 2597 4863 fidem
2653 4809 2912 4864 bonorum
2953 4811 3192 4864 omnium
3226 4821 3451 4864 matrem

1853 4917 1974 4958 cum
2023 4903 2166 4956 omni
2246 4900 2622 4956 benevolentia
2672 4901 3051 4969 suscipiamus,
3097 4912 3154 4955 ut
3200 4902 3353 4971 quasi
3399 4903 3449 4956 in

1856 4994 2147 5063 tranquillo
2197 5001 2353 5063 porttt
2406 4991 2743 5060 navigantes,
2796 5001 2940 5046 recta
2984 4993 3232 5062 dogmata
3266 5007 3452 5046 serve-

1855 5104 1994 5150 mus,
2026 5097 2079 5141 et
2128 5086 2289 5139 vitam
2339 5093 2574 5137 nostram
2631 5097 2752 5136 cum
2804 5083 3094 5137 securitate
3125 5084 3443 5153 dirigentes,

1854 5189 2053 5232 aeterna
2109 5191 2504 5246 consequamur
2578 5174 2748 5237 bona,
2803 5174 2970 5243 gratia
3020 5181 3074 5227 et
3131 5174 3455 5244 benignitate

1859 5271 2068 5326 Domini
2095 5270 2263 5322 nostri
2294 5267 2421 5322 Jesu
2448 5266 2670 5328 Christi,
2724 5267 2940 5335 quicum
2963 5265 3103 5319 Patri
3127 5267 3314 5336 gloria,
3349 5266 3451 5319 im.

1857 5363 2086 5432 perium,
2122 5361 2294 5414 honor
2319 5368 2374 5413 et
2399 5357 2645 5412 adoratio
2691 5371 2794 5411 una
2821 5370 2944 5412 cmn
2991 5366 3179 5412 sancto
3211 5354 3437 5428 Spiritu,

1857 5459 1908 5512 in
1940 5455 2132 5511 smcula
2161 5453 2501 5509 saeculorum.
2536 5451 2732 5506 Amen.

1797 5765 1871 5773 --.ο
1895 5761 1993 5770 -..μ’

3040 5946 3122 6010 26
