4056 6496
567 452 663 507 Ml

1311 437 1674 510 simultis
1708 420 2183 495 cnnrsos'rout
2226 430 2547 488 tuentur.
2578 429 3113 487 CONSTANTINDP.

576 549 3294 587 _.______,____,___________________._____———————————-—————,.

1940 637 2287 703 HOMILIA
2332 635 2440 695 Ill.

576 785 699 841 lin.
735 784 786 839 Ι.
814 798 866 837 v.
902 780 992 839 l8.
1027 777 1295 836 Revela!»
1339 774 1471 829 enim
1516 772 1596 826 ira
1627 769 1719 825 Dei
1745 768 1808 822 de
1844 766 1968 819 toto
2011 777 2164 831 super
2216 754 2228 767 ⁴

644 893 841 931 omnem
869 875 1176 945 impietatem
1204 881 1252 924 et
1272 867 1577 938 injustitiam
1601 862 1884 927 hominum,
1907 858 1989 929 qui
2034 856 2162 909 ueri-

624 980 800 1025 tatem
825 970 876 1022 in
900 957 1150 1040 injustitia
1171 964 1418 1017 detinent.

648 1064 702 1116 l.
738 1059 869 1114 Vide
898 1056 1045 1112 Pauli
1076 1052 1415 1125 pntdentiam
1442 1091 1457 1115 ,
1500 1046 1773 1121 quomodo
1800 1059 1829 1100 ι
1860 1040 2163 1097 mitioribus

579 1154 865 1221 hortatus,
922 1148 987 1203 ad
1036 1146 1356 1201 terribiliora
1404 1156 1709 1198 sermonem
1771 1144 1969 1193 vertat.
2029 1133 2162 1188 Cum

582 1243 805 1299 dixisset
856 1241 999 1294 enim
1064 1236 1402 1306 evangelium
1451 1234 1641 1288 salutis
1684 1240 1739 1285 et
1779 1230 1898 1282 vine
1950 1240 2164 1281 eausmt

586 1350 708 1390 esse
728 1351 742 1400 ;
765 1334 1007 1402 itemque
1037 1329 1129 1385 Dei
1163 1328 1455 1400 potentiam
1475 1335 1528 1381 et
1548 1325 1773 1380 salutem
1798 1319 2167 1390 justitiamque

583 1432 856 1493 operatam
880 1436 1021 1486 esse,
1047 1421 1157 1489 jam
1185 1419 1315 1474 dit-it
1353 1434 1437 1483 ea,
1486 1432 1605 1487 qua:
1632 1430 1735 1468 non
1767 1410 2170 1467 attendculihus

585 1526 847 1570 terrorem
882 1515 1125 1568 incutere
1155 1511 1380 1580 possint.
1406 1508 1537 1574 Quia
1560 1507 1701 1561 enim
1724 1504 1900 1558 Solent
1931 1500 2172 1573 plerique

585 1608 862 1662 hominum
933 1620 1037 1659 non
1086 1615 1189 1658 tam
1240 1599 1596 1673 promissione
1658 1597 1955 1661 bonorum,
2015 1607 2175 1662 quam

586 1703 816 1755 tristium
842 1686 1038 1753 timore
1065 1698 1130 1752 ad
1156 1697 1409 1752 virtutem
1441 1692 1677 1765 pertrahi
1703 1710 1716 1754 ;
1754 1693 2002 1761 utrinque
2027 1690 2174 1758 ipsos

586 1794 767 1846 allicit.
806 1792 1011 1846 Idcirco
1032 1790 1170 1845 Dens
1199 1806 1304 1844 non
1338 1787 1498 1843 modo
1527 1801 1747 1857 regnum
1781 1783 2045 1854 promisit,
2080 1780 2173 1835 sed

591 1885 751 1938 etiam
798 1882 1097 1953 gehennam
1140 1881 1498 1936 comminatus
1540 1888 1738 1933 estzet
1770 1875 2041 1947 propheta:
2083 1873 2177 1928 Ju-

592 1978 724 2031 dreis
756 1979 825 2030 ita
853 1978 1161 2047 loquuntur,
1184 1975 1320 2029 mala
1340 1973 1495 2028 bonis
1514 1981 1771 2043 perpetuo
1798 1969 2177 2024 admiscentes.

594 2068 824 2137 Ideoque
848 2067 1043 2121 Paulus
1070 2066 1146 2120 sic
1172 2079 1479 2119 sermonem
1513 2063 1701 2128 variat,
1732 2076 1837 2115 non
1868 2069 2176 2129 utcumque,

592 2158 684 2213 sed
717 2159 863 2211 mi'ia
892 2158 1141 2227 primum,
1178 2154 1482 2225 deindeque
1507 2154 1676 2208 tristia
1709 2151 1967 2217 adhibet;
1996 2162 2181 2205 osten-

595 2250 752 2314 dens,
793 2251 880 2303 illa
905 2249 1117 2319 quidem
1157 2264 1221 2303 ex
1271 2248 1461 2316 praevia
1509 2246 1601 2300 Dei
1632 2246 1899 2300 sententia
1927 2258 2144 2298 manare
2168 2283 2182 2308 ,

598 2344 712 2396 hzrc
736 2358 861 2397 vere
892 2357 954 2396 ex
986 2340 1375 2411 negligentiam
1420 2339 1675 2408 nequitia.
1707 2338 1796 2394 Sic
1829 2346 1882 2393 et
1911 2337 2184 2407 prOpheta

603 2435 775 2504 primo
807 2434 942 2487 ‘tona
973 2432 1196 2503 profert,
1222 2432 1407 2485 dicens
1433 2450 1447 2485 :
1483 2430 1543 2486 Si
1569 2430 1826 2483 volueritis
1848 2440 1896 2482 et
1922 2428 2187 2481 audieritis

599 2542 698 2589 me,
730 2527 865 2581 bona
906 2535 1052 2581 terra:
1075 2525 1342 2579 comedetis
1367 2539 1385 2587 ,°
1415 2524 1458 2577 si
1483 2522 1766 2587 nolueritis,
1792 2536 1882 2574 nec
1926 2519 2188 2593 audieritis

601 2634 698 2681 me,
724 2618 929 2688 gladius
950 2634 1034 2670 vos
1067 2616 1294 2669 absumet
1335 2614 1488 2683 (lsai.
1524 2615 1578 2673 l.
1608 2612 1695 2669 l9.
1727 2611 1841 2683 20).
1870 2611 1942 2665 lta
1977 2620 2029 2665 et
2056 2611 2189 2665 Pauo

604 2710 686 2761 lus
712 2709 799 2761 hic
843 2722 1149 2762 sermonem
1194 2704 1447 2776 profert:
1498 2704 1655 2759 Venit
1696 2702 1962 2767 Christus,
2000 2702 2187 2772 inquit,

614 2799 990 2853 remissionem
1023 2799 1224 2858 ferens.
1248 2798 1531 2867 juStitiam,
1562 2796 1723 2850 vitam
1756 2812 1770 2847 :
1801 2809 1902 2851 nec
1931 2795 2190 2864 simplici-

610 2903 709 2957 tcr,
742 2893 837 2947 sed
888 2908 981 2962 per
1010 2902 1226 2947 erucem
1270 2891 1462 2955 allert;
1520 2891 1771 2961 quodque
1818 2889 2110 2945 maximum
2142 2896 2195 2943 ct

611 2984 986 3039 admirandum
1020 2992 1122 3051 est,
1168 3000 1275 3039 non
1304 2984 1446 3055 quod
1481 2984 1602 3037 talia
1644 2983 1867 3053 largitus
1898 2984 1968 3037 sit
1993 2983 2191 3048 solum,

611 3076 704 3130 sed
734 3075 875 3145 quod
901 3075 1023 3131 talia
1053 3090 1242 3146 passus
1268 3077 1357 3130 sit.
1389 3075 1443 3131 Si
1497 3075 1657 3146 igitur
1688 3076 1800 3146 ipsa
1833 3074 1971 3128 dona
2004 3083 2195 3129 contu-

614 3168 768 3221 mclia
794 3166 1102 3233 all'eceritis,
1133 3176 1259 3221 tunc
1300 3167 1470 3221 tristia
1500 3182 1596 3221 vos
1642 3166 1956 3220 manebunt.
1990 3165 2058 3219 Et
2080 3165 2200 3219 vide

615 3259 882 3328 quomodo
912 3272 1216 3314 sermonem
1244 3259 1501 3316 extollat:
1536 3258 1806 3312 Revelatur
1826 3258 1981 3321 enim,
2009 3258 2198 3327 inquit,

615 3352 693 3404 ira
717 3350 812 3404 Dei
842 3352 904 3406 tle
930 3352 1077 3405 cwlo.
1122 3349 1401 3406 Undcnam
1431 3350 1530 3404 hoc
1573 3349 1783 3419 liquet?
1814 3350 1869 3403 Si
1904 3349 2075 3403 ﬁdelis
2103 3349 2203 3402 huc

621 3446 841 3509 dixerit,
876 3444 1072 3500 Christi
1101 3446 1393 3500 sententias
1440 3445 1812 3513 proferemus;
1862 3442 1907 3497 si
1931 3457 2058 3497 vero
2086 3441 2205 3495 inli-

619 3538 775 3599 delis,
808 3554 836 3591 a
870 3538 1219 3607 sequentibus
1262 3537 1339 3590 illi
1366 3537 1561 3591 Paulus
1611 3552 1671 3589 os
1704 3538 1970 3601 obstruit,
2024 3536 2108 3589 ubi
2138 3535 2205 3590 de

628 3629 827 3697 judicio
861 3629 955 3683 Dei
988 3629 1165 3699 agitur
1188 3671 1203 3696 ,
1237 3644 1302 3683 ex
1344 3630 1514 3699 gestis
1569 3629 1805 3697 ipsorum
1845 3629 2207 3699 insuperabile

619 3731 988 3791 argumentum
1018 3722 1069 3775 in
1103 3718 1336 3775 medium
1368 3720 1681 3776 adducens:
1719 3721 1768 3775 id
1798 3721 1938 3791 quod
1974 3722 2205 3775 maxime

621 3812 941 3879 stupendum
971 3820 1089 3877 est;
1128 3828 1250 3867 eum
1282 3826 1407 3879 eos,
1435 3813 1524 3883 qui
1568 3809 1775 3865 veritati
1821 3811 2206 3875 adversantur,

625 3921 687 3958 ex
720 3905 803 3970 iis,
832 3919 949 3974 qua:
990 3904 1231 3973 quotidie
1264 3904 1450 3959 dicunt
1478 3915 1530 3959 et
1554 3905 1770 3969 laenmt,
1805 3904 2046 3957 veritatis
2076 3904 2208 3973 dog-

630 4006 770 4049 mata
820 3995 1049 4065 probare
1096 3994 1567 4050 deelarat.Verum
1602 3996 1719 4050 luce
1748 3996 2208 4065 insequentibus;

628 4088 845 4141 interim
881 4090 1210 4158 propositam
1255 4103 1368 4143 rem
1404 4096 1713 4143 tractemus.
1768 4084 2044 4142 Rerelatur
2082 4089 2213 4142 enim

625 4182 703 4233 ira
744 4178 834 4233 Dei
865 4180 925 4231 de
950 4181 1094 4234 uelo.
1139 4180 1299 4250 Atqui
1344 4180 1395 4234 in
1423 4178 1523 4234 hac
1555 4180 1657 4233 vita
1693 4180 1741 4233 id
1775 4194 1917 4249 saepe
1939 4180 2132 4233 accidit
2161 4181 2211 4233 in

628 4272 767 4327 fume
793 4283 843 4328 et
878 4285 1027 4344 peste
1073 4285 1126 4329 et
1157 4274 1354 4330 bellis:
1389 4290 1511 4329 nam
1556 4275 1803 4343 privatim
1837 4275 2031 4343 singuli
2078 4286 2132 4330 et
2163 4278 2213 4330 in

626 4368 903 4422 communi
953 4382 1142 4422 omnes
1186 4369 1497 4437 puniuntur.
1550 4368 1685 4435 Quid
1725 4369 1887 4437 igitur
1919 4380 2044 4423 tunc
2094 4371 2215 4423 novi

630 4460 766 4514 erit?
815 4460 967 4528 Quod
1026 4459 1200 4529 majus
1268 4458 1506 4515 lutnrunt
1548 4459 1618 4513 sit
1673 4460 2024 4530 supplicium,
2077 4462 2217 4532 quod

629 4566 914 4606 commune
966 4560 1020 4606 (ξι
1072 4567 1175 4606 11οη
1231 4552 1540 4607 earumdem
1599 4568 1776 4607 rerum
1835 4570 2031 4609 causa:
2080 4572 2219 4609 lllllIC

628 4646 775 4699 enim
845 4644 913 4697 ad
982 4644 1415 4699 emendationem
1470 4645 1584 4700 hinc
1630 4648 1796 4708 littut,
1855 4657 1979 4701 tunc
2042 4658 2217 4703 autem

630 4737 698 4791 ad
752 4737 1007 4793 ultionem
1053 4756 1064 4789 :
1108 4738 1249 4809 quod
1324 4738 1635 4808 signiﬁcans
1712 4740 1908 4794 Paulus
1953 4741 2161 4795 diccbat
2204 4762 2218 4797 ε

634 4826 951 4897 Corripintur
1024 4846 1193 4893 nunc,
1238 4838 1294 4883 ut
1355 4847 1455 4883 non
1507 4847 1619 4883 eum
1685 4831 1871 4883 "tundo
1922 4830 2222 4885 dmnncmnr

634 4918 881 4987 (l.(.'or.
950 4921 1037 4973 ll.
1099 4920 1215 4988 59.).
1272 4921 1334 4974 Et
1394 4937 1536 4977 nunc
1578 4922 1791 4991 quidem
1848 4939 1951 4976 non
2010 4940 2074 4977 ex
2127 4939 2218 4978 su-

639 5025 808 5078 perna
867 5010 977 5075 ira,
1011 5011 1102 5065 sed
1144 5011 1211 5065 ab
1254 5012 1527 5066 hominum
1571 5014 1757 5082 injuria
1790 5014 1905 5069 luce
1957 5032 1987 5069 a
2042 5017 2223 5070 multis

638 5101 886 5156 accidere
947 5111 1241 5172 putantur:
1282 5112 1406 5157 tunc
1465 5119 1595 5157 vero
1654 5105 1931 5160 manifesta
1982 5109 2084 5161 erit
2133 5108 2222 5161 Dei

640 5194 797 5257 ultio,
827 5195 1040 5263 quando
1068 5194 1239 5249 Judex
1271 5196 1463 5250 sedens
1498 5198 1547 5251 in
1579 5200 1859 5254 tremendo
1886 5202 2023 5254 solio
2045 5244 2059 5267 ,
2091 5202 2225 5257 alios

640 5289 705 5341 ad
763 5288 1005 5342 caminos
1057 5289 1191 5342 trahi
1237 5288 1476 5357 jubebit,
1523 5293 1658 5347 alios
1714 5292 1778 5345 ad
1832 5294 2084 5349 tenebras
2133 5311 2225 5350 cx-

642 5382 891 5443 teriores,
922 5381 1055 5434 alios
1083 5381 1147 5433 ad
1176 5381 1273 5433 alia
1308 5382 1628 5437 inevitabilia
1658 5396 1710 5440 et
1736 5386 2069 5442 intoleranda
2104 5404 2229 5459 Sup-

643 5473 818 5541 plicia.
855 5475 917 5528 Et
938 5489 1033 5527 cur
1060 5488 1163 5526 non
1184 5474 1259 5527 sic
1289 5485 1470 5543 aperte
1497 5476 1646 5544 dicit,
1673 5480 1863 5534 Filium
1904 5483 1992 5537 Dei
2035 5495 2223 5537 ventu-

646 5582 762 5618 rum
791 5581 907 5620 esse
928 5581 1045 5619 cum
1085 5566 1381 5621 innumeris
1413 5570 1645 5638 angelis.
1680 5581 1732 5623 et
1767 5575 2027 5629 rationem
2062 5593 2089 5630 a
2118 5578 2227 5630 sin.

645 5658 786 5727 gulis
812 5659 1193 5726 repetiturum;
1236 5658 1327 5711 sed
1370 5662 1471 5725 ait,
1513 5659 1781 5715 Rerelatur
1818 5667 1891 5717 ira
1923 5666 2061 5720 Dei?
2091 5669 2227 5722 Neo-

649 5750 993 5821 phytiadhuc
1047 5762 1202 5804 erant
1255 5750 1562 5819 auditores;
1616 5755 1841 5825 ideoque
1884 5759 1949 5811 ah
1990 5760 2072 5823 iis,
2108 5778 2225 5829 qua:

647 5840 867 5897 omnino
886 5839 939 5894 in
960 5841 1209 5897 confesso
1256 5853 1409 5899 erant
1449 5845 1589 5915 apud
1638 5862 1770 5909 eos.
1817 5849 2041 5917 primum
2084 5854 2225 5921 ipsos

2270 757 2452 812 allicit.
2486 757 2754 814 Prmterea
2798 776 2927 816 vero
2964 762 3196 832 gentiles
3232 763 3433 833 alloqui
3458 762 3594 818 mihi
3629 761 3869 820 videtur:

2274 848 2497 920 ideoque
2522 850 2644 905 hinc
2667 852 2896 917 orditur,
2932 862 3115 922 postea
3152 865 3331 910 autent
3360 854 3649 924 dejndicio
3673 853 3874 907 CbriSti

2264 960 2567 1000 sermonem
2598 946 2820 1001 inducit.
2860 945 3029 1013 Super
3053 964 3247 1001 onmem
3291 949 3603 1017 impietatem
3647 957 3695 1001 et
3739 948 3871 1015 inju-

2267 1038 2457 1091 stitinm
2484 1038 2766 1104 hominum,
2790 1039 2875 1108 qni
2899 1038 3156 1092 veritatem
3178 1039 3227 1090 in
3261 1039 3514 1107 injustitia
3546 1040 3803 1091 detinent.

2341 1127 2502 1184 Error
2547 1132 2751 1195 varius,
2799 1132 2983 1185 veritas
3021 1146 3144 1185 una.
3169 1161 3238 1169 —
3264 1130 3357 1183 llic
3396 1131 3638 1185 ostendit
3682 1129 3880 1183 mullus

2269 1237 2391 1277 esse
2423 1222 2711 1293 impietatis
2737 1226 2851 1278 vias
2872 1268 2887 1289 ,
2911 1225 3159 1279 veritatis
3196 1236 3372 1278 autem
3436 1240 3623 1277 unam.
3663 1224 3877 1277 Etenim

2271 1316 2440 1381 varia,
2467 1316 2817 1371 multiformis
2844 1327 2894 1371 et
2943 1317 3163 1371 confusa
3207 1334 3291 1370 res
3320 1328 3400 1370 ρμι
3432 1332 3587 1369 error
3617 1333 3631 1379 ;
3676 1320 3880 1369 veritas

2273 1419 2452 1463 autem
2485 1425 2607 1464 una.
2641 1410 2931 1480 Postquam
2979 1427 3106 1465 vero
3134 1411 3201 1465 de
3238 1412 3579 1481 dogmatibus
3610 1411 3781 1470 dixit.
3817 1410 3881 1463 de

2274 1503 2379 1556 vita
2412 1503 2672 1574 loquitur.
2704 1501 3023 1573 injustitiatn
3067 1503 3345 1558 hominum
3385 1519 3721 1558 memorans.
3758 1502 3884 1557 Ete-

2276 1597 2386 1650 ttiut
2420 1596 2698 1665 injuStitim
2724 1599 2883 1651 varize
2922 1607 3047 1651 sunt
3080 1615 3093 1651 :
3124 1608 3177 1652 et
3210 1598 3310 1650 alia
3351 1597 3570 1667 quidem
3599 1597 3748 1650 circa
3790 1613 3879 1665 pc-

2277 1690 2460 1743 cunias
2492 1699 2594 1753 est,
2624 1699 2678 1743 ut
2711 1706 2827 1744 cum
2860 1690 2979 1759 quis
3015 1690 3065 1743 in
3107 1690 3171 1743 iis
3199 1691 3502 1760 proximum
3552 1688 3745 1754 la-dit;
3783 1690 3881 1741 alia

2278 1783 2530 1837 mulieres
2562 1791 2787 1851 spectat,
2824 1792 2880 1836 ut
2909 1782 3124 1851 quando
3150 1784 3271 1853 quis
3294 1782 3481 1837 relicta
3514 1798 3581 1834 nx
3662 1798 3712 1844 ρ,
3748 1782 3883 1835 alte-

2279 1873 2391 1928 rius
2415 1874 2627 1942 nuptias
2654 1873 2877 1927 dirimit.
2938 1873 3050 1928 lloc
3097 1884 3243 1929 certe
3273 1872 3513 1927 fraudem
3555 1886 3715 1927 vocat
3748 1874 3886 1927 Pan-

2280 1967 2387 2029 lus,
2415 1966 2601 2021 dicens
2630 1986 2641 2020 :
2678 1966 2761 2021 Nc
2805 1967 2915 2036 quis
2952 1968 3217 2038 opprimat
3265 1968 3343 2021 vel
3366 1967 3571 2037 fraude!
3602 1967 3655 2020 in
3685 1969 3889 2038 negatio

2284 2061 2493 2130 fratrem
2524 2060 2600 2132 (l.
2647 2059 2821 2114 Thess.
2854 2061 2907 2114 4.
2937 2060 3015 2131 6).
3051 2060 3151 2113 Alii
3179 2074 3391 2114 rursum
3422 2076 3526 2114 non
3552 2076 3781 2115 uxorem
3810 2062 3887 2114 vel

2282 2153 2587 2223 pecuniam,
2621 2152 2715 2207 sed
2740 2152 2966 2223 gloriam
3017 2152 3246 2222 proximi
3289 2151 3624 2208 labefactant
3653 2168 3668 2205 :
3700 2164 3756 2207 et
3792 2153 3890 2207 hoc

2286 2244 2544 2312 injustitia
2573 2252 2674 2298 est.
2712 2243 2846 2298 Nam
2875 2242 3065 2297 Melius
3112 2253 3183 2298 est
3229 2261 3412 2299 nomen
3478 2245 3691 2307 bonum,
3738 2262 3892 2312 qitam

2288 2336 2476 2388 dieitite
2503 2336 2673 2389 multa?
2705 2334 2889 2405 (l’ror.
2916 2335 3009 2388 9.9..
3042 2335 3118 2405 l.)
3162 2335 3391 2403 Quidam
3423 2351 3552 2389 vero
3583 2334 3776 2390 dicunt
3795 2335 3896 2389 itoe

2287 2443 2499 2496 quoque
2545 2427 2612 2481 de
2659 2426 2999 2495 dogmatibus
3044 2443 3073 2481 a
3126 2428 3293 2482 Paulo
3332 2426 3594 2495 intelligi:
3634 2436 3896 2481 ceterum

2288 2517 2418 2572 nihil
2452 2528 2596 2572 vetat
2627 2518 2692 2572 de
2722 2527 2949 2589 utroque
2976 2520 3175 2573 dictum
3204 2518 3393 2574 fuisse.
3424 2519 3563 2585 Quid
3593 2528 3779 2573 autem
3806 2520 3894 2583 sit,

2303 2610 2574 2664 Veritatem
2602 2614 2652 2665 in
2677 2612 2929 2683 injustitia
2953 2612 3199 2677 detinent,
3240 2626 3305 2666 ex
3334 2612 3692 2681 sequentibus
3718 2613 3894 2665 disce.

2297 2705 2383 2760 19.
2413 2706 2545 2773 Quia
2566 2707 2700 2772 quod
2727 2719 2905 2760 nolunt
2954 2717 3025 2759 est
3048 2704 3164 2771 Dei,
3209 2708 3538 2777 manifestum
3577 2708 3726 2758 estin
3751 2705 3857 2758 illis
3884 2721 3900 2756 .'

2295 2795 2435 2851 Dens
2465 2800 2595 2852 enim
2626 2798 2731 2853 illis
2759 2799 3121 2869 manifestavit.
3164 2798 3269 2854 Sed
3303 2799 3441 2853 hanc
3488 2798 3720 2867 gloriam
3742 2798 3902 2868 lignis

2296 2890 2656 2945 attribuerunt
2681 2901 2729 2945 et
2765 2891 3051 2961 lapidibus.

2365 2982 2421 3037 2.
2455 2982 2659 3047 Natura
2688 2984 2799 3053 ipsa
2820 2985 3062 3054 prtedicat
3089 2983 3399 3038 Creatorem.
3432 3013 3503 3023 —
3528 2982 3905 3051 Quemadmo-

2299 3075 2423 3130 dum
2450 3076 2610 3146 igitur
2640 3076 2705 3142 is,
2737 3077 2821 3131 cui
2854 3077 3010 3148 regizc
3044 3078 3285 3148 pecuniae
3316 3077 3535 3133 credita:
3586 3086 3737 3144 sunt,
3776 3080 3903 3147 jus-

2303 3182 2393 3223 sus
2419 3168 2536 3221 illas
2566 3169 2618 3221 in
2642 3169 2784 3238 regis
2834 3169 3059 3237 gloriam
3113 3169 3448 3239 impendere.
3476 3169 3520 3224 si
3551 3170 3601 3223 in
3633 3168 3781 3225 fures
3806 3210 3823 3233 ,
3852 3170 3906 3223 in

2304 3272 2478 3318 scorta
2505 3271 2559 3316 et
2586 3264 2635 3316 in
2667 3263 3085 3333 prﬂ‘Sllgittlttl'CS
3109 3263 3227 3317 illas
3256 3263 3598 3333 impenderit,
3618 3278 3795 3333 exque
3820 3280 3910 3317 ro—

2303 3358 2403 3426 giis
2434 3357 2624 3425 opibus
2650 3356 2963 3426 Splendidos
2992 3356 3113 3411 illos
3133 3354 3448 3417 reddiderit,
3486 3366 3760 3424 tamquam
3816 3357 3909 3425 qui

2308 3447 2539 3500 niaxime
2580 3462 2757 3516 regem
2788 3446 3093 3509 ollenderit,
3137 3460 3326 3516 manus
3355 3445 3445 3498 dat
3469 3462 3481 3475 ι
3516 3446 3585 3498 ita
3616 3455 3669 3499 et
3702 3445 3753 3497 hi
3785 3456 3908 3497 cum

2309 3540 2550 3595 notitiam
2610 3540 2698 3593 Dei
2748 3538 3010 3608 etgloria:
3034 3538 3150 3609 ejus
3181 3538 3555 3607 accepissent,
3602 3536 3915 3605 deindequc

2312 3630 2469 3683 idolis
2490 3630 2631 3682 illum
2661 3630 3053 3696 attribuissent,
3090 3631 3370 3685 veritatem
3399 3629 3450 3684 in
3476 3629 3739 3700 injustitia
3776 3630 3917 3683 deti-

2311 3732 2565 3783 nucrunt,
2597 3731 2668 3781 et,
2700 3733 2960 3792 quantum
2994 3722 3047 3777 in
3080 3723 3210 3793 ipsis
3262 3732 3399 3789 erat,
3434 3721 3803 3793 cognitionem
3834 3722 3915 3775 in-

2306 3814 2445 3883 juria
2472 3814 2767 3870 all'eecrunt
2793 3857 2807 3877 .
2841 3831 2946 3869 non
2978 3824 3033 3869 ut
3062 3831 3157 3885 par
3192 3825 3308 3871 crat
3338 3817 3424 3869 illa
3448 3826 3683 3870 utentes.
3717 3818 3799 3871 An
3831 3832 3917 3869 vo-

2314 3907 2395 3961 bis
2426 3906 2629 3960 elarnm
2652 3916 2733 3961 est
2763 3906 2811 3961 id
2836 3948 2852 3974 ,
2882 3906 3026 3977 quod
3049 3908 3247 3962 dictum
3276 3906 3394 3973 fuit,
3417 3923 3484 3961 an
3513 3909 3712 3962 clarius
3738 3908 3918 3963 denuo

2316 3999 2693 4067 esplieandum
2744 3999 2878 4054 est?
2932 3998 3095 4054 Forte
3140 4000 3503 4066 necessarium
3561 3999 3727 4054 fuerit
3776 4002 3918 4055 ultra

2317 4092 2591 4161 progredi.
2626 4092 2760 4159 Quid
2792 4106 2922 4162 ergo
2952 4102 3035 4146 est
3068 4092 3219 4157 illud,
3250 4092 3393 4161 quod
3415 4091 3614 4147 dicitur
3642 4091 3666 4143 ?
3716 4090 3921 4162 Cogni-

2318 4185 2517 4237 tionem
2562 4185 2643 4237 sui
2689 4185 2828 4238 Deus
2870 4183 3181 4238 hominibus
3205 4199 3231 4237 a
3255 4184 3519 4255 principio
3552 4183 3747 4238 indidit
3776 4201 3790 4246 ;
3826 4185 3919 4237 sed

2320 4277 2462 4330 illam
2485 4276 2843 4346 Cognitionem
2888 4275 3119 4347 gentiles
3170 4275 3329 4345 lignis
3358 4284 3413 4329 et
3443 4274 3716 4344 lapidibus
3769 4278 3925 4330 attri-

2322 4368 2547 4423 bucntes
2574 4408 2588 4431 ,
2640 4368 2953 4430 veritatem,
3009 4376 3270 4436 quantum
3314 4366 3365 4419 in
3396 4364 3525 4435 ipsis
3577 4365 3693 4433 fuit,
3727 4367 3921 4435 injuria

2323 4460 2655 4514 affecerunt:
2710 4458 2798 4512 illa
2828 4459 2972 4513 enim
3015 4457 3365 4512 immutabilis
3416 4466 3633 4521 manet,
3694 4459 3922 4526 gloriam

2322 4567 2471 4604 sum)
2507 4550 2709 4603 habens
2733 4549 3030 4603 immotam.
3057 4550 3122 4604 Et
3150 4549 3290 4603 unde
3314 4558 3497 4603 notum
3523 4558 3626 4613 est,
3657 4564 3690 4601 o
3714 4550 3881 4604 l‘anle
3908 4592 3923 4615 ,

2324 4643 2463 4712 quod
2498 4643 2635 4696 Deus
2658 4642 2789 4714 ipsis
2815 4643 3177 4713 cognitionem
3209 4640 3500 4695 indiderit?
3532 4641 3692 4708 Quia,
3722 4642 3921 4713 inquit,

2323 4736 2456 4806 quod
2504 4746 2678 4789 nolunt
2707 4746 2781 4790 est
2810 4736 2927 4805 ejus
2949 4776 2964 4801 ,
3012 4734 3340 4807 manifestum
3366 4742 3439 4786 est
3466 4734 3517 4787 in
3546 4734 3673 4787 illis.
3724 4737 3794 4789 At
3827 4737 3925 4789 hoc

2324 4830 2587 4885 sententia
2620 4839 2723 4895 est,
2773 4844 2879 4883 non
2917 4827 3329 4891 demonstratio;
3366 4837 3418 4880 tu
3448 4842 3576 4880 vero
3604 4827 3736 4881 ntihi
3762 4830 3923 4895 proba

2327 4935 2380 4980 et
2409 4923 2654 4988 ostende,
2680 4923 3042 4993 cognitionem
3071 4921 3163 4975 Dei
3210 4920 3547 4975 manifestam
3576 4921 3741 4975 fuisse
3772 4923 3876 4975 illis
3909 4964 3923 4989 ,

2328 5018 2420 5072 sed
2452 5026 2643 5087 sponte
2674 5017 2796 5071 illos
2816 5015 3255 5087 pra'termisisse.
3288 5012 3442 5069 Unde
3469 5028 3601 5083 ergo
3643 5016 3918 5069 manifesti

2329 5111 2483 5163 erat?
2511 5124 2771 5163 vocemne
2798 5108 2902 5163 illis
2932 5108 3109 5163 emisit
3136 5107 3158 5161 ?
3190 5106 3408 5161 Minime
3440 5123 3454 5161 :
3504 5120 3692 5160 verum
3727 5106 3777 5161 id
3802 5108 3922 5162 οπο.

2331 5204 2425 5270 cit,
2460 5204 2600 5273 quod
2635 5202 2803 5272 magis
2836 5201 2955 5255 illos
2994 5217 3153 5272 quam
3199 5217 3301 5255 vox
3354 5198 3609 5271 qna'libet
3655 5202 3923 5256 attrahere

2333 5305 2577 5365 potet-at:
2608 5302 2844 5349 creatum
2875 5296 3058 5349 orbem
3088 5296 3138 5348 in
3166 5295 3343 5349 medio
3387 5294 3562 5362 posuit
3589 5310 3601 5346 :
3636 5294 3706 5348 ita
3740 5306 3797 5348 ut
3837 5312 3920 5350 sa—

2334 5392 2503 5461 piens,
2536 5390 2721 5453 idiota,
2751 5387 2947 5459 Scytha
2975 5431 2988 5456 ,
3019 5389 3281 5442 barbarus
3306 5404 3369 5442 ex
3402 5388 3519 5440 solo
3566 5390 3685 5442 visu
3738 5389 3918 5443 visibi-

2334 5486 2461 5539 liutu
2494 5473 2945 5552 pulchritudinem
2975 5484 3229 5546 edoctus,
3262 5481 3326 5533 ad
3362 5482 3524 5535 Deum
3558 5485 3919 5537 conscendere

2334 5586 2537 5646 pussel.
2564 5574 2689 5630 Ideo
2712 5575 2786 5629 ait
2820 5594 2833 5629 :
2878 5575 2969 5629 20.
2998 5573 3283 5627 Ineisibilia
3322 5576 3452 5626 enim
3498 5574 3681 5643 ipsius,
3724 5591 3915 5628 ocrea-

2335 5682 2447 5723 tnra
2493 5670 2689 5734 mundi,
2747 5686 2835 5737 per
2867 5685 2925 5721 ea
2955 5682 3068 5736 qua:
3091 5668 3226 5734 {acta
3254 5676 3369 5719 sunt
3398 5667 3651 5719 intellecta
3672 5708 3687 5731 ,
3721 5668 3915 5734 conspi-

2334 5766 2541 5817 ciuntur
2572 5780 2588 5824 ;
2641 5762 2782 5830 quod
2836 5763 2998 5815 etiam
3032 5759 3287 5830 propheta
3322 5760 3451 5813 dicit
3478 5778 3490 5812 :
3519 5758 3644 5813 Caeli
3689 5772 3919 5813 enarrem

2335 5856 2550 5925 gloriam
2584 5852 2676 5907 Dei
2706 5854 2724 5924 (
2762 5851 2906 5905 l’snl.
2944 5852 3025 5906 l8.
3056 5852 3076 5905 l
3113 5850 3153 5923 ).
3189 5848 3325 5915 Quid
3376 5850 3520 5905 enim
3551 5848 3729 5905 dicent
3764 5851 3813 5905 in
3833 5848 3913 5902 illa
