4080 6506
227 484 335 546 ΗΒ

235 596 325 653 die
349 591 577 666 gentiles
605 587 628 644 1
666 583 1035 658 ignoravimus
1059 578 1149 634 te?
1181 575 1331 632 Itane
1365 576 1555 630 caelum
1587 586 1692 627 non
1724 584 1823 624 au-

229 687 385 743 distis
410 699 473 738 ex
501 683 618 737 solo
645 687 870 750 aSpectu
917 688 1107 728 vocem
1139 671 1396 727 emittens
1421 669 1445 723 ?
1493 681 1676 723 rerum
1711 677 1827 716 om.

239 778 390 834 nium
419 771 756 828 harmoniam
787 777 840 822 et
886 773 1206 821 concentum
1232 804 1248 830 ,
1275 760 1475 816 clarius
1499 772 1658 828 quam
1705 753 1830 808 tuba

232 873 559 928 clamantem
590 865 613 919 ?
645 863 817 918 noctis
843 869 899 915 et
928 858 1033 912 diei
1067 858 1232 927 leges,
1267 855 1516 909 immotas
1570 855 1830 920 perpetuo

232 967 520 1016 manentes
549 956 573 1008 'l
603 953 793 1009 hiemis
834 959 887 1004 et
914 949 1060 1003 veris
1086 957 1138 1001 et
1167 947 1394 1000 aliarum
1448 945 1830 1011 tempestatum

238 1049 488 1105 ordinem
541 1046 748 1099 ﬁrmum
772 1049 827 1097 et
856 1037 1179 1094 immotum?
1210 1035 1375 1091 maris
1403 1029 1744 1088 commodum
1778 1026 1830 1080 in

242 1151 320 1196 tot
368 1138 616 1210 procellis
637 1144 692 1191 et
724 1133 1011 1189 (luctibus?
1034 1131 1212 1186 omnia
1233 1122 1282 1183 in
1311 1127 1499 1183 ordine
1527 1122 1828 1188 manentia,

236 1250 300 1289 ac
341 1248 437 1303 per
475 1227 919 1301 pulchritudinem
970 1233 1025 1278 et
1071 1220 1486 1291 magnitudinem
1520 1217 1832 1271 Creatorem

235 1322 584 1398 praedicanda
612 1320 635 1372 ?
669 1319 794 1372 Ilaec
817 1318 1012 1387 quippe
1031 1314 1208 1368 omnia
1231 1353 1246 1375 ,
1283 1321 1337 1365 et
1365 1310 1525 1365 etiam
1571 1307 1655 1361 his
1677 1306 1828 1376 plura

234 1411 560 1482 compendio
586 1409 780 1464 Paulus
828 1405 1000 1459 dixit:
1057 1402 1342 1458 Invisibilia
1387 1400 1522 1454 enim
1564 1398 1726 1469 ipsius
1753 1437 1768 1462 ,
1803 1411 1835 1448 a

234 1515 474 1559 creatura
493 1501 686 1565 mundi,
720 1515 808 1569 per
826 1515 885 1552 ea
912 1513 1024 1566 qua:
1049 1499 1189 1566 facta
1237 1503 1354 1548 sunt
1399 1490 1678 1552 intellecta,
1708 1504 1836 1542 con-

236 1595 521 1665 spiciuntur
539 1609 556 1648 :
573 1592 878 1662 sempiterna
898 1605 1092 1659 quoque
1118 1589 1228 1659 ejus
1251 1587 1473 1657 potentia
1502 1593 1550 1639 et
1575 1583 1835 1649 divinitas,

238 1690 387 1744 itaut
414 1687 512 1741 sint
541 1681 927 1739 inexcusabiles.
959 1681 1071 1735 Etsi
1096 1696 1202 1734 non
1234 1680 1287 1732 in
1311 1693 1433 1733 eum
1463 1675 1624 1731 ﬁnem
1651 1674 1839 1730 fecerit

238 1782 325 1838 illa
361 1783 521 1844 Deus,
549 1777 790 1848 quamvis
821 1775 890 1828 ita
920 1772 1203 1828 acciderit.
1234 1770 1419 1841 Neque
1449 1769 1596 1824 enim
1627 1777 1685 1822 ut
1715 1766 1838 1821 illos

237 1869 588 1926 excusatione
614 1856 869 1937 privaret,
895 1863 1201 1919 doctrinam
1235 1870 1443 1917 tantum
1498 1861 1550 1914 in
1594 1857 1834 1914 medium

236 1961 483 2033 protulit,
509 1958 603 2014 sed
631 1967 685 2012 ut
711 1959 884 2028 ipsum
916 1963 1307 2026 cognoscerent
1341 1971 1354 2007 :
1406 1953 1601 2023 ingrati
1654 1960 1837 2005 autem

239 2069 363 2111 cum
391 2062 592 2119 essent,
625 2067 682 2107 se
709 2053 807 2122 ipsi
831 2050 1144 2105 defensione
1188 2047 1485 2126 privarunt.
1515 2045 1718 2102 Deinde
1748 2059 1839 2099 os-

241 2145 469 2204 tendens
499 2143 770 2215 quomodo
787 2140 1102 2197 defensione
1129 2147 1369 2204 careant,
1413 2139 1521 2193 ait:
1569 2137 1659 2192 ΩΙ.
1707 2135 1843 2204 Quia

239 2254 360 2290 cum
392 2234 737 2306 cognovissent
765 2231 954 2298 Deum,
986 2245 1088 2285 non
1116 2239 1170 2283 ut
1200 2228 1364 2283 Deum
1389 2229 1836 2301 gloriﬁcaverunt,

239 2337 332 2382 aut
349 2326 541 2398 gratias
563 2333 790 2395 egerunt.
825 2322 997 2377 Unum
1038 2321 1138 2374 huc
1165 2319 1371 2375 crimen
1399 2319 1691 2373 maximum
1721 2325 1840 2382 est;

241 2419 478 2472 alterum
499 2415 641 2486 quod
672 2413 809 2467 idola
841 2412 1223 2467 adoraverint:
1256 2425 1360 2481 qua
1387 2410 1455 2464 de
1491 2425 1552 2464 re
1577 2421 1845 2464 accusans

246 2508 374 2564 illos
402 2505 684 2569 Jeremias,
714 2503 928 2558 dicebat
958 2520 971 2555 :
1012 2501 1129 2555 Duo
1161 2502 1298 2554 mala
1323 2500 1442 2570 fecit
1471 2499 1692 2569 papulas
1721 2499 1802 2552 hic
1825 2514 1846 2552 .°

247 2617 332 2655 me
383 2598 758 2664 dereliquerunt
808 2595 1000 2664 fontem
1038 2608 1185 2664 aqiue
1232 2593 1374 2659 vivae,
1402 2601 1448 2644 et
1470 2590 1706 2662 [oderunt
1751 2589 1846 2643 sibi

243 2695 492 2748 cisternas
509 2690 787 2759 dissipatas
814 2687 948 2757 (Jer.
973 2687 1027 2740 9.
1061 2687 1170 2755 15).
1203 2685 1407 2740 Deinde
1429 2684 1642 2754 signum
1666 2682 1840 2748 aliert,

243 2785 392 2858 quod
411 2786 574 2839 Deum
599 2787 948 2852 cognoscant,
964 2793 1066 2834 nec
1082 2778 1385 2850 cognitione
1402 2794 1500 2835 sua
1513 2789 1571 2835 ut
1587 2791 1684 2848 par
1705 2781 1850 2830 esset

245 2886 470 2932 utantur
493 2916 507 2940 ,
541 2873 683 2945 quod
713 2872 922 2926 scilicet
971 2871 1101 2924 deos
1127 2867 1479 2939 cognoverint
1506 2885 1519 2920 :
1569 2880 1737 2934 quare
1768 2865 1850 2919 in-

248 2968 370 3022 tulit
401 2983 416 3019 :
449 2965 581 3032 Quia
599 2980 712 3017 cum
737 2960 1081 3032 cognovissent
1111 2958 1296 3023 Deum,
1330 2975 1430 3011 non
1455 2967 1508 3010 ut
1542 2955 1705 3010 Deum
1731 2956 1842 3026 glo-

245 3060 590 3127 riﬁcaverunt.
673 3053 1008 3121 Causamque
1096 3051 1318 3121 apponit
1370 3065 1465 3104 cur
1528 3049 1580 3102 in
1649 3057 1848 3102 tantam

246 3148 546 3203 amentiam
577 3144 781 3215 delapsi
810 3144 936 3196 sint.
968 3142 1223 3208 Quaenam
1250 3141 1338 3195 illa
1367 3140 1490 3194 est?
1535 3138 1850 3193 Ratiociniis

248 3244 366 3297 suis
384 3238 562 3292 omnia
591 3235 998 3292 commiserunt.
1032 3233 1101 3286 At
1124 3246 1227 3286 neu
1255 3233 1324 3284 ita
1349 3230 1502 3296 dicit,
1552 3228 1648 3284 sed
1690 3229 1850 3296 longe

248 3328 645 3386 vt-hetnentiori
676 3326 867 3389 modo:
898 3324 1230 3378 Evanuerunt
1255 3323 1410 3388 enim,
1442 3323 1635 3392 inquit,
1687 3321 1737 3375 in
1760 3337 1850 3375 σου

249 3419 582 3494 gitationibus
605 3417 733 3482 suis,
764 3424 810 3469 et
840 3416 1164 3470 obscuratum
1177 3422 1250 3467 est
1272 3413 1516 3482 insipiens
1542 3427 1631 3465 eor
1656 3427 1850 3466 eorum.

251 3513 570 3571 Sicutenim
599 3510 653 3565 in
683 3517 842 3564 nocte
890 3508 1062 3574 illuni,
1103 3507 1148 3560 si
1196 3505 1316 3576 quis
1357 3504 1702 3575 peregrinum
1752 3504 1854 3559 iter

253 3619 487 3676 carpere
512 3611 775 3667 conetur,
825 3600 911 3655 vel
953 3600 1006 3654 in
1049 3598 1186 3654 mari
1237 3598 1514 3668 navigare,
1546 3612 1654 3651 non
1695 3594 1855 3651 modo

253 3714 366 3755 non
389 3693 714 3769 pervenitad
743 3693 925 3760 tinem,
957 3691 1051 3748 sed
1078 3692 1184 3747 cito
1210 3691 1350 3762 perit
1375 3706 1388 3743 :
1423 3690 1501 3745 sic
1529 3700 1584 3746 et
1607 3690 1690 3744 isti
1715 3689 1853 3743 viam

256 3789 328 3846 ad
360 3785 548 3841 caelum
578 3787 841 3840 terentem
868 3783 1132 3853 aggressi,
1161 3782 1374 3852 sibique
1396 3781 1573 3836 lucem
1605 3781 1854 3836 adimen-

263 3892 374 3944 tes,
407 3887 462 3933 et
513 3876 658 3932 illius
709 3876 830 3930 loco
887 3875 1290 3930 ratiociniormn
1341 3889 1560 3929 suorum
1621 3873 1857 3929 tenebris

257 3985 389 4027 sese
426 3967 844 4030 committentes,
868 3966 918 4020 in
943 3966 1222 4035 corporeis
1269 3966 1649 4036 incorporeum
1669 4009 1684 4034 ,
1716 3966 1766 4020 in
1797 3965 1859 4020 ﬁ-

257 4061 412 4133 guris
443 4061 606 4130 ligura
634 4067 911 4129 expertem
934 4069 1259 4128 quaerentes,
1285 4059 1624 4128 naufragium
1653 4060 1860 4129 gravis-

258 4155 459 4210 simum
503 4149 768 4206 fecerunt.
826 4148 956 4203 Cum
986 4149 1052 4202 iis
1078 4159 1281 4215 autem,
1339 4165 1459 4219 qua:
1495 4149 1636 4204 dicta
1678 4157 1845 4216 sunt,

257 4245 425 4300 aliam
456 4241 655 4296 erroris
682 4240 896 4294 illorum
919 4255 1136 4294 causam
1168 4241 1318 4310 ponit
1343 4255 1464 4296 cum
1491 4241 1601 4295 ait:
1635 4241 1726 4294 22.
1757 4241 1853 4295 Di-

260 4345 435 4389 centes
450 4349 502 4386 se
527 4347 634 4385 esse
654 4331 925 4401 sapientes,
955 4330 1095 4385 stulti
1122 4331 1245 4403 facti
1266 4341 1402 4386 sunt.
1446 4331 1692 4403 Magnum
1716 4333 1858 4388 enim

261 4425 539 4497 quidpiam
570 4422 637 4478 de
659 4438 718 4477 se
747 4423 1120 4493 imaginantes,
1175 4439 1275 4478 nec
1301 4425 1631 4480 sustinentes
1677 4424 1817 4480 hanc
1843 4466 1858 4490 ,

262 4535 426 4590 quam
449 4517 682 4586 jusserat
713 4516 874 4581 Deus,
901 4517 1040 4571 viam
1075 4517 1297 4587 ingredi,
1332 4517 1382 4572 in
1433 4519 1680 4574 amentia:
1711 4521 1860 4590 cogi-

263 4609 558 4664 tationibus
607 4608 837 4663 demersi
873 4618 1014 4663 sunt.
1048 4610 1251 4665 Deinde
1284 4621 1656 4682 tempestatem
1714 4614 1859 4668 illam

264 4699 606 4760 describens,
634 4714 792 4766 quam
836 4700 1014 4769 gravis
1042 4700 1219 4766 fuerit,
1253 4711 1307 4756 et
1336 4703 1482 4757 omni
1525 4704 1677 4759 venia
1725 4704 1863 4759 indi-

259 4805 394 4862 gna,
423 4789 696 4860 subjunsit
726 4807 739 4844 :
769 4789 859 4846 ΞΒ.
893 4788 959 4844 Et
981 4802 1295 4847 mutaverunt
1322 4794 1538 4866 gloriam
1556 4797 1861 4868 incorrupti-

260 4881 382 4936 bilis
410 4879 524 4947 Dei,
544 4881 597 4934 in
624 4881 1004 4936 similitudinem
1037 4884 1274 4955 imaginis
1318 4889 1664 4957 corruptibilis
1692 4889 1859 4944 homi-

261 4974 371 5036 nis,
395 4983 442 5027 et
473 4972 736 5026 volucrum
789 4983 836 5027 et
890 4976 1278 5047 quadrupedum
1325 4987 1370 5032 et
1412 4982 1749 5049 serpentium.

338 5063 390 5117 ὅ.
427 5061 616 5116 Contra
673 5063 1001 5134 pltilosOpltos
1022 5068 1250 5137 gentiles.
1272 5100 1345 5109 —
1367 5070 1544 5126 Prima
1566 5073 1858 5141 accusatio,

259 5153 409 5224 quod
440 5153 606 5208 Deum
639 5169 742 5208 non
774 5155 1114 5225 invenerint;
1163 5163 1421 5228 secunda,
1451 5163 1594 5233 quod
1619 5165 1860 5221 occasio—

261 5261 366 5302 nes
412 5260 634 5315 magnas
683 5255 737 5300 et
774 5249 1094 5317 conspicuas
1145 5251 1451 5321 habentes;
1502 5258 1681 5323 tertia,
1714 5259 1860 5330 quod

259 5352 388 5394 cum
418 5353 476 5392 se
506 5337 776 5408 sapientes
796 5339 1071 5407 dicerent;
1103 5356 1292 5414 quarta
1315 5389 1331 5413 ,
1365 5347 1506 5416 quod
1545 5365 1650 5404 non
1697 5349 1858 5406 modo

261 5443 374 5484 non
404 5430 724 5497 invenerint,
758 5431 851 5487 sed
880 5434 1040 5488 etiam
1064 5437 1266 5491 cultum
1293 5439 1439 5494 Illum
1465 5441 1532 5495 ad
1558 5442 1854 5513 daemonas,

258 5519 331 5574 ad
381 5519 586 5587 lapides
614 5530 668 5575 et
695 5521 836 5591 ligna
881 5523 1194 5581 derivarint.
1228 5529 1445 5584 Illorum
1488 5548 1619 5588 vero
1664 5534 1856 5590 fastum

258 5613 522 5680 deprimit
551 5612 601 5666 in
637 5614 871 5684 Epistola
903 5616 968 5672 ad
1003 5617 1347 5688 Corinthios;
1382 5624 1474 5680 sed
1498 5643 1603 5681 non
1634 5631 1860 5698 perinde

263 5704 379 5758 illic
404 5713 459 5756 ut
493 5702 597 5794 hic.
631 5704 742 5760 Illic
765 5707 907 5762 enim
943 5726 970 5763 a
999 5726 1159 5766 cruce
1190 5714 1397 5784 plagam
1432 5718 1560 5787 ipsis
1618 5721 1812 5794 inﬂigit
1839 5765 1853 5788 ,

259 5794 452 5849 dicens
487 5811 499 5847 :
555 5793 685 5861 Quia
706 5798 844 5865 quod
863 5801 1072 5856 stultum
1101 5812 1173 5858 est
1201 5802 1320 5872 Dei,
1345 5809 1625 5878 sapientius
1659 5793 1860 5869 est/io-

259 5884 485 5940 minibus
514 5885 600 5956 (I.
629 5883 745 5943 Cor.
785 5888 834 5943 I.
858 5889 928 5947 25
950 5895 1004 5963 );
1039 5893 1126 5953 hic
1153 5909 1285 5956 vero
1313 5900 1430 5957 sine
1452 5906 1856 5975 comparatione

1350 463 1416 520 IN
1456 459 1674 519 EPIST.
1718 457 1810 514 AD
1847 453 2015 512 ROM.
2059 455 2289 511 HOMIL.
2331 455 2418 511 III.

3435 452 3542 505 M1

1940 567 2256 637 sapientiam
2287 583 2474 622 eorum
2498 568 2550 622 in
2581 566 2759 637 scipsa
2789 564 3056 631 traducit,
3088 561 3384 619 ostendens
3401 561 3540 617 stul-

1941 659 2114 713 titiam
2167 674 2290 714 esse
2341 667 2396 714 et
2444 658 2768 729 arrogantia:
2834 666 3043 713 tantum
3092 657 3537 712 ostentationem.

1941 749 2144 805 Deinde
2165 760 2223 805 ut
2243 751 2417 806 discas
2443 750 2560 806 illos
2588 751 2682 806 Dei
2712 750 2953 805 notitiam
2983 748 3262 813 habentes,
3292 749 3371 803 sic
3393 746 3540 802 illaut

1939 842 2262 910 prodidisse,
2305 843 2456 909 dicit,
2514 842 2883 897 Mutaverunt:
2924 841 3015 913 qui
3048 855 3178 896 vero
3226 848 3435 907 motat,
3485 847 3546 893 ut

1940 931 2086 986 aliud
2116 932 2323 988 habens
2378 942 2570 988 mutat.
2624 933 2925 989 Voluerunt
2971 933 3114 988 enim
3154 930 3280 1002 quid
3313 930 3546 1000 amplius

1940 1024 2202 1093 invenire,
2236 1027 2378 1083 datis
2403 1028 2648 1084 terminis
2672 1041 2777 1082 non
2805 1026 3044 1082 contenti
3074 1045 3088 1091 ;
3121 1025 3350 1095 ideoque
3379 1025 3542 1080 etiam

1942 1117 2024 1174 his
2049 1104 2392 1176 exciderunt:
2427 1121 2716 1175 novitatem
2740 1120 2881 1175 enim
2905 1117 3302 1174 desiderabant.
3327 1115 3542 1172 Etenim

1942 1210 2246 1280 httjttsmodi
2294 1213 2473 1266 munia
2506 1212 2826 1267 Grtecorutn
2862 1211 3028 1266 fuere.
3063 1211 3188 1265 Ideo
3234 1211 3397 1265 etiam
3443 1207 3548 1262 sibi

1942 1313 2129 1357 mutuo
2168 1303 2437 1358 adversati
2470 1314 2593 1359 sunt
2623 1323 2634 1357 :
2667 1304 2987 1359 Aristoteles
3030 1303 3320 1359 insurrexit
3362 1310 3550 1357 contra

1943 1396 2256 1462 Platonem,
2282 1397 2447 1452 Stoici
2483 1399 2546 1452 in
2583 1399 2720 1451 hunc
2751 1396 3105 1460 infrcmucre,
3140 1405 3194 1450 et
3223 1395 3363 1449 alter
3389 1393 3548 1448 alteri

1944 1488 2117 1543 hostis
2147 1488 2264 1544 fuit.
2298 1489 2483 1560 Itaque
2515 1504 2618 1544 neu
2656 1489 2725 1543 ita
2760 1488 3062 1543 admirandi
3088 1495 3214 1542 sunt
3236 1486 3306 1541 ob
3333 1484 3548 1556 sapiet»-

1945 1582 2072 1638 tiam
2101 1583 2459 1639 utaversandi
2487 1593 2542 1639 et
2567 1583 2693 1638 odio
2722 1582 2976 1646 habendi,
2997 1583 3122 1652 quia
3143 1582 3210 1637 ob
3241 1581 3345 1636 hoc
3375 1581 3547 1651 ipsum

1943 1675 2092 1730 stulti
2126 1675 2253 1730 facti
2285 1686 2432 1731 sunt.
2465 1676 2575 1731 Nisi
2597 1677 2741 1732 enim
2780 1677 3075 1731 ratiociniis
3122 1685 3178 1730 ct
3224 1674 3553 1747 syllogismis

1955 1779 2116 1840 atque
2146 1771 2572 1841 SOphismatibus
2599 1786 2694 1826 sua
2744 1770 3147 1827 commisissent
3172 1810 3186 1835 ,
3217 1785 3323 1823 non
3349 1769 3400 1822 in
3426 1765 3550 1822 talia

1947 1861 2285 1917 incidissent.
2333 1863 2538 1918 Deinde
2580 1863 3015 1918 criminationem
3044 1877 3246 1931 augens
3281 1860 3494 1913 illorqu
3530 1899 3546 1921 ,

1946 1953 2305 2009 idololatriam
2335 1963 2501 2010 totam
2534 1953 2783 2010 traducit.
2809 1954 2968 2009 Certe
3013 1953 3097 2006 vel
3132 1951 3274 2022 quod
3307 1959 3552 2005 mutave-

1944 2045 2073 2111 rint,
2095 2045 2380 2102 ridiculum
2401 2056 2519 2102 est:
2551 2045 2695 2116 quod
2722 2055 2904 2101 autem
2933 2045 2985 2100 in
3020 2045 3146 2100 talia
3172 2042 3499 2098 mutaverint
3533 2080 3551 2106 ,

1946 2139 2094 2195 omni
2125 2141 2474 2196 excusatione
2496 2149 2666 2196 caret.
2689 2139 2744 2194 In
2767 2154 3016 2210 quaenam
3049 2152 3180 2208 ergo
3203 2136 3551 2199 mutaverint,

1947 2241 2003 2287 et
2021 2247 2124 2301 qua
2155 2232 2205 2286 in
2231 2247 2290 2288 re
2305 2232 2532 2304 gloriam
2556 2234 2853 2304 posuerint,
2874 2232 3173 2303 perpende.
3197 2229 3555 2302 Cogitandunt

1949 2321 2019 2378 de
2047 2322 2140 2378 illo
2171 2331 2308 2391 erat,
2336 2323 2478 2394 quod
2510 2333 2656 2379 esset
2703 2324 2875 2391 Deus,
2919 2324 3064 2394 quod
3102 2323 3347 2377 oumium
3377 2319 3556 2375 donti-

1950 2430 2053 2470 nus
2074 2457 2088 2480 ,
2120 2415 2265 2486 quod
2298 2428 2438 2480 ‘eos,
2473 2416 2564 2486 qui
2596 2430 2702 2471 non
2737 2424 2915 2483 erant,
2948 2415 3158 2481 fecerit,
3195 2414 3339 2485 quod
3374 2412 3557 2483 provi-

1948 2506 2075 2564 deat
2101 2516 2155 2562 et
2182 2522 2366 2562 curam
2389 2516 2582 2576 gerat:
2640 2507 2757 2561 hinc
2790 2507 2960 2578 gloria
3013 2507 3105 2562 Dei
3146 2515 3295 2560 sunt.
3324 2504 3558 2591 Quibus.

1952 2614 2075 2652 nam
2103 2597 2201 2667 ipsi
2248 2598 2392 2651 illam
2438 2597 2858 2652 attribuerunt?
2898 2596 3017 2652 Non
3071 2595 3414 2660 hominibus,
3467 2593 3562 2646 sed

1952 2689 2290 2744 similitudini
2317 2688 2566 2758 imaginis
2586 2689 2955 2760 corruptibilis
2985 2689 3240 2744 hominis.
3267 2686 3450 2756 Neque
3476 2683 3565 2739 hic

1952 2789 2242 2847 steterunt,
2267 2780 2362 2835 sed
2382 2790 2436 2835 et
2467 2780 2536 2834 ad
2567 2782 2720 2835 bruta
2748 2782 2998 2836 animalia
3042 2779 3251 2848 delapsi
3273 2786 3421 2841 sunt,
3453 2777 3561 2831 imo

1952 2881 2007 2928 et
2031 2872 2100 2927 ad
2129 2873 2345 2927 illorum
2379 2873 2666 2944 imagines.
2725 2873 2806 2927 Tu
2837 2888 2967 2928 vero
2993 2873 3128 2927 mihi
3161 2872 3310 2927 Pauli
3338 2870 3563 2941 sapien-

1956 2965 2082 3019 tiam
2115 2965 2417 3034 perpendas
2443 2965 2626 3031 velim,
2654 2965 2928 3035 quomodo
2963 2965 3071 3019 duo
3092 2974 3335 3020 extrema
3363 2977 3566 3033 po.~uc-

1955 3059 2060 3122 rit;
2103 3058 2267 3113 Deum
2321 3073 2632 3128 supremum
2677 3059 2949 3125 omnium,
2982 3067 3038 3114 et
3073 3059 3282 3128 reptilia
3327 3058 3508 3112 inlima
3544 3073 3560 3118 ;

1956 3149 2066 3204 imo
2103 3165 2207 3202 non
2259 3150 2504 3219 rcptilia,
2563 3150 2657 3204 sed
2709 3151 2980 3219 reptilium
3035 3149 3448 3211 similitudines,
3507 3157 3567 3202 ut

1955 3253 2192 3310 apertam
2220 3241 2433 3295 illorum
2466 3241 2728 3294 insaniam
2747 3242 2890 3296 clare
2917 3240 3250 3296 ostenderet.
3284 3240 3564 3312 Cognitio-

1957 3348 2082 3387 nem
2114 3333 2256 3386 enim
2287 3332 2456 3397 illam,
2481 3349 2639 3403 quam
2671 3333 2872 3389 habere
2893 3334 3180 3404 oportebat
3207 3334 3353 3389 circa
3386 3348 3510 3388 cum
3545 3371 3561 3395 ,

1958 3426 2048 3495 qui
2078 3426 2195 3481 sine
2219 3428 2622 3495 comparatione
2641 3429 2881 3481 omnium
2910 3427 3400 3482 excellentissimus
3429 3436 3513 3482 est
3548 3468 3564 3488 .

1961 3513 2101 3570 hanc
2124 3517 2366 3572 omnium
2388 3516 2530 3572 haud
2562 3519 2725 3573 dubie
2748 3519 3016 3575 vilissimo
3059 3519 3458 3590 applicuerunt.
3499 3519 3574 3576 Et

1958 3606 2085 3676 quid
2118 3606 2253 3670 haec,
2285 3608 2518 3678 inquies,
2547 3607 2614 3663 ad
2643 3608 3042 3679 philosophos?
3092 3609 3172 3664 Ad
3208 3611 3307 3666 hos
3335 3611 3571 3665 maxime

1960 3700 2138 3753 omnia
2168 3715 2331 3771 supra
2350 3701 2492 3755 dicta
2517 3712 2782 3771 spectant.
2813 3703 2945 3757 Nam
2973 3703 3025 3757 hi
3059 3704 3344 3776 Egyptios
3374 3706 3568 3761 horum

1963 3791 2275 3847 inventores
2325 3793 2613 3864 magistros
2663 3793 2866 3849 habent
2896 3811 2909 3849 :
2943 3806 2998 3850 et
3026 3794 3203 3864 Plato,
3234 3796 3326 3868 qui
3357 3798 3572 3853 cretcris

1963 3888 2302 3955 prmslatttior
2329 3902 2452 3943 esse
2483 3888 2718 3956 videtur,
2752 3889 2821 3946 de
2849 3892 2998 3947 hisce
3019 3892 3317 3964 gloriatur;
3348 3896 3572 3964 ejusque

1962 3977 2152 4031 doctor
2198 3977 2355 4033 idolis
2397 3981 2515 4035 istis
2571 3981 2824 4038 addictus
2876 3982 2998 4051 fuit,
3033 3985 3122 4054 qui
3173 3985 3374 4056 gallum
3420 3985 3575 4053 jubet

1968 4072 2281 4143 [Eseulapio
2321 4074 2614 4131 sacriﬁcari
2665 4077 2762 4147 (η).
2799 4076 2897 4133 IIic
2949 4078 3136 4134 videas
3185 4079 3466 4136 hrutorum
3518 4090 3574 4135 et

1965 4165 2234 4234 reptilium
2295 4165 2580 4235 imagines,
2614 4177 2816 4222 etcum
2875 4168 2960 4224 his
3012 4169 3322 4239 Apollinem
3351 4171 3570 4225 etBac-

1964 4257 2122 4311 clmm
2156 4257 2267 4328 pari
2296 4257 2442 4313 cultu
2470 4260 2984 4331 dignatos.Quidam
3017 4278 3144 4318 vero
3183 4263 3491 4334 philosophi
3521 4265 3573 4319 in

1965 4349 2157 4404 caelum
2191 4349 2445 4406 invexere
2469 4359 2672 4418 tauros,
2705 4353 2974 4424 scorpios,
2995 4354 3266 4410 dracones
3291 4366 3340 4410 et
3372 4358 3565 4426 hujus-

1968 4441 2110 4494 modi
2138 4441 2486 4511 quisquilias:
2509 4443 2706 4514 ubique
2729 4446 2872 4500 enim
2895 4445 3140 4502 diabolus
3162 4449 3372 4503 curavit
3391 4450 3458 4503 ad
3489 4467 3572 4504 re-

1968 4532 2172 4600 ptilium
2217 4534 2629 4590 similitudinem
2659 4536 2905 4594 homines
2931 4539 3240 4606 demittere,
3267 4551 3322 4596 et
3352 4543 3570 4596 irratio~

1971 4624 2326 4680 nabilioribus
2351 4641 2445 4680 eos
2476 4628 2765 4697 subjicere,
2805 4646 2942 4701 quos
2991 4633 3129 4688 Deus
3175 4649 3336 4706 supra
3394 4637 3569 4706 ipsum

1966 4715 2153 4769 caelum
2183 4715 2443 4773 extollere
2465 4719 2654 4775 voluit.
2711 4720 2899 4792 Neque
2957 4723 3084 4778 hinc
3125 4732 3354 4791 tantum,
3382 4727 3476 4782 sed
3519 4735 3576 4783 ct

1966 4804 2182 4859 aliunde
2214 4805 2427 4862 illorum
2457 4810 2804 4882 coryphaeum
2828 4813 3035 4870 videbis
3062 4829 3224 4886 supra
3271 4817 3432 4873 dictis
3462 4821 3564 4874 ob—

1967 4897 2208 4952 noxium.
2241 4897 2374 4954 Cum
2406 4901 2548 4955 enim
2575 4912 2761 4971 poetas
2792 4905 2843 4958 in
2878 4909 3042 4961 unum
3070 4908 3313 4978 colligit,
3344 4920 3398 4965 et
3436 4910 3569 4968 dicit

1967 4997 2222 5057 oportere
2246 4988 2352 5044 illis
2376 4990 2577 5048 habere
2603 4993 2760 5048 Iidem
2796 4995 2847 5049 in
2869 4995 2951 5062 iis,
2988 5012 3108 5067 quae
3130 4998 3196 5054 de
3225 4999 3336 5054 Deo
3359 5001 3574 5069 dicunt,

1966 5087 2152 5149 utpote
2179 5081 2268 5150 qui
2301 5082 2466 5152 probe
2494 5085 2698 5151 norint,
2725 5087 2854 5141 nihil
2887 5088 3034 5143 aliud
3089 5105 3249 5160 quam
3312 5108 3576 5163 nugarum

1965 5173 2275 5242 congeriem
2310 5172 2538 5242 inducit,
2572 5186 2628 5231 et
2653 5192 2740 5232 res
2765 5188 2871 5233 tam
2906 5179 3162 5236 ridiculas
3191 5197 3353 5238 veras
3380 5186 3576 5240 existi-

1965 5263 2192 5318 mandas
2210 5279 2332 5322 esse
2354 5266 2503 5322 dicit.
2537 5268 2628 5323 24,
2659 5267 2789 5323 Ideo
2812 5272 3024 5325 tradidit
3053 5273 3171 5327 illos
3194 5273 3331 5330 Deus
3358 5277 3408 5330 in
3433 5278 3570 5333 desi-

1966 5355 2109 5433 deija
2144 5356 2311 5411 cordis
2343 5359 2444 5424 sui,
2491 5359 2544 5412 in
2593 5356 2991 5428 immunditiam,
3021 5373 3078 5417 ut
3106 5369 3427 5423 contumeliis
3471 5370 3580 5438 (1]Ῑὶ-

1967 5451 2102 5504 ciant
2162 5467 2377 5521 corpora
2404 5468 2498 5506 sua
2529 5454 2580 5506 in
2605 5457 2905 5526 semetipsis.
2944 5457 3078 5512 Iline
3109 5461 3348 5515 ostendit
3380 5463 3572 5532 impie-

1943 5552 2131 5598 'tatem
2160 5543 2480 5600 violatarum
2531 5547 2707 5617 legum
2752 5547 2918 5604 fuisse
2959 5564 3196 5605 causam.
3252 5553 3387 5609 Illud
3447 5571 3584 5613 vero.

1968 5634 2230 5702 Tradidit,
2283 5636 2372 5693 hic
2428 5636 2717 5708 signiﬁcat,
2778 5642 3041 5710 permisit.
3095 5643 3575 5710 Quemadmodum,

1968 5728 2110 5781 enim
2131 5728 2235 5781 dux
2261 5729 2531 5783 exercitus
2555 5731 2596 5784 si
2619 5731 3024 5800 ingravescente
3043 5749 3215 5804 pugna
3241 5732 3572 5794 discesserit,

2032 5819 2123 5889 gn).
2143 5819 2360 5889 Platonis
2374 5819 2544 5889 doctor
2561 5826 2786 5889 Socrates
2806 5824 3074 5874 moriturus
3097 5824 3277 5888 gallum
3301 5825 3444 5888 jnhet
3475 5823 3579 5873 dis-

1969 5873 2160 5942 culafio
2191 5883 2484 5931 'sacrincari.
2514 5884 2635 5933 Vide
2663 5883 2913 5936 Platonem
2942 5873 3002 5936 in
3043 5873 3572 5938 tih‘aadone'dennn-te

1969 5946 2192 5994 Socratis.
2216 5952 2324 5994 Haec
2349 5954 2592 6008 posu'ema
2621 5959 2712 5998 vox
2741 5949 2832 6000 fuit
2858 5949 3179 6001 celeberrimi
3204 5947 3498 6013 philosophi.
