4056 6492
581 456 685 511 815

585 574 782 630 milites
803 572 1039 628 hostibus
1070 570 1251 637 tradit,
1276 587 1382 627 non
1415 572 1526 642 ipse
1551 571 1858 640 impellens,
1891 569 1987 626 sed
2014 571 2160 623 auxi-

584 663 657 719 iio
684 676 782 720 suo
804 664 1053 735 privans:
1083 665 1162 719 sic
1193 664 1333 719 Deus
1358 678 1472 729 eos,
1506 662 1593 732 qui
1626 663 1914 717 noluerunt
1949 676 2041 716 sua
2069 676 2159 717 ac-

584 751 779 827 cipere,
808 757 901 813 sed
932 758 1086 826 primi
1110 757 1433 819 resilierunt,
1492 754 1724 819 dimisit,
1758 766 2037 825 postquam
2065 768 2159 808 sua

582 848 757 904 omnia
781 849 1115 919 impleverat.
1168 846 1442 917 Perpende
1492 858 1670 902 autem
1715 863 1729 900 :
1777 861 1873 915 pro
1920 845 2159 900 doctrina

582 937 838 993 mundum
871 940 922 993 in
964 939 1140 994 medio
1186 940 1396 1008 posuit;
1441 948 1673 992 mentem
1701 946 1751 993 et
1780 937 2156 1006 cogitationem

578 1032 746 1099 dedit,
770 1048 889 1102 quae
913 1040 1093 1102 posset
1117 1031 1164 1085 id
1188 1073 1201 1095 ,
1237 1030 1377 1101 quod
1406 1031 1733 1086 conveniens
1765 1038 1905 1095 crat,
1954 1030 2156 1084 intelli-

576 1141 729 1195 gere.
750 1124 904 1179 Nullo
932 1124 1116 1177 horum
1147 1122 1415 1191 homines,
1445 1124 1533 1194 qui
1567 1133 1691 1177 tunc
1730 1132 1904 1188 erant,
1931 1125 2008 1177 usi
2032 1132 2158 1178 sunt

575 1217 640 1270 ad
679 1216 926 1279 salutem,
957 1214 1049 1269 sed
1080 1216 1476 1268 incontrarium
1534 1214 1680 1285 quod
1713 1223 2027 1285 acceperant
2076 1215 2156 1269 in-

578 1316 869 1360 verterunt.
898 1304 1034 1371 Quid
1068 1305 1226 1375 igitur
1253 1303 1430 1359 facere
1458 1304 1780 1376 opt"lcb:tl?
1810 1305 1859 1358 vi
1890 1315 1939 1359 et
1964 1320 2155 1360 neces-

576 1400 733 1452 δὶιειιθ
759 1398 969 1453 trahere
988 1398 1013 1450 ἲ
1040 1398 1108 1452 At
1140 1414 1242 1452 non
1289 1406 1370 1453 est
1402 1397 1503 1453 hoc
1533 1400 1705 1453 lacere
1731 1398 1925 1452 virtute
1955 1398 2152 1468 prtedi-

574 1498 672 1543 tos.
696 1480 976 1560 Reliquum
1005 1498 1120 1543 erat
1152 1499 1207 1543 ut
1233 1489 1529 1555 desereret,
1549 1490 1693 1559 quod
1712 1497 1766 1543 et
1792 1488 1916 1545 fecit
1944 1506 1958 1555 ;
1996 1491 2152 1545 utvel

570 1582 649 1635 sic
683 1580 794 1647 illa,
820 1595 940 1650 qua:
960 1580 1360 1649 concupierant,
1386 1581 1614 1648 experti,
1652 1580 2038 1649 turpitudinem
2067 1581 2151 1635 lli-

568 1682 775 1745 gerent.
827 1671 961 1728 Nam
1003 1674 1045 1728 si
1082 1676 1199 1744 quis
1230 1672 1369 1743 regis
1398 1672 1572 1738 tilias,
1623 1682 1933 1745 contempto
1960 1683 2145 1745 patre,

568 1784 688 1824 cum
714 1769 1070 1840 praedonibus,
1093 1768 1299 1824 sicariis
1326 1777 1380 1824 et
1406 1768 1776 1839 sepulcrorum
1804 1769 2149 1825 eluissoribus

567 1879 624 1918 se
652 1865 906 1927 conferat,
932 1873 987 1918 et
1013 1862 1226 1917 illorum
1281 1862 1620 1917 consortium
1671 1872 1910 1932 paternre
1964 1854 2149 1918 domui

568 1954 829 2023 pnefcrat,
864 1954 1254 2023 relinquiteum
1285 1961 1470 2023 pater,
1518 1961 1576 2008 ut
1615 1954 1859 2009 stultitia:
1889 1969 1999 2010 sum
2029 1969 2146 2009 ma-

564 2045 890 2113 gnitudinem
912 2044 1243 2115 experientia
1273 2043 1493 2099 ediscat.

634 2138 687 2192 4.
718 2137 827 2191 Cur
850 2145 1026 2191 autem
1063 2134 1268 2189 nullum
1291 2132 1435 2187 aliud
1471 2135 1788 2189 memoravit
1818 2143 2094 2205 peccatum
2124 2176 2142 2202 ,

564 2240 620 2285 ut
648 2229 881 2292 caedem,
909 2227 1187 2282 avaritiam
1228 2232 1283 2281 et
1323 2224 1425 2279 alia
1457 2225 1673 2293 similia,
1724 2226 1817 2281 sed
1878 2227 2144 2297 intempe-

563 2320 834 2374 rantiam?
863 2319 1152 2373 Auditores
1177 2324 1403 2381 tantum,
1434 2324 1489 2370 et
1517 2331 1612 2371 eos
1632 2318 1720 2387 qui
1752 2317 2033 2386 epistolam
2057 2332 2147 2373 ac-

560 2411 763 2481 cepturi
785 2419 959 2477 erant,
991 2409 1226 2463 indicare
1254 2407 1385 2462 mihi
1412 2406 1637 2462 videtur.
1656 2405 1721 2460 In
1747 2408 2139 2477 immunditiam,

560 2513 617 2555 ut
641 2517 855 2571 corpora
878 2516 970 2553 suo
998 2497 1301 2552 contumelia
1338 2496 1556 2566 alliciant
1593 2497 1646 2550 in
1683 2499 1981 2568 semetipsis.
2007 2498 2142 2556 Vide

557 2594 840 2663 emphasin
862 2592 1095 2645 maxime
1118 2578 1592 2661 perstringentem.
1615 2588 1729 2643 Non
1746 2589 1866 2644 aliis
1888 2590 2135 2660 egebant,

562 2687 749 2754 inquit,
779 2683 975 2755 quibus
996 2682 1319 2737 contumelia
1340 2680 1719 2737 afﬁcerentur:
1765 2682 1861 2737 sed
1891 2698 2010 2753 quae
2036 2684 2140 2739 lni-

561 2775 681 2829 tnici
729 2776 1034 2829 intulissent
1061 2814 1077 2840 ,
1105 2772 1290 2829 eadem
1321 2782 1503 2827 contra
1532 2788 1591 2827 se
1613 2773 1913 2842 patrabant.
1940 2775 2142 2832 Deinde

558 2878 771 2919 causam
802 2877 1078 2918 resumens
1096 2863 1206 2916 ait:
1245 2862 1335 2917 25.
1364 2862 1466 2928 Qui
1489 2872 1918 2917 commutavertmt
1958 2866 2143 2919 verita-

560 2966 655 3011 tem
682 2954 773 3008 Dei
792 2955 844 3007 in
874 2953 1188 3024 mendacium
1213 2969 1234 3017 ;
1268 2969 1329 3005 ac
1366 2953 1557 3006 cultum
1595 2955 1937 3023 prastiterunt
1961 2964 2009 3009 et
2034 2972 2140 3009 ser-

557 3049 745 3102 uierunt
765 3058 1010 3099 creatura:
1030 3044 1195 3113 potius
1211 3060 1366 3113 quant
1390 3041 1635 3097 Creatori.
1668 3043 1799 3113 Qum
1842 3043 2134 3109 admodum

558 3141 773 3195 ridicula
802 3150 976 3203 erant,
1009 3140 1056 3191 in
1088 3138 1265 3207 specie
1318 3137 1502 3206 ponit;
1556 3140 1673 3207 qua:
1717 3152 1844 3191 vero
1893 3139 2137 3207 graviora

555 3242 725 3298 erant,
755 3230 1076 3302 generaliter
1108 3247 1121 3283 :
1153 3244 1215 3282 ac
1238 3243 1331 3298 per
1360 3228 1665 3282 harcomnia
1696 3228 1966 3295 ostendit,
1991 3243 2141 3291 crea-

558 3335 689 3379 tura:
715 3320 913 3378 cultum
941 3321 1007 3376 ad
1033 3322 1261 3394 gentiles
1286 3320 1574 3389 pertinere.
1631 3318 1697 3373 Et
1724 3318 1843 3373 vide
1870 3320 2140 3388 quomodo

556 3431 862 3472 sermonem
888 3414 1235 3485 explicaverit
1269 3429 1284 3463 :
1316 3427 1421 3466 non
1453 3411 1595 3466 enim
1624 3410 1945 3480 simpliciter
1966 3410 2135 3477 dixit,

552 3506 848 3562 Coluerunt
875 3515 1196 3565 creaturam,
1227 3501 1326 3557 sed
1345 3500 1572 3567 addidit,
1610 3498 1793 3555 Potius
1809 3517 1961 3572 quam
1990 3498 2137 3556 Crea-

555 3599 971 3668 torem:ubique
998 3597 1096 3652 hac
1137 3595 1341 3650 ratione
1390 3594 1593 3648 crimen
1642 3594 1915 3659 attollens,
1941 3604 1996 3648 et
2037 3594 2139 3647 hoc

556 3689 925 3745 additamento
948 3688 1068 3742 illos
1098 3687 1248 3741 venia
1272 3686 1506 3755 privans.
1543 3685 1642 3751 Qui
1680 3695 1748 3739 est
1776 3684 2062 3739 benedictus
2086 3686 2139 3763 in

552 3783 759 3837 secula.
786 3767 1182 3834 Anteanerum
1238 3778 1337 3831 huc
1368 3777 1499 3830 nihil
1544 3777 1620 3830 illi
1650 3777 1865 3841 nocuit,
1918 3776 2088 3847 inquit
2119 3792 2131 3829 :

554 3883 637 3931 est
656 3877 799 3930 enim
826 3874 914 3928 ille
936 3870 1247 3927 benedictus
1272 3873 1322 3924 in
1355 3869 1570 3924 saacula.
1602 3868 1698 3922 llic
1726 3869 1960 3923 ostendit
1992 3870 2138 3924 illum

556 3981 661 4020 non
688 3975 745 4019 ut
767 3980 826 4019 se
847 3963 1195 4018 ulcisceretur
1236 3961 1541 4015 deseruisse
1593 3960 1755 4028 ipsos,
1806 3960 2141 4029 quandoquio

556 4060 679 4113 dem
703 4055 834 4110 nihil
859 4069 1047 4124 passus
1073 4062 1175 4107 est.
1210 4051 1433 4105 Etiamsi
1459 4051 1598 4103 enim
1630 4050 1705 4103 illi
1743 4050 1916 4119 ipsum
1952 4058 2141 4105 contu-

556 4148 714 4204 melia
742 4146 1017 4201 alleccrint
1041 4161 1055 4206 ;
1080 4153 1134 4197 at
1159 4143 1245 4197 ille
1276 4141 1656 4195 contumeliam
1688 4155 1791 4194 non
1821 4155 2010 4209 passus
2035 4152 2137 4208 est,

556 4255 731 4311 neque
770 4238 939 4309 gloria
962 4236 1077 4306 ejus
1108 4235 1383 4289 imminuta
1412 4232 1529 4297 fuit,
1560 4232 1655 4286 sed
1695 4241 1875 4285 manet
1926 4247 2142 4301 semper

559 4321 889 4388 benedictus.
908 4330 1038 4383 Nam
1060 4329 1102 4383 si
1136 4328 1450 4397 plerumque
1477 4326 1555 4378 \ir
1579 4326 1668 4395 qui
1711 4324 2138 4394 ιιΙιίιοειψΙι;ιιιιι·,

562 4425 695 4487 nihil
728 4426 928 4494 patitur
952 4420 1020 4473 ab
1049 4421 1132 4484 iis,
1164 4420 1254 4488 qui
1283 4418 1660 4471 contumeliam
1695 4418 1948 4480 inferunt,
1972 4417 2141 4469 multo

562 4518 740 4572 minus
766 4516 929 4580 Deus,
960 4511 1275 4566 immortalis
1302 4520 1354 4564 et
1381 4508 1730 4563 immutabilis
1777 4506 1867 4560 illa
1910 4517 2100 4560 natura
2122 4546 2139 4571 ,

565 4608 899 4665 invariabilis
925 4615 978 4661 et
1006 4605 1221 4659 immota
1273 4602 1459 4673 gloria.
1497 4600 1707 4655 Etenim
1735 4598 1980 4653 ltOmines
2044 4595 2144 4652 hac

560 4706 611 4757 itt
642 4718 697 4756 re
729 4702 836 4755 Deo
860 4697 1063 4752 similes
1086 4697 1237 4761 liunt,
1272 4710 1390 4747 cum
1415 4693 1541 4746 nihil
1583 4692 1850 4760 patiuntur
1882 4689 1949 4743 ab
1972 4689 2034 4742 iis
2056 4689 2142 4758 qui

563 4792 861 4848 molestiam
884 4787 1084 4843 inferre
1110 4790 1307 4848 volunt,
1334 4799 1431 4838 nec
1451 4782 1827 4838 contumeliim
1851 4779 2140 4848 accipiunt,

564 4885 805 4957 percussi
876 4899 980 4936 non
1046 4879 1453 4951 percutiuntur,
1502 4877 1620 4930 aliis
1686 4874 1983 4929 ridentibus
2039 4887 2143 4926 non

566 4989 693 5032 vere
737 4972 1045 5029 irridentur.
1100 4970 1168 5024 Et
1209 4968 1509 5037 quomodo,
1558 4967 1763 5035 inquies
1798 5006 1813 5031 ,
1870 4963 1970 5017 hoc
2032 4962 2146 5016 lieri

568 5068 787 5140 possit?
834 5066 1051 5128 Potest,
1114 5063 1295 5129 utique
1352 5069 1559 5129 potest,
1610 5061 1653 5111 si
1697 5073 1800 5111 non
1858 5057 2041 5111 doleas
2081 5054 2148 5109 de

568 5165 633 5215 iis
673 5172 790 5228 qum
834 5155 1101 5209 accidunt.
1154 5154 1218 5204 [ι
1254 5149 1524 5220 quomodo
1549 5188 1563 5214 ,
1615 5150 1821 5217 inquies
1847 5189 1859 5209 ,
1928 5161 2146 5215 possum

566 5270 672 5309 non
710 5251 940 5305 dolere?
985 5251 1053 5301 At
1084 5244 1356 5317 quomodo
1410 5254 1562 5313 potes
1611 5242 1841 5296 dolere?
1889 5243 1976 5295 Dic
2006 5244 2149 5296 enim

569 5348 696 5401 mihi
740 5365 753 5400 ;
818 5343 872 5396 Si
919 5341 1169 5409 puerulus
1229 5348 1348 5391 tuus
1398 5346 1449 5390 te
1486 5334 1809 5389 contumelia
1859 5333 2097 5388 afﬁceret
2130 5375 2144 5399 ,

1304 452 1361 509 S.
1402 450 1676 507 JO.\.\N|S
1713 450 2191 508 CHRYSOSTOBH
2230 453 2541 510 ARCIIIEP.
2582 456 3112 519 CONSTANTINOP.

3775 470 3866 523 616

2267 586 2333 626 an
2367 573 2492 627 illud
2522 590 2617 643 pro
2634 580 2953 634 contumelia
2982 580 3231 637 haberes?
3249 598 3314 637 an
3334 583 3583 641 doleres?
3610 586 3860 643 Minime:

2266 663 2309 716 si
2338 664 2564 732 doleres,
2600 682 2777 723 annon
2798 671 3054 735 ridiculus
3085 674 3271 730 esses?
3295 674 3384 732 Sic
3410 692 3538 748 erga
3560 679 3861 748 proximius

2266 752 2436 809 allecti
2458 755 2646 823 simus,
2680 769 2733 814 et
2761 760 2891 814 nihil
2925 764 3115 833 ingrati
3146 766 3412 836 patiemur
3443 766 3656 840 (pueris
3687 774 3854 835 enim,

2265 850 2351 919 qui
2380 853 2759 908 contumeliam
2786 855 3045 923 inferunt,
3074 858 3475 928 insipientiores
3500 873 3629 916 sunt
3659 862 3718 934 );
3768 879 3863 921 nec

2264 958 2566 1012 quaeramus
2595 948 2939 1003 contumeliis
2982 966 3088 1005 non
3118 952 3281 1018 allici,
3307 962 3363 1009 et
3390 954 3453 1009 iis
3474 954 3655 1010 allecti
3682 998 3699 1021 ,
3752 958 3863 1011 lor-

2265 1034 2389 1089 titer
2440 1036 2669 1092 feramus
2702 1060 2715 1094 :
2749 1038 2835 1094 hic
2865 1050 2949 1095 est
2973 1042 3116 1096 enim
3174 1059 3336 1099 verus
3378 1046 3568 1101 honor.
3628 1047 3864 1116 Quare?

2262 1128 2394 1195 Quia
2427 1140 2477 1181 tu
2501 1128 2661 1197 hujus
2689 1131 2908 1185 honoris
2934 1132 3185 1188 dominus
3226 1150 3319 1201 es,
3354 1136 3495 1192 illius
3517 1154 3649 1193 vero
3692 1140 3857 1193 alius.

2260 1218 2452 1273 Annon
2512 1220 2660 1275 vides
2712 1222 3049 1279 adamautcm
3121 1240 3244 1280 cum
3303 1230 3601 1296 percutitur
3656 1246 3859 1301 τερα-ι

2259 1310 2602 1366 cutientem?
2645 1312 2747 1368 Sed
2813 1315 2929 1369 haec
2983 1323 3101 1382 est,
3153 1315 3362 1387 inquies
3398 1359 3411 1381 ,
3465 1319 3585 1388 ejus
3636 1333 3856 1377 natura.

2258 1402 2327 1456 At
2382 1412 2531 1470 potes
2591 1411 2642 1456 ιιι
2691 1419 2757 1458 ex
2815 1405 3089 1474 proposito
3152 1408 3440 1464 voluntatis
3496 1411 3615 1465 talis
3669 1412 3855 1479 cl‘lici,

2256 1497 2429 1566 qualis
2460 1494 2548 1553 ille
2578 1515 2641 1553 ex
2675 1509 2861 1553 natura
2890 1510 2992 1556 est.
3026 1502 3162 1571 Quid
3190 1504 3414 1558 autem?
3449 1519 3626 1561 annon
3675 1508 3857 1562 vidisti

2259 1607 2453 1661 pueros
2493 1593 2543 1647 in
2589 1592 2807 1649 fornace
2853 1611 2957 1649 non
3008 1597 3267 1653 adustos!
3311 1598 3585 1655 Danielem
3633 1600 3687 1655 iu
3737 1602 3856 1656 lacu

2255 1684 2388 1738 nihil
2416 1684 2541 1739 mali
2570 1686 2903 1755 patientem?
2931 1688 3165 1759 ldipsnm
3201 1690 3309 1760 iam
3350 1691 3463 1745 fieri
3508 1700 3725 1761 potest:
3758 1694 3855 1746 ad-

2254 1787 2378 1830 sunt
2408 1776 2569 1831 etiam
2598 1776 2754 1832 nobis
2784 1776 2970 1833 leones
2993 1822 3007 1845 ,
3042 1780 3119 1835 ira
3139 1822 3155 1847 ,
3184 1782 3619 1851 concupiscentia
3643 1825 3659 1848 ,
3694 1798 3850 1838 accr-

2256 1868 2684 1931 rimisdentibus
2715 1870 2959 1925 instructi
2986 1912 3002 1938 ,
3036 1874 3126 1942 qui
3157 1874 3311 1927 obvia
3340 1874 3671 1945 discerpunt.
3721 1876 3853 1932 Esto

2254 1961 2411 2031 igitur
2436 1961 2624 2016 similis
2653 1961 2857 2017 Danieli
2884 2005 2901 2030 ,
2930 1973 2986 2018 et
3032 1979 3102 2020 ne
3149 1966 3295 2022 sinas
3335 1968 3616 2037 passiones
3660 1967 3853 2024 dentes

2254 2051 2481 2123 infigere
2504 2054 2555 2105 in
2587 2053 2821 2108 animam
2854 2064 3019 2110 tuam.
3050 2058 3119 2111 At
3161 2057 3249 2112 ille
3273 2100 3289 2125 ,
3329 2059 3537 2128 inquies
3563 2102 3578 2125 ,
3620 2062 3849 2131 gratiam

2253 2152 2417 2198 totam
2467 2143 2654 2200 habuit
2697 2160 2884 2201 secum
2924 2157 3256 2218 operantem.
3308 2150 3453 2205 Bene
3478 2192 3498 2217 ,
3539 2152 3661 2221 quia
3712 2152 3851 2208 hanc

2251 2234 2479 2291 ducebat
2511 2239 2843 2307 propositum
2874 2240 3182 2295 voluntatis.
3215 2240 3399 2310 Itaque
3426 2242 3470 2295 si
3498 2243 3731 2297 velimus
3753 2260 3850 2300 nos

2254 2328 2387 2382 tales
2415 2343 2731 2400 comparate
2757 2372 2771 2394 ,
2799 2331 2950 2387 adest
2980 2340 3035 2387 et
3064 2347 3204 2387 nunc
3231 2334 3399 2403 gratia
3430 2353 3442 2385 :
3475 2335 3689 2390 etiamsi
3723 2335 3849 2391 fera:

2251 2421 2525 2486 esuriant,
2556 2435 2662 2474 non
2704 2422 2842 2477 latus
2885 2431 3033 2477 tuum
3079 2432 3316 2493 tangent.
3369 2424 3503 2479 Nam
3553 2427 3600 2481 si
3654 2429 3849 2483 servile

2247 2527 2445 2582 corpus
2473 2512 2716 2570 videntes
2747 2518 2995 2572 reverita:
3023 2526 3148 2571 sunt
3174 2534 3193 2581 ς
3220 2533 3341 2572 eum
3375 2519 3621 2575 membra
3650 2520 3850 2576 Christi

2253 2605 2507 2660 videbunt
2540 2606 2683 2678 (hoc
2712 2611 2857 2663 enim
2902 2623 3001 2664 nos
3051 2609 3237 2664 ﬁdeles
3279 2612 3528 2683 smnus),
3572 2614 3848 2684 quomodo

2250 2710 2354 2750 non
2385 2698 2706 2767 quiescent?
2733 2699 2791 2754 Si
2821 2715 2952 2755 vero
2983 2715 3087 2755 non
3116 2702 3434 2771 quiescant,
3477 2703 3532 2757 id
3578 2719 3647 2759 ex
3690 2707 3845 2777 culpa

2248 2800 2436 2841 eorum
2463 2789 2551 2857 qui
2585 2788 2765 2859 injecti
2789 2789 2987 2845 fuerint
3012 2794 3249 2847 eveniet.
3276 2793 3484 2848 Etenim
3510 2797 3667 2851 multi
3685 2808 3808 2852 sunt
3826 2839 3846 2866 ,

2248 2881 2336 2948 qui
2372 2880 2613 2935 leonibus
2642 2880 2793 2938 hisce
2822 2893 3092 2954 sumptum
3114 2884 3498 2955 suppeditant,
3529 2889 3847 2946 meretrices

2246 2971 2543 3025 nutrieutcs
2566 3013 2581 3037 ,
2618 2975 2831 3042 nuptias
2861 2976 3126 3030 violantes
3150 3020 3165 3043 ,
3189 2978 3482 3034 vindictam
3511 2980 3565 3035 in
3598 2981 3847 3037 inimicos

2246 3071 2561 3118 exercentes
2584 3078 2599 3117 :
2624 3064 2849 3135 ideoque
2869 3068 3018 3136 prius
3046 3084 3204 3135 quam
3224 3070 3290 3124 ad
3313 3072 3484 3124 solum
3509 3074 3843 3141 perveniant,

2250 3151 2636 3210 dilacerantur.
2664 3159 2731 3210 At
2757 3172 2864 3212 non
2894 3158 2943 3213 id
2973 3158 3176 3213 Dauieli
3201 3162 3459 3231 contigit;
3482 3172 3539 3216 at
3565 3180 3670 3219 nec
3694 3167 3846 3220 nobis

2247 3244 2519 3314 continget
2548 3246 2592 3300 si
2621 3246 2848 3301 velimus
2874 3289 2889 3313 ,
2920 3248 3029 3304 imo
3055 3259 3110 3304 et
3147 3251 3272 3321 quid
3308 3253 3499 3306 melius
3525 3269 3689 3324 quam
3723 3267 3846 3311 tunc

2247 3334 2471 3389 accidet.

2319 3425 2539 3496 lnjuria:
2564 3429 2713 3484 utiles
2741 3431 2991 3500 patienter
3018 3435 3220 3505 ferenti.
3244 3465 3319 3478 -—
3347 3436 3460 3492 lllie
3484 3439 3631 3492 enim
3662 3439 3846 3495 leones

2246 3534 2351 3572 non
2384 3531 2725 3587 nocuerunt;
2764 3524 2919 3578 nobis
2947 3536 3126 3579 autem
3154 3567 3170 3592 ,
3219 3527 3262 3581 si
3305 3528 3591 3598 vigilemus
3621 3572 3637 3596 ,
3691 3532 3844 3588 utiles

2202 3684 2205 3685 ν
2245 3622 2404 3666 erunt
2432 3614 2462 3666 ii
2489 3615 2577 3683 qui
2608 3615 2856 3684 iniuriam
2887 3617 3142 3672 inferunt.
3190 3620 3263 3674 Ita
3293 3630 3346 3675 et
3376 3622 3571 3677 Paulus
3600 3624 3843 3695 splendi-

2245 3704 2344 3759 dus
2374 3707 2540 3759 evasit
2568 3706 2635 3759 ab
2663 3707 2725 3761 iis
2748 3749 2763 3774 ,
2789 3710 2877 3778 qui
2905 3709 3002 3778 ipsi
3037 3712 3310 3766 molestias
3326 3722 3382 3767 et
3404 3714 3623 3770 insidias
3648 3717 3842 3772 inferc-

2246 3798 2371 3852 bant
2396 3814 2409 3863 ;
2439 3799 2517 3853 sic
2542 3798 2642 3853 Job
2667 3815 2698 3854 τ,
2739 3801 2923 3855 multis
2970 3803 3137 3872 plagis
3162 3845 3176 3869 ,
3221 3805 3300 3873 sic
3341 3804 3603 3861 Jeremias
3655 3823 3687 3861 a
3726 3810 3840 3865 lacu

2248 3890 2342 3944 luti
2372 3931 2387 3956 ,
2420 3891 2497 3945 sic
2533 3890 2647 3945 Nae
2702 3907 2730 3943 a
2776 3886 3015 3960 diluvio,
3070 3893 3149 3948 sic
3187 3894 3319 3949 Abel
3360 3896 3427 3951 ab
3468 3897 3717 3966 insidiis,
3767 3904 3841 3957 sic

2248 3981 2459 4052 Moyses
2487 3998 2515 4035 a
2547 3984 2899 4052 sanguinariis
2931 3983 3129 4040 Iudaeis
3155 4026 3169 4051 ,
3200 3986 3279 4041 sic
3320 3988 3547 4044 Elismus
3572 3991 3701 4055 ,sic
3732 4008 3841 4047 tna-

2247 4088 2471 4145 gnorum
2502 4075 2710 4129 illorum
2742 4076 2937 4144 singuli
2969 4117 2982 4141 ,
3018 4092 3124 4131 non
3155 4094 3182 4129 a
3214 4079 3394 4148 quiete
3432 4090 3490 4134 et
3535 4083 3837 4153 voluptate,

2247 4167 2340 4220 sed
2371 4167 2438 4221 ab
2466 4167 2722 4221 aerumnis
2758 4177 2811 4221 et
2854 4169 3239 4223 teutationihus
3277 4170 3559 4240 splendide
3599 4177 3837 4230 corona"

2246 4270 2388 4313 sunt.
2422 4259 2547 4313 ideo
2578 4259 2825 4314 Christus
2854 4259 2991 4313 hanc
3019 4274 3139 4314 eum
3171 4272 3354 4317 nosset
3397 4262 3474 4318 rei
3509 4266 3709 4321 eximie
3747 4282 3841 4338 ge-

2248 4351 2428 4407 renda:
2459 4353 2757 4417 rationem,
2786 4352 3061 4422 discipulis
3089 4353 3300 4409 dicebat
3333 4374 3345 4409 :
3380 4352 3445 4407 In
3469 4361 3657 4409 mundo
3680 4361 3842 4411 tribu-

2180 4482 2189 4489 .
2249 4445 2484 4497 lationem
2551 4445 2780 4509 habetis;
2839 4445 2927 4497 sed
2978 4446 3259 4514 conﬁdite,
3309 4463 3401 4517 ego
3453 4448 3549 4500 uici
3598 4451 3844 4503 mandunt

2251 4532 2430 4605 (Joan
2480 4534 2565 4588 16.
2594 4535 2663 4589 55
2688 4534 2728 4605 ).
2759 4535 2894 4603 Quid
2923 4537 3096 4606 ergo?
3123 4538 3371 4605 inquies;
3398 4553 3577 4592 annon
3607 4540 3760 4595 multi
3782 4542 3847 4595 ab

2251 4626 2504 4680 (erumnis
2532 4627 2773 4681 subversi
2806 4630 2974 4682 sunt?
3022 4628 3135 4683 Non
3179 4630 3247 4684 oh
3292 4634 3648 4686 tentationum
3698 4643 3847 4688 natu-

2251 4734 2364 4772 ram
2389 4760 2404 4784 ,
2440 4719 2531 4773 scd
2561 4719 2631 4771 ob
2658 4734 2808 4773 suam
2845 4720 3132 4788 ignaviam.
3178 4720 3279 4788 Qui
3328 4732 3506 4775 autem
3552 4724 3679 4777 iacit
3726 4740 3844 4779 cum

2252 4812 2543 4865 tcutalione
2591 4820 2951 4880 proventum,
3000 4812 3069 4865 ita
3120 4822 3174 4864 ut
3221 4813 3489 4880 possimus
3534 4816 3843 4880 sustinere,

2253 4905 2365 4973 ipse
2407 4905 2545 4957 adsit
2587 4905 2837 4959 omnibus
2881 4904 3034 4957 nobis
3082 4913 3136 4957 et
3188 4920 3406 4957 manum
3464 4908 3741 4977 porrigat,
3796 4921 3847 4962 ut

2254 4998 2417 5065 spletn
2450 4996 2530 5050 ide
2562 4997 2818 5050 celebrati
2844 5039 2855 5058 ,
2891 5007 3121 5050 aeternas
3151 5012 3548 5067 consequamur
3578 5015 3810 5055 coronas
3833 5045 3847 5068 ,

2253 5090 2420 5157 gratia
2477 5096 2531 5142 et
2583 5088 2910 5156 benignitate
2955 5088 3163 5141 Domini
3210 5091 3376 5142 uestri
3424 5089 3549 5144 Jesu
3605 5089 3847 5157 Christi,

2256 5179 2469 5247 quicum
2499 5177 2639 5233 Patri
2670 5188 2721 5229 et
2748 5178 2966 5245 Spiritui
2992 5187 3177 5231 S'JIICln
3200 5179 3366 5248 gloria
3398 5222 3413 5245 ,
3443 5181 3616 5235 lmnor
3644 5222 3657 5245 ,
3684 5184 3851 5253 impe-

2258 5270 2625 5337 rium,nuncet
2643 5284 2857 5338 semper
2885 5312 2899 5337 ,
2926 5281 2975 5324 et
3000 5272 3050 5323 in
3075 5273 3268 5326 Saecula
3288 5276 3632 5327 SLl'CulUl'llttt.
3653 5278 3843 5334 Amen.

1976 5539 2317 5601 HOMILIA
2365 5541 2445 5601 1V

568 5716 696 5772 Cir.
728 5718 767 5774 1.
814 5730 865 5768 v.
902 5712 990 5768 ‘26.
1037 5712 1161 5766 Ideo
1205 5710 1414 5764 tradidit
1456 5710 1570 5764 illos
1617 5708 1747 5763 Deus
1794 5710 1845 5762 in
1889 5710 2145 5779 passiones

642 5808 949 5879 inueniunt.
982 5804 1116 5859 Nam
1147 5805 1347 5875 femina
1386 5819 1558 5857 eorum
1592 5813 1905 5855 mutaverunt
1935 5813 2146 5854 natura-

642 5902 737 5954 lem
766 5900 979 5954 usumin
1008 5914 1118 5951 eum
1148 5941 1159 5965 ,
1194 5899 1275 5968 qui
1298 5907 1367 5952 est
1390 5905 1565 5951 contra
1593 5904 1844 5948 naturam.
1866 5894 1955 5947 9.7.
1984 5894 2140 5949 Simi-

2332 5712 2442 5764 liter
2472 5720 2518 5765 ct
2546 5712 2757 5764 masculi
2784 5754 2797 5775 ,
2822 5713 2995 5767 relicto
3020 5716 3239 5769 naturali
3265 5733 3358 5773 ttstt
3384 5720 3591 5788 femina:
3615 5763 3629 5784 ,
3656 5740 3853 5780 curse-

2335 5812 2448 5855 rnnt
2478 5804 2525 5855 in
2558 5803 2819 5858 desideriis
2847 5807 2953 5859 suis
2978 5806 3027 5858 in
3054 5806 3285 5861 invicem.

2339 5896 2387 5949 1.
2432 5895 2712 5951 Passiones
2762 5912 2952 5951 omnes
2998 5898 3361 5969 ignominiosae
3412 5915 3535 5960 -unt
3567 5944 3583 5975 ,
3634 5918 3856 5960 maxime
