4056 6516
281 454 381 510 ΗἹ

281 585 408 628 vero
438 567 646 624 insania
672 583 797 639 erga
825 566 1090 621 masculos
1117 582 1131 620 :
1159 563 1356 620 etenim
1385 561 1559 616 anima
1588 561 1705 631 plus
1737 560 1864 630 pati-

278 669 368 714 tur
394 669 450 717 et
478 659 676 715 rubore
700 657 1022 713 suffunditur
1058 658 1109 709 in
1160 654 1394 724 peccatis
1419 695 1433 718 ,
1485 668 1642 723 quam
1681 666 1878 720 corpus

279 758 334 809 in
365 752 785 808 infirmitatibus.
818 749 1094 820 Perpende
1126 762 1304 804 autem
1346 755 1615 818 quomodo
1658 745 1743 800 hic
1772 744 1878 798 illis

277 849 488 903 veniam
519 846 746 917 deneget
773 886 788 908 ,
840 844 1061 914 perinde
1101 851 1261 912 atque
1310 842 1360 895 in
1402 839 1779 910 dogmatibus:
1811 835 1880 892 de

277 941 595 996 mulieribus
646 939 862 1008 quidem
914 939 1103 992 dicens
1147 954 1161 990 :
1223 935 1550 990 Mutaverunt
1593 933 1879 986 naturalem

278 1049 448 1085 usum.
482 1032 597 1088 Non
629 1033 773 1086 enim
805 1030 987 1085 dicere
1016 1038 1276 1099 possunt,
1308 1027 1516 1099 inquit,
1545 1042 1604 1082 sc
1637 1024 1874 1096 prohibio

279 1134 362 1177 tas
391 1123 459 1179 ab
488 1139 556 1179 eo
579 1165 593 1188 ,
623 1122 713 1194 qui
745 1123 1039 1177 secundum
1073 1121 1243 1192 legem
1273 1128 1395 1184 est,
1430 1118 1575 1174 coitu
1601 1160 1616 1183 ,
1661 1116 1728 1170 ad
1777 1115 1880 1170 hoc

277 1218 647 1286 processisse;
680 1229 858 1285 neque
902 1230 995 1281 se,
1030 1229 1151 1269 cum
1202 1229 1306 1266 non
1353 1219 1573 1281 pensent
1619 1208 1876 1279 concupi-

277 1312 539 1366 scentiam
591 1326 745 1366 suam
793 1309 1058 1378 implere,
1106 1306 1173 1362 ad
1222 1305 1360 1361 hanc
1401 1305 1628 1360 alienam
1674 1302 1878 1358 rabiem

275 1403 566 1473 impegisse
593 1421 608 1458 :
639 1419 758 1457 nam
788 1403 1014 1456 mutatio
1040 1416 1225 1455 eorum
1253 1409 1336 1456 est
1356 1443 1369 1461 .
1399 1399 1490 1470 qui
1514 1398 1625 1468 jam
1654 1406 1836 1452 tenent
1862 1413 1875 1449 :

272 1496 419 1568 quod
446 1498 606 1551 etiam
634 1496 701 1552 de
730 1493 1071 1567 dogmatibus
1105 1495 1332 1564 loquens
1358 1492 1569 1547 dicebat
1598 1507 1616 1548 :
1649 1489 1877 1544 Mutave-

272 1598 395 1641 runt
424 1589 681 1642 veritatem
713 1587 807 1641 Dei
844 1588 894 1640 in
941 1586 1282 1640 mendacium.
1330 1584 1404 1639 De
1455 1584 1705 1639 masculis
1748 1597 1878 1638 vero

273 1694 466 1734 rursus
494 1680 601 1733 alio
631 1680 791 1732 modo
821 1678 1050 1748 idipsum
1077 1676 1439 1748 significavit,
1473 1676 1658 1730 dicens
1689 1691 1702 1728 :
1738 1675 1879 1730 Reli-

271 1782 356 1826 cto
387 1771 610 1825 naturali
639 1787 732 1824 usu
752 1771 975 1842 feminea.
1013 1769 1128 1824 l’ari
1156 1769 1316 1824 modo
1342 1768 1428 1824 bis
1453 1779 1507 1824 et
1536 1768 1639 1822 illis
1670 1768 1876 1822 nullum

273 1863 533 1932 relinquit
563 1876 683 1917 sese
717 1862 976 1933 purgandi
1010 1861 1230 1917 modum
1260 1875 1561 1917 :accusans
1585 1861 1706 1915 illos
1730 1901 1745 1926 ,
1770 1875 1876 1914 non

275 1954 444 2009 modo
470 1955 610 2024 quod
637 1969 791 2008 suum
825 1954 1085 2010 habentes
1116 1952 1326 2008 fruendi
1358 1952 1574 2007 modum
1601 1993 1616 2018 ,
1647 1951 1737 2007 illo
1782 1967 1877 2006 re-

272 2048 403 2102 licto
433 2048 498 2101 ad
526 2047 690 2102 alium
719 2049 996 2102 venissent
1021 2064 1034 2113 ;
1066 2047 1160 2102 sed
1190 2047 1352 2102 etiam
1375 2045 1517 2116 quod
1540 2054 1724 2116 Spreto
1747 2046 1838 2100 illo
1858 2087 1874 2114 ,

272 2141 366 2210 qui
396 2141 693 2195 secundum
725 2153 971 2195 naturam
999 2150 1115 2195 crat
1134 2183 1148 2206 ,
1202 2140 1270 2196 ad
1315 2139 1480 2195 alium
1509 2149 1697 2196 centra
1727 2150 1880 2195 natu-

272 2246 390 2285 ram
423 2231 793 2302 confugerent.
823 2233 1131 2286 Difticiliora
1159 2241 1338 2286 autem
1363 2241 1418 2286 et
1441 2232 1730 2302 ingratiora
1754 2240 1880 2286 sunt

271 2323 365 2377 illa
399 2333 583 2377 contra
612 2333 897 2390 naturam;
931 2325 1000 2378 ita
1043 2334 1101 2379 ut
1144 2341 1248 2378 non
1296 2324 1500 2393 possint
1549 2324 1876 2393 voluptatem

272 2415 614 2484 praetendere
668 2433 681 2468 :
733 2418 960 2485 genuina
1013 2417 1211 2487 quippe
1253 2415 1539 2485 voluptas,
1583 2415 1877 2470 secundum

274 2518 524 2563 naturam
549 2517 671 2573 est;
703 2509 796 2563 sed
831 2524 950 2562 cum
980 2508 1122 2563 Deus
1160 2507 1484 2577 derelinquit
1509 2549 1523 2572 ,
1567 2509 1746 2561 omnia
1789 2522 1880 2561 sus

272 2602 452 2672 deque
482 2612 784 2656 vertuntur.
820 2601 946 2656 lden
993 2618 1100 2656 non
1147 2601 1340 2671 dogma
1385 2611 1586 2655 tantum
1643 2601 1880 2671 ipsorum

271 2694 573 2750 satanicum
603 2705 756 2762 erat,
789 2694 882 2749 sed
910 2697 1072 2748 etiam
1103 2695 1207 2748 vita
1241 2693 1526 2748 diabolica.
1558 2691 1689 2747 Cum
1725 2694 1884 2763 igitur

272 2787 341 2842 de
395 2788 738 2857 dogmatibus
790 2788 1124 2853 dissereret,
1181 2787 1440 2841 mundum
1490 2797 1545 2842 et
1593 2787 1881 2841 humanam

272 2889 510 2936 mentem
543 2882 595 2936 in
626 2881 860 2936 medium
907 2883 1128 2948 attulit,
1176 2882 1364 2936 dicens
1407 2897 1473 2936 ex
1523 2881 1803 2951 prudentia
1853 2896 1883 2934 a

278 2974 387 3027 Deo
408 2973 508 3027 sibi
534 2973 656 3027 data
687 3014 703 3039 ,
729 2973 967 3042 potuisse
995 2973 1242 3042 homines
1267 2989 1360 3042 per
1382 2974 1610 3027 visibilia
1635 2973 1700 3025 ad
1721 2972 1887 3026 Crea—

275 3074 447 3119 torem
507 3064 678 3120 duci:
724 3065 1027 3135 deindeque
1082 3049 1371 3132 nolentes,
1427 3065 1581 3119 venia
1635 3063 1885 3135 indignos

274 3157 559 3212 mansisse.
597 3159 692 3214 llic
739 3168 917 3213 autem
963 3157 1148 3213 mundi
1191 3159 1311 3214 loco
1367 3158 1732 3226 voluptatem,
1763 3173 1885 3224 qure

273 3253 574 3306 secundum
608 3263 854 3306 naturam
887 3263 1010 3316 est,
1055 3253 1270 3322 posuit,
1315 3267 1418 3322 qua
1463 3259 1714 3323 poterant
1760 3265 1884 3305 cum

278 3342 535 3398 libertate
576 3359 639 3397 ac
666 3345 853 3413 majori
888 3343 1068 3398 laetitia
1103 3344 1244 3408 frui,
1284 3355 1447 3415 atque
1487 3360 1514 3398 a
1557 3343 1887 3414 turpitudine

277 3433 498 3488 liberari
525 3451 541 3498 ;
571 3434 667 3490 sed
695 3436 979 3490 noluerunt
1009 3453 1023 3501 ;
1053 3436 1197 3490 unde
1224 3436 1295 3490 ab
1321 3437 1467 3490 onmi
1496 3437 1650 3491 venia
1681 3436 1885 3491 exclusi

275 3534 440 3590 sunt,
472 3526 644 3595 ipsam
674 3536 922 3583 naturam
957 3527 1420 3583 dehonestantes:
1470 3527 1723 3599 quodque
1768 3537 1884 3580 tur-

277 3618 398 3686 pius
438 3625 559 3681 cst,
593 3633 713 3672 cum
758 3627 814 3674 et
857 3619 1112 3675 mulieres
1160 3635 1258 3674 eos
1302 3627 1625 3690 appeterent
1667 3619 1842 3674 coitus
1868 3660 1882 3684 ,

279 3722 420 3779 quos
445 3724 566 3763 cum
608 3711 801 3779 majori
852 3711 1056 3781 pudore
1094 3710 1246 3767 adire
1290 3726 1386 3781 par
1434 3723 1586 3779 erat,
1634 3726 1794 3781 quant
1841 3712 1886 3767 si

280 3815 405 3854 cum
439 3800 568 3855 viris
595 3802 873 3857 coiisscnt.
908 3803 1005 3858 llic
1032 3818 1161 3858 vero
1199 3804 1559 3859 admiratione
1607 3804 1763 3876 digna
1805 3814 1889 3860 est

279 3890 431 3946 Pauli
465 3892 747 3962 prudentia
777 3935 791 3957 ,
825 3909 933 3965 quo
961 3904 1119 3965 pacto
1149 3910 1272 3949 cum
1305 3896 1358 3949 in
1389 3911 1476 3950 res
1505 3896 1639 3950 duas
1665 3907 1885 3952 contra-

279 3981 390 4036 rias
421 3982 685 4038 incideret
708 4025 723 4049 ,
756 3993 1037 4055 utramque
1068 4001 1188 4040 cum
1216 3987 1362 4040 omni
1394 3986 1740 4042 accuratione
1769 4002 1892 4056 per-

281 4075 489 4132 fecerit.
533 4077 760 4132 Volebat
803 4079 948 4133 cnim
994 4088 1051 4134 et
1108 4088 1255 4134 caste
1299 4079 1488 4149 loqui,
1539 4088 1594 4134 et
1639 4082 1889 4137 mordere

279 4170 582 4224 auditorem
615 4187 628 4224 :
660 4170 774 4224 brae
799 4181 979 4226 autem
1008 4170 1168 4226 ambo
1191 4170 1369 4226 facere
1394 4188 1499 4226 non
1534 4172 1761 4239 licebat,
1792 4173 1888 4228 sed

278 4263 510 4316 alterum
540 4261 693 4316 alteri
721 4261 1012 4316 officiebat.
1041 4262 1096 4318 Si
1125 4263 1267 4316 enim
1295 4272 1444 4318 caste
1470 4263 1707 4331 lolluaris
1733 4303 1748 4328 ,
1780 4280 1886 4320 non

282 4354 486 4423 poteris
514 4354 878 4424 perstringere
904 4353 1203 4408 auditorem
1229 4371 1243 4422 ;
1275 4356 1358 4409 sin
1386 4355 1518 4410 velis
1541 4356 1891 4412 vehementer

283 4445 558 4500 incessere
583 4487 596 4510 ,
630 4461 744 4501 rem
774 4488 788 4510 ,
817 4461 978 4518 quam
1023 4446 1160 4501 dicis
1183 4488 1198 4513 ,
1224 4446 1364 4501 unde
1392 4455 1448 4501 ct
1475 4450 1621 4504 clare
1649 4449 1892 4518 proferre

279 4538 510 4606 cogeris.
543 4535 741 4592 Verum
772 4539 1009 4608 prudens
1037 4523 1123 4591 illa
1153 4546 1207 4592 et
1233 4548 1417 4593 saneta
1452 4540 1630 4593 anima
1674 4552 1888 4595 utrum-

279 4642 384 4697 quc
409 4627 579 4696 potuit
601 4643 722 4682 eum
749 4631 1094 4684 accuratione
1116 4628 1294 4684 facere
1319 4671 1334 4695 ,
1366 4631 1416 4683 in
1438 4639 1643 4693 natura:
1668 4634 1891 4688 nomine

280 4729 336 4774 et
366 4721 763 4776 accusationem
795 4737 998 4793 augens
1022 4764 1035 4789 ,
1088 4733 1140 4777 et
1178 4725 1328 4793 quasi
1355 4725 1634 4780 involucro
1656 4727 1889 4797 quodam

279 4811 372 4866 illo
401 4821 556 4867 utens
583 4854 597 4877 ,
629 4824 685 4867 ut
715 4823 894 4868 castus
921 4823 1066 4869 esset
1095 4815 1346 4885 loquendi
1381 4819 1596 4871 modus.

354 4901 537 4956 Libido
584 4915 763 4958 contra
799 4916 1036 4959 naturam
1079 4907 1354 4961 horrenda.
1380 4939 1448 4949 —
1481 4911 1685 4966 Deinde
1737 4924 1889 4982 post-

277 5010 438 5064 quam
473 4995 730 5050 mulieres
759 4998 990 5066 primnm
1022 5000 1416 5068 perstrinxerat
1443 5042 1458 5067 ,
1492 5003 1557 5056 ad
1591 5003 1737 5058 viros
1759 5020 1889 5076 pro-

277 5087 422 5140 cedit
452 5127 467 5152 ,
500 5086 689 5143 dicens
719 5104 732 5141 :
769 5089 1017 5144 Similiter
1060 5102 1108 5145 et
1159 5093 1411 5160 masculi,
1455 5096 1632 5149 relicto
1665 5099 1891 5152 naturali

276 5194 376 5232 usu
404 5179 609 5249 fortuna:
631 5195 650 5234 :
682 5179 822 5249 quod
855 5189 1113 5236 extremae
1142 5185 1398 5252 perniciei
1431 5189 1744 5256 exemplum
1775 5199 1883 5256 cst,

276 5287 400 5326 cum
435 5282 659 5343 uterque
688 5288 852 5328 sexus
879 5283 1164 5344 corruptus
1190 5285 1274 5331 est
1299 5319 1312 5342 ,
1344 5288 1398 5333 et
1426 5277 1507 5333 vir
1529 5321 1542 5344 ,
1575 5295 1665 5350 qm
1691 5281 1888 5337 mulie-

277 5363 355 5417 ris
383 5364 637 5433 magiSIcr
663 5373 747 5419 est
772 5367 1094 5421 constitutus
1121 5408 1139 5436 ,
1189 5376 1244 5423 ct
1290 5368 1489 5424 femina
1516 5413 1528 5435 ,
1564 5387 1683 5441 qum
1724 5374 1882 5444 adju-

280 5457 385 5510 trix
414 5457 513 5511 viri
545 5472 664 5512 esse
685 5458 837 5529 jussa
861 5468 947 5515 est
969 5501 983 5526 ,
1015 5476 1133 5532 quae
1162 5462 1502 5519 inimicorum
1527 5476 1691 5533 sunt,
1719 5470 1889 5523 utrin-

276 5566 383 5621 que
442 5562 628 5607 mutuo
677 5564 862 5624 agunt.
926 5554 1206 5626 Perpende
1264 5568 1444 5612 autem
1499 5575 1620 5613 cum
1683 5573 1883 5631 quanta

281 5641 527 5711 emphasi
573 5643 736 5699 verba
777 5647 1054 5702 adhibeat.
1098 5647 1215 5702 Non
1261 5651 1405 5705 enim
1450 5649 1592 5705 dixit
1639 5653 1786 5723 ipsos
1830 5671 1890 5712 se

276 5746 466 5790 nmtuo
496 5751 710 5792 amasse
739 5747 794 5793 et
819 5741 1196 5811 concupivisse
1221 5758 1235 5807 ;
1287 5743 1383 5798 sed
1408 5785 1423 5809 ,
1473 5743 1788 5799 Exarserunt
1837 5748 1888 5800 in

274 5827 543 5884 desideriis
566 5830 674 5884 suis
697 5829 752 5884 in
777 5830 1008 5888 invicem.
1042 5833 1230 5890 Vidcn‘
1250 5844 1420 5890 totum
1449 5836 1612 5892 fuisse
1634 5853 1700 5892 ex
1725 5839 1887 5892 nimia

273 5922 716 5995 concupiscentia
747 5964 761 5992 ,
788 5940 905 5995 qtae
935 5942 1039 5981 non
1069 5936 1276 5997 poterat
1307 5927 1445 5984 intra
1472 5927 1732 5985 terminos
1761 5945 1888 5985 suos

1221 6135 1250 6147 ρ

1386 443 1451 499 IN
1490 441 1705 499 EPIST.
1749 442 1840 498 AD
1879 439 2042 496 R03].
2090 438 2320 495 llOlllL
2364 437 2447 499 lV.

3486 464 3591 518 418

1997 557 2299 612 contineri?
2323 557 2592 628 Quidquid
2610 557 2751 613 enim
2771 558 2986 614 excedit
3007 559 3156 630 leges
3176 575 3206 616 a
3240 564 3343 618 Deo
3365 567 3587 634 positas,

1986 650 2164 706 aliena
2215 650 2550 721 concupiscit
2573 694 2588 719 ,
2619 667 2722 708 nec
2751 661 2858 706 stat
2891 653 2943 707 in
2976 656 3286 710 constitutis
3319 659 3589 717 terminis.

1985 739 2134 796 Sicut
2155 741 2296 795 enim
2321 741 2472 796 multi
2495 756 2640 812 saepe
2667 785 2682 809 ,
2699 743 2893 799 relicto
2921 743 3300 802 alimentorum
3325 751 3590 819 appetitu,

1988 842 2184 888 terram
2214 845 2267 890 et
2295 835 2503 902 lapides
2534 850 2729 906 parvos
2768 837 3098 904 comedunt;
3141 849 3197 895 et
3242 841 3333 896 alii
3376 843 3590 899 ardenti

1986 928 2218 996 correpti
2246 928 2373 992 siti,
2406 927 2575 982 lutum
2609 928 2930 1001 plerumque
2955 943 3214 1001 appetunt
3247 951 3260 988 :
3303 936 3381 989 sic
3416 945 3469 991 ct
3516 937 3592 992 illi

1987 1018 2040 1072 in
2068 1033 2306 1073 amorem
2339 1019 2488 1074 ἱΙΙηιιι
2524 1021 2765 1092 iniquum
2794 1037 3134 1079 exarserunt.
3170 1026 3324 1094 Quod
3353 1029 3399 1081 si
3435 1028 3593 1084 dixe-

1986 1110 2059 1164 ris
2091 1129 2104 1165 :
2137 1112 2201 1166 Et
2228 1113 2368 1169 unde
2409 1113 2540 1169 illud
2582 1124 2789 1169 tantum
2837 1118 3292 1186 concupiscentiae
3330 1136 3596 1192 augmen-

1987 1205 2141 1258 tum?
2198 1203 2276 1260 Ex
2319 1221 2423 1273 eo,
2473 1207 2619 1276 quod
2663 1208 2806 1263 Deus
2848 1209 3219 1281 dereliquerit.
3270 1213 3364 1268 Det
3412 1223 3593 1270 autem

1984 1295 2262 1353 derelictio
2292 1301 2474 1355 unde?
2506 1301 2580 1355 Ex
2613 1302 2895 1372 iniquitate
2926 1320 3113 1360 eorum
3137 1349 3151 1372 ,
3178 1307 3268 1377 qui
3292 1308 3598 1380 derelique-

1986 1399 2108 1443 runt
2128 1405 2250 1445 eum
2274 1409 2286 1445 :
2309 1391 2532 1448 Masculi
2558 1394 2609 1447 in
2634 1397 2889 1450 masculos
2911 1397 3281 1467 turpitudinem
3299 1413 3593 1470 operantes.

2055 1481 2108 1537 2.
2152 1482 2229 1539 Ne
2262 1485 2382 1554 quia
2416 1487 2655 1554 audisti,
2696 1487 3018 1545 Exarscrunt
3042 1534 3056 1556 ,
3103 1502 3258 1562 putes
3298 1496 3349 1550 in
3388 1511 3593 1551 concu-

1984 1575 2245 1645 piscentia
2276 1587 2479 1633 tantum
2511 1580 2630 1636 sisti
2659 1583 2905 1638 morbum
2935 1602 2949 1637 :
2976 1600 3100 1639 nam
3135 1594 3190 1639 ut
3217 1587 3502 1656 plurimum
3527 1592 3597 1645 ab

1985 1682 2172 1722 eorum
2231 1669 2438 1740 ignavia
2493 1674 2807 1728 accenditur
2845 1678 3304 1747 concupiscentia.
3360 1681 3596 1751 Ideoque

1986 1772 2091 1812 non
2121 1758 2255 1814 dixit
2279 1801 2293 1824 ,
2328 1761 2589 1817 Pertracti
2613 1804 2626 1826 ,
2657 1764 2740 1819 vel
2770 1765 3139 1838 Praioccupati
3171 1811 3186 1834 ,
3228 1779 3284 1824 ut
3323 1770 3448 1827 alibi
3479 1775 3554 1828 ait
3578 1816 3592 1837 ,

1984 1849 2078 1904 sed
2111 1850 2282 1921 quid?
2312 1851 2615 1924 Operantes.
2649 1855 2706 1910 ln
2733 1872 2868 1926 opus
2897 1858 3172 1916 deduxere
3198 1873 3474 1932 peccatum
3501 1883 3515 1933 ;
3543 1877 3596 1922 et

1986 1957 2091 1996 non
2121 1942 2295 1998 solum
2323 1944 2375 1999 in
2405 1961 2541 2016 opus
2566 1987 2581 2012 ,
2618 1947 2713 2003 sed
2742 1949 2904 2004 etiam
2927 1964 3051 2006 cum
3081 1953 3258 2008 studio
3280 1965 3334 2010 et
3357 1956 3592 2012 fervore.

1984 2034 2095 2090 Nec
2137 2035 2309 2104 dixit,
2346 2038 2854 2110 Concupiscentiam
2883 2059 2898 2107 ;
2933 2043 3028 2099 sed
3062 2042 3312 2117 preprie,
3349 2048 3597 2120 Turpitu-

1985 2127 2156 2181 dinem
2184 2143 2203 2182 :
2231 2145 2351 2183 nam
2386 2142 2438 2185 et
2474 2140 2721 2187 naturam
2759 2132 3151 2204 deturparunt,
3185 2148 3239 2194 et
3277 2140 3423 2212 leges
3461 2157 3598 2198 con-

1985 2221 2287 2277 culcavere.
2320 2223 2384 2277 Et
2421 2225 2544 2279 vide
2584 2225 2960 2282 confusionem
3005 2231 3228 2285 multam
3263 2249 3331 2288 ex
3371 2245 3600 2306 utraque

1990 2322 2139 2381 parte
2164 2321 2359 2369 ortam.
2384 2314 2569 2386 Neque
2592 2318 2753 2373 modo
2775 2321 2919 2374 enim
2942 2333 3102 2391 caput
3130 2324 3340 2381 inferne
3364 2329 3596 2396 positum

1987 2414 2068 2459 est
2093 2449 2108 2469 ,
2145 2407 2240 2461 sed
2273 2402 2432 2462 etiam
2481 2410 2648 2479 pedes
2683 2425 2922 2480 superne
2945 2457 2961 2480 ,
2996 2425 3161 2486 atque
3202 2419 3402 2474 inimici
3434 2432 3489 2476 et
3516 2424 3602 2480 sui

1988 2506 2042 2552 et.
2065 2510 2251 2554 mutuo
2278 2499 2401 2556 facti
2424 2510 2582 2569 sunt,
2604 2520 2822 2573 gravem
2848 2508 3136 2574 quamdam
3162 2551 3176 2574 ,
3204 2512 3557 2583 multiplicem
3580 2557 3598 2583 ,

1988 2593 2232 2660 variam,
2276 2609 2339 2650 ac
2377 2597 2571 2664 quovis
2623 2597 2766 2653 bello
2805 2600 2950 2655 civili
3000 2601 3323 2674 iniquiorem
3365 2625 3600 2680 pugnam

1991 2684 2327 2741 inducentes.
2361 2687 2574 2743 Etenim
2608 2691 2658 2742 in
2686 2702 2917 2761 quatuor
2941 2693 3085 2748 illam
3111 2697 3324 2766 species
3356 2716 3521 2757 vanas
3549 2713 3606 2758 et

1992 2775 2200 2844 iniquas
2225 2776 2527 2833 diviserunt
2552 2797 2565 2833 :
2595 2794 2701 2834 no:i
2731 2782 2874 2836 enim
2903 2783 3099 2855 duplex
3123 2796 3215 2840 ant
3241 2789 3434 2859 triplex
3461 2833 3475 2856 ,
3505 2793 3599 2846 sed

1991 2873 2153 2924 etiam
2183 2873 2514 2942 quadruplex
2540 2876 2642 2930 hoc
2666 2876 2864 2932 bellum
2895 2890 3032 2933 erat.
3067 2881 3348 2953 Perpende
3369 2897 3550 2943 autem
3586 2909 3599 2944 :

1990 2963 2274 3030 oportebat
2309 2964 2484 3032 duos,
2536 2967 2711 3022 virum
2763 2979 2818 3023 et
2867 2972 3184 3042 mulierem,
3228 2993 3391 3032 unum
3435 2995 3600 3036 esse:

1991 3068 2116 3106 nam
2145 3054 2222 3110 ait
2247 3095 2262 3121 ,
2296 3055 2468 3112 Erunt
2499 3057 2599 3111 duo
2630 3077 2683 3112 ut
2709 3077 2864 3114 carne
2890 3079 2994 3116 una
3026 3063 3046 3133 (
3072 3063 3200 3120 Gen.
3227 3068 3284 3126 2.
3307 3069 3378 3124 24
3398 3071 3438 3140 ).
3470 3071 3604 3128 Illud

1993 3161 2155 3215 porro
2203 3146 2468 3203 efficiebat
2510 3151 2770 3206 consortii
2812 3157 3296 3229 concupiscentia,
3343 3173 3398 3218 et
3443 3179 3607 3220 sexus

1994 3247 2181 3294 nmluo
2203 3240 2483 3312 iungebat.
2531 3243 2642 3299 llac
2675 3253 2856 3300 autem
2887 3248 3098 3305 sublata
3128 3251 3376 3311 diabolus
3408 3272 3606 3314 concu-

1994 3331 2255 3402 piscentia
2281 3374 2295 3398 ,
2330 3342 2384 3389 et
2411 3335 2461 3390 in
2493 3337 2657 3391 alium
2689 3337 2906 3393 modum
2936 3340 3177 3398 derivata
3205 3388 3220 3412 ,
3263 3348 3341 3404 sic
3372 3363 3537 3406 sexus
3575 3370 3604 3408 a

1993 3433 2180 3477 mutuo
2195 3429 2470 3478 consortio
2482 3425 2662 3481 divisit
2677 3470 2692 3494 ,
2709 3439 2763 3483 et
2783 3428 2832 3483 id
2847 3429 3054 3496 effecit,
3072 3443 3130 3487 ut
3148 3437 3288 3506 quod
3309 3454 3475 3495 unum
3491 3453 3610 3498 erat

1993 3514 2112 3568 dua:
2129 3525 2310 3570 essent
2334 3527 2512 3586 partes
2534 3560 2549 3584 ,
2571 3518 2731 3588 idque
2751 3530 2938 3576 contra
2965 3523 3059 3579 Dei
3085 3524 3292 3596 legem;
3319 3532 3433 3601 ipse
3456 3550 3610 3590 nam-

1992 3620 2099 3676 que
2124 3606 2262 3662 dixit
2289 3624 2303 3661 :
2342 3606 2506 3662 Erant
2533 3611 2634 3664 duo
2655 3612 2706 3665 in
2729 3628 2884 3666 carne
2906 3631 3008 3668 una
3039 3631 3058 3670 :
3083 3617 3173 3673 ille
3205 3636 3334 3678 vero
3362 3641 3522 3680 unam
3554 3629 3607 3682 in

1995 3697 2134 3753 duas
2160 3698 2360 3754 divisit.
2395 3701 2533 3756 Ecce
2562 3703 2756 3757 bellum
2783 3721 2966 3759 unum.
2999 3707 3314 3781 Rursnslpte
3341 3715 3438 3771 bas
3467 3717 3605 3774 duas

1997 3800 2200 3859 partes,
2226 3801 2283 3845 ut
2315 3791 2516 3848 bellum
2540 3803 2594 3849 et
2624 3795 2725 3851 sibi
2758 3797 2888 3865 ipsis
2914 3808 2967 3854 et
2994 3811 3179 3855 mutuo
3211 3804 3489 3871 inferrent,
3525 3813 3609 3866 ef-

1995 3881 2126 3938 fecit
2157 3900 2171 3938 :
2206 3884 2461 3940 mulieres
2487 3887 2630 3941 enim
2657 3891 3040 3951 contumeliam
3072 3893 3378 3954 inferebant
3419 3903 3612 3958 mulie-

1995 3976 2163 4042 ribus,
2191 3992 2288 4032 ucc
2315 3979 2476 4032 modo
2499 3980 2658 4045 viris;
2690 3983 2789 4036 viri
2814 3998 3027 4054 quoque
3051 3998 3238 4043 c0otra
3263 3991 3408 4046 viros
3435 3995 3612 4050 insur-

1994 4079 2291 4136 rexerunt,
2346 4080 2400 4125 et
2449 4082 2638 4127 contra
2694 4074 3013 4131 muliebrem
3069 4095 3296 4146 sexum,
3350 4088 3501 4154 quasi
3553 4089 3611 4145 in

1995 4162 2226 4232 quadam
2269 4173 2531 4219 nocturna
2573 4180 2770 4237 pugna.
2805 4167 3052 4224 Vidistin‘
3082 4177 3381 4231 secundum
3412 4190 3465 4235 ct
3496 4192 3610 4237 ter-

1997 4256 2128 4309 tium
2168 4256 2403 4322 bellum;
2450 4258 2558 4312 imo
2589 4268 2644 4314 et
2669 4268 2919 4329 quartum
2948 4271 3000 4318 et
3028 4266 3314 4333 quintum?
3346 4271 3436 4325 Est
3462 4276 3609 4330 enim

1996 4356 2051 4402 et
2077 4346 2218 4401 aliud
2252 4365 2264 4400 :
2295 4363 2418 4403 nam
2450 4365 2571 4404 cum
2600 4351 2948 4419 supradictis,
2984 4354 3035 4408 in
3067 4354 3235 4423 ipsam
3264 4376 3479 4432 quoque
3509 4383 3609 4418 na-

1999 4448 2172 4494 turam
2206 4441 2385 4510 inique
2415 4451 2662 4511 egerunt.
2708 4443 2808 4499 Ubi
2849 4446 2982 4500 vidit
3012 4449 3154 4503 cnim
3195 4450 3443 4508 diabolus
3472 4455 3611 4514 hanc

1997 4533 2487 4602 concupiscentiam
2516 4549 2678 4590 sexus
2706 4537 2939 4592 maxime
2965 4541 3220 4609 copulare
3239 4583 3256 4609 ,
3292 4545 3394 4601 hoc
3416 4551 3608 4604 vincu-

1999 4626 2106 4680 lmn
2131 4627 2437 4683 discindere
2467 4628 2618 4684 nisus
2644 4638 2728 4683 est
2762 4647 2774 4683 :
2802 4631 2949 4684 itaut
2984 4648 3090 4687 non
3123 4645 3326 4690 tantum
3360 4655 3424 4694 ex
3457 4641 3609 4698 defe-

1997 4727 2085 4772 ctu
2135 4720 2358 4774 seminis
2404 4735 2576 4789 genus
2621 4721 3033 4789 dissolveretur,
3066 4725 3158 4780 sed
3203 4729 3364 4783 etiam
3407 4747 3472 4786 ex
3520 4750 3614 4802 eo,

1997 4812 2139 4882 quod
2170 4812 2366 4867 bellum
2391 4812 2490 4869 sibi
2520 4823 2708 4875 mutuo
2737 4815 2995 4872 inferrent
3019 4829 3071 4874 et
3093 4820 3508 4880 altercarentur.
3545 4829 3610 4883 lit

1997 4905 2295 4965 mercedem.
2319 4922 2471 4975 quant
2497 4907 2740 4976 Oportuit,
2765 4909 2952 4962 erroris
2981 4911 3064 4963 sui
3093 4911 3145 4965 in
3173 4916 3460 4983 semetipsis
3490 4923 3612 4974 reri-

1998 4997 2208 5067 pientes.
2246 4997 2377 5052 Vide
2402 4997 2675 5068 quomodo
2703 5015 2914 5054 rursum
2939 5002 3005 5056 ad
3034 5001 3232 5058 fontem
3261 5009 3384 5062 mali
3408 5011 3612 5078 veniat,

1997 5091 2328 5160 impietatem
2358 5107 2550 5161 nempe
2568 5108 2629 5146 ex
2657 5093 3027 5163 dogmatibus;
3058 5106 3113 5151 et
3137 5097 3271 5154 hanc
3297 5103 3610 5160 mercedem

1997 5198 2118 5238 esse
2146 5185 2274 5238 dicit
2316 5185 2611 5254 iniquitatis
2650 5187 2809 5239 illius.
2844 5188 2980 5254 Quia
3007 5190 3150 5244 enim
3180 5191 3246 5247 de
3276 5193 3522 5262 gehenua
3553 5213 3612 5254 et

1997 5276 2265 5346 Supplicio
2309 5277 2556 5347 loquens,
2609 5278 2787 5347 impiis
2831 5289 2885 5334 et
2924 5281 3031 5334 vita
3075 5283 3257 5339 vivere
3303 5286 3615 5347 volentibus

1998 5385 2103 5420 nou
2135 5367 2416 5422 videbatur
2443 5384 2583 5423 nunc
2613 5367 2717 5424 fide
2745 5369 2940 5442 dignus
2962 5387 3102 5437 esse,
3133 5373 3241 5428 imo
3273 5379 3453 5446 potius
3480 5381 3614 5436 ridi-

1997 5459 2171 5526 culus,
2195 5458 2430 5513 ostendit
2457 5459 2508 5514 in
2534 5459 2648 5532 ipsa
2679 5462 2953 5532 voluptate
2984 5463 3087 5518 hoc
3107 5468 3432 5536 supplicium
3465 5486 3609 5530 esse.

1997 5549 2149 5616 Quod
2182 5549 2225 5605 si
2249 5550 2300 5606 id
2332 5567 2438 5606 non
2469 5553 2730 5620 sentiant,
2764 5553 2872 5610 imo
2903 5555 3002 5609 sibi
3037 5555 3308 5626 placeant,
3341 5578 3410 5617 ne
3443 5565 3611 5622 lltlf‘e-

1999 5643 2071 5697 ris
2107 5662 2119 5697 :
2155 5659 2278 5698 nam
2318 5641 2558 5700 furentes
2601 5655 2652 5701 et
2699 5646 2792 5716 qui
2832 5647 3139 5720 phrenitide
3178 5653 3319 5722 capti
3368 5666 3512 5722 sunt,
3550 5674 3615 5716 se

1999 5736 2227 5790 multum
2257 5735 2517 5792 laedentes
2553 5745 2601 5792 ct
2648 5738 2976 5796 miserabilia
3009 5743 3290 5811 facientes,
3321 5747 3447 5803 dum
3471 5751 3614 5806 alio—

2000 5844 2116 5882 rum
2161 5829 2426 5898 lacrymas
2461 5831 2701 5884 excitant
2721 5870 2736 5896 ,
2773 5831 2948 5888 rident
2977 5850 3040 5890 ac
3067 5836 3136 5891 de
3166 5840 3330 5908 gestis
3361 5856 3390 5894 a
3418 5857 3479 5897 se
3511 5842 3610 5898 la:-

2009 5937 2210 5981 tautur.
2247 5923 2351 5981 Sed
2387 5942 2491 5981 non
2521 5923 2644 5982 ideo
2670 5927 2901 5988 dicimus
2929 5928 3049 5985 illos
3079 5947 3105 5986 ξι
3134 5937 3402 6006 supplicio
3429 5953 3619 5995 excut-
