4056 6488
542 419 644 475 ιιο

540 550 678 611 ptes,
706 534 799 592 sed
844 532 963 589 ideo
1004 530 1057 586 in
1101 528 1343 601 graviore
1384 524 1578 611 damno
1611 528 1667 576 et
1705 533 1870 611 paena
1886 514 2109 611 versari,

537 605 657 702 quis
693 642 799 698 quo
826 624 878 679 in
912 632 1056 679 statu
1084 620 1192 675 sint
1220 617 1480 673 nesciunt.
1515 610 1633 667 Non
1655 610 1797 666 enim
1823 607 1891 661 ab
1918 605 2075 702 aegris
2094 644 2112 671 ,

538 698 630 777 sed
651 734 681 774 a
704 713 1136 773 benevaientibus
1160 708 1420 765 calculum
1448 704 1572 759 ferri
1599 710 1810 773 oportet
1836 716 1848 752 :
1873 698 2115 769 quando-

538 813 749 883 quidem
781 808 1072 879 antiquitus
1099 818 1187 859 res
1213 810 1267 857 et
1287 802 1337 855 in
1360 800 1530 869 legem
1560 810 1714 853 versa
1737 791 2039 856 videbatur,
2064 798 2119 844 et

537 903 754 973 quidam
783 900 1055 971 legislator
1082 894 1218 965 apud
1248 892 1365 946 illos
1391 890 1659 959 iusserat,
1690 901 1756 941 ne
1782 884 1902 955 quis
1929 895 2120 936 servus

537 994 678 1065 apud
707 992 826 1047 illos
855 989 941 1044 vel
972 986 1217 1042 unctione
1245 982 1388 1037 sicca
1420 989 1658 1035 uteretur
1679 977 1781 1048 (α),
1812 973 1893 1028 vel
1929 986 2121 1065 pueros

540 1062 781 1147 amaret;
812 1080 993 1136 liberis
1029 1084 1231 1129 tantum
1261 1073 1399 1127 hanc
1432 1068 1838 1141 prmrogativam
1861 1104 1876 1129 ,
1910 1062 1991 1118 vel
2018 1076 2119 1133 po-

542 1179 645 1232 tius
682 1177 817 1229 hanc
856 1168 1239 1241 turpitudinem
1268 1162 1589 1219 concedens.
1629 1161 1878 1213 Attamen
1905 1154 1978 1207 illi
2011 1168 2116 1207 non

542 1266 918 1338 turpitudinem
963 1277 1084 1317 esse
1124 1258 1407 1329 putabant;
1451 1252 1545 1307 sud
1585 1266 1698 1307 rem
1745 1250 2023 1338 honestam
2065 1254 2121 1338 et

540 1337 830 1429 majorem,
873 1370 1028 1423 quam
1083 1352 1245 1405 ferret
1291 1361 1570 1403 servorum
1612 1337 2119 1429 conditio,liberis

538 1427 681 1506 illam
706 1452 1088 1504 concesserunt
1115 1458 1129 1497 :
1160 1452 1212 1495 et
1240 1441 1343 1494 hoc
1368 1434 1799 1507 sapientissimus
1828 1427 2121 1484 Athenien-

538 1543 677 1596 sium
708 1538 952 1611 populus.
984 1544 1038 1590 et
1064 1546 1284 1603 magnus
1319 1527 1459 1598 apud
1501 1526 1618 1580 illos
1659 1522 1842 1577 Solon.
1886 1520 1951 1574 Et
1987 1518 2121 1611 alios

539 1609 750 1706 quoque
780 1632 974 1685 multos
1002 1623 1434 1697 philosOphoruin
1461 1619 1627 1673 libros
1656 1615 1759 1669 hoc
1787 1611 1977 1668 morbo
2003 1609 2118 1680 ple-

541 1745 639 1782 nos
681 1725 915 1796 reperias
944 1741 957 1776 :
991 1733 1162 1793 neque
1198 1725 1371 1769 tamen
1413 1711 1532 1766 ideo
1562 1724 1675 1764 rem
1707 1722 1828 1761 esse
1865 1713 2119 1760 statutam

539 1795 783 1879 dicimus,
812 1813 905 1869 sed
942 1826 1055 1875 eos,
1085 1809 1174 1880 qui
1211 1807 1349 1861 hanc
1381 1816 1635 1873 accepere
1672 1800 1867 1869 legem,
1897 1795 2122 1849 miseros

538 1920 593 1966 et
624 1907 876 1979 !acrymis
904 1904 1093 1974 dignos
1128 1915 1246 1955 esse
1274 1896 1476 1953 multis.
1508 1893 1709 1949 Eadem
1748 1891 1891 1947 enim
1932 1887 1984 1943 hi
2026 1901 2122 1957 pa-

540 2007 762 2065 tiuntur,
792 2015 911 2069 qua:
936 1996 1191 2052 mulieres
1220 1991 1572 2054 fornicantes;
1605 1987 1712 2040 imo
1749 1992 1805 2040 et
1842 1979 2122 2036 miserabi-

542 2100 690 2153 liora.
721 2096 933 2151 Illarum
957 2091 1100 2147 enim
1131 2087 1319 2149 coitus,
1350 2084 1452 2139 etsi
1479 2079 1803 2151 illegitimus,
1828 2072 2122 2131 secundum

540 2203 782 2248 naturam
814 2199 987 2243 tamen
1015 2192 1125 2244 est;
1160 2182 1244 2236 hic
1270 2193 1399 2235 vero
1424 2186 1479 2233 et
1514 2173 1822 2245 illegititnns
1851 2178 1906 2226 et
1934 2177 2121 2225 wittra

540 2294 803 2337 naturam.
836 2275 1056 2333 Etiamsi
1078 2273 1219 2330 enim
1239 2285 1339 2326 nec
1358 2266 1603 2341 gehenna
1624 2272 1791 2329 esset,
1813 2276 1913 2316 nec
1932 2258 2125 2328 suppli-

538 2379 606 2432 cii
631 2362 994 2436 comminatio,
1019 2370 1120 2423 hoc
1147 2364 1290 2419 omni
1320 2360 1583 2431 supplicio
1605 2357 1758 2428 pejus
1778 2363 1942 2411 esset.
1971 2350 2125 2419 Quod

538 2469 582 2523 si
613 2468 665 2523 id
694 2465 823 2535 ipsis
849 2464 1075 2533 placeat,
1102 2464 1446 2529 augmentum
1475 2449 1723 2522 supplicii
1751 2462 1939 2504 narras
1969 2444 2119 2500 mihi.

540 2559 721 2628 Neque
746 2555 909 2619 enim,
934 2553 978 2607 si
1006 2554 1161 2621 quem
1186 2547 1420 2601 viderem
1453 2541 1655 2598 nudum
1680 2547 1983 2603 currentem
2012 2544 2125 2591 toto

540 2664 766 2721 corpore
796 2645 1050 2702 foedatum
1092 2656 1156 2698 ex
1197 2636 1328 2703 iuto,
1358 2652 1456 2699 nec
1495 2635 1699 2707 pudore
1727 2632 1999 2697 affectum,
2029 2630 2124 2686 sed

537 2741 641 2798 sibi
682 2738 1034 2810 gratulantem
1053 2775 1068 2800 ,
1098 2731 1398 2803 gratularer
1422 2739 1477 2785 et
1502 2744 1602 2799 ego
1632 2727 1731 2797 ipsi
1764 2744 1777 2782 :
1810 2728 1919 2781 imo
1943 2725 2125 2795 potius

538 2834 686 2888 illum
716 2830 1050 2900 deplorarem
1070 2868 1082 2890 ,
1114 2823 1255 2895 quod
1285 2837 1389 2879 non
1422 2821 1536 2893 ipse
1563 2820 1787 2876 sentiret
1813 2833 1872 2874 se
1900 2818 2127 2888 turpiter

540 2939 717 2994 agere.
752 2922 818 2978 Ut
841 2928 1018 2975 autem
1044 2914 1420 2973 contumeliam
1445 2911 1830 2968 evidentiorem
1862 2907 2084 2965 reddam
2105 2949 2122 2977 ,

541 3018 698 3072 liceat
722 3012 849 3068 mihi
876 3010 1016 3065 aliud
1046 3007 1193 3063 vobis
1219 3005 1525 3075 exemplum
1550 3002 1769 3058 valferre.
1796 3000 1850 3056 Si
1880 3000 1999 3070 quis
2020 2999 2128 3054 vir-

539 3109 717 3179 ginem
741 3106 792 3160 in
822 3104 1054 3159 thalamo
1080 3110 1380 3156 versantem
1401 3097 1699 3159 damnaret,
1727 3104 1785 3149 ut
1812 3109 1931 3149 cum
1956 3093 2127 3147 brutis

541 3200 864 3254 animalibus
888 3195 1350 3255 commiseeretur,
1378 3190 1467 3245 illa
1495 3203 1625 3244 vero
1655 3188 1707 3243 in
1736 3187 1826 3241 tali
1857 3187 2001 3242 coitu
2030 3184 2127 3241 dc-

546 3291 836 3345 lectaretur
864 3304 876 3340 :
911 3301 1085 3342 annon
1124 3284 1244 3339 ideo
1281 3281 1533 3353 lacrymis
1559 3280 1770 3351 dignior
1794 3286 1956 3343 esset,
1984 3276 2128 3348 quod

544 3398 650 3437 non
679 3388 859 3451 posset
879 3378 945 3432 ab
973 3378 1073 3433 hoc
1105 3376 1291 3447 morbo
1320 3373 1553 3436 liberari,
1574 3374 1681 3427 imo
1703 3386 1803 3426 nec
1830 3370 1979 3425 illum
2004 3384 2131 3425 sen-

547 3474 681 3528 tire?
722 3473 775 3527 ld
816 3479 960 3526 certe
993 3468 1191 3525 nemini
1216 3483 1321 3523 non
1348 3466 1522 3537 palam
1549 3472 1651 3519 est.
1684 3462 1740 3519 Si
1764 3471 1938 3518 autem
1967 3475 2129 3531 grave

547 3564 674 3619 illud
702 3565 791 3628 sit,
818 3562 919 3617 hoc
941 3576 1046 3615 non
1078 3560 1254 3613 minus
1279 3572 1440 3627 grave
1467 3572 1485 3614 :
1513 3572 1635 3609 nam
1660 3570 1689 3608 a
1719 3555 1831 3608 suis
1851 3562 2131 3609 contume-

543 3659 609 3713 lia
638 3657 796 3720 afliei,
826 3654 1182 3710 miserabilius
1223 3662 1333 3716 est,
1373 3664 1529 3719 quam
1560 3650 1628 3703 ab
1656 3648 1862 3703 alienis.
1893 3648 2003 3703 Hos
2029 3663 2129 3718 ego

544 3750 843 3807 homicidiis
886 3748 1097 3818 pejores
1138 3745 1260 3801 dico
1299 3763 1311 3799 :
1346 3742 1542 3797 melius
1590 3743 1787 3812 quippe
1833 3750 1914 3796 est
1958 3728 2127 3807 mori,

545 3859 701 3913 quam
730 3843 808 3896 sic
834 3837 1428 3896 contumeliaaﬂ'ectum
1450 3836 1652 3891 vivere.
1679 3832 1957 3889 Homicida
1985 3833 2128 3887 enim

544 3936 776 3989 animam
819 3948 847 3985 a
878 3946 1104 4002 corpore
1150 3935 1396 3997 separat;
1444 3926 1530 3982 hic
1564 3942 1691 3981 vero
1733 3927 1964 3979 animam
2008 3939 2130 3978 cum

544 4041 770 4095 eorpore
821 4024 1010 4093 perdit.
1058 4022 1126 4075 Et
1174 4020 1548 4091 quodcumque
1586 4018 1787 4074 dixeris
1830 4026 2128 4087 peccatum,

546 4134 649 4171 non
689 4115 894 4186 mqnale
922 4115 1123 4169 dixeris
1155 4113 1275 4167 huic
1310 4112 1573 4181 iniquitati
1608 4131 1621 4165 :
1655 4119 1709 4165 et
1738 4111 1779 4165 si
1814 4111 1866 4175 ii,
1898 4110 1988 4181 qui
2019 4111 2131 4165 haec

547 4208 833 4277 patiuntur,
878 4205 952 4258 rei
1005 4218 1222 4258 sensum
1269 4201 1546 4265 haberent,
1585 4201 1777 4255 millies
1814 4200 1947 4254 mori
1989 4216 2129 4269 pra:-

547 4306 811 4369 oiitareut,
846 4312 912 4351 ne
942 4296 1043 4365 hoc
1073 4302 1406 4362 paterentur.

617 4394 669 4448 ’5.
702 4390 840 4445 Nihil
863 4398 963 4449 est,
989 4386 1121 4441 nihil
1144 4387 1325 4456 utique
1346 4394 1427 4439 est
1452 4386 1549 4441 hac
1569 4384 1891 4439 contumelia
1922 4384 2133 4438 irratio-

549 4484 776 4539 nabilius
806 4492 858 4536 et
900 4480 1134 4549 gravius.
1176 4478 1230 4534 Si
1263 4480 1404 4532 enim
1434 4477 1500 4532 de
1527 4478 1875 4532 fornicatione
1910 4478 2133 4546 loquens

548 4575 767 4639 l‘aulus,
796 4572 1012 4627 dicebat
1042 4588 1056 4625 :
1093 4568 1254 4623 Omne
1282 4578 1562 4638 peccatum,
1595 4570 1943 4638 quodcumque
1964 4570 2136 4639 fecerit

548 4671 715 4733 homo,
741 4675 881 4720 extra
902 4678 1084 4731 corpus
1107 4670 1210 4723 est;
1236 4660 1321 4730 qui
1342 4675 1455 4713 vero
1478 4660 1779 4729 fornicatur,
1799 4661 1850 4712 in
1874 4661 2136 4729 proprium

546 4780 726 4834 corpus
759 4770 927 4831 peccat
956 4759 1031 4827 (Ι.
1060 4756 1177 4811 Cor.
1209 4754 1261 4809 6.
1295 4754 1359 4807 l8
1380 4754 1434 4821 );
1467 4746 1595 4822 quid
1625 4753 1917 4809 dixerimus
1942 4754 2010 4808 de
2036 4753 2136 4807 hac

550 4858 773 4919 itts;tni:t,
805 4868 921 4921 quzn
963 4859 1108 4904 tanto
1144 4847 1379 4902 deterior
1407 4855 1489 4901 est
1518 4847 1869 4902 fornicatione
1891 4889 1904 4914 ,
1936 4858 2136 4917 quanto

548 4950 650 5001 tllCl
692 4944 907 5014 nequit?
939 4943 1117 5011 Neque
1145 4942 1285 4994 enim
1319 4941 1418 4993 hoc
1453 4948 1656 4994 tantum
1688 4940 1842 5004 dico,
1880 4940 2019 5009 quod
2053 4940 2135 4993 fa-

547 5050 663 5095 ctus
690 5038 763 5091 sis
790 5035 1000 5099 mulier,
1026 5035 1118 5088 sed
1141 5036 1299 5088 etiam
1327 5032 1467 5103 quod
1495 5048 1675 5087 cesses
1697 5048 1815 5089 esse
1837 5035 1936 5099 vir,
1966 5048 2137 5105 neque

548 5138 780 5186 mutatus
825 5132 898 5181 sis
944 5126 994 5179 in
1043 5128 1193 5181 istam
1237 5137 1508 5191 naturam,
1546 5140 1717 5193 neque
1761 5126 1905 5181 illam
1942 5141 2136 5182 serves

548 5237 703 5289 quam
752 5218 1019 5281 habuisti;
1072 5218 1165 5272 sed
1216 5218 1493 5287 utriusque
1547 5218 1847 5272 communis
1899 5217 2138 5287 proditor

548 5311 767 5365 effectus
797 5310 870 5363 sis
892 5350 904 5371 ,
948 5318 1001 5362 et
1041 5308 1231 5376 dignus
1266 5309 1355 5376 qui
1393 5323 1421 5361 a
1460 5307 1591 5361 viris
1619 5316 1674 5361 et
1704 5308 2015 5363 mulieribus
2042 5324 2138 5363 ex-

551 5404 763 5474 pellaris
811 5412 862 5457 et
912 5398 1202 5470 lapideris,
1251 5408 1434 5468 utpote
1485 5400 1574 5470 qui
1620 5398 1905 5471 utrumque
1951 5416 2137 5456 sexum

550 5496 740 5567 injuria
770 5495 1031 5549 alit-ceris.
1076 5494 1140 5548 Et
1187 5501 1243 5547 ut
1280 5492 1485 5548 ediscas
1512 5503 1770 5563 quantum
1814 5496 1914 5549 hoc
1953 5496 2060 5549 sit:
2094 5497 2137 5549 si

550 5593 666 5661 quis
711 5589 971 5643 accedens
1017 5588 1235 5643 offerret
1282 5586 1394 5651 tibi,
1425 5600 1483 5640 se
1512 5602 1576 5641 ex
1617 5587 1833 5641 homine
1870 5596 1921 5641 te
1951 5602 2138 5641 canem

551 5702 666 5741 855::
692 5685 973 5746 facturum,
1000 5698 1174 5736 annon
1202 5682 1347 5735 illum
1374 5689 1434 5733 ut
1460 5680 1813 5749 perniciosum
1838 5675 2143 5749 effugeres?

593 5822 665 5876 (α)
692 5819 857 5867 [τιιςιὶο
881 5818 1006 5865 sicca
1032 5825 1167 5864 extra
1194 5816 1368 5865 balnea
1388 5818 1671 5866 sumebatur
1696 5817 1757 5867 ab
1790 5817 1990 5869 athletis
2016 5827 2064 5869 et
2095 5818 2138 5868 in

556 5882 790 5939 palaestra.
820 5880 935 5932 litee
963 5893 1080 5927 vero
1104 5894 1259 5929 servis
1283 5881 1650 5942 prohibebatur.

1278 405 1336 462 8.
1374 401 1653 463 JOANNIS
1687 397 2155 458 CIIRYSOSTOHI
2197 396 2512 459 ARClllEP.
2553 402 3086 462 CONSTANTINOP.

3717 402 3819 459 ιω

2218 515 2378 586 Atqui
2426 525 2477 571 te
2523 532 2628 572 non
2676 534 2865 574 canem
2903 534 2971 575 ex
3010 519 3225 574 homine
3256 516 3460 585 fecisti,
3493 519 3589 574 sed
3617 522 3817 576 animal

2218 619 2351 660 cane
2398 606 2555 677 longe
2592 608 2751 664 vilius
2780 628 2793 663 :
2819 607 2968 666 canis
3014 610 3211 681 quippe
3258 608 3403 663 utilis
3443 618 3547 673 est,
3577 610 3820 665 amasius

2225 710 2352 749 vero
2392 696 2460 751 ad
2505 697 2640 753 nihil
2686 700 2852 755 utilis.
2884 700 3024 768 Quid
3052 710 3255 765 autem,
3287 714 3469 770 qumso
3511 710 3582 763 te,
3624 700 3669 754 si
3696 700 3820 771 quis

2226 787 2644 843 comminaretur
2671 790 2987 847 ell‘ecturutn
3017 807 3078 847 se
3106 801 3167 847 ut
3192 791 3290 846 viri
3323 801 3605 860 parerent,
3637 804 3817 844 annon

2226 877 2305 933 ira
2334 881 2703 951 repleremnr?
2730 884 2800 937 At
2821 900 2965 941 nunc
2986 899 3113 939 ecce
3134 885 3291 955 longe
3318 885 3563 955 graviora
3589 882 3817 947 faciunt,

2225 971 2315 1040 qui
2361 980 2636 1042 tantopere
2679 974 2951 1030 insaniunt
2980 993 2994 1029 :
3027 990 3136 1031 non
3187 978 3329 1031 enim
3380 991 3474 1047 par
3515 990 3602 1030 res
3645 984 3733 1029 est.
3768 976 3818 1028 in

2229 1063 2505 1119 mulierem
2532 1066 2747 1133 mutari,
2768 1075 2822 1122 et
2843 1068 3011 1122 virum
3035 1076 3340 1123 manentem
3361 1068 3643 1122 mulierem
3670 1067 3820 1131 ﬁeri;

2226 1151 2335 1207 imo
2380 1170 2553 1225 neque
2596 1156 2699 1211 hoc
2740 1173 2915 1229 neque
2958 1158 3110 1213 illud.
3156 1158 3309 1226 Quod
3354 1160 3398 1213 si
3444 1158 3669 1213 aliunde
3698 1158 3818 1211 mali

2225 1247 2355 1301 tanti
2386 1248 2805 1319 magnitudinem
2830 1251 2969 1306 scire
2994 1252 3146 1317 velis,
3179 1251 3450 1321 interroga
3481 1266 3579 1306 cur
3599 1251 3820 1321 legisla—

2226 1345 2371 1394 tores
2407 1340 2631 1408 puniant
2668 1341 2824 1409 illos,
2861 1343 2949 1413 qui
2989 1342 3266 1399 eunuchos
3295 1342 3532 1407 faciunt;
3560 1352 3617 1397 et
3648 1344 3826 1398 disces

2225 1446 2330 1485 non
2354 1432 2455 1485 alia
2478 1432 2545 1487 de
2574 1448 2757 1500 causa,
2786 1451 2943 1504 quam
2972 1435 3113 1506 quod
3145 1445 3390 1489 naturam
3421 1435 3747 1490 exscindant
3772 1445 3826 1490 et

2224 1521 2485 1577 minuant.
2518 1523 2674 1594 Atqui
2700 1525 2775 1579 illi
2800 1542 2906 1580 non
2930 1535 3135 1581 tantum
3161 1526 3367 1596 injuria:
3392 1526 3663 1590 inierunt;
3700 1543 3822 1580 nam

2225 1614 2434 1669 cxsecti
2481 1614 2557 1667 illi
2607 1617 2920 1687 plerumque
2968 1626 3087 1688 post
3128 1620 3454 1673 excisiouem
3500 1620 3662 1675 utiles
3707 1618 3823 1673 fue-

2225 1712 2350 1757 runt
2383 1722 2395 1756 :
2428 1705 2541 1759 viro
2567 1716 2743 1761 autem
2772 1709 2824 1762 in
2858 1710 3198 1766 meretricem
3239 1724 3503 1765 converso
3536 1709 3668 1762 nihil
3703 1710 3822 1763 inu-

2228 1796 2373 1849 tilius
2403 1796 2604 1851 fuerit:
2639 1813 2814 1869 neque
2854 1803 2997 1855 enim
3039 1801 3216 1855 anima
3262 1801 3473 1866 solum,
3515 1801 3615 1855 sed
3662 1803 3825 1855 etiam

2226 1903 2423 1959 corpus
2449 1889 2545 1943 viri
2590 1890 2709 1944 talia
2754 1893 2919 1961 passi,
2956 1893 3248 1964 ignominia
3280 1894 3499 1963 plenum
3526 1903 3632 1954 est,
3662 1902 3722 1948 et
3748 1893 3827 1945 di-

2226 1995 2386 2049 gnum
2413 1981 2556 2051 quod
2587 1982 2819 2053 undique
2844 1984 3096 2054 pellatur.
3124 1986 3266 2051 Quot
3289 1987 3552 2056 gehenna:
3580 1985 3687 2039 illis
3714 1985 3826 2040 suf-

2226 2071 2444 2127 ficient?
2474 2073 2529 2129 Si
2548 2089 2678 2128 vero
2698 2074 2999 2145 gehennam
3022 2078 3244 2132 audiens
3270 2078 3414 2134 rides
3439 2089 3495 2134 et
3515 2079 3826 2134 incredulus

2228 2179 2308 2231 es,
2328 2166 2614 2221 recordare
2638 2168 2774 2237 ignis
2796 2168 2941 2223 illius
2971 2168 3330 2225 Sodomorum
3363 2187 3379 2226 :
3404 2170 3636 2225 vidimus
3658 2173 3823 2234 enim,

2228 2258 2458 2313 vidimus
2483 2269 2538 2313 et
2566 2260 2618 2314 in
2647 2262 2896 2330 presenti
2928 2262 3035 2316 vita
3060 2262 3321 2333 gehennae
3352 2263 3663 2333 imaginem.
3694 2265 3825 2331 Quia

2228 2351 2372 2404 enim
2404 2351 2553 2405 multi
2581 2352 2664 2415 iis,
2695 2368 2815 2422 qua:
2844 2356 3295 2410 resurrectionem
3317 2366 3633 2427 sequentur,
3666 2358 3824 2410 lidetu

2228 2440 2461 2495 habituri
2494 2456 2603 2497 non
2634 2452 2805 2508 erant,
2848 2460 2989 2500 nunc
3025 2444 3305 2502 audientes
3346 2447 3525 2517 ignem
3560 2448 3826 2503 inexstiu-

2227 2534 2482 2605 guibilem
2528 2550 2686 2600 esse,
2732 2535 2869 2591 Deus
2908 2538 3028 2593 illos
3062 2554 3091 2591 a
3132 2539 3489 2608 praesentibus
3528 2538 3596 2593 ad
3641 2554 3827 2593 sanam

2229 2634 2467 2681 tuentem
2513 2626 2745 2681 reduxit.
2789 2626 2935 2683 Talis
2980 2628 3139 2699 igitur
3167 2641 3250 2685 est
3276 2629 3639 2686 Sodomorum
3686 2631 3829 2701 ignis

2231 2724 2287 2773 et
2339 2716 2644 2773 incendium
2690 2736 2704 2774 :
2750 2730 2800 2775 et
2858 2720 3035 2775 sciunt
3087 2721 3186 2787 illi,
3216 2724 3307 2792 qui
3359 2738 3426 2778 eo
3478 2740 3539 2779 se
3584 2724 3831 2780 contule-

2230 2821 2376 2876 runt,
2403 2820 2457 2867 et
2480 2812 2688 2883 plagam
2714 2812 2857 2867 illam
2883 2812 3141 2870 divinitus
3168 2815 3461 2871 immissam
3483 2827 3536 2872 et
3558 2832 3830 2887 superno-

2230 2919 2351 2959 rum
2398 2903 2679 2959 fulminum
2727 2920 2865 2976 opus
2912 2906 3180 2962 viderunt.
3225 2908 3413 2979 Cogita
3456 2921 3717 2980 quantum
3763 2910 3833 2965 sit

2229 3006 2531 3068 peceatum,
2560 3000 2700 3069 quod
2728 3000 2813 3055 vel
2842 3010 2967 3057 ante
2998 3011 3209 3073 tempus
3232 3003 3533 3074 gehennam
3565 3020 3831 3076 apparere

2232 3094 2489 3165 coegerit.
2532 3094 2665 3163 Quia
2704 3096 2849 3150 enim
2894 3095 3043 3151 multi
3086 3096 3247 3152 verba
3293 3098 3382 3152 illa
3422 3099 3829 3168 despiciebant,

2230 3188 2491 3256 gehennae
2531 3186 2813 3257 imaginem
2856 3202 2996 3243 novo
3032 3188 3193 3244 modo
3232 3191 3470 3245 ostendit
3511 3191 3620 3247 illis
3667 3192 3827 3247 Deus.

2235 3277 2444 3333 Etenim
2490 3278 2750 3348 stupenda
2792 3288 2908 3334 erat
2952 3279 3126 3350 pluvia
3174 3280 3294 3346 illa,
3343 3283 3466 3351 quia
3515 3283 3694 3337 coitus
3743 3284 3832 3339 ille

2233 3378 2431 3439 praeter
2456 3379 2701 3423 naturam
2730 3380 2874 3437 erat;
2919 3382 2973 3426 et
3015 3370 3293 3426 inundavit
3322 3382 3520 3427 terram
3549 3372 3675 3444 quia
3708 3375 3829 3428 illo-

2234 3477 2353 3517 rum
2385 3463 2547 3517 etiam
2577 3464 2787 3519 animas
2812 3464 3247 3533 concupiscentia
3280 3464 3654 3521 inundaverat.
3704 3466 3829 3523 ldeo

2232 3556 2608 3611 consuetudini
2636 3558 2903 3613 contraria
2934 3568 3050 3613 erat
3082 3558 3257 3628 pluvia
3286 3576 3298 3611 :
3328 3574 3433 3614 non
3473 3558 3640 3613 modo
3683 3561 3824 3615 enim

2235 3656 2393 3703 terra:
2416 3650 2621 3704 viscera
2661 3665 2766 3705 non
2804 3652 3061 3706 excitavit
3101 3637 3174 3706 ad.
3215 3651 3422 3707 fructus
3447 3652 3823 3724 proferendos,

2232 3739 2327 3794 sed
2357 3740 2499 3794 illam
2528 3740 2593 3795 ad
2633 3742 2896 3805 seminum
2940 3743 3339 3811 susceptionem
3373 3744 3608 3811 ineptam
3639 3745 3824 3801 reddi-

2231 3832 2327 3887 dit.
2360 3833 2503 3889 Talis
2528 3835 2671 3889 enim
2698 3843 2817 3889 erat
2840 3834 3015 3889 coitus
3043 3836 3282 3889 virorum
3311 3834 3362 3889 in
3392 3843 3531 3890 terra
3558 3835 3827 3893 Sodomoo

2233 3943 2388 3993 rum,
2426 3929 2530 3984 tale
2567 3943 2761 3997 corpus
2806 3928 3047 3983 inutilius
3085 3928 3336 3983 reddens.
3381 3929 3520 3995 Quid
3546 3934 3691 3984 enim
3715 3932 3829 3985 viro

2234 4022 2569 4075 meretricem
2598 4020 2772 4091 agenti
2804 4019 3188 4075 exsecrabilius
3213 4030 3266 4076 et
3292 4020 3578 4076 infamius?
3606 4023 3652 4077 Ο
3682 4022 3827 4077 furn-

2234 4111 2384 4167 reml
2442 4126 2475 4165 ο
2532 4113 2841 4181 stuporem!
2899 4112 3181 4179 Quomodo
3231 4112 3346 4167 haec
3394 4115 3827 4184 concupiscentia

2231 4215 2470 4273 grassata
2516 4215 2639 4268 est,
2676 4220 2797 4275 qua:
2838 4204 3124 4259 humanam
3166 4214 3407 4259 natumut
3445 4208 3598 4275 quasi
3646 4207 3831 4262 hostes

2233 4296 2373 4350 bello
2418 4296 2651 4361 invasit;
2705 4298 2813 4350 imo
2865 4296 3109 4350 hostibus
3148 4297 3277 4366 ipsis
3321 4306 3471 4352 tanto
3514 4298 3829 4363 molestior,

2234 4398 2435 4457 quanto
2463 4390 2639 4441 anima
2673 4389 2862 4443 melior
2893 4397 2975 4443 est
3003 4390 3267 4458 corpore?
3295 4388 3341 4444 Ο
3362 4404 3456 4445 vos
3480 4390 3828 4446 irrationabi-

2234 4477 2377 4532 libus
2423 4478 2938 4544 irrationabiliores,
2999 4489 3053 4534 et
3096 4480 3319 4539 canibus
3364 4479 3828 4549 impudentiores!

2235 4571 2505 4641 Nusquam
2551 4572 2692 4625 enim
2736 4571 2875 4640 apud
2917 4572 3038 4627 illos
3086 4573 3206 4627 talis
3246 4574 3455 4639 coitus,
3500 4574 3595 4630 sed
3641 4586 3829 4630 natura

2236 4679 2362 4718 suos
2392 4663 2650 4719 terminos
2680 4666 2929 4733 agnovit;
2963 4680 3058 4719 vos
3077 4681 3203 4720 vero
3226 4681 3396 4736 genus
3416 4676 3653 4722 vestrum
3683 4672 3833 4739 igno-

2236 4754 2391 4809 bilius
2418 4754 2671 4809 ell'eeistis
2712 4770 2807 4825 per
2848 4755 3094 4824 injuriam
3139 4766 3361 4810 tantam.
3404 4756 3685 4813 Undenam
3718 4759 3833 4814 haec

2238 4855 2352 4900 orta
2378 4856 2503 4901 sunt
2534 4848 2712 4901 mala?
2739 4848 2781 4901 A
2811 4847 3086 4917 voluptate
3106 4890 3121 4913 ,
3153 4848 3220 4903 ab
3248 4863 3315 4904 eo
3342 4848 3482 4918 quod
3520 4849 3690 4903 Deum
3725 4868 3831 4905 nou

2238 4942 2636 5011 cognosceretis
2662 4958 2673 4994 :
2703 4956 2822 4995 cum
2853 4941 2995 4994 enim
3024 4940 3239 5009 quidam
3281 4940 3397 5010 ejus
3438 4942 3689 4997 timorem
3718 4943 3829 5013 eje-

2238 5034 2431 5099 cerint,
2465 5034 2645 5088 omnia
2668 5032 2881 5089 demum
2914 5033 3048 5088 bona
3078 5034 3312 5087 avolant.

2310 5125 2364 5179 4.
2408 5125 2486 5181 Ne
2511 5126 2671 5196 igitur
2707 5124 2756 5179 id
2799 5124 3043 5191 accidat,
3077 5126 3321 5179 timorem
3354 5124 3447 5180 Dei
3478 5124 3693 5180 assidue
3726 5142 3830 5196 prae

2241 5217 2408 5272 oculis
2438 5216 2749 5271 habeamus.
2776 5214 2913 5271 Nihil
2942 5216 3107 5284 enim,
3143 5216 3274 5271 nihil
3302 5218 3372 5271 ita
3408 5217 3684 5271 hominem
3716 5233 3834 5289 pcr-

2241 5309 2345 5373 dit,
2379 5320 2435 5365 ut
2465 5325 2586 5364 eum
2627 5324 2656 5362 a
2704 5307 2793 5361 tali
2834 5308 3031 5363 excidit
3075 5323 3293 5376 ancora,
3340 5322 3517 5378 neque
3565 5309 3636 5362 ita
3685 5309 3834 5364 illum

2242 5410 2453 5467 servat,
2487 5410 2547 5455 ut
2572 5402 2616 5455 si
2648 5408 2907 5470 perpetuo
2936 5401 3060 5456 illuc
3090 5400 3430 5470 respiciatur.
3474 5399 3607 5454 Nam
3651 5400 3695 5454 si
3744 5403 3837 5455 hn-

2242 5496 2439 5550 miuem
2466 5510 2575 5565 pra:
2598 5494 2770 5549 oculis
2800 5493 3074 5559 habentes,
3100 5497 3377 5564 segniores
3403 5507 3590 5548 sumus
3612 5494 3678 5548 ad
3713 5510 3839 5563 pee-

2242 5600 2359 5643 cata
2401 5586 2767 5651 admittenda;
2812 5586 2918 5640 imo
2962 5586 3160 5655 smpius
3206 5583 3436 5639 famulos
3476 5585 3840 5641 modestiores

2244 5690 2571 5746 reverentes,
2596 5678 2729 5733 nihil
2751 5678 2966 5733 absurdi
2992 5678 3237 5745 facimus,
3258 5678 3431 5749 cogita
3462 5687 3661 5747 quanta
3693 5677 3838 5733 fruc-

2246 5789 2364 5827 mur
2393 5774 2684 5828 securitate
2707 5812 2721 5837 ,
2751 5771 2797 5825 si
2826 5772 2991 5827 Deum
3022 5786 3131 5841 pra:
3156 5770 3323 5825 oculis
3355 5771 3668 5825 habeamus.
3698 5769 3839 5823 Nus-

2244 5884 2401 5941 quam
2424 5870 2567 5924 enim
2596 5883 2695 5923 nos
2723 5866 2969 5923 diabolus
3008 5868 3076 5921 ita
3117 5864 3337 5922 allectos
3367 5866 3606 5933 invadet,
3659 5875 3839 5936 utpote
