4056 6498
201 454 340 519 ‘19

205 579 466 636 παλαιὸν
495 579 593 634 καὶ
618 577 779 641 νόμος
813 573 950 630 εἶναι
979 575 1039 628 τὸ
1075 575 1305 644 πρᾶγμα
1336 572 1529 631 ἐδόκει,
1561 567 1656 621 καὶ
1683 561 1908 635 νομοθέ-

204 686 335 740 της
361 687 445 732 τις
477 667 609 739 παρ’
637 665 821 728 αὐτοῖς
844 663 1061 726 οἰκέτας
1087 662 1341 714 ἐκέλευσε
1375 660 1514 729 μήτε
1559 652 1909 740 ξηραλοιφεῖν

211 738 374 828 μήτε
439 738 852 825 παιδεραστεῖν,
906 753 1018 812 τοῖς
1069 746 1376 815 ἐλευθέροις
1428 746 1528 817 τῆς
1582 738 1908 828 προεδρείας

209 825 650 910 ’παραχωρήσας
699 835 925 906 ταύτης,
986 833 1186 904 μᾶλλον
1234 833 1290 885 δὲ
1344 831 1442 900 τῆς
1495 825 1906 898 ἀσχημοσύνης.

221 928 386 981 Ἀλλ’
410 929 558 998 ὅμως
583 926 682 979 οὐκ
708 925 964 993 ἐνόμισαν
985 919 1372 991 ἀσχημοσύνην
1395 915 1619 972 εἶναιτὸ
1649 915 1907 986 πρᾶγμα,

205 1016 350 1070 ἀλλ’
382 1016 458 1078 ὼς
490 1014 686 1085 σεμνὸν
712 1013 805 1065 καὶ
839 1009 1023 1080 μεῖζον
1050 1009 1083 1078 ἢ
1111 1010 1234 1062 κατ’
1264 1007 1493 1061 οἰκετῶν
1525 1003 1765 1072 ἀξίωμα,
1796 1002 1910 1061 τοῖς

204 1105 538 1175 ἐλευθέροις
585 1100 926 1171 ἐπέτρεψαν·
985 1098 1078 1151 καὶ
1124 1096 1283 1150 τοῦτο
1328 1097 1356 1147 6
1407 1091 1764 1162 σοφὼτατοςι
1800 1087 1910 1140 τῶν

218 1173 544 1262 Ἀθηναίων
577 1190 764 1259 δῆμος,
793 1187 888 1240 καὶ
913 1188 941 1240 6
980 1185 1154 1256 μέγας
1183 1181 1313 1254 παρ’
1347 1183 1531 1243 αὑτοῖς
1557 1179 1758 1231 Σόλων.
1788 1173 1911 1228 Καὶ

202 1283 395 1352 ἕτερα
430 1280 486 1334 δὲ
529 1277 698 1332 πολλά
734 1276 844 1329 τῶν
890 1273 1198 1345 φιλοσόφων
1251 1271 1433 1343 βιϐλία
1480 1267 1684 1338 ταύτης
1731 1267 1796 1320 ἀν
1827 1280 1911 1326 τις

204 1370 384 1440 εὖροι
403 1369 641 1440 γέμοντα
667 1369 764 1436 τῆς
794 1366 973 1418 νόσου·
998 1364 1110 1417 ἀλλ’
1128 1363 1189 1416 ού
1217 1361 1305 1415 διὰ
1333 1361 1490 1414 τοῦτο
1519 1353 1911 1427 νενομισμένον

201 1455 368 1511 εἶναι
403 1457 464 1509 τὸ
496 1454 730 1527 πρᾶγμά
756 1469 959 1523 φαμεν,
987 1451 1124 1505 ἀλλά
1152 1450 1244 1504 καὶ
1272 1450 1398 1511 τοὺς
1426 1445 1518 1500 τὸν
1552 1445 1716 1516 νόμον
1757 1443 1911 1509 δεξα-

210 1547 431 1617 μένους
462 1543 652 1597 τοῦτον
684 1542 949 1605 ἐλεεινοὺς
983 1539 1079 1594 καὶ
1116 1526 1368 1610 δακρύων
1397 1534 1582 1600 ἀξίους
1616 1529 1753 1586 εἶναι
1782 1530 1913 1584 πολ-

202 1632 355 1687 λῶν.
396 1634 460 1684 Ἀ
490 1631 600 1700 γὰρ
626 1631 682 1683 αί
710 1629 1105 1700 πορνευόμεναι
1146 1626 1415 1696 πάσχουσι
1447 1620 1601 1695 [457]
1633 1621 1910 1688 γυναῖκες,

201 1719 527 1774 ταῦτακαὶ
548 1714 718 1772 οὗτοι·
741 1718 940 1789 μᾶλλον
972 1716 1029 1769 δὲ
1057 1715 1282 1769 ἐκείνων
1304 1711 1632 1780 ἀθλιώτερα.
1655 1709 1787 1772 Ταῖς
1813 1706 1911 1775 μὲν

203 1811 333 1880 γὰρ
379 1809 427 1862 εί
462 1808 924 1877 καὶπαράνομος,
964 1803 1101 1858 ἀλλά
1129 1801 1268 1856 κατά
1301 1801 1464 1871 φύσιν
1494 1800 1528 1860 ἠ
1572 1796 1742 1868 μίξις·
1769 1793 1910 1863 αὕτη

201 1897 268 1951 δὲ
306 1895 414 1950 καὶ
448 1895 788 1966 παράνομος,
821 1894 916 1946 καὶ
945 1891 1094 1963 παρά
1127 1889 1308 1960 φύσιν.
1351 1888 1414 1941 Εἰ
1455 1885 1563 1955 γὰρ
1601 1884 1675 1956 μὴ
1715 1882 1912 1950 γέεννα

201 1982 305 2058 ἢν,
337 1985 478 2056 μηδὲ
500 1983 720 2046 κόλασις
741 1981 1024 2052 ήπείλητο,
1049 1977 1207 2032 τοῦτο
1228 1977 1410 2047 πάσης
1434 1973 1710 2035 κολάσεως
1726 1973 1912 2042 χεῖρον

201 2073 305 2148 ἦν.
342 2077 412 2140 Εἰ
442 2074 499 2128 δὲ
531 2075 769 2146 ἥδονται,
799 2070 897 2142 τήν
930 2068 1251 2140 προσθήκην
1281 2082 1372 2136 μοι
1399 2065 1577 2132 λέγεις
1611 2061 1714 2132 τῆς
1740 2077 1911 2148 τιμω-

208 2165 372 2237 ρίας.
409 2161 545 2216 Οὐδὲ
570 2161 678 2230 γὰρ
713 2158 766 2212 εἴ
800 2174 924 2211 τινα
944 2152 1084 2209 εἶδον
1112 2153 1320 2237 γυμνὸν
1349 2151 1634 2224 τρέχοντα,
1663 2147 1911 2237 βορϐόρῳ

205 2236 273 2306 τὸ
317 2251 487 2320 σῶμα
534 2244 1027 2317 ἀνακεχρωσμένον
1055 2241 1232 2307 ἀπαν,
1269 2236 1390 2294 εἷτα
1426 2239 1527 2292 οὑκ
1571 2236 1911 2306 ἐγκαλυπτό-

211 2354 413 2408 μενον,
455 2335 590 2388 ἀλλά
620 2335 712 2387 καὶ
740 2329 1305 2400 ἐγκαλλωπιζόμενον,
1341 2325 1614 2398 συνήσθην
1639 2325 1706 2379 ἂν
1738 2323 1908 2392 αὐτῷ,

205 2427 359 2482 ἀλλὰ
383 2426 480 2479 καὶ
507 2422 706 2494 μᾶλλον
738 2421 802 2474 ἂν
825 2419 989 2473 αὑτὸν
1016 2418 1318 2489 ἐθρήνησα,
1342 2418 1423 2470 δτι
1449 2416 1572 2470 οὑδέ
1594 2415 1911 2469 αἰσθάνεται

205 2511 577 2583 ἀσχημονῶν.
625 2510 744 2563 Ἵνα
777 2508 834 2561 δέ
883 2508 976 2561 καὶ
1016 2505 1360 2578 σαφεστέραν
1393 2503 1553 2571 δείξω
1588 2503 1687 2575 τὴν
1717 2502 1910 2574 ὓϐριν,

206 2601 532 2670 ἀνάσχεσθέ
557 2615 657 2670 μου
684 2598 779 2650 καὶ
808 2596 996 2666 ἐτέρου
1026 2593 1495 2666 παραδείγματος.
1531 2593 1595 2645 Εἰ
1616 2591 1736 2662 γάρ
1772 2607 1914 2661 παρα

207 2691 379 2744 θένον
426 2704 514 2750 τις
547 2685 868 2739 κατεδίκασε
916 2681 1372 2752 θαλαμευομένην
1421 2680 1638 2748 ἀλόγοις
1684 2679 1913 2749 μιγῆναι

209 2775 410 2841 ζώοις,
442 2771 563 2828 εἶτα
590 2774 748 2844 ἥδετο
773 2772 956 2841 ἐκείνη
985 2771 1051 2841 τῇ
1082 2770 1253 2840 μίξει,
1283 2769 1343 2823 ού
1373 2769 1463 2823 διὰ
1486 2767 1647 2822 τοῦτο
1679 2767 1916 2840 μάλιστα

209 2862 485 2934 δακρύων
513 2857 582 2933 ἦν
611 2860 758 2927 ἀξία,
792 2861 872 2913 ὅτι
907 2859 1028 2912 οὑδέ
1059 2857 1444 2928 ἀπαλλαγῆναι
1474 2857 1572 2926 τῆς
1599 2856 1755 2910 νόσου
1784 2854 1916 2909 ταύ-

210 2969 320 3023 της
355 2950 596 3019 ἠδύνατο
623 2947 701 3019 τῷ
732 2948 867 3018 μηδέ
894 2945 1249 3002 αἰσθάνεσθαι
1275 2948 1374 3016 τῆς
1396 2945 1579 3010 νόσου;
1607 2944 1777 2997 Παντί
1810 2959 1914 2996 που
1959 2975 1962 2979 -

210 3041 382 3111 δῆλόν
435 3042 603 3093 ἐστιν.
636 3038 698 3090 Εί
727 3037 783 3090 δὲ
826 3038 1002 3089 ἐκεῖνο
1040 3034 1297 3106 χαλεπὸν,
1327 3033 1450 3086 οὑδὲ
1495 3032 1655 3085 τοῦτο
1691 3031 1916 3085 ἔλαττον

214 3127 461 3182 ἐκείνου·
490 3127 549 3180 τὸ
573 3125 682 3198 γὰρ
707 3125 811 3178 ὑπὸ
836 3125 944 3178 τῶν
966 3123 1181 3177 οἰκείων
1209 3120 1529 3192 ὑϐρίζεσθαι
1553 3118 1914 3193 ἐλεεινότερον

211 3218 314 3270 τοῦ
350 3216 508 3287 παρά
538 3215 646 3267 τῶν
683 3214 1006 3286 ἀλλοτρίων.
1037 3210 1274 3274 Τούτους
1305 3208 1414 3278 ἐγὼ
1441 3209 1536 3262 καὶ
1569 3206 1916 3278 ἀνδροφόνων

214 3306 451 3376 χείρους
490 3298 631 3356 εἷναί
666 3319 826 3372 φημι·
867 3307 962 3355 καὶ
1000 3301 1109 3371 γὰρ
1141 3299 1347 3370 βέλτιον
1381 3297 1709 3359 ἀποθανεῖν,
1754 3296 1916 3367 ήζῇν

217 3391 594 3463 ὑϐριζόμενον
624 3389 818 3454 οὕτως.
877 3391 935 3442 '0
972 3389 1070 3459 μὲν
1103 3390 1212 3458 γὰρ
1247 3386 1574 3457 ἀνδροφόνος
1603 3384 1702 3458 τὴν
1737 3383 1917 3456 ψυχήν

218 3481 332 3534 ἀπὸ
369 3479 469 3532 τοῦ
503 3477 758 3550 σώματος
797 3475 1104 3549 διέρρηξεν,
1134 3470 1290 3537 οὗτος
1322 3474 1379 3528 δέ
1417 3474 1516 3544 τὴν
1551 3472 1730 3544 ψυχὴν
1777 3472 1918 3543 μετά

215 3567 316 3620 τοῦ
353 3567 612 3637 σώματος
651 3564 919 3619 ἀπώλεσε.
955 3563 1064 3617 Καὶ
1099 3564 1236 3634 ὅπερ
1268 3562 1334 3615 ἂν
1372 3560 1550 3622 εἴποις
1582 3560 1914 3631 ἁμάρτημα,

218 3655 380 3707 οὐδὲν
410 3653 527 3706 ἴσον
553 3654 698 3726 ἐρεῖς
723 3652 822 3721 τῆς
851 3650 1201 3720 παρανομίας
1222 3648 1448 3720 ταύτης⁶
1472 3649 1566 3701 καὶ
1597 3649 1645 3701 εί
1674 3647 1919 3719 ἐπῃσθά-

222 3758 384 3795 νοντο
411 3739 523 3792 τῶν
551 3737 850 3808 γινομένων
879 3739 928 3791 οἱ
958 3738 1265 3807 πάσχοντες
1284 3776 1299 3801 ,
1343 3737 1572 3808 μυρίους
1601 3735 1668 3790 ἂν
1693 3735 1915 3790 κατεδέ-

224 3829 391 3896 ξαντο
421 3829 707 3892 θανάτους,
738 3827 878 3882 ὥστε
912 3828 987 3899 μὴ
1016 3827 1172 3881 τοῦτο
1203 3827 1416 3880 παθεῖν.

299 3995 373 4055 7'.
391 3986 474 4042 Οὑ
499 3986 606 4057 γὰρ
629 3985 800 4049 ἐστιν,
833 3985 931 4040 οὑκ
970 3985 1086 4039 ἐστι
1106 3985 1313 4057 ταύτης
1346 3985 1446 4055 τῆς
1472 3984 1685 4054 ῦϐρεως
1710 3982 1918 4048 ἀλογὼο

225 4078 390 4149 τερόν
422 4094 487 4130 τε
521 4078 617 4129 καὶ
656 4074 1059 4146 χαλεπώτερον.
1103 4075 1165 4127 Εἰ
1205 4075 1314 4144 γὰρ
1352 4073 1483 4145 περὶ
1513 4073 1769 4144 πορνείας
1800 4072 1917 4126 δια-

226 4165 531 4234 λεγόμενος
562 4165 589 4214 ὁ
626 4161 837 4224 Παῦλος
861 4161 1068 4229 ἔλεγεν,
1093 4162 1174 4213 ὅτι
1205 4159 1336 4215 Πᾶν
1371 4161 1705 4230 ἁμάρτημα,
1741 4159 1771 4212 ὃ
1809 4158 1921 4215 ἐὰν

229 4250 466 4316 ποιήσῃ
508 4247 839 4314 ἅνθρωπος,
874 4247 1048 4312 ἐκτὸς
1088 4246 1194 4300 τοῦ
1234 4245 1508 4316 σώματός
1551 4248 1744 4300 ἐστιν·
1781 4249 1814 4300 ὀ
1850 4247 1919 4303 δὲ

230 4333 548 4402 πορνεύων
565 4333 651 4395 εἰς
669 4329 733 4382 τὸ
758 4328 910 4382 lator
931 4329 1103 4398 σῶμα
1135 4329 1477 4398 ἁμαρτάνει·
1497 4329 1549 4382 τί
1572 4331 1638 4382 ἂν
1667 4329 1920 4401 εἴποιμεν

230 4421 364 4490 περὶ
397 4420 500 4486 τῆς
534 4419 733 4488 μανίας
762 4417 990 4487 ταύτης,
1022 4419 1056 4488 ἢ
1090 4416 1347 4472 τοσοῦτον
1377 4417 1636 4489 πορνείας
1660 4418 1688 4458 b
1718 4419 1920 4491 χείρων

232 4507 408 4562 ἐστὶν.
439 4507 566 4559 ὅσον
596 4505 715 4558 οὑδὲ
747 4505 892 4558 ἐστιν
920 4507 1129 4570 ein-51v;
1158 4504 1292 4558 Οὑδὲ
1325 4505 1434 4575 γὰρ
1457 4504 1615 4559 τοῦτο
1644 4505 1788 4573 λέγω
1822 4507 1919 4576 μό-

231 4611 344 4657 νον,
379 4595 464 4646 ὅτι
495 4593 728 4660 γέγονας
757 4592 917 4662 γυνὴ,
953 4591 1068 4645 ἀλλ’
1100 4593 1184 4644 ὅτι
1223 4591 1516 4656 ἀπώλεσας
1558 4594 1650 4646 καί⁵
1683 4594 1744 4646 τὸ
1779 4589 1919 4667 εἶναι

234 4680 407 4751 ἀνὴρξ
433 4684 530 4732 καὶ
558 4678 681 4733 ούτε
715 4681 794 4742 είς
825 4679 1030 4749 ταύτην
1065 4678 1332 4748 μετέστης
1363 4680 1460 4752 τὴν
1493 4679 1674 4749 φύσιν,
1704 4679 1826 4734 οὔτε
1855 4682 1921 4749 ήν

236 4762 383 4836 εἶχες
416 4767 746 4837 διετήρησας
767 4807 779 4827 ,
816 4765 951 4818 ἀλλὰ
987 4765 1166 4829 κοινὸς
1204 4766 1470 4836 ἑκατέρας
1502 4766 1690 4834 ἐγένου
1724 4769 1920 4839 προδόα

237 4869 336 4922 της
357 4895 370 4916 ,
401 4856 495 4907 καὶ
526 4853 676 4924 παρὰ
716 4853 925 4922 ἀνδρῶν
956 4855 1048 4906 καὶ
1078 4853 1352 4921 γυναικῶν
1392 4855 1540 4919 ἄξιος
1573 4855 1917 4922 ἐλαύνεσθαι,

239 4941 335 4992 καὶ
357 4941 783 5006 καταλεύεσθαι,
817 4941 912 4994 ἅτε
948 4942 1209 5012 ἑκάτερον
1233 4941 1500 5012 ἀδικήσας
1523 4942 1584 4995 τὸ
1604 4944 1780 5011 γένος.
1812 4946 1923 4998 Καὶ

238 5026 328 5079 ἵνα
373 5030 556 5101 μάθῃς
601 5028 786 5099 ήλίκον
818 5028 976 5081 τοῦτό
1009 5031 1176 5092 ἐστιν,
1229 5029 1401 5093 εἷ’τις
1437 5029 1609 5083 ἐλθὼν
1648 5031 1922 5101 ἐπηγγέλ-

240 5112 363 5168 λετο
405 5117 464 5183 ἐξ
499 5115 803 5188 ἀνθρώπων
830 5115 970 5168 κύνα
1010 5119 1183 5168 ποιεῖν
1223 5134 1304 5183 σε,
1343 5113 1450 5188 ἆρα
1482 5119 1580 5171 οὑκ
1627 5117 1694 5171 ἂν
1725 5119 1800 5182 ὡς
1833 5119 1923 5173 λυ-

246 5203 427 5270 μεῶνα
458 5205 694 5272 ἐφυγεςς
745 5202 884 5254 Ἀλλ’
915 5203 1023 5257 ἰδοῦ
1050 5204 1108 5256 οὐ
1140 5202 1276 5256 κύνα
1301 5203 1358 5269 ἐξ
1390 5205 1692 5277 ἀνθρώπων
1725 5209 1923 5262 σαυτὸν

217 5287 540 5360 κέποίησας,
573 5291 708 5346 ἀλλὰ
737 5290 796 5343 τὸ
821 5291 1011 5342 τούτου
1046 5291 1183 5355 ζῶον
1215 5293 1540 5364 ἀτιμότερον
1561 5311 1573 5324 ⁸
1611 5296 1787 5349 ἐκεῖνο
1823 5297 1922 5366 μὲν

245 5375 350 5444 γὰρ
402 5380 482 5441 εἰς
527 5380 721 5448 χρῆσιν
757 5377 1088 5447 ἐπιτήδειον,
1135 5383 1163 5432 6
1210 5380 1265 5432 δὲ
1313 5381 1632 5452 ἡταιρηκὼς
1682 5385 1921 5455 οὐδαμοῦ

245 5464 531 5533 χρήσιμος.
568 5467 630 5518 Τί
662 5467 738 5530 δὲ,
771 5467 892 5519 εἰπέ
935 5483 1044 5536 μοι,
1082 5470 1134 5521 εἴ
1158 5486 1242 5532 τις
1272 5471 1487 5540 ἠπείλει
1518 5476 1692 5524 ποιεῖν
1718 5473 1922 5529 τίκτειν

246 5550 441 5620 ἀνδρας
472 5555 566 5606 καὶ
591 5555 929 5624 λοχεύεσθαι,
950 5556 1048 5608 ούκ
1071 5557 1134 5608 ἂν
1160 5558 1511 5628 ἐπλήσθημεν
1539 5560 1746 5630 θυμοῦ;
1782 5563 1922 5615 Ἀλλ’

249 5635 356 5689 ἰδοῦ
405 5640 501 5693 νῦν
551 5641 908 5713 χαλεπώτερα
969 5644 1196 5706 ἑαυτοὺς
1251 5649 1687 5718 κατειργάσαντο
1745 5652 1794 5703 οἱ
1854 5653 1924 5706 τὰ

256 5723 468 5779 τοιαῦτα
511 5728 848 5791 λυττῶντες·
885 5731 944 5782 οὑ
997 5731 1106 5801 γάρ
1146 5733 1294 5785 ἐστιν
1328 5735 1440 5786 ἴσον
1483 5739 1562 5799 είς
1602 5740 1924 5804 γυναικείαν

253 5813 575 5875 μεταϐαλεῖν
598 5817 779 5886 φύσιν,
813 5819 906 5870 καὶ
940 5820 1169 5888 μένοντα
1199 5823 1364 5891 ἄνδρα
1389 5825 1641 5891 γενέσθαι
1667 5831 1922 5896 γυναῖκα,

260 6061 278 6087 c
314 6001 515 6087 flA'llIIS,
541 6013 620 6087 καὶ
645 6012 786 6060 τοῦτο
810 6015 1060 6078 ἐπέτρεψε-ι
1083 6021 1106 6064 ὁ
1132 6025 1309 6080 main.
1382 6023 1405 6062 ι’
1429 6024 1581 6084 Mitis,
1616 6043 1736 6087 παρα
1753 6046 1918 6087 qua;

306 6063 418 6124 Alii.
444 6074 704 6132 νομοθέται.
733 6079 821 6124 Καὶ
851 6063 1016 6139 ειά“τξ¹;
1050 6083 1118 6126 Δι’
1146 6073 1294 6132 οὐδέν.
1619 6063 1736 6090 ηρ
1777 6070 1810 6087 Ἴ

1424 452 1488 506 IN
1521 450 1740 508 EPIST.
1778 445 1871 502 AD
1902 442 2071 500 ΒΟΜ.
2111 443 2348 502 HOMIL.
2390 446 2479 503 IV.

3591 441 3698 498 4‘20

2016 559 2216 629 μᾶλλον
2249 560 2305 614 δὲ
2347 563 2484 632 μήτε
2530 562 2690 616 τοῦτο
2731 563 2870 633 μήτε
2917 561 3114 617 ἐκεῖνο.
3161 561 3226 615 Εἰ
3267 560 3327 617 δέ
3377 562 3558 634 βούλει
3603 566 3700 620 καὶ

2013 650 2279 721 ἑτέρωθεν
2317 652 2512 722 μαθεῖν
2555 652 2648 705 τοῦ
2695 651 2870 706 κακοῦ
2912 652 3012 723 τὴν
3048 651 3375 723 ὑπερϐολὴν,
3417 653 3700 724 ἐρώτησον

2011 740 2158 803 τίνος
2205 742 2391 794 ἐνεκεν
2440 743 2566 806 τοὺς
2607 741 2898 812 εὐνούχους
2943 741 3236 805 ποιοῦντας
3282 742 3609 807 κολάζουσιν
3646 746 3698 798 οἴ

2010 829 2320 900 νομοθέται,
2358 832 2453 885 καὶ
2489 831 2643 904 εἴσῃ,
2680 833 2762 886 ὅτι
2796 831 2865 884 δι’
2905 831 3062 890 οὐδὲν
3096 842 3119 870 α
3157 832 3345 903 ἕτερον
3382 833 3623 899 πάντως.
3660 835 3695 905 ἦ

2009 919 2092 973 ὅτι
2127 920 2226 991 τὴν
2256 919 2418 988 φύσιν
2457 920 2961 992 ἀκρωτηριάζουσι.
2994 920 3188 974 Καίτοι
3214 937 3277 988 γε
3303 921 3455 974 οὐδὲν
3479 909 3698 975 ἀδικοῦν

2007 1023 2099 1060 ⁵σιν
2121 1009 2316 1061 ἐκεῖνοι
2352 1006 2500 1080 [458]
2535 1007 2811 1060 τοσοῦτον·
2849 1007 3095 1076 ἐγένοντο
3119 1007 3229 1080 γὰρ
3260 1011 3308 1063 οί
3339 1011 3697 1080 ἀκρωτηρια-

2015 1094 2236 1159 σθέντες
2263 1095 2289 1134 δ
2324 1097 2417 1149 καὶ
2447 1095 2589 1165 μετά
2621 1097 2713 1150 τὸν
2740 1097 3208 1167 ἀκρωτηριασμὸν
3265 1097 3541 1168 πολλαχοῦ
3565 1098 3700 1168 χρή-

2014 1201 2162 1253 σιμοι
2181 1201 2195 1216 ·
2224 1183 2514 1256 ἀνθρώπου
2545 1184 2602 1236 δὲ
2625 1186 3076 1256 πεπορνευμένον
3105 1185 3260 1239 οὐδὲν
3293 1186 3698 1258 ἀχρηστότερον

2010 1271 2207 1340 γένοιτ’
2252 1271 2352 1325 ἀν·
2387 1273 2450 1325 οὑ
2486 1271 2594 1342 γὰρ
2639 1274 2672 1343 ἡ
2715 1271 2863 1343 ψυχὴ
2914 1272 3098 1342 μόνον,
3141 1272 3280 1327 ἀλλὰ
3316 1273 3411 1328 καὶ
3448 1274 3510 1326 τὸ
3538 1274 3700 1344 σῶμα

2009 1357 2106 1411 τοῦ
2137 1359 2206 1412 τὰ
2249 1358 2475 1412 τοιαῦτα
2511 1358 2776 1423 παθόντος
2815 1359 3011 1430 ἄτιμον
3053 1361 3150 1414 καὶ
3192 1360 3341 1428 ἀξιον
3376 1360 3699 1415 ἐλαύνεσθαι

2014 1446 2374 1517 πανταχόθεν.
2405 1448 2577 1500 Πόσαι
2616 1448 2834 1516 γέενναι
2882 1448 3095 1511 τούτοις
3128 1449 3494 1520 ἀρκέσουσιν;
3536 1450 3597 1502 Εἰ
3641 1449 3699 1502 δὲ

2011 1531 2238 1605 γεέννης
2275 1536 2586 1606 καταγελᾷς
2616 1537 2832 1591 ἀκούων
2862 1538 2958 1590 καὶ
2990 1538 3263 1601 ἀπιστεῖς,
3293 1537 3471 1590 ἐκεῖνο
3503 1536 3564 1590 τὸ
3586 1536 3701 1610 πῦρ

2010 1625 2388 1696 ἀναμνήσθητι
2414 1625 2520 1680 τῶν
2551 1626 2832 1697 Σοδόμων·
2865 1626 3081 1699 εἴδομεν
3111 1628 3244 1698 γὰρ,
3274 1627 3490 1698 εἴδομεν
3522 1629 3615 1681 καὶ
3642 1630 3704 1681 ἐν

2013 1712 2088 1783 τῷ
2115 1713 2342 1784 παρόντι
2365 1711 2464 1781 βίῳ
2489 1713 2714 1783 γεέννης
2740 1713 2942 1767 εἰκόνα.
2982 1715 3203 1787 Ἐπειδὴ
3231 1716 3342 1786 γὰρ
3372 1714 3558 1769 πολλοὶ
3586 1719 3702 1781 τοῖς

2015 1801 2154 1872 μετά
2186 1801 2287 1872 τήν
2319 1800 2620 1857 ἀνάστασιν
2650 1801 2876 1872 ἔμελλον
2904 1802 3246 1867 διαπιστεῖν,
3281 1803 3377 1857 νῦν
3409 1804 3704 1867 ἀκούοντες

2012 1887 2122 1960 πῦρ
2155 1889 2419 1944 ἄσϐεστον
2445 1885 2608 1954 εἶναι,
2636 1889 2745 1943 ἀπὸ
2770 1889 2878 1943 τῶν
2905 1879 3192 1962 παρόντων
3226 1891 3424 1954 αὑτοὺς
3452 1891 3702 1962 ἐσωφρόο

2010 1993 2159 2030 νισεν
2189 1979 2218 2031 6
2246 1977 2398 2042 Θεός.
2431 1977 2686 2041 Τοιοῦτος
2710 1976 2840 2047 γοῦν
2869 1978 3020 2032 ἐστιν
3048 1980 3077 2031 6
3102 1976 3352 2050 Σοδόμων
3371 1978 3703 2049 ἐμπρησμὸς

2011 2066 2105 2120 καὶ
2133 2067 2165 2136 ἠ
2198 2065 2542 2139 πυρπόλησις
2575 2065 2782 2136 ἐκείνη·
2817 2065 2913 2119 καὶ
2941 2066 3130 2119 ,ἴσασιν
3160 2068 3208 2119 οἰ
3237 2066 3702 2137 παραγενόμενοι,

2010 2157 2107 2208 καὶ
2140 2158 2205 2226 τῇ
2244 2155 2345 2226 θέα
2369 2154 2467 2226 τήν
2505 2154 2721 2226 πληγὴν
2766 2153 2987 2224 ἐκείνην
3014 2153 3115 2224 τὴν
3155 2153 3418 2225 θεήλατον
3464 2156 3559 2208 καὶ
3592 2155 3705 2209 τῶν

2011 2243 2217 2297 ἀνωθεν
2267 2242 2552 2316 κεραυνῶν
2597 2243 2659 2296 τὸ
2702 2243 2864 2313 ἔργον
2908 2244 3129 2308 ἰδόντες.
3193 2244 3481 2314 Ἐννόησον
3516 2243 3704 2315 ήλίκον

2011 2334 2130 2384 ἐστὶ
2161 2331 2225 2385 τὸ
2265 2332 2597 2402 ἁμάρτημα,
2643 2332 2719 2395 ὼς
2761 2331 3056 2401 βιάσασθαι
3085 2333 3182 2386 καὶ
3219 2332 3326 2403 1:96
3369 2332 3564 2402 καιροῦ
3603 2333 3706 2405 τὴν

2010 2415 2236 2490 γέενναν
2268 2421 2523 2492 φανῆναι.
2581 2421 2804 2492 Ἐπειδὴ
2841 2420 2954 2491 γὰρ
2987 2419 3174 2474 πολλοὶ
3209 2419 3319 2473 τῶν
3357 2420 3533 2488 λόγων
3572 2438 3707 2474 κατ-

2011 2508 2309 2579 εφρόνουν,
2368 2509 2457 2562 διὰ
2491 2508 2601 2562 τῶν
2641 2508 2820 2579 ἔργων
2868 2509 3054 2573 αὑτοῖς
3105 2508 3206 2579 τήν
3262 2508 3482 2578 ἐκείνης
3518 2509 3705 2563 εἰκόνα

2012 2597 2289 2662 ἐπέδειξεν
2317 2600 2344 2651 ό
2371 2596 2505 2661 Θεὸς
2535 2596 2709 2667 καινῷ
2743 2613 2848 2649 τινι
2875 2596 3084 2668 τρόπῳ.
3115 2596 3227 2648 Καὶ
3255 2595 3365 2666 γάρ
3401 2595 3708 2668 παράδοξος

2009 2680 2078 2757 ἦν
2105 2688 2133 2739 ό
2159 2685 2314 2750 ὑετὸς
2337 2686 2546 2749 ἐκεῖνος
2567 2725 2580 2746 ,
2621 2684 2810 2755 ἐπειδὴ
2833 2683 2929 2738 καὶ
2959 2684 3113 2757 παρά
3146 2685 3310 2754 φύσιν
3343 2687 3377 2756 ή
3412 2684 3578 2756 μίξις·
3612 2688 3708 2741 καὶ

2012 2773 2316 2828 κατέκλυσε
2355 2773 2453 2845 τὴν
2493 2774 2631 2844 γῆν,
2670 2773 2861 2844 ἐπειδὴ
2894 2773 2990 2826 καὶ
3035 2773 3135 2836 τάς
3174 2772 3400 2826 ἐκείνων
3448 2773 3630 2843 ψυχὰς
3671 2777 3706 2846 ἡ

2012 2862 2301 2932 ἐπιθυμία.
2333 2862 2424 2915 Διὸ
2449 2864 2544 2916 καὶ
2575 2861 2904 2925 ἀπεναντίας
2931 2857 3000 2933 ἦν
3029 2863 3056 2915 6
3084 2861 3238 2926 ὑετὸς
3264 2860 3342 2932 τῷ
3375 2861 3618 2933 συνήθει·
3645 2862 3707 2916 οὑ

2011 2949 2124 3022 γὰρ
2153 2960 2177 2990 ο
2207 2950 2370 3021 μόνον
2399 2951 2460 3004 οὑ
2495 2949 2736 3020 διήγειρε
2758 2948 2858 3020 τὴν
2895 2949 3144 3020 γαστέρα
3177 2949 3280 3020 τῆς
3303 2949 3408 3018 γῆς
3440 2950 3577 3022 πρὸς
3607 2949 3710 3021 τὴν

2011 3038 2122 3091 τῶν
2149 3038 2381 3109 καρπῶν
2411 3037 2644 3106 γένεσιν,
2669 3036 2807 3090 ἀλλὰ
2836 3036 2930 3090 καὶ
2958 3037 3096 3107 πρὸς
3117 3037 3218 3107 τὴν
3239 3036 3512 3108 ὑποδοχὴν
3535 3037 3710 3110 αὐτὴν

2011 3125 2123 3180 τῶν
2146 3127 2482 3196 σπερμάτων
2500 3125 2777 3197 ἄχρηστον
2800 3125 2998 3179 ἐποίει.
3022 3125 3262 3196 Τοιαύτη
3287 3125 3396 3196 γὰρ
3413 3121 3535 3197 ἦνή
3561 3125 3709 3196 μίξις

2013 3215 2122 3267 τῶν
2142 3214 2354 3286 ἀνδρῶν
2371 3215 2472 3284 τῆς
2495 3214 2597 3284 γῆς
2618 3213 2892 3283 Σοδόμων,
2919 3213 2978 3266 τὸ
3000 3213 3243 3267 τοιοῦτον
3267 3213 3428 3284 σῶμα
3445 3214 3712 3285 ἀχρηστόο

2011 3319 2172 3375 τερον
2210 3302 2610 3371 ἀποφαίνουσα.
2638 3301 2704 3354 Τί
2734 3300 2841 3372 γὰρ
2881 3301 3078 3374 ἀνδρὸς
3119 3300 3569 3372 πεπορνευμένον
3606 3319 3710 3371 μυ-

2015 3392 2364 3464 σαρώτερον;
2407 3391 2459 3444 τί
2493 3392 2549 3445 δὲ
2587 3391 2986 3463 ἐναγέστερον;
3030 3393 3094 3445 Ὦ
3129 3392 3228 3463 τῆς
3264 3392 3488 3463 μανίαςί
3523 3391 3569 3444 ῶ
3611 3391 3714 3461 τῆς

2014 3478 2405 3551 παραπληξίας
2429 3479 2442 3533 ἰ
2483 3477 2648 3532 πόθεν
2675 3479 3056 3550 εἰσεκώμασεν
3079 3481 3112 3550 ή
3155 3477 3425 3548 ἐπιθυμία
3451 3477 3617 3547 αῦτη,
3642 3479 3714 3532 τὰ

2012 3568 2124 3622 τῶν
2150 3568 2429 3638 πολεμίων
2454 3567 2758 3622 διατιθεῖσα
2785 3567 2884 3636 τὴν
2909 3566 3260 3638 ἀνθρωπίνην
3284 3566 3466 3637 φύσιν,
3505 3566 3713 3638 μᾶλλον

2013 3653 2071 3707 δὲ
2118 3655 2215 3707 καὶ
2267 3654 2496 3708 ἐκείνων
2543 3654 2926 3726 χαλεπωτέρα,
2969 3655 3080 3726 ὅσῳ
3131 3655 3229 3708 καὶ
3268 3653 3415 3724 ψυχὴ
3456 3653 3715 3725 σώματος

2014 3740 2293 3810 ἀμείνιον;
2326 3736 2398 3791 Ὦ
2427 3741 2521 3793 καὶ
2549 3740 2763 3807 ἀλόγων
2797 3741 2958 3811 ὑμεῖς
2983 3741 3360 3811 ἀνοητότεροι,
3398 3741 3492 3794 καὶ
3527 3743 3718 3794 κυνῶν

2015 3829 2422 3900 ἀναιδέστεροιῑ
2452 3829 2706 3899 Οὑδαμοῦ
2721 3829 2831 3901 γὰρ
2860 3827 3087 3898 τοιαύτη
3119 3827 3267 3898 μίξις
3297 3830 3429 3899 παρ’
3454 3829 3710 3896 ἐκείνοις,

2015 3916 2130 3969 ἀλλ’
2175 3915 2533 3986 ἐπιγινώσκει
2571 3918 2700 3980 τοὺς
2737 3916 2902 3979 ἰδίους
2940 3917 3098 3986 ὅρους
3141 3917 3174 3987 ή
3217 3915 3410 3986 φύσις·
3455 3917 3616 3988 ὑμεῖς
3653 3918 3712 3971 δὲ

2016 4007 2110 4057 καὶ
2163 4003 2272 4057 τῶν
2324 4004 2537 4072 ἀλόγων
2593 4003 2920 4074 ἀτιμότερον
2963 4005 3025 4056 τὸ
3072 4004 3230 4072 γένος
3264 4005 3601 4074 εἰργάσασθε
3650 4007 3713 4059 τὸ

2017 4091 2285 4162 ὑμέτερον
2338 4091 2787 4162 καθυϐρίζοντες.
2842 4090 3015 4145 Πόθεν
3049 4088 3141 4145 οὖν
3184 4091 3360 4145 ταῦτα
3414 4093 3609 4163 ἐτέχθη
3641 4093 3713 4148 τά

2019 4174 2201 4240 κακὰς
2237 4175 2373 4228 Ἀπὸ
2401 4176 2634 4247 τρυφῆς,
2661 4177 2769 4228 ἀπὸ
2797 4175 2892 4228 τοῦ
2923 4176 2998 4246 μὴ
3023 4175 3221 4229 εἰδέναι
3244 4177 3377 4229 Θεόν
3403 4191 3415 4204 ’
3446 4178 3576 4230 ὅταν
3600 4178 3711 4246 γὰρ

2020 4263 2293 4318 ἐκϐἀλωσί
2325 4280 2470 4327 τινες
2507 4263 2672 4318 αὑτοῦ
2707 4264 2798 4317 τὸν
2845 4263 3032 4332 φόϐον,
3070 4265 3250 4325 πάντα
3281 4263 3489 4336 οἴχεται
3523 4265 3711 4318 λοιπὸν

2014 4352 2086 4406 τά
2111 4353 2271 4407 καλά.

2071 4511 2150 4565 δ’.
2177 4512 2278 4565 Ἵν’
2308 4505 2401 4566 οὖν
2450 4511 2526 4582 μὴ
2554 4510 2715 4565 τοῦτο
2753 4510 3001 4583 γένηται,
3031 4511 3247 4583 ἔχωμεν
3279 4512 3386 4584 πρὸ
3415 4513 3712 4584 ὀφθαλμῶν

2017 4598 2221 4670 ἀκριϐῆ
2257 4600 2348 4654 τὸν
2395 4601 2488 4654 τοῦ
2520 4600 2658 4655 Θεοῦ
2703 4602 2889 4670 φόϐον.
2937 4603 3105 4656 Οὑδέν
3153 4604 3284 4675 γὰρ,
3333 4604 3490 4656 οὐδὲν
3535 4604 3712 4668 οὑτως

2017 4688 2315 4742 ἀπόλλυσιν
2353 4688 2677 4759 ἄνθρωπον,
2712 4690 2788 4753 ὡς
2821 4691 2882 4743 τὸ
2924 4691 3129 4759 ταύτης
3173 4692 3428 4745 ἐκπεσεῖν
3473 4693 3574 4762 τῆς
3613 4694 3714 4762 ἀγ-

2019 4775 2194 4848 κύρας
2214 4792 2226 4805 ·
2255 4776 2446 4849 ῶσπερ
2471 4777 2624 4830 οὐδὲν
2655 4776 2841 4851 σώζει,
2857 4780 2942 4843 ὼς
2962 4779 3020 4832 τὸ
3041 4779 3309 4850 διηνεκῶς
3328 4782 3445 4833 ἐκεῖ
3469 4780 3710 4851 βλέπειν.

2020 4865 2082 4917 Εἰ
2115 4865 2226 4936 γὰρ
2253 4864 2542 4936 ἄνθρωπον
2570 4865 2791 4936 ἔχοντες
2835 4849 2944 4938 πρὸ
2987 4849 3286 4939 ὀφθαλμῶν
3308 4908 3322 4931 ,
3354 4849 3712 4942 ὀκνηρότεροι

2019 4953 2285 5024 γινόμεθα
2314 4955 2443 5023 περὶ
2472 4954 2540 5006 τὰ
2571 4954 2790 5024 ἀμαρτή
2801 4971 2966 5022 ματα,
2994 4954 3255 5019 πολλάκις
3285 4955 3342 5010 δέ
3368 4955 3462 5009 καί⁵
3492 4956 3714 5021 οίκέτας

2022 5041 2448 5111 ἐρυθριάσαντες
2471 5043 2936 5112 ἐπιεικεστέρους,
2962 5043 3116 5097 οὐδὲν
3140 5045 3457 5116 πράττομεν
3487 5047 3707 5108 ἄτοπον,

2021 5129 2275 5197 ἐννόησον
2310 5129 2483 5198 πόσης
2516 5129 2900 5199 ἀπολαύσομεν
2933 5132 3238 5198 ἀσφαλείας
3260 5173 3275 5195 ,
3308 5133 3400 5186 τὸν
3441 5135 3574 5188 Θεὸν
3605 5136 3714 5205 πρὸ

2021 5215 2315 5286 ὀφθαλμῶν
2350 5217 2585 5286 ἔχοντες.
2626 5218 2881 5288 Ούδαμοῦ
2911 5219 3020 5289 γὰρ
3049 5221 3076 5272 6
3105 5207 3352 5285 διάϐολος
3395 5223 3528 5293 ἡμῖν
3568 5222 3713 5278 οὕτω

2021 5304 2388 5374 διακειμένοις
2435 5305 2792 5376 ἐπιθήσεται,
2841 5308 2935 5360 ἆτε
2987 5309 3224 5378 ἀνόνητα
3277 5311 3490 5363 πονῶν·
3534 5311 3601 5365 ἂν
3653 5313 3713 5366 δὲ

2024 5393 2413 5463 πλανωμένους
2451 5393 2586 5456 ἔξω,
2632 5395 2727 5446 καὶ
2765 5396 2935 5464 χωρὶς
2977 5395 3197 5466 χαλινοῦ
3245 5401 3558 5468 περιιόντας
3601 5400 3708 5472 ἴδῃ,

2023 5484 2152 5551 παρ’
2192 5482 2352 5550 ἡμῶν
2389 5481 2570 5535 λαϐὼν
2608 5483 2709 5552 τὴν
2752 5483 2951 5554 ἀρχὴν,
3001 5485 3154 5556 [459]
3197 5487 3474 5557 πανταχοῦ
3523 5488 3714 5543 λοιπὸν

2023 5572 2171 5641 ἡμᾶς
2206 5571 2645 5641 ἀποϐουκολῆσαι
2687 5572 3002 5641 δυνήσεται.
3051 5576 3162 5628 Καὶ
3205 5577 3343 5646 ὅπερ
3381 5577 3431 5627 οἱ
3476 5577 3714 5647 ῥᾴθυμοι

2021 5659 2130 5711 τῶν
2155 5659 2384 5712 οἰκετῶν
2413 5660 2718 5730 πάσχουσιν
2751 5660 2837 5713 ἐπ’
2866 5661 3096 5732 ἀγορᾶς,
3138 5663 3236 5726 τάς
3277 5664 3374 5734 μὲν
3405 5666 3715 5733 ἀναγκαίας

2023 5747 2254 5815 ἀφέντες
2275 5746 2575 5810 διακονίας,
2603 5748 2687 5816 ἐφ’
2717 5748 2782 5811 ἀς
2817 5750 2955 5801 εἰσιν
2989 5751 3392 5822 ἀπεσταλμένοι
3423 5755 3574 5825 παρά
3603 5756 3714 5811 τῶν

2024 5834 2322 5899 δεσποτῶν,
2349 5836 2534 5899 ἀπλῶς
2557 5836 2615 5889 δὲ
2649 5837 2741 5889 καὶ
2768 5837 2889 5906 εἰκῆ
2923 5840 3035 5902 τοῖς
3059 5841 3508 5910 παρεμπίπτουσι
3545 5860 3714 5916 7:900-

2090 6029 2112 6099 τί
2142 6032 2195 6098 .-\_l
2230 6069 2240 6086 ,
2263 6033 2624 6090 ἀποψηθέντες.
2712 6033 2728 6051 ⁸
2764 6031 2930 6080 Min»
2976 6037 3109 6093 65:6;
3139 6046 3219 6095 της
3279 6039 3504 6095 συνήθους
3551 6044 3707 6100 τορέις.

2038 6097 2105 6140 Οιξ
2281 6100 2398 6149 Quw
2431 6098 2577 6144 lcum
2604 6109 2699 6144 non
2729 6107 2892 6155 διιςιιιι
2935 6097 3029 6144 λου.
