4056 6492
433 422 536 478 m

429 533 736 606 ηλούμενοι,
765 532 857 585 καί
898 531 998 602 τὴν
1027 531 1229 602 σχολὴν
1257 534 1373 584 ἐκεῖ
1400 531 1905 594 καταναλίσκοντες,
1933 528 2086 582 τοῦτο

430 624 525 676 καὶ
555 625 713 692 ἡμεῖς
743 621 1106 689 ὑπομένομεν,
1135 621 1264 672 ὃταν
1289 617 1616 688 ἀποστῶμεν
1642 618 1747 670 τῶν
1781 617 2089 686 ἐπιταγμά·

427 695 673 763 τωνθτοῦ
716 706 870 760 Θεοῦ.
931 707 1270 777 Ἐστήκαμεν
1310 705 1417 775 γὰρ
1459 704 1642 756 λοιπὸν
1690 701 1916 756 πλοῦτον
1957 703 2088 756 θαυ-

432 796 711 864 μάζοντες,
747 793 840 847 καὶ
883 793 1078 857 κάλλος
1119 793 1392 864 σώματος,
1429 790 1524 844 καὶ
1549 791 1616 844 τὰ
1655 790 1789 844 ἀλλα
1816 790 1883 842 τά
1923 790 2088 860 μηδὲν

428 883 564 954 πρὸς
593 883 758 952 ἡμᾶς,
791 881 980 951 ῶσπερ
1009 883 1211 933 ἐκεῖνοι
1236 881 1283 931 οἰ
1320 878 1530 932 οἰκέται
1568 878 1676 931 τῶν
1710 877 1951 937 ἐπαιτῶν
1975 878 2090 937 τοῖς

427 966 886 1039 θαυματοποιοῦσι
939 966 1328 1037 προσέχουσιν,
1380 959 1498 1017 εἶτα
1550 964 1794 1026 ἐλθόντες
1827 962 2087 1033 βραδέως,

425 1055 561 1107 οἴκοι
582 1054 679 1117 τὰς
705 1054 933 1122 ἐσχάτας
962 1051 1292 1121 ὑπομένουσι
1317 1050 1551 1121 πληγάς.
1577 1049 1768 1102 Πολλοὶ
1786 1049 1840 1101 δέ
1872 1050 1966 1102 καί
1991 1049 2090 1118 τὴν

425 1142 541 1194 ὁδὸν
570 1141 667 1211 τὴν
697 1139 1058 1210 προκειμένην
1088 1138 1388 1209 παρῆλθον,
1423 1138 1631 1208 ἑτέροις
1661 1136 1884 1190 τοιαῦτα
1915 1137 2088 1206 ἀσχη-

429 1225 678 1296 μονοῦσιν
697 1223 1130 1287 ἀκολουθοῦντες.
1167 1224 1325 1276 Ἀλλά
1349 1222 1424 1293 μὴ
1451 1225 1613 1292 ἡμεῖς
1636 1221 1792 1286 τοῦτο
1819 1222 2086 1291 ποιῶμεν·

427 1314 519 1368 καὶ
546 1314 652 1383 γάρ
678 1314 780 1366 ἀπε
791 1299 1066 1382 στάλμεθα
1091 1311 1283 1365 ἁνύσαι
1305 1310 1472 1363 πολλά
1492 1309 1600 1363 τῶν
1625 1311 2088 1376 κατεπειγόντων,

425 1402 528 1454 κᾶν
556 1400 782 1470 ἀφέντες
812 1401 994 1453 ἐκεῖνα
1026 1398 1236 1468 στῶμεν
1272 1398 1562 1468 κεχηνότες
1587 1397 1722 1469 πρὸς
1752 1397 1820 1451 τά
1853 1397 2088 1466 ἀνόνητα

422 1486 612 1551 ταῦτα,
651 1486 1015 1550 ἀναλωθέντος
1044 1487 1170 1556 ἡμῖν
1204 1484 1297 1539 τοῦ
1351 1483 1546 1554 καιροῦ
1595 1485 1795 1548 παντὸς
1834 1483 1955 1554 εἰκῆ
1995 1484 2090 1537 καὶ

427 1573 624 1644 μάτην,
656 1574 756 1643 τὴν
786 1574 1019 1644 ἐσχάτην
1041 1570 1280 1642 δώσομεν
1303 1573 1480 1643 δίκην.
1510 1573 1571 1624 Εἰ
1595 1572 1700 1642 γάρ
1726 1572 1818 1625 καὶ
1841 1570 2087 1640 ἀσχολεῖν

425 1661 602 1731 βούλει
632 1660 858 1722 σαυτὸν,
889 1660 1031 1730 ἔχεις
1065 1659 1100 1713 ἀ
1131 1659 1432 1730 θαυμάζειν
1465 1659 1730 1728 ὀφείλεις,
1766 1659 1861 1712 καὶ
1890 1658 2018 1729 περί
2050 1657 2088 1712 ἃ.

424 1747 710 1817 κεχηνέναι
732 1747 907 1800 πάντα
924 1748 1017 1799 τὸν
1037 1747 1246 1818 χρόνονο
1266 1748 1408 1818 άπερ
1424 1747 1483 1799 ού
1508 1746 1742 1816 γέλωτός
1765 1748 1912 1800 ἐστιν
1935 1747 2081 1811 ἀξια,

422 1834 556 1886 ἀλλά
582 1833 852 1904 θαύματος
890 1835 984 1888 καὶ
1009 1834 1244 1888 ἐπαίνων
1279 1833 1506 1899 πολλῶν,
1532 1835 1604 1897 ὡς
1631 1836 1657 1887 ὃ
1687 1851 1749 1902 γε
1799 1833 1867 1886 τά
1913 1851 2079 1886 κατα-

421 1919 660 1989 γέλαστα
691 1920 1002 1991 θαυμάζων,
1031 1921 1126 1974 καὶ
1153 1921 1311 1983 αύτδς
1338 1921 1487 1975 ἔσται
1519 1920 1759 1984 τοιοῦτος
1781 1931 1823 1983 ⁸,
1871 1920 1964 1974 καὶ
1996 1918 2090 1973 τοῦ

420 2007 906 2078 γελωτοποιοῦντος
930 2010 1149 2080 χείρωνο
1169 2011 1304 2080 ὅπερ
1323 2009 1408 2062 ἶνα
1434 2009 1509 2080 μὴ
1524 2009 1720 2080 πάθῃς,
1737 2008 2090 2078 ἀποπήδησον

425 2094 660 2164 ταχέως.

491 2180 557 2234 Τί
602 2181 710 2251 γὰρ
757 2182 851 2235 καὶ
897 2182 1152 2253 ἕστηκας,
1195 2182 1313 2236 εἰπέ
1366 2200 1493 2254 μοι,
1531 2184 1676 2259 πρὸς,
1715 2182 1806 2238 τὸν
1858 2181 2088 2237 πλοῦτον

419 2266 665 2338 κεχηνὼς
707 2268 799 2321 καὶ
846 2269 1324 2343 ἀνεπτερωμένοςς
1363 2270 1416 2322 τί
1454 2269 1768 2340 θαυμαστὸν
1817 2272 1949 2341 ὁρᾷς
1993 2272 2088 2324 καί⁵

417 2350 601 2403 ίκανόν
637 2368 730 2403 σου
757 2351 1224 2422 τοὺςόφθαλμοὺς
1258 2354 1587 2422 κατασχεῖν;
1637 2354 1764 2416 τοὺς
1809 2369 2086 2423 χρυσοφο·

418 2437 646 2507 ροῦντας
670 2439 887 2503 ἵππους,
929 2440 1025 2493 xal
1068 2440 1194 2504 τοὺς
1227 2441 1442 2505 οἰκέτας
1472 2443 1597 2507 τοὺς
1632 2442 1727 2512 μὲν
1755 2440 2081 2512 βαρϐάρους,

414 2523 542 2588 τοὺς
592 2525 648 2576 δέ
700 2526 1019 2596 εὐνούχους,
1056 2527 1147 2579 καὶ
1183 2527 1250 2581 τὰ
1296 2528 1485 2598 ίμάτια
1535 2529 1602 2581 τά
1647 2527 1912 2596 πολυτελῆ
1938 2566 1953 2590 ,
1987 2527 2083 2580 καὶ

414 2611 516 2680 την
569 2613 1152 2682 καταμαλακιζομένην
1207 2613 1266 2667 ἐν
1313 2615 1522 2679 τούτοις
1568 2616 1785 2685 ψυχὴν,
1844 2615 1938 2668 καὶ
1979 2615 2081 2685 τὴν

415 2697 832 2769 ἀνεσπασμένην
882 2701 1052 2770 ὀφρὺν
1077 2740 1092 2764 ,
1138 2701 1232 2754 καὶ
1264 2701 1363 2765 τὰς
1407 2702 1778 2772 περιδρομὰς,
1815 2701 1909 2756 καὶ
1955 2701 2081 2763 τοὺς

413 2789 709 2860 θορύϐους;
775 2791 884 2844 Kal
947 2793 1048 2846 ποῦ
1120 2794 1294 2848 ταῦτα
1350 2794 1477 2859 ἀξια
1541 2795 1846 2866 θαύματος;
1909 2796 1964 2848 τί
2022 2795 2082 2849 δέ

476 2994 492 3016 ⁸
521 2995 744 3059 QuidJm,
767 3002 898 3049 ἔσται
931 3003 1155 3058 πολλάκις
1177 3003 1403 3060 τοιοῦτος.

1170 415 1227 472 S.
1267 415 1551 472 JOANNIS
1597 411 2092 471 CHRYSOSTUMI
2145 414 2463 470 ARCHIEP.
2508 409 3051 470 CONSTANTINOP.

3752 405 3856 465 43.3

2190 522 2334 583 οῦτοι
2376 530 2485 584 τῶν
2525 529 2762 583 ἐπαιτῶν
2805 528 3117 596 διεστήκασι
3172 525 3280 578 τῶν
3325 524 3710 596 ὀρχουμένωι,
3769 527 3859 580 καὶ

2193 617 2518 688 συριζόντων
2554 619 2645 670 ἐπὶ
2677 617 2773 685 τῆς
2804 617 3039 685 ἀγορᾶςς
3087 612 3197 666 Καὶ
3241 612 3351 684 γὰρ
3388 613 3481 666 καί⁵
3531 607 3682 667 οῦτοι
3732 615 3860 667 πολι

2189 703 2264 772 λῷ
2321 701 2396 772 τῷ
2454 702 2597 772 λιμῷ
2665 703 2761 773 τῆς
2821 701 3024 770 ἀρετῆς
3091 699 3485 770 κατεχόμενοι,
3537 699 3859 770 χορεύουσιν

2190 789 2432 860 ἐκείνων,
2488 789 2708 859 χορείαν
2777 785 3350 856 καταγελαστοτέραν,
3428 787 3690 855 ἀγόμενοι
3764 787 3859 838 καὶ

2191 876 2598 947 περιαγόμενοι,
2635 874 2727 927 νῦν
2759 875 2856 944 μὲν
2891 875 2971 937 εἰς
3001 872 3284 944 τραπέζας
3314 872 3644 936 πολυτελεῖς,
3680 871 3780 925 νῦν
3805 871 3858 925 δὲ

2189 966 2268 1025 εἰς
2323 961 2751 1032 ἐταιριζομένων
2801 961 3077 1028 γυναικῶν
3125 958 3486 1026 καταγώγιον,
3532 959 3627 1010 νῦν
3673 959 3728 1011 δὲ
3781 959 3859 1022 εἰς

2190 1048 2432 1101 κολάκων
2456 1046 2656 1117 ἐσμοὺς
2695 1047 2721 1086 δ
2758 1045 2854 1098 καὶ
2876 1045 3195 1116 παρασίτων
3226 1045 3445 1114 πλῆθος.
3487 1046 3548 1098 Εἰ
3577 1044 3634 1098 δέ
3662 1060 3860 1114 χρυσο-

2191 1133 2434 1206 φοροῦσι,
2461 1118 2549 1186 διὰ
2588 1132 2744 1186 τοῦτο
2774 1132 3012 1202 μάλιστα
3042 1131 3285 1194 ἐλεεινοὶ,
3310 1133 3391 1183 ὅτι
3417 1132 3484 1183 τὰ
3511 1131 3685 1202 μηδὲν
3725 1133 3862 1202 πρὸς

2190 1227 2384 1289 αὐτοὺς
2425 1223 2869 1295 περισπούδαστα
2897 1224 3080 1285 αὐτοῖς
3113 1221 3312 1292 μᾶλλόν
3341 1223 3467 1275 εἰσι.
3508 1222 3600 1292 Μὴ
3627 1221 3740 1291 γάρ
3773 1237 3862 1292 μοι

2190 1312 2258 1366 τά
2291 1313 2486 1383 ἱμάτια
2511 1312 2650 1384 ίδῃς,
2683 1311 2817 1365 ἀλλά
2845 1309 3188 1378 ἀνακάλυψον
3212 1308 3394 1362 αὐτῶν
3414 1308 3510 1380 τὴν
3530 1308 3738 1378 ψυχὴν,
3771 1309 3864 1361 καὶ

2191 1401 2465 1470 σκόπησον
2505 1402 2552 1453 εἰ
2594 1401 2670 1470 μὴ
2704 1399 2912 1470 μυρίων
2956 1397 3118 1467 γέμει
3165 1396 3528 1468 τραυμάτων,
3563 1396 3660 1448 καὶ
3697 1397 3863 1464 ῥάκια

2192 1487 2601 1558 περιϐέϐληται,
2633 1485 2725 1538 καὶ
2757 1485 2902 1538 ἐστιν
2936 1484 3140 1554 ἔρημος
3174 1484 3268 1536 xal
3300 1483 3762 1552 ἀπροστάτευτος.
3799 1483 3863 1536 Τί

2188 1571 2281 1628 οὖν
2322 1574 2514 1644 ὄφελος
2553 1575 2652 1645 τῆς
2688 1573 2793 1638 ἐξω
2834 1572 3069 1643 μανίας;
3113 1571 3222 1624 Kal
3265 1571 3374 1641 γάρ
3422 1569 3604 1640 πολλῷ
3652 1570 3863 1640 βέλτιον

2191 1663 2398 1720 πένητα
2448 1658 2588 1716 εἶναι
2630 1664 2687 1714 ἐν
2734 1659 2903 1732 ἀρετῇ
2954 1658 3221 1730 ζῶντα,ἢ
3273 1659 3497 1729 βασιλέα
3547 1659 3678 1712 ὂντα
3726 1658 3867 1729 μετά

2192 1748 2475 1819 πονηρίας.
2511 1749 2568 1801 ὐ
2597 1747 2696 1818 μὲν
2721 1747 2829 1818 γὰρ
2853 1747 3021 1816 πένης
3048 1745 3175 1816 παρ’
3200 1745 3378 1816 ἐαυτῷ
3399 1744 3660 1798 ἀπολαύει
3684 1746 3866 1812 πάσης

2190 1837 2288 1906 τῆς
2316 1835 2456 1888 κατά
2478 1833 2655 1904 ψυχὴν
2683 1833 2916 1904 τρυφῆς.
2943 1832 3039 1886 καὶ
3059 1833 3178 1886 ούδέ
3199 1833 3299 1901 τῆς
3326 1831 3524 1898 ἔξωθεν
3545 1832 3866 1886 αἰσθάνεται

2191 1923 2380 1986 πενίας
2415 1921 2503 1974 διὰ
2529 1922 2619 1974 τὸν
2649 1920 2795 1973 ἔνδον
2827 1919 3058 1974 πλοῦτον
3080 1935 3091 1948 ·
3125 1920 3153 1972 ό
3180 1919 3237 1972 δέ
3266 1918 3518 1989 βασιλεὺς
3548 1918 3778 1989 τρυφῶν
3809 1919 3867 1971 ὲν

2188 2011 2300 2073 τοῖς
2354 2009 2506 2063 οὐδὲν
2553 2007 2702 2079 αύτῷ
2735 2009 3139 2080 προσήκουσιν,
3185 2007 3245 2059 ἐν
3285 2009 3400 2069 τοῖς
3449 2007 3689 2076 μάλιστα
3718 2005 3869 2076 αύτῴ

2186 2096 2502 2168 διαφέρουσι
2539 2095 2847 2161 κολάζεται,
2890 2096 2950 2148 ἐν
2985 2094 3130 2166 ψυχῇ
3169 2094 3264 2148 καὶ
3307 2093 3589 2164 λογισμοῖς
3642 2095 3747 2151 καὶ
3789 2092 3869 2163 τῷ

2189 2188 2450 2241 συνειδότι
2483 2198 2531 2250 ο,
2561 2189 2674 2249 τοῖς
2705 2187 2823 2238 ἐκεῖ
2853 2184 3322 2254 συναποδημοῦσιν
3358 2183 3526 2254 αύτῷ.
3564 2182 3737 2236 Ταῦτ’
3774 2177 3864 2236 οὖν

2187 2275 2411 2340 εἰδότες,
2432 2274 2503 2328 τὰ
2531 2275 2630 2346 μὲν
2659 2273 2848 2345 ἰμάτια
2871 2270 3202 2344 ἀποθώμεθα
3223 2270 3292 2324 τὰ
3313 2271 3513 2341 χρυσᾶ,
3539 2269 3864 2340 ἀνελώμεθα

2186 2363 2243 2416 δέ
2273 2362 2476 2433 ἀρετὴν
2509 2361 2603 2414 καὶ
2631 2361 2729 2432 τὴν
2763 2361 2826 2413 ἐκ
2865 2359 3069 2431 ταύτης
3089 2359 3301 2430 ἡδονήν.
3335 2358 3493 2410 υῦτω
3519 2357 3632 2427 γὰρ
3657 2359 3753 2410 καὶ
3783 2358 3862 2409 ἐνο

2185 2450 2358 2503 ταῦθα
2395 2450 2488 2501 καὶ
2532 2451 2649 2502 ἐκεῖ
2694 2447 2899 2514 πολλῆς
2929 2445 3312 2515 ἀπολαύσομεν
3355 2445 3454 2515 τῆς
3483 2443 3732 2514 τρυφῆς,
3775 2443 3864 2497 καὶ

2181 2538 2290 2590 τῶν
2338 2536 2762 2608 ἐπηγγελμένων
2802 2534 3150 2604 ἐπιτύχωμεν
3193 2531 3342 2605 [460]
3378 2532 3638 2599 ἀγαθῶν,
3681 2531 3866 2600 χάριτι

2183 2627 2279 2678 καὶ
2310 2623 2503 2694 φιλανθ
2515 2624 2696 2694 ρωπίᾳ
2717 2621 2812 2682 τοῦ
2833 2621 3040 2692 Κυρίου
3065 2619 3222 2690 ήμῶν
3255 2618 3428 2688 Ἰησοῦ
3454 2617 3718 2689 Χριστοῦ,
3748 2616 3864 2687 μεθ’

2182 2705 2243 2764 οῦ
2273 2711 2350 2780 τῷ
2380 2712 2557 2779 Πατρὶ
2587 2711 2682 2762 καὶ
2707 2709 2786 2781 τῷ
2814 2710 2954 2780 ἁγίῳ
2984 2708 3262 2779 Πνεύματι
3285 2707 3433 2774 δόξα,
3464 2705 3598 2777 τιμὴ
3621 2746 3636 2769 ,
3663 2706 3866 2776 κράτος

2181 2798 2277 2853 νῦν
2308 2798 2404 2852 καὶ
2428 2799 2514 2851 ἀεὶ
2544 2799 2641 2852 καὶ
2670 2800 2747 2862 εἰς
2779 2800 2905 2861 τοὺς
2936 2796 3139 2860 αἰῶνας
3169 2795 3278 2849 τῶν
3307 2796 3542 2852 αἰώνων.
3591 2793 3794 2865 Ἀμήν.

2223 2945 2273 3055 δι”
2291 2947 2392 3007 AL,
2413 2947 2636 2995 κολάκων
2660 2948 2826 3008 δῆμον.
2892 2950 2914 2978 ο
2939 2944 3058 3006 Alii,
3081 2946 3128 2994 ἐν
3149 2950 3208 3007 τῇ
3234 2948 3361 3009 ψυχῇ
3389 2942 3538 2993 αὐτοῦ
3559 2945 3642 2992 καὶ
3667 2944 3740 3006 τῷ
3759 2957 3865 2992 σνν-

2251 3023 2342 3054 οτι.

2179 3023 2322 3055 ειοοτι
2331 3039 2342 3051 .

2019 3273 2261 3328 ΟΜῙΛῙΛ
2301 3275 2375 3330 E'.

415 3384 621 3451 Καθὼς
645 3385 1151 3457 οὐκέδοκίμασαν
1195 3385 1300 3440 τὸν
1353 3386 1504 3440 Θεὸν
1536 3387 1703 3457 ἔχειν
1741 3388 1809 3442 ἐν
1836 3388 2084 3457 ἐπιγνώ-

483 3472 599 3517 σει,
625 3455 966 3528 παρέδωκεν
992 3459 1024 3509 ό
1048 3459 1198 3528 θεὸς
1227 3457 1454 3522 αὐτοὺς
1487 3455 1577 3524 εἰς
1600 3457 1892 3528 ἀδόκιμον
1907 3455 2083 3526 νοῦν,

483 3526 678 3580 ποιεῖν
705 3526 776 3579 τὰ
791 3527 878 3593 μὴ
909 3525 1274 3592 καθήκοντα.

484 3636 554 3683 α’.
583 3631 702 3683 Ἵνα
742 3629 817 3700 μὴ
848 3630 975 3702 δόξῃ
1008 3630 1204 3692 αὐτοὺς
1234 3629 1583 3697 αἰνίττεσθαι,
1614 3631 1706 3684 ἐπὶ
1726 3631 1860 3686 πολὺ
1881 3632 1958 3702 τῷ
1988 3633 2088 3703 τῆς

416 3717 809 3786 παιδεραστίας
851 3716 1199 3787 ἐνδιατρίσων
1265 3716 1450 3788 λόγῳ,
1499 3717 1699 3788 μετέϐη
1755 3719 1937 3798 λοιπὸγ
1989 3721 2087 3790 ἐφ’

415 3810 579 3882 ἔτερα
607 3809 722 3878 εῐδη
759 3809 1170 3879 ἁμαρτημάτων
1201 3825 1212 3836 '
1239 3807 1320 3862 διδ
1373 3808 1466 3862 καὶ
1519 3809 1604 3876 ἐφ’
1658 3809 1860 3879 ἐτέρων
1918 3827 2087 3881 προσ-

417 3897 582 3950 ώπων
618 3897 848 3968 προάγει
872 3897 964 3950 τὸν
995 3895 1150 3962 λόγον
1203 3896 1438 3951 ἅπαντα.
1478 3897 1587 3949 Kal
1636 3895 1826 3969 ῶσπερ
1856 3897 1942 3951 ἀεὶ
1973 3900 2086 3960 τοῖς

421 3987 632 4047 πιστοῖς
653 3983 1034 4054 διαλεγόμενος
1076 3984 1202 4054 περί⁵
1241 3984 1672 4054 ἁμαρτημάτων,
1701 3985 1797 4039 καὶ
1832 3985 2088 4056 βουλόμε-

419 4088 506 4133 νος
525 4071 697 4125 ταῦτα
727 4071 895 4136 δεῖξαι
939 4071 1168 4138 φευκτὰ,
1216 4070 1456 4142 παράγει
1502 4071 1581 4134 εἰς
1629 4071 1792 4142 μέσον
1826 4072 1895 4125 τά
1929 4072 2079 4143 ἐθνη,

417 4159 593 4227 λέγων
639 4175 652 4189 ο
698 4159 794 4226 Μὴ
838 4159 908 4211 ἐν
965 4158 1139 4212 πάθει
1187 4159 1521 4229 ἐπιθυμίας,
1577 4159 1840 4229 καθάπερ
1891 4161 1987 4214 καὶ
2016 4161 2086 4216 τὰ

419 4247 599 4300 λοιπὰ
625 4246 769 4313 ἔθνη
803 4247 875 4300 τὰ
892 4245 980 4316 μὴ
1011 4245 1210 4300 εἰδότα
1252 4247 1357 4301 τόν
1391 4249 1541 4302 Θεόν
1573 4265 1587 4279 ο
1619 4249 1711 4302 καὶ
1755 4249 1936 4315 πάλιν,
1986 4250 2082 4319 Μὴ

419 4332 727 4397 λυπεῖσθε,
753 4333 957 4402 ὥσπερ
982 4337 1035 4388 οἰ
1074 4336 1272 4389 λοιποί
1311 4338 1366 4389 οἱ
1401 4335 1486 4404 μὴ
1526 4336 1773 4406 ἔχοντες
1818 4337 2039 4390 ἐλπίδα
2067 4353 2081 4367 ·

419 4419 563 4472 οὕτω
610 4421 705 4472 xal
752 4421 985 4474 ἐνταῦθα
1054 4421 1322 4476 δείκνυσιν
1366 4423 1588 4478 ἐκείνων
1618 4424 1685 4477 τὰ
1710 4425 2084 4495 ἁμαρτήματα

418 4506 570 4569 ὄντα,
606 4507 698 4559 καὶ
729 4506 909 4574 πάσης
941 4506 1136 4570 αὐτοὺς
1169 4508 1462 4580 ἀποστερεῖ
1488 4510 1813 4582 συγγνώμης
1844 4529 1857 4543 ο
1885 4513 1945 4565 ού
1975 4514 2083 4585 γάρ

420 4594 678 4662 ἀγνοίας,
739 4593 876 4648 ἀλλὰ
945 4593 1179 4664 μελέτης
1233 4591 1371 4650 εἷναί
1427 4615 1558 4667 φησι
1613 4598 1679 4652 τά
1735 4600 2077 4672 τολμήματα.

422 4683 618 4753 Διόπερ
639 4683 738 4734 οὒκ
761 4677 902 4735 εἰπε.
935 4683 1045 4735 Kal
1077 4682 1255 4746 καθὼς
1279 4685 1377 4737 ούκ
1401 4686 1660 4753 ἔγνωσαν,
1692 4685 1846 4750 ἀλλά,
1881 4690 2082 4756 Καθὼς

423 4772 534 4823 οὐκ
566 4770 934 4840 ἐδοκίμασαν
963 4771 1071 4824 τὸν
1095 4772 1244 4825 Θεὸν
1271 4772 1436 4842 ἔχειν
1473 4775 1544 4828 ἐν
1570 4773 1884 4843 ἐπιγνώσει
1917 4791 1930 4806 ο
1964 4777 2082 4847 κρί-

426 4872 560 4919 σεως
583 4857 976 4930 διεφθαρμένης
1001 4859 1092 4912 καὶ
1131 4860 1461 4928 φιλονεικίας
1497 4862 1719 4931 μᾶλλον,
1778 4863 1838 4914 ού
1889 4879 2084 4934 συναρ-

425 4943 605 5013 παγῆς
627 4945 798 5013 λέγων
828 4941 963 5000 εἶναι
999 4948 1058 5001 τὸ
1096 4951 1417 5020 ἁμάρτημα,
1451 4949 1545 5002 καὶ
1574 4949 1789 5012 δεικνὺς
1838 4950 1958 5020 ούχὶ
1986 4952 2084 5021 τῆς

425 5031 646 5103 σαρκὸς,
672 5031 853 5096 καθώς
893 5050 1037 5094 τινες
1076 5035 1182 5087 τῶν
1225 5035 1514 5104 αἰρετικῶν
1572 5054 1753 5104 φασιν,
1809 5037 1943 5091 ἀλλά
1987 5040 2086 5109 τῆς

425 5118 660 5182 διανοίας
684 5119 810 5172 ὄντα
831 5119 930 5189 τῆς
958 5124 1198 5192 πονηρᾶς
1234 5121 1526 5188 ἐπιθυμίας
1561 5123 1626 5175 τὰ
1650 5125 1904 5196 ἁρμαρτή
1916 5145 2082 5196 ματα,

424 5208 518 5259 καὶ
547 5206 646 5278 τὴν
677 5207 858 5278 πηγὴν
881 5209 1084 5262 ἐκεῖθεν
1127 5205 1291 5262 οὖσαν
1325 5209 1432 5262 τῶν
1473 5210 1678 5264 κακῶν.
1718 5211 1935 5284 Ἐπειδὴ
1976 5215 2084 5285 γὰρ

425 5297 452 5347 0
485 5296 607 5358 νοῦς
631 5296 886 5367 ἀδόκιμος
930 5296 1142 5365 γέγονε,
1189 5298 1368 5352 πάντα
1418 5299 1703 5370 παρεσύρη
1750 5299 1934 5353 λοιπὸν
1992 5304 2085 5356 καὶ

426 5384 702 5455 ἀνετράπη
735 5397 783 5448 ι,
836 5384 930 5436 τοῦ
972 5386 1186 5456 ἡνιόχου
1232 5385 1639 5456 διαφθαρέντος.
1689 5390 2084 5458 Πεπληρωμέ-

425 5487 569 5536 rom;
590 5471 755 5540 πάσῃ
789 5471 1007 5540 ἀδικίᾳ,
1043 5475 1319 5541 πονηρίᾳ,
1348 5475 1692 5542 πλεονεξίᾳ,
1722 5478 1919 5543 κακίᾳ.
1945 5479 2085 5548 Ὅρα

424 5556 600 5610 πάντα
635 5561 747 5626 μετ’
767 5559 1066 5622 ἐπιτάσεως
1093 5578 1105 5589 ·
1139 5561 1235 5613 καὶ
1263 5561 1371 5633 γὰρ
1405 5562 1918 5632 Πεπληρωμένους
1947 5559 2084 5615 εἷναί

425 5661 576 5715 φησι,
614 5645 706 5698 καὶ
764 5646 954 5715 (Idan.
1000 5649 1301 5719 Ὀνομὰσας
1361 5650 1416 5702 δὲ
1476 5649 1705 5716 γενικῶς
1745 5649 1842 5720 τὴν
1866 5652 2083 5715 κακίαν,

423 5731 514 5784 καί
541 5733 654 5794 τοῖς
682 5732 904 5802 μέρεσιν
938 5733 1306 5806 ἐπεξέρχεται,
1344 5736 1437 5790 καὶ
1460 5734 1667 5799 τούτοις
1712 5735 1828 5807 μεθ’
1855 5738 2085 5808 ὑπερϐο-

423 5815 736 5886 λῆς,λέγων
781 5823 1058 5887 Μεστοὺς
1105 5824 1350 5891 φθόνου,
1403 5823 1618 5892 φόνου,
1679 5821 1850 5878 Τοῦτο
1886 5828 1994 5896 γάρ
2025 5827 2086 5891 ἐξ

427 5905 656 5968 ἐκείνου,
692 5906 882 5978 ὥσπερ
911 5909 1003 5961 ἐπὶ
1028 5910 1117 5963 τοῦ
1147 5910 1306 5964 Ἀὅελ
1342 5913 1432 5965 καὶ
1459 5911 1553 5966 τοῦ
1610 5912 1806 5981 Ἰωσὴφ
1843 5913 2074 5985 ἐδείχθη.

490 6007 637 6072 ἈΙὶἰ,
660 6013 950 6077 παρετράπη.

2190 3386 2322 3445 Εἶτα
2346 3392 2538 3457 εἰπὼν,
2562 3394 2822 3462 Ἔριδος,
2851 3393 3058 3458 δόλου,
3082 3393 3458 3461 κακοηθείας,
3482 3395 3871 3462 ψιθιφιστὰς.

2187 3481 2592 3548 καταλάλους,
2623 3483 3003 3553 θεοστυγεῖς,
3036 3482 3344 3550 ὑϐριστὰς,
3387 3482 3481 3535 καὶ
3506 3482 3576 3535 τὰ
3607 3481 3868 3536 δοκοῦντα

2185 3569 2453 3640 ἀδιάφορα
2486 3566 2637 3625 εἶναι.
2684 3571 2900 3637 πολλοῖς
2942 3573 3002 3625 ἐν
3026 3571 3175 3637 τάξει
3213 3571 3325 3635 θεὶς
3353 3571 3744 3641 ἐγκλημάτων,
3774 3571 3866 3626 αὕ-

2188 3655 2265 3720 ξει
2296 3657 2456 3712 πάλιν
2481 3659 2580 3731 τὴν
2604 3659 2960 3730 κατηγορίαν,
3010 3660 3104 3713 ἐπὶ
3140 3659 3242 3731 τὴν
3291 3659 3590 3730 ἀκρόπολιν
3654 3660 3866 3722 ἀναϐάς

2185 3743 2294 3796 τῶν
2325 3745 2531 3810 κακῶν,
2582 3747 2676 3801 καὶ
2727 3747 2900 3801 εἰπὼν
2940 3745 3280 3813 Ἀλαζόνας.
3315 3747 3423 3800 Τοῦ
3468 3746 3577 3816 γάρ
3608 3747 3866 3816 ἁμαρτά-

2183 3848 2294 3884 νειν
2346 3833 2407 3886 τὸ
2456 3834 2553 3888 καὶ
2603 3835 2987 3906 ἁμαρτάνοντα
3010 3837 3226 3904 φρονεῖν
3265 3834 3427 3903 μέγα,
3457 3833 3864 3907 χαλεπώτερον

2183 3917 2263 3972 διδ
2292 3920 2384 3973 καὶ
2417 3921 2727 3993 Κορινθίοις
2757 3922 2889 3977 αὐτὸ
2915 3921 3140 3990 ἐγκαλεῖ
3177 3921 3373 3989 λέγων·
3412 3920 3526 3974 Kal
3557 3921 3732 3990 ὑμεῖς
3759 3939 3864 3977 πε-

2184 4008 2547 4076 φυσιωμένοι
2576 4008 2737 4063 ἐστέ.
2785 4009 2848 4062 Εἰ
2896 4005 3005 4080 γὰρ
3071 4007 3165 4060 ἐπὶ
3214 4008 3604 4079 κατορθώματι
3633 4027 3722 4070 τις
3762 4028 3864 4078 φυ-

2187 4097 2429 4168 σώμενος
2458 4099 2520 4152 τὸ
2551 4102 2658 4153 πᾶν
2684 4098 2985 4164 ἀπώλεσεν,
3021 4099 3050 4152 ό
3089 4098 3225 4168 μετά
3255 4098 3674 4169 ἁμαρτημάτων
3703 4099 3864 4154 τοῦτο

2186 4186 2373 4249 ποιῶν,
2397 4186 2569 4256 πόσης
2600 4188 2698 4240 οὐκ
2733 4186 2798 4240 ἂν
2819 4188 2903 4256 εῖη
2936 4186 3208 4257 τιμωρίας
3235 4183 3410 4253 ἁξιος;
3435 4187 3554 4240 ούδέ
3606 4188 3720 4260 γὰρ
3770 4205 3856 4258 με·

2184 4272 2458 4342 ταγνῶναι
2513 4274 2803 4344 δυνήσεται
2855 4273 3038 4325 λοιπὸν
3092 4276 3120 4326 0
3177 4273 3436 4336 τοιοῦτος.
3487 4271 3620 4327 Εἶτά
3669 4293 3857 4345 φησιν,

2200 4361 2553 4428 Ἐφευρετὰς
2599 4359 2805 4414 κακῶν
2838 4376 2852 4390 ·
2885 4358 3083 4431 δηλῶν,
3129 4361 3209 4413 ὅτι
3264 4360 3387 4412 ούδέ
3415 4363 3528 4423 τοῖς
3559 4361 3662 4431 ήδη
3709 4360 3858 4415 οὖσιν

2187 4446 2558 4518 ἠρκέσθησαν,
2589 4447 2724 4501 ἀλλά
2757 4447 2849 4500 καὶ
2874 4447 3103 4518 ἐφεῦρον
3141 4447 3304 4518 ἕτερα
3342 4463 3356 4476 ·
3389 4448 3528 4519 ὅπερ
3556 4447 3720 4502 πάλιν
3767 4467 3862 4520 με-

2187 4531 2464 4587 λετώντων
2494 4531 2561 4604 ἦν
2596 4535 2689 4587 καὶ
2716 4533 3147 4598 σπουδαζόντων,
3197 4535 3318 4604 ούχὶ
3362 4533 3856 4607 συναρπαζομένων

2190 4621 2282 4674 xal
2312 4623 2803 4693 παρασυρομένων.
2841 4621 3022 4676 Εἰπὼν
3044 4623 3101 4675 δέ
3131 4623 3270 4676 κατά
3298 4623 3464 4695 μέρος
3501 4623 3601 4694 τὴν
3629 4625 3852 4690 κακίαν,

2187 4709 2279 4762 καί
2299 4697 2499 4776 δείξας,
2523 4711 2605 4763 ὅτι
2651 4711 2745 4763 καὶ
2776 4711 2912 4781 πρὸς
2963 4711 3132 4782 αὐτὴν
3173 4711 3335 4764 πάλιν
3373 4711 3470 4783 τὴν
3500 4709 3654 4782 μοι]
3693 4712 3854 4780 φύσιν

2185 4796 2422 4866 ἔστησαν
2445 4797 2726 4861 (Γονεῦσι
2752 4797 2879 4869 γὰρ,
2908 4800 3094 4869 φησὶν,
3126 4798 3434 4866 ἀπειθεῖς),
3467 4800 3560 4852 ἐπὶ
3580 4798 3677 4868 τὴν
3701 4799 3856 4869 ῥίζαν

2184 4885 2370 4938 λοιπὸν
2425 4886 2639 4956 πρόεισι
2686 4886 2784 4954 τῆς
2825 4886 3092 4958 τοσαύτης
3124 4885 3322 4956 λύμης,
3367 4885 3735 4954 Ἀστόργους
3761 4885 3855 4938 καί

2186 4973 2536 5040 ἀσπόνδους
2585 4972 2788 5028 καλῶν.
2848 4973 3063 5045 Ταύτην
3109 4973 3217 5043 γὰρ
3264 4973 3358 5025 καὶ
3405 4973 3434 5026 0
3476 4972 3714 5043 Χριστος
3761 4973 3855 5044 τὴν

2187 5061 2365 5114 αἰτίαν
2398 5058 2537 5114 εἷναί
2582 5077 2717 5131 φησι
2771 5060 2870 5130 τῆς
2918 5062 3204 5131 πονηρίας,
3237 5059 3410 5127 λέγων
3435 5076 3448 5089 θ
3483 5061 3674 5113 ’Ὅταν
3701 5065 3854 5128 πλη·

2187 5149 2378 5216 θιννθῇ
2417 5151 2456 5217 ἡ
2501 5150 2738 5218 ἀνομία,
2793 5149 3131 5219 ψυγήσεται
3176 5149 3214 5216 ἠ
3261 5147 3481 5216 ἀγάπη.
3513 5147 3689 5203 Τοῦτο
3727 5148 3856 5219 γοῦν

2187 5238 2281 5288 καὶ
2322 5237 2555 5290 ἐνταῦθα
2597 5237 2744 5304 λέγει
2799 5239 2826 5289 0
2879 5236 3109 5301 Παῦλος,
3167 5235 3588 5300 Ἀσυνθέτους,
3647 5238 3857 5304 ἀστόρ-

2188 5343 2350 5393 γους,
2386 5324 2770 5389 ἀσπόνδους,
2819 5322 3231 5392 ἀνελεήμονας
3277 5323 3482 5387 καλῶν,
3529 5323 3624 5376 καὶ
3651 5323 3852 5394 δηλῶν,

2186 5414 2266 5466 ὅτι
2289 5413 2381 5465 καὶ
2406 5413 2537 5465 αὐτὸ
2574 5412 2635 5464 τὸ
2662 5412 2761 5480 τῆς
2791 5412 3004 5482 φύσεως
3030 5410 3352 5483 προῦδωκαν
3385 5410 3577 5477 δῶρον.
3609 5411 3850 5480 Ἕχομεν

2186 5501 2294 5572 γάρ
2325 5503 2418 5555 καί
2438 5501 2675 5570 φυσικήν
2704 5518 2823 5555 τινα
2867 5501 2999 5572 πρὸς
3028 5500 3293 5569 ἀλλήλους
3342 5499 3638 5561 οἰκείωσιν,
3666 5501 3735 5570 ῆν
3764 5499 3856 5552 καὶ

2187 5589 2350 5660 θηρία
2381 5590 2518 5662 πρὸς
2539 5588 2742 5661 ἄλληλα
2774 5590 3088 5660 κέκτηνται.
3129 5587 3260 5643 Πᾶν
3307 5587 3418 5657 γὰρ
3464 5586 3631 5651 ζῶον,
3665 5587 3854 5656 φησὶν,

2187 5677 2384 5747 ἀγαπᾷ
2409 5679 2476 5732 τὸ
2498 5680 2704 5748 ὅμοιον
2722 5677 2929 5744 αὑτοῦ,
2961 5677 3058 5730 καί
3089 5677 3402 5746 ἄνθρωπος
3440 5674 3548 5729 τὸν
3583 5676 3857 5740 πλησίον

2186 5766 2389 5821 αὐτοῦ.
2433 5765 2582 5817 Ἀλλ’
2615 5757 2759 5818 οῦτοι
2803 5761 3074 5818 κάκείνων
3127 5763 3468 5835 κατέστησαν
3498 5758 3850 5831 ἀγριώτεροι.

2189 5855 2298 5923 Τὴν
2333 5855 2434 5923 μὲν
2476 5849 2568 5906 οὖν
2593 5852 2747 5907 νόσον
2783 5854 2879 5925 τὴν
2910 5852 3014 5906 ἀπὸ
3049 5852 3157 5906 τῶν
3190 5850 3442 5923 πονηρῶν
3463 5847 3752 5917 δογμάτων
3785 5848 3850 5917 τῇ

2190 5940 2480 6011 οἰκουμένῃ
2512 5941 2811 6011 γενομένην
2859 5940 2946 5992 διὰ
2991 5940 3198 5992 τούτων
3232 5940 3363 6007 ἡμῖν
3392 5933 3730 6005 παρέστησε,
3762 5932 3855 5987 καὶ

2198 6027 2374 6097 σαφῶς
2416 6027 2579 6092 ἔδειξε
2623 6027 2719 6091 τῆς
2772 6027 2876 6079 τῶν
2915 6025 3210 6080 νοσούντων
3254 6024 3524 6094 ῥᾳθυμίας
3552 6021 3650 6093 τὴν
3677 6020 3852 6089 59:50-
