4056 6506
183 469 306 528 lii

183 592 296 665 qui
355 587 608 647 inutiliter
661 581 928 639 laboraret
961 596 975 634 :
1003 577 1047 632 si
1091 589 1218 632 vero
1257 583 1406 629 extra
1443 580 1731 665 vagantes,
1765 577 1818 665 et

184 659 329 740 sine
368 683 525 738 freno
553 681 949 734 circumeuntes
975 669 1187 736 viderit,
1219 683 1250 722 a
1284 665 1440 721 nobis
1469 671 1686 732 arrepto
1719 659 1821 714 ini-

189 780 281 834 tio
320 777 530 846 ubique
571 789 667 828 nos
695 771 953 838 deinceps
981 780 1011 820 a
1038 779 1201 836 grege
1230 761 1464 831 dejicere
1490 756 1703 827 poterit.
1755 753 1820 846 lit

187 868 363 939 quod
395 845 534 921 inter
560 875 750 919 servos
781 857 954 930 ignavi
989 857 1040 910 in
1069 856 1184 909 foro
1212 852 1507 922 patiuntur,
1537 847 1629 939 qui
1658 845 1818 939 mini-

189 935 386 1014 steria
436 952 736 1010 necessaria
787 949 1134 1018 relinquunt,
1181 959 1279 1015 pro
1322 941 1518 1012 quibus
1561 938 1631 993 ab
1675 935 1819 990 heris

190 1050 366 1105 missi
403 1048 642 1110 fuerant,
678 1055 879 1098 temere
917 1052 970 1096 et
1010 1039 1128 1094 sine
1159 1051 1321 1092 causa
1347 1036 1411 1090 iis
1437 1034 1530 1104 qui
1559 1045 1822 1100 superve-

191 1145 370 1196 niunt
417 1142 702 1202 hmrcntes,
746 1145 800 1191 et
843 1136 1010 1189 otimu
1061 1130 1132 1184 ibi
1177 1137 1558 1183 consumentes
1593 1142 1606 1178 :
1641 1125 1742 1177 huc
1766 1131 1820 1177 et

191 1233 372 1289 nobis
405 1229 624 1295 accidit,
651 1241 771 1282 cum
801 1223 1143 1308 arpi-acceptis
1181 1220 1274 1275 Dei
1317 1218 1666 1273 discedimus.
1701 1215 1820 1270 Sta-

191 1341 328 1380 mus
353 1323 502 1379 enim
529 1322 784 1388 deinceps
815 1316 1028 1371 divitias
1055 1311 1398 1366 admirationi
1433 1309 1693 1364 habentes
1718 1346 1731 1366 ,
1766 1313 1821 1360 et

192 1412 670 1486 pulchritudinem
700 1407 969 1478 corporis,
998 1413 1053 1459 et
1079 1414 1274 1459 caaera
1307 1417 1426 1473 qua:
1457 1399 1589 1455 nihil
1616 1397 1683 1452 ad
1720 1411 1819 1451 nos

189 1508 449 1562 attinent
498 1520 514 1559 :
561 1499 1014 1575 quemadmodum
1072 1498 1146 1552 illi
1199 1498 1340 1552 servi
1389 1491 1819 1549 mendicantibus

195 1597 722 1669 prmstigiatoribus,
768 1593 858 1662 qui
912 1589 1176 1645 mirabilia
1221 1598 1457 1660 patranti,
1491 1585 1815 1649 attendunt;

193 1691 414 1748 deinde
455 1706 577 1745 cum
626 1686 832 1742 tardius
876 1684 1138 1750 redeunt,
1176 1681 1377 1736 domini
1413 1679 1582 1752 plagis
1610 1677 1820 1747 excepti

189 1764 490 1837 extremas
534 1779 663 1833 daut
700 1789 910 1848 paruas.
959 1773 1110 1829 Multi
1143 1787 1272 1828 vero
1311 1771 1645 1842 propositam
1675 1768 1817 1822 viam

197 1871 634 1942 prmtermittunt
653 1908 668 1933 ,
697 1868 831 1922 alios
861 1866 951 1937 qui
983 1866 1200 1934 indigne
1229 1878 1290 1919 se
1325 1863 1553 1934 agebant
1582 1876 1818 1932 sequen—

195 1973 308 2018 tes.
362 1960 477 2017 Sed
507 1975 607 2015 nos
633 1975 701 2015 ne
731 1959 835 2014 hoc
863 1958 1120 2013 faciamus
1151 1973 1167 2010 :
1198 1956 1398 2011 etenim
1444 1953 1595 2008 missi
1635 1966 1820 2008 sumus

194 2055 266 2109 ad
307 2053 485 2108 multa
516 2068 636 2122 qum
669 2060 859 2122 urgent
896 2047 1254 2120 perficienda;
1299 2056 1356 2103 et
1402 2047 1448 2102 si
1489 2047 1668 2101 missis
1709 2046 1819 2102 illis

194 2157 446 2210 stemus,
493 2145 703 2200 inutilia
745 2142 836 2199 illa
885 2142 1054 2197 hianti
1105 2157 1201 2196 ore
1247 2140 1620 2211 reSpicientes,
1671 2139 1818 2194 omni

197 2249 461 2307 tempore
502 2237 658 2291 nobis
701 2235 902 2291 frustra
952 2235 1244 2305 insumpta,
1273 2243 1545 2288 extremas
1573 2232 1819 2287 dabimus

198 2345 428 2403 pmnas.
458 2330 514 2384 Si
543 2331 686 2385 enim
717 2339 769 2386 te
796 2343 1053 2385 exercere
1082 2327 1217 2382 velis
1241 2367 1256 2393 ,
1292 2325 1457 2380 habes
1488 2340 1606 2394 qua:
1635 2324 1818 2378 mirari

194 2423 435 2491 debeas,
465 2433 518 2478 et
542 2421 608 2476 ad
632 2437 751 2492 quae
782 2421 990 2475 inhiare
1017 2419 1162 2473 omni
1197 2428 1438 2488 tempore
1471 2416 1665 2485 possis,
1697 2429 1817 2486 quae

197 2533 311 2572 nou
347 2518 489 2582 risu,
518 2515 614 2571 sed
641 2497 999 2570 admiratione
1040 2523 1093 2569 et
1135 2511 1384 2567 laudibus
1436 2511 1616 2564 multis
1657 2510 1817 2580 digna

195 2619 330 2666 sunt
358 2628 372 2664 :
410 2607 866 2680 quemadmodqu
896 2616 1086 2663 contra
1115 2607 1180 2675 is,
1211 2606 1301 2676 qui
1335 2603 1556 2659 ridicula
1583 2603 1816 2657 admira-

197 2713 310 2768 tur,
342 2703 466 2773 ipse
495 2703 613 2757 talis
639 2702 762 2769 erit,
793 2711 848 2757 et
875 2702 1042 2756 risum
1081 2710 1332 2754 movente
1367 2697 1643 2753 deterior:
1671 2698 1818 2769 quod

194 2810 267 2850 ne
301 2794 399 2849 tibi
435 2794 662 2859 accidat,
695 2793 803 2848 cito
830 2793 1061 2848 resilias.

273 2885 752 2941 Divitiarttm‘usus
797 2888 964 2942 malus
1009 2902 1163 2958 quam
1211 2885 1468 2939 miseriam
1507 2886 1715 2955 inferat.
1748 2916 1818 2926 —

196 2980 341 3051 Quid
364 3023 380 3048 ,
417 2995 626 3052 qutcso,
658 2993 770 3036 stas
797 2981 995 3036 divitiis
1029 2980 1278 3035 inhians?
1323 2979 1452 3050 quid
1500 2979 1819 3034 admirabile

197 3071 354 3125 vides
375 3112 391 3137 ,
437 3073 580 3141 quod
624 3072 791 3142 possit
816 3071 1004 3126 oculus
1035 3081 1155 3125 tuos
1182 3071 1459 3126 detinere?
1488 3087 1658 3142 equos
1687 3087 1818 3126 auro

198 3174 453 3230 ornatos,
499 3165 761 3228 famulos,
808 3164 944 3218 alios
995 3162 1280 3228 barbaros,
1328 3162 1466 3218 alios
1510 3162 1814 3233 eunuchos,

202 3295 372 3312 .—

1340 451 1403 507 IN
1447 447 1661 505 EPIST.
1696 447 1788 502 AD
1829 442 2001 501 B031.
2029 440 2260 500 HOMIL.
2308 442 2372 500 ν.

3433 446 3540 504 ‘29.

1929 566 2237 636 splendidas
2264 577 2460 634 vestes,
2493 567 2728 623 animam
2774 567 2831 623 in
2877 567 2959 624 his
3003 569 3320 635 emollitam,
3351 571 3537 628 subla-

1927 667 2040 714 tum
2083 660 2452 730 supercilium,
2483 661 3030 718 circumcursationes
3055 705 3069 728 ,
3110 664 3414 719 tumultus?
3451 666 3536 719 An

1929 751 2045 806 haec
2074 751 2433 808 admiratione
2462 753 2659 824 digna?
2691 753 2742 808 in
2772 769 2880 824 quo
2905 764 3086 810 autem
3113 755 3368 812 dim-runt
3409 757 3464 812 hi
3504 772 3538 812 κ

1927 844 2191 900 mendicis
2221 844 2544 900 saltantibus
2571 852 2627 900 et
2650 845 2995 901 sibilantibus
3030 848 3081 901 in
3113 847 3269 902 foro?
3314 848 3446 903 Nam
3480 861 3538 904 et

1927 934 1978 988 hi
2013 937 2179 990 multa
2207 937 2422 990 virtutis
2467 936 2609 990 fame
2650 936 2892 1003 detenti,
2922 937 3178 995 choream
3210 939 3413 995 ducunt
3439 941 3534 996 illa

1927 1026 2314 1093 ridiculiorem,
2343 1029 2445 1082 acti
2478 1037 2532 1082 et
2558 1029 2890 1095 circumacti,
2920 1045 3062 1085 nunc
3091 1032 3157 1085 ad
3189 1033 3359 1086 lautas
3385 1047 3537 1086 men-

1926 1134 2035 1183 sas,
2068 1135 2208 1175 nunc
2229 1121 2295 1174 ad
2319 1121 2680 1176 diversorium
2708 1125 3036 1179 amasiarum
3061 1124 3369 1192 mulierum,
3394 1141 3537 1181 nunc

1925 1212 1991 1267 ad
2023 1212 2357 1268 adulatorum
2382 1223 2437 1269 et
2459 1218 2816 1285 parasitorum
2841 1220 3074 1285 agmina.
3109 1218 3165 1274 Si
3191 1235 3318 1274 vero
3341 1235 3532 1274 aurum

1925 1311 2156 1374 gestant,
2183 1304 2304 1359 ideo
2330 1306 2564 1361 maxime
2595 1306 2934 1364 miserabiles
2958 1318 3105 1377 sunt,
3127 1311 3251 1380 quia
3283 1311 3395 1377 illa,
3415 1326 3536 1380 qua:

1927 1393 2060 1448 nihil
2104 1395 2168 1449 ad
2212 1409 2273 1450 se
2315 1396 2580 1464 attinent,
2617 1399 2789 1468 magis
2816 1398 2917 1453 sibi
2949 1416 3092 1455 cura:
3120 1409 3266 1455 sunt.
3299 1400 3376 1455 Ne
3403 1402 3537 1459 mihi

1925 1489 2250 1545 vestimenta
2279 1489 2494 1545 illorum
2524 1492 2801 1561 respicias,
2834 1493 2929 1548 sed
2961 1509 3149 1550 eorum
3178 1495 3416 1549 animam
3449 1510 3538 1550 re-

1927 1589 2066 1651 toge,
2087 1591 2138 1636 et
2166 1582 2436 1652 perpende
2457 1599 2637 1638 annon
2661 1586 2808 1641 mille
2829 1587 2898 1642 sit
2921 1588 3236 1642 vulneribus
3257 1588 3532 1653 confossa,

1926 1681 1978 1727 et
2000 1674 2194 1728 laceris
2219 1677 2407 1743 pannis
2433 1675 2638 1742 induta,
2663 1691 2844 1734 annon
2870 1681 2939 1734 sit
2968 1680 3186 1737 deserta
3211 1692 3266 1736 et
3291 1683 3408 1738 sine
3440 1698 3537 1753 pa-

1928 1767 2177 1822 trocinio.
2226 1769 2357 1838 Quae
2389 1771 2592 1824 utilitas
2628 1771 2774 1827 illius
2803 1781 3043 1829 externae
3078 1773 3338 1830 insaniae?
3366 1775 3536 1830 Multo

1925 1863 2117 1917 melius
2143 1872 2223 1918 est
2249 1879 2538 1934 pauperem
2569 1879 2691 1921 esse
2717 1876 2770 1921 et
2803 1866 2856 1920 in
2881 1867 3080 1922 virtute
3111 1868 3276 1923 vitam
3309 1868 3532 1936 ducere,

1925 1969 2086 2025 quam
2107 1971 2229 2011 cum
2255 1957 2492 2027 nequitia
2521 1973 2702 2028 regem
2725 1972 2867 2014 esse.
2883 1959 3110 2029 Pauper
3133 1960 3277 2014 enim
3309 1960 3452 2032 apud
3474 1977 3536 2018 se

1925 2047 2072 2102 omni
2103 2047 2398 2103 secundum
2431 2050 2668 2106 animam
2697 2051 2974 2122 voluptate
3015 2053 3245 2120 fruitur,
3275 2070 3451 2125 neque
3480 2057 3532 2110 in

1925 2154 2146 2195 sensum
2172 2140 2319 2196 venit
2349 2141 2494 2196 illius
2519 2151 2760 2198 externa:
2785 2145 3121 2214 paupertatis
3145 2187 3161 2212 ,
3190 2145 3261 2200 ob
3294 2147 3535 2204 internas

1924 2230 2182 2287 divitias:
2215 2248 2310 2287 rex
2338 2248 2471 2288 vero
2497 2233 2549 2288 in
2574 2234 2782 2290 deliciis
2808 2235 3018 2302 vivens,
3046 2237 3097 2291 in
3132 2237 3226 2300 iis,
3263 2253 3384 2309 quae
3425 2254 3533 2295 non

1924 2323 2023 2396 ipsi
2055 2325 2407 2396 congruentia
2445 2336 2590 2390 sunt,
2627 2326 2678 2381 iu
2721 2327 2788 2382 iis
2831 2343 2950 2398 qua:
2993 2329 3228 2384 maxime
3253 2330 3321 2384 ad
3352 2330 3532 2401 ipsum

1923 2419 2154 2472 attinent
2192 2418 2486 2483 cruciatur,
2538 2419 2588 2473 in
2638 2419 2839 2485 anima,
2891 2419 2943 2475 in
2991 2420 3430 2491 cogitationibus,
3478 2423 3533 2478 iu

1922 2510 2274 2579 conscientia,
2297 2526 2418 2581 quae
2446 2526 2548 2566 una
2581 2527 2764 2568 secum
2800 2513 2891 2568 illo
2921 2513 3376 2585 commigrabunt.
3408 2516 3535 2574 meo

1925 2603 2085 2674 igitur
2105 2619 2225 2658 cum
2247 2605 2502 2669 sciamus,
2528 2603 2848 2660 vestimenta
2871 2605 3088 2676 quidem
3110 2621 3274 2662 aurea
3293 2607 3535 2678 depona-

1923 2697 2321 2762 mus,virtutem
2338 2712 2682 2752 assumamus
2698 2709 2750 2753 et
2765 2696 3094 2768 voluptatem
3109 2715 3175 2755 ex
3194 2700 3279 2755 illa
3297 2709 3529 2771 partam.

1922 2787 2011 2844 Sic
2041 2789 2186 2842 enim
2215 2798 2269 2843 et
2299 2787 2386 2844 hic
2413 2799 2469 2845 et
2501 2789 2611 2845 illic
2639 2791 2807 2845 multa
2851 2790 3099 2847 fruemur
3137 2794 3444 2863 voluptate,
3477 2806 3535 2851 et

1926 2884 2189 2953 promissa
2244 2898 2644 2955 consequemur
2687 2887 2848 2954 bona,
2893 2889 3062 2958 gratia
3107 2899 3163 2945 et
3204 2890 3535 2962 benignitate

1926 2977 2138 3037 Domini
2179 2979 2347 3033 nostri
2391 2978 2520 3034 Jesu
2547 2979 2773 3043 Christi,
2801 2983 3018 3052 quicum
3051 2984 3196 3038 Patri
3228 2996 3282 3040 et
3309 2985 3534 3056 Spiritui

1922 3077 2111 3123 sancto
2141 3070 2334 3139 gloria,
2370 3071 2568 3140 honor,
2597 3073 2906 3145 imperium,
2938 3091 3081 3131 nunc
3109 3088 3164 3132 et
3193 3093 3406 3149 semper
3429 3121 3445 3146 ,
3478 3091 3536 3137 et

1921 3161 1976 3216 in
2004 3163 2200 3219 satcula
2229 3163 2574 3218 stcculorum.
2609 3165 2805 3219 Amen.

375 3296 3502 3323 —-———-——-——————————————————————_—‘

1691 3371 2040 3433 HOMILIA
2088 3372 2135 3432 V
2148 3415 2163 3431 .

201 3525 330 3580 (ise.
373 3524 424 3578 1.
462 3537 517 3576 v.
548 3520 639 3576 28.
671 3519 815 3575 Sicut
851 3534 953 3572 non
985 3517 1320 3587 probaverunt
1357 3514 1518 3568 Deum
1549 3513 1732 3566 habere
1763 3517 1815 3566 in

278 3618 485 3682 notitia,
519 3615 730 3669 tradidit
756 3629 840 3667 eos
865 3610 1118 3667 Dominus
1141 3611 1194 3664 in
1218 3607 1488 3680 reprobum
1518 3623 1744 3671 sensum,
1764 3613 1818 3658 ut

280 3714 510 3782 facerent
540 3725 599 3762 ea
633 3723 749 3778 qua:
777 3722 876 3760 non
903 3705 1226 3759 conveniunt.

279 3804 345 3866 1.,
373 3801 443 3858 Ut
469 3815 540 3855 ne
571 3798 846 3854 videretur
881 3796 999 3851 illos
1025 3795 1388 3859 subindicare,
1421 3801 1703 3863 postquam
1728 3791 1818 3845 diu

205 3897 353 3954 circa
412 3907 705 3966 puerorum
765 3903 1005 3945 amorem
1060 3896 1304 3943 versatus
1354 3886 1547 3950 fuerat,
1597 3883 1664 3938 ad
1715 3882 1820 3936 alia

208 3986 407 4043 deinde
433 3994 776 4057 peccatorum
802 3996 1002 4053 genera
1030 3979 1280 4036 transivit
1309 3997 1322 4033 :
1350 3977 1581 4047 ideoque
1601 3975 1667 4029 ad
1687 3974 1822 4029 alias

210 4095 480 4150 personas
524 4088 691 4132 totum
735 4088 1040 4130 sermonem
1073 4070 1350 4128 transfert.
1380 4070 1449 4125 Et
1474 4084 1539 4124 ac
1584 4070 1638 4124 si.
1673 4083 1820 4123 sem-

211 4187 308 4243 per
339 4171 532 4226 fideles
554 4169 622 4224 de
653 4167 887 4238 peccatis
930 4167 1319 4238 alloqueretur,
1369 4174 1425 4219 ut
1456 4163 1543 4218 illa
1571 4162 1820 4233 fugienda

212 4279 334 4321 esse
385 4271 815 4326 commonstret,
872 4269 1061 4331 gentes
1128 4261 1180 4314 in
1244 4257 1479 4313 medium
1552 4255 1819 4326 producit,

213 4357 404 4413 dicens
452 4376 466 4413 :
519 4355 646 4411 Non
702 4356 757 4410 in
817 4354 1053 4425 passione
1104 4351 1365 4416 desiderii,
1418 4350 1546 4404 sicut
1597 4357 1645 4401 et
1697 4349 1822 4402 reli-

214 4465 329 4519 qua
378 4460 572 4520 gentes,
625 4464 740 4518 quae
784 4444 947 4499 Deum
995 4459 1101 4498 non
1146 4450 1393 4496 noverunt
1433 4441 1510 4511 (1.
1558 4439 1732 4494 Thess.
1768 4440 1819 4495 4.

217 4542 275 4612 5)
307 4561 320 4598 :
349 4553 406 4599 et
436 4558 672 4606 rursum,
722 4538 804 4594 Ne
831 4537 1202 4593 contristemini
1223 4577 1238 4601 ,
1272 4536 1401 4589 sicut
1438 4545 1484 4588 et
1528 4535 1714 4593 ett-teri,
1739 4534 1826 4603 qui

219 4654 360 4708 spem
387 4655 490 4692 non
519 4637 702 4691 habent
731 4634 892 4708 (Ibid.
927 4651 975 4688 υ.
1011 4634 1100 4706 15)
1125 4649 1139 4686 :
1169 4635 1246 4688 sic
1267 4641 1322 4688 et
1348 4630 1449 4686 hoc
1471 4632 1590 4686 loco
1613 4631 1825 4685 illorum

189 4739 446 4798 'peccata
477 4712 730 4794 exhibet,
763 4728 990 4797 illosque
1033 4725 1102 4781 ab
1142 4725 1290 4780 omni
1337 4724 1492 4778 venia
1536 4723 1824 4778 deturbat:

226 4838 331 4877 non
357 4823 502 4877 enim
531 4838 626 4894 per
653 4821 1005 4892 ignorantiam
1043 4818 1306 4886 admissa,
1341 4819 1435 4873 sed
1464 4818 1716 4873 meditata
1743 4817 1826 4872 di-

223 4916 296 4973 cit
322 4933 442 4974 esse
474 4918 733 4973 facinora.
765 4919 1104 4986 Quapropter
1130 4930 1238 4984 non
1261 4914 1392 4968 dicit
1422 4930 1435 4966 :
1467 4912 1535 4968 Et
1557 4913 1695 4968 sicut
1723 4929 1828 4966 non

224 5022 624 5081 cognoverunt;
649 5010 764 5074 sed,
796 5010 942 5064 Sicut
969 5025 1070 5062 non
1091 5002 1434 5078 probaverunt
1459 5004 1623 5059 Deum
1651 5003 1833 5060 habere

227 5100 279 5154 in
315 5103 526 5166 notitia;
555 5117 622 5156 ex
662 5109 914 5170 corrupto
951 5098 1156 5170 judicio
1187 5108 1242 5154 et
1266 5113 1332 5153 ex
1354 5081 1701 5153 contentione
1731 5113 1830 5168 po-

230 5191 332 5246 tius
353 5208 511 5263 quam
546 5209 611 5249 ex
637 5192 820 5262 rapina
850 5191 1039 5246 dicens
1065 5205 1189 5246 esse
1223 5198 1497 5260 peccatum
1523 5229 1538 5255 ,
1568 5198 1620 5244 et
1646 5198 1832 5245 osten-

233 5281 367 5338 dens
397 5299 501 5341 non
533 5300 602 5340 ex
629 5298 828 5350 carne,
867 5292 924 5336 ut
953 5281 1170 5352 quidam
1202 5281 1576 5336 hzereticorum
1609 5280 1830 5349 dicunt,

233 5373 325 5428 sed
353 5390 418 5430 ex
443 5377 625 5431 animo
653 5385 707 5430 et
737 5387 918 5430 mente
945 5374 1100 5429 mala:
1131 5375 1579 5443 concupiscentia:
1619 5383 1832 5443 peccata

240 5467 500 5534 proficisci
527 5512 540 5534 ,
575 5478 630 5525 et
669 5470 810 5524 hunc
856 5482 976 5524 esse
1023 5468 1284 5522 malorum
1321 5468 1559 5521 omnium
1611 5467 1831 5521 fontem.

236 5556 525 5633 Postquam
555 5564 696 5618 enim
725 5577 880 5617 tnens
910 5560 1140 5630 reproba
1173 5560 1308 5614 facta
1340 5569 1423 5614 est
1446 5601 1461 5624 ,
1495 5559 1674 5630 auriga
1708 5575 1835 5616 cor-

243 5659 426 5719 rttpto,
449 5654 627 5707 omnia
673 5653 888 5709 demum
918 5651 1303 5708 labefactantur
1329 5661 1382 5706 et
1434 5652 1834 5708 subvcz'tuntur.

241 5739 327 5796 29.
356 5741 591 5814 Repletos
618 5748 752 5800 omni
780 5747 1064 5817 iniquitate,
1092 5745 1330 5814 nequitia,
1358 5745 1593 5807 avaritia,
1618 5744 1834 5798 malitia.

248 5829 376 5887 \‘ide
399 5876 414 5899 ,
443 5839 623 5892 omnia
653 5839 931 5892 confertim
965 5855 979 5892 :
1011 5832 1133 5891 nam
1169 5835 1407 5906 Replctas
1438 5835 1558 5891 illos
1583 5834 1752 5906 dicit,
1784 5846 1840 5892 ct

254 5925 430 5993 Omni,-
460 5939 511 5984 ct
539 5945 660 5987 cum
693 5930 948 5986 malitiam
980 5929 1032 5984 in
1076 5943 1274 6001 genere
1315 5928 1680 5990 nominasset.
1722 5927 1834 6000 jam

1924 3522 2105 3575 partes
2148 3511 2266 3581 ejus
2315 3512 2694 3582 prosequitur,
2732 3523 2787 3570 et
2815 3513 2909 3570 ltas
2938 3531 3060 3572 cum
3091 3517 3420 3592 hyperbole,
3451 3526 3538 3584 di-

1925 3618 2084 3668 cens,
2115 3602 2308 3657 Plenos
2334 3604 2527 3658 invidia
2547 3646 2563 3670 ,
2593 3605 2748 3659 cwde.
2782 3599 2897 3663 Hoc
2930 3610 3074 3664 enim
3105 3627 3171 3667 ex
3203 3614 3295 3669 illo
3323 3618 3496 3674 oritur
3518 3663 3535 3688 ,

1928 3705 1986 3750 ut
2037 3695 2088 3749 iu
2136 3695 2308 3750 Abele
2354 3706 2410 3749 et
2449 3698 2499 3751 iu
2549 3697 2751 3769 Joseph
2794 3713 3150 3760 mouswatum
3193 3716 3296 3762 est.
3335 3711 3540 3771 Deinde

1925 3803 2048 3843 cum
2073 3787 2318 3855 dixisset,
2342 3787 2690 3854 Contentione,
2722 3793 2862 3856 dolo,
2886 3796 3224 3866 malignitate,
3247 3800 3337 3856 30.
3364 3819 3542 3860 ουσαν-

1927 3896 2099 3946 renes,
2131 3880 2464 3945 detractores,
2514 3879 2623 3936 Deo
2663 3900 2888 3954 perosos,
2935 3892 3347 3959 contumeliosos,
3376 3897 3540 3954 etiam

1929 3990 1992 4029 ea
2013 4015 2029 4039 ,
2063 3990 2185 4046 quae
2216 3973 2402 4029 multis
2435 3975 2794 4033 indifferentia
2821 3993 2944 4036 esse
2969 3981 3249 4052 videntur,
3280 3985 3332 4041 in
3360 3989 3543 4044 crimi-

1930 4087 2058 4126 num
2112 4069 2303 4125 ordine
2363 4085 2602 4141 ponens;
2654 4081 2813 4143 auget
2860 4089 3047 4132 rursus
3100 4081 3541 4150 accusationem,

1930 4171 2216 4232 postquam
2239 4161 2291 4215 in
2323 4175 2505 4216 arcem
2534 4162 2800 4218 malorum
2832 4167 3099 4237 ascendit,
3131 4178 3184 4223 et
3212 4170 3541 4232 dixit,Arro-

1929 4265 2128 4326 gmttes.
2159 4248 2388 4310 Gravius
2414 4265 2498 4310 est
2523 4255 2668 4310 enim
2691 4256 2858 4312 altum
2882 4272 3073 4329 sapere
3091 4271 3211 4331 post
3235 4276 3542 4336 peccatum,

1931 4364 2093 4419 quam
2135 4363 2364 4419 peccare
2394 4365 2407 4402 :
2443 4348 2565 4404 ideo
2606 4349 2917 4407 Corinthios
2953 4353 3165 4408 incusat
3200 4355 3285 4410 his
3315 4361 3494 4415 verbis
3527 4379 3542 4417 :

1935 4439 2000 4494 Et
2027 4457 2112 4495 vos
2141 4440 2307 4509 inﬂati
2330 4440 2448 4495 estis
2475 4441 2553 4511 (1.
2589 4440 2710 4497 Cor.
2744 4443 2799 4498 5.
2821 4442 2902 4514 2).
2933 4443 3065 4500 Nam
3092 4446 3136 4500 si
3159 4447 3278 4518 quis
3301 4448 3368 4504 de
3399 4461 3547 4510 recte

1935 4531 2076 4587 facto
2104 4533 2319 4586 inflatus
2346 4540 2448 4597 est,
2482 4542 2650 4588 totum
2679 4534 2855 4604 perdit
2883 4553 2897 4592 :
2927 4537 3017 4607 qui
3049 4553 3170 4592 cum
3203 4541 3439 4609 peccatis
3466 4543 3550 4600 in-

1935 4626 2116 4692 flatur,
2140 4641 2247 4696 quo
2276 4641 2382 4681 non
2415 4625 2607 4697 dignus
2632 4625 2793 4682 fuerit
2819 4629 3121 4699 supplicio?
3141 4633 3230 4703 qui
3257 4634 3401 4703 enim
3427 4638 3549 4695 talis

1936 4731 2054 4787 est,
2100 4720 2421 4790 resipiscere
2453 4734 2558 4776 nou
2591 4722 2814 4791 poterit.
2866 4723 3069 4780 Deinde
3109 4702 3219 4792 ait,
3253 4702 3551 4788 Inventorcs

1937 4815 2210 4881 malorum,
2243 4811 2552 4883 significans
2584 4830 2690 4868 non
2716 4824 2799 4869 sat
2825 4815 2954 4885 ipsis
2977 4817 3142 4874 fuisse
3166 4819 3277 4888 illa,
3301 4839 3420 4893 quae
3436 4826 3549 4894 jam

1938 4907 2263 4972 exstabant,
2294 4907 2388 4962 sed
2419 4917 2473 4962 et
2502 4907 2606 4961 alia
2639 4908 2911 4966 invenisse
2945 4929 2959 4965 :
2991 4912 3134 4982 quod
3173 4915 3550 4976 meditantium

1939 5009 1993 5054 ct
2037 4999 2366 5056 studentium
2419 5011 2556 5068 erat,
2604 5003 2693 5072 qui
2743 5018 2774 5057 a
2824 5004 2988 5060 nullis
3033 5008 3448 5079 subriperentur
3497 5023 3554 5071 et

1939 5091 2364 5148 attraherentur.
2413 5091 2547 5147 Cum
2588 5104 2770 5149 autem
2819 5097 3082 5153 malitiam
3129 5102 3434 5159 minutatim
3464 5105 3552 5161 di-

1940 5186 2132 5252 xisset,
2184 5195 2239 5241 ct
2287 5186 2613 5241 ostendisset
2657 5187 2802 5258 ipsos
2846 5188 2902 5244 in
2946 5191 3135 5247 eadem
3180 5196 3291 5265 ipsa
3336 5199 3555 5257 stetisse

1943 5286 2130 5332 natura
2159 5278 2306 5346 (nam
2339 5279 2434 5344 ait,
2463 5277 2769 5334 Parentibus
2801 5298 2899 5336 non
2926 5284 3260 5359 obedientes),
3290 5289 3357 5344 ad
3386 5295 3553 5360 pestis

1943 5381 2107 5428 tanta:
2132 5371 2367 5428 radicem
2393 5374 2471 5428 sic
2497 5373 2715 5428 demum
2745 5377 2941 5445 pergit,
2970 5377 3060 5433 51.
3092 5377 3220 5434 Sine
3244 5381 3514 5449 affectione
3532 5427 3552 5456 ,

1942 5463 2130 5532 absque
2173 5464 2363 5537 [rudere
2399 5463 2587 5520 dicens
2633 5466 2776 5521 illos.
2827 5468 2976 5525 ilanc
3020 5471 3166 5525 enim
3212 5481 3268 5527 ct
3308 5474 3557 5534 Christus

1943 5571 2161 5612 causam
2203 5572 2324 5613 esse
2351 5559 2602 5628 nequitia:
2633 5559 2763 5613 dicit
2801 5578 2814 5616 :
2843 5559 2969 5615 Cum
2999 5562 3328 5619 abundaverit
3361 5568 3556 5639 iniqui-

1944 5657 2041 5713 tas,
2072 5650 2362 5719 refrigescet
2392 5650 2582 5704 cart'tas
2613 5653 2891 5705 multorum
2918 5652 3129 5724 (Matth.
3162 5655 3256 5711 24.
3289 5658 3406 5721 12).
3445 5661 3556 5716 lloc

1945 5744 2108 5812 igitur
2140 5740 2224 5796 hic
2254 5741 2383 5796 dicit
2412 5741 2630 5808 Paulus,
2667 5742 3042 5816 Incompositos
3067 5789 3080 5811 ,
3124 5748 3234 5802 sine
3260 5748 3552 5820 aﬂ'ectione,

1945 5836 2134 5906 absque
2174 5835 2362 5905 fudere
2386 5875 2402 5904 ,
2447 5836 2557 5890 sine
2585 5836 2934 5892 misericordia
2962 5854 3164 5902 vocans
3183 5882 3198 5908 ,
3231 5843 3557 5901 ostendens.

1947 5943 2051 6001 que
2096 5929 2242 5998 ipsos
2283 5926 2388 5985 hoc
2419 5938 2624 5986 naturae
2669 5930 2870 5988 donum
2917 5933 3239 6003 prodidisse.
3286 5935 3560 5998 Habemus
