4056 6490
571 435 675 491 Η.ῗῖ

576 547 719 605 enim
749 541 1040 599 naturalem
1070 536 1351 609 qucmdnn
1384 532 1447 586 ad
1472 532 1695 584 inuicem
1722 527 1991 589 allectum,
2024 530 2157 574 utet

576 645 705 709 ipsa:
737 637 861 691 fera:
890 634 1105 687 habent.
1141 630 1275 683 Nam
1307 642 1452 680 omne
1480 622 1705 701 animal,
1727 618 1895 686 inqttit
1920 659 1933 679 ,
1965 614 2057 668 sibi
2088 614 2155 665 si-

574 704 694 784 mile
729 726 915 789 diligit,
946 734 991 778 et
1025 726 1173 777 homo
1212 718 1492 790 proximum
1530 730 1676 768 suum
1708 710 1889 780 (lfrcli.
1922 709 2007 761 15.
2044 704 2154 771 l9).

579 826 648 876 At
675 820 749 876 illi
781 819 909 873 feris
940 816 1225 871 ferociores
1270 810 1437 865 fuere.
1467 807 1705 861 Morbum
1747 802 1904 872 igitur
1946 797 2035 868 qui
2086 812 2155 851 ex

575 914 755 984 pravis
775 908 1105 981 dogmatibus
1122 905 1302 960 urbem
1328 901 1539 965 invasit,
1565 897 1808 952 hisnobis
1829 892 2078 955 ostendit,
2105 901 2159 944 et

578 1005 865 1059 declaravit
893 1011 1172 1066 utrumque
1207 995 1451 1049 morbum
1495 1008 1559 1046 ex
1592 1002 1852 1059 a-grorum
1888 984 2159 1053 negligen-

579 1098 653 1151 tia
684 1094 915 1165 prodire.
946 1089 1221 1158 Significat
1250 1086 1486 1144 demum,
1516 1092 1573 1137 ut
1595 1082 1660 1135 de
1688 1078 2026 1149 dogmatibus
2046 1077 2155 1142 jam

582 1189 797 1249 fecerat,
830 1186 987 1240 etiam
1026 1182 1143 1236 illos
1178 1180 1331 1234 venia
1374 1190 1587 1239 carere;
1622 1172 1740 1227 ideo
1777 1172 1853 1223 ait
1884 1188 1896 1221 :
1925 1168 2013 1224 '52.
2058 1166 2158 1232 Qui

578 1298 692 1334 cum
709 1277 1129 1350 justiﬁcationent
1156 1272 1247 1327 Dei
1276 1276 1645 1341 cognoscerent,
1672 1268 1907 1336 quoniam
1929 1262 2013 1330 qui
2034 1260 2156 1312 talia

576 1382 755 1444 agunt,
797 1370 938 1441 digni
964 1377 1079 1423 sunt
1121 1374 1316 1427 morte;
1359 1379 1456 1416 non
1490 1360 1651 1415 solum
1689 1358 1787 1427 ipsi
1814 1356 2039 1426 faciunt,
2068 1360 2155 1405 sed

577 1466 728 1519 etiam
754 1460 1051 1533 facientibus
1076 1456 1406 1511 consentiunt.
1445 1450 1575 1505 Cum
1606 1449 1739 1503 duas
1767 1446 2026 1516 posuisset
2059 1460 2154 1497 an-

579 1555 839 1617 titheses,
882 1551 965 1604 hic
1003 1549 1186 1602 ambas
1214 1546 1477 1614 prarcipue
1512 1541 1578 1596 de
1613 1539 1789 1595 medio
1832 1537 1984 1591 tollit.
2018 1534 2154 1601 Quid

578 1645 721 1698 enim
769 1641 987 1705 dixeris,
1043 1636 1232 1706 inquit,
1281 1643 1331 1688 te
1373 1633 1579 1686 nescire
1619 1645 1720 1692 ea,
1768 1642 1885 1698 qua:
1916 1625 2155 1680 ficit-uda

578 1725 734 1791 sunt?
764 1734 919 1787 Certe
948 1730 990 1784 si
1020 1745 1123 1784 nou
1154 1741 1361 1790 nosses,
1398 1735 1450 1777 tu
1485 1728 1534 1777 iu
1568 1736 1727 1777 causa
1753 1734 1901 1773 esses
1922 1760 1935 1781 ,
1972 1717 2156 1770 relicto

581 1827 709 1890 Deo,
747 1825 835 1895 qui
881 1823 972 1877 tibi
1019 1822 1134 1875 lucc
1176 1828 1299 1873 nuta
1346 1815 1540 1869 fecerat
1586 1830 1599 1864 :
1633 1827 1771 1866 nunc
1812 1824 1938 1864 vero
1978 1806 2157 1859 multis

578 1917 866 1989 probamus
914 1924 967 1969 te
1012 1914 1096 1966 illa
1143 1912 1305 1971 scire.
1343 1917 1397 1964 et
1433 1916 1621 1977 Sponte
1660 1917 1902 1974 peccare.
1943 1899 2045 1956 Sed
2078 1897 2156 1989 ab

575 1988 767 2063 atl'eetu
798 2003 1058 2061 traheris?
1084 2002 1187 2057 Cur
1210 2016 1337 2070 ergo
1366 1996 1672 2067 eooperaris
1698 2006 1751 2050 et
1778 1991 2005 2047 laudas?
2034 1988 2085 2043 Ν
2091 2006 2156 2043 on

576 2102 742 2155 solum
768 2099 897 2152 enim
928 2095 1018 2149 illa
1047 2096 1261 2163 faciunt,
1291 2091 1495 2159 inquit,
1523 2087 1612 2143 sed
1640 2096 1683 2140 et
1710 2083 2005 2155 facientibus
2032 2098 2154 2135 con-

573 2192 813 2246 smtiunt.
844 2189 1027 2244 Priore
1060 2187 1216 2256 igitur
1243 2185 1437 2256 posita,
1471 2196 1588 2251 quae
1619 2181 1769 2233 venia
1803 2176 2015 2245 indigna
2041 2184 2153 2238 est,

576 2292 634 2337 ιι
660 2281 800 2335 illam
823 2279 890 2335 de
912 2277 1087 2333 medio
1120 2277 1269 2330 tollat
1296 2276 1316 2345 (
1348 2280 1603 2344 peccante
1632 2274 1775 2324 enim
1808 2270 1873 2333 is,
1906 2268 1994 2336 qui
2029 2279 2154 2335 pec-

577 2382 754 2428 catum
795 2369 1009 2435 laudat,
1045 2368 1201 2437 longe
1239 2364 1519 2420 nocentior
1545 2362 1697 2430 est);
1734 2360 1865 2423 hac,
1898 2359 2153 2427 inquam,

580 2466 807 2535 primum
856 2461 1049 2532 posito,
1104 2459 1228 2512 hinc
1278 2455 1647 2511 vehementius
1703 2453 1754 2506 in
1810 2450 2156 2521 sequentibus

578 2558 724 2613 illum
746 2554 918 2624 arguit
942 2550 1176 2620 etcarpit
1201 2548 1284 2603 his
1307 2546 1483 2603 verbis
1510 2545 1692 2615 :(Cap.
1715 2539 1818 2610 lt.)
1838 2544 1885 2598 l.
1912 2541 2159 2611 Pmpter-

575 2664 634 2702 ea
657 2643 1009 2700 inexcusabilis
1034 2658 1085 2696 es
1108 2681 1124 2707 ,
1155 2658 1185 2696 ο
1210 2642 1361 2695 homo
1384 2682 1399 2706 ,
1438 2639 1661 2710 quisquis
1681 2638 1886 2707 judicus
1916 2653 1934 2689 :
1964 2634 2027 2687 In
2059 2652 2158 2707 quo

576 2742 711 2795 enim
732 2739 947 2793 alterum
962 2735 1191 2806 judicas,
1218 2736 1431 2803 tcipsum
1447 2732 1750 2785 condemnas
1768 2727 1981 2798 (Matth.
2003 2728 2053 2781 7.
2077 2728 2153 2795 2).

580 2832 704 2886 Ιιιιτθ
750 2830 1016 2900 principes
1056 2826 1347 2896 respiciens
1388 2823 1555 2889 dicit,
1597 2822 1717 2891 quia
1764 2820 1879 2875 urbi
1919 2820 1991 2874 illi
2034 2828 2159 2875 tunc

580 2925 836 2992 temporis
874 2920 1155 2991 imperium
1183 2920 1234 2974 in
1267 2926 1432 2972 totum
1470 2916 1653 2971 orbem
1684 2913 1933 2969 traditum
1966 2914 2152 2967 fuerat.

578 3021 667 3075 Sic
696 3018 851 3087 igitur
877 3016 1093 3069 ordiens
1117 3013 1191 3067 ait
1219 3029 1233 3065 :
1266 3010 1639 3067 Defensionem
1663 3008 1758 3063 tibi
1780 3006 1981 3072 aufers,
2013 3006 2159 3076 quis-

576 3113 697 3182 quis
723 3111 797 3165 sis
831 3127 843 3162 :
876 3109 1002 3162 dum
1034 3106 1173 3161 enim
1222 3106 1486 3159 mtecbum
1536 3102 1792 3165 damnas,
1842 3110 1893 3153 et
1942 3108 1997 3153 tu
2048 3100 2160 3169 ipse

580 3202 889 3266 nunt-haris,
917 3199 1123 3255 etiamsi
1150 3198 1326 3253 nullos
1356 3200 1514 3250 homo
1543 3203 1592 3248 te
1613 3192 1819 3262 judicet
1842 3203 1894 3246 et
1921 3191 2157 3253 damnet.

578 3294 893 3349 sententiam
925 3291 1090 3355 illam,
1122 3304 1279 3359 quam
1313 3288 1361 3341 in
1388 3294 1595 3340 sontem
1627 3284 1822 3349 tulisti,
1851 3283 1901 3337 in
1934 3283 2159 3351 tcipsum

576 3383 764 3440 tulisti.
792 3382 847 3435 2.
872 3381 1076 3436 Scimus
1105 3380 1234 3435 cnim
1255 3421 1271 3445 ,
1298 3378 1534 3446 quoniam
1559 3376 1818 3447 judicium
1848 3373 1942 3427 Dei
1968 3383 2041 3427 est
2077 3389 2157 3427 sc-

577 3478 797 3531 cundunt
827 3476 1081 3529 veritatem
1107 3474 1158 3525 in
1187 3488 1286 3534 eos,
1316 3470 1402 3540 qui
1429 3468 1551 3523 talia
1574 3478 1748 3539 agunt.
1781 3467 1856 3522 Ne
1877 3466 1995 3536 quis
2014 3466 2156 3520 enim

577 3571 809 3631 diceret,
836 3566 1052 3621 Interim
1081 3564 1235 3631 etl'ugi
1267 3580 1280 3615 :
1315 3573 1372 3616 ut
1401 3570 1628 3627 terreat,
1660 3562 1733 3614 ait
1770 3562 1785 3593 ²
1806 3603 1819 3625 ,
1862 3575 1965 3613 non
2000 3559 2067 3613 ita
2101 3575 2159 3615 se

580 3675 692 3717 rem
724 3657 922 3712 habere
949 3655 1087 3726 apud
1120 3656 1283 3709 Deum
1322 3661 1379 3707 ut
1402 3652 1541 3721 apud
1570 3666 1705 3707 nos:
1738 3652 1821 3705 hic
1857 3652 1995 3705 enim
2026 3652 2159 3706 alius

582 3750 816 3821 punitur,
845 3747 978 3801 alius
1003 3746 1204 3815 etl'ugit,
1234 3747 1321 3814 qtti
1353 3743 1537 3799 eadem
1562 3742 1869 3807 admiserat;
1900 3743 2002 3797 illic
2031 3752 2160 3798 vero

580 3856 685 3894 non
718 3839 864 3893 item.
896 3836 1045 3905 Quod
1069 3836 1355 3906 crgojusta
1386 3834 1611 3899 noverit,
1643 3834 1687 3889 is
1714 3834 1802 3904 qui
1826 3834 2049 3903 judicat,
2081 3834 2161 3889 di-

583 3933 691 3995 xit;
734 3929 874 3984 unde
901 3944 1028 3984 vero
1057 3929 1291 3991 noverit,
1333 3942 1437 3981 non
1466 3927 1590 3980 item
1617 3944 1629 3980 :
1654 3929 1978 3996 superﬂuunt
2017 3929 2158 3984 enim

579 4024 787 4078 fuisset.
831 4023 985 4076 Circa
1026 4020 1348 4088 impietatem
1376 4020 1588 4091 quidem
1623 4030 1905 4091 utrumque
1930 4021 2158 4077 demon-

579 4126 731 4178 strat,
778 4125 830 4169 ct
871 4112 1012 4183 quod
1050 4112 1138 4167 ille
1171 4114 1335 4167 Deum
1377 4126 1726 4182 cognoscens,
1760 4114 1920 4181 impie
1948 4115 2155 4184 egerit;

580 4218 630 4262 cl
672 4205 812 4275 unde
843 4205 1082 4268 noverit,
1113 4220 1303 4273 nempe
1329 4220 1391 4258 ex
1422 4205 1580 4258 rebus
1606 4206 1819 4259 creatis.
1853 4204 1985 4271 Quia
2016 4208 2157 4261 enim

586 4316 689 4354 non
739 4300 985 4353 omnibus
1032 4308 1213 4351 notum
1256 4308 1387 4363 erat,
1430 4311 1641 4351 causam
1676 4298 1834 4352 etiam
1868 4298 2043 4364 dixit;
2076 4300 2162 4354 hic

582 4409 732 4455 vero,
766 4392 883 4457 quia
915 4404 997 4442 res
1026 4389 1075 4440 in
1102 4387 1347 4442 confeSso
1370 4398 1501 4455 erat,
1534 4390 1787 4457 prtctcrit.
1822 4388 1952 4444 Cum
1982 4402 2159 4445 autem

582 4484 745 4547 dicit,
782 4481 959 4536 Omnis
1000 4479 1082 4550 qui
1119 4480 1351 4550 judicat,
1403 4494 1505 4533 non
1556 4482 1881 4550 principibus
1927 4482 2162 4553 loquitur

584 4587 807 4637 tantum,
837 4573 927 4627 sed
957 4574 1115 4628 etiam
1146 4572 1360 4641 privatis
1380 4583 1431 4625 ct
1453 4573 1698 4628 subditis.

652 4666 708 4720 2.
752 4664 961 4718 Etenim
1008 4678 1195 4717 omnes
1228 4662 1502 4726 homines,
1534 4665 1739 4718 etiamsi
1774 4664 2024 4720 thrOnum
2058 4682 2161 4721 non

585 4760 832 4823 habeant,
864 4773 967 4813 non
997 4757 1274 4811 carniﬁces
1302 4771 1397 4811 nec
1445 4757 1661 4825 lignum,
1694 4767 1927 4812 attamen
1967 4771 2019 4814 et
2066 4761 2162 4827 ipsi

586 4848 653 4903 de
681 4849 763 4911 iis,
797 4848 883 4916 qui
917 4856 1154 4916 peccant,
1174 4846 1411 4912 judicaut
1442 4848 1490 4901 in
1520 4849 1802 4919 colloquiis
1830 4859 1881 4903 et
1908 4852 2159 4914 cratibus,

587 4957 651 4996 ex
674 4938 1012 4994 conscientia:
1044 4954 1233 5007 nempe
1269 4939 1475 4992 calculo
1505 4954 1518 4993 ;
1552 4949 1603 4994 et
1633 4957 1788 4997 nemo
1819 4941 1999 4997 dicere
2024 4946 2166 5001 ausit

596 5031 859 5090 mret-hum
891 5044 994 5082 non
1028 5044 1147 5083 esse
1174 5028 1389 5098 dignum
1419 5032 1709 5099 punitione.
1740 5031 1847 5088 Sed
1874 5035 2007 5089 alios
2033 5077 2048 5103 ,
2081 5037 2165 5089 iu-

592 5126 726 5197 quit,
760 5124 1029 5185 damnant,
1059 5138 1163 5176 non
1192 5124 1411 5190 seipsos.
1448 5122 1569 5179 ldeo
1597 5126 1647 5178 in
1675 5126 1790 5181 illos
1822 5128 2168 5187 vehementer

593 5219 838 5287 insurgit,
863 5218 1043 5272 dicens
1077 5237 1089 5275 :
1120 5219 1170 5273 5.
1207 5217 1475 5272 Existimas
1498 5230 1660 5272 autem
1688 5220 1798 5288 hoc,
1835 5238 1863 5275 ο
1895 5227 2061 5288 homo,
2083 5226 2170 5293 qui

591 5311 789 5381 judicas
819 5310 935 5363 illos
965 5310 1050 5380 qui
1077 5308 1197 5362 (alia
1226 5318 1418 5379 agunt,
1464 5320 1508 5363 ct
1536 5312 1660 5381 facis
1691 5329 1768 5377 ea,
1800 5317 1933 5383 quod
1960 5326 2012 5367 ttt
2039 5317 2170 5382 e/Iu—

595 5404 698 5471 gies
720 5403 974 5473 judicium
1004 5402 1116 5455 Dei.
1156 5403 1283 5468 Quia
1327 5404 1467 5456 enim
1497 5404 1727 5458 ostendit
1757 5407 1942 5475 ingens
1974 5425 2167 5477 pecca-

595 5510 707 5546 tum
738 5494 881 5547 orbis
912 5502 968 5548 et
1006 5508 1034 5545 a
1063 5492 1393 5561 dogmatibus
1424 5504 1477 5548 et
1507 5510 1533 5546 a
1568 5494 1910 5563 facinoribus,
1944 5515 1998 5555 et
2024 5503 2165 5570 quod

590 5587 860 5656 sapientes
889 5601 1006 5639 cum
1039 5594 1234 5647 essent.
1264 5597 1316 5640 et
1341 5587 1479 5657 quod
1516 5603 1634 5641 cum
1673 5589 1928 5647 baberent
1956 5612 2166 5650 ctcatu-

592 5692 701 5732 ram
730 5692 787 5731 se
813 5692 968 5730 manu
1000 5676 1277 5731 ducentem
1299 5720 1314 5745 ,
1344 5679 1484 5749 quod
1516 5696 1620 5735 nou
1654 5685 1812 5737 modo
1842 5685 2004 5741 Deum
2040 5691 2164 5743 reli-

652 5852 669 5881 ⁸
695 5854 886 5909 Quidam
913 5850 1097 5915 legunt,
1123 5859 1313 5904 interim
1337 5856 1481 5919 cmtgi
1518 5854 1756 5917 timorem,
1783 5860 1868 5909 n’t.

1314 422 1367 477 s.
1408 414 1680 475 tenuis
1704 398 2171 467 cuuvsosroui
2212 402 2523 458 AltClllEP.
2566 403 3093 463 CONSTANTl-NOP.

3767 406 3865 462 (Et

2264 519 2541 587 quissent,
2586 519 2680 574 scd
2728 521 2889 574 etiam
2923 520 3211 591 elegissent
3241 520 3499 590 imagines
3547 520 3823 590 reptitimu
3851 561 3865 579 .

2262 608 2400 677 quod
2429 609 2587 662 etiam
2620 610 2873 663 virtutem
2916 620 3267 681 spernerent,
3308 621 3361 665 et
3401 611 3546 680 quod
3588 612 3867 664 aliieiettte

2266 707 2452 752 uatuna
2499 701 2561 752 ad
2595 703 2885 770 nequitiam
2917 718 2977 758 se
3016 715 3207 773 sponte
3238 702 3567 765 conferrent,
3605 704 3866 772 quodque

2264 798 2449 842 contra
2482 799 2720 844 naturam
2754 804 2976 862 agerent
3013 812 3027 848 :
3064 794 3129 848 ad
3175 793 3301 848 illttd
3327 792 3521 848 deinde
3557 809 3618 847 se
3650 793 3865 846 confert

2264 888 2322 931 ut
2344 879 2589 935 ostendat
2616 896 2730 948 eos,
2764 883 2851 950 qui
2887 884 3008 937 talia
3044 894 3371 954 perpetrant,
3401 884 3669 953 supplicio
3700 884 3862 938 tradi.

2262 972 2379 1027 Jam
2422 976 2732 1028 memoravit
2765 976 3087 1046 supplicium
3116 992 3236 1032 cum
3261 978 3329 1032 de
3358 977 3597 1031 facinore
3626 985 3819 1046 ageret
3848 993 3871 1033 :7

2264 1066 2392 1121 Nam
2426 1066 2730 1134 Mercedem,
2783 1069 2975 1140 inquit,
3047 1072 3231 1124 erroris
3267 1071 3346 1123 sui
3391 1072 3442 1123 in
3495 1072 3683 1140 scipsis
3735 1070 3867 1122 rcci-

2262 1160 2407 1228 piunt
2455 1175 2474 1211 :
2524 1176 2707 1214 verum
2760 1161 2881 1230 quia
2930 1177 3036 1217 non
3089 1160 3326 1216 sentiunt
3379 1163 3545 1225 illam,
3599 1162 3757 1215 addit
3813 1172 3864 1215 et

2261 1250 2441 1314 aliam,
2474 1265 2631 1319 quam
2661 1252 2891 1306 maxime
2924 1253 3202 1305 timebant.
3235 1250 3460 1322 Jamque
3493 1253 3640 1305 illam
3674 1265 3864 1307 eaten-

2260 1341 2461 1395 derat:
2503 1358 2623 1397 cum
2676 1345 2819 1397 enim
2870 1344 3034 1407 dicit,
3099 1344 3355 1414 judicium
3417 1345 3508 1399 Dei
3558 1344 3865 1399 secundum

2261 1434 2539 1489 veritatem
2592 1450 2743 1502 esse,
2800 1436 2931 1491 nihil
2988 1436 3131 1492 aliud
3187 1453 3344 1507 quam
3401 1437 3505 1491 hoc
3566 1438 3860 1492 declarat:

2263 1536 2501 1581 attamen
2574 1525 2705 1581 illud
2780 1528 2864 1583 hic
2920 1527 3160 1597 pluribus
3214 1528 3432 1598 probat,
3501 1528 3582 1581 sic
3620 1528 3860 1588 dicens:

2262 1617 2540 1672 Existimas
2562 1630 2727 1674 autem
2751 1620 2865 1683 Itoc,
2889 1637 2917 1673 ο
2940 1620 3111 1687 homo,
3138 1621 3222 1690 qui
3242 1621 3449 1690 judicos
3474 1620 3589 1672 illos
3615 1620 3710 1688 qui
3737 1620 3863 1672 talia

2262 1720 2437 1778 agunt,
2462 1722 2508 1762 et
2532 1711 2659 1781 facis
2683 1727 2762 1774 ea,
2791 1713 2926 1779 quod
2946 1722 2998 1763 ιιι
3019 1710 3231 1781 effugies
3246 1712 3499 1781 judicium
3528 1710 3666 1764 Dei?
3686 1709 3859 1764 Tuum

2262 1815 2365 1853 non
2409 1799 2661 1869 effugisti,
2695 1811 2747 1855 et
2788 1801 3046 1870 judicium
3077 1803 3167 1856 Dei
3198 1801 3456 1871 ell‘ugies?
3492 1812 3548 1855 et
3594 1803 3722 1871 quis
3763 1802 3863 1854 hoc

2261 1890 2486 1945 dixerit?
2515 1892 2672 1961 Atqui
2705 1900 2756 1946 tu
2798 1893 3025 1963 tcipsum
3050 1894 3317 1964 iudicasti.
3349 1893 3545 1948 Verum
3571 1904 3859 1963 postquam

2262 1991 2405 2037 tanta
2435 1982 2529 2037 fuit
2559 1983 2713 2054 hujus
2742 1985 3018 2039 tribunalis
3043 1987 3329 2042 auctoritas
3354 2027 3371 2053 ,
3396 2001 3495 2042 nec
3523 1997 3577 2040 tu
3610 1985 3708 2039 tibi
3740 2001 3860 2056 par-

2260 2088 2383 2128 cere
2410 2075 2626 2143 potuisti
2652 2117 2667 2141 ,
2701 2074 2970 2145 quomodo
3013 2075 3183 2141 Deus,
3213 2078 3301 2147 qui
3342 2076 3715 2146 impeccabilis
3743 2084 3821 2131 est
3843 2118 3855 2137 .

2261 2181 2471 2220 summe
2496 2166 2692 2236 justus,
2735 2184 2841 2221 non
2880 2167 3045 2222 multo
3087 2168 3255 2238 magis
3294 2167 3396 2223 hoc
3422 2167 3620 2223 faciet?
3663 2167 3772 2223 Sed
3807 2178 3857 2219 ιιι

2264 2259 2489 2330 tcipsum
2524 2260 2805 2323 damnasti,
2839 2268 2893 2314 et
2921 2260 3057 2314 Deus
3086 2269 3136 2314 te
3162 2260 3480 2330 approbabit
3500 2270 3554 2314 et
3577 2259 3859 2313 laudabit?

2260 2350 2438 2421 Ecqua
2464 2351 2671 2406 ratione
2702 2351 2815 2407 ha'e
2834 2352 3115 2408 dicantur?
3145 2355 3307 2425 Atqui
3336 2363 3390 2408 tu
3414 2354 3571 2424 longe
3592 2356 3860 2423 supplicio

2260 2453 2314 2498 ct
2346 2445 2560 2514 quidem
2590 2445 2792 2516 majore
2820 2446 3030 2517 dignior
3059 2447 3150 2502 illo
3175 2489 3189 2514 ,
3220 2463 3382 2517 quem
3416 2448 3711 2503 damnasti.
3743 2447 3857 2503 Non

2261 2535 2405 2589 enim
2450 2534 2681 2606 idipsum
2726 2546 2810 2592 est
2848 2538 3163 2608 simpliciter
3207 2553 3463 2609 peccare,
3491 2549 3544 2593 ct
3573 2549 3858 2609 postquam

2262 2628 2424 2682 alium
2456 2640 2769 2698 peccantem
2800 2630 3082 2700 puuivisti,
3130 2632 3181 2685 in
3214 2632 3401 2687 eadem
3451 2642 3671 2703 peccata
3722 2634 3858 2688 inci-

2263 2719 2411 2775 dere.
2443 2721 2629 2776 Viden‘
2657 2723 2929 2793 quomodo
2966 2725 3170 2779 crimen
3217 2726 3466 2780 auxerit?
3503 2724 3558 2780 Si
3592 2726 3740 2779 enim
3780 2736 3855 2789 tu,

2264 2812 2448 2882 inquit,
2479 2829 2602 2869 eum
2643 2816 2732 2885 qui
2774 2816 2950 2871 minus
2984 2818 3223 2887 peccavit
3247 2819 3453 2887 plectis,
3484 2819 3695 2876 etiamsi
3726 2821 3855 2890 teip-

2260 2919 2377 2959 sum
2407 2904 2783 2975 deturpaturus
2809 2908 2917 2973 sis,
2948 2910 3215 2978 quomodo
3246 2911 3383 2966 Deus
3411 2921 3461 2967 te
3487 2913 3694 2982 majora
3737 2929 3847 2983 pce

2260 3008 2494 3063 cantem,
2527 3012 2697 3067 neque
2726 2999 2825 3054 sibi
2856 2999 3114 3071 pudorem
3147 3001 3425 3070 illaturus,
3457 3018 3564 3058 non
3602 3006 3773 3075 magis
3806 3015 3859 3058 ct

2260 3088 2475 3156 gravius
2515 3087 2789 3143 damnabit
2836 3100 2916 3153 te,
2948 3093 3036 3162 qui
3078 3091 3187 3161 jam
3234 3108 3263 3147 a
3310 3095 3413 3148 tuis
3442 3096 3859 3164 cogitationibus

2264 3177 2546 3233 damnatus
2576 3179 2673 3233 es?
2700 3181 2851 3249 Quod
2880 3183 2921 3235 si
2942 3182 3144 3238 dixeris
3169 3202 3183 3238 ε
3211 3184 3342 3239 Novi
3370 3187 3589 3256 quidem
3613 3204 3702 3243 me
3727 3202 3856 3257 sup-

2267 3270 2423 3339 piit-io
2454 3270 2671 3340 dignum
2698 3287 2852 3338 esse;
2881 3274 2974 3329 sed
3008 3284 3225 3345 pt'Opler
3264 3277 3357 3331 Dei
3399 3280 3710 3349 patientiam
3760 3280 3857 3333 de-

2262 3363 2425 3430 Spicis
2444 3402 2460 3427 ,
2491 3372 2542 3417 ct
2570 3364 2687 3433 quia
2732 3379 2834 3418 non
2862 3366 3037 3419 statim
3069 3382 3253 3436 pce-uas
3280 3368 3374 3423 das
3395 3410 3410 3434 ,
3438 3370 3665 3425 confidis
3692 3388 3706 3423 :
3738 3370 3859 3426 hinc

2264 3462 2410 3507 certe
2433 3452 2556 3523 jure
2588 3455 2777 3509 timere
2807 3471 2873 3510 ac
2905 3465 3134 3512 tremere
3158 3459 3430 3515 debueris.
3458 3461 3575 3515 Non
3616 3464 3760 3516 enim
3803 3473 3858 3516 ut

2266 3558 2368 3596 non
2390 3557 2577 3613 pinnas
2599 3545 2716 3610 des,
2745 3546 2838 3601 sed
2871 3556 2927 3601 ut
2955 3548 3049 3603 des
3078 3549 3372 3619 graviores,
3400 3551 3663 3617 dili‘ertur,
3697 3556 3742 3608 si
3781 3556 3859 3608 in-

2264 3636 2615 3692 emendabilis
2639 3652 2893 3704 maneas;
2918 3640 3060 3709 quod
3095 3642 3295 3697 utinam
3322 3660 3390 3699 ue
3416 3645 3508 3699 tibi
3540 3648 3817 3717 contingat
3841 3649 3854 3701 l

2264 3727 2389 3783 ldeo
2416 3729 2691 3801 subjungit
2730 3751 2744 3787 :
2775 3733 2831 3795 4.
2862 3733 2939 3785 An
2970 3735 3169 3789 divitias
3194 3735 3430 3791 bonitatis
3455 3740 3565 3808 ejus
3587 3750 3636 3793 et
3663 3744 3861 3810 patiar

2266 3820 2349 3873 tia:
2375 3830 2423 3875 ct
2449 3821 2855 3893 longanimitatis
2884 3828 3177 3893 contemnis,
3211 3828 3454 3899 ignorans
3472 3832 3611 3901 quod
3630 3833 3858 3906 benigni-

2265 3924 2342 3969 tas
2373 3916 2471 3970 Dei
2494 3920 2561 3971 ad
2588 3920 2930 3989 ptrnitentiam
2958 3933 3007 3975 te
3032 3923 3297 3979 adducat?
3321 3924 3609 3996 Postquam
3643 3928 3738 3983 Dei
3770 3944 3859 4000 pa-

2267 4011 2503 4066 tientiam
2530 4013 2780 4078 laudavit,
2814 4026 2867 4069 et
2895 4017 3132 4071 ostendit
3153 4032 3218 4073 ex
3245 4032 3307 4072 ea
3332 4021 3621 4074 maximum
3649 4020 3855 4077 lucrum

2264 4104 2662 4160 attendentibus
2686 4107 2944 4163 accedere
2977 4108 3103 4177 (hoc
3127 4123 3304 4165 autem
3334 4124 3450 4167 erat
3480 4127 3772 4182 peccantes
3792 4116 3857 4171 ad

2266 4197 2630 4265 prenitentiam
2656 4200 2927 4270 trahere),
2957 4203 3202 4257 timorem
3222 4215 3398 4275 auget.
3427 4206 3577 4262 Sicut
3597 4210 3743 4264 enim
3773 4211 3854 4275 iis,

2265 4289 2355 4358 qui
2384 4290 2498 4359 ejus
2531 4293 2779 4361 patientia
2809 4304 2865 4347 ut
2892 4311 2986 4364 par
3009 4304 3091 4350 est
3118 4298 3195 4351 usi
3226 4299 3441 4366 iuerint,
3473 4315 3633 4355 causa
3665 4314 3749 4357 est
3777 4320 3858 4358 sa-

2268 4380 2389 4435 lutis
2429 4399 2441 4435 :
2474 4382 2551 4437 sic
2581 4392 2633 4438 et
2659 4386 3120 4441 contemnentibus
3144 4389 3312 4458 majus
3334 4391 3658 4460 supplicium
3682 4396 3854 4450 affert.

2268 4472 2379 4528 Hoc
2409 4476 2549 4530 enim
2581 4486 2661 4531 est
2691 4476 2833 4547 quod
2858 4478 3263 4547 circumfertur,
3295 4482 3457 4537 Deum
3486 4484 3779 4557 benignum
3806 4499 3856 4544 et

2270 4570 2556 4636 patientem
2582 4586 2763 4640 poenas
2786 4588 2889 4627 non
2914 4585 3153 4644 repetere
3176 4593 3189 4629 :
3210 4592 3329 4632 cum
3359 4590 3537 4635 autem
3572 4583 3676 4638 hoc
3703 4584 3851 4651 dicis,

2268 4659 2400 4714 nihil
2440 4662 2573 4716 dicis
2611 4664 2777 4730 aliud,
2823 4681 2981 4734 quam
3014 4668 3165 4737 quod
3214 4671 3530 4741 supplicium
3578 4689 3851 4745 augeatur.

2268 4751 2400 4806 Nam
2452 4753 2829 4823 benignitatem
2888 4758 3030 4813 Deus
3079 4759 3317 4827 exhibet,
3360 4770 3415 4816 ut
3453 4779 3483 4818 a
3522 4770 3763 4835 peccatis
3809 4780 3855 4823 te

2270 4844 2497 4912 exiutas,
2524 4862 2628 4900 non
2653 4856 2710 4900 ut
2733 4858 2945 4917 peccata
2978 4852 3284 4907 accumulcs
3308 4871 3320 4918 ;
3346 4855 3389 4909 si
3418 4872 3520 4911 non
3547 4859 3598 4913 id
3632 4862 3849 4928 feceris,

2273 4938 2559 4994 terribilior
2610 4941 2709 4995 erit
2750 4942 2899 4997 ultio.
2944 4944 3304 5010 Quamobrem
3355 4951 3477 5021 quia
3524 4954 3734 5022 patiens
3780 4968 3856 5011 est

2278 5030 2579 5097 Deus,idco
2621 5049 2841 5103 peccare
2872 5052 2977 5091 non
3028 5048 3259 5109 oportet,
3314 5058 3487 5114 neque
3537 5047 3852 5105 beneficium

2275 5122 2461 5189 ingrati
2484 5124 2644 5177 animi
2673 5142 2886 5179 causam
2915 5127 3130 5185 efﬁcere
3158 5146 3173 5185 :
3205 5132 3306 5187 etsi
3334 5136 3475 5188 enim
3506 5138 3718 5204 patiens
3748 5142 3816 5196 sit
3836 5181 3849 5205 ,

2274 5222 2327 5265 at
2353 5218 2569 5269 omnino
2600 5217 2768 5285 punit.
2804 5217 3078 5273 Undenam
3123 5221 3225 5277 hoc
3265 5223 3470 5296 liquet?
3515 5228 3593 5283 Ex
3636 5231 3702 5285 iis
3742 5249 3854 5303 qua:

2275 5317 2587 5375 sequuntur.
2634 5306 2689 5362 Si
2733 5309 2873 5403 enim
2909 5310 3095 5381 ingens
3126 5315 3357 5383 nequitia
3396 5328 3512 5384 est,
3546 5337 3645 5378 nec
3677 5339 3854 5393 pozuas

2277 5400 2519 5470 improbi
2546 5400 2843 5469 dederunt,
2876 5405 3060 5473 procul
3101 5405 3264 5461 dubio
3305 5408 3526 5465 dabunt.
3564 5413 3776 5470 Etenim
3814 5420 3853 5472 si

2277 5491 2387 5548 haec
2412 5510 2516 5548 non
2542 5492 2810 5565 ncgligunt
2842 5494 3107 5563 homines,
3140 5498 3411 5567 quomodo
3433 5503 3667 5573 negliget
3693 5508 3856 5562 Deus?

2276 5588 2456 5656 Itaque
2486 5587 2613 5642 inde
2638 5603 2941 5644 sermonem
2984 5588 3051 5643 de
3074 5589 3277 5659 judicio
3304 5592 3529 5648 induxit.
3582 5597 3715 5652 Nam
3744 5616 3856 5654 cum

2274 5678 2524 5733 ostendat
2568 5678 2761 5733 multos
2790 5697 2913 5734 esse
2958 5696 3129 5750 patum
3155 5681 3416 5739 obnoxios
3444 5688 3545 5741 nisi
3598 5692 3856 5757 [ueniten-

2276 5772 2398 5825 tiam
2448 5770 2673 5841 egerint,
2722 5782 2773 5825 et
2828 5788 2933 5826 non
2993 5773 3078 5828 hic
3131 5776 3303 5845 puniri
3336 5818 3351 5845 ,
3397 5778 3662 5847 judicium
3717 5795 3861 5843 certe

2278 5864 2554 5931 futurum,
2609 5874 2660 5921 et
2704 5865 3075 5935 gravissimum
3129 5883 3246 5924 esse
3297 5873 3520 5941 statuit;
3572 5873 3696 5934 ideo
3755 5881 3855 5938 ait:
