  <div class='ocr_page' id='page_1' title='image "/cluster/home/n/w/nwhite01/storage/ocr_20150623/60/uva.x004246612/429.png"; bbox 0 0 4056 6490; ppageno 0'>
   <div class='ocr_carea' id='block_1_1' title="bbox 409 401 3034 480">
    <p class='ocr_par' dir='ltr' id='par_1_1' title="bbox 409 401 3034 480">
     <span class='ocr_line' id='line_1_1' title="bbox 409 401 3034 480; baseline -0.003 -17"><span class='ocrx_word' id='word_1_1' title='bbox 409 421 513 480; x_wconf 63' lang='grc' dir='ltr'>ῖρςς</span> <span class='ocrx_word' id='word_1_2' title='bbox 1179 413 1234 466; x_wconf 90' lang='lat' dir='ltr'>S.</span> <span class='ocrx_word' id='word_1_3' title='bbox 1275 408 1559 465; x_wconf 75' lang='lat' dir='ltr'>JOANNIS</span> <span class='ocrx_word' id='word_1_4' title='bbox 1599 402 2084 463; x_wconf 75' lang='lat' dir='ltr'>CIIRYSOSTOMI</span> <span class='ocrx_word' id='word_1_5' title='bbox 2127 403 2446 460; x_wconf 81' lang='lat' dir='ltr'>ARCHIEP.</span> <span class='ocrx_word' id='word_1_6' title='bbox 2487 401 3034 461; x_wconf 79' lang='lat' dir='ltr'>CONSTANTINOP.</span> 
     </span>
    </p>
   </div>
   <div class='ocr_carea' id='block_1_2' title="bbox 401 523 2048 600">
    <p class='ocr_par' dir='ltr' id='par_1_2' title="bbox 401 523 2048 600">
     <span class='ocr_line' id='line_1_2' title="bbox 401 523 2048 600; baseline -0.004 -19"><span class='ocrx_word' id='word_1_7' title='bbox 401 531 542 600; x_wconf 84' lang='grc' dir='ltr'>ρίαν,</span> <span class='ocrx_word' id='word_1_8' title='bbox 574 532 653 583; x_wconf 80' lang='grc' dir='ltr'>ὅτι</span> <span class='ocrx_word' id='word_1_9' title='bbox 687 529 832 582; x_wconf 67' lang='grc' dir='ltr'>ἐστὶν</span> <span class='ocrx_word' id='word_1_10' title='bbox 858 528 1125 598; x_wconf 75' lang='grc' dir='ltr'>ἀφόρητος</span> <span class='ocrx_word' id='word_1_11' title='bbox 1154 527 1231 596; x_wconf 82' lang='grc' dir='ltr'>τῷ</span> <span class='ocrx_word' id='word_1_12' title='bbox 1267 527 1399 596; x_wconf 82' lang='grc' dir='ltr'>μηδὲ</span> <span class='ocrx_word' id='word_1_13' title='bbox 1432 525 1603 588; x_wconf 83' lang='grc' dir='ltr'>οὑτως</span> <span class='ocrx_word' id='word_1_14' title='bbox 1640 523 2048 595; x_wconf 83' lang='grc' dir='ltr'>ὲπιστραφέντι.</span> 
     </span>
    </p>
   </div>
   <div class='ocr_carea' id='block_1_3' title="bbox 398 609 2052 688">
    <p class='ocr_par' dir='ltr' id='par_1_3' title="bbox 398 609 2052 688">
     <span class='ocr_line' id='line_1_3' title="bbox 398 609 2052 688; baseline -0.005 -19"><span class='ocrx_word' id='word_1_15' title='bbox 398 617 506 670; x_wconf 73' lang='grc' dir='ltr'>Καὶ</span> <span class='ocrx_word' id='word_1_16' title='bbox 537 617 633 685; x_wconf 81' lang='grc' dir='ltr'>δρα</span> <span class='ocrx_word' id='word_1_17' title='bbox 658 615 771 678; x_wconf 87' lang='grc' dir='ltr'>πῶς</span> <span class='ocrx_word' id='word_1_18' title='bbox 805 616 1008 688; x_wconf 83' lang='grc' dir='ltr'>κυρίως</span> <span class='ocrx_word' id='word_1_19' title='bbox 1034 619 1152 678; x_wconf 87' lang='grc' dir='ltr'>ταῖς</span> <span class='ocrx_word' id='word_1_20' title='bbox 1182 612 1354 677; x_wconf 85' lang='grc' dir='ltr'>λέξεσι</span> <span class='ocrx_word' id='word_1_21' title='bbox 1406 613 1666 683; x_wconf 83' lang='grc' dir='ltr'>κέχρηται</span> <span class='ocrx_word' id='word_1_22' title='bbox 1692 628 1705 641; x_wconf 81' lang='grc'><strong><em>⁸</em></strong></span> <span class='ocrx_word' id='word_1_23' title='bbox 1750 609 2052 677; x_wconf 79' lang='grc' dir='ltr'>Θησαυρί-</span> 
     </span>
    </p>
   </div>
   <div class='ocr_carea' id='block_1_4' title="bbox 397 696 2045 771">
    <p class='ocr_par' dir='ltr' id='par_1_4' title="bbox 397 696 2045 771">
     <span class='ocr_line' id='line_1_4' title="bbox 397 696 2045 771; baseline -0.008 -12"><span class='ocrx_word' id='word_1_24' title='bbox 397 700 512 765; x_wconf 64' lang='lat' dir='ltr'>(Et;</span> <span class='ocrx_word' id='word_1_25' title='bbox 533 702 657 768; x_wconf 83' lang='grc' dir='ltr'>γὰρ,</span> <span class='ocrx_word' id='word_1_26' title='bbox 693 702 847 771; x_wconf 76' lang='grc' dir='ltr'>φησί,</span> <span class='ocrx_word' id='word_1_27' title='bbox 881 701 1113 766; x_wconf 83' lang='grc' dir='ltr'>σεαυτῷ</span> <span class='ocrx_word' id='word_1_28' title='bbox 1145 698 1350 768; x_wconf 78' lang='grc' dir='ltr'>ὀργὴν.</span> <span class='ocrx_word' id='word_1_29' title='bbox 1399 698 1461 751; x_wconf 73' lang='grc' dir='ltr'>τὸ</span> <span class='ocrx_word' id='word_1_30' title='bbox 1502 700 1718 759; x_wconf 76' lang='grc' dir='ltr'>πάντως</span> <span class='ocrx_word' id='word_1_31' title='bbox 1753 696 2045 764; x_wconf 82' lang='grc' dir='ltr'>ἀποκείμε-</span> 
     </span>
    </p>
   </div>
   <div class='ocr_carea' id='block_1_5' title="bbox 397 781 2052 857">
    <p class='ocr_par' dir='ltr' id='par_1_5' title="bbox 397 781 2052 857">
     <span class='ocr_line' id='line_1_5' title="bbox 397 781 2052 857; baseline -0.004 -17"><span class='ocrx_word' id='word_1_32' title='bbox 397 805 485 840; x_wconf 88' lang='grc' dir='ltr'>νον</span> <span class='ocrx_word' id='word_1_33' title='bbox 516 788 706 857; x_wconf 85' lang='grc' dir='ltr'>δηλῶν,</span> <span class='ocrx_word' id='word_1_34' title='bbox 756 789 859 840; x_wconf 74' lang='grc' dir='ltr'>καὶ</span> <span class='ocrx_word' id='word_1_35' title='bbox 901 789 1130 850; x_wconf 83' lang='grc' dir='ltr'>δεικνὺς,</span> <span class='ocrx_word' id='word_1_36' title='bbox 1195 787 1254 838; x_wconf 88' lang='grc' dir='ltr'>ού</span> <span class='ocrx_word' id='word_1_37' title='bbox 1306 785 1396 837; x_wconf 78' lang='grc' dir='ltr'>τὸν</span> <span class='ocrx_word' id='word_1_38' title='bbox 1453 785 1758 848; x_wconf 75' lang='grc' dir='ltr'>δικάζοντα,</span> <span class='ocrx_word' id='word_1_39' title='bbox 1804 781 1939 834; x_wconf 83' lang='grc' dir='ltr'>ἀλλά</span> <span class='ocrx_word' id='word_1_40' title='bbox 1963 781 2052 834; x_wconf 78' lang='grc' dir='ltr'>τὸν</span> 
     </span>
    </p>
   </div>
   <div class='ocr_carea' id='block_1_6' title="bbox 397 869 2054 944">
    <p class='ocr_par' dir='ltr' id='par_1_6' title="bbox 397 869 2054 944">
     <span class='ocr_line' id='line_1_6' title="bbox 397 869 2054 944; baseline -0.005 -17"><span class='ocrx_word' id='word_1_41' title='bbox 397 875 711 944; x_wconf 83' lang='grc' dir='ltr'>κρινόμενον</span> <span class='ocrx_word' id='word_1_42' title='bbox 735 878 904 928; x_wconf 78' lang='grc' dir='ltr'>αἴτιον</span> <span class='ocrx_word' id='word_1_43' title='bbox 929 875 1134 927; x_wconf 89' lang='grc' dir='ltr'>τούτου.</span> <span class='ocrx_word' id='word_1_44' title='bbox 1169 871 1405 936; x_wconf 85' lang='grc' dir='ltr'>Σεαυτῷ</span> <span class='ocrx_word' id='word_1_45' title='bbox 1436 872 1562 941; x_wconf 77' lang='grc' dir='ltr'>γὰρ,</span> <span class='ocrx_word' id='word_1_46' title='bbox 1593 870 1744 938; x_wconf 71' lang='grc' dir='ltr'>φησι,</span> <span class='ocrx_word' id='word_1_47' title='bbox 1768 869 2054 936; x_wconf 64' lang='lat' dir='ltr'>(intrath-</span> 
     </span>
    </p>
   </div>
   <div class='ocr_carea' id='block_1_7' title="bbox 398 955 2049 1032">
    <p class='ocr_par' dir='ltr' id='par_1_7' title="bbox 398 955 2049 1032">
     <span class='ocr_line' id='line_1_7' title="bbox 398 955 2049 1032; baseline -0.004 -19"><span class='ocrx_word' id='word_1_48' title='bbox 398 961 530 1025; x_wconf 81' lang='grc' dir='ltr'>ζεις,</span> <span class='ocrx_word' id='word_1_49' title='bbox 554 964 652 1032; x_wconf 83' lang='grc' dir='ltr'>οὑχ</span> <span class='ocrx_word' id='word_1_50' title='bbox 681 966 708 1015; x_wconf 87' lang='grc' dir='ltr'>ὁ</span> <span class='ocrx_word' id='word_1_51' title='bbox 737 962 866 1024; x_wconf 72' lang='grc' dir='ltr'>θεός</span> <span class='ocrx_word' id='word_1_52' title='bbox 909 978 1006 1013; x_wconf 81' lang='grc' dir='ltr'>σοι.</span> <span class='ocrx_word' id='word_1_53' title='bbox 1045 961 1278 1021; x_wconf 86' lang='grc' dir='ltr'>Ἐκεῖνος</span> <span class='ocrx_word' id='word_1_54' title='bbox 1319 959 1428 1028; x_wconf 77' lang='grc' dir='ltr'>γὰρ</span> <span class='ocrx_word' id='word_1_55' title='bbox 1461 959 1636 1011; x_wconf 81' lang='grc' dir='ltr'>πάντα</span> <span class='ocrx_word' id='word_1_56' title='bbox 1676 955 1924 1025; x_wconf 78' lang='grc' dir='ltr'>ἐποίησεν</span> <span class='ocrx_word' id='word_1_57' title='bbox 1950 956 2049 1007; x_wconf 82' lang='grc' dir='ltr'>ὅσα</span> 
     </span>
    </p>
   </div>
   <div class='ocr_carea' id='block_1_8' title="bbox 398 1043 2048 1118">
    <p class='ocr_par' dir='ltr' id='par_1_8' title="bbox 398 1043 2048 1118">
     <span class='ocr_line' id='line_1_8' title="bbox 398 1043 2048 1118; baseline -0.004 -18"><span class='ocrx_word' id='word_1_58' title='bbox 398 1049 587 1118; x_wconf 74' lang='grc' dir='ltr'>ἐχρῆν,</span> <span class='ocrx_word' id='word_1_59' title='bbox 621 1050 713 1102; x_wconf 58' lang='grc' dir='ltr'>καί⁵</span> <span class='ocrx_word' id='word_1_60' title='bbox 763 1047 1148 1115; x_wconf 90' lang='grc' dir='ltr'>διαγνωστικόν</span> <span class='ocrx_word' id='word_1_61' title='bbox 1218 1063 1276 1099; x_wconf 89' lang='grc' dir='ltr'>σε</span> <span class='ocrx_word' id='word_1_62' title='bbox 1328 1046 1436 1099; x_wconf 84' lang='grc' dir='ltr'>τῶν</span> <span class='ocrx_word' id='word_1_63' title='bbox 1495 1044 1670 1099; x_wconf 89' lang='grc' dir='ltr'>καλῶν</span> <span class='ocrx_word' id='word_1_64' title='bbox 1729 1043 1958 1095; x_wconf 72' lang='grc' dir='ltr'>καὶτῶν</span> <span class='ocrx_word' id='word_1_65' title='bbox 1989 1043 2048 1094; x_wconf 93' lang='grc' dir='ltr'>οὑ</span> 
     </span>
    </p>
   </div>
   <div class='ocr_carea' id='block_1_9' title="bbox 396 1130 2048 1203">
    <p class='ocr_par' dir='ltr' id='par_1_9' title="bbox 396 1130 2048 1203">
     <span class='ocr_line' id='line_1_9' title="bbox 396 1130 2048 1203; baseline -0.004 -15"><span class='ocrx_word' id='word_1_66' title='bbox 396 1136 650 1188; x_wconf 74' lang='grc' dir='ltr'>τοιούτων</span> <span class='ocrx_word' id='word_1_67' title='bbox 693 1135 1094 1197; x_wconf 75' lang='grc' dir='ltr'>κατεσκεύασε,</span> <span class='ocrx_word' id='word_1_68' title='bbox 1145 1133 1238 1186; x_wconf 76' lang='grc' dir='ltr'>καὶ</span> <span class='ocrx_word' id='word_1_69' title='bbox 1288 1133 1667 1203; x_wconf 80' lang='grc' dir='ltr'>μακροθυμίαν</span> <span class='ocrx_word' id='word_1_70' title='bbox 1717 1130 2048 1194; x_wconf 77' lang='grc' dir='ltr'>ἐπεδείξατο,</span> 
     </span>
    </p>
   </div>
   <div class='ocr_carea' id='block_1_10' title="bbox 398 1215 2050 1290">
    <p class='ocr_par' dir='ltr' id='par_1_10' title="bbox 398 1215 2050 1290">
     <span class='ocr_line' id='line_1_10' title="bbox 398 1215 2050 1290; baseline -0.005 -16"><span class='ocrx_word' id='word_1_71' title='bbox 398 1223 491 1274; x_wconf 72' lang='grc' dir='ltr'>καὶ</span> <span class='ocrx_word' id='word_1_72' title='bbox 517 1223 593 1283; x_wconf 87' lang='grc' dir='ltr'>είς</span> <span class='ocrx_word' id='word_1_73' title='bbox 618 1221 897 1289; x_wconf 80' lang='grc' dir='ltr'>μετάνοιαν</span> <span class='ocrx_word' id='word_1_74' title='bbox 942 1221 1184 1284; x_wconf 73' lang='grc' dir='ltr'>ἐκάλεσε,</span> <span class='ocrx_word' id='word_1_75' title='bbox 1217 1220 1312 1272; x_wconf 75' lang='grc' dir='ltr'>καὶ</span> <span class='ocrx_word' id='word_1_76' title='bbox 1341 1219 1554 1290; x_wconf 79' lang='grc' dir='ltr'>ἡμέραν</span> <span class='ocrx_word' id='word_1_77' title='bbox 1588 1217 1852 1286; x_wconf 78' lang='grc' dir='ltr'>ἠπείλησε</span> <span class='ocrx_word' id='word_1_78' title='bbox 1885 1215 2050 1284; x_wconf 77' lang='grc' dir='ltr'>φοϐε-</span> 
     </span>
    </p>
   </div>
   <div class='ocr_carea' id='block_1_11' title="bbox 398 1302 2050 1379">
    <p class='ocr_par' dir='ltr' id='par_1_11' title="bbox 398 1302 2050 1379">
     <span class='ocr_line' id='line_1_11' title="bbox 398 1302 2050 1379; baseline -0.005 -18"><span class='ocrx_word' id='word_1_79' title='bbox 398 1308 518 1379; x_wconf 85' lang='grc' dir='ltr'>ράν,</span> <span class='ocrx_word' id='word_1_80' title='bbox 548 1308 631 1360; x_wconf 78' lang='grc' dir='ltr'>διὰ</span> <span class='ocrx_word' id='word_1_81' title='bbox 670 1308 884 1361; x_wconf 82' lang='grc' dir='ltr'>πάντων</span> <span class='ocrx_word' id='word_1_82' title='bbox 920 1325 977 1359; x_wconf 88' lang='grc' dir='ltr'>σε</span> <span class='ocrx_word' id='word_1_83' title='bbox 1030 1308 1120 1358; x_wconf 76' lang='grc' dir='ltr'>ἐπὶ</span> <span class='ocrx_word' id='word_1_84' title='bbox 1178 1305 1275 1375; x_wconf 79' lang='grc' dir='ltr'>τὴν</span> <span class='ocrx_word' id='word_1_85' title='bbox 1329 1306 1613 1375; x_wconf 84' lang='grc' dir='ltr'>μετάνοιαν</span> <span class='ocrx_word' id='word_1_86' title='bbox 1669 1304 1840 1354; x_wconf 74' lang='grc' dir='ltr'>ἕλκων</span> <span class='ocrx_word' id='word_1_87' title='bbox 1868 1319 1880 1331; x_wconf 88' lang='grc'><strong>·</strong></span> <span class='ocrx_word' id='word_1_88' title='bbox 1915 1304 1963 1353; x_wconf 90' lang='grc' dir='ltr'>εἰ</span> <span class='ocrx_word' id='word_1_89' title='bbox 1993 1302 2050 1354; x_wconf 83' lang='grc' dir='ltr'>δὲ</span> 
     </span>
    </p>
   </div>
   <div class='ocr_carea' id='block_1_12' title="bbox 399 1388 2051 1464">
    <p class='ocr_par' dir='ltr' id='par_1_12' title="bbox 399 1388 2051 1464">
     <span class='ocr_line' id='line_1_12' title="bbox 399 1388 2051 1464; baseline -0.003 -18"><span class='ocrx_word' id='word_1_90' title='bbox 399 1395 577 1464; x_wconf 87' lang='grc' dir='ltr'>μένεις</span> <span class='ocrx_word' id='word_1_91' title='bbox 595 1396 888 1458; x_wconf 83' lang='grc' dir='ltr'>ἀνένδοτος,</span> <span class='ocrx_word' id='word_1_92' title='bbox 906 1391 1141 1458; x_wconf 86' lang='grc' dir='ltr'>Σεαυτῷ</span> <span class='ocrx_word' id='word_1_93' title='bbox 1169 1391 1540 1460; x_wconf 78' lang='grc' dir='ltr'>θησαυρίζεις</span> <span class='ocrx_word' id='word_1_94' title='bbox 1562 1391 1746 1459; x_wconf 72' lang='grc' dir='ltr'>ὀργὴν</span> <span class='ocrx_word' id='word_1_95' title='bbox 1769 1391 1836 1442; x_wconf 86' lang='grc' dir='ltr'>ὲν</span> <span class='ocrx_word' id='word_1_96' title='bbox 1862 1388 2051 1458; x_wconf 72' lang='grc' dir='ltr'>ἡμέρᾳ</span> 
     </span>
    </p>
   </div>
   <div class='ocr_carea' id='block_1_13' title="bbox 396 1476 2049 1551">
    <p class='ocr_par' dir='ltr' id='par_1_13' title="bbox 396 1476 2049 1551">
     <span class='ocr_line' id='line_1_13' title="bbox 396 1476 2049 1551; baseline -0.003 -18"><span class='ocrx_word' id='word_1_97' title='bbox 396 1482 577 1551; x_wconf 70' lang='grc' dir='ltr'>ὀργῆς</span> <span class='ocrx_word' id='word_1_98' title='bbox 635 1483 733 1535; x_wconf 79' lang='grc' dir='ltr'>καί</span> <span class='ocrx_word' id='word_1_99' title='bbox 794 1483 1232 1548; x_wconf 76' lang='grc' dir='ltr'>ἀποκαλύψεως</span> <span class='ocrx_word' id='word_1_100' title='bbox 1287 1479 1385 1532; x_wconf 75' lang='grc' dir='ltr'>καὶ</span> <span class='ocrx_word' id='word_1_101' title='bbox 1443 1477 1876 1544; x_wconf 72' lang='grc' dir='ltr'>δικαιοκρισίας</span> <span class='ocrx_word' id='word_1_102' title='bbox 1943 1476 2049 1528; x_wconf 88' lang='grc' dir='ltr'>τοῦ</span> 
     </span>
    </p>
   </div>
   <div class='ocr_carea' id='block_1_14' title="bbox 398 1565 2045 1639">
    <p class='ocr_par' dir='ltr' id='par_1_14' title="bbox 398 1565 2045 1639">
     <span class='ocr_line' id='line_1_14' title="bbox 398 1565 2045 1639; baseline -0.004 -17"><span class='ocrx_word' id='word_1_103' title='bbox 398 1570 565 1623; x_wconf 84' lang='grc' dir='ltr'>Θεοῦ.</span> <span class='ocrx_word' id='word_1_104' title='bbox 600 1571 714 1622; x_wconf 81' lang='grc' dir='ltr'>Ἵνα</span> <span class='ocrx_word' id='word_1_105' title='bbox 770 1570 877 1639; x_wconf 85' lang='grc' dir='ltr'>γὰρ</span> <span class='ocrx_word' id='word_1_106' title='bbox 922 1570 1016 1639; x_wconf 83' lang='grc' dir='ltr'>μὴ,</span> <span class='ocrx_word' id='word_1_107' title='bbox 1073 1567 1308 1630; x_wconf 87' lang='grc' dir='ltr'>ἀκούσας</span> <span class='ocrx_word' id='word_1_108' title='bbox 1348 1567 1536 1637; x_wconf 81' lang='grc' dir='ltr'>ὀργὴν,</span> <span class='ocrx_word' id='word_1_109' title='bbox 1592 1567 1820 1636; x_wconf 76' lang='grc' dir='ltr'>νομίσῃς</span> <span class='ocrx_word' id='word_1_110' title='bbox 1856 1565 2045 1628; x_wconf 84' lang='grc' dir='ltr'>πάθος,</span> 
     </span>
    </p>
   </div>
   <div class='ocr_carea' id='block_1_15' title="bbox 395 1649 2046 1727">
    <p class='ocr_par' dir='ltr' id='par_1_15' title="bbox 395 1649 2046 1727">
     <span class='ocr_line' id='line_1_15' title="bbox 395 1649 2046 1727; baseline -0.001 -19"><span class='ocrx_word' id='word_1_111' title='bbox 395 1659 635 1727; x_wconf 73' lang='grc' dir='ltr'>ἐπήγαγε</span> <span class='ocrx_word' id='word_1_112' title='bbox 665 1675 677 1687; x_wconf 88' lang='grc'><strong>·</strong></span> <span class='ocrx_word' id='word_1_113' title='bbox 706 1658 1133 1724; x_wconf 77' lang='grc' dir='ltr'>Δικαιοκρισίας</span> <span class='ocrx_word' id='word_1_114' title='bbox 1159 1656 1260 1709; x_wconf 85' lang='grc' dir='ltr'>τοῦ</span> <span class='ocrx_word' id='word_1_115' title='bbox 1292 1655 1459 1708; x_wconf 81' lang='grc' dir='ltr'>Θεοῦ.</span> <span class='ocrx_word' id='word_1_116' title='bbox 1497 1655 1605 1708; x_wconf 74' lang='grc' dir='ltr'>Καὶ</span> <span class='ocrx_word' id='word_1_117' title='bbox 1653 1654 1832 1717; x_wconf 87' lang='grc' dir='ltr'>καλῶς</span> <span class='ocrx_word' id='word_1_118' title='bbox 1875 1649 2046 1718; x_wconf 77' lang='grc' dir='ltr'>εἶπεν,</span> 
     </span>
    </p>
   </div>
   <div class='ocr_carea' id='block_1_16' title="bbox 409 1739 2049 1814">
    <p class='ocr_par' dir='ltr' id='par_1_16' title="bbox 409 1739 2049 1814">
     <span class='ocr_line' id='line_1_16' title="bbox 409 1739 2049 1814; baseline -0.002 -17"><span class='ocrx_word' id='word_1_119' title='bbox 409 1745 867 1811; x_wconf 74' lang='grc' dir='ltr'>Ἀποκαλύψεως</span> <span class='ocrx_word' id='word_1_120' title='bbox 892 1759 904 1772; x_wconf 91' lang='grc'><strong>·</strong></span> <span class='ocrx_word' id='word_1_121' title='bbox 941 1743 1061 1795; x_wconf 88' lang='grc' dir='ltr'>τότε</span> <span class='ocrx_word' id='word_1_122' title='bbox 1097 1743 1205 1814; x_wconf 79' lang='grc' dir='ltr'>γὰρ</span> <span class='ocrx_word' id='word_1_123' title='bbox 1242 1741 1684 1796; x_wconf 73' lang='grc' dir='ltr'>ἀποκαλύπτεται</span> <span class='ocrx_word' id='word_1_124' title='bbox 1707 1739 1882 1803; x_wconf 82' lang='grc' dir='ltr'>τοῦτο,</span> <span class='ocrx_word' id='word_1_125' title='bbox 1921 1742 2049 1794; x_wconf 85' lang='grc' dir='ltr'>ὃταν</span> 
     </span>
    </p>
   </div>
   <div class='ocr_carea' id='block_1_17' title="bbox 392 1827 2047 1901">
    <p class='ocr_par' dir='ltr' id='par_1_17' title="bbox 392 1827 2047 1901">
     <span class='ocr_line' id='line_1_17' title="bbox 392 1827 2047 1901; baseline -0.001 -19"><span class='ocrx_word' id='word_1_126' title='bbox 392 1829 461 1882; x_wconf 75' lang='grc' dir='ltr'>τὰ</span> <span class='ocrx_word' id='word_1_127' title='bbox 525 1831 641 1882; x_wconf 77' lang='grc' dir='ltr'>κατ’</span> <span class='ocrx_word' id='word_1_128' title='bbox 690 1830 844 1893; x_wconf 77' lang='grc' dir='ltr'>ἀξίαν</span> <span class='ocrx_word' id='word_1_129' title='bbox 906 1831 1133 1893; x_wconf 74' lang='grc' dir='ltr'>ἕκαστος</span> <span class='ocrx_word' id='word_1_130' title='bbox 1187 1827 1567 1901; x_wconf 84' lang='grc' dir='ltr'>ἀπολαμϐἀνῃ.</span> <span class='ocrx_word' id='word_1_131' title='bbox 1623 1828 1888 1882; x_wconf 82' lang='grc' dir='ltr'>Ἕνταῦοα</span> <span class='ocrx_word' id='word_1_132' title='bbox 1943 1829 2047 1898; x_wconf 85' lang='grc' dir='ltr'>γὰρ</span> 
     </span>
    </p>
   </div>
   <div class='ocr_carea' id='block_1_18' title="bbox 394 1915 2049 1988">
    <p class='ocr_par' dir='ltr' id='par_1_18' title="bbox 394 1915 2049 1988">
     <span class='ocr_line' id='line_1_18' title="bbox 394 1915 2049 1988; baseline -0.001 -21"><span class='ocrx_word' id='word_1_133' title='bbox 394 1916 579 1968; x_wconf 73' lang='grc' dir='ltr'>πολλοὶ</span> <span class='ocrx_word' id='word_1_134' title='bbox 616 1917 871 1979; x_wconf 74' lang='grc' dir='ltr'>πολλάκις</span> <span class='ocrx_word' id='word_1_135' title='bbox 895 1916 1262 1988; x_wconf 77' lang='grc' dir='ltr'>ἐπηρεάζουσι</span> <span class='ocrx_word' id='word_1_136' title='bbox 1292 1915 1440 1986; x_wconf 88' lang='grc' dir='ltr'>παρά</span> <span class='ocrx_word' id='word_1_137' title='bbox 1476 1916 1537 1968; x_wconf 83' lang='grc' dir='ltr'>τὸ</span> <span class='ocrx_word' id='word_1_138' title='bbox 1564 1916 1770 1969; x_wconf 86' lang='grc' dir='ltr'>δίκαιον</span> <span class='ocrx_word' id='word_1_139' title='bbox 1815 1915 1908 1969; x_wconf 72' lang='grc' dir='ltr'>καὶ</span> <span class='ocrx_word' id='word_1_140' title='bbox 1933 1917 2049 1968; x_wconf 76' lang='grc' dir='ltr'>ἐπι-</span> 
     </span>
    </p>
   </div>
   <div class='ocr_carea' id='block_1_19' title="bbox 395 2003 2047 2073">
    <p class='ocr_par' dir='ltr' id='par_1_19' title="bbox 395 2003 2047 2073">
     <span class='ocr_line' id='line_1_19' title="bbox 395 2003 2047 2073; baseline 0.001 -18"><span class='ocrx_word' id='word_1_141' title='bbox 395 2003 737 2057; x_wconf 83' lang='grc' dir='ltr'>ϐουλεύουσιν</span> <span class='ocrx_word' id='word_1_142' title='bbox 766 2019 781 2037; x_wconf 76' lang='grc'><strong>⁸</strong></span> <span class='ocrx_word' id='word_1_143' title='bbox 807 2005 920 2057; x_wconf 80' lang='grc' dir='ltr'>ἐκεῖ</span> <span class='ocrx_word' id='word_1_144' title='bbox 940 2005 994 2056; x_wconf 80' lang='grc' dir='ltr'>δὲ</span> <span class='ocrx_word' id='word_1_145' title='bbox 1019 2007 1112 2073; x_wconf 83' lang='grc' dir='ltr'>οὑχ</span> <span class='ocrx_word' id='word_1_146' title='bbox 1132 2005 1319 2066; x_wconf 83' lang='grc' dir='ltr'>οὑτως.</span> <span class='ocrx_word' id='word_1_147' title='bbox 1360 2007 1462 2069; x_wconf 90' lang='grc' dir='ltr'><em>Ὃς</em></span> <span class='ocrx_word' id='word_1_148' title='bbox 1482 2003 1781 2057; x_wconf 79' lang='grc' dir='ltr'>ἀποδώσει</span> <span class='ocrx_word' id='word_1_149' title='bbox 1810 2003 2047 2070; x_wconf 76' lang='grc' dir='ltr'>ἑκάστῳ</span> 
     </span>
    </p>
   </div>
   <div class='ocr_carea' id='block_1_20' title="bbox 393 2089 2047 2161">
    <p class='ocr_par' dir='ltr' id='par_1_20' title="bbox 393 2089 2047 2161">
     <span class='ocr_line' id='line_1_20' title="bbox 393 2089 2047 2161; baseline 0.001 -19"><span class='ocrx_word' id='word_1_150' title='bbox 393 2093 541 2146; x_wconf 83' lang='grc' dir='ltr'>κατὰ</span> <span class='ocrx_word' id='word_1_151' title='bbox 565 2091 632 2144; x_wconf 86' lang='grc' dir='ltr'>τὰ</span> <span class='ocrx_word' id='word_1_152' title='bbox 666 2091 808 2160; x_wconf 73' lang='grc' dir='ltr'>ἔργα</span> <span class='ocrx_word' id='word_1_153' title='bbox 861 2091 1044 2146; x_wconf 81' lang='grc' dir='ltr'>αὑτοῦ</span> <span class='ocrx_word' id='word_1_154' title='bbox 1072 2107 1084 2122; x_wconf 90' lang='grc'><strong>·</strong></span> <span class='ocrx_word' id='word_1_155' title='bbox 1121 2091 1244 2157; x_wconf 78' lang='grc' dir='ltr'>τοῖς</span> <span class='ocrx_word' id='word_1_156' title='bbox 1284 2089 1401 2160; x_wconf 80' lang='grc' dir='ltr'>μὲν</span> <span class='ocrx_word' id='word_1_157' title='bbox 1450 2091 1578 2144; x_wconf 79' lang='grc' dir='ltr'>καθ’</span> <span class='ocrx_word' id='word_1_158' title='bbox 1616 2090 1928 2160; x_wconf 79' lang='grc' dir='ltr'>ὑπομονὴν</span> <span class='ocrx_word' id='word_1_159' title='bbox 1952 2091 2047 2161; x_wconf 80' lang='grc' dir='ltr'>ἔρ-</span> 
     </span>
    </p>
   </div>
   <div class='ocr_carea' id='block_1_21' title="bbox 389 2179 769 2247">
    <p class='ocr_par' dir='ltr' id='par_1_21' title="bbox 389 2179 769 2247">
     <span class='ocr_line' id='line_1_21' title="bbox 389 2179 769 2247; baseline 0.003 -15"><span class='ocrx_word' id='word_1_160' title='bbox 389 2195 498 2246; x_wconf 77' lang='grc' dir='ltr'>γου</span> <span class='ocrx_word' id='word_1_161' title='bbox 529 2179 769 2247; x_wconf 71' lang='grc' dir='ltr'>ἀγαθοῦ.</span> 
     </span>
    </p>
   </div>
   <div class='ocr_carea' id='block_1_22' title="bbox 459 2265 2044 2337">
    <p class='ocr_par' dir='ltr' id='par_1_22' title="bbox 459 2265 2044 2337">
     <span class='ocr_line' id='line_1_22' title="bbox 459 2265 2044 2337; baseline 0 -18"><span class='ocrx_word' id='word_1_162' title='bbox 459 2272 529 2333; x_wconf 82' lang='lat'>7&#39;.</span> <span class='ocrx_word' id='word_1_163' title='bbox 549 2266 763 2336; x_wconf 74' lang='grc' dir='ltr'>Ἐπειδὴ</span> <span class='ocrx_word' id='word_1_164' title='bbox 787 2265 894 2337; x_wconf 73' lang='grc' dir='ltr'>γὰρ</span> <span class='ocrx_word' id='word_1_165' title='bbox 923 2266 1150 2337; x_wconf 80' lang='grc' dir='ltr'>φοϐερὸς</span> <span class='ocrx_word' id='word_1_166' title='bbox 1177 2267 1390 2334; x_wconf 78' lang='grc' dir='ltr'>ἐγενετο</span> <span class='ocrx_word' id='word_1_167' title='bbox 1420 2265 1513 2320; x_wconf 62' lang='grc' dir='ltr'>καὶ⁸</span> <span class='ocrx_word' id='word_1_168' title='bbox 1540 2265 1727 2337; x_wconf 82' lang='grc' dir='ltr'>βαρὺς,</span> <span class='ocrx_word' id='word_1_169' title='bbox 1762 2266 1889 2337; x_wconf 73' lang='grc' dir='ltr'>περὶ</span> <span class='ocrx_word' id='word_1_170' title='bbox 1923 2266 2044 2337; x_wconf 87' lang='grc' dir='ltr'>κρί-</span> 
     </span>
    </p>
   </div>
   <div class='ocr_carea' id='block_1_23' title="bbox 392 2353 2046 2424">
    <p class='ocr_par' dir='ltr' id='par_1_23' title="bbox 392 2353 2046 2424">
     <span class='ocr_line' id='line_1_23' title="bbox 392 2353 2046 2424; baseline 0.001 -20"><span class='ocrx_word' id='word_1_171' title='bbox 392 2369 530 2416; x_wconf 90' lang='grc' dir='ltr'>σεως</span> <span class='ocrx_word' id='word_1_172' title='bbox 569 2354 660 2406; x_wconf 71' lang='grc' dir='ltr'>καὶ</span> <span class='ocrx_word' id='word_1_173' title='bbox 709 2354 805 2424; x_wconf 79' lang='grc' dir='ltr'>τῆς</span> <span class='ocrx_word' id='word_1_174' title='bbox 867 2354 1161 2423; x_wconf 82' lang='grc' dir='ltr'>μελλούσης</span> <span class='ocrx_word' id='word_1_175' title='bbox 1209 2354 1585 2423; x_wconf 84' lang='grc' dir='ltr'>διαλεγόμενος</span> <span class='ocrx_word' id='word_1_176' title='bbox 1640 2353 1927 2418; x_wconf 75' lang='grc' dir='ltr'>κολάσεως,</span> <span class='ocrx_word' id='word_1_177' title='bbox 1957 2356 2046 2405; x_wconf 83' lang='grc' dir='ltr'>εὑ-</span> 
     </span>
    </p>
   </div>
   <div class='ocr_carea' id='block_1_24' title="bbox 390 2437 2040 2512">
    <p class='ocr_par' dir='ltr' id='par_1_24' title="bbox 390 2437 2040 2512">
     <span class='ocr_line' id='line_1_24' title="bbox 390 2437 2040 2512; baseline 0.001 -22"><span class='ocrx_word' id='word_1_178' title='bbox 390 2437 527 2501; x_wconf 88' lang='grc' dir='ltr'>θέως</span> <span class='ocrx_word' id='word_1_179' title='bbox 553 2441 650 2492; x_wconf 89' lang='grc' dir='ltr'>οὑκ</span> <span class='ocrx_word' id='word_1_180' title='bbox 680 2441 758 2503; x_wconf 89' lang='grc' dir='ltr'>είς</span> <span class='ocrx_word' id='word_1_181' title='bbox 792 2440 852 2492; x_wconf 75' lang='grc' dir='ltr'>τὸ</span> <span class='ocrx_word' id='word_1_182' title='bbox 879 2438 1321 2509; x_wconf 76' lang='grc' dir='ltr'>προσδοκώμενον</span> <span class='ocrx_word' id='word_1_183' title='bbox 1359 2440 1578 2492; x_wconf 74' lang='grc' dir='ltr'>ἐνέϐαλε</span> <span class='ocrx_word' id='word_1_184' title='bbox 1619 2441 1716 2510; x_wconf 80' lang='grc' dir='ltr'>τὴν</span> <span class='ocrx_word' id='word_1_185' title='bbox 1755 2441 2040 2512; x_wconf 83' lang='grc' dir='ltr'>τιμωρίαν,</span> 
     </span>
    </p>
   </div>
   <div class='ocr_carea' id='block_1_25' title="bbox 387 2526 2041 2598">
    <p class='ocr_par' dir='ltr' id='par_1_25' title="bbox 387 2526 2041 2598">
     <span class='ocr_line' id='line_1_25' title="bbox 387 2526 2041 2598; baseline 0.001 -20"><span class='ocrx_word' id='word_1_186' title='bbox 387 2526 484 2578; x_wconf 89' lang='grc' dir='ltr'>ἀλλ</span> <span class='ocrx_word' id='word_1_187' title='bbox 501 2528 513 2547; x_wconf 84' lang='grc'><em>’</em></span> <span class='ocrx_word' id='word_1_188' title='bbox 535 2529 624 2579; x_wconf 81' lang='grc' dir='ltr'>ἐπὶ</span> <span class='ocrx_word' id='word_1_189' title='bbox 650 2527 706 2579; x_wconf 84' lang='grc' dir='ltr'>τὸ</span> <span class='ocrx_word' id='word_1_190' title='bbox 731 2526 985 2597; x_wconf 82' lang='grc' dir='ltr'>ἡδύτερον</span> <span class='ocrx_word' id='word_1_191' title='bbox 1016 2527 1205 2598; x_wconf 72' lang='grc' dir='ltr'>ἔτρεψε</span> <span class='ocrx_word' id='word_1_192' title='bbox 1243 2528 1332 2579; x_wconf 81' lang='grc' dir='ltr'>τὸν</span> <span class='ocrx_word' id='word_1_193' title='bbox 1358 2527 1534 2596; x_wconf 85' lang='grc' dir='ltr'>λόγον,</span> <span class='ocrx_word' id='word_1_194' title='bbox 1562 2527 1658 2598; x_wconf 82' lang='grc' dir='ltr'>τὴν</span> <span class='ocrx_word' id='word_1_195' title='bbox 1682 2529 1790 2581; x_wconf 88' lang='grc' dir='ltr'>τῶν</span> <span class='ocrx_word' id='word_1_196' title='bbox 1821 2528 2041 2596; x_wconf 79' lang='grc' dir='ltr'>ἀγαθῶν</span> 
     </span>
    </p>
   </div>
   <div class='ocr_carea' id='block_1_26' title="bbox 384 2602 2044 2684">
    <p class='ocr_par' dir='ltr' id='par_1_26' title="bbox 384 2602 2044 2684">
     <span class='ocr_line' id='line_1_26' title="bbox 384 2602 2044 2684; baseline 0.001 -18"><span class='ocrx_word' id='word_1_197' title='bbox 384 2613 670 2677; x_wconf 79' lang='grc' dir='ltr'>ἀντίδοσιν,</span> <span class='ocrx_word' id='word_1_198' title='bbox 729 2611 872 2666; x_wconf 86' lang='grc' dir='ltr'>οὑτω</span> <span class='ocrx_word' id='word_1_199' title='bbox 917 2613 1085 2680; x_wconf 88' lang='grc' dir='ltr'>λέγων</span> <span class='ocrx_word' id='word_1_200' title='bbox 1113 2628 1127 2641; x_wconf 86' lang='grc'><strong>·</strong></span> <span class='ocrx_word' id='word_1_201' title='bbox 1183 2613 1310 2679; x_wconf 83' lang='grc' dir='ltr'>Τοῖς</span> <span class='ocrx_word' id='word_1_202' title='bbox 1369 2615 1479 2682; x_wconf 84' lang='grc' dir='ltr'>μὲν</span> <span class='ocrx_word' id='word_1_203' title='bbox 1537 2614 1665 2669; x_wconf 82' lang='grc' dir='ltr'>καθ’</span> <span class='ocrx_word' id='word_1_204' title='bbox 1726 2602 2044 2684; x_wconf 78' lang='grc' dir='ltr'>ὑπομονὴν</span> 
     </span>
    </p>
   </div>
   <div class='ocr_carea' id='block_1_27' title="bbox 384 2701 2044 2781">
    <p class='ocr_par' dir='ltr' id='par_1_27' title="bbox 384 2701 2044 2781">
     <span class='ocr_line' id='line_1_27' title="bbox 384 2701 2044 2781; baseline 0.002 -26"><span class='ocrx_word' id='word_1_205' title='bbox 384 2702 563 2769; x_wconf 78' lang='grc' dir='ltr'>ἔργου</span> <span class='ocrx_word' id='word_1_206' title='bbox 601 2701 824 2781; x_wconf 62' lang='grc' dir='ltr'>ἀγαθοῦ</span> <span class='ocrx_word' id='word_1_207' title='bbox 858 2701 1044 2765; x_wconf 83' lang='grc' dir='ltr'>δόξαν</span> <span class='ocrx_word' id='word_1_208' title='bbox 1078 2703 1176 2755; x_wconf 78' lang='grc' dir='ltr'>καί</span> <span class='ocrx_word' id='word_1_209' title='bbox 1220 2702 1398 2772; x_wconf 78' lang='grc' dir='ltr'>τιμὴν</span> <span class='ocrx_word' id='word_1_210' title='bbox 1426 2704 1522 2758; x_wconf 79' lang='grc' dir='ltr'>καί</span> <span class='ocrx_word' id='word_1_211' title='bbox 1566 2705 1907 2773; x_wconf 66' lang='grc' dir='ltr'>ἀφθαρσίαν</span> <span class='ocrx_word' id='word_1_212' title='bbox 1951 2706 2044 2774; x_wconf 74' lang='grc' dir='ltr'>ζη-</span> 
     </span>
    </p>
   </div>
   <div class='ocr_carea' id='block_1_28' title="bbox 385 2787 2040 2854">
    <p class='ocr_par' dir='ltr' id='par_1_28' title="bbox 385 2787 2040 2854">
     <span class='ocr_line' id='line_1_28' title="bbox 385 2787 2040 2854; baseline 0.005 -15"><span class='ocrx_word' id='word_1_213' title='bbox 385 2787 580 2850; x_wconf 86' lang='grc' dir='ltr'>τοῦσι,</span> <span class='ocrx_word' id='word_1_214' title='bbox 607 2787 758 2854; x_wconf 75' lang='grc' dir='ltr'>ζωὴν</span> <span class='ocrx_word' id='word_1_215' title='bbox 799 2789 1057 2841; x_wconf 84' lang='grc' dir='ltr'>αιώνιον.</span> <span class='ocrx_word' id='word_1_216' title='bbox 1105 2789 1366 2842; x_wconf 74' lang='grc' dir='ltr'>Ἐνταῦθα</span> <span class='ocrx_word' id='word_1_217' title='bbox 1404 2793 1496 2845; x_wconf 77' lang='grc' dir='ltr'>καὶ</span> <span class='ocrx_word' id='word_1_218' title='bbox 1551 2793 1677 2854; x_wconf 83' lang='grc' dir='ltr'>τοὺς</span> <span class='ocrx_word' id='word_1_219' title='bbox 1718 2795 2040 2847; x_wconf 81' lang='grc' dir='ltr'>ἀναπεπτω-</span> 
     </span>
    </p>
   </div>
   <div class='ocr_carea' id='block_1_29' title="bbox 387 2875 2038 2948">
    <p class='ocr_par' dir='ltr' id='par_1_29' title="bbox 387 2875 2038 2948">
     <span class='ocr_line' id='line_1_29' title="bbox 387 2875 2038 2948; baseline 0.005 -22"><span class='ocrx_word' id='word_1_220' title='bbox 387 2875 548 2937; x_wconf 85' lang='grc' dir='ltr'>κότας</span> <span class='ocrx_word' id='word_1_221' title='bbox 571 2877 625 2926; x_wconf 79' lang='grc' dir='ltr'>ὲν</span> <span class='ocrx_word' id='word_1_222' title='bbox 657 2877 767 2936; x_wconf 87' lang='grc' dir='ltr'>τοῖς</span> <span class='ocrx_word' id='word_1_223' title='bbox 797 2878 1119 2946; x_wconf 77' lang='grc' dir='ltr'>πειρασμοῖς</span> <span class='ocrx_word' id='word_1_224' title='bbox 1155 2877 1479 2948; x_wconf 86' lang='grc' dir='ltr'>διανίστησι,</span> <span class='ocrx_word' id='word_1_225' title='bbox 1512 2879 1605 2932; x_wconf 76' lang='grc' dir='ltr'>καὶ</span> <span class='ocrx_word' id='word_1_226' title='bbox 1637 2880 1922 2945; x_wconf 87' lang='grc' dir='ltr'>δείκνυσιν,</span> <span class='ocrx_word' id='word_1_227' title='bbox 1958 2883 2038 2934; x_wconf 83' lang='grc' dir='ltr'>ὅτι</span> 
     </span>
    </p>
   </div>
   <div class='ocr_carea' id='block_1_30' title="bbox 383 2960 2038 3039">
    <p class='ocr_par' dir='ltr' id='par_1_30' title="bbox 383 2960 2038 3039">
     <span class='ocr_line' id='line_1_30' title="bbox 383 2960 2038 3039; baseline 0.005 -26"><span class='ocrx_word' id='word_1_228' title='bbox 383 2962 444 3013; x_wconf 79' lang='grc' dir='ltr'>ου</span> <span class='ocrx_word' id='word_1_229' title='bbox 473 2960 575 3030; x_wconf 82' lang='grc' dir='ltr'>χρὴ</span> <span class='ocrx_word' id='word_1_230' title='bbox 622 2963 687 3031; x_wconf 81' lang='grc' dir='ltr'>τῇ</span> <span class='ocrx_word' id='word_1_231' title='bbox 739 2962 918 3012; x_wconf 80' lang='grc' dir='ltr'>πίστει</span> <span class='ocrx_word' id='word_1_232' title='bbox 979 2961 1199 3032; x_wconf 74' lang='grc' dir='ltr'>θαρρεῖν</span> <span class='ocrx_word' id='word_1_233' title='bbox 1257 2964 1450 3033; x_wconf 84' lang='grc' dir='ltr'>μόνον·</span> <span class='ocrx_word' id='word_1_234' title='bbox 1484 2965 1577 3017; x_wconf 81' lang='grc' dir='ltr'>καὶ</span> <span class='ocrx_word' id='word_1_235' title='bbox 1609 2967 1716 3035; x_wconf 80' lang='grc' dir='ltr'>γὰρ</span> <span class='ocrx_word' id='word_1_236' title='bbox 1760 2966 1908 3039; x_wconf 65' lang='lat'>[46$]</span> <span class='ocrx_word' id='word_1_237' title='bbox 1945 2969 2038 3022; x_wconf 72' lang='grc' dir='ltr'>καὶ</span> 
     </span>
    </p>
   </div>
   <div class='ocr_carea' id='block_1_31' title="bbox 385 3048 2038 3126">
    <p class='ocr_par' dir='ltr' id='par_1_31' title="bbox 385 3048 2038 3126">
     <span class='ocr_line' id='line_1_31' title="bbox 385 3048 2038 3126; baseline 0.005 -26"><span class='ocrx_word' id='word_1_238' title='bbox 385 3048 634 3118; x_wconf 76' lang='grc' dir='ltr'>πράξεών</span> <span class='ocrx_word' id='word_1_239' title='bbox 675 3051 788 3100; x_wconf 75' lang='grc' dir='ltr'>ἐστι</span> <span class='ocrx_word' id='word_1_240' title='bbox 830 3049 888 3101; x_wconf 83' lang='grc' dir='ltr'>τὸ</span> <span class='ocrx_word' id='word_1_241' title='bbox 924 3048 1268 3120; x_wconf 85' lang='grc' dir='ltr'>δικαστήριον</span> <span class='ocrx_word' id='word_1_242' title='bbox 1300 3054 1471 3104; x_wconf 80' lang='grc' dir='ltr'>έκεῖνο</span> <span class='ocrx_word' id='word_1_243' title='bbox 1507 3051 1866 3117; x_wconf 76' lang='grc' dir='ltr'>ἐξεταστικὸν.</span> <span class='ocrx_word' id='word_1_244' title='bbox 1900 3056 2038 3126; x_wconf 82' lang='grc' dir='ltr'>Ὅρα</span> 
     </span>
    </p>
   </div>
   <div class='ocr_carea' id='block_1_32' title="bbox 383 3135 2038 3214">
    <p class='ocr_par' dir='ltr' id='par_1_32' title="bbox 383 3135 2038 3214">
     <span class='ocr_line' id='line_1_32' title="bbox 383 3135 2038 3214; baseline 0.005 -27"><span class='ocrx_word' id='word_1_245' title='bbox 383 3137 438 3188; x_wconf 80' lang='grc' dir='ltr'>δὲ</span> <span class='ocrx_word' id='word_1_246' title='bbox 466 3135 624 3188; x_wconf 81' lang='grc' dir='ltr'>αὑτὸν</span> <span class='ocrx_word' id='word_1_247' title='bbox 656 3138 782 3189; x_wconf 83' lang='grc' dir='ltr'>ὅταν</span> <span class='ocrx_word' id='word_1_248' title='bbox 821 3137 948 3207; x_wconf 73' lang='grc' dir='ltr'>περὶ</span> <span class='ocrx_word' id='word_1_249' title='bbox 989 3137 1093 3191; x_wconf 88' lang='grc' dir='ltr'>τῶν</span> <span class='ocrx_word' id='word_1_250' title='bbox 1145 3138 1443 3208; x_wconf 82' lang='grc' dir='ltr'>μελλόντων</span> <span class='ocrx_word' id='word_1_251' title='bbox 1482 3139 1812 3211; x_wconf 79' lang='grc' dir='ltr'>διαλέγηται,</span> <span class='ocrx_word' id='word_1_252' title='bbox 1845 3145 1919 3214; x_wconf 79' lang='grc' dir='ltr'>μὴ</span> <span class='ocrx_word' id='word_1_253' title='bbox 1949 3144 2038 3197; x_wconf 88' lang='grc' dir='ltr'>δυ-</span> 
     </span>
    </p>
   </div>
   <div class='ocr_carea' id='block_1_33' title="bbox 384 3223 2036 3296">
    <p class='ocr_par' dir='ltr' id='par_1_33' title="bbox 384 3223 2036 3296">
     <span class='ocr_line' id='line_1_33' title="bbox 384 3223 2036 3296; baseline 0.005 -20"><span class='ocrx_word' id='word_1_254' title='bbox 384 3223 613 3293; x_wconf 76' lang='grc' dir='ltr'>νάμενον</span> <span class='ocrx_word' id='word_1_255' title='bbox 642 3225 852 3294; x_wconf 85' lang='grc' dir='ltr'>τρανῶς</span> <span class='ocrx_word' id='word_1_256' title='bbox 880 3227 1054 3278; x_wconf 87' lang='grc' dir='ltr'>είπεῖν</span> <span class='ocrx_word' id='word_1_257' title='bbox 1101 3227 1168 3279; x_wconf 76' lang='grc' dir='ltr'>τὰ</span> <span class='ocrx_word' id='word_1_258' title='bbox 1211 3228 1406 3294; x_wconf 76' lang='grc' dir='ltr'>ἀγαθὰ,</span> <span class='ocrx_word' id='word_1_259' title='bbox 1470 3228 1602 3281; x_wconf 87' lang='grc' dir='ltr'>ἀλλά</span> <span class='ocrx_word' id='word_1_260' title='bbox 1628 3231 1720 3282; x_wconf 76' lang='grc' dir='ltr'>καὶ</span> <span class='ocrx_word' id='word_1_261' title='bbox 1755 3231 1910 3296; x_wconf 81' lang='grc' dir='ltr'>δόξαν</span> <span class='ocrx_word' id='word_1_262' title='bbox 1943 3233 2036 3284; x_wconf 68' lang='grc' dir='ltr'>καὶ</span> 
     </span>
    </p>
   </div>
   <div class='ocr_carea' id='block_1_34' title="bbox 380 3310 2037 3386">
    <p class='ocr_par' dir='ltr' id='par_1_34' title="bbox 380 3310 2037 3386">
     <span class='ocr_line' id='line_1_34' title="bbox 380 3310 2037 3386; baseline 0.007 -27"><span class='ocrx_word' id='word_1_263' title='bbox 380 3310 546 3379; x_wconf 83' lang='grc' dir='ltr'>τιμὴν</span> <span class='ocrx_word' id='word_1_264' title='bbox 580 3311 824 3378; x_wconf 87' lang='grc' dir='ltr'>λέγοντα.</span> <span class='ocrx_word' id='word_1_265' title='bbox 873 3312 1086 3382; x_wconf 81' lang='grc' dir='ltr'>Ἐπειδὴ</span> <span class='ocrx_word' id='word_1_266' title='bbox 1110 3312 1216 3383; x_wconf 81' lang='grc' dir='ltr'>γὰρ</span> <span class='ocrx_word' id='word_1_267' title='bbox 1254 3314 1430 3368; x_wconf 66' lang='grc' dir='ltr'>πάντα</span> <span class='ocrx_word' id='word_1_268' title='bbox 1474 3315 1786 3386; x_wconf 90' lang='grc' dir='ltr'>ὑπερϐαίνει</span> <span class='ocrx_word' id='word_1_269' title='bbox 1831 3319 1898 3370; x_wconf 80' lang='grc' dir='ltr'>τὰ</span> <span class='ocrx_word' id='word_1_270' title='bbox 1944 3319 2037 3371; x_wconf 81' lang='grc' dir='ltr'>ἀν-</span> 
     </span>
    </p>
   </div>
   <div class='ocr_carea' id='block_1_35' title="bbox 381 3397 2037 3470">
    <p class='ocr_par' dir='ltr' id='par_1_35' title="bbox 381 3397 2037 3470">
     <span class='ocr_line' id='line_1_35' title="bbox 381 3397 2037 3470; baseline 0.007 -22"><span class='ocrx_word' id='word_1_271' title='bbox 381 3397 644 3467; x_wconf 89' lang='grc' dir='ltr'>θρώπινα,</span> <span class='ocrx_word' id='word_1_272' title='bbox 673 3398 771 3450; x_wconf 84' lang='grc' dir='ltr'>οὑκ</span> <span class='ocrx_word' id='word_1_273' title='bbox 801 3397 911 3468; x_wconf 82' lang='grc' dir='ltr'>ἔχει</span> <span class='ocrx_word' id='word_1_274' title='bbox 952 3399 1132 3453; x_wconf 85' lang='grc' dir='ltr'>είκόνα</span> <span class='ocrx_word' id='word_1_275' title='bbox 1168 3399 1348 3452; x_wconf 80' lang='grc' dir='ltr'>αὐτῶν</span> <span class='ocrx_word' id='word_1_276' title='bbox 1396 3401 1646 3455; x_wconf 78' lang='grc' dir='ltr'>ἐντεῦθεν</span> <span class='ocrx_word' id='word_1_277' title='bbox 1685 3402 1874 3470; x_wconf 78' lang='grc' dir='ltr'>δεῖξαι,</span> <span class='ocrx_word' id='word_1_278' title='bbox 1911 3407 2037 3459; x_wconf 88' lang='grc' dir='ltr'>ἀλλ’</span> 
     </span>
    </p>
   </div>
   <div class='ocr_carea' id='block_1_36' title="bbox 381 3483 2037 3558">
    <p class='ocr_par' dir='ltr' id='par_1_36' title="bbox 381 3483 2037 3558">
     <span class='ocr_line' id='line_1_36' title="bbox 381 3483 2037 3558; baseline 0.005 -21"><span class='ocrx_word' id='word_1_279' title='bbox 381 3487 489 3538; x_wconf 86' lang='grc' dir='ltr'>ἀπὸ</span> <span class='ocrx_word' id='word_1_280' title='bbox 515 3485 621 3538; x_wconf 87' lang='grc' dir='ltr'>τῶν</span> <span class='ocrx_word' id='word_1_281' title='bbox 648 3486 945 3539; x_wconf 87' lang='grc' dir='ltr'>δοκούντων</span> <span class='ocrx_word' id='word_1_282' title='bbox 968 3483 1103 3540; x_wconf 79' lang='grc' dir='ltr'>εἶναι</span> <span class='ocrx_word' id='word_1_283' title='bbox 1127 3486 1398 3557; x_wconf 87' lang='grc' dir='ltr'>λαμπρῶν</span> <span class='ocrx_word' id='word_1_284' title='bbox 1428 3491 1556 3557; x_wconf 88' lang='grc' dir='ltr'>παρ’</span> <span class='ocrx_word' id='word_1_285' title='bbox 1593 3491 1746 3558; x_wconf 76' lang='grc' dir='ltr'>ἡμῖν,</span> <span class='ocrx_word' id='word_1_286' title='bbox 1775 3493 1883 3544; x_wconf 80' lang='grc' dir='ltr'>ἀπὸ</span> <span class='ocrx_word' id='word_1_287' title='bbox 1915 3493 2037 3545; x_wconf 85' lang='grc' dir='ltr'>τού-</span> 
     </span>
    </p>
   </div>
   <div class='ocr_carea' id='block_1_37' title="bbox 379 3573 2036 3648">
    <p class='ocr_par' dir='ltr' id='par_1_37' title="bbox 379 3573 2036 3648">
     <span class='ocr_line' id='line_1_37' title="bbox 379 3573 2036 3648; baseline 0.006 -24"><span class='ocrx_word' id='word_1_288' title='bbox 379 3590 488 3626; x_wconf 85' lang='grc' dir='ltr'>των</span> <span class='ocrx_word' id='word_1_289' title='bbox 521 3573 678 3638; x_wconf 89' lang='grc' dir='ltr'>αὑτά,</span> <span class='ocrx_word' id='word_1_290' title='bbox 708 3573 782 3636; x_wconf 84' lang='grc' dir='ltr'>ὡς</span> <span class='ocrx_word' id='word_1_291' title='bbox 805 3574 1051 3644; x_wconf 78' lang='grc' dir='ltr'>ἐγχωρεῖ,</span> <span class='ocrx_word' id='word_1_292' title='bbox 1081 3573 1431 3645; x_wconf 80' lang='grc' dir='ltr'>παρίστησιν,</span> <span class='ocrx_word' id='word_1_293' title='bbox 1473 3575 1580 3627; x_wconf 80' lang='grc' dir='ltr'>ἀπὸ</span> <span class='ocrx_word' id='word_1_294' title='bbox 1600 3579 1698 3648; x_wconf 78' lang='grc' dir='ltr'>τῆς</span> <span class='ocrx_word' id='word_1_295' title='bbox 1720 3577 1894 3648; x_wconf 82' lang='grc' dir='ltr'>δόξης,</span> <span class='ocrx_word' id='word_1_296' title='bbox 1927 3581 2036 3634; x_wconf 84' lang='grc' dir='ltr'>ἀπὸ</span> 
     </span>
    </p>
   </div>
   <div class='ocr_carea' id='block_1_38' title="bbox 378 3660 2035 3739">
    <p class='ocr_par' dir='ltr' id='par_1_38' title="bbox 378 3660 2035 3739">
     <span class='ocr_line' id='line_1_38' title="bbox 378 3660 2035 3739; baseline 0.005 -27"><span class='ocrx_word' id='word_1_297' title='bbox 378 3660 479 3729; x_wconf 80' lang='grc' dir='ltr'>τῆς</span> <span class='ocrx_word' id='word_1_298' title='bbox 502 3660 686 3730; x_wconf 81' lang='grc' dir='ltr'>τιμῆς,</span> <span class='ocrx_word' id='word_1_299' title='bbox 739 3661 846 3714; x_wconf 85' lang='grc' dir='ltr'>ἀπὸ</span> <span class='ocrx_word' id='word_1_300' title='bbox 888 3661 987 3729; x_wconf 80' lang='grc' dir='ltr'>τῆς</span> <span class='ocrx_word' id='word_1_301' title='bbox 1004 3662 1148 3731; x_wconf 77' lang='grc' dir='ltr'>ζωῆς</span> <span class='ocrx_word' id='word_1_302' title='bbox 1177 3675 1192 3690; x_wconf 74' lang='grc'><strong>⁸</strong></span> <span class='ocrx_word' id='word_1_303' title='bbox 1218 3661 1390 3715; x_wconf 79' lang='grc' dir='ltr'>ταῦτα</span> <span class='ocrx_word' id='word_1_304' title='bbox 1422 3663 1529 3734; x_wconf 82' lang='grc' dir='ltr'>γάρ</span> <span class='ocrx_word' id='word_1_305' title='bbox 1559 3665 1672 3717; x_wconf 83' lang='grc' dir='ltr'>ἐστι</span> <span class='ocrx_word' id='word_1_306' title='bbox 1723 3667 1790 3719; x_wconf 85' lang='grc' dir='ltr'>τά</span> <span class='ocrx_word' id='word_1_307' title='bbox 1827 3667 2035 3739; x_wconf 82' lang='grc' dir='ltr'>ἀνθρώ-</span> 
     </span>
    </p>
   </div>
   <div class='ocr_carea' id='block_1_39' title="bbox 377 3747 2034 3818">
    <p class='ocr_par' dir='ltr' id='par_1_39' title="bbox 377 3747 2034 3818">
     <span class='ocr_line' id='line_1_39' title="bbox 377 3747 2034 3818; baseline 0.006 -19"><span class='ocrx_word' id='word_1_308' title='bbox 377 3764 498 3810; x_wconf 85' lang='grc' dir='ltr'>ποις</span> <span class='ocrx_word' id='word_1_309' title='bbox 556 3747 1014 3818; x_wconf 75' lang='grc' dir='ltr'>περισπούδαστα.</span> <span class='ocrx_word' id='word_1_310' title='bbox 1051 3747 1199 3800; x_wconf 82' lang='grc' dir='ltr'>Ἀλλ“</span> <span class='ocrx_word' id='word_1_311' title='bbox 1244 3749 1304 3802; x_wconf 87' lang='grc' dir='ltr'>οὑ</span> <span class='ocrx_word' id='word_1_312' title='bbox 1372 3751 1596 3804; x_wconf 84' lang='grc' dir='ltr'>τοιαῦτα</span> <span class='ocrx_word' id='word_1_313' title='bbox 1650 3754 1853 3818; x_wconf 78' lang='grc' dir='ltr'>ἐκεῖνα,</span> <span class='ocrx_word' id='word_1_314' title='bbox 1899 3756 2034 3809; x_wconf 83' lang='grc' dir='ltr'>ἀλλά</span> 
     </span>
    </p>
   </div>
   <div class='ocr_carea' id='block_1_40' title="bbox 376 3833 2035 3912">
    <p class='ocr_par' dir='ltr' id='par_1_40' title="bbox 376 3833 2035 3912">
     <span class='ocr_line' id='line_1_40' title="bbox 376 3833 2035 3912; baseline 0.007 -25"><span class='ocrx_word' id='word_1_315' title='bbox 376 3834 556 3905; x_wconf 85' lang='grc' dir='ltr'>πολλῷ</span> <span class='ocrx_word' id='word_1_316' title='bbox 614 3834 806 3905; x_wconf 78' lang='grc' dir='ltr'>βελτίω</span> <span class='ocrx_word' id='word_1_317' title='bbox 866 3833 1101 3900; x_wconf 87' lang='grc' dir='ltr'>τούτων,</span> <span class='ocrx_word' id='word_1_318' title='bbox 1155 3835 1264 3906; x_wconf 83' lang='grc' dir='ltr'>ὅσῳ</span> <span class='ocrx_word' id='word_1_319' title='bbox 1317 3838 1412 3890; x_wconf 74' lang='grc' dir='ltr'>καὶ</span> <span class='ocrx_word' id='word_1_320' title='bbox 1453 3838 1704 3912; x_wconf 79' lang='grc' dir='ltr'>ἄφθαρτα</span> <span class='ocrx_word' id='word_1_321' title='bbox 1757 3843 1851 3894; x_wconf 76' lang='grc' dir='ltr'>καὶ</span> <span class='ocrx_word' id='word_1_322' title='bbox 1903 3845 2035 3898; x_wconf 79' lang='grc' dir='ltr'>ἀθάο</span> 
     </span>
    </p>
   </div>
   <div class='ocr_carea' id='block_1_41' title="bbox 377 3939 534 3976">
    <p class='ocr_par' dir='ltr' id='par_1_41' title="bbox 377 3939 534 3976">
     <span class='ocr_line' id='line_1_41' title="bbox 377 3939 534 3976; baseline -0.006 0"><span class='ocrx_word' id='word_1_323' title='bbox 377 3939 511 3976; x_wconf 87' lang='grc' dir='ltr'>νατα</span> <span class='ocrx_word' id='word_1_324' title='bbox 520 3959 534 3975; x_wconf 80' lang='grc' dir='ltr'>ο</span> 
     </span>
    </p>
   </div>
   <div class='ocr_carea' id='block_1_42' title="bbox 447 4006 2035 4088">
    <p class='ocr_par' dir='ltr' id='par_1_42' title="bbox 447 4006 2035 4088">
     <span class='ocr_line' id='line_1_42' title="bbox 447 4006 2035 4088; baseline 0.006 -26"><span class='ocrx_word' id='word_1_325' title='bbox 447 4006 601 4073; x_wconf 81' lang='grc' dir='ltr'>Εἶδες</span> <span class='ocrx_word' id='word_1_326' title='bbox 637 4009 753 4073; x_wconf 90' lang='grc' dir='ltr'>πῶς</span> <span class='ocrx_word' id='word_1_327' title='bbox 791 4010 1004 4074; x_wconf 78' lang='grc' dir='ltr'>καὶτὰς</span> <span class='ocrx_word' id='word_1_328' title='bbox 1031 4013 1160 4083; x_wconf 79' lang='grc' dir='ltr'>περὶ</span> <span class='ocrx_word' id='word_1_329' title='bbox 1188 4013 1286 4082; x_wconf 80' lang='grc' dir='ltr'>τῆς</span> <span class='ocrx_word' id='word_1_330' title='bbox 1327 4011 1676 4078; x_wconf 83' lang='grc' dir='ltr'>ἀναστάσεως</span> <span class='ocrx_word' id='word_1_331' title='bbox 1702 4015 1810 4069; x_wconf 88' lang='grc' dir='ltr'>τῶν</span> <span class='ocrx_word' id='word_1_332' title='bbox 1849 4020 2035 4088; x_wconf 87' lang='grc' dir='ltr'>σωμά-</span> 
     </span>
    </p>
   </div>
   <div class='ocr_carea' id='block_1_43' title="bbox 374 4097 2032 4177">
    <p class='ocr_par' dir='ltr' id='par_1_43' title="bbox 374 4097 2032 4177">
     <span class='ocr_line' id='line_1_43' title="bbox 374 4097 2032 4177; baseline 0.009 -32"><span class='ocrx_word' id='word_1_333' title='bbox 374 4116 480 4152; x_wconf 83' lang='grc' dir='ltr'>των</span> <span class='ocrx_word' id='word_1_334' title='bbox 510 4100 642 4168; x_wconf 71' lang='grc' dir='ltr'>ἡμῖν</span> <span class='ocrx_word' id='word_1_335' title='bbox 700 4097 870 4167; x_wconf 86' lang='grc' dir='ltr'>θύρας</span> <span class='ocrx_word' id='word_1_336' title='bbox 920 4098 1170 4168; x_wconf 76' lang='grc' dir='ltr'>ἀνέῳξεν,</span> <span class='ocrx_word' id='word_1_337' title='bbox 1226 4097 1534 4168; x_wconf 76' lang='grc' dir='ltr'>ἀφθαρσίαν</span> <span class='ocrx_word' id='word_1_338' title='bbox 1579 4101 1786 4168; x_wconf 85' lang='grc' dir='ltr'>εἰπών;</span> <span class='ocrx_word' id='word_1_339' title='bbox 1841 4105 1872 4173; x_wconf 80' lang='grc' dir='ltr'>ἡ</span> <span class='ocrx_word' id='word_1_340' title='bbox 1921 4107 2032 4177; x_wconf 81' lang='grc' dir='ltr'>γὰρ</span> 
     </span>
    </p>
   </div>
   <div class='ocr_carea' id='block_1_44' title="bbox 375 4188 2030 4270">
    <p class='ocr_par' dir='ltr' id='par_1_44' title="bbox 375 4188 2030 4270">
     <span class='ocr_line' id='line_1_44' title="bbox 375 4188 2030 4270; baseline 0.005 -29"><span class='ocrx_word' id='word_1_341' title='bbox 375 4189 651 4258; x_wconf 84' lang='grc' dir='ltr'>ἁφθαρσία</span> <span class='ocrx_word' id='word_1_342' title='bbox 689 4188 780 4240; x_wconf 80' lang='grc' dir='ltr'>τοῦ</span> <span class='ocrx_word' id='word_1_343' title='bbox 804 4188 1158 4258; x_wconf 73' lang='grc' dir='ltr'>φθειρομένου</span> <span class='ocrx_word' id='word_1_344' title='bbox 1188 4189 1436 4260; x_wconf 87' lang='grc' dir='ltr'>σώματός</span> <span class='ocrx_word' id='word_1_345' title='bbox 1465 4193 1630 4246; x_wconf 79' lang='grc' dir='ltr'>ἐστιν.</span> <span class='ocrx_word' id='word_1_346' title='bbox 1655 4189 1806 4258; x_wconf 81' lang='grc' dir='ltr'>Εἶτα,</span> <span class='ocrx_word' id='word_1_347' title='bbox 1843 4198 2030 4270; x_wconf 75' lang='grc' dir='ltr'>ἐπειδὴ</span> 
     </span>
    </p>
   </div>
   <div class='ocr_carea' id='block_1_45' title="bbox 373 4275 2030 4350">
    <p class='ocr_par' dir='ltr' id='par_1_45' title="bbox 373 4275 2030 4350">
     <span class='ocr_line' id='line_1_45' title="bbox 373 4275 2030 4350; baseline 0.005 -22"><span class='ocrx_word' id='word_1_348' title='bbox 373 4279 474 4329; x_wconf 88' lang='grc' dir='ltr'>οὑκ</span> <span class='ocrx_word' id='word_1_349' title='bbox 503 4278 660 4347; x_wconf 73' lang='grc' dir='ltr'>ἤρκει</span> <span class='ocrx_word' id='word_1_350' title='bbox 711 4276 885 4338; x_wconf 74' lang='grc' dir='ltr'>τοῦτο,</span> <span class='ocrx_word' id='word_1_351' title='bbox 931 4275 1232 4345; x_wconf 82' lang='grc' dir='ltr'>προσέθηκε</span> <span class='ocrx_word' id='word_1_352' title='bbox 1286 4276 1440 4342; x_wconf 80' lang='grc' dir='ltr'>δόξαν</span> <span class='ocrx_word' id='word_1_353' title='bbox 1476 4280 1570 4330; x_wconf 75' lang='grc' dir='ltr'>καὶ</span> <span class='ocrx_word' id='word_1_354' title='bbox 1603 4282 1789 4350; x_wconf 84' lang='grc' dir='ltr'>τιμήν.</span> <span class='ocrx_word' id='word_1_355' title='bbox 1825 4284 2030 4348; x_wconf 82' lang='grc' dir='ltr'>Πάντες</span> 
     </span>
    </p>
   </div>
   <div class='ocr_carea' id='block_1_46' title="bbox 374 4362 2028 4435">
    <p class='ocr_par' dir='ltr' id='par_1_46' title="bbox 374 4362 2028 4435">
     <span class='ocr_line' id='line_1_46' title="bbox 374 4362 2028 4435; baseline 0.002 -18"><span class='ocrx_word' id='word_1_356' title='bbox 374 4365 482 4434; x_wconf 79' lang='grc' dir='ltr'>γὰρ</span> <span class='ocrx_word' id='word_1_357' title='bbox 508 4362 924 4434; x_wconf 86' lang='grc' dir='ltr'>ἀναστησόμεθα</span> <span class='ocrx_word' id='word_1_358' title='bbox 953 4363 1238 4433; x_wconf 79' lang='grc' dir='ltr'>ἄφθαρτοι,</span> <span class='ocrx_word' id='word_1_359' title='bbox 1262 4363 1376 4416; x_wconf 84' lang='grc' dir='ltr'>ἀλλ’</span> <span class='ocrx_word' id='word_1_360' title='bbox 1414 4365 1471 4415; x_wconf 82' lang='grc' dir='ltr'>οὑ</span> <span class='ocrx_word' id='word_1_361' title='bbox 1513 4366 1710 4428; x_wconf 85' lang='grc' dir='ltr'>πάντες</span> <span class='ocrx_word' id='word_1_362' title='bbox 1735 4370 1813 4430; x_wconf 87' lang='grc' dir='ltr'>εἰς</span> <span class='ocrx_word' id='word_1_363' title='bbox 1850 4368 2028 4435; x_wconf 78' lang='grc' dir='ltr'>δόξαν,</span> 
     </span>
    </p>
   </div>
   <div class='ocr_carea' id='block_1_47' title="bbox 372 4449 2030 4521">
    <p class='ocr_par' dir='ltr' id='par_1_47' title="bbox 372 4449 2030 4521">
     <span class='ocr_line' id='line_1_47' title="bbox 372 4449 2030 4521; baseline 0.002 -17"><span class='ocrx_word' id='word_1_364' title='bbox 372 4452 487 4504; x_wconf 82' lang='grc' dir='ltr'>ἀλλ’</span> <span class='ocrx_word' id='word_1_365' title='bbox 521 4452 691 4521; x_wconf 86' lang='grc' dir='ltr'>οἱμὲν</span> <span class='ocrx_word' id='word_1_366' title='bbox 743 4452 820 4512; x_wconf 90' lang='grc' dir='ltr'>είς</span> <span class='ocrx_word' id='word_1_367' title='bbox 884 4450 1120 4516; x_wconf 87' lang='grc' dir='ltr'>κόλασιν,</span> <span class='ocrx_word' id='word_1_368' title='bbox 1171 4452 1218 4502; x_wconf 85' lang='grc' dir='ltr'>οἱ</span> <span class='ocrx_word' id='word_1_369' title='bbox 1265 4449 1321 4502; x_wconf 82' lang='grc' dir='ltr'>δὲ</span> <span class='ocrx_word' id='word_1_370' title='bbox 1371 4451 1449 4513; x_wconf 83' lang='grc' dir='ltr'>εἰς</span> <span class='ocrx_word' id='word_1_371' title='bbox 1495 4450 1672 4514; x_wconf 79' lang='grc' dir='ltr'>δόξαν.</span> <span class='ocrx_word' id='word_1_372' title='bbox 1712 4453 1837 4519; x_wconf 85' lang='grc' dir='ltr'>Τοῖς</span> <span class='ocrx_word' id='word_1_373' title='bbox 1869 4455 1935 4507; x_wconf 86' lang='grc' dir='ltr'>δὲ</span> <span class='ocrx_word' id='word_1_374' title='bbox 1961 4456 2030 4521; x_wconf 79' lang='grc' dir='ltr'>ἐξ</span> 
     </span>
    </p>
   </div>
   <div class='ocr_carea' id='block_1_48' title="bbox 373 4537 2037 4612">
    <p class='ocr_par' dir='ltr' id='par_1_48' title="bbox 373 4537 2037 4612">
     <span class='ocr_line' id='line_1_48' title="bbox 373 4537 2037 4612; baseline 0.002 -19"><span class='ocrx_word' id='word_1_375' title='bbox 373 4540 639 4607; x_wconf 81' lang='grc' dir='ltr'>ἐριθείας,</span> <span class='ocrx_word' id='word_1_376' title='bbox 666 4539 818 4607; x_wconf 86' lang='grc' dir='ltr'>φησί.</span> <span class='ocrx_word' id='word_1_377' title='bbox 851 4537 1018 4592; x_wconf 87' lang='grc' dir='ltr'>Πάλιν</span> <span class='ocrx_word' id='word_1_378' title='bbox 1046 4537 1153 4608; x_wconf 83' lang='grc' dir='ltr'>γὰρ</span> <span class='ocrx_word' id='word_1_379' title='bbox 1195 4539 1484 4609; x_wconf 86' lang='grc' dir='ltr'>ἀποστερεῖ</span> <span class='ocrx_word' id='word_1_380' title='bbox 1541 4541 1867 4612; x_wconf 78' lang='grc' dir='ltr'>συγγνώμης</span> <span class='ocrx_word' id='word_1_381' title='bbox 1906 4547 2037 4607; x_wconf 76' lang='grc' dir='ltr'>τοὺς</span> 
     </span>
    </p>
   </div>
   <div class='ocr_carea' id='block_1_49' title="bbox 373 4625 2028 4698">
    <p class='ocr_par' dir='ltr' id='par_1_49' title="bbox 373 4625 2028 4698">
     <span class='ocr_line' id='line_1_49' title="bbox 373 4625 2028 4698; baseline 0.004 -19"><span class='ocrx_word' id='word_1_382' title='bbox 373 4641 430 4680; x_wconf 79' lang='grc' dir='ltr'>εν</span> <span class='ocrx_word' id='word_1_383' title='bbox 462 4628 624 4698; x_wconf 78' lang='grc' dir='ltr'>κακίᾳ</span> <span class='ocrx_word' id='word_1_384' title='bbox 655 4626 882 4691; x_wconf 75' lang='grc' dir='ltr'>ζῶντας,</span> <span class='ocrx_word' id='word_1_385' title='bbox 918 4626 1011 4678; x_wconf 68' lang='grc' dir='ltr'>καὶ</span> <span class='ocrx_word' id='word_1_386' title='bbox 1051 4625 1322 4679; x_wconf 87' lang='grc' dir='ltr'>δείκνυσιν</span> <span class='ocrx_word' id='word_1_387' title='bbox 1367 4627 1474 4678; x_wconf 76' lang='grc' dir='ltr'>ἀπὸ</span> <span class='ocrx_word' id='word_1_388' title='bbox 1523 4627 1855 4696; x_wconf 85' lang='grc' dir='ltr'>φιλονεικίας</span> <span class='ocrx_word' id='word_1_389' title='bbox 1885 4632 2028 4698; x_wconf 78' lang='grc' dir='ltr'>τινὸς</span> 
     </span>
    </p>
   </div>
   <div class='ocr_carea' id='block_1_50' title="bbox 374 4712 2027 4784">
    <p class='ocr_par' dir='ltr' id='par_1_50' title="bbox 374 4712 2027 4784">
     <span class='ocr_line' id='line_1_50' title="bbox 374 4712 2027 4784; baseline 0.005 -18"><span class='ocrx_word' id='word_1_390' title='bbox 374 4715 466 4766; x_wconf 65' lang='grc' dir='ltr'>καὶ</span> <span class='ocrx_word' id='word_1_391' title='bbox 493 4714 758 4784; x_wconf 78' lang='grc' dir='ltr'>ῥᾳθυμίας</span> <span class='ocrx_word' id='word_1_392' title='bbox 782 4713 874 4766; x_wconf 76' lang='grc' dir='ltr'>ἐπὶ</span> <span class='ocrx_word' id='word_1_393' title='bbox 921 4713 1019 4784; x_wconf 80' lang='grc' dir='ltr'>τὴν</span> <span class='ocrx_word' id='word_1_394' title='bbox 1069 4712 1331 4784; x_wconf 79' lang='grc' dir='ltr'>πονηρίαν</span> <span class='ocrx_word' id='word_1_395' title='bbox 1388 4714 1701 4779; x_wconf 83' lang='grc' dir='ltr'>πίπτοντας.</span> <span class='ocrx_word' id='word_1_396' title='bbox 1733 4719 1838 4770; x_wconf 87' lang='grc' dir='ltr'>Καὶ</span> <span class='ocrx_word' id='word_1_397' title='bbox 1865 4720 2027 4775; x_wconf 82' lang='grc' dir='ltr'>ἀπει-</span> 
     </span>
    </p>
   </div>
   <div class='ocr_carea' id='block_1_51' title="bbox 372 4800 2021 4873">
    <p class='ocr_par' dir='ltr' id='par_1_51' title="bbox 372 4800 2021 4873">
     <span class='ocr_line' id='line_1_51' title="bbox 372 4800 2021 4873; baseline 0.004 -19"><span class='ocrx_word' id='word_1_398' title='bbox 372 4802 544 4854; x_wconf 82' lang='grc' dir='ltr'>θοῦσι</span> <span class='ocrx_word' id='word_1_399' title='bbox 568 4801 681 4868; x_wconf 82' lang='grc' dir='ltr'>μὲν</span> <span class='ocrx_word' id='word_1_400' title='bbox 725 4800 797 4867; x_wconf 76' lang='grc' dir='ltr'>τῇ</span> <span class='ocrx_word' id='word_1_401' title='bbox 844 4800 1112 4868; x_wconf 69' lang='grc' dir='ltr'>ἀληθείᾳ,</span> <span class='ocrx_word' id='word_1_402' title='bbox 1166 4803 1540 4869; x_wconf 79' lang='grc' dir='ltr'>πειθομένοις</span> <span class='ocrx_word' id='word_1_403' title='bbox 1592 4802 1659 4855; x_wconf 88' lang='grc' dir='ltr'>δὲ</span> <span class='ocrx_word' id='word_1_404' title='bbox 1702 4803 1776 4871; x_wconf 78' lang='grc' dir='ltr'>τῇ</span> <span class='ocrx_word' id='word_1_405' title='bbox 1804 4805 2021 4873; x_wconf 79' lang='grc' dir='ltr'>ἀδικίᾳ.</span> 
     </span>
    </p>
   </div>
   <div class='ocr_carea' id='block_1_52' title="bbox 384 4886 2024 4961">
    <p class='ocr_par' dir='ltr' id='par_1_52' title="bbox 384 4886 2024 4961">
     <span class='ocr_line' id='line_1_52' title="bbox 384 4886 2024 4961; baseline 0.005 -22"><span class='ocrx_word' id='word_1_406' title='bbox 384 4889 514 4940; x_wconf 80' lang='grc' dir='ltr'>Ἰδοὺ</span> <span class='ocrx_word' id='word_1_407' title='bbox 539 4889 627 4939; x_wconf 63' lang='grc' dir='ltr'>καὶ⁸</span> <span class='ocrx_word' id='word_1_408' title='bbox 654 4886 810 4957; x_wconf 76' lang='grc' dir='ltr'>ἑτέρα</span> <span class='ocrx_word' id='word_1_409' title='bbox 844 4887 1142 4956; x_wconf 77' lang='grc' dir='ltr'>κατηγορία</span> <span class='ocrx_word' id='word_1_410' title='bbox 1182 4888 1359 4941; x_wconf 88' lang='grc' dir='ltr'>πάλιν.</span> <span class='ocrx_word' id='word_1_411' title='bbox 1397 4889 1559 4943; x_wconf 86' lang='grc' dir='ltr'>Ποίαν</span> <span class='ocrx_word' id='word_1_412' title='bbox 1591 4891 1698 4960; x_wconf 73' lang='grc' dir='ltr'>γὰρ</span> <span class='ocrx_word' id='word_1_413' title='bbox 1731 4893 2024 4961; x_wconf 84' lang='grc' dir='ltr'>ἀπολογίαν</span> 
     </span>
    </p>
   </div>
   <div class='ocr_carea' id='block_1_53' title="bbox 370 4975 2022 5055">
    <p class='ocr_par' dir='ltr' id='par_1_53' title="bbox 370 4975 2022 5055">
     <span class='ocr_line' id='line_1_53' title="bbox 370 4975 2022 5055; baseline 0.004 -25"><span class='ocrx_word' id='word_1_414' title='bbox 370 4977 435 5031; x_wconf 84' lang='grc' dir='ltr'>ἂν</span> <span class='ocrx_word' id='word_1_415' title='bbox 461 4977 572 5046; x_wconf 80' lang='grc' dir='ltr'>ἔχοι</span> <span class='ocrx_word' id='word_1_416' title='bbox 605 4977 632 5027; x_wconf 87' lang='grc' dir='ltr'>ό</span> <span class='ocrx_word' id='word_1_417' title='bbox 661 4976 720 5028; x_wconf 78' lang='grc' dir='ltr'>τὸ</span> <span class='ocrx_word' id='word_1_418' title='bbox 754 4976 866 5045; x_wconf 78' lang='grc' dir='ltr'>φῶς</span> <span class='ocrx_word' id='word_1_419' title='bbox 910 4975 1146 5045; x_wconf 86' lang='grc' dir='ltr'>φεύγων,</span> <span class='ocrx_word' id='word_1_420' title='bbox 1193 4977 1288 5031; x_wconf 73' lang='grc' dir='ltr'>καὶ</span> <span class='ocrx_word' id='word_1_421' title='bbox 1330 4978 1388 5032; x_wconf 84' lang='grc' dir='ltr'>τὸ</span> <span class='ocrx_word' id='word_1_422' title='bbox 1447 4981 1634 5044; x_wconf 85' lang='grc' dir='ltr'>σκότος</span> <span class='ocrx_word' id='word_1_423' title='bbox 1667 4982 2022 5055; x_wconf 83' lang='grc' dir='ltr'>αἱρούμενος;</span> 
     </span>
    </p>
   </div>
   <div class='ocr_carea' id='block_1_54' title="bbox 368 5059 2018 5139">
    <p class='ocr_par' dir='ltr' id='par_1_54' title="bbox 368 5059 2018 5139">
     <span class='ocr_line' id='line_1_54' title="bbox 368 5059 2018 5139; baseline 0.004 -20"><span class='ocrx_word' id='word_1_424' title='bbox 368 5067 476 5119; x_wconf 77' lang='grc' dir='ltr'>Καὶ</span> <span class='ocrx_word' id='word_1_425' title='bbox 504 5066 600 5117; x_wconf 87' lang='grc' dir='ltr'>οὑκ</span> <span class='ocrx_word' id='word_1_426' title='bbox 626 5059 764 5128; x_wconf 77' lang='grc' dir='ltr'>εἷπε,</span> <span class='ocrx_word' id='word_1_427' title='bbox 791 5064 1154 5134; x_wconf 75' lang='grc' dir='ltr'>Βιαζομένους</span> <span class='ocrx_word' id='word_1_428' title='bbox 1195 5066 1292 5118; x_wconf 70' lang='grc' dir='ltr'>καὶ</span> <span class='ocrx_word' id='word_1_429' title='bbox 1343 5071 1834 5138; x_wconf 79' lang='grc' dir='ltr'>τυραννουμένους,</span> <span class='ocrx_word' id='word_1_430' title='bbox 1858 5073 2018 5139; x_wconf 81' lang='grc' dir='ltr'>ἀλλὰ,</span> 
     </span>
    </p>
   </div>
   <div class='ocr_carea' id='block_1_55' title="bbox 369 5150 2023 5227">
    <p class='ocr_par' dir='ltr' id='par_1_55' title="bbox 369 5150 2023 5227">
     <span class='ocr_line' id='line_1_55' title="bbox 369 5150 2023 5227; baseline 0.004 -21"><span class='ocrx_word' id='word_1_431' title='bbox 369 5153 761 5219; x_wconf 84' lang='grc' dir='ltr'>Πειθομένους</span> <span class='ocrx_word' id='word_1_432' title='bbox 786 5150 858 5219; x_wconf 78' lang='grc' dir='ltr'>τῇ</span> <span class='ocrx_word' id='word_1_433' title='bbox 885 5151 1085 5220; x_wconf 78' lang='grc' dir='ltr'>ἀδικίᾳ</span> <span class='ocrx_word' id='word_1_434' title='bbox 1118 5169 1130 5182; x_wconf 83' lang='lat'><strong><em>°</em></strong></span> <span class='ocrx_word' id='word_1_435' title='bbox 1163 5152 1249 5205; x_wconf 82' lang='grc' dir='ltr'>ἵνα</span> <span class='ocrx_word' id='word_1_436' title='bbox 1287 5152 1483 5225; x_wconf 81' lang='grc' dir='ltr'>μάθῃς,</span> <span class='ocrx_word' id='word_1_437' title='bbox 1527 5155 1610 5207; x_wconf 83' lang='grc' dir='ltr'>ὅτι</span> <span class='ocrx_word' id='word_1_438' title='bbox 1649 5158 2023 5227; x_wconf 83' lang='grc' dir='ltr'>προαιρέσεως</span> 
     </span>
    </p>
   </div>
   <div class='ocr_carea' id='block_1_56' title="bbox 366 5238 2020 5309">
    <p class='ocr_par' dir='ltr' id='par_1_56' title="bbox 366 5238 2020 5309">
     <span class='ocr_line' id='line_1_56' title="bbox 366 5238 2020 5309; baseline 0.005 -19"><span class='ocrx_word' id='word_1_439' title='bbox 366 5238 425 5291; x_wconf 78' lang='grc' dir='ltr'>τὸ</span> <span class='ocrx_word' id='word_1_440' title='bbox 458 5239 675 5308; x_wconf 83' lang='grc' dir='ltr'>πτῶμα,</span> <span class='ocrx_word' id='word_1_441' title='bbox 707 5239 804 5290; x_wconf 90' lang='grc' dir='ltr'>οὑκ</span> <span class='ocrx_word' id='word_1_442' title='bbox 843 5239 1084 5308; x_wconf 84' lang='grc' dir='ltr'>ἀνάγκης</span> <span class='ocrx_word' id='word_1_443' title='bbox 1115 5239 1174 5291; x_wconf 86' lang='grc' dir='ltr'>τὸ</span> <span class='ocrx_word' id='word_1_444' title='bbox 1208 5240 1476 5309; x_wconf 76' lang='grc' dir='ltr'>ἔγκλημα.</span> <span class='ocrx_word' id='word_1_445' title='bbox 1512 5243 1727 5309; x_wconf 72' lang='grc' dir='ltr'>Θλίψις</span> <span class='ocrx_word' id='word_1_446' title='bbox 1757 5245 1853 5297; x_wconf 80' lang='grc' dir='ltr'>καὶ</span> <span class='ocrx_word' id='word_1_447' title='bbox 1886 5263 2020 5300; x_wconf 85' lang='grc' dir='ltr'>στε-</span> 
     </span>
    </p>
   </div>
   <div class='ocr_carea' id='block_1_57' title="bbox 367 5324 2020 5404">
    <p class='ocr_par' dir='ltr' id='par_1_57' title="bbox 367 5324 2020 5404">
     <span class='ocr_line' id='line_1_57' title="bbox 367 5324 2020 5404; baseline 0.005 -25"><span class='ocrx_word' id='word_1_448' title='bbox 367 5327 619 5394; x_wconf 69' lang='grc' dir='ltr'>νοχωρία</span> <span class='ocrx_word' id='word_1_449' title='bbox 646 5326 741 5378; x_wconf 75' lang='grc' dir='ltr'>ἐπί</span> <span class='ocrx_word' id='word_1_450' title='bbox 767 5324 974 5380; x_wconf 83' lang='grc' dir='ltr'>πᾶσαν</span> <span class='ocrx_word' id='word_1_451' title='bbox 1013 5326 1224 5394; x_wconf 71' lang='grc' dir='ltr'>ψυχὴν</span> <span class='ocrx_word' id='word_1_452' title='bbox 1249 5328 1562 5395; x_wconf 78' lang='grc' dir='ltr'>ἀνθρώπου</span> <span class='ocrx_word' id='word_1_453' title='bbox 1595 5331 1698 5383; x_wconf 84' lang='grc' dir='ltr'>τοῦ</span> <span class='ocrx_word' id='word_1_454' title='bbox 1739 5349 2020 5404; x_wconf 70' lang='grc' dir='ltr'>κατεργα-</span> 
     </span>
    </p>
   </div>
   <div class='ocr_carea' id='block_1_58' title="bbox 366 5413 2019 5493">
    <p class='ocr_par' dir='ltr' id='par_1_58' title="bbox 366 5413 2019 5493">
     <span class='ocr_line' id='line_1_58' title="bbox 366 5413 2019 5493; baseline 0.007 -29"><span class='ocrx_word' id='word_1_455' title='bbox 366 5413 609 5481; x_wconf 80' lang='grc' dir='ltr'>ζομένου</span> <span class='ocrx_word' id='word_1_456' title='bbox 643 5413 708 5466; x_wconf 86' lang='grc' dir='ltr'>τὸ</span> <span class='ocrx_word' id='word_1_457' title='bbox 748 5413 935 5466; x_wconf 82' lang='grc' dir='ltr'>κακόν</span> <span class='ocrx_word' id='word_1_458' title='bbox 962 5428 976 5443; x_wconf 88' lang='grc'><strong>·</strong></span> <span class='ocrx_word' id='word_1_459' title='bbox 1016 5413 1259 5465; x_wconf 87' lang='grc' dir='ltr'>τουτέστι</span> <span class='ocrx_word' id='word_1_460' title='bbox 1300 5414 1401 5466; x_wconf 70' lang='grc' dir='ltr'>κᾶν</span> <span class='ocrx_word' id='word_1_461' title='bbox 1439 5414 1680 5486; x_wconf 52' lang='grc' dir='ltr'>εύπορός,</span> <span class='ocrx_word' id='word_1_462' title='bbox 1705 5435 1786 5482; x_wconf 88' lang='grc' dir='ltr'>τις</span> <span class='ocrx_word' id='word_1_463' title='bbox 1830 5417 1883 5493; x_wconf 83' lang='grc' dir='ltr'>ᾖ,</span> <span class='ocrx_word' id='word_1_464' title='bbox 1918 5424 2019 5474; x_wconf 75' lang='lat' dir='ltr'>xiv</span> 
     </span>
    </p>
   </div>
   <div class='ocr_carea' id='block_1_59' title="bbox 367 5502 2017 5574">
    <p class='ocr_par' dir='ltr' id='par_1_59' title="bbox 367 5502 2017 5574">
     <span class='ocr_line' id='line_1_59' title="bbox 367 5502 2017 5574; baseline 0.005 -19"><span class='ocrx_word' id='word_1_465' title='bbox 367 5503 587 5565; x_wconf 81' lang='grc' dir='ltr'>ὑπατος,</span> <span class='ocrx_word' id='word_1_466' title='bbox 615 5504 714 5555; x_wconf 81' lang='grc' dir='ltr'>κᾶν</span> <span class='ocrx_word' id='word_1_467' title='bbox 741 5502 1126 5566; x_wconf 77' lang='grc' dir='ltr'>αὑτοϐασιλεὺς</span> <span class='ocrx_word' id='word_1_468' title='bbox 1155 5514 1203 5565; x_wconf 75' lang='grc'>⁸,</span> <span class='ocrx_word' id='word_1_469' title='bbox 1227 5502 1415 5556; x_wconf 81' lang='grc' dir='ltr'>οὐδένα</span> <span class='ocrx_word' id='word_1_470' title='bbox 1442 5505 1469 5556; x_wconf 87' lang='grc' dir='ltr'>ό</span> <span class='ocrx_word' id='word_1_471' title='bbox 1492 5508 1590 5574; x_wconf 79' lang='grc' dir='ltr'>τῆς</span> <span class='ocrx_word' id='word_1_472' title='bbox 1635 5508 1860 5571; x_wconf 82' lang='grc' dir='ltr'>κτίσεως</span> <span class='ocrx_word' id='word_1_473' title='bbox 1890 5510 2017 5564; x_wconf 88' lang='grc' dir='ltr'>δυσ-</span> 
     </span>
    </p>
   </div>
   <div class='ocr_carea' id='block_1_60' title="bbox 363 5592 2017 5670">
    <p class='ocr_par' dir='ltr' id='par_1_60' title="bbox 363 5592 2017 5670">
     <span class='ocr_line' id='line_1_60' title="bbox 363 5592 2017 5670; baseline 0.009 -29"><span class='ocrx_word' id='word_1_474' title='bbox 363 5596 589 5646; x_wconf 76' lang='grc' dir='ltr'>ωπεῖται</span> <span class='ocrx_word' id='word_1_475' title='bbox 645 5592 796 5659; x_wconf 83' lang='grc' dir='ltr'>λόγος</span> <span class='ocrx_word' id='word_1_476' title='bbox 841 5610 854 5623; x_wconf 68' lang='grc' dir='ltr'><strong>υ</strong></span> <span class='ocrx_word' id='word_1_477' title='bbox 910 5593 1165 5664; x_wconf 78' lang='grc' dir='ltr'>οὐδεμίαν</span> <span class='ocrx_word' id='word_1_478' title='bbox 1233 5593 1343 5663; x_wconf 77' lang='grc' dir='ltr'>γὰρ</span> <span class='ocrx_word' id='word_1_479' title='bbox 1399 5593 1633 5649; x_wconf 78' lang='grc' dir='ltr'>ἐνταῦθα</span> <span class='ocrx_word' id='word_1_480' title='bbox 1701 5597 1886 5670; x_wconf 85' lang='grc' dir='ltr'>χώραν</span> <span class='ocrx_word' id='word_1_481' title='bbox 1951 5602 2017 5655; x_wconf 85' lang='grc' dir='ltr'>τὰ</span> 
     </span>
    </p>
   </div>
   <div class='ocr_carea' id='block_1_61' title="bbox 363 5680 2014 5756">
    <p class='ocr_par' dir='ltr' id='par_1_61' title="bbox 363 5680 2014 5756">
     <span class='ocr_line' id='line_1_61' title="bbox 363 5680 2014 5756; baseline 0.006 -24"><span class='ocrx_word' id='word_1_482' title='bbox 363 5681 640 5750; x_wconf 80' lang='grc' dir='ltr'>ἀξιώματα</span> <span class='ocrx_word' id='word_1_483' title='bbox 678 5681 808 5749; x_wconf 72' lang='grc' dir='ltr'>ἔχει.</span> <span class='ocrx_word' id='word_1_484' title='bbox 845 5680 1028 5744; x_wconf 77' lang='grc' dir='ltr'>Δείξας</span> <span class='ocrx_word' id='word_1_485' title='bbox 1062 5682 1234 5733; x_wconf 87' lang='grc' dir='ltr'>τοίνυν</span> <span class='ocrx_word' id='word_1_486' title='bbox 1256 5681 1354 5753; x_wconf 81' lang='grc' dir='ltr'>τὴν</span> <span class='ocrx_word' id='word_1_487' title='bbox 1380 5682 1684 5754; x_wconf 80' lang='grc' dir='ltr'>ὑπερϐολὴν</span> <span class='ocrx_word' id='word_1_488' title='bbox 1714 5688 1810 5756; x_wconf 80' lang='grc' dir='ltr'>τῆς</span> <span class='ocrx_word' id='word_1_489' title='bbox 1838 5688 2014 5756; x_wconf 68' lang='grc' dir='ltr'>νόσου,</span> 
     </span>
    </p>
   </div>
   <div class='ocr_carea' id='block_1_62' title="bbox 363 5768 2013 5847">
    <p class='ocr_par' dir='ltr' id='par_1_62' title="bbox 363 5768 2013 5847">
     <span class='ocr_line' id='line_1_62' title="bbox 363 5768 2013 5847; baseline 0.007 -26"><span class='ocrx_word' id='word_1_490' title='bbox 363 5770 456 5822; x_wconf 72' lang='grc' dir='ltr'>καὶ</span> <span class='ocrx_word' id='word_1_491' title='bbox 482 5769 575 5838; x_wconf 73' lang='grc' dir='ltr'>τὴν</span> <span class='ocrx_word' id='word_1_492' title='bbox 599 5768 777 5820; x_wconf 77' lang='grc' dir='ltr'>αἰτίαν</span> <span class='ocrx_word' id='word_1_493' title='bbox 811 5769 1082 5838; x_wconf 73' lang='grc' dir='ltr'>προσθεὶς,</span> <span class='ocrx_word' id='word_1_494' title='bbox 1127 5771 1206 5822; x_wconf 79' lang='grc' dir='ltr'>ὅτι</span> <span class='ocrx_word' id='word_1_495' title='bbox 1251 5769 1356 5822; x_wconf 83' lang='grc' dir='ltr'>ἀπὸ</span> <span class='ocrx_word' id='word_1_496' title='bbox 1407 5770 1676 5842; x_wconf 75' lang='grc' dir='ltr'>ῥᾳθυμίας</span> <span class='ocrx_word' id='word_1_497' title='bbox 1699 5775 1804 5827; x_wconf 90' lang='grc' dir='ltr'>τῶν</span> <span class='ocrx_word' id='word_1_498' title='bbox 1829 5778 2013 5847; x_wconf 52' lang='grc' dir='ltr'>ἀρῤωνο</span> 
     </span>
    </p>
   </div>
   <div class='ocr_carea' id='block_1_63' title="bbox 364 5852 2011 5928">
    <p class='ocr_par' dir='ltr' id='par_1_63' title="bbox 364 5852 2011 5928">
     <span class='ocr_line' id='line_1_63' title="bbox 364 5852 2011 5928; baseline 0.007 -25"><span class='ocrx_word' id='word_1_499' title='bbox 364 5852 646 5915; x_wconf 86' lang='grc' dir='ltr'>στούντων,</span> <span class='ocrx_word' id='word_1_500' title='bbox 686 5853 774 5906; x_wconf 75' lang='grc' dir='ltr'>καὶ</span> <span class='ocrx_word' id='word_1_501' title='bbox 805 5853 864 5905; x_wconf 77' lang='grc' dir='ltr'>τὸ</span> <span class='ocrx_word' id='word_1_502' title='bbox 895 5853 1064 5920; x_wconf 85' lang='grc' dir='ltr'>τέλος,</span> <span class='ocrx_word' id='word_1_503' title='bbox 1101 5856 1178 5908; x_wconf 85' lang='grc' dir='ltr'>ὅτι</span> <span class='ocrx_word' id='word_1_504' title='bbox 1211 5857 1675 5923; x_wconf 75' lang='grc' dir='ltr'>ἀπώλειαάὑτους</span> <span class='ocrx_word' id='word_1_505' title='bbox 1694 5861 2011 5928; x_wconf 78' lang='grc' dir='ltr'>διαδέξεται,</span> 
     </span>
    </p>
   </div>
   <div class='ocr_carea' id='block_1_64' title="bbox 457 6025 1232 6091">
    <p class='ocr_par' dir='ltr' id='par_1_64' title="bbox 457 6025 1232 6091">
     <span class='ocr_line' id='line_1_64' title="bbox 457 6025 1232 6091; baseline 0.005 -16"><span class='ocrx_word' id='word_1_506' title='bbox 457 6025 477 6051; x_wconf 85' lang='grc'><strong><em>⁸</em></strong></span> <span class='ocrx_word' id='word_1_507' title='bbox 498 6026 606 6079; x_wconf 87' lang='lat' dir='ltr'>Duo</span> <span class='ocrx_word' id='word_1_508' title='bbox 626 6038 758 6088; x_wconf 71' lang='lat'><strong>11153.,</strong></span> <span class='ocrx_word' id='word_1_509' title='bbox 783 6026 921 6082; x_wconf 81' lang='grc' dir='ltr'>αὑτὸς</span> <span class='ocrx_word' id='word_1_510' title='bbox 945 6029 970 6075; x_wconf 84' lang='grc' dir='ltr'><em>ὁ</em></span> <span class='ocrx_word' id='word_1_511' title='bbox 1000 6030 1131 6091; x_wconf 81' lang='grc' dir='ltr'>βασι)</span> <span class='ocrx_word' id='word_1_512' title='bbox 1144 6031 1232 6086; x_wconf 82' lang='grc' dir='ltr'>εὑς.</span> 
     </span>
    </p>
   </div>
   <div class='ocr_carea' id='block_1_65' title="bbox 3731 403 3830 458">
    <p class='ocr_par' dir='ltr' id='par_1_65' title="bbox 3731 403 3830 458">
     <span class='ocr_line' id='line_1_65' title="bbox 3731 403 3830 458; baseline 0 0"><span class='ocrx_word' id='word_1_513' title='bbox 3731 403 3830 458; x_wconf 63' lang='lat'>4‘26</span> 
     </span>
    </p>
   </div>
   <div class='ocr_carea' id='block_1_66' title="bbox 2155 518 3834 592">
    <p class='ocr_par' dir='ltr' id='par_1_66' title="bbox 2155 518 3834 592">
     <span class='ocr_line' id='line_1_66' title="bbox 2155 518 3834 592; baseline -0.002 -16"><span class='ocrx_word' id='word_1_514' title='bbox 2155 523 2247 576; x_wconf 76' lang='grc' dir='ltr'>καὶ</span> <span class='ocrx_word' id='word_1_515' title='bbox 2281 522 2341 575; x_wconf 81' lang='grc' dir='ltr'>τὸ</span> <span class='ocrx_word' id='word_1_516' title='bbox 2387 522 2608 576; x_wconf 77' lang='grc' dir='ltr'>εὑκολον</span> <span class='ocrx_word' id='word_1_517' title='bbox 2642 523 2741 592; x_wconf 79' lang='grc' dir='ltr'>τῆς</span> <span class='ocrx_word' id='word_1_518' title='bbox 2766 518 3131 592; x_wconf 71' lang='grc' dir='ltr'>διορθώσεως,</span> <span class='ocrx_word' id='word_1_519' title='bbox 3180 520 3337 591; x_wconf 83' lang='grc' dir='ltr'>βαρεῖ</span> <span class='ocrx_word' id='word_1_520' title='bbox 3362 521 3388 560; x_wconf 71' lang='grc' dir='ltr'>ιι</span> <span class='ocrx_word' id='word_1_521' title='bbox 3438 521 3603 574; x_wconf 72' lang='grc' dir='ltr'>πάλιν</span> <span class='ocrx_word' id='word_1_522' title='bbox 3633 522 3729 576; x_wconf 78' lang='grc' dir='ltr'>καὶ</span> <span class='ocrx_word' id='word_1_523' title='bbox 3772 527 3834 578; x_wconf 83' lang='grc' dir='ltr'>ὲν</span> 
     </span>
    </p>
   </div>
   <div class='ocr_carea' id='block_1_67' title="bbox 2154 607 3831 680">
    <p class='ocr_par' dir='ltr' id='par_1_67' title="bbox 2154 607 3831 680">
     <span class='ocr_line' id='line_1_67' title="bbox 2154 607 3831 680; baseline 0.001 -18"><span class='ocrx_word' id='word_1_524' title='bbox 2154 613 2218 680; x_wconf 81' lang='grc' dir='ltr'>τῇ</span> <span class='ocrx_word' id='word_1_525' title='bbox 2249 609 2466 663; x_wconf 82' lang='grc' dir='ltr'>κολάσει</span> <span class='ocrx_word' id='word_1_526' title='bbox 2515 611 2607 662; x_wconf 87' lang='grc' dir='ltr'>τὸν</span> <span class='ocrx_word' id='word_1_527' title='bbox 2656 610 2927 663; x_wconf 84' lang='grc' dir='ltr'>Ἰουδαῖον.</span> <span class='ocrx_word' id='word_1_528' title='bbox 2968 607 3259 662; x_wconf 80' lang='grc' dir='ltr'>Ἰουδαίου</span> <span class='ocrx_word' id='word_1_529' title='bbox 3309 625 3373 662; x_wconf 85' lang='grc' dir='ltr'>τε</span> <span class='ocrx_word' id='word_1_530' title='bbox 3427 609 3674 676; x_wconf 73' lang='grc' dir='ltr'>πρῶτον</span> <span class='ocrx_word' id='word_1_531' title='bbox 3729 609 3831 664; x_wconf 70' lang='grc' dir='ltr'>καί</span> 
     </span>
    </p>
   </div>
   <div class='ocr_carea' id='block_1_68' title="bbox 2157 695 3831 768">
    <p class='ocr_par' dir='ltr' id='par_1_68' title="bbox 2157 695 3831 768">
     <span class='ocr_line' id='line_1_68' title="bbox 2157 695 3831 768; baseline 0 -17"><span class='ocrx_word' id='word_1_532' title='bbox 2157 699 2477 763; x_wconf 74' lang='grc' dir='ltr'>Ἕλληνος.</span> <span class='ocrx_word' id='word_1_533' title='bbox 2514 698 2572 751; x_wconf 89' lang='lat'>&#39;0</span> <span class='ocrx_word' id='word_1_534' title='bbox 2590 698 2699 768; x_wconf 87' lang='grc' dir='ltr'>γάρ</span> <span class='ocrx_word' id='word_1_535' title='bbox 2727 697 2968 760; x_wconf 88' lang='grc' dir='ltr'>πλείονος</span> <span class='ocrx_word' id='word_1_536' title='bbox 2997 695 3310 757; x_wconf 84' lang='grc' dir='ltr'>ἀπολαύσας</span> <span class='ocrx_word' id='word_1_537' title='bbox 3329 696 3430 766; x_wconf 82' lang='grc' dir='ltr'>τῆς</span> <span class='ocrx_word' id='word_1_538' title='bbox 3451 698 3831 762; x_wconf 79' lang='grc' dir='ltr'>διδασκαλίας,</span> 
     </span>
    </p>
   </div>
   <div class='ocr_carea' id='block_1_69' title="bbox 2158 784 3833 855">
    <p class='ocr_par' dir='ltr' id='par_1_69' title="bbox 2158 784 3833 855">
     <span class='ocr_line' id='line_1_69' title="bbox 2158 784 3833 855; baseline 0.001 -18"><span class='ocrx_word' id='word_1_539' title='bbox 2158 784 2377 855; x_wconf 78' lang='grc' dir='ltr'>μείζονα</span> <span class='ocrx_word' id='word_1_540' title='bbox 2414 785 2480 837; x_wconf 84' lang='grc' dir='ltr'>ἂν</span> <span class='ocrx_word' id='word_1_541' title='bbox 2511 785 2596 853; x_wconf 79' lang='grc' dir='ltr'>εἴη</span> <span class='ocrx_word' id='word_1_542' title='bbox 2631 784 2726 837; x_wconf 74' lang='grc' dir='ltr'>καὶ</span> <span class='ocrx_word' id='word_1_543' title='bbox 2757 784 3028 854; x_wconf 88' lang='grc' dir='ltr'>τιμωρίαν</span> <span class='ocrx_word' id='word_1_544' title='bbox 3072 784 3220 848; x_wconf 79' lang='grc' dir='ltr'>ἄξιος</span> <span class='ocrx_word' id='word_1_545' title='bbox 3257 785 3546 854; x_wconf 81' lang='grc' dir='ltr'>ὑπομείναι</span> <span class='ocrx_word' id='word_1_546' title='bbox 3586 803 3833 851; x_wconf 85' lang='grc' dir='ltr'>παρανο-</span> 
     </span>
    </p>
   </div>
   <div class='ocr_carea' id='block_1_70' title="bbox 2158 864 3830 942">
    <p class='ocr_par' dir='ltr' id='par_1_70' title="bbox 2158 864 3830 942">
     <span class='ocr_line' id='line_1_70' title="bbox 2158 864 3830 942; baseline 0.001 -18"><span class='ocrx_word' id='word_1_547' title='bbox 2158 871 2290 940; x_wconf 86' lang='grc' dir='ltr'>μῶν.</span> <span class='ocrx_word' id='word_1_548' title='bbox 2319 871 2480 923; x_wconf 83' lang='grc' dir='ltr'>Ὥστε</span> <span class='ocrx_word' id='word_1_549' title='bbox 2512 870 2621 939; x_wconf 84' lang='grc' dir='ltr'>ὅσῳ</span> <span class='ocrx_word' id='word_1_550' title='bbox 2648 870 2714 922; x_wconf 84' lang='grc' dir='ltr'>ἂν</span> <span class='ocrx_word' id='word_1_551' title='bbox 2750 870 3105 941; x_wconf 80' lang='grc' dir='ltr'>συνετώτεροι</span> <span class='ocrx_word' id='word_1_552' title='bbox 3156 864 3305 942; x_wconf 79' lang='grc' dir='ltr'>ὦμεν</span> <span class='ocrx_word' id='word_1_553' title='bbox 3357 871 3388 940; x_wconf 82' lang='grc' dir='ltr'>ἢ</span> <span class='ocrx_word' id='word_1_554' title='bbox 3437 871 3830 942; x_wconf 79' lang='grc' dir='ltr'>δυνατώτεροι.</span> 
     </span>
    </p>
   </div>
   <div class='ocr_carea' id='block_1_71' title="bbox 2153 956 3832 1029">
    <p class='ocr_par' dir='ltr' id='par_1_71' title="bbox 2153 956 3832 1029">
     <span class='ocr_line' id='line_1_71' title="bbox 2153 956 3832 1029; baseline 0 -18"><span class='ocrx_word' id='word_1_555' title='bbox 2153 957 2402 1011; x_wconf 80' lang='grc' dir='ltr'>τοσοῦτον</span> <span class='ocrx_word' id='word_1_556' title='bbox 2434 957 2772 1026; x_wconf 80' lang='grc' dir='ltr'>κολαζόμεθα</span> <span class='ocrx_word' id='word_1_557' title='bbox 2801 956 3001 1026; x_wconf 77' lang='grc' dir='ltr'>μᾶλλον</span> <span class='ocrx_word' id='word_1_558' title='bbox 3035 959 3455 1029; x_wconf 82' lang='grc' dir='ltr'>ἁμαρτάνοντες.</span> <span class='ocrx_word' id='word_1_559' title='bbox 3501 959 3611 1010; x_wconf 71' lang='grc' dir='ltr'>Καὶ</span> <span class='ocrx_word' id='word_1_560' title='bbox 3642 960 3754 1026; x_wconf 70' lang='grc' dir='ltr'>γὰρ</span> <span class='ocrx_word' id='word_1_561' title='bbox 3784 961 3832 1011; x_wconf 86' lang='grc' dir='ltr'>εί</span> 
     </span>
    </p>
   </div>
   <div class='ocr_carea' id='block_1_72' title="bbox 2155 1041 3826 1117">
    <p class='ocr_par' dir='ltr' id='par_1_72' title="bbox 2155 1041 3826 1117">
     <span class='ocr_line' id='line_1_72' title="bbox 2155 1041 3826 1117; baseline 0 -19"><span class='ocrx_word' id='word_1_562' title='bbox 2155 1047 2404 1109; x_wconf 87' lang='grc' dir='ltr'>πλούσιος</span> <span class='ocrx_word' id='word_1_563' title='bbox 2423 1041 2491 1109; x_wconf 87' lang='grc' dir='ltr'>εἷ,</span> <span class='ocrx_word' id='word_1_564' title='bbox 2519 1045 2736 1098; x_wconf 86' lang='grc' dir='ltr'>πλείονα</span> <span class='ocrx_word' id='word_1_565' title='bbox 2769 1046 3120 1117; x_wconf 80' lang='grc' dir='ltr'>ἀπαιτηθὴσῃ</span> <span class='ocrx_word' id='word_1_566' title='bbox 3146 1050 3403 1116; x_wconf 78' lang='grc' dir='ltr'>χρήματα</span> <span class='ocrx_word' id='word_1_567' title='bbox 3437 1045 3531 1098; x_wconf 81' lang='grc' dir='ltr'>τοῦ</span> <span class='ocrx_word' id='word_1_568' title='bbox 3569 1046 3826 1116; x_wconf 84' lang='grc' dir='ltr'>πένητος,</span> 
     </span>
    </p>
   </div>
   <div class='ocr_carea' id='block_1_73' title="bbox 2155 1131 3830 1204">
    <p class='ocr_par' dir='ltr' id='par_1_73' title="bbox 2155 1131 3830 1204">
     <span class='ocr_line' id='line_1_73' title="bbox 2155 1131 3830 1204; baseline -0.001 -17"><span class='ocrx_word' id='word_1_569' title='bbox 2155 1136 2249 1187; x_wconf 68' lang='grc' dir='ltr'>καὶ</span> <span class='ocrx_word' id='word_1_570' title='bbox 2293 1137 2342 1187; x_wconf 79' lang='grc' dir='ltr'>εἰ</span> <span class='ocrx_word' id='word_1_571' title='bbox 2391 1134 2776 1204; x_wconf 86' lang='grc' dir='ltr'>συνετώτερος,</span> <span class='ocrx_word' id='word_1_572' title='bbox 2842 1131 3064 1202; x_wconf 73' lang='grc' dir='ltr'>μείζονα</span> <span class='ocrx_word' id='word_1_573' title='bbox 3124 1134 3389 1203; x_wconf 82' lang='grc' dir='ltr'>ὑπακοὴν,</span> <span class='ocrx_word' id='word_1_574' title='bbox 3438 1135 3534 1186; x_wconf 64' lang='grc' dir='ltr'>καὶ</span> <span class='ocrx_word' id='word_1_575' title='bbox 3584 1137 3636 1186; x_wconf 87' lang='grc' dir='ltr'>εί</span> <span class='ocrx_word' id='word_1_576' title='bbox 3666 1133 3830 1186; x_wconf 81' lang='grc' dir='ltr'>δυνα-</span> 
     </span>
    </p>
   </div>
   <div class='ocr_carea' id='block_1_74' title="bbox 2155 1223 3832 1295">
    <p class='ocr_par' dir='ltr' id='par_1_74' title="bbox 2155 1223 3832 1295">
     <span class='ocr_line' id='line_1_74' title="bbox 2155 1223 3832 1295; baseline 0.001 -20"><span class='ocrx_word' id='word_1_577' title='bbox 2155 1225 2339 1278; x_wconf 87' lang='grc' dir='ltr'>στείαν</span> <span class='ocrx_word' id='word_1_578' title='bbox 2369 1223 2783 1295; x_wconf 82' lang='grc' dir='ltr'>περιῦέϐλησαι,</span> <span class='ocrx_word' id='word_1_579' title='bbox 2831 1223 3188 1294; x_wconf 78' lang='grc' dir='ltr'>λαμπρότερα</span> <span class='ocrx_word' id='word_1_580' title='bbox 3249 1224 3651 1294; x_wconf 84' lang='grc' dir='ltr'>κατορθώματα</span> <span class='ocrx_word' id='word_1_581' title='bbox 3682 1242 3696 1254; x_wconf 89' lang='grc'><strong>·</strong></span> <span class='ocrx_word' id='word_1_582' title='bbox 3734 1226 3832 1276; x_wconf 73' lang='grc' dir='ltr'>καὶ</span> 
     </span>
    </p>
   </div>
   <div class='ocr_carea' id='block_1_75' title="bbox 2156 1311 3830 1382">
    <p class='ocr_par' dir='ltr' id='par_1_75' title="bbox 2156 1311 3830 1382">
     <span class='ocr_line' id='line_1_75' title="bbox 2156 1311 3830 1382; baseline 0.001 -20"><span class='ocrx_word' id='word_1_583' title='bbox 2156 1312 2248 1364; x_wconf 75' lang='grc' dir='ltr'>ἐπὶ</span> <span class='ocrx_word' id='word_1_584' title='bbox 2283 1312 2506 1364; x_wconf 80' lang='grc' dir='ltr'>πάντων</span> <span class='ocrx_word' id='word_1_585' title='bbox 2536 1311 2591 1364; x_wconf 81' lang='grc' dir='ltr'>δὲ</span> <span class='ocrx_word' id='word_1_586' title='bbox 2625 1311 2736 1364; x_wconf 90' lang='grc' dir='ltr'>τῶν</span> <span class='ocrx_word' id='word_1_587' title='bbox 2758 1311 2934 1365; x_wconf 85' lang='grc' dir='ltr'>ἀλλων</span> <span class='ocrx_word' id='word_1_588' title='bbox 2983 1311 3125 1365; x_wconf 78' lang='grc' dir='ltr'>οὑτω</span> <span class='ocrx_word' id='word_1_589' title='bbox 3177 1312 3314 1382; x_wconf 81' lang='grc' dir='ltr'>πρὸς</span> <span class='ocrx_word' id='word_1_590' title='bbox 3352 1312 3452 1381; x_wconf 73' lang='grc' dir='ltr'>τὴν</span> <span class='ocrx_word' id='word_1_591' title='bbox 3470 1311 3706 1380; x_wconf 86' lang='grc' dir='ltr'>δύναμιν</span> <span class='ocrx_word' id='word_1_592' title='bbox 3736 1311 3830 1363; x_wconf 78' lang='grc' dir='ltr'>καὶ</span> 
     </span>
    </p>
   </div>
   <div class='ocr_carea' id='block_1_76' title="bbox 2151 1396 3828 1469">
    <p class='ocr_par' dir='ltr' id='par_1_76' title="bbox 2151 1396 3828 1469">
     <span class='ocr_line' id='line_1_76' title="bbox 2151 1396 3828 1469; baseline -0.001 -19"><span class='ocrx_word' id='word_1_593' title='bbox 2151 1398 2218 1450; x_wconf 76' lang='grc' dir='ltr'>τὰ</span> <span class='ocrx_word' id='word_1_594' title='bbox 2271 1397 2446 1469; x_wconf 78' lang='grc' dir='ltr'>μέτρα</span> <span class='ocrx_word' id='word_1_595' title='bbox 2510 1397 2783 1460; x_wconf 88' lang='grc' dir='ltr'>είσοίσεις.</span> <span class='ocrx_word' id='word_1_596' title='bbox 2833 1398 2989 1461; x_wconf 78' lang='grc' dir='ltr'>Δόξα</span> <span class='ocrx_word' id='word_1_597' title='bbox 3035 1396 3219 1450; x_wconf 82' lang='grc' dir='ltr'>δὲκαὶ</span> <span class='ocrx_word' id='word_1_598' title='bbox 3272 1396 3406 1466; x_wconf 80' lang='grc' dir='ltr'>τιμὴ</span> <span class='ocrx_word' id='word_1_599' title='bbox 3460 1398 3561 1450; x_wconf 75' lang='grc' dir='ltr'>καὶ</span> <span class='ocrx_word' id='word_1_600' title='bbox 3615 1397 3828 1464; x_wconf 71' lang='grc' dir='ltr'>εἰρήνη</span> 
     </span>
    </p>
   </div>
   <div class='ocr_carea' id='block_1_77' title="bbox 2151 1481 3828 1555">
    <p class='ocr_par' dir='ltr' id='par_1_77' title="bbox 2151 1481 3828 1555">
     <span class='ocr_line' id='line_1_77' title="bbox 2151 1481 3828 1555; baseline -0.001 -19"><span class='ocrx_word' id='word_1_601' title='bbox 2151 1487 2327 1538; x_wconf 77' lang='grc' dir='ltr'>παντί</span> <span class='ocrx_word' id='word_1_602' title='bbox 2358 1486 2436 1551; x_wconf 84' lang='grc' dir='ltr'>τῷ</span> <span class='ocrx_word' id='word_1_603' title='bbox 2453 1485 2813 1555; x_wconf 77' lang='grc' dir='ltr'>ἐργαζομένῳ</span> <span class='ocrx_word' id='word_1_604' title='bbox 2857 1485 2923 1538; x_wconf 87' lang='grc' dir='ltr'>τὸ</span> <span class='ocrx_word' id='word_1_605' title='bbox 2973 1484 3219 1554; x_wconf 68' lang='grc' dir='ltr'>ἀγαθὸν,</span> <span class='ocrx_word' id='word_1_606' title='bbox 3285 1484 3544 1547; x_wconf 79' lang='grc' dir='ltr'>Ἰουδαίῳ</span> <span class='ocrx_word' id='word_1_607' title='bbox 3570 1501 3636 1536; x_wconf 85' lang='grc' dir='ltr'>τε</span> <span class='ocrx_word' id='word_1_608' title='bbox 3665 1481 3828 1551; x_wconf 58' lang='lat'>.1155)-</span> 
     </span>
    </p>
   </div>
   <div class='ocr_carea' id='block_1_78' title="bbox 2151 1570 3827 1639">
    <p class='ocr_par' dir='ltr' id='par_1_78' title="bbox 2151 1570 3827 1639">
     <span class='ocr_line' id='line_1_78' title="bbox 2151 1570 3827 1639; baseline -0.001 -15"><span class='ocrx_word' id='word_1_609' title='bbox 2151 1590 2276 1635; x_wconf 82' lang='grc' dir='ltr'>τον,</span> <span class='ocrx_word' id='word_1_610' title='bbox 2305 1573 2402 1626; x_wconf 80' lang='grc' dir='ltr'>καὶ</span> <span class='ocrx_word' id='word_1_611' title='bbox 2430 1574 2705 1638; x_wconf 55' lang='grc' dir='ltr'>’Ἕλληνα</span> <span class='ocrx_word' id='word_1_612' title='bbox 2765 1575 2921 1626; x_wconf 86' lang='grc' dir='ltr'>Ποῖον</span> <span class='ocrx_word' id='word_1_613' title='bbox 2981 1572 3230 1625; x_wconf 86' lang='grc' dir='ltr'>Ἰουδαῖον</span> <span class='ocrx_word' id='word_1_614' title='bbox 3283 1572 3520 1625; x_wconf 81' lang='grc' dir='ltr'>ἐνταῦθά</span> <span class='ocrx_word' id='word_1_615' title='bbox 3560 1589 3751 1639; x_wconf 81' lang='grc' dir='ltr'>φησιν,</span> <span class='ocrx_word' id='word_1_616' title='bbox 3794 1570 3827 1639; x_wconf 78' lang='grc' dir='ltr'><strong>ἢ</strong></span> 
     </span>
    </p>
   </div>
   <div class='ocr_carea' id='block_1_79' title="bbox 2154 1658 3827 1731">
    <p class='ocr_par' dir='ltr' id='par_1_79' title="bbox 2154 1658 3827 1731">
     <span class='ocr_line' id='line_1_79' title="bbox 2154 1658 3827 1731; baseline -0.002 -17"><span class='ocrx_word' id='word_1_617' title='bbox 2154 1662 2280 1731; x_wconf 76' lang='grc' dir='ltr'>περὶ</span> <span class='ocrx_word' id='word_1_618' title='bbox 2339 1663 2511 1716; x_wconf 86' lang='grc' dir='ltr'>ποίων</span> <span class='ocrx_word' id='word_1_619' title='bbox 2562 1662 2827 1731; x_wconf 82' lang='grc' dir='ltr'>Ἑλλήνων</span> <span class='ocrx_word' id='word_1_620' title='bbox 2872 1661 3216 1730; x_wconf 86' lang='grc' dir='ltr'>διαλέγεται;</span> <span class='ocrx_word' id='word_1_621' title='bbox 3247 1661 3367 1712; x_wconf 88' lang='grc' dir='ltr'>Τῶν</span> <span class='ocrx_word' id='word_1_622' title='bbox 3421 1660 3532 1728; x_wconf 81' lang='grc' dir='ltr'>πρὸ</span> <span class='ocrx_word' id='word_1_623' title='bbox 3579 1663 3683 1729; x_wconf 80' lang='grc' dir='ltr'>τῆς</span> <span class='ocrx_word' id='word_1_624' title='bbox 3733 1658 3827 1711; x_wconf 73' lang='grc' dir='ltr'>τοῦ</span> 
     </span>
    </p>
   </div>
   <div class='ocr_carea' id='block_1_80' title="bbox 2151 1747 3827 1820">
    <p class='ocr_par' dir='ltr' id='par_1_80' title="bbox 2151 1747 3827 1820">
     <span class='ocr_line' id='line_1_80' title="bbox 2151 1747 3827 1820; baseline -0.001 -20"><span class='ocrx_word' id='word_1_625' title='bbox 2151 1749 2388 1820; x_wconf 76' lang='grc' dir='ltr'>Χριστοῦ</span> <span class='ocrx_word' id='word_1_626' title='bbox 2437 1750 2759 1820; x_wconf 87' lang='grc' dir='ltr'>παρουσίας.</span> <span class='ocrx_word' id='word_1_627' title='bbox 2819 1747 2984 1802; x_wconf 76' lang='grc' dir='ltr'>υὺπω</span> <span class='ocrx_word' id='word_1_628' title='bbox 3031 1750 3139 1820; x_wconf 83' lang='grc' dir='ltr'>γὰρ</span> <span class='ocrx_word' id='word_1_629' title='bbox 3183 1751 3262 1810; x_wconf 88' lang='grc' dir='ltr'>είς</span> <span class='ocrx_word' id='word_1_630' title='bbox 3303 1749 3429 1810; x_wconf 80' lang='grc' dir='ltr'>τοὺς</span> <span class='ocrx_word' id='word_1_631' title='bbox 3469 1748 3570 1817; x_wconf 80' lang='grc' dir='ltr'>τῆς</span> <span class='ocrx_word' id='word_1_632' title='bbox 3601 1747 3827 1816; x_wconf 79' lang='grc' dir='ltr'>χάριτος</span> 
     </span>
    </p>
   </div>
   <div class='ocr_carea' id='block_1_81' title="bbox 2149 1835 3830 1906">
    <p class='ocr_par' dir='ltr' id='par_1_81' title="bbox 2149 1835 3830 1906">
     <span class='ocr_line' id='line_1_81' title="bbox 2149 1835 3830 1906; baseline -0.001 -19"><span class='ocrx_word' id='word_1_633' title='bbox 2149 1837 2350 1905; x_wconf 75' lang='grc' dir='ltr'>ἔφθασε</span> <span class='ocrx_word' id='word_1_634' title='bbox 2379 1836 2602 1906; x_wconf 86' lang='grc' dir='ltr'>χρόνους</span> <span class='ocrx_word' id='word_1_635' title='bbox 2622 1839 2650 1890; x_wconf 87' lang='grc' dir='ltr'>ό</span> <span class='ocrx_word' id='word_1_636' title='bbox 2680 1836 2856 1905; x_wconf 87' lang='grc' dir='ltr'>λόγος,</span> <span class='ocrx_word' id='word_1_637' title='bbox 2888 1837 3012 1890; x_wconf 86' lang='grc' dir='ltr'>ἀλλ’</span> <span class='ocrx_word' id='word_1_638' title='bbox 3050 1836 3129 1888; x_wconf 73' lang='grc' dir='ltr'>ἔτι</span> <span class='ocrx_word' id='word_1_639' title='bbox 3183 1838 3292 1898; x_wconf 87' lang='grc' dir='ltr'>τοῖς</span> <span class='ocrx_word' id='word_1_640' title='bbox 3321 1835 3580 1902; x_wconf 82' lang='grc' dir='ltr'>ἀνωτέρω</span> <span class='ocrx_word' id='word_1_641' title='bbox 3610 1835 3830 1904; x_wconf 77' lang='grc' dir='ltr'>χρόνοις</span> 
     </span>
    </p>
   </div>
   <div class='ocr_carea' id='block_1_82' title="bbox 2150 1923 3832 1998">
    <p class='ocr_par' dir='ltr' id='par_1_82' title="bbox 2150 1923 3832 1998">
     <span class='ocr_line' id='line_1_82' title="bbox 2150 1923 3832 1998; baseline -0.001 -20"><span class='ocrx_word' id='word_1_642' title='bbox 2150 1927 2492 1996; x_wconf 75' lang='grc' dir='ltr'>ἐνδιατρίϐει,</span> <span class='ocrx_word' id='word_1_643' title='bbox 2538 1927 2926 1998; x_wconf 81' lang='grc' dir='ltr'>προκαθαιρῶν</span> <span class='ocrx_word' id='word_1_644' title='bbox 2980 1926 3294 1998; x_wconf 76' lang='grc' dir='ltr'>πόρρωθεν,</span> <span class='ocrx_word' id='word_1_645' title='bbox 3355 1926 3449 1978; x_wconf 71' lang='grc' dir='ltr'>καὶ</span> <span class='ocrx_word' id='word_1_646' title='bbox 3487 1925 3734 1995; x_wconf 82' lang='grc' dir='ltr'>ἀναιρῶν</span> <span class='ocrx_word' id='word_1_647' title='bbox 3769 1923 3832 1977; x_wconf 81' lang='grc' dir='ltr'>τδ</span> 
     </span>
    </p>
   </div>
   <div class='ocr_carea' id='block_1_83' title="bbox 2154 2013 3827 2085">
    <p class='ocr_par' dir='ltr' id='par_1_83' title="bbox 2154 2013 3827 2085">
     <span class='ocr_line' id='line_1_83' title="bbox 2154 2013 3827 2085; baseline -0.001 -19"><span class='ocrx_word' id='word_1_648' title='bbox 2154 2015 2318 2085; x_wconf 84' lang='grc' dir='ltr'>μέσον</span> <span class='ocrx_word' id='word_1_649' title='bbox 2366 2013 2462 2068; x_wconf 82' lang='grc' dir='ltr'>τοῦ</span> <span class='ocrx_word' id='word_1_650' title='bbox 2495 2013 2757 2083; x_wconf 86' lang='grc' dir='ltr'>Ἕλληνος</span> <span class='ocrx_word' id='word_1_651' title='bbox 2803 2015 2898 2068; x_wconf 73' lang='grc' dir='ltr'>καὶ</span> <span class='ocrx_word' id='word_1_652' title='bbox 2930 2013 3023 2067; x_wconf 81' lang='grc' dir='ltr'>τοῦ</span> <span class='ocrx_word' id='word_1_653' title='bbox 3063 2013 3344 2078; x_wconf 87' lang='grc' dir='ltr'>Ἰουδαίου,</span> <span class='ocrx_word' id='word_1_654' title='bbox 3379 2013 3469 2076; x_wconf 84' lang='grc' dir='ltr'>ἵν’,</span> <span class='ocrx_word' id='word_1_655' title='bbox 3505 2014 3638 2065; x_wconf 86' lang='grc' dir='ltr'>ὅταν</span> <span class='ocrx_word' id='word_1_656' title='bbox 3669 2015 3727 2065; x_wconf 80' lang='grc' dir='ltr'>ὲν</span> <span class='ocrx_word' id='word_1_657' title='bbox 3758 2015 3827 2082; x_wconf 78' lang='grc' dir='ltr'>τῇ</span> 
     </span>
    </p>
   </div>
   <div class='ocr_carea' id='block_1_84' title="bbox 2149 2100 3830 2173">
    <p class='ocr_par' dir='ltr' id='par_1_84' title="bbox 2149 2100 3830 2173">
     <span class='ocr_line' id='line_1_84' title="bbox 2149 2100 3830 2173; baseline -0.001 -18"><span class='ocrx_word' id='word_1_658' title='bbox 2149 2105 2329 2173; x_wconf 79' lang='grc' dir='ltr'>χάριτι</span> <span class='ocrx_word' id='word_1_659' title='bbox 2357 2102 2511 2155; x_wconf 81' lang='grc' dir='ltr'>τοῦτο</span> <span class='ocrx_word' id='word_1_660' title='bbox 2535 2104 2684 2172; x_wconf 84' lang='grc' dir='ltr'>ποιῇ,</span> <span class='ocrx_word' id='word_1_661' title='bbox 2721 2102 2917 2171; x_wconf 82' lang='grc' dir='ltr'>μηκέτι</span> <span class='ocrx_word' id='word_1_662' title='bbox 2950 2101 3076 2171; x_wconf 78' lang='grc' dir='ltr'>δόξῃ</span> <span class='ocrx_word' id='word_1_663' title='bbox 3108 2100 3294 2154; x_wconf 86' lang='grc' dir='ltr'>καινόν</span> <span class='ocrx_word' id='word_1_664' title='bbox 3342 2118 3394 2152; x_wconf 89' lang='grc' dir='ltr'>τι</span> <span class='ocrx_word' id='word_1_665' title='bbox 3433 2100 3532 2153; x_wconf 68' lang='grc' dir='ltr'>καὶ</span> <span class='ocrx_word' id='word_1_666' title='bbox 3561 2102 3830 2170; x_wconf 65' lang='grc' dir='ltr'>φορτικὸν</span> 
     </span>
    </p>
   </div>
   <div class='ocr_carea' id='block_1_85' title="bbox 2150 2188 3828 2259">
    <p class='ocr_par' dir='ltr' id='par_1_85' title="bbox 2150 2188 3828 2259">
     <span class='ocr_line' id='line_1_85' title="bbox 2150 2188 3828 2259; baseline -0.001 -17"><span class='ocrx_word' id='word_1_667' title='bbox 2150 2191 2404 2242; x_wconf 79' lang='grc' dir='ltr'>ἐπινοεῖν.</span> <span class='ocrx_word' id='word_1_668' title='bbox 2442 2188 2503 2241; x_wconf 83' lang='grc' dir='ltr'>Εί</span> <span class='ocrx_word' id='word_1_669' title='bbox 2549 2189 2655 2258; x_wconf 88' lang='grc' dir='ltr'>γὰρ</span> <span class='ocrx_word' id='word_1_670' title='bbox 2704 2190 2760 2240; x_wconf 83' lang='grc' dir='ltr'>ὲν</span> <span class='ocrx_word' id='word_1_671' title='bbox 2814 2191 2927 2252; x_wconf 86' lang='grc' dir='ltr'>τοῖς</span> <span class='ocrx_word' id='word_1_672' title='bbox 2977 2189 3234 2259; x_wconf 82' lang='grc' dir='ltr'>ἀνωτέρω</span> <span class='ocrx_word' id='word_1_673' title='bbox 3290 2188 3524 2258; x_wconf 85' lang='grc' dir='ltr'>χρόνοις,</span> <span class='ocrx_word' id='word_1_674' title='bbox 3548 2189 3638 2241; x_wconf 79' lang='grc' dir='ltr'>ὅτε</span> <span class='ocrx_word' id='word_1_675' title='bbox 3672 2188 3828 2241; x_wconf 70' lang='grc' dir='ltr'>οὑπω</span> 
     </span>
    </p>
   </div>
   <div class='ocr_carea' id='block_1_86' title="bbox 2150 2272 3828 2348">
    <p class='ocr_par' dir='ltr' id='par_1_86' title="bbox 2150 2272 3828 2348">
     <span class='ocr_line' id='line_1_86' title="bbox 2150 2272 3828 2348; baseline -0.001 -19"><span class='ocrx_word' id='word_1_676' title='bbox 2150 2281 2182 2348; x_wconf 78' lang='grc' dir='ltr'><strong>ἡ</strong></span> <span class='ocrx_word' id='word_1_677' title='bbox 2209 2278 2368 2346; x_wconf 74' lang='grc' dir='ltr'>χάρις</span> <span class='ocrx_word' id='word_1_678' title='bbox 2395 2272 2462 2345; x_wconf 82' lang='grc' dir='ltr'>ἦν</span> <span class='ocrx_word' id='word_1_679' title='bbox 2485 2275 2810 2344; x_wconf 76' lang='grc' dir='ltr'>ἐκλάμψασα</span> <span class='ocrx_word' id='word_1_680' title='bbox 2835 2276 2866 2346; x_wconf 85' lang='grc' dir='ltr'>ή</span> <span class='ocrx_word' id='word_1_681' title='bbox 2901 2275 3158 2345; x_wconf 83' lang='grc' dir='ltr'>τοσαύτη.</span> <span class='ocrx_word' id='word_1_682' title='bbox 3183 2277 3270 2329; x_wconf 77' lang='grc' dir='ltr'>ὅτε</span> <span class='ocrx_word' id='word_1_683' title='bbox 3292 2277 3360 2329; x_wconf 73' lang='grc' dir='ltr'>τὰ</span> <span class='ocrx_word' id='word_1_684' title='bbox 3394 2275 3503 2328; x_wconf 87' lang='grc' dir='ltr'>τῶν</span> <span class='ocrx_word' id='word_1_685' title='bbox 3549 2275 3828 2329; x_wconf 78' lang='grc' dir='ltr'>Ἰουδαίων</span> 
     </span>
    </p>
   </div>
   <div class='ocr_carea' id='block_1_87' title="bbox 2151 2357 3827 2433">
    <p class='ocr_par' dir='ltr' id='par_1_87' title="bbox 2151 2357 3827 2433">
     <span class='ocr_line' id='line_1_87' title="bbox 2151 2357 3827 2433; baseline -0.002 -18"><span class='ocrx_word' id='word_1_686' title='bbox 2151 2365 2324 2432; x_wconf 84' lang='grc' dir='ltr'>σεμνά</span> <span class='ocrx_word' id='word_1_687' title='bbox 2347 2366 2440 2414; x_wconf 69' lang='grc' dir='ltr'>καὶ</span> <span class='ocrx_word' id='word_1_688' title='bbox 2476 2362 2774 2432; x_wconf 81' lang='grc' dir='ltr'>περιϐόητα</span> <span class='ocrx_word' id='word_1_689' title='bbox 2809 2362 2902 2414; x_wconf 74' lang='grc' dir='ltr'>καὶ</span> <span class='ocrx_word' id='word_1_690' title='bbox 2918 2361 3146 2431; x_wconf 86' lang='grc' dir='ltr'>λαμπρά</span> <span class='ocrx_word' id='word_1_691' title='bbox 3174 2361 3326 2433; x_wconf 86' lang='grc' dir='ltr'>παρά</span> <span class='ocrx_word' id='word_1_692' title='bbox 3359 2365 3525 2415; x_wconf 75' lang='grc' dir='ltr'>πᾶσιν</span> <span class='ocrx_word' id='word_1_693' title='bbox 3549 2357 3640 2432; x_wconf 77' lang='grc' dir='ltr'>ἦν,</span> <span class='ocrx_word' id='word_1_694' title='bbox 3670 2362 3827 2414; x_wconf 73' lang='grc' dir='ltr'>οὐδὲν</span> 
     </span>
    </p>
   </div>
   <div class='ocr_carea' id='block_1_88' title="bbox 2145 2447 3827 2522">
    <p class='ocr_par' dir='ltr' id='par_1_88' title="bbox 2145 2447 3827 2522">
     <span class='ocr_line' id='line_1_88' title="bbox 2145 2447 3827 2522; baseline 0 -20"><span class='ocrx_word' id='word_1_695' title='bbox 2145 2447 2211 2522; x_wconf 75' lang='grc' dir='ltr'>ἦν</span> <span class='ocrx_word' id='word_1_696' title='bbox 2243 2451 2303 2503; x_wconf 85' lang='grc' dir='ltr'>τὸ</span> <span class='ocrx_word' id='word_1_697' title='bbox 2325 2451 2510 2519; x_wconf 87' lang='grc' dir='ltr'>μέσον,</span> <span class='ocrx_word' id='word_1_698' title='bbox 2535 2449 2657 2501; x_wconf 90' lang='grc' dir='ltr'>τίνα</span> <span class='ocrx_word' id='word_1_699' title='bbox 2682 2448 2746 2500; x_wconf 83' lang='grc' dir='ltr'>ἂν</span> <span class='ocrx_word' id='word_1_700' title='bbox 2782 2447 2958 2516; x_wconf 77' lang='grc' dir='ltr'>ἔχοιεν</span> <span class='ocrx_word' id='word_1_701' title='bbox 3004 2448 3190 2501; x_wconf 74' lang='grc' dir='ltr'>λοιπὸν</span> <span class='ocrx_word' id='word_1_702' title='bbox 3239 2451 3410 2502; x_wconf 83' lang='grc' dir='ltr'>εἰπεῖν</span> <span class='ocrx_word' id='word_1_703' title='bbox 3463 2448 3616 2521; x_wconf 71' lang='grc'>[465]</span> <span class='ocrx_word' id='word_1_704' title='bbox 3666 2450 3827 2516; x_wconf 85' lang='grc' dir='ltr'>λόγον</span> 
     </span>
    </p>
   </div>
   <div class='ocr_carea' id='block_1_89' title="bbox 2148 2534 3824 2609">
    <p class='ocr_par' dir='ltr' id='par_1_89' title="bbox 2148 2534 3824 2609">
     <span class='ocr_line' id='line_1_89' title="bbox 2148 2534 3824 2609; baseline 0.001 -20"><span class='ocrx_word' id='word_1_705' title='bbox 2148 2539 2288 2609; x_wconf 85' lang='grc' dir='ltr'>μετὰ</span> <span class='ocrx_word' id='word_1_706' title='bbox 2336 2537 2435 2608; x_wconf 84' lang='grc' dir='ltr'>τὴν</span> <span class='ocrx_word' id='word_1_707' title='bbox 2483 2534 2751 2603; x_wconf 83' lang='grc' dir='ltr'>τοσαύτην</span> <span class='ocrx_word' id='word_1_708' title='bbox 2810 2534 2911 2604; x_wconf 83' lang='grc' dir='ltr'>τῆς</span> <span class='ocrx_word' id='word_1_709' title='bbox 2968 2535 3190 2606; x_wconf 83' lang='grc' dir='ltr'>χάριτος</span> <span class='ocrx_word' id='word_1_710' title='bbox 3261 2537 3560 2602; x_wconf 76' lang='grc' dir='ltr'>ὲπίδειξιν;</span> <span class='ocrx_word' id='word_1_711' title='bbox 3601 2537 3705 2591; x_wconf 83' lang='grc' dir='ltr'>Διά</span> <span class='ocrx_word' id='word_1_712' title='bbox 3739 2555 3824 2591; x_wconf 88' lang='grc' dir='ltr'>τοι</span> 
     </span>
    </p>
   </div>
   <div class='ocr_carea' id='block_1_90' title="bbox 2145 2623 3821 2695">
    <p class='ocr_par' dir='ltr' id='par_1_90' title="bbox 2145 2623 3821 2695">
     <span class='ocr_line' id='line_1_90' title="bbox 2145 2623 3821 2695; baseline 0.001 -18"><span class='ocrx_word' id='word_1_713' title='bbox 2145 2626 2305 2678; x_wconf 76' lang='grc' dir='ltr'>τοῦτο</span> <span class='ocrx_word' id='word_1_714' title='bbox 2334 2626 2425 2678; x_wconf 75' lang='grc' dir='ltr'>καὶ</span> <span class='ocrx_word' id='word_1_715' title='bbox 2454 2624 2593 2694; x_wconf 81' lang='grc' dir='ltr'>μετὰ</span> <span class='ocrx_word' id='word_1_716' title='bbox 2622 2623 2822 2694; x_wconf 82' lang='grc' dir='ltr'>πολλῆς</span> <span class='ocrx_word' id='word_1_717' title='bbox 2845 2623 2978 2676; x_wconf 72' lang='grc' dir='ltr'>αὑτὸ</span> <span class='ocrx_word' id='word_1_718' title='bbox 3009 2623 3412 2687; x_wconf 76' lang='grc' dir='ltr'>κατασκευάζει</span> <span class='ocrx_word' id='word_1_719' title='bbox 3439 2625 3537 2694; x_wconf 82' lang='grc' dir='ltr'>τῆς</span> <span class='ocrx_word' id='word_1_720' title='bbox 3560 2626 3821 2695; x_wconf 76' lang='grc' dir='ltr'>σπουδῆς.</span> 
     </span>
    </p>
   </div>
   <div class='ocr_carea' id='block_1_91' title="bbox 2146 2708 3818 2783">
    <p class='ocr_par' dir='ltr' id='par_1_91' title="bbox 2146 2708 3818 2783">
     <span class='ocr_line' id='line_1_91' title="bbox 2146 2708 3818 2783; baseline -0.001 -18"><span class='ocrx_word' id='word_1_721' title='bbox 2146 2713 2255 2765; x_wconf 72' lang='grc' dir='ltr'>Καὶ</span> <span class='ocrx_word' id='word_1_722' title='bbox 2288 2712 2396 2782; x_wconf 75' lang='grc' dir='ltr'>γὰρ</span> <span class='ocrx_word' id='word_1_723' title='bbox 2424 2714 2452 2764; x_wconf 86' lang='grc' dir='ltr'>ὁ</span> <span class='ocrx_word' id='word_1_724' title='bbox 2473 2711 2750 2779; x_wconf 81' lang='grc' dir='ltr'>ἀκροατὴς</span> <span class='ocrx_word' id='word_1_725' title='bbox 2776 2708 2935 2764; x_wconf 75' lang='grc' dir='ltr'>τοῦτο</span> <span class='ocrx_word' id='word_1_726' title='bbox 2972 2709 3158 2780; x_wconf 83' lang='grc' dir='ltr'>μαθὼν</span> <span class='ocrx_word' id='word_1_727' title='bbox 3186 2712 3243 2762; x_wconf 82' lang='grc' dir='ltr'>ὲν</span> <span class='ocrx_word' id='word_1_728' title='bbox 3271 2714 3383 2774; x_wconf 81' lang='grc' dir='ltr'>τοῖς</span> <span class='ocrx_word' id='word_1_729' title='bbox 3408 2711 3672 2780; x_wconf 74' lang='grc' dir='ltr'>ἀνωτέρω</span> <span class='ocrx_word' id='word_1_730' title='bbox 3695 2714 3818 2783; x_wconf 84' lang='grc' dir='ltr'>χρό-</span> 
     </span>
    </p>
   </div>
   <div class='ocr_carea' id='block_1_92' title="bbox 2145 2797 3821 2870">
    <p class='ocr_par' dir='ltr' id='par_1_92' title="bbox 2145 2797 3821 2870">
     <span class='ocr_line' id='line_1_92' title="bbox 2145 2797 3821 2870; baseline 0 -15"><span class='ocrx_word' id='word_1_731' title='bbox 2145 2817 2254 2863; x_wconf 85' lang='grc' dir='ltr'>νοις</span> <span class='ocrx_word' id='word_1_732' title='bbox 2286 2799 2545 2870; x_wconf 76' lang='grc' dir='ltr'>κρατοῦν,</span> <span class='ocrx_word' id='word_1_733' title='bbox 2583 2797 2763 2867; x_wconf 83' lang='grc' dir='ltr'>πολλῷ</span> <span class='ocrx_word' id='word_1_734' title='bbox 2799 2798 2998 2868; x_wconf 83' lang='grc' dir='ltr'>μᾶλλον</span> <span class='ocrx_word' id='word_1_735' title='bbox 3037 2799 3174 2868; x_wconf 86' lang='grc' dir='ltr'>μετά</span> <span class='ocrx_word' id='word_1_736' title='bbox 3203 2800 3302 2870; x_wconf 82' lang='grc' dir='ltr'>τὴν</span> <span class='ocrx_word' id='word_1_737' title='bbox 3332 2801 3514 2854; x_wconf 89' lang='grc' dir='ltr'>πίστιν</span> <span class='ocrx_word' id='word_1_738' title='bbox 3547 2802 3683 2855; x_wconf 83' lang='grc' dir='ltr'>αὑτὸ</span> <span class='ocrx_word' id='word_1_739' title='bbox 3715 2820 3821 2855; x_wconf 76' lang='grc' dir='ltr'>πα-</span> 
     </span>
    </p>
   </div>
   <div class='ocr_carea' id='block_1_93' title="bbox 2144 2886 3820 2960">
    <p class='ocr_par' dir='ltr' id='par_1_93' title="bbox 2144 2886 3820 2960">
     <span class='ocr_line' id='line_1_93' title="bbox 2144 2886 3820 2960; baseline 0.001 -17"><span class='ocrx_word' id='word_1_740' title='bbox 2144 2890 2423 2960; x_wconf 78' lang='grc' dir='ltr'>ραδέξεται</span> <span class='ocrx_word' id='word_1_741' title='bbox 2456 2901 2501 2941; x_wconf 77' lang='grc' dir='ltr'>ο.</span> <span class='ocrx_word' id='word_1_742' title='bbox 2540 2888 2806 2958; x_wconf 84' lang='grc' dir='ltr'>’Έλληνας</span> <span class='ocrx_word' id='word_1_743' title='bbox 2830 2888 2884 2940; x_wconf 83' lang='grc' dir='ltr'>δὲ</span> <span class='ocrx_word' id='word_1_744' title='bbox 2914 2886 3361 2959; x_wconf 73' lang='grc' dir='ltr'>ἐνταῦθάφησιν,</span> <span class='ocrx_word' id='word_1_745' title='bbox 3409 2891 3470 2942; x_wconf 83' lang='grc' dir='ltr'>οὑ</span> <span class='ocrx_word' id='word_1_746' title='bbox 3513 2892 3643 2954; x_wconf 75' lang='grc' dir='ltr'>τοὺς</span> <span class='ocrx_word' id='word_1_747' title='bbox 3672 2891 3820 2944; x_wconf 85' lang='grc' dir='ltr'>εἰδω-</span> 
     </span>
    </p>
   </div>
   <div class='ocr_carea' id='block_1_94' title="bbox 2142 2978 3818 3052">
    <p class='ocr_par' dir='ltr' id='par_1_94' title="bbox 2142 2978 3818 3052">
     <span class='ocr_line' id='line_1_94' title="bbox 2142 2978 3818 3052; baseline -0.001 -18"><span class='ocrx_word' id='word_1_748' title='bbox 2142 2980 2558 3051; x_wconf 85' lang='grc' dir='ltr'>λολατροῦντας,</span> <span class='ocrx_word' id='word_1_749' title='bbox 2587 2978 2732 3032; x_wconf 82' lang='grc' dir='ltr'>ἀλλὰ</span> <span class='ocrx_word' id='word_1_750' title='bbox 2763 2979 2883 3038; x_wconf 73' lang='grc' dir='ltr'>τοὺς</span> <span class='ocrx_word' id='word_1_751' title='bbox 2912 2978 3321 3042; x_wconf 82' lang='grc' dir='ltr'>θεοσεϐοὖντας,</span> <span class='ocrx_word' id='word_1_752' title='bbox 3350 2981 3476 3043; x_wconf 74' lang='grc' dir='ltr'>τοὺς</span> <span class='ocrx_word' id='word_1_753' title='bbox 3500 2981 3577 3051; x_wconf 84' lang='grc' dir='ltr'>τῷ</span> <span class='ocrx_word' id='word_1_754' title='bbox 3602 2982 3818 3052; x_wconf 79' lang='grc' dir='ltr'>φυσικῷ</span> 
     </span>
    </p>
   </div>
   <div class='ocr_carea' id='block_1_95' title="bbox 2142 3065 3818 3140">
    <p class='ocr_par' dir='ltr' id='par_1_95' title="bbox 2142 3065 3818 3140">
     <span class='ocr_line' id='line_1_95' title="bbox 2142 3065 3818 3140; baseline -0.002 -18"><span class='ocrx_word' id='word_1_755' title='bbox 2142 3068 2496 3140; x_wconf 86' lang='grc' dir='ltr'>πειθομένους</span> <span class='ocrx_word' id='word_1_756' title='bbox 2518 3069 2690 3138; x_wconf 84' lang='grc' dir='ltr'>νόμῳ,</span> <span class='ocrx_word' id='word_1_757' title='bbox 2714 3069 2840 3132; x_wconf 75' lang='grc' dir='ltr'>τοὺς</span> <span class='ocrx_word' id='word_1_758' title='bbox 2869 3066 3008 3137; x_wconf 82' lang='grc' dir='ltr'>πλὴν</span> <span class='ocrx_word' id='word_1_759' title='bbox 3034 3067 3141 3118; x_wconf 88' lang='grc' dir='ltr'>τῶν</span> <span class='ocrx_word' id='word_1_760' title='bbox 3161 3065 3470 3120; x_wconf 85' lang='grc' dir='ltr'>Ἰουδαῖκῶν</span> <span class='ocrx_word' id='word_1_761' title='bbox 3492 3072 3818 3139; x_wconf 76' lang='grc' dir='ltr'>παρατηρήο</span> 
     </span>
    </p>
   </div>
   <div class='ocr_carea' id='block_1_96' title="bbox 2145 3154 3818 3228">
    <p class='ocr_par' dir='ltr' id='par_1_96' title="bbox 2145 3154 3818 3228">
     <span class='ocr_line' id='line_1_96' title="bbox 2145 3154 3818 3228; baseline 0 -20"><span class='ocrx_word' id='word_1_762' title='bbox 2145 3175 2282 3210; x_wconf 89' lang='grc' dir='ltr'>σεων</span> <span class='ocrx_word' id='word_1_763' title='bbox 2311 3156 2486 3208; x_wconf 83' lang='grc' dir='ltr'>πάντα</span> <span class='ocrx_word' id='word_1_764' title='bbox 2510 3156 2580 3207; x_wconf 79' lang='grc' dir='ltr'>τὰ</span> <span class='ocrx_word' id='word_1_765' title='bbox 2612 3156 2746 3225; x_wconf 67' lang='grc' dir='ltr'>πρὸς</span> <span class='ocrx_word' id='word_1_766' title='bbox 2787 3154 3066 3207; x_wconf 82' lang='grc' dir='ltr'>εὐσέϐειαν</span> <span class='ocrx_word' id='word_1_767' title='bbox 3099 3154 3457 3207; x_wconf 79' lang='grc' dir='ltr'>συντελοῦντα</span> <span class='ocrx_word' id='word_1_768' title='bbox 3497 3155 3818 3228; x_wconf 66' lang='grc' dir='ltr'>διατηροῦνς</span> 
     </span>
    </p>
   </div>
   <div class='ocr_carea' id='block_1_97' title="bbox 2142 3234 3813 3310">
    <p class='ocr_par' dir='ltr' id='par_1_97' title="bbox 2142 3234 3813 3310">
     <span class='ocr_line' id='line_1_97' title="bbox 2142 3234 3813 3310; baseline 0 -16"><span class='ocrx_word' id='word_1_769' title='bbox 2142 3259 2236 3304; x_wconf 85' lang='grc' dir='ltr'>τας</span> <span class='ocrx_word' id='word_1_770' title='bbox 2275 3257 2288 3270; x_wconf 91' lang='grc'><strong>·</strong></span> <span class='ocrx_word' id='word_1_771' title='bbox 2322 3237 2423 3293; x_wconf 79' lang='grc' dir='ltr'>οἷοι</span> <span class='ocrx_word' id='word_1_772' title='bbox 2450 3236 2587 3309; x_wconf 78' lang='grc' dir='ltr'>ἦσαν</span> <span class='ocrx_word' id='word_1_773' title='bbox 2621 3239 2668 3291; x_wconf 88' lang='grc' dir='ltr'>οί</span> <span class='ocrx_word' id='word_1_774' title='bbox 2699 3238 2824 3308; x_wconf 79' lang='grc' dir='ltr'>περὶ</span> <span class='ocrx_word' id='word_1_775' title='bbox 2851 3238 2940 3289; x_wconf 76' lang='grc' dir='ltr'>τὸν</span> <span class='ocrx_word' id='word_1_776' title='bbox 2976 3239 3330 3308; x_wconf 71' lang='grc' dir='ltr'>Μελχισεδὲκ,</span> <span class='ocrx_word' id='word_1_777' title='bbox 3365 3234 3474 3301; x_wconf 73' lang='grc' dir='ltr'>οἷος</span> <span class='ocrx_word' id='word_1_778' title='bbox 3510 3236 3578 3310; x_wconf 80' lang='grc' dir='ltr'>ἦν</span> <span class='ocrx_word' id='word_1_779' title='bbox 3605 3242 3634 3293; x_wconf 84' lang='grc' dir='ltr'><strong>ὁ</strong></span> <span class='ocrx_word' id='word_1_780' title='bbox 3671 3241 3813 3304; x_wconf 84' lang='grc' dir='ltr'>Ἰὼϐ,</span> 
     </span>
    </p>
   </div>
   <div class='ocr_carea' id='block_1_98' title="bbox 2139 3319 3816 3400">
    <p class='ocr_par' dir='ltr' id='par_1_98' title="bbox 2139 3319 3816 3400">
     <span class='ocr_line' id='line_1_98' title="bbox 2139 3319 3816 3400; baseline -0.001 -18"><span class='ocrx_word' id='word_1_781' title='bbox 2139 3326 2241 3382; x_wconf 73' lang='grc' dir='ltr'>οἷοι</span> <span class='ocrx_word' id='word_1_782' title='bbox 2280 3325 2419 3400; x_wconf 86' lang='grc' dir='ltr'>ἦσαν</span> <span class='ocrx_word' id='word_1_783' title='bbox 2439 3329 2486 3379; x_wconf 84' lang='grc' dir='ltr'>οἱ</span> <span class='ocrx_word' id='word_1_784' title='bbox 2513 3323 2813 3386; x_wconf 79' lang='grc' dir='ltr'>Νινευῖται,</span> <span class='ocrx_word' id='word_1_785' title='bbox 2839 3319 2947 3387; x_wconf 76' lang='grc' dir='ltr'>οἷος</span> <span class='ocrx_word' id='word_1_786' title='bbox 2974 3321 3041 3396; x_wconf 78' lang='grc' dir='ltr'>ἢν</span> <span class='ocrx_word' id='word_1_787' title='bbox 3071 3327 3099 3377; x_wconf 82' lang='grc' dir='ltr'>ὁ</span> <span class='ocrx_word' id='word_1_788' title='bbox 3128 3327 3444 3396; x_wconf 80' lang='grc' dir='ltr'>Κορνήλιος.</span> <span class='ocrx_word' id='word_1_789' title='bbox 3475 3328 3617 3395; x_wconf 86' lang='grc' dir='ltr'>Ἤδη</span> <span class='ocrx_word' id='word_1_790' title='bbox 3636 3328 3816 3380; x_wconf 79' lang='grc' dir='ltr'>τοίνυν</span> 
     </span>
    </p>
   </div>
   <div class='ocr_carea' id='block_1_99' title="bbox 2144 3412 3814 3487">
    <p class='ocr_par' dir='ltr' id='par_1_99' title="bbox 2144 3412 3814 3487">
     <span class='ocr_line' id='line_1_99' title="bbox 2144 3412 3814 3487; baseline -0.004 -16"><span class='ocrx_word' id='word_1_791' title='bbox 2144 3414 2518 3487; x_wconf 65' lang='grc' dir='ltr'>πρώιορὺττει</span> <span class='ocrx_word' id='word_1_792' title='bbox 2566 3413 2665 3483; x_wconf 82' lang='grc' dir='ltr'>τῆς</span> <span class='ocrx_word' id='word_1_793' title='bbox 2711 3413 3010 3482; x_wconf 81' lang='grc' dir='ltr'>περιτομῆς</span> <span class='ocrx_word' id='word_1_794' title='bbox 3059 3412 3290 3482; x_wconf 77' lang='grc' dir='ltr'>καὶτῆς</span> <span class='ocrx_word' id='word_1_795' title='bbox 3347 3413 3715 3484; x_wconf 82' lang='grc' dir='ltr'>ἀκροϐυστίας</span> <span class='ocrx_word' id='word_1_796' title='bbox 3755 3415 3814 3468; x_wconf 74' lang='grc' dir='ltr'>τὸ</span> 
     </span>
    </p>
   </div>
   <div class='ocr_carea' id='block_1_100' title="bbox 2145 3500 3812 3577">
    <p class='ocr_par' dir='ltr' id='par_1_100' title="bbox 2145 3500 3812 3577">
     <span class='ocr_line' id='line_1_100' title="bbox 2145 3500 3812 3577; baseline -0.002 -18"><span class='ocrx_word' id='word_1_797' title='bbox 2145 3508 2325 3577; x_wconf 83' lang='grc' dir='ltr'>μέσον,</span> <span class='ocrx_word' id='word_1_798' title='bbox 2347 3505 2439 3557; x_wconf 74' lang='grc' dir='ltr'>καὶ</span> <span class='ocrx_word' id='word_1_799' title='bbox 2458 3501 2735 3572; x_wconf 77' lang='grc' dir='ltr'>πόρρωθεν</span> <span class='ocrx_word' id='word_1_800' title='bbox 2759 3503 2963 3568; x_wconf 87' lang='grc' dir='ltr'>ταύτην</span> <span class='ocrx_word' id='word_1_801' title='bbox 3024 3500 3388 3570; x_wconf 59' lang='grc' dir='ltr'>προηταλὺει</span> <span class='ocrx_word' id='word_1_802' title='bbox 3411 3503 3510 3566; x_wconf 83' lang='grc' dir='ltr'>τὴν</span> <span class='ocrx_word' id='word_1_803' title='bbox 3527 3501 3812 3574; x_wconf 72' lang='grc' dir='ltr'>διαφορὶν,</span> 
     </span>
    </p>
   </div>
   <div class='ocr_carea' id='block_1_101' title="bbox 2138 3586 3814 3658">
    <p class='ocr_par' dir='ltr' id='par_1_101' title="bbox 2138 3586 3814 3658">
     <span class='ocr_line' id='line_1_101' title="bbox 2138 3586 3814 3658; baseline -0.002 -13"><span class='ocrx_word' id='word_1_804' title='bbox 2138 3593 2276 3645; x_wconf 81' lang='grc' dir='ltr'>ὥστε</span> <span class='ocrx_word' id='word_1_805' title='bbox 2303 3592 2396 3643; x_wconf 77' lang='grc' dir='ltr'>καὶ</span> <span class='ocrx_word' id='word_1_806' title='bbox 2423 3589 2747 3650; x_wconf 85' lang='grc' dir='ltr'>ἀνυπόπτως</span> <span class='ocrx_word' id='word_1_807' title='bbox 2781 3586 2909 3641; x_wconf 84' lang='grc' dir='ltr'>αὑτὸ</span> <span class='ocrx_word' id='word_1_808' title='bbox 2939 3587 3183 3657; x_wconf 83' lang='grc' dir='ltr'>ποιῆσαι,</span> <span class='ocrx_word' id='word_1_809' title='bbox 3215 3587 3308 3639; x_wconf 73' lang='grc' dir='ltr'>καὶ</span> <span class='ocrx_word' id='word_1_810' title='bbox 3337 3586 3397 3652; x_wconf 77' lang='grc' dir='ltr'>ἐξ</span> <span class='ocrx_word' id='word_1_811' title='bbox 3429 3587 3622 3658; x_wconf 83' lang='grc' dir='ltr'>ἑτέρας</span> <span class='ocrx_word' id='word_1_812' title='bbox 3643 3590 3814 3658; x_wconf 84' lang='grc' dir='ltr'>ἀνάγ-</span> 
     </span>
    </p>
   </div>
   <div class='ocr_carea' id='block_1_102' title="bbox 2137 3675 3813 3749">
    <p class='ocr_par' dir='ltr' id='par_1_102' title="bbox 2137 3675 3813 3749">
     <span class='ocr_line' id='line_1_102' title="bbox 2137 3675 3813 3749; baseline -0.001 -17"><span class='ocrx_word' id='word_1_813' title='bbox 2137 3697 2240 3749; x_wconf 88' lang='grc' dir='ltr'>κης</span> <span class='ocrx_word' id='word_1_814' title='bbox 2267 3681 2344 3740; x_wconf 81' lang='grc' dir='ltr'>εἰς</span> <span class='ocrx_word' id='word_1_815' title='bbox 2374 3677 2531 3731; x_wconf 82' lang='grc' dir='ltr'>τοῦτο</span> <span class='ocrx_word' id='word_1_816' title='bbox 2570 3675 2825 3746; x_wconf 78' lang='grc' dir='ltr'>ἐμϐαλεῖν</span> <span class='ocrx_word' id='word_1_817' title='bbox 2860 3691 2874 3705; x_wconf 82' lang='lat'><strong><em>°</em></strong></span> <span class='ocrx_word' id='word_1_818' title='bbox 2917 3676 3053 3747; x_wconf 82' lang='grc' dir='ltr'>ὅπερ</span> <span class='ocrx_word' id='word_1_819' title='bbox 3099 3676 3184 3728; x_wconf 64' lang='grc' dir='ltr'>ἀελ⁵</span> <span class='ocrx_word' id='word_1_820' title='bbox 3219 3675 3318 3741; x_wconf 83' lang='grc' dir='ltr'>τῆς</span> <span class='ocrx_word' id='word_1_821' title='bbox 3365 3675 3635 3738; x_wconf 80' lang='grc' dir='ltr'>συνέσεώς</span> <span class='ocrx_word' id='word_1_822' title='bbox 3664 3679 3813 3731; x_wconf 76' lang='grc' dir='ltr'>ἐστιν</span> 
     </span>
    </p>
   </div>
   <div class='ocr_carea' id='block_1_103' title="bbox 2139 3761 3813 3834">
    <p class='ocr_par' dir='ltr' id='par_1_103' title="bbox 2139 3761 3813 3834">
     <span class='ocr_line' id='line_1_103' title="bbox 2139 3761 3813 3834; baseline 0 -16"><span class='ocrx_word' id='word_1_823' title='bbox 2139 3765 2266 3818; x_wconf 74' lang='grc' dir='ltr'>ἴδιον</span> <span class='ocrx_word' id='word_1_824' title='bbox 2295 3765 2392 3834; x_wconf 83' lang='grc' dir='ltr'>τῆς</span> <span class='ocrx_word' id='word_1_825' title='bbox 2420 3763 2802 3832; x_wconf 81' lang='grc' dir='ltr'>ἀποστολικῆς.</span> <span class='ocrx_word' id='word_1_826' title='bbox 2839 3761 2903 3815; x_wconf 76' lang='lat' dir='ltr'>E&#39;.</span> <span class='ocrx_word' id='word_1_827' title='bbox 2935 3762 3032 3830; x_wconf 80' lang='grc' dir='ltr'>μὲν</span> <span class='ocrx_word' id='word_1_828' title='bbox 3061 3761 3168 3832; x_wconf 75' lang='grc' dir='ltr'>γὰρ</span> <span class='ocrx_word' id='word_1_829' title='bbox 3193 3762 3288 3814; x_wconf 74' lang='grc' dir='ltr'>ἐπὶ</span> <span class='ocrx_word' id='word_1_830' title='bbox 3306 3762 3414 3814; x_wconf 90' lang='grc' dir='ltr'>τῶν</span> <span class='ocrx_word' id='word_1_831' title='bbox 3445 3763 3655 3831; x_wconf 85' lang='grc' dir='ltr'>καιρῶν</span> <span class='ocrx_word' id='word_1_832' title='bbox 3681 3764 3813 3818; x_wconf 76' lang='grc' dir='ltr'>αὑτὸ</span> 
     </span>
    </p>
   </div>
   <div class='ocr_carea' id='block_1_104' title="bbox 2137 3847 3812 3923">
    <p class='ocr_par' dir='ltr' id='par_1_104' title="bbox 2137 3847 3812 3923">
     <span class='ocr_line' id='line_1_104' title="bbox 2137 3847 3812 3923; baseline -0.002 -17"><span class='ocrx_word' id='word_1_833' title='bbox 2137 3856 2236 3923; x_wconf 79' lang='grc' dir='ltr'>τῆς</span> <span class='ocrx_word' id='word_1_834' title='bbox 2261 3852 2482 3922; x_wconf 83' lang='grc' dir='ltr'>χάριτος</span> <span class='ocrx_word' id='word_1_835' title='bbox 2529 3851 2748 3914; x_wconf 71' lang='grc' dir='ltr'>ἔδειξεν,</span> <span class='ocrx_word' id='word_1_836' title='bbox 2799 3847 2975 3912; x_wconf 72' lang='grc' dir='ltr'>ἔδοξεν</span> <span class='ocrx_word' id='word_1_837' title='bbox 3012 3848 3076 3902; x_wconf 81' lang='grc' dir='ltr'>ἂν</span> <span class='ocrx_word' id='word_1_838' title='bbox 3117 3849 3319 3918; x_wconf 83' lang='grc' dir='ltr'>πολλὴν</span> <span class='ocrx_word' id='word_1_839' title='bbox 3340 3849 3575 3918; x_wconf 73' lang='grc' dir='ltr'>ὑποψίαν</span> <span class='ocrx_word' id='word_1_840' title='bbox 3611 3851 3754 3922; x_wconf 76' lang='grc' dir='ltr'>ἔχειν</span> <span class='ocrx_word' id='word_1_841' title='bbox 3784 3855 3812 3907; x_wconf 86' lang='grc' dir='ltr'>ό</span> 
     </span>
    </p>
   </div>
   <div class='ocr_carea' id='block_1_105' title="bbox 2137 3936 3809 4011">
    <p class='ocr_par' dir='ltr' id='par_1_105' title="bbox 2137 3936 3809 4011">
     <span class='ocr_line' id='line_1_105' title="bbox 2137 3936 3809 4011; baseline 0 -19"><span class='ocrx_word' id='word_1_842' title='bbox 2137 3940 2292 4007; x_wconf 88' lang='grc' dir='ltr'>λόγος</span> <span class='ocrx_word' id='word_1_843' title='bbox 2328 3952 2341 3967; x_wconf 87' lang='grc'>·</span> <span class='ocrx_word' id='word_1_844' title='bbox 2382 3939 2442 3992; x_wconf 80' lang='grc' dir='ltr'>τὸ</span> <span class='ocrx_word' id='word_1_845' title='bbox 2477 3939 2534 3992; x_wconf 74' lang='grc' dir='ltr'>δὲ</span> <span class='ocrx_word' id='word_1_846' title='bbox 2576 3938 2927 4008; x_wconf 89' lang='grc' dir='ltr'>διηγούμενον</span> <span class='ocrx_word' id='word_1_847' title='bbox 2960 3936 3057 4007; x_wconf 81' lang='grc' dir='ltr'>τὴν</span> <span class='ocrx_word' id='word_1_848' title='bbox 3094 3937 3429 4007; x_wconf 85' lang='grc' dir='ltr'>κατέχουσαν</span> <span class='ocrx_word' id='word_1_849' title='bbox 3470 3938 3564 3991; x_wconf 84' lang='grc' dir='ltr'>τὸν</span> <span class='ocrx_word' id='word_1_850' title='bbox 3606 3941 3809 4011; x_wconf 84' lang='grc' dir='ltr'>κόσμον</span> 
     </span>
    </p>
   </div>
   <div class='ocr_carea' id='block_1_106' title="bbox 2136 4025 3809 4096">
    <p class='ocr_par' dir='ltr' id='par_1_106' title="bbox 2136 4025 3809 4096">
     <span class='ocr_line' id='line_1_106' title="bbox 2136 4025 3809 4096; baseline -0.004 -15"><span class='ocrx_word' id='word_1_851' title='bbox 2136 4027 2334 4081; x_wconf 90' lang='grc' dir='ltr'>κακίαν</span> <span class='ocrx_word' id='word_1_852' title='bbox 2367 4028 2462 4081; x_wconf 69' lang='grc' dir='ltr'>κα)⁸</span> <span class='ocrx_word' id='word_1_853' title='bbox 2486 4027 2772 4096; x_wconf 88' lang='grc' dir='ltr'>πονηρίαν,</span> <span class='ocrx_word' id='word_1_854' title='bbox 2817 4027 2881 4078; x_wconf 84' lang='grc' dir='ltr'>ὲκ</span> <span class='ocrx_word' id='word_1_855' title='bbox 2909 4025 3008 4095; x_wconf 81' lang='grc' dir='ltr'>τῆς</span> <span class='ocrx_word' id='word_1_856' title='bbox 3029 4025 3352 4087; x_wconf 85' lang='grc' dir='ltr'>ἀκολουθίας</span> <span class='ocrx_word' id='word_1_857' title='bbox 3373 4026 3588 4096; x_wconf 74' lang='grc' dir='ltr'>ἐκείνης</span> <span class='ocrx_word' id='word_1_858' title='bbox 3611 4029 3693 4091; x_wconf 83' lang='grc' dir='ltr'>είς</span> <span class='ocrx_word' id='word_1_859' title='bbox 3721 4028 3809 4082; x_wconf 75' lang='grc' dir='ltr'>τὸν</span> 
     </span>
    </p>
   </div>
   <div class='ocr_carea' id='block_1_107' title="bbox 2135 4112 3805 4188">
    <p class='ocr_par' dir='ltr' id='par_1_107' title="bbox 2135 4112 3805 4188">
     <span class='ocr_line' id='line_1_107' title="bbox 2135 4112 3805 4188; baseline 0 -19"><span class='ocrx_word' id='word_1_860' title='bbox 2135 4117 2264 4188; x_wconf 73' lang='grc' dir='ltr'>περὶ</span> <span class='ocrx_word' id='word_1_861' title='bbox 2299 4116 2505 4170; x_wconf 88' lang='grc' dir='ltr'>τούτων</span> <span class='ocrx_word' id='word_1_862' title='bbox 2553 4113 2786 4186; x_wconf 74' lang='grc' dir='ltr'>ἐμϐῆναι</span> <span class='ocrx_word' id='word_1_863' title='bbox 2815 4112 2995 4181; x_wconf 86' lang='grc' dir='ltr'>λόγον,</span> <span class='ocrx_word' id='word_1_864' title='bbox 3029 4113 3342 4168; x_wconf 83' lang='grc' dir='ltr'>ἀνύποπτον</span> <span class='ocrx_word' id='word_1_865' title='bbox 3371 4114 3546 4168; x_wconf 68' lang='grc' dir='ltr'>ἐποίει</span> <span class='ocrx_word' id='word_1_866' title='bbox 3586 4115 3687 4186; x_wconf 77' lang='grc' dir='ltr'>τὴν</span> <span class='ocrx_word' id='word_1_867' title='bbox 3726 4117 3805 4170; x_wconf 86' lang='grc' dir='ltr'>δι-</span> 
     </span>
    </p>
   </div>
   <div class='ocr_carea' id='block_1_108' title="bbox 2131 4203 2450 4258">
    <p class='ocr_par' dir='ltr' id='par_1_108' title="bbox 2131 4203 2450 4258">
     <span class='ocr_line' id='line_1_108' title="bbox 2131 4203 2450 4258; baseline -0.003 0"><span class='ocrx_word' id='word_1_868' title='bbox 2131 4203 2450 4258; x_wconf 83' lang='grc' dir='ltr'>δασκαλίαν.</span> 
     </span>
    </p>
   </div>
   <div class='ocr_carea' id='block_1_109' title="bbox 2190 4287 3800 4361">
    <p class='ocr_par' dir='ltr' id='par_1_109' title="bbox 2190 4287 3800 4361">
     <span class='ocr_line' id='line_1_109' title="bbox 2190 4287 3800 4361; baseline 0.001 -17"><span class='ocrx_word' id='word_1_869' title='bbox 2190 4293 2253 4344; x_wconf 89' lang='grc' dir='ltr'>δ’.</span> <span class='ocrx_word' id='word_1_870' title='bbox 2270 4293 2378 4344; x_wconf 76' lang='grc' dir='ltr'>Καὶ</span> <span class='ocrx_word' id='word_1_871' title='bbox 2395 4293 2476 4344; x_wconf 85' lang='grc' dir='ltr'>ὅτι</span> <span class='ocrx_word' id='word_1_872' title='bbox 2494 4289 2651 4343; x_wconf 83' lang='grc' dir='ltr'>τοῦτο</span> <span class='ocrx_word' id='word_1_873' title='bbox 2676 4288 2944 4359; x_wconf 83' lang='grc' dir='ltr'>βούλεται,</span> <span class='ocrx_word' id='word_1_874' title='bbox 2960 4291 3052 4342; x_wconf 72' lang='grc' dir='ltr'>καὶ</span> <span class='ocrx_word' id='word_1_875' title='bbox 3070 4289 3157 4342; x_wconf 73' lang='grc' dir='ltr'>διὰ</span> <span class='ocrx_word' id='word_1_876' title='bbox 3175 4287 3334 4342; x_wconf 78' lang='grc' dir='ltr'>τοῦτο</span> <span class='ocrx_word' id='word_1_877' title='bbox 3351 4289 3492 4343; x_wconf 73' lang='grc' dir='ltr'>οὕτω</span> <span class='ocrx_word' id='word_1_878' title='bbox 3515 4291 3800 4361; x_wconf 81' lang='grc' dir='ltr'>συνέθηκε,</span> 
     </span>
    </p>
   </div>
   <div class='ocr_carea' id='block_1_110' title="bbox 2132 4375 3799 4447">
    <p class='ocr_par' dir='ltr' id='par_1_110' title="bbox 2132 4375 3799 4447">
     <span class='ocr_line' id='line_1_110' title="bbox 2132 4375 3799 4447; baseline 0.002 -17"><span class='ocrx_word' id='word_1_879' title='bbox 2132 4378 2289 4447; x_wconf 77' lang='grc' dir='ltr'>δῆλον</span> <span class='ocrx_word' id='word_1_880' title='bbox 2323 4379 2549 4431; x_wconf 73' lang='grc' dir='ltr'>ἐκεῖθεν.</span> <span class='ocrx_word' id='word_1_881' title='bbox 2583 4377 2644 4430; x_wconf 68' lang='lat' dir='ltr'>Et</span> <span class='ocrx_word' id='word_1_882' title='bbox 2691 4376 2764 4446; x_wconf 78' lang='grc' dir='ltr'>μὴ</span> <span class='ocrx_word' id='word_1_883' title='bbox 2797 4375 2904 4447; x_wconf 74' lang='grc' dir='ltr'>γὰρ</span> <span class='ocrx_word' id='word_1_884' title='bbox 2937 4375 3095 4429; x_wconf 80' lang='grc' dir='ltr'>τοῦτο</span> <span class='ocrx_word' id='word_1_885' title='bbox 3119 4377 3419 4440; x_wconf 70' lang='grc' dir='ltr'>ἐσπούδαζε</span> <span class='ocrx_word' id='word_1_886' title='bbox 3461 4382 3799 4434; x_wconf 83' lang='grc' dir='ltr'>κατασκευά·</span> 
     </span>
    </p>
   </div>
   <div class='ocr_carea' id='block_1_111' title="bbox 2135 4463 3796 4536">
    <p class='ocr_par' dir='ltr' id='par_1_111' title="bbox 2135 4463 3796 4536">
     <span class='ocr_line' id='line_1_111' title="bbox 2135 4463 3796 4536; baseline 0.002 -18"><span class='ocrx_word' id='word_1_887' title='bbox 2135 4483 2255 4530; x_wconf 90' lang='grc' dir='ltr'>σαι,</span> <span class='ocrx_word' id='word_1_888' title='bbox 2289 4468 2445 4536; x_wconf 67' lang='grc' dir='ltr'>ἤρκει</span> <span class='ocrx_word' id='word_1_889' title='bbox 2511 4465 2760 4529; x_wconf 90' lang='grc' dir='ltr'>είπόντα,</span> <span class='ocrx_word' id='word_1_890' title='bbox 2800 4465 2880 4518; x_wconf 83' lang='grc' dir='ltr'>ὅτι</span> <span class='ocrx_word' id='word_1_891' title='bbox 2921 4464 3083 4517; x_wconf 85' lang='grc' dir='ltr'>Κατὰ</span> <span class='ocrx_word' id='word_1_892' title='bbox 3121 4463 3237 4531; x_wconf 77' lang='grc' dir='ltr'>τὴν</span> <span class='ocrx_word' id='word_1_893' title='bbox 3259 4466 3646 4532; x_wconf 75' lang='grc' dir='ltr'>σκληρότητά</span> <span class='ocrx_word' id='word_1_894' title='bbox 3684 4485 3796 4522; x_wconf 86' lang='grc' dir='ltr'>σου</span> 
     </span>
    </p>
   </div>
   <div class='ocr_carea' id='block_1_112' title="bbox 2132 4550 3799 4626">
    <p class='ocr_par' dir='ltr' id='par_1_112' title="bbox 2132 4550 3799 4626">
     <span class='ocr_line' id='line_1_112' title="bbox 2132 4550 3799 4626; baseline -0.001 -18"><span class='ocrx_word' id='word_1_895' title='bbox 2132 4555 2226 4608; x_wconf 81' lang='grc' dir='ltr'>καί</span> <span class='ocrx_word' id='word_1_896' title='bbox 2254 4554 2659 4623; x_wconf 81' lang='grc' dir='ltr'>ἀμετανόητον</span> <span class='ocrx_word' id='word_1_897' title='bbox 2683 4552 2934 4620; x_wconf 80' lang='grc' dir='ltr'>καρδίαν</span> <span class='ocrx_word' id='word_1_898' title='bbox 2957 4550 3332 4620; x_wconf 79' lang='grc' dir='ltr'>θησαυρίζεις</span> <span class='ocrx_word' id='word_1_899' title='bbox 3354 4555 3592 4619; x_wconf 69' lang='grc' dir='ltr'>σεαυτῷ</span> <span class='ocrx_word' id='word_1_900' title='bbox 3614 4556 3799 4626; x_wconf 71' lang='grc' dir='ltr'>ὀργὴν</span> 
     </span>
    </p>
   </div>
   <div class='ocr_carea' id='block_1_113' title="bbox 2130 4639 3797 4713">
    <p class='ocr_par' dir='ltr' id='par_1_113' title="bbox 2130 4639 3797 4713">
     <span class='ocr_line' id='line_1_113' title="bbox 2130 4639 3797 4713; baseline -0.001 -18"><span class='ocrx_word' id='word_1_901' title='bbox 2130 4643 2199 4696; x_wconf 86' lang='grc' dir='ltr'>ἐν</span> <span class='ocrx_word' id='word_1_902' title='bbox 2230 4641 2418 4710; x_wconf 80' lang='grc' dir='ltr'>ἡμέρᾳ</span> <span class='ocrx_word' id='word_1_903' title='bbox 2462 4639 2664 4710; x_wconf 77' lang='grc' dir='ltr'>ὀργῆς,</span> <span class='ocrx_word' id='word_1_904' title='bbox 2715 4639 3025 4693; x_wconf 82' lang='grc' dir='ltr'>παύσασθαι</span> <span class='ocrx_word' id='word_1_905' title='bbox 3074 4640 3171 4710; x_wconf 77' lang='grc' dir='ltr'>τῆς</span> <span class='ocrx_word' id='word_1_906' title='bbox 3205 4639 3520 4702; x_wconf 78' lang='grc' dir='ltr'>ὑποθέσεως</span> <span class='ocrx_word' id='word_1_907' title='bbox 3561 4643 3797 4713; x_wconf 76' lang='grc' dir='ltr'>ταύτηςο</span> 
     </span>
    </p>
   </div>
   <div class='ocr_carea' id='block_1_114' title="bbox 2128 4723 3798 4802">
    <p class='ocr_par' dir='ltr' id='par_1_114' title="bbox 2128 4723 3798 4802">
     <span class='ocr_line' id='line_1_114' title="bbox 2128 4723 3798 4802; baseline 0.001 -19"><span class='ocrx_word' id='word_1_908' title='bbox 2128 4731 2223 4784; x_wconf 69' lang='grc' dir='ltr'>καὶ</span> <span class='ocrx_word' id='word_1_909' title='bbox 2259 4730 2366 4799; x_wconf 74' lang='grc' dir='ltr'>γὰρ</span> <span class='ocrx_word' id='word_1_910' title='bbox 2412 4729 2794 4798; x_wconf 86' lang='grc' dir='ltr'>ἀπηρτισμένη</span> <span class='ocrx_word' id='word_1_911' title='bbox 2841 4723 2927 4797; x_wconf 78' lang='grc' dir='ltr'>ἦν.</span> <span class='ocrx_word' id='word_1_912' title='bbox 2994 4726 3134 4779; x_wconf 82' lang='grc' dir='ltr'>Ἀλλ’</span> <span class='ocrx_word' id='word_1_913' title='bbox 3187 4727 3375 4797; x_wconf 74' lang='grc' dir='ltr'>ἐπειδὴ</span> <span class='ocrx_word' id='word_1_914' title='bbox 3427 4728 3490 4779; x_wconf 89' lang='grc' dir='ltr'>οὑ</span> <span class='ocrx_word' id='word_1_915' title='bbox 3522 4729 3682 4782; x_wconf 77' lang='grc' dir='ltr'>τοῦτο</span> <span class='ocrx_word' id='word_1_916' title='bbox 3732 4729 3798 4802; x_wconf 79' lang='grc' dir='ltr'>ἦν</span> 
     </span>
    </p>
   </div>
   <div class='ocr_carea' id='block_1_115' title="bbox 2127 4813 3798 4888">
    <p class='ocr_par' dir='ltr' id='par_1_115' title="bbox 2127 4813 3798 4888">
     <span class='ocr_line' id='line_1_115' title="bbox 2127 4813 3798 4888; baseline -0.001 -19"><span class='ocrx_word' id='word_1_917' title='bbox 2127 4816 2274 4886; x_wconf 86' lang='grc' dir='ltr'>αὑτῷ</span> <span class='ocrx_word' id='word_1_918' title='bbox 2320 4816 2381 4868; x_wconf 83' lang='grc' dir='ltr'>τὸ</span> <span class='ocrx_word' id='word_1_919' title='bbox 2425 4813 2776 4884; x_wconf 75' lang='grc' dir='ltr'>ζητούμενον,</span> <span class='ocrx_word' id='word_1_920' title='bbox 2833 4813 2962 4884; x_wconf 76' lang='grc' dir='ltr'>περὶ</span> <span class='ocrx_word' id='word_1_921' title='bbox 3011 4814 3247 4884; x_wconf 83' lang='grc' dir='ltr'>κρίσεως</span> <span class='ocrx_word' id='word_1_922' title='bbox 3290 4815 3451 4884; x_wconf 85' lang='grc' dir='ltr'>μόνον</span> <span class='ocrx_word' id='word_1_923' title='bbox 3485 4818 3661 4870; x_wconf 74' lang='grc' dir='ltr'>εἰπεῖν</span> <span class='ocrx_word' id='word_1_924' title='bbox 3702 4820 3798 4888; x_wconf 78' lang='grc' dir='ltr'>τῆς</span> 
     </span>
    </p>
   </div>
   <div class='ocr_carea' id='block_1_116' title="bbox 2134 4900 3798 4975">
    <p class='ocr_par' dir='ltr' id='par_1_116' title="bbox 2134 4900 3798 4975">
     <span class='ocr_line' id='line_1_116' title="bbox 2134 4900 3798 4975; baseline 0.001 -19"><span class='ocrx_word' id='word_1_925' title='bbox 2134 4904 2460 4975; x_wconf 85' lang='grc' dir='ltr'>μελλούσης,</span> <span class='ocrx_word' id='word_1_926' title='bbox 2497 4901 2635 4955; x_wconf 84' lang='grc' dir='ltr'>ἀλλὰ</span> <span class='ocrx_word' id='word_1_927' title='bbox 2678 4903 2772 4954; x_wconf 76' lang='grc' dir='ltr'>καὶ</span> <span class='ocrx_word' id='word_1_928' title='bbox 2821 4900 2991 4967; x_wconf 79' lang='grc' dir='ltr'>δεῖξαι</span> <span class='ocrx_word' id='word_1_929' title='bbox 3039 4901 3189 4954; x_wconf 84' lang='grc' dir='ltr'>οὐδὲν</span> <span class='ocrx_word' id='word_1_930' title='bbox 3245 4902 3406 4955; x_wconf 87' lang='grc' dir='ltr'>πλέον</span> <span class='ocrx_word' id='word_1_931' title='bbox 3461 4903 3657 4975; x_wconf 81' lang='grc' dir='ltr'>ἔχοντα</span> <span class='ocrx_word' id='word_1_932' title='bbox 3710 4908 3798 4960; x_wconf 63' lang='grc' dir='ltr'>τὸν</span> 
     </span>
    </p>
   </div>
   <div class='ocr_carea' id='block_1_117' title="bbox 2139 4987 3793 5065">
    <p class='ocr_par' dir='ltr' id='par_1_117' title="bbox 2139 4987 3793 5065">
     <span class='ocr_line' id='line_1_117' title="bbox 2139 4987 3793 5065; baseline 0.001 -21"><span class='ocrx_word' id='word_1_933' title='bbox 2139 4993 2388 5046; x_wconf 87' lang='grc' dir='ltr'>Ἰουδαῖον</span> <span class='ocrx_word' id='word_1_934' title='bbox 2430 4989 2522 5044; x_wconf 79' lang='grc' dir='ltr'>τοῦ</span> <span class='ocrx_word' id='word_1_935' title='bbox 2567 4988 2807 5042; x_wconf 85' lang='grc' dir='ltr'>τοιούτου</span> <span class='ocrx_word' id='word_1_936' title='bbox 2841 4987 3132 5058; x_wconf 85' lang='grc' dir='ltr'>Ἕλληνος,</span> <span class='ocrx_word' id='word_1_937' title='bbox 3168 4989 3256 5042; x_wconf 85' lang='grc' dir='ltr'>ίνα</span> <span class='ocrx_word' id='word_1_938' title='bbox 3294 4988 3369 5060; x_wconf 78' lang='grc' dir='ltr'>μὴ</span> <span class='ocrx_word' id='word_1_939' title='bbox 3408 4991 3552 5060; x_wconf 84' lang='grc' dir='ltr'>μέγα</span> <span class='ocrx_word' id='word_1_940' title='bbox 3599 4998 3793 5065; x_wconf 75' lang='grc' dir='ltr'>φρονῇ,</span> 
     </span>
    </p>
   </div>
   <div class='ocr_carea' id='block_1_118' title="bbox 2125 5076 3790 5151">
    <p class='ocr_par' dir='ltr' id='par_1_118' title="bbox 2125 5076 3790 5151">
     <span class='ocr_line' id='line_1_118' title="bbox 2125 5076 3790 5151; baseline 0.001 -19"><span class='ocrx_word' id='word_1_941' title='bbox 2125 5080 2334 5151; x_wconf 89' lang='grc' dir='ltr'>πρόεισι</span> <span class='ocrx_word' id='word_1_942' title='bbox 2377 5077 2718 5148; x_wconf 75' lang='grc' dir='ltr'>περαιτέρω,</span> <span class='ocrx_word' id='word_1_943' title='bbox 2774 5076 2871 5130; x_wconf 72' lang='grc' dir='ltr'>καὶ</span> <span class='ocrx_word' id='word_1_944' title='bbox 2912 5076 3061 5140; x_wconf 79' lang='grc' dir='ltr'>τάξει</span> <span class='ocrx_word' id='word_1_945' title='bbox 3109 5076 3396 5148; x_wconf 88' lang='grc' dir='ltr'>κέχρηται.</span> <span class='ocrx_word' id='word_1_946' title='bbox 3455 5077 3659 5133; x_wconf 87' lang='grc' dir='ltr'>Σκόπει</span> <span class='ocrx_word' id='word_1_947' title='bbox 3709 5080 3790 5134; x_wconf 83' lang='grc' dir='ltr'>δέ·</span> 
     </span>
    </p>
   </div>
   <div class='ocr_carea' id='block_1_119' title="bbox 2137 5163 3793 5237">
    <p class='ocr_par' dir='ltr' id='par_1_119' title="bbox 2137 5163 3793 5237">
     <span class='ocr_line' id='line_1_119' title="bbox 2137 5163 3793 5237; baseline 0.002 -20"><span class='ocrx_word' id='word_1_948' title='bbox 2137 5165 2399 5235; x_wconf 80' lang='grc' dir='ltr'>Ἐφόϐησε</span> <span class='ocrx_word' id='word_1_949' title='bbox 2433 5166 2525 5217; x_wconf 87' lang='grc' dir='ltr'>τὸν</span> <span class='ocrx_word' id='word_1_950' title='bbox 2556 5163 2851 5234; x_wconf 83' lang='grc' dir='ltr'>ἀκροατὴν,</span> <span class='ocrx_word' id='word_1_951' title='bbox 2899 5164 3174 5234; x_wconf 81' lang='grc' dir='ltr'>ὲπήχησεν</span> <span class='ocrx_word' id='word_1_952' title='bbox 3202 5174 3224 5202; x_wconf 77' lang='grc' dir='ltr'><strong>ο</strong></span> <span class='ocrx_word' id='word_1_953' title='bbox 3252 5163 3404 5233; x_wconf 84' lang='grc' dir='ltr'>αὑτῷ</span> <span class='ocrx_word' id='word_1_954' title='bbox 3433 5168 3532 5233; x_wconf 76' lang='grc' dir='ltr'>τὴν</span> <span class='ocrx_word' id='word_1_955' title='bbox 3579 5167 3793 5237; x_wconf 77' lang='grc' dir='ltr'>ἡμέραν</span> 
     </span>
    </p>
   </div>
   <div class='ocr_carea' id='block_1_120' title="bbox 2123 5246 3792 5324">
    <p class='ocr_par' dir='ltr' id='par_1_120' title="bbox 2123 5246 3792 5324">
     <span class='ocr_line' id='line_1_120' title="bbox 2123 5246 3792 5324; baseline 0.001 -19"><span class='ocrx_word' id='word_1_956' title='bbox 2123 5253 2218 5324; x_wconf 77' lang='grc' dir='ltr'>τὴν</span> <span class='ocrx_word' id='word_1_957' title='bbox 2242 5253 2500 5321; x_wconf 78' lang='grc' dir='ltr'>φοϐερὰν,</span> <span class='ocrx_word' id='word_1_958' title='bbox 2529 5246 2681 5304; x_wconf 70' lang='grc' dir='ltr'>εἶπεν</span> <span class='ocrx_word' id='word_1_959' title='bbox 2700 5252 2819 5303; x_wconf 83' lang='grc' dir='ltr'>ὅσον</span> <span class='ocrx_word' id='word_1_960' title='bbox 2841 5250 3008 5304; x_wconf 75' lang='grc' dir='ltr'>κακὸν</span> <span class='ocrx_word' id='word_1_961' title='bbox 3030 5253 3095 5321; x_wconf 80' lang='grc' dir='ltr'>τῇ</span> <span class='ocrx_word' id='word_1_962' title='bbox 3124 5250 3360 5322; x_wconf 74' lang='grc' dir='ltr'>πονηρίᾳ</span> <span class='ocrx_word' id='word_1_963' title='bbox 3382 5252 3573 5322; x_wconf 72' lang='grc' dir='ltr'>συςῇν,</span> <span class='ocrx_word' id='word_1_964' title='bbox 3593 5253 3792 5321; x_wconf 79' lang='grc' dir='ltr'>ἔδειξεν</span> 
     </span>
    </p>
   </div>
   <div class='ocr_carea' id='block_1_121' title="bbox 2123 5337 3786 5411">
    <p class='ocr_par' dir='ltr' id='par_1_121' title="bbox 2123 5337 3786 5411">
     <span class='ocr_line' id='line_1_121' title="bbox 2123 5337 3786 5411; baseline 0.002 -19"><span class='ocrx_word' id='word_1_965' title='bbox 2123 5340 2310 5392; x_wconf 87' lang='grc' dir='ltr'>οὑδένα</span> <span class='ocrx_word' id='word_1_966' title='bbox 2345 5340 2403 5402; x_wconf 81' lang='grc' dir='ltr'>ἐξ</span> <span class='ocrx_word' id='word_1_967' title='bbox 2449 5339 2670 5406; x_wconf 87' lang='grc' dir='ltr'>ἀγνοίας</span> <span class='ocrx_word' id='word_1_968' title='bbox 2702 5338 3082 5408; x_wconf 83' lang='grc' dir='ltr'>ἁμαρτάνοντα</span> <span class='ocrx_word' id='word_1_969' title='bbox 3109 5337 3230 5391; x_wconf 77' lang='grc' dir='ltr'>οὑδὲ</span> <span class='ocrx_word' id='word_1_970' title='bbox 3264 5338 3597 5411; x_wconf 52' lang='grc' dir='ltr'>ἀτιμωρητλ,</span> <span class='ocrx_word' id='word_1_971' title='bbox 3631 5341 3786 5403; x_wconf 80' lang='grc' dir='ltr'>ἀλλά,</span> 
     </span>
    </p>
   </div>
   <div class='ocr_carea' id='block_1_122' title="bbox 2123 5425 3787 5497">
    <p class='ocr_par' dir='ltr' id='par_1_122' title="bbox 2123 5425 3787 5497">
     <span class='ocr_line' id='line_1_122' title="bbox 2123 5425 3787 5497; baseline 0.001 -17"><span class='ocrx_word' id='word_1_972' title='bbox 2123 5427 2224 5480; x_wconf 72' lang='grc' dir='ltr'>κᾶν</span> <span class='ocrx_word' id='word_1_973' title='bbox 2257 5427 2330 5497; x_wconf 84' lang='grc' dir='ltr'>μὴ</span> <span class='ocrx_word' id='word_1_974' title='bbox 2353 5425 2448 5478; x_wconf 76' lang='grc' dir='ltr'>νῦν</span> <span class='ocrx_word' id='word_1_975' title='bbox 2475 5425 2548 5495; x_wconf 82' lang='grc' dir='ltr'>δῷ</span> <span class='ocrx_word' id='word_1_976' title='bbox 2569 5425 2744 5496; x_wconf 80' lang='grc' dir='ltr'>δίκην,</span> <span class='ocrx_word' id='word_1_977' title='bbox 2772 5426 3011 5478; x_wconf 82' lang='grc' dir='ltr'>δώσοντα</span> <span class='ocrx_word' id='word_1_978' title='bbox 3041 5425 3286 5490; x_wconf 78' lang='grc' dir='ltr'>πάντως·</span> <span class='ocrx_word' id='word_1_979' title='bbox 3320 5426 3573 5481; x_wconf 78' lang='grc' dir='ltr'>ἐντεῦθεν</span> <span class='ocrx_word' id='word_1_980' title='bbox 3603 5428 3787 5483; x_wconf 75' lang='grc' dir='ltr'>λοιπὸν</span> 
     </span>
    </p>
   </div>
   <div class='ocr_carea' id='block_1_123' title="bbox 2122 5513 3786 5585">
    <p class='ocr_par' dir='ltr' id='par_1_123' title="bbox 2122 5513 3786 5585">
     <span class='ocr_line' id='line_1_123' title="bbox 2122 5513 3786 5585; baseline 0.002 -18"><span class='ocrx_word' id='word_1_981' title='bbox 2122 5514 2368 5585; x_wconf 83' lang='grc' dir='ltr'>βούλεται</span> <span class='ocrx_word' id='word_1_982' title='bbox 2414 5516 2843 5579; x_wconf 81' lang='grc' dir='ltr'>κατασκευάσαι,</span> <span class='ocrx_word' id='word_1_983' title='bbox 2877 5516 2959 5566; x_wconf 84' lang='grc' dir='ltr'>ὃτι</span> <span class='ocrx_word' id='word_1_984' title='bbox 2989 5515 3020 5583; x_wconf 86' lang='grc' dir='ltr'>ἡ</span> <span class='ocrx_word' id='word_1_985' title='bbox 3052 5513 3146 5566; x_wconf 83' lang='grc' dir='ltr'>τοὺ</span> <span class='ocrx_word' id='word_1_986' title='bbox 3180 5515 3344 5585; x_wconf 88' lang='grc' dir='ltr'>νόμου</span> <span class='ocrx_word' id='word_1_987' title='bbox 3376 5515 3697 5570; x_wconf 87' lang='grc' dir='ltr'>διδασκαλία</span> <span class='ocrx_word' id='word_1_988' title='bbox 3726 5517 3786 5571; x_wconf 83' lang='grc' dir='ltr'>οὐ</span> 
     </span>
    </p>
   </div>
   <div class='ocr_carea' id='block_1_124' title="bbox 2121 5597 3782 5674">
    <p class='ocr_par' dir='ltr' id='par_1_124' title="bbox 2121 5597 3782 5674">
     <span class='ocr_line' id='line_1_124' title="bbox 2121 5597 3782 5674; baseline 0.001 -18"><span class='ocrx_word' id='word_1_989' title='bbox 2121 5602 2325 5672; x_wconf 75' lang='grc' dir='ltr'>σφόδρα</span> <span class='ocrx_word' id='word_1_990' title='bbox 2367 5600 2475 5653; x_wconf 87' lang='grc' dir='ltr'>τῶν</span> <span class='ocrx_word' id='word_1_991' title='bbox 2526 5601 2960 5669; x_wconf 84' lang='grc' dir='ltr'>κατεπειγόντων</span> <span class='ocrx_word' id='word_1_992' title='bbox 2999 5597 3098 5673; x_wconf 75' lang='grc' dir='ltr'>ἦν’</span> <span class='ocrx_word' id='word_1_993' title='bbox 3139 5604 3196 5655; x_wconf 83' lang='grc' dir='ltr'>ὲν</span> <span class='ocrx_word' id='word_1_994' title='bbox 3229 5603 3338 5674; x_wconf 78' lang='grc' dir='ltr'>γὰρ</span> <span class='ocrx_word' id='word_1_995' title='bbox 3385 5606 3500 5667; x_wconf 88' lang='grc' dir='ltr'>τοῖς</span> <span class='ocrx_word' id='word_1_996' title='bbox 3543 5603 3782 5674; x_wconf 75' lang='grc' dir='ltr'>ἔργοιςή</span> 
     </span>
    </p>
   </div>
   <div class='ocr_carea' id='block_1_125' title="bbox 2119 5688 3780 5764">
    <p class='ocr_par' dir='ltr' id='par_1_125' title="bbox 2119 5688 3780 5764">
     <span class='ocr_line' id='line_1_125' title="bbox 2119 5688 3780 5764; baseline 0.001 -20"><span class='ocrx_word' id='word_1_997' title='bbox 2119 5690 2338 5751; x_wconf 84' lang='grc' dir='ltr'>κόλασις</span> <span class='ocrx_word' id='word_1_998' title='bbox 2368 5688 2460 5740; x_wconf 73' lang='grc' dir='ltr'>καὶ</span> <span class='ocrx_word' id='word_1_999' title='bbox 2505 5689 2538 5758; x_wconf 76' lang='grc' dir='ltr'><strong>ἡ</strong></span> <span class='ocrx_word' id='word_1_1000' title='bbox 2568 5688 2725 5760; x_wconf 82' lang='grc' dir='ltr'>τιμὴ.</span> <span class='ocrx_word' id='word_1_1001' title='bbox 2758 5689 2857 5741; x_wconf 87' lang='grc' dir='ltr'>οὑκ</span> <span class='ocrx_word' id='word_1_1002' title='bbox 2900 5689 2956 5743; x_wconf 88' lang='grc' dir='ltr'>ὲν</span> <span class='ocrx_word' id='word_1_1003' title='bbox 3001 5693 3270 5760; x_wconf 82' lang='grc' dir='ltr'>περιτομῇ</span> <span class='ocrx_word' id='word_1_1004' title='bbox 3302 5689 3395 5743; x_wconf 69' lang='grc' dir='ltr'>καὶ</span> <span class='ocrx_word' id='word_1_1005' title='bbox 3426 5691 3780 5764; x_wconf 77' lang='grc' dir='ltr'>ἀκροϐυστίᾳ.</span> 
     </span>
    </p>
   </div>
   <div class='ocr_carea' id='block_1_126' title="bbox 2131 5771 3782 5852">
    <p class='ocr_par' dir='ltr' id='par_1_126' title="bbox 2131 5771 3782 5852">
     <span class='ocr_line' id='line_1_126' title="bbox 2131 5771 3782 5852; baseline 0.002 -22"><span class='ocrx_word' id='word_1_1006' title='bbox 2131 5777 2279 5830; x_wconf 70' lang='grc' dir='ltr'>Ἐπεὶ</span> <span class='ocrx_word' id='word_1_1007' title='bbox 2308 5771 2398 5830; x_wconf 74' lang='grc' dir='ltr'>οὖν</span> <span class='ocrx_word' id='word_1_1008' title='bbox 2422 5773 2573 5831; x_wconf 71' lang='grc' dir='ltr'>εἶπεν</span> <span class='ocrx_word' id='word_1_1009' title='bbox 2603 5779 2686 5832; x_wconf 84' lang='grc' dir='ltr'>ὅτι</span> <span class='ocrx_word' id='word_1_1010' title='bbox 2717 5777 2934 5843; x_wconf 83' lang='grc' dir='ltr'>πάντως</span> <span class='ocrx_word' id='word_1_1011' title='bbox 2963 5777 3359 5848; x_wconf 83' lang='grc' dir='ltr'>κολασθήσεται</span> <span class='ocrx_word' id='word_1_1012' title='bbox 3387 5780 3415 5830; x_wconf 85' lang='grc' dir='ltr'>ὁ</span> <span class='ocrx_word' id='word_1_1013' title='bbox 3437 5779 3659 5852; x_wconf 83' lang='grc' dir='ltr'>Ἕλλην,</span> <span class='ocrx_word' id='word_1_1014' title='bbox 3689 5779 3782 5834; x_wconf 79' lang='grc' dir='ltr'>καὶ</span> 
     </span>
    </p>
   </div>
   <div class='ocr_carea' id='block_1_127' title="bbox 2179 5977 3774 6044">
    <p class='ocr_par' dir='ltr' id='par_1_127' title="bbox 2179 5977 3774 6044">
     <span class='ocr_line' id='line_1_127' title="bbox 2179 5977 3774 6044; baseline 0.003 -18"><span class='ocrx_word' id='word_1_1015' title='bbox 2179 5981 2205 6020; x_wconf 80' lang='grc' dir='ltr'>ιι</span> <span class='ocrx_word' id='word_1_1016' title='bbox 2234 5980 2366 6029; x_wconf 83' lang='lat' dir='ltr'>L&#39;nus</span> <span class='ocrx_word' id='word_1_1017' title='bbox 2410 5982 2613 6044; x_wconf 78' lang='grc' dir='ltr'>βαρύνει.</span> <span class='ocrx_word' id='word_1_1018' title='bbox 2705 5983 2727 6009; x_wconf 69' lang='grc' dir='ltr'><strong>ο</strong></span> <span class='ocrx_word' id='word_1_1019' title='bbox 2760 5982 2863 6030; x_wconf 90' lang='lat' dir='ltr'>Duo</span> <span class='ocrx_word' id='word_1_1020' title='bbox 2902 5994 3013 6032; x_wconf 80' lang='lat' dir='ltr'>mss.</span> <span class='ocrx_word' id='word_1_1021' title='bbox 3044 5983 3364 6040; x_wconf 75' lang='grc' dir='ltr'>καταὸέεεται.</span> <span class='ocrx_word' id='word_1_1022' title='bbox 3440 5977 3466 6019; x_wconf 76' lang='grc' dir='ltr'><em>δ</em></span> <span class='ocrx_word' id='word_1_1023' title='bbox 3491 5980 3600 6031; x_wconf 91' lang='lat' dir='ltr'>Duo</span> <span class='ocrx_word' id='word_1_1024' title='bbox 3639 5993 3774 6040; x_wconf 58' lang='lat' dir='ltr'>man,</span> 
     </span>
    </p>
   </div>
   <div class='ocr_carea' id='block_1_128' title="bbox 2130 6043 2818 6102">
    <p class='ocr_par' dir='ltr' id='par_1_128' title="bbox 2130 6043 2818 6102">
     <span class='ocr_line' id='line_1_128' title="bbox 2130 6043 2818 6102; baseline -0.003 -12"><span class='ocrx_word' id='word_1_1025' title='bbox 2130 6043 2427 6102; x_wconf 68' lang='grc' dir='ltr'>ἐπετείχισεν,</span> <span class='ocrx_word' id='word_1_1026' title='bbox 2474 6043 2634 6091; x_wconf 64' lang='lat' dir='ltr'>mium</span> <span class='ocrx_word' id='word_1_1027' title='bbox 2665 6050 2818 6089; x_wconf 75' lang='lat' dir='ltr'>recte.</span> 
     </span>
    </p>
   </div>
  </div>
