  <div class='ocr_page' id='page_1' title='image "/cluster/home/n/w/nwhite01/storage/ocr_20150623/60/uva.x004246612/431.png"; bbox 0 0 4056 6548; ppageno 0'>
   <div class='ocr_carea' id='block_1_1' title="bbox 685 542 784 598">
    <p class='ocr_par' dir='ltr' id='par_1_1' title="bbox 685 542 784 598">
     <span class='ocr_line' id='line_1_1' title="bbox 685 542 784 598; baseline 0 -1"><span class='ocrx_word' id='word_1_1' title='bbox 685 542 784 598; x_wconf 73' lang='grc' dir='ltr'><strong>ιῖτ</strong></span> 
     </span>
    </p>
   </div>
   <div class='ocr_carea' id='block_1_2' title="bbox 684 642 2251 721">
    <p class='ocr_par' dir='ltr' id='par_1_2' title="bbox 684 642 2251 721">
     <span class='ocr_line' id='line_1_2' title="bbox 684 642 2251 721; baseline -0.01 -12"><span class='ocrx_word' id='word_1_2' title='bbox 684 654 817 709; x_wconf 91' lang='lat' dir='ltr'><strong>llinc</strong></span> <span class='ocrx_word' id='word_1_3' title='bbox 844 651 1051 706; x_wconf 88' lang='lat' dir='ltr'><strong>demum</strong></span> <span class='ocrx_word' id='word_1_4' title='bbox 1084 647 1310 721; x_wconf 81' lang='lat' dir='ltr'><strong>probare</strong></span> <span class='ocrx_word' id='word_1_5' title='bbox 1348 648 1478 713; x_wconf 94' lang='lat' dir='ltr'><strong>vult,</strong></span> <span class='ocrx_word' id='word_1_6' title='bbox 1510 646 1636 716; x_wconf 88' lang='lat' dir='ltr'><strong>legis</strong></span> <span class='ocrx_word' id='word_1_7' title='bbox 1663 642 1955 699; x_wconf 73' lang='lat' dir='ltr'><strong>doctrinam</strong></span> <span class='ocrx_word' id='word_1_8' title='bbox 1996 657 2103 696; x_wconf 89' lang='lat' dir='ltr'><strong>non</strong></span> <span class='ocrx_word' id='word_1_9' title='bbox 2133 654 2251 695; x_wconf 87' lang='lat' dir='ltr'><strong>esse</strong></span> 
     </span>
    </p>
   </div>
   <div class='ocr_carea' id='block_1_3' title="bbox 683 731 2253 810">
    <p class='ocr_par' dir='ltr' id='par_1_3' title="bbox 683 731 2253 810">
     <span class='ocr_line' id='line_1_3' title="bbox 683 731 2253 810; baseline -0.009 -13"><span class='ocrx_word' id='word_1_10' title='bbox 683 757 795 798; x_wconf 90' lang='lat' dir='ltr'><strong>rem</strong></span> <span class='ocrx_word' id='word_1_11' title='bbox 830 740 1115 796; x_wconf 84' lang='lat' dir='ltr'><strong>admodum</strong></span> <span class='ocrx_word' id='word_1_12' title='bbox 1150 747 1426 810; x_wconf 87' lang='lat' dir='ltr'><strong>urgentem</strong></span> <span class='ocrx_word' id='word_1_13' title='bbox 1457 755 1470 790; x_wconf 92' lang='lat'><strong>:</strong></span> <span class='ocrx_word' id='word_1_14' title='bbox 1502 750 1620 789; x_wconf 92' lang='lat' dir='ltr'><strong>nam</strong></span> <span class='ocrx_word' id='word_1_15' title='bbox 1662 735 1715 787; x_wconf 91' lang='lat' dir='ltr'><strong>in</strong></span> <span class='ocrx_word' id='word_1_16' title='bbox 1757 732 2007 802; x_wconf 74' lang='lat' dir='ltr'><strong>operibus</strong></span> <span class='ocrx_word' id='word_1_17' title='bbox 2043 731 2142 785; x_wconf 91' lang='lat' dir='ltr'><strong>sita</strong></span> <span class='ocrx_word' id='word_1_18' title='bbox 2170 738 2253 784; x_wconf 88' lang='lat' dir='ltr'><strong>est</strong></span> 
     </span>
    </p>
   </div>
   <div class='ocr_carea' id='block_1_4' title="bbox 685 823 2249 900">
    <p class='ocr_par' dir='ltr' id='par_1_4' title="bbox 685 823 2249 900">
     <span class='ocr_line' id='line_1_4' title="bbox 685 823 2249 900; baseline -0.007 -14"><span class='ocrx_word' id='word_1_19' title='bbox 685 847 858 899; x_wconf 63' lang='lat' dir='ltr'><strong>paena,</strong></span> <span class='ocrx_word' id='word_1_20' title='bbox 887 832 1045 886; x_wconf 90' lang='lat' dir='ltr'><strong>situm</strong></span> <span class='ocrx_word' id='word_1_21' title='bbox 1071 830 1368 900; x_wconf 61' lang='lat' dir='ltr'><strong>premium,</strong></span> <span class='ocrx_word' id='word_1_22' title='bbox 1397 841 1499 883; x_wconf 91' lang='lat' dir='ltr'><strong>non</strong></span> <span class='ocrx_word' id='word_1_23' title='bbox 1528 828 1580 880; x_wconf 92' lang='lat' dir='ltr'><strong>in</strong></span> <span class='ocrx_word' id='word_1_24' title='bbox 1604 823 2007 880; x_wconf 80' lang='lat' dir='ltr'><strong>circumcisione</strong></span> <span class='ocrx_word' id='word_1_25' title='bbox 2030 831 2085 877; x_wconf 92' lang='lat' dir='ltr'><strong>et</strong></span> <span class='ocrx_word' id='word_1_26' title='bbox 2112 835 2249 891; x_wconf 68' lang='lat' dir='ltr'><strong>prae-</strong></span> 
     </span>
    </p>
   </div>
   <div class='ocr_carea' id='block_1_5' title="bbox 682 913 2249 991">
    <p class='ocr_par' dir='ltr' id='par_1_5' title="bbox 682 913 2249 991">
     <span class='ocr_line' id='line_1_5' title="bbox 682 913 2249 991; baseline -0.007 -15"><span class='ocrx_word' id='word_1_27' title='bbox 682 922 847 991; x_wconf 87' lang='lat' dir='ltr'><strong>putio.</strong></span> <span class='ocrx_word' id='word_1_28' title='bbox 873 920 1156 991; x_wconf 76' lang='lat' dir='ltr'><strong>Postquam</strong></span> <span class='ocrx_word' id='word_1_29' title='bbox 1187 920 1343 990; x_wconf 88' lang='lat' dir='ltr'><strong>igitur</strong></span> <span class='ocrx_word' id='word_1_30' title='bbox 1366 917 1589 981; x_wconf 77' lang='lat' dir='ltr'><strong>dixerat,</strong></span> <span class='ocrx_word' id='word_1_31' title='bbox 1618 914 1860 969; x_wconf 59' lang='lat' dir='ltr'><strong>Graacum</strong></span> <span class='ocrx_word' id='word_1_32' title='bbox 1886 913 2103 969; x_wconf 82' lang='lat' dir='ltr'><strong>omnino</strong></span> <span class='ocrx_word' id='word_1_33' title='bbox 2132 926 2249 981; x_wconf 71' lang='lat' dir='ltr'><strong>pm-</strong></span> 
     </span>
    </p>
   </div>
   <div class='ocr_carea' id='block_1_6' title="bbox 680 1002 2251 1079">
    <p class='ocr_par' dir='ltr' id='par_1_6' title="bbox 680 1002 2251 1079">
     <span class='ocr_line' id='line_1_6' title="bbox 680 1002 2251 1079; baseline -0.004 -13"><span class='ocrx_word' id='word_1_34' title='bbox 680 1025 802 1066; x_wconf 86' lang='lat' dir='ltr'><strong>nam</strong></span> <span class='ocrx_word' id='word_1_35' title='bbox 832 1026 953 1066; x_wconf 86' lang='lat' dir='ltr'><strong>esse</strong></span> <span class='ocrx_word' id='word_1_36' title='bbox 978 1012 1296 1076; x_wconf 89' lang='lat' dir='ltr'><strong>subiturum,</strong></span> <span class='ocrx_word' id='word_1_37' title='bbox 1326 1009 1483 1079; x_wconf 81' lang='lat' dir='ltr'><strong>idque</strong></span> <span class='ocrx_word' id='word_1_38' title='bbox 1518 1008 1569 1061; x_wconf 91' lang='lat' dir='ltr'><strong>in</strong></span> <span class='ocrx_word' id='word_1_39' title='bbox 1594 1006 1840 1062; x_wconf 87' lang='lat' dir='ltr'><strong>confesso</strong></span> <span class='ocrx_word' id='word_1_40' title='bbox 1878 1004 1992 1072; x_wconf 91' lang='lat' dir='ltr'><strong>fuit,</strong></span> <span class='ocrx_word' id='word_1_41' title='bbox 2032 1014 2088 1059; x_wconf 90' lang='lat' dir='ltr'><strong>et</strong></span> <span class='ocrx_word' id='word_1_42' title='bbox 2126 1002 2251 1059; x_wconf 86' lang='lat' dir='ltr'><strong>inde</strong></span> 
     </span>
    </p>
   </div>
   <div class='ocr_carea' id='block_1_7' title="bbox 680 1094 2248 1172">
    <p class='ocr_par' dir='ltr' id='par_1_7' title="bbox 680 1094 2248 1172">
     <span class='ocr_line' id='line_1_7' title="bbox 680 1094 2248 1172; baseline -0.004 -16"><span class='ocrx_word' id='word_1_43' title='bbox 680 1103 923 1172; x_wconf 79' lang='lat' dir='ltr'><strong>probavit</strong></span> <span class='ocrx_word' id='word_1_44' title='bbox 944 1103 1103 1158; x_wconf 89' lang='lat' dir='ltr'><strong>etiam</strong></span> <span class='ocrx_word' id='word_1_45' title='bbox 1132 1100 1497 1157; x_wconf 87' lang='lat' dir='ltr'><strong>honorandum</strong></span> <span class='ocrx_word' id='word_1_46' title='bbox 1532 1113 1670 1163; x_wconf 88' lang='lat' dir='ltr'><strong>esse,</strong></span> <span class='ocrx_word' id='word_1_47' title='bbox 1699 1096 2018 1167; x_wconf 85' lang='lat' dir='ltr'><strong>superﬂuam</strong></span> <span class='ocrx_word' id='word_1_48' title='bbox 2055 1094 2248 1150; x_wconf 88' lang='lat' dir='ltr'><strong>deinde</strong></span> 
     </span>
    </p>
   </div>
   <div class='ocr_carea' id='block_1_8' title="bbox 680 1185 2248 1265">
    <p class='ocr_par' dir='ltr' id='par_1_8' title="bbox 680 1185 2248 1265">
     <span class='ocr_line' id='line_1_8' title="bbox 680 1185 2248 1265; baseline -0.006 -17"><span class='ocrx_word' id='word_1_49' title='bbox 680 1195 911 1250; x_wconf 79' lang='lat' dir='ltr'><strong>ostendit</strong></span> <span class='ocrx_word' id='word_1_50' title='bbox 954 1195 1119 1265; x_wconf 89' lang='lat' dir='ltr'><strong>legem</strong></span> <span class='ocrx_word' id='word_1_51' title='bbox 1145 1202 1198 1247; x_wconf 91' lang='lat' dir='ltr'><strong>ct</strong></span> <span class='ocrx_word' id='word_1_52' title='bbox 1230 1192 1688 1248; x_wconf 85' lang='lat' dir='ltr'><strong>circumcisionem</strong></span> <span class='ocrx_word' id='word_1_53' title='bbox 1720 1206 1733 1242; x_wconf 89' lang='lat'><strong>:</strong></span> <span class='ocrx_word' id='word_1_54' title='bbox 1767 1203 1887 1242; x_wconf 88' lang='lat' dir='ltr'><strong>nam</strong></span> <span class='ocrx_word' id='word_1_55' title='bbox 1928 1187 2012 1242; x_wconf 90' lang='lat' dir='ltr'><strong>hic</strong></span> <span class='ocrx_word' id='word_1_56' title='bbox 2035 1185 2248 1241; x_wconf 78' lang='lat' dir='ltr'><strong>Judceos</strong></span> 
     </span>
    </p>
   </div>
   <div class='ocr_carea' id='block_1_9' title="bbox 680 1278 2242 1353">
    <p class='ocr_par' dir='ltr' id='par_1_9' title="bbox 680 1278 2242 1353">
     <span class='ocr_line' id='line_1_9' title="bbox 680 1278 2242 1353; baseline -0.006 -15"><span class='ocrx_word' id='word_1_57' title='bbox 680 1286 908 1338; x_wconf 81' lang='lat' dir='ltr'><strong>maxime</strong></span> <span class='ocrx_word' id='word_1_58' title='bbox 922 1282 1346 1353; x_wconf 82' lang='lat' dir='ltr'><strong>impugnat.Quia</strong></span> <span class='ocrx_word' id='word_1_59' title='bbox 1363 1282 1503 1336; x_wconf 91' lang='lat' dir='ltr'><strong>enim</strong></span> <span class='ocrx_word' id='word_1_60' title='bbox 1522 1280 1592 1334; x_wconf 91' lang='lat' dir='ltr'><strong>illi</strong></span> <span class='ocrx_word' id='word_1_61' title='bbox 1606 1278 2048 1334; x_wconf 89' lang='lat' dir='ltr'><strong>contentiosiores</strong></span> <span class='ocrx_word' id='word_1_62' title='bbox 2063 1284 2210 1331; x_wconf 87' lang='lat' dir='ltr'><strong>erant</strong></span> <span class='ocrx_word' id='word_1_63' title='bbox 2227 1291 2242 1340; x_wconf 93' lang='lat'><strong>;</strong></span> 
     </span>
    </p>
   </div>
   <div class='ocr_carea' id='block_1_10' title="bbox 675 1366 2243 1445">
    <p class='ocr_par' dir='ltr' id='par_1_10' title="bbox 675 1366 2243 1445">
     <span class='ocr_line' id='line_1_10' title="bbox 675 1366 2243 1445; baseline -0.006 -16"><span class='ocrx_word' id='word_1_64' title='bbox 675 1374 852 1445; x_wconf 85' lang='lat' dir='ltr'><strong>primo</strong></span> <span class='ocrx_word' id='word_1_65' title='bbox 872 1388 981 1445; x_wconf 71' lang='lat' dir='ltr'><strong>pra:</strong></span> <span class='ocrx_word' id='word_1_66' title='bbox 1009 1373 1144 1428; x_wconf 83' lang='lat' dir='ltr'><strong>fastu</strong></span> <span class='ocrx_word' id='word_1_67' title='bbox 1168 1387 1271 1427; x_wconf 91' lang='lat' dir='ltr'><strong>non</strong></span> <span class='ocrx_word' id='word_1_68' title='bbox 1304 1372 1580 1442; x_wconf 83' lang='lat' dir='ltr'><strong>dignantes</strong></span> <span class='ocrx_word' id='word_1_69' title='bbox 1606 1383 1665 1425; x_wconf 88' lang='lat' dir='ltr'><strong>se</strong></span> <span class='ocrx_word' id='word_1_70' title='bbox 1692 1384 1812 1423; x_wconf 91' lang='lat' dir='ltr'><strong>cum</strong></span> <span class='ocrx_word' id='word_1_71' title='bbox 1842 1366 2121 1437; x_wconf 79' lang='lat' dir='ltr'><strong>gentilibus</strong></span> <span class='ocrx_word' id='word_1_72' title='bbox 2146 1380 2243 1420; x_wconf 88' lang='lat' dir='ltr'><strong>an-</strong></span> 
     </span>
    </p>
   </div>
   <div class='ocr_carea' id='block_1_11' title="bbox 676 1456 2241 1533">
    <p class='ocr_par' dir='ltr' id='par_1_11' title="bbox 676 1456 2241 1533">
     <span class='ocr_line' id='line_1_11' title="bbox 676 1456 2241 1533; baseline -0.007 -11"><span class='ocrx_word' id='word_1_73' title='bbox 676 1480 991 1533; x_wconf 88' lang='lat' dir='ltr'><strong>numerare;</strong></span> <span class='ocrx_word' id='word_1_74' title='bbox 1018 1464 1254 1521; x_wconf 88' lang='lat' dir='ltr'><strong>secundo</strong></span> <span class='ocrx_word' id='word_1_75' title='bbox 1279 1463 1562 1520; x_wconf 90' lang='lat' dir='ltr'><strong>lrridentes</strong></span> <span class='ocrx_word' id='word_1_76' title='bbox 1584 1474 1678 1517; x_wconf 83' lang='lat' dir='ltr'><strong>eos</strong></span> <span class='ocrx_word' id='word_1_77' title='bbox 1706 1461 1793 1529; x_wconf 89' lang='lat' dir='ltr'><strong>qui</strong></span> <span class='ocrx_word' id='word_1_78' title='bbox 1820 1459 2059 1514; x_wconf 89' lang='lat' dir='ltr'><strong>dicerent</strong></span> <span class='ocrx_word' id='word_1_79' title='bbox 2086 1456 2241 1512; x_wconf 82' lang='lat' dir='ltr'><strong>tidem</strong></span> 
     </span>
    </p>
   </div>
   <div class='ocr_carea' id='block_1_12' title="bbox 674 1551 2239 1641">
    <p class='ocr_par' dir='ltr' id='par_1_12' title="bbox 674 1551 2239 1641">
     <span class='ocr_line' id='line_1_12' title="bbox 674 1551 2239 1641; baseline -0.01 -21"><span class='ocrx_word' id='word_1_80' title='bbox 674 1573 888 1633; x_wconf 88' lang='lat' dir='ltr'><strong>peccata</strong></span> <span class='ocrx_word' id='word_1_81' title='bbox 915 1564 1091 1618; x_wconf 92' lang='lat' dir='ltr'><strong>omnia</strong></span> <span class='ocrx_word' id='word_1_82' title='bbox 1130 1563 1309 1641; x_wconf 74' lang='lat' dir='ltr'><strong>delere</strong></span> <span class='ocrx_word' id='word_1_83' title='bbox 1337 1580 1351 1616; x_wconf 90' lang='lat'>:</span> <span class='ocrx_word' id='word_1_84' title='bbox 1386 1562 1505 1618; x_wconf 91' lang='lat' dir='ltr'><strong>ideo</strong></span> <span class='ocrx_word' id='word_1_85' title='bbox 1538 1560 1681 1630; x_wconf 90' lang='lat' dir='ltr'><strong>prius</strong></span> <span class='ocrx_word' id='word_1_86' title='bbox 1720 1557 1934 1612; x_wconf 71' lang='lat' dir='ltr'><strong>Graecos</strong></span> <span class='ocrx_word' id='word_1_87' title='bbox 1962 1551 2239 1616; x_wconf 81' lang='lat' dir='ltr'><strong>incusavit,</strong></span> 
     </span>
    </p>
   </div>
   <div class='ocr_carea' id='block_1_13' title="bbox 672 1645 2240 1728">
    <p class='ocr_par' dir='ltr' id='par_1_13' title="bbox 672 1645 2240 1728">
     <span class='ocr_line' id='line_1_13' title="bbox 672 1645 2240 1728; baseline -0.009 -17"><span class='ocrx_word' id='word_1_88' title='bbox 672 1658 741 1711; x_wconf 85' lang='lat' dir='ltr'><strong>de</strong></span> <span class='ocrx_word' id='word_1_89' title='bbox 764 1657 952 1728; x_wconf 82' lang='lat' dir='ltr'><strong>quibus</strong></span> <span class='ocrx_word' id='word_1_90' title='bbox 977 1656 1249 1727; x_wconf 79' lang='lat' dir='ltr'><strong>agebatur,</strong></span> <span class='ocrx_word' id='word_1_91' title='bbox 1284 1664 1339 1709; x_wconf 92' lang='lat' dir='ltr'><strong>ut</strong></span> <span class='ocrx_word' id='word_1_92' title='bbox 1366 1656 1482 1709; x_wconf 83' lang='lat' dir='ltr'><strong>sine</strong></span> <span class='ocrx_word' id='word_1_93' title='bbox 1510 1651 1809 1722; x_wconf 79' lang='lat' dir='ltr'><strong>suspicione</strong></span> <span class='ocrx_word' id='word_1_94' title='bbox 1829 1658 2027 1704; x_wconf 87' lang='lat' dir='ltr'><strong>etcum</strong></span> <span class='ocrx_word' id='word_1_95' title='bbox 2052 1645 2240 1699; x_wconf 88' lang='lat' dir='ltr'><strong>llducia</strong></span> 
     </span>
    </p>
   </div>
   <div class='ocr_carea' id='block_1_14' title="bbox 672 1738 2239 1809">
    <p class='ocr_par' dir='ltr' id='par_1_14' title="bbox 672 1738 2239 1809">
     <span class='ocr_line' id='line_1_14' title="bbox 672 1738 2239 1809; baseline -0.007 -9"><span class='ocrx_word' id='word_1_96' title='bbox 672 1745 885 1801; x_wconf 68' lang='lat' dir='ltr'><strong>Iudaeos</strong></span> <span class='ocrx_word' id='word_1_97' title='bbox 923 1746 1239 1801; x_wconf 84' lang='lat' dir='ltr'><strong>adoriretur.</strong></span> <span class='ocrx_word' id='word_1_98' title='bbox 1276 1744 1474 1799; x_wconf 88' lang='lat' dir='ltr'><strong>Deinde</strong></span> <span class='ocrx_word' id='word_1_99' title='bbox 1500 1756 1621 1797; x_wconf 89' lang='lat' dir='ltr'><strong>cum</strong></span> <span class='ocrx_word' id='word_1_100' title='bbox 1655 1742 1720 1796; x_wconf 88' lang='lat' dir='ltr'><strong>ad</strong></span> <span class='ocrx_word' id='word_1_101' title='bbox 1751 1738 1993 1809; x_wconf 80' lang='lat' dir='ltr'><strong>supplicii</strong></span> <span class='ocrx_word' id='word_1_102' title='bbox 2019 1750 2239 1792; x_wconf 79' lang='lat' dir='ltr'><strong>examen</strong></span> 
     </span>
    </p>
   </div>
   <div class='ocr_carea' id='block_1_15' title="bbox 671 1826 2239 1901">
    <p class='ocr_par' dir='ltr' id='par_1_15' title="bbox 671 1826 2239 1901">
     <span class='ocr_line' id='line_1_15' title="bbox 671 1826 2239 1901; baseline -0.005 -12"><span class='ocrx_word' id='word_1_103' title='bbox 671 1835 835 1901; x_wconf 88' lang='lat' dir='ltr'><strong>venit,</strong></span> <span class='ocrx_word' id='word_1_104' title='bbox 881 1836 1112 1890; x_wconf 86' lang='lat' dir='ltr'><strong>ostendit</strong></span> <span class='ocrx_word' id='word_1_105' title='bbox 1144 1834 1385 1889; x_wconf 82' lang='lat' dir='ltr'><strong>Judaeum</strong></span> <span class='ocrx_word' id='word_1_106' title='bbox 1425 1850 1529 1887; x_wconf 92' lang='lat' dir='ltr'><strong>non</strong></span> <span class='ocrx_word' id='word_1_107' title='bbox 1560 1832 1721 1887; x_wconf 90' lang='lat' dir='ltr'><strong>modo</strong></span> <span class='ocrx_word' id='word_1_108' title='bbox 1763 1830 1894 1887; x_wconf 87' lang='lat' dir='ltr'><strong>nihil</strong></span> <span class='ocrx_word' id='word_1_109' title='bbox 1936 1826 2173 1884; x_wconf 81' lang='lat' dir='ltr'><strong>utilitatis</strong></span> <span class='ocrx_word' id='word_1_110' title='bbox 2208 1840 2239 1881; x_wconf 91' lang='lat' dir='ltr'><strong>a</strong></span> 
     </span>
    </p>
   </div>
   <div class='ocr_carea' id='block_1_16' title="bbox 671 1919 2237 1994">
    <p class='ocr_par' dir='ltr' id='par_1_16' title="bbox 671 1919 2237 1994">
     <span class='ocr_line' id='line_1_16' title="bbox 671 1919 2237 1994; baseline -0.005 -17"><span class='ocrx_word' id='word_1_111' title='bbox 671 1926 785 1994; x_wconf 88' lang='lat' dir='ltr'><strong>lege</strong></span> <span class='ocrx_word' id='word_1_112' title='bbox 806 1924 1070 1994; x_wconf 89' lang='lat' dir='ltr'><strong>accipere,</strong></span> <span class='ocrx_word' id='word_1_113' title='bbox 1097 1923 1192 1978; x_wconf 88' lang='lat' dir='ltr'><strong>sed</strong></span> <span class='ocrx_word' id='word_1_114' title='bbox 1223 1924 1383 1979; x_wconf 89' lang='lat' dir='ltr'><strong>etiam</strong></span> <span class='ocrx_word' id='word_1_115' title='bbox 1405 1921 1677 1993; x_wconf 86' lang='lat' dir='ltr'><strong>aggravari</strong></span> <span class='ocrx_word' id='word_1_116' title='bbox 1708 1938 1720 1974; x_wconf 89' lang='lat'>:</span> <span class='ocrx_word' id='word_1_117' title='bbox 1750 1928 1805 1975; x_wconf 93' lang='lat' dir='ltr'><strong>et</strong></span> <span class='ocrx_word' id='word_1_118' title='bbox 1832 1919 1931 1974; x_wconf 86' lang='lat' dir='ltr'><strong>hoc</strong></span> <span class='ocrx_word' id='word_1_119' title='bbox 1948 1920 2054 1987; x_wconf 88' lang='lat' dir='ltr'><strong>jam</strong></span> <span class='ocrx_word' id='word_1_120' title='bbox 2084 1930 2237 1986; x_wconf 90' lang='lat' dir='ltr'><strong>supe-</strong></span> 
     </span>
    </p>
   </div>
   <div class='ocr_carea' id='block_1_17' title="bbox 668 2010 2240 2086">
    <p class='ocr_par' dir='ltr' id='par_1_17' title="bbox 668 2010 2240 2086">
     <span class='ocr_line' id='line_1_17' title="bbox 668 2010 2240 2086; baseline -0.005 -17"><span class='ocrx_word' id='word_1_121' title='bbox 668 2016 778 2071; x_wconf 83' lang='lat' dir='ltr'><strong>rius</strong></span> <span class='ocrx_word' id='word_1_122' title='bbox 803 2016 1030 2086; x_wconf 87' lang='lat' dir='ltr'><strong>probare</strong></span> <span class='ocrx_word' id='word_1_123' title='bbox 1051 2012 1270 2083; x_wconf 90' lang='lat' dir='ltr'><strong>incepit.</strong></span> <span class='ocrx_word' id='word_1_124' title='bbox 1308 2013 1366 2070; x_wconf 86' lang='lat' dir='ltr'><strong>Si</strong></span> <span class='ocrx_word' id='word_1_125' title='bbox 1392 2028 1617 2083; x_wconf 84' lang='lat' dir='ltr'><strong>namque</strong></span> <span class='ocrx_word' id='word_1_126' title='bbox 1644 2012 1863 2069; x_wconf 67' lang='lat' dir='ltr'><strong>Gmcns</strong></span> <span class='ocrx_word' id='word_1_127' title='bbox 1894 2011 2011 2084; x_wconf 82' lang='lat' dir='ltr'><strong>ideo</strong></span> <span class='ocrx_word' id='word_1_128' title='bbox 2034 2010 2240 2063; x_wconf 88' lang='lat' dir='ltr'><strong>inexcu-</strong></span> 
     </span>
    </p>
   </div>
   <div class='ocr_carea' id='block_1_18' title="bbox 670 2102 2235 2178">
    <p class='ocr_par' dir='ltr' id='par_1_18' title="bbox 670 2102 2235 2178">
     <span class='ocr_line' id='line_1_18' title="bbox 670 2102 2235 2178; baseline -0.005 -17"><span class='ocrx_word' id='word_1_129' title='bbox 670 2107 851 2165; x_wconf 85' lang='lat' dir='ltr'><strong>sabilis</strong></span> <span class='ocrx_word' id='word_1_130' title='bbox 881 2116 992 2174; x_wconf 88' lang='lat' dir='ltr'><strong>est,</strong></span> <span class='ocrx_word' id='word_1_131' title='bbox 1032 2108 1153 2178; x_wconf 88' lang='lat' dir='ltr'><strong>quia</strong></span> <span class='ocrx_word' id='word_1_132' title='bbox 1188 2116 1241 2163; x_wconf 89' lang='lat' dir='ltr'><strong>et</strong></span> <span class='ocrx_word' id='word_1_133' title='bbox 1281 2116 1467 2162; x_wconf 87' lang='lat' dir='ltr'><strong>natura</strong></span> <span class='ocrx_word' id='word_1_134' title='bbox 1516 2115 1571 2161; x_wconf 89' lang='lat' dir='ltr'><strong>et</strong></span> <span class='ocrx_word' id='word_1_135' title='bbox 1616 2103 2023 2174; x_wconf 79' lang='lat' dir='ltr'><strong>cogitationibus</strong></span> <span class='ocrx_word' id='word_1_136' title='bbox 2066 2102 2235 2169; x_wconf 89' lang='lat' dir='ltr'><strong>ipsum</strong></span> 
     </span>
    </p>
   </div>
   <div class='ocr_carea' id='block_1_19' title="bbox 672 2190 2236 2263">
    <p class='ocr_par' dir='ltr' id='par_1_19' title="bbox 672 2190 2236 2263">
     <span class='ocr_line' id='line_1_19' title="bbox 672 2190 2236 2263; baseline -0.004 -13"><span class='ocrx_word' id='word_1_137' title='bbox 672 2197 1072 2263; x_wconf 84' lang='lat' dir='ltr'><strong>inducentibus,</strong></span> <span class='ocrx_word' id='word_1_138' title='bbox 1122 2196 1310 2251; x_wconf 85' lang='lat' dir='ltr'><strong>melior</strong></span> <span class='ocrx_word' id='word_1_139' title='bbox 1342 2210 1447 2251; x_wconf 89' lang='lat' dir='ltr'><strong>non</strong></span> <span class='ocrx_word' id='word_1_140' title='bbox 1487 2195 1693 2259; x_wconf 82' lang='lat' dir='ltr'><strong>evasit;</strong></span> <span class='ocrx_word' id='word_1_141' title='bbox 1726 2194 1891 2248; x_wconf 91' lang='lat' dir='ltr'><strong>multo</strong></span> <span class='ocrx_word' id='word_1_142' title='bbox 1933 2192 2100 2263; x_wconf 88' lang='lat' dir='ltr'><strong>magis</strong></span> <span class='ocrx_word' id='word_1_143' title='bbox 2140 2190 2236 2245; x_wconf 83' lang='lat' dir='ltr'><strong>Ju-</strong></span> 
     </span>
    </p>
   </div>
   <div class='ocr_carea' id='block_1_20' title="bbox 668 2282 2235 2357">
    <p class='ocr_par' dir='ltr' id='par_1_20' title="bbox 668 2282 2235 2357">
     <span class='ocr_line' id='line_1_20' title="bbox 668 2282 2235 2357; baseline -0.004 -17"><span class='ocrx_word' id='word_1_144' title='bbox 668 2287 834 2351; x_wconf 68' lang='lat' dir='ltr'><strong>dmus,</strong></span> <span class='ocrx_word' id='word_1_145' title='bbox 863 2287 953 2357; x_wconf 90' lang='lat' dir='ltr'><strong>qui</strong></span> <span class='ocrx_word' id='word_1_146' title='bbox 983 2294 1102 2341; x_wconf 88' lang='lat' dir='ltr'><strong>cum</strong></span> <span class='ocrx_word' id='word_1_147' title='bbox 1135 2287 1219 2341; x_wconf 90' lang='lat' dir='ltr'><strong>his</strong></span> <span class='ocrx_word' id='word_1_148' title='bbox 1242 2285 1539 2342; x_wconf 84' lang='lat' dir='ltr'><strong>doctrinam</strong></span> <span class='ocrx_word' id='word_1_149' title='bbox 1571 2298 1782 2355; x_wconf 89' lang='lat' dir='ltr'><strong>quoque</strong></span> <span class='ocrx_word' id='word_1_150' title='bbox 1810 2298 1839 2338; x_wconf 92' lang='lat' dir='ltr'><strong>a</strong></span> <span class='ocrx_word' id='word_1_151' title='bbox 1866 2282 1979 2354; x_wconf 84' lang='lat' dir='ltr'><strong>lege</strong></span> <span class='ocrx_word' id='word_1_152' title='bbox 2013 2282 2235 2351; x_wconf 90' lang='lat' dir='ltr'><strong>accepit.</strong></span> 
     </span>
    </p>
   </div>
   <div class='ocr_carea' id='block_1_21' title="bbox 666 2372 2239 2446">
    <p class='ocr_par' dir='ltr' id='par_1_21' title="bbox 666 2372 2239 2446">
     <span class='ocr_line' id='line_1_21' title="bbox 666 2372 2239 2446; baseline -0.005 -14"><span class='ocrx_word' id='word_1_153' title='bbox 666 2377 795 2432; x_wconf 86' lang='lat' dir='ltr'><strong>Cum</strong></span> <span class='ocrx_word' id='word_1_154' title='bbox 826 2378 1174 2446; x_wconf 84' lang='lat' dir='ltr'><strong>persuasisset</strong></span> <span class='ocrx_word' id='word_1_155' title='bbox 1202 2391 1331 2446; x_wconf 88' lang='lat' dir='ltr'><strong>ergo</strong></span> <span class='ocrx_word' id='word_1_156' title='bbox 1360 2376 1454 2440; x_wconf 85' lang='lat' dir='ltr'><strong>illi,</strong></span> <span class='ocrx_word' id='word_1_157' title='bbox 1480 2386 1538 2430; x_wconf 89' lang='lat' dir='ltr'><strong>ut</strong></span> <span class='ocrx_word' id='word_1_158' title='bbox 1559 2376 1610 2429; x_wconf 91' lang='lat' dir='ltr'><strong>in</strong></span> <span class='ocrx_word' id='word_1_159' title='bbox 1631 2375 1855 2429; x_wconf 90' lang='lat' dir='ltr'><strong>aliorum</strong></span> <span class='ocrx_word' id='word_1_160' title='bbox 1884 2372 2114 2442; x_wconf 83' lang='lat' dir='ltr'><strong>peccatis</strong></span> <span class='ocrx_word' id='word_1_161' title='bbox 2137 2372 2239 2424; x_wconf 91' lang='lat' dir='ltr'><strong>hoc</strong></span> 
     </span>
    </p>
   </div>
   <div class='ocr_carea' id='block_1_22' title="bbox 666 2460 2239 2534">
    <p class='ocr_par' dir='ltr' id='par_1_22' title="bbox 666 2460 2239 2534">
     <span class='ocr_line' id='line_1_22' title="bbox 666 2460 2239 2534; baseline -0.005 -13"><span class='ocrx_word' id='word_1_162' title='bbox 666 2468 995 2522; x_wconf 83' lang='lat' dir='ltr'><strong>ratiocinium</strong></span> <span class='ocrx_word' id='word_1_163' title='bbox 1018 2466 1344 2531; x_wconf 86' lang='lat' dir='ltr'><strong>admitteret,</strong></span> <span class='ocrx_word' id='word_1_164' title='bbox 1372 2466 1460 2521; x_wconf 89' lang='lat' dir='ltr'><strong>vel</strong></span> <span class='ocrx_word' id='word_1_165' title='bbox 1487 2466 1705 2519; x_wconf 87' lang='lat' dir='ltr'><strong>invitum</strong></span> <span class='ocrx_word' id='word_1_166' title='bbox 1742 2464 1883 2534; x_wconf 90' lang='lat' dir='ltr'><strong>cogit</strong></span> <span class='ocrx_word' id='word_1_167' title='bbox 1912 2462 2059 2517; x_wconf 90' lang='lat' dir='ltr'><strong>illum</strong></span> <span class='ocrx_word' id='word_1_168' title='bbox 2088 2460 2239 2516; x_wconf 88' lang='lat' dir='ltr'><strong>dein-</strong></span> 
     </span>
    </p>
   </div>
   <div class='ocr_carea' id='block_1_23' title="bbox 666 2550 2234 2627">
    <p class='ocr_par' dir='ltr' id='par_1_23' title="bbox 666 2550 2234 2627">
     <span class='ocr_line' id='line_1_23' title="bbox 666 2550 2234 2627; baseline -0.005 -15"><span class='ocrx_word' id='word_1_169' title='bbox 666 2573 791 2626; x_wconf 90' lang='lat' dir='ltr'><strong>ceps</strong></span> <span class='ocrx_word' id='word_1_170' title='bbox 835 2566 895 2612; x_wconf 90' lang='lat' dir='ltr'><strong>ut</strong></span> <span class='ocrx_word' id='word_1_171' title='bbox 920 2556 971 2611; x_wconf 91' lang='lat' dir='ltr'><strong>in</strong></span> <span class='ocrx_word' id='word_1_172' title='bbox 1001 2558 1086 2624; x_wconf 81' lang='lat' dir='ltr'><strong>iis,</strong></span> <span class='ocrx_word' id='word_1_173' title='bbox 1116 2572 1236 2627; x_wconf 75' lang='lat' dir='ltr'><strong>qua:</strong></span> <span class='ocrx_word' id='word_1_174' title='bbox 1263 2557 1327 2611; x_wconf 91' lang='lat' dir='ltr'><strong>ad</strong></span> <span class='ocrx_word' id='word_1_175' title='bbox 1361 2557 1530 2625; x_wconf 84' lang='lat' dir='ltr'><strong>ipsum</strong></span> <span class='ocrx_word' id='word_1_176' title='bbox 1571 2562 1888 2625; x_wconf 77' lang='lat' dir='ltr'><strong>spectarent,</strong></span> <span class='ocrx_word' id='word_1_177' title='bbox 1917 2552 2055 2607; x_wconf 90' lang='lat' dir='ltr'><strong>idem</strong></span> <span class='ocrx_word' id='word_1_178' title='bbox 2095 2550 2234 2605; x_wconf 76' lang='lat' dir='ltr'><strong>face-</strong></span> 
     </span>
    </p>
   </div>
   <div class='ocr_carea' id='block_1_24' title="bbox 666 2643 2232 2715">
    <p class='ocr_par' dir='ltr' id='par_1_24' title="bbox 666 2643 2232 2715">
     <span class='ocr_line' id='line_1_24' title="bbox 666 2643 2232 2715; baseline -0.006 -11"><span class='ocrx_word' id='word_1_179' title='bbox 666 2660 763 2704; x_wconf 92' lang='lat' dir='ltr'><strong>ret.</strong></span> <span class='ocrx_word' id='word_1_180' title='bbox 790 2650 856 2703; x_wconf 84' lang='lat' dir='ltr'><strong>Et</strong></span> <span class='ocrx_word' id='word_1_181' title='bbox 881 2658 939 2703; x_wconf 93' lang='lat' dir='ltr'><strong>ut</strong></span> <span class='ocrx_word' id='word_1_182' title='bbox 962 2648 1170 2703; x_wconf 81' lang='lat' dir='ltr'><strong>facilius</strong></span> <span class='ocrx_word' id='word_1_183' title='bbox 1198 2662 1377 2703; x_wconf 85' lang='lat' dir='ltr'><strong>sermo</strong></span> <span class='ocrx_word' id='word_1_184' title='bbox 1402 2647 1710 2715; x_wconf 86' lang='lat' dir='ltr'><strong>accipiatur,</strong></span> <span class='ocrx_word' id='word_1_185' title='bbox 1738 2644 1806 2699; x_wconf 91' lang='lat' dir='ltr'><strong>ad</strong></span> <span class='ocrx_word' id='word_1_186' title='bbox 1848 2645 2055 2699; x_wconf 82' lang='lat' dir='ltr'><strong>mitiora</strong></span> <span class='ocrx_word' id='word_1_187' title='bbox 2084 2643 2232 2697; x_wconf 90' lang='lat' dir='ltr'><strong>illum</strong></span> 
     </span>
    </p>
   </div>
   <div class='ocr_carea' id='block_1_25' title="bbox 663 2733 2234 2803">
    <p class='ocr_par' dir='ltr' id='par_1_25' title="bbox 663 2733 2234 2803">
     <span class='ocr_line' id='line_1_25' title="bbox 663 2733 2234 2803; baseline -0.004 -11"><span class='ocrx_word' id='word_1_188' title='bbox 663 2739 808 2793; x_wconf 88' lang='lat' dir='ltr'><strong>ducit</strong></span> <span class='ocrx_word' id='word_1_189' title='bbox 841 2738 923 2791; x_wconf 87' lang='lat' dir='ltr'><strong>his</strong></span> <span class='ocrx_word' id='word_1_190' title='bbox 964 2738 1139 2793; x_wconf 83' lang='lat' dir='ltr'><strong>verbis</strong></span> <span class='ocrx_word' id='word_1_191' title='bbox 1164 2758 1177 2793; x_wconf 91' lang='lat'>:</span> <span class='ocrx_word' id='word_1_192' title='bbox 1202 2735 1397 2801; x_wconf 83' lang='lat' dir='ltr'><strong>Gloria,</strong></span> <span class='ocrx_word' id='word_1_193' title='bbox 1430 2738 1590 2793; x_wconf 83' lang='lat' dir='ltr'><strong>honor</strong></span> <span class='ocrx_word' id='word_1_194' title='bbox 1619 2746 1665 2790; x_wconf 88' lang='lat' dir='ltr'><strong>et</strong></span> <span class='ocrx_word' id='word_1_195' title='bbox 1696 2750 1797 2803; x_wconf 70' lang='lat' dir='ltr'><strong>pax</strong></span> <span class='ocrx_word' id='word_1_196' title='bbox 1834 2735 1970 2787; x_wconf 85' lang='lat' dir='ltr'><strong>omni</strong></span> <span class='ocrx_word' id='word_1_197' title='bbox 2008 2733 2234 2802; x_wconf 84' lang='lat' dir='ltr'><strong>aperanti</strong></span> 
     </span>
    </p>
   </div>
   <div class='ocr_carea' id='block_1_26' title="bbox 664 2824 2231 2896">
    <p class='ocr_par' dir='ltr' id='par_1_26' title="bbox 664 2824 2231 2896">
     <span class='ocr_line' id='line_1_26' title="bbox 664 2824 2231 2896; baseline -0.004 -15"><span class='ocrx_word' id='word_1_198' title='bbox 664 2830 866 2894; x_wconf 78' lang='lat' dir='ltr'><strong>bonum,</strong></span> <span class='ocrx_word' id='word_1_199' title='bbox 901 2827 1083 2881; x_wconf 71' lang='lat' dir='ltr'><strong>ludam</strong></span> <span class='ocrx_word' id='word_1_200' title='bbox 1125 2827 1341 2896; x_wconf 72' lang='lat' dir='ltr'><strong>primum</strong></span> <span class='ocrx_word' id='word_1_201' title='bbox 1378 2834 1423 2880; x_wconf 85' lang='lat' dir='ltr'><strong>et</strong></span> <span class='ocrx_word' id='word_1_202' title='bbox 1467 2824 1662 2879; x_wconf 76' lang='lat' dir='ltr'><strong>Grteco.</strong></span> <span class='ocrx_word' id='word_1_203' title='bbox 1702 2825 1798 2880; x_wconf 88' lang='lat' dir='ltr'><strong>llic</strong></span> <span class='ocrx_word' id='word_1_204' title='bbox 1839 2825 1979 2880; x_wconf 88' lang='lat' dir='ltr'><strong>enim</strong></span> <span class='ocrx_word' id='word_1_205' title='bbox 2009 2832 2231 2893; x_wconf 62' lang='lat' dir='ltr'><strong>quanta.</strong></span> 
     </span>
    </p>
   </div>
   <div class='ocr_carea' id='block_1_27' title="bbox 662 2916 2233 2989">
    <p class='ocr_par' dir='ltr' id='par_1_27' title="bbox 662 2916 2233 2989">
     <span class='ocr_line' id='line_1_27' title="bbox 662 2916 2233 2989; baseline -0.003 -15"><span class='ocrx_word' id='word_1_206' title='bbox 662 2933 888 2989; x_wconf 80' lang='lat' dir='ltr'><strong>eumque</strong></span> <span class='ocrx_word' id='word_1_207' title='bbox 912 2919 1030 2987; x_wconf 90' lang='lat' dir='ltr'><strong>quis</strong></span> <span class='ocrx_word' id='word_1_208' title='bbox 1061 2917 1251 2972; x_wconf 81' lang='lat' dir='ltr'><strong>habeat</strong></span> <span class='ocrx_word' id='word_1_209' title='bbox 1276 2918 1435 2981; x_wconf 87' lang='lat' dir='ltr'><strong>bona,</strong></span> <span class='ocrx_word' id='word_1_210' title='bbox 1463 2932 1581 2971; x_wconf 91' lang='lat' dir='ltr'><strong>cum</strong></span> <span class='ocrx_word' id='word_1_211' title='bbox 1615 2916 2008 2983; x_wconf 87' lang='lat' dir='ltr'><strong>perturbatione</strong></span> <span class='ocrx_word' id='word_1_212' title='bbox 2046 2929 2233 2983; x_wconf 86' lang='lat' dir='ltr'><strong>magna</strong></span> 
     </span>
    </p>
   </div>
   <div class='ocr_carea' id='block_1_28' title="bbox 663 3008 2229 3077">
    <p class='ocr_par' dir='ltr' id='par_1_28' title="bbox 663 3008 2229 3077">
     <span class='ocr_line' id='line_1_28' title="bbox 663 3008 2229 3077; baseline -0.002 -13"><span class='ocrx_word' id='word_1_213' title='bbox 663 3011 842 3076; x_wconf 88' lang='lat' dir='ltr'><strong>habet,</strong></span> <span class='ocrx_word' id='word_1_214' title='bbox 869 3009 991 3065; x_wconf 84' lang='lat' dir='ltr'><strong>licet</strong></span> <span class='ocrx_word' id='word_1_215' title='bbox 1015 3010 1164 3064; x_wconf 84' lang='lat' dir='ltr'><strong>dives</strong></span> <span class='ocrx_word' id='word_1_216' title='bbox 1192 3009 1281 3074; x_wconf 90' lang='lat' dir='ltr'><strong>sit,</strong></span> <span class='ocrx_word' id='word_1_217' title='bbox 1312 3008 1433 3063; x_wconf 91' lang='lat' dir='ltr'><strong>licet</strong></span> <span class='ocrx_word' id='word_1_218' title='bbox 1458 3017 1665 3077; x_wconf 82' lang='lat' dir='ltr'><strong>potens,</strong></span> <span class='ocrx_word' id='word_1_219' title='bbox 1688 3008 1813 3063; x_wconf 87' lang='lat' dir='ltr'><strong>licet</strong></span> <span class='ocrx_word' id='word_1_220' title='bbox 1841 3023 1933 3063; x_wconf 89' lang='lat' dir='ltr'><strong>rex</strong></span> <span class='ocrx_word' id='word_1_221' title='bbox 1958 3024 1973 3073; x_wconf 88' lang='lat'><strong>;</strong></span> <span class='ocrx_word' id='word_1_222' title='bbox 2005 3009 2102 3062; x_wconf 85' lang='lat' dir='ltr'><strong>etsi</strong></span> <span class='ocrx_word' id='word_1_223' title='bbox 2126 3022 2229 3061; x_wconf 92' lang='lat' dir='ltr'><strong>non</strong></span> 
     </span>
    </p>
   </div>
   <div class='ocr_carea' id='block_1_29' title="bbox 660 3097 2228 3168">
    <p class='ocr_par' dir='ltr' id='par_1_29' title="bbox 660 3097 2228 3168">
     <span class='ocr_line' id='line_1_29' title="bbox 660 3097 2228 3168; baseline -0.001 -14"><span class='ocrx_word' id='word_1_224' title='bbox 660 3116 779 3155; x_wconf 91' lang='lat' dir='ltr'><strong>cum</strong></span> <span class='ocrx_word' id='word_1_225' title='bbox 809 3100 933 3162; x_wconf 87' lang='lat' dir='ltr'><strong>alio,</strong></span> <span class='ocrx_word' id='word_1_226' title='bbox 961 3113 1141 3155; x_wconf 87' lang='lat' dir='ltr'><strong>secum</strong></span> <span class='ocrx_word' id='word_1_227' title='bbox 1170 3099 1360 3155; x_wconf 87' lang='lat' dir='ltr'><strong>saltem</strong></span> <span class='ocrx_word' id='word_1_228' title='bbox 1385 3113 1529 3168; x_wconf 66' lang='lat' dir='ltr'><strong>saepe</strong></span> <span class='ocrx_word' id='word_1_229' title='bbox 1556 3097 1796 3165; x_wconf 86' lang='lat' dir='ltr'><strong>dissidet,</strong></span> <span class='ocrx_word' id='word_1_230' title='bbox 1818 3108 1873 3154; x_wconf 87' lang='lat' dir='ltr'><strong>et</strong></span> <span class='ocrx_word' id='word_1_231' title='bbox 1898 3097 2122 3152; x_wconf 86' lang='lat' dir='ltr'><strong>multum</strong></span> <span class='ocrx_word' id='word_1_232' title='bbox 2148 3099 2228 3153; x_wconf 83' lang='lat' dir='ltr'><strong>vel</strong></span> 
     </span>
    </p>
   </div>
   <div class='ocr_carea' id='block_1_30' title="bbox 660 3180 2231 3261">
    <p class='ocr_par' dir='ltr' id='par_1_30' title="bbox 660 3180 2231 3261">
     <span class='ocr_line' id='line_1_30' title="bbox 660 3180 2231 3261; baseline -0.003 -16"><span class='ocrx_word' id='word_1_233' title='bbox 660 3180 1131 3261; x_wconf 87' lang='lat' dir='ltr'><strong>incogitationibus</strong></span> <span class='ocrx_word' id='word_1_234' title='bbox 1161 3190 1321 3245; x_wconf 81' lang='lat' dir='ltr'><strong>habet</strong></span> <span class='ocrx_word' id='word_1_235' title='bbox 1357 3189 1556 3244; x_wconf 88' lang='lat' dir='ltr'><strong>bellum</strong></span> <span class='ocrx_word' id='word_1_236' title='bbox 1590 3206 1603 3241; x_wconf 92' lang='lat'>:</span> <span class='ocrx_word' id='word_1_237' title='bbox 1637 3188 1745 3243; x_wconf 89' lang='lat' dir='ltr'><strong>illic</strong></span> <span class='ocrx_word' id='word_1_238' title='bbox 1780 3196 1955 3243; x_wconf 86' lang='lat' dir='ltr'><strong>autem</strong></span> <span class='ocrx_word' id='word_1_239' title='bbox 1992 3186 2119 3241; x_wconf 85' lang='lat' dir='ltr'><strong>nihil</strong></span> <span class='ocrx_word' id='word_1_240' title='bbox 2160 3188 2231 3242; x_wconf 90' lang='lat' dir='ltr'><strong>si-</strong></span> 
     </span>
    </p>
   </div>
   <div class='ocr_carea' id='block_1_31' title="bbox 660 3277 2226 3350">
    <p class='ocr_par' dir='ltr' id='par_1_31' title="bbox 660 3277 2226 3350">
     <span class='ocr_line' id='line_1_31' title="bbox 660 3277 2226 3350; baseline -0.001 -16"><span class='ocrx_word' id='word_1_241' title='bbox 660 3281 804 3347; x_wconf 90' lang='lat' dir='ltr'><strong>mile,</strong></span> <span class='ocrx_word' id='word_1_242' title='bbox 828 3280 920 3335; x_wconf 89' lang='lat' dir='ltr'><strong>sed</strong></span> <span class='ocrx_word' id='word_1_243' title='bbox 948 3282 1126 3335; x_wconf 89' lang='lat' dir='ltr'><strong>omnia</strong></span> <span class='ocrx_word' id='word_1_244' title='bbox 1158 3279 1435 3350; x_wconf 87' lang='lat' dir='ltr'><strong>tranquilla</strong></span> <span class='ocrx_word' id='word_1_245' title='bbox 1469 3288 1525 3334; x_wconf 89' lang='lat' dir='ltr'><strong>et</strong></span> <span class='ocrx_word' id='word_1_246' title='bbox 1552 3292 1580 3332; x_wconf 88' lang='lat' dir='ltr'><strong>a</strong></span> <span class='ocrx_word' id='word_1_247' title='bbox 1610 3277 2006 3347; x_wconf 82' lang='lat' dir='ltr'><strong>perturbatione</strong></span> <span class='ocrx_word' id='word_1_248' title='bbox 2040 3278 2226 3343; x_wconf 90' lang='lat' dir='ltr'><strong>libera,</strong></span> 
     </span>
    </p>
   </div>
   <div class='ocr_carea' id='block_1_32' title="bbox 657 3368 2230 3447">
    <p class='ocr_par' dir='ltr' id='par_1_32' title="bbox 657 3368 2230 3447">
     <span class='ocr_line' id='line_1_32' title="bbox 657 3368 2230 3447; baseline 0 -23"><span class='ocrx_word' id='word_1_249' title='bbox 657 3386 779 3426; x_wconf 87' lang='lat' dir='ltr'><strong>cum</strong></span> <span class='ocrx_word' id='word_1_250' title='bbox 814 3386 937 3427; x_wconf 90' lang='lat' dir='ltr'><strong>vera</strong></span> <span class='ocrx_word' id='word_1_251' title='bbox 965 3371 1213 3441; x_wconf 87' lang='lat' dir='ltr'><strong>adjuncta</strong></span> <span class='ocrx_word' id='word_1_252' title='bbox 1247 3386 1396 3439; x_wconf 85' lang='lat' dir='ltr'><strong>pace.</strong></span> <span class='ocrx_word' id='word_1_253' title='bbox 1437 3369 1567 3425; x_wconf 91' lang='lat' dir='ltr'><strong>Cum</strong></span> <span class='ocrx_word' id='word_1_254' title='bbox 1610 3384 1673 3424; x_wconf 89' lang='lat' dir='ltr'><strong>ex</strong></span> <span class='ocrx_word' id='word_1_255' title='bbox 1717 3383 1875 3438; x_wconf 87' lang='lat' dir='ltr'><strong>supra</strong></span> <span class='ocrx_word' id='word_1_256' title='bbox 1919 3368 2075 3447; x_wconf 77' lang='lat' dir='ltr'><strong>dictis</strong></span> <span class='ocrx_word' id='word_1_257' title='bbox 2103 3384 2230 3438; x_wconf 84' lang='lat' dir='ltr'><strong>ergo</strong></span> 
     </span>
    </p>
   </div>
   <div class='ocr_carea' id='block_1_33' title="bbox 659 3460 2226 3531">
    <p class='ocr_par' dir='ltr' id='par_1_33' title="bbox 659 3460 2226 3531">
     <span class='ocr_line' id='line_1_33' title="bbox 659 3460 2226 3531; baseline 0 -16"><span class='ocrx_word' id='word_1_258' title='bbox 659 3461 951 3530; x_wconf 88' lang='lat' dir='ltr'><strong>probasset,</strong></span> <span class='ocrx_word' id='word_1_259' title='bbox 990 3463 1149 3518; x_wconf 90' lang='lat' dir='ltr'><strong>etiam</strong></span> <span class='ocrx_word' id='word_1_260' title='bbox 1192 3476 1286 3517; x_wconf 90' lang='lat' dir='ltr'><strong>eos</strong></span> <span class='ocrx_word' id='word_1_261' title='bbox 1319 3462 1407 3531; x_wconf 87' lang='lat' dir='ltr'><strong>qui</strong></span> <span class='ocrx_word' id='word_1_262' title='bbox 1446 3462 1614 3531; x_wconf 88' lang='lat' dir='ltr'><strong>legem</strong></span> <span class='ocrx_word' id='word_1_263' title='bbox 1646 3476 1750 3515; x_wconf 92' lang='lat' dir='ltr'><strong>non</strong></span> <span class='ocrx_word' id='word_1_264' title='bbox 1785 3460 2001 3527; x_wconf 88' lang='lat' dir='ltr'><strong>habent,</strong></span> <span class='ocrx_word' id='word_1_265' title='bbox 2041 3460 2226 3515; x_wconf 90' lang='lat' dir='ltr'><strong>eadem</strong></span> 
     </span>
    </p>
   </div>
   <div class='ocr_carea' id='block_1_34' title="bbox 656 3551 2224 3622">
    <p class='ocr_par' dir='ltr' id='par_1_34' title="bbox 656 3551 2224 3622">
     <span class='ocr_line' id='line_1_34' title="bbox 656 3551 2224 3622; baseline -0.001 -15"><span class='ocrx_word' id='word_1_266' title='bbox 656 3555 766 3621; x_wconf 78' lang='lat' dir='ltr'><strong>ipsa</strong></span> <span class='ocrx_word' id='word_1_267' title='bbox 798 3552 932 3607; x_wconf 90' lang='lat' dir='ltr'><strong>bona</strong></span> <span class='ocrx_word' id='word_1_268' title='bbox 953 3560 1331 3622; x_wconf 89' lang='lat' dir='ltr'><strong>assequuturos</strong></span> <span class='ocrx_word' id='word_1_269' title='bbox 1351 3566 1490 3617; x_wconf 85' lang='lat' dir='ltr'><strong>esse,</strong></span> <span class='ocrx_word' id='word_1_270' title='bbox 1519 3551 1880 3605; x_wconf 85' lang='lat' dir='ltr'><strong>ratiocinando</strong></span> <span class='ocrx_word' id='word_1_271' title='bbox 1901 3552 2069 3622; x_wconf 86' lang='lat' dir='ltr'><strong>pergit</strong></span> <span class='ocrx_word' id='word_1_272' title='bbox 2095 3569 2108 3604; x_wconf 87' lang='lat'><strong>:</strong></span> <span class='ocrx_word' id='word_1_273' title='bbox 2139 3553 2224 3605; x_wconf 83' lang='lat' dir='ltr'><strong>ll.</strong></span> 
     </span>
    </p>
   </div>
   <div class='ocr_carea' id='block_1_35' title="bbox 658 3640 2225 3712">
    <p class='ocr_par' dir='ltr' id='par_1_35' title="bbox 658 3640 2225 3712">
     <span class='ocr_line' id='line_1_35' title="bbox 658 3640 2225 3712; baseline 0 -17"><span class='ocrx_word' id='word_1_274' title='bbox 658 3640 778 3696; x_wconf 85' lang='lat' dir='ltr'><strong>Non</strong></span> <span class='ocrx_word' id='word_1_275' title='bbox 806 3643 937 3697; x_wconf 86' lang='lat' dir='ltr'><strong>enim</strong></span> <span class='ocrx_word' id='word_1_276' title='bbox 964 3652 1035 3696; x_wconf 88' lang='lat' dir='ltr'><strong>est</strong></span> <span class='ocrx_word' id='word_1_277' title='bbox 1074 3657 1405 3712; x_wconf 80' lang='lat' dir='ltr'><strong>personarum</strong></span> <span class='ocrx_word' id='word_1_278' title='bbox 1438 3643 1660 3709; x_wconf 83' lang='lat' dir='ltr'><strong>acceptio</strong></span> <span class='ocrx_word' id='word_1_279' title='bbox 1697 3642 1835 3710; x_wconf 86' lang='lat' dir='ltr'><strong>apud</strong></span> <span class='ocrx_word' id='word_1_280' title='bbox 1880 3640 2059 3696; x_wconf 86' lang='lat' dir='ltr'><strong>Deum.</strong></span> <span class='ocrx_word' id='word_1_281' title='bbox 2095 3643 2225 3698; x_wconf 86' lang='lat' dir='ltr'><strong>Cum</strong></span> 
     </span>
    </p>
   </div>
   <div class='ocr_carea' id='block_1_36' title="bbox 654 3734 2223 3804">
    <p class='ocr_par' dir='ltr' id='par_1_36' title="bbox 654 3734 2223 3804">
     <span class='ocr_line' id='line_1_36' title="bbox 654 3734 2223 3804; baseline -0.001 -14"><span class='ocrx_word' id='word_1_282' title='bbox 654 3737 793 3793; x_wconf 89' lang='lat' dir='ltr'><strong>enim</strong></span> <span class='ocrx_word' id='word_1_283' title='bbox 828 3735 955 3791; x_wconf 90' lang='lat' dir='ltr'><strong>dicit</strong></span> <span class='ocrx_word' id='word_1_284' title='bbox 982 3745 1035 3791; x_wconf 90' lang='lat' dir='ltr'><strong>et</strong></span> <span class='ocrx_word' id='word_1_285' title='bbox 1061 3736 1299 3791; x_wconf 65' lang='lat' dir='ltr'><strong>Judaeum</strong></span> <span class='ocrx_word' id='word_1_286' title='bbox 1341 3744 1396 3791; x_wconf 91' lang='lat' dir='ltr'><strong>et</strong></span> <span class='ocrx_word' id='word_1_287' title='bbox 1429 3735 1674 3791; x_wconf 63' lang='lat' dir='ltr'><strong>Graecum</strong></span> <span class='ocrx_word' id='word_1_288' title='bbox 1704 3743 1985 3804; x_wconf 88' lang='lat' dir='ltr'><strong>peccantes</strong></span> <span class='ocrx_word' id='word_1_289' title='bbox 2026 3734 2223 3803; x_wconf 87' lang='lat' dir='ltr'><strong>puniri,</strong></span> 
     </span>
    </p>
   </div>
   <div class='ocr_carea' id='block_1_37' title="bbox 657 3824 2226 3896">
    <p class='ocr_par' dir='ltr' id='par_1_37' title="bbox 657 3824 2226 3896">
     <span class='ocr_line' id='line_1_37' title="bbox 657 3824 2226 3896; baseline 0 -17"><span class='ocrx_word' id='word_1_290' title='bbox 657 3840 760 3880; x_wconf 91' lang='lat' dir='ltr'><strong>non</strong></span> <span class='ocrx_word' id='word_1_291' title='bbox 790 3824 949 3881; x_wconf 88' lang='lat' dir='ltr'><strong>habet</strong></span> <span class='ocrx_word' id='word_1_292' title='bbox 990 3826 1269 3881; x_wconf 89' lang='lat' dir='ltr'><strong>ratiocinio</strong></span> <span class='ocrx_word' id='word_1_293' title='bbox 1308 3840 1471 3896; x_wconf 81' lang='lat' dir='ltr'><strong>Opus;</strong></span> <span class='ocrx_word' id='word_1_294' title='bbox 1514 3840 1635 3879; x_wconf 91' lang='lat' dir='ltr'><strong>cum</strong></span> <span class='ocrx_word' id='word_1_295' title='bbox 1670 3839 1795 3879; x_wconf 87' lang='lat' dir='ltr'><strong>vero</strong></span> <span class='ocrx_word' id='word_1_296' title='bbox 1841 3832 2074 3880; x_wconf 87' lang='lat' dir='ltr'><strong>statuere</strong></span> <span class='ocrx_word' id='word_1_297' title='bbox 2115 3826 2226 3880; x_wconf 77' lang='lat' dir='ltr'><strong>vult</strong></span> 
     </span>
    </p>
   </div>
   <div class='ocr_carea' id='block_1_38' title="bbox 657 3915 2223 3986">
    <p class='ocr_par' dir='ltr' id='par_1_38' title="bbox 657 3915 2223 3986">
     <span class='ocr_line' id='line_1_38' title="bbox 657 3915 2223 3986; baseline -0.001 -15"><span class='ocrx_word' id='word_1_298' title='bbox 657 3918 906 3972; x_wconf 89' lang='lat' dir='ltr'><strong>honorari</strong></span> <span class='ocrx_word' id='word_1_299' title='bbox 930 3917 1195 3981; x_wconf 69' lang='lat' dir='ltr'><strong>Grmcum,</strong></span> <span class='ocrx_word' id='word_1_300' title='bbox 1227 3928 1352 3972; x_wconf 90' lang='lat' dir='ltr'><strong>tunc</strong></span> <span class='ocrx_word' id='word_1_301' title='bbox 1384 3916 1692 3985; x_wconf 87' lang='lat' dir='ltr'><strong>probatione</strong></span> <span class='ocrx_word' id='word_1_302' title='bbox 1719 3926 1852 3986; x_wconf 89' lang='lat' dir='ltr'><strong>opus</strong></span> <span class='ocrx_word' id='word_1_303' title='bbox 1881 3915 2061 3972; x_wconf 88' lang='lat' dir='ltr'><strong>habet.</strong></span> <span class='ocrx_word' id='word_1_304' title='bbox 2093 3916 2223 3970; x_wconf 83' lang='lat' dir='ltr'><strong>Nam</strong></span> 
     </span>
    </p>
   </div>
   <div class='ocr_carea' id='block_1_39' title="bbox 656 4007 2224 4080">
    <p class='ocr_par' dir='ltr' id='par_1_39' title="bbox 656 4007 2224 4080">
     <span class='ocr_line' id='line_1_39' title="bbox 656 4007 2224 4080; baseline -0.001 -16"><span class='ocrx_word' id='word_1_305' title='bbox 656 4011 846 4064; x_wconf 90' lang='lat' dir='ltr'><strong>mirum</strong></span> <span class='ocrx_word' id='word_1_306' title='bbox 869 4017 923 4065; x_wconf 90' lang='lat' dir='ltr'><strong>et</strong></span> <span class='ocrx_word' id='word_1_307' title='bbox 947 4009 1261 4080; x_wconf 89' lang='lat' dir='ltr'><strong>stupendum</strong></span> <span class='ocrx_word' id='word_1_308' title='bbox 1285 4008 1562 4063; x_wconf 88' lang='lat' dir='ltr'><strong>videbatur</strong></span> <span class='ocrx_word' id='word_1_309' title='bbox 1587 4022 1729 4073; x_wconf 86' lang='lat' dir='ltr'><strong>esse,</strong></span> <span class='ocrx_word' id='word_1_310' title='bbox 1756 4008 1798 4062; x_wconf 91' lang='lat' dir='ltr'><strong>si</strong></span> <span class='ocrx_word' id='word_1_311' title='bbox 1829 4008 1873 4062; x_wconf 89' lang='lat' dir='ltr'><strong>is</strong></span> <span class='ocrx_word' id='word_1_312' title='bbox 1899 4008 1987 4077; x_wconf 91' lang='lat' dir='ltr'><strong>qui</strong></span> <span class='ocrx_word' id='word_1_313' title='bbox 2016 4023 2114 4063; x_wconf 90' lang='lat' dir='ltr'><strong>nec</strong></span> <span class='ocrx_word' id='word_1_314' title='bbox 2146 4007 2224 4063; x_wconf 92' lang='lat' dir='ltr'><strong>le-</strong></span> 
     </span>
    </p>
   </div>
   <div class='ocr_carea' id='block_1_40' title="bbox 654 4101 2224 4173">
    <p class='ocr_par' dir='ltr' id='par_1_40' title="bbox 654 4101 2224 4173">
     <span class='ocr_line' id='line_1_40' title="bbox 654 4101 2224 4173; baseline 0 -16"><span class='ocrx_word' id='word_1_315' title='bbox 654 4119 772 4172; x_wconf 89' lang='lat' dir='ltr'><strong>gem</strong></span> <span class='ocrx_word' id='word_1_316' title='bbox 802 4117 897 4157; x_wconf 87' lang='lat' dir='ltr'><strong>nec</strong></span> <span class='ocrx_word' id='word_1_317' title='bbox 922 4104 1206 4173; x_wconf 86' lang='lat' dir='ltr'><strong>pr0phctas</strong></span> <span class='ocrx_word' id='word_1_318' title='bbox 1234 4102 1492 4165; x_wconf 89' lang='lat' dir='ltr'><strong>audierat,</strong></span> <span class='ocrx_word' id='word_1_319' title='bbox 1522 4101 1658 4157; x_wconf 89' lang='lat' dir='ltr'><strong>bona</strong></span> <span class='ocrx_word' id='word_1_320' title='bbox 1686 4115 1910 4171; x_wconf 88' lang='lat' dir='ltr'><strong>operans</strong></span> <span class='ocrx_word' id='word_1_321' title='bbox 1937 4101 2224 4158; x_wconf 87' lang='lat' dir='ltr'><strong>honorare-</strong></span> 
     </span>
    </p>
   </div>
   <div class='ocr_carea' id='block_1_41' title="bbox 656 4192 2223 4261">
    <p class='ocr_par' dir='ltr' id='par_1_41' title="bbox 656 4192 2223 4261">
     <span class='ocr_line' id='line_1_41' title="bbox 656 4192 2223 4261; baseline 0.001 -15"><span class='ocrx_word' id='word_1_322' title='bbox 656 4203 759 4247; x_wconf 93' lang='lat' dir='ltr'><strong>tur.</strong></span> <span class='ocrx_word' id='word_1_323' title='bbox 789 4192 933 4258; x_wconf 86' lang='lat' dir='ltr'><strong>ideo,</strong></span> <span class='ocrx_word' id='word_1_324' title='bbox 974 4203 1030 4247; x_wconf 93' lang='lat' dir='ltr'><strong>ut</strong></span> <span class='ocrx_word' id='word_1_325' title='bbox 1051 4193 1158 4261; x_wconf 86' lang='lat' dir='ltr'><strong>jam</strong></span> <span class='ocrx_word' id='word_1_326' title='bbox 1186 4193 1315 4256; x_wconf 88' lang='lat' dir='ltr'><strong>dixi,</strong></span> <span class='ocrx_word' id='word_1_327' title='bbox 1335 4192 1387 4245; x_wconf 92' lang='lat' dir='ltr'><strong>in</strong></span> <span class='ocrx_word' id='word_1_328' title='bbox 1416 4192 1739 4261; x_wconf 87' lang='lat' dir='ltr'><strong>temporibus</strong></span> <span class='ocrx_word' id='word_1_329' title='bbox 1776 4192 1995 4259; x_wconf 73' lang='lat' dir='ltr'><strong>gratiam</strong></span> <span class='ocrx_word' id='word_1_330' title='bbox 2019 4207 2223 4261; x_wconf 63' lang='lat' dir='ltr'><strong>praece-</strong></span> 
     </span>
    </p>
   </div>
   <div class='ocr_carea' id='block_1_42' title="bbox 659 4281 2223 4351">
    <p class='ocr_par' dir='ltr' id='par_1_42' title="bbox 659 4281 2223 4351">
     <span class='ocr_line' id='line_1_42' title="bbox 659 4281 2223 4351; baseline 0 -16"><span class='ocrx_word' id='word_1_331' title='bbox 659 4284 904 4338; x_wconf 87' lang='lat' dir='ltr'><strong>dentibus</strong></span> <span class='ocrx_word' id='word_1_332' title='bbox 925 4283 1133 4338; x_wconf 87' lang='lat' dir='ltr'><strong>illorum</strong></span> <span class='ocrx_word' id='word_1_333' title='bbox 1156 4283 1392 4337; x_wconf 86' lang='lat' dir='ltr'><strong>auditum</strong></span> <span class='ocrx_word' id='word_1_334' title='bbox 1414 4291 1647 4346; x_wconf 89' lang='lat' dir='ltr'><strong>exercet,</strong></span> <span class='ocrx_word' id='word_1_335' title='bbox 1669 4291 1724 4336; x_wconf 93' lang='lat' dir='ltr'><strong>ut</strong></span> <span class='ocrx_word' id='word_1_336' title='bbox 1751 4282 1953 4337; x_wconf 79' lang='lat' dir='ltr'><strong>facilius</strong></span> <span class='ocrx_word' id='word_1_337' title='bbox 1972 4281 2223 4351; x_wconf 90' lang='lat' dir='ltr'><strong>deinceps</strong></span> 
     </span>
    </p>
   </div>
   <div class='ocr_carea' id='block_1_43' title="bbox 654 4373 2224 4437">
    <p class='ocr_par' dir='ltr' id='par_1_43' title="bbox 654 4373 2224 4437">
     <span class='ocr_line' id='line_1_43' title="bbox 654 4373 2224 4437; baseline 0.002 -10"><span class='ocrx_word' id='word_1_338' title='bbox 654 4389 776 4427; x_wconf 75' lang='lat' dir='ltr'><strong>rum</strong></span> <span class='ocrx_word' id='word_1_339' title='bbox 814 4374 937 4437; x_wconf 86' lang='lat' dir='ltr'><strong>fide,</strong></span> <span class='ocrx_word' id='word_1_340' title='bbox 981 4374 1189 4427; x_wconf 91' lang='lat' dir='ltr'><strong>illorum</strong></span> <span class='ocrx_word' id='word_1_341' title='bbox 1232 4374 1282 4427; x_wconf 92' lang='lat' dir='ltr'><strong>in</strong></span> <span class='ocrx_word' id='word_1_342' title='bbox 1315 4373 1398 4429; x_wconf 89' lang='lat' dir='ltr'><strong>his</strong></span> <span class='ocrx_word' id='word_1_343' title='bbox 1436 4388 1752 4428; x_wconf 88' lang='lat' dir='ltr'><strong>consensum</strong></span> <span class='ocrx_word' id='word_1_344' title='bbox 1800 4374 2091 4427; x_wconf 88' lang='lat' dir='ltr'><strong>induceret.</strong></span> <span class='ocrx_word' id='word_1_345' title='bbox 2129 4375 2224 4430; x_wconf 83' lang='lat' dir='ltr'><strong>llic</strong></span> 
     </span>
    </p>
   </div>
   <div class='ocr_carea' id='block_1_44' title="bbox 653 4465 2221 4535">
    <p class='ocr_par' dir='ltr' id='par_1_44' title="bbox 653 4465 2221 4535">
     <span class='ocr_line' id='line_1_44' title="bbox 653 4465 2221 4535; baseline -0.001 -15"><span class='ocrx_word' id='word_1_346' title='bbox 653 4467 796 4521; x_wconf 90' lang='lat' dir='ltr'><strong>enim</strong></span> <span class='ocrx_word' id='word_1_347' title='bbox 828 4465 1350 4535; x_wconf 75' lang='lat' dir='ltr'><strong>suspectus&#39;minimc</strong></span> <span class='ocrx_word' id='word_1_348' title='bbox 1374 4476 1475 4528; x_wconf 90' lang='lat' dir='ltr'><strong>est,</strong></span> <span class='ocrx_word' id='word_1_349' title='bbox 1507 4474 1688 4533; x_wconf 93' lang='lat' dir='ltr'><strong>utpote</strong></span> <span class='ocrx_word' id='word_1_350' title='bbox 1716 4466 1803 4533; x_wconf 88' lang='lat' dir='ltr'><strong>qui</strong></span> <span class='ocrx_word' id='word_1_351' title='bbox 1834 4480 1937 4519; x_wconf 89' lang='lat' dir='ltr'><strong>non</strong></span> <span class='ocrx_word' id='word_1_352' title='bbox 1965 4466 2221 4520; x_wconf 89' lang='lat' dir='ltr'><strong>intentum</strong></span> 
     </span>
    </p>
   </div>
   <div class='ocr_carea' id='block_1_45' title="bbox 654 4551 2225 4626">
    <p class='ocr_par' dir='ltr' id='par_1_45' title="bbox 654 4551 2225 4626">
     <span class='ocr_line' id='line_1_45' title="bbox 654 4551 2225 4626; baseline -0.001 -15"><span class='ocrx_word' id='word_1_353' title='bbox 654 4571 807 4611; x_wconf 88' lang='lat' dir='ltr'><strong>suum</strong></span> <span class='ocrx_word' id='word_1_354' title='bbox 836 4555 1041 4624; x_wconf 89' lang='lat' dir='ltr'><strong>probet.</strong></span> <span class='ocrx_word' id='word_1_355' title='bbox 1069 4555 1199 4609; x_wconf 86' lang='lat' dir='ltr'><strong>Cum</strong></span> <span class='ocrx_word' id='word_1_356' title='bbox 1225 4553 1447 4607; x_wconf 87' lang='lat' dir='ltr'><strong>dixisset</strong></span> <span class='ocrx_word' id='word_1_357' title='bbox 1468 4568 1613 4620; x_wconf 73' lang='lat' dir='ltr'><strong>ergo,</strong></span> <span class='ocrx_word' id='word_1_358' title='bbox 1642 4551 1838 4613; x_wconf 80' lang='lat' dir='ltr'><strong>Gloria,</strong></span> <span class='ocrx_word' id='word_1_359' title='bbox 1871 4554 2030 4607; x_wconf 84' lang='lat' dir='ltr'><strong>honor</strong></span> <span class='ocrx_word' id='word_1_360' title='bbox 2050 4565 2096 4608; x_wconf 85' lang='lat' dir='ltr'><strong>et</strong></span> <span class='ocrx_word' id='word_1_361' title='bbox 2123 4572 2225 4626; x_wconf 76' lang='lat' dir='ltr'><strong>pax</strong></span> 
     </span>
    </p>
   </div>
   <div class='ocr_carea' id='block_1_46' title="bbox 654 4644 2223 4721">
    <p class='ocr_par' dir='ltr' id='par_1_46' title="bbox 654 4644 2223 4721">
     <span class='ocr_line' id='line_1_46' title="bbox 654 4644 2223 4721; baseline 0.006 -22"><span class='ocrx_word' id='word_1_362' title='bbox 654 4648 791 4700; x_wconf 86' lang='lat' dir='ltr'><strong>omni</strong></span> <span class='ocrx_word' id='word_1_363' title='bbox 818 4648 1047 4721; x_wconf 81' lang='lat' dir='ltr'><strong>aperanti</strong></span> <span class='ocrx_word' id='word_1_364' title='bbox 1088 4647 1292 4712; x_wconf 86' lang='lat' dir='ltr'><strong>bonum,</strong></span> <span class='ocrx_word' id='word_1_365' title='bbox 1322 4644 1506 4699; x_wconf 67' lang='lat' dir='ltr'><strong>Juda’o</strong></span> <span class='ocrx_word' id='word_1_366' title='bbox 1538 4646 1750 4713; x_wconf 84' lang='lat' dir='ltr'><strong>primunt</strong></span> <span class='ocrx_word' id='word_1_367' title='bbox 1782 4655 1827 4698; x_wconf 88' lang='lat' dir='ltr'><strong>et</strong></span> <span class='ocrx_word' id='word_1_368' title='bbox 1858 4644 2077 4711; x_wconf 70' lang='lat' dir='ltr'><strong>Gra’t&#39;o;</strong></span> <span class='ocrx_word' id='word_1_369' title='bbox 2104 4664 2223 4717; x_wconf 75' lang='lat' dir='ltr'><strong>per-</strong></span> 
     </span>
    </p>
   </div>
   <div class='ocr_carea' id='block_1_47' title="bbox 654 4738 2217 4809">
    <p class='ocr_par' dir='ltr' id='par_1_47' title="bbox 654 4738 2217 4809">
     <span class='ocr_line' id='line_1_47' title="bbox 654 4738 2217 4809; baseline 0.001 -17"><span class='ocrx_word' id='word_1_370' title='bbox 654 4741 747 4809; x_wconf 79' lang='lat' dir='ltr'><strong>git,</strong></span> <span class='ocrx_word' id='word_1_371' title='bbox 784 4738 900 4792; x_wconf 84' lang='lat' dir='ltr'><strong>Non</strong></span> <span class='ocrx_word' id='word_1_372' title='bbox 948 4749 1019 4791; x_wconf 87' lang='lat' dir='ltr'><strong>est</strong></span> <span class='ocrx_word' id='word_1_373' title='bbox 1056 4740 1191 4793; x_wconf 85' lang='lat' dir='ltr'><strong>enim</strong></span> <span class='ocrx_word' id='word_1_374' title='bbox 1231 4754 1558 4807; x_wconf 84' lang='lat' dir='ltr'><strong>personarum</strong></span> <span class='ocrx_word' id='word_1_375' title='bbox 1587 4739 1809 4807; x_wconf 77' lang='lat' dir='ltr'><strong>acceptio</strong></span> <span class='ocrx_word' id='word_1_376' title='bbox 1855 4740 1994 4808; x_wconf 86' lang='lat' dir='ltr'><strong>apud</strong></span> <span class='ocrx_word' id='word_1_377' title='bbox 2038 4740 2217 4795; x_wconf 86' lang='lat' dir='ltr'><strong>Deum.</strong></span> 
     </span>
    </p>
   </div>
   <div class='ocr_carea' id='block_1_48' title="bbox 657 4828 2218 4900">
    <p class='ocr_par' dir='ltr' id='par_1_48' title="bbox 657 4828 2218 4900">
     <span class='ocr_line' id='line_1_48' title="bbox 657 4828 2218 4900; baseline 0 -15"><span class='ocrx_word' id='word_1_378' title='bbox 657 4832 832 4900; x_wconf 69' lang='lat' dir='ltr'><strong>Papae,</strong></span> <span class='ocrx_word' id='word_1_379' title='bbox 866 4838 1057 4900; x_wconf 87' lang='lat' dir='ltr'><strong>quanta</strong></span> <span class='ocrx_word' id='word_1_380' title='bbox 1087 4845 1207 4884; x_wconf 91' lang='lat' dir='ltr'><strong>cum</strong></span> <span class='ocrx_word' id='word_1_381' title='bbox 1234 4828 1578 4884; x_wconf 87' lang='lat' dir='ltr'><strong>exuberantia</strong></span> <span class='ocrx_word' id='word_1_382' title='bbox 1608 4830 1757 4882; x_wconf 82' lang='lat' dir='ltr'><strong>vicit!</strong></span> <span class='ocrx_word' id='word_1_383' title='bbox 1800 4830 2029 4883; x_wconf 89' lang='lat' dir='ltr'><strong>ostendit</strong></span> <span class='ocrx_word' id='word_1_384' title='bbox 2055 4832 2218 4898; x_wconf 89' lang='lat' dir='ltr'><strong>enim,</strong></span> 
     </span>
    </p>
   </div>
   <div class='ocr_carea' id='block_1_49' title="bbox 656 4919 2219 4984">
    <p class='ocr_par' dir='ltr' id='par_1_49' title="bbox 656 4919 2219 4984">
     <span class='ocr_line' id='line_1_49' title="bbox 656 4919 2219 4984; baseline 0.001 -10"><span class='ocrx_word' id='word_1_385' title='bbox 656 4921 800 4975; x_wconf 88' lang='lat' dir='ltr'><strong>rein</strong></span> <span class='ocrx_word' id='word_1_386' title='bbox 839 4920 1215 4975; x_wconf 89' lang='lat' dir='ltr'><strong>absurditatem</strong></span> <span class='ocrx_word' id='word_1_387' title='bbox 1256 4919 1481 4974; x_wconf 87' lang='lat' dir='ltr'><strong>adducta</strong></span> <span class='ocrx_word' id='word_1_388' title='bbox 1505 4960 1519 4984; x_wconf 94' lang='lat'><strong>,</strong></span> <span class='ocrx_word' id='word_1_389' title='bbox 1565 4934 1671 4973; x_wconf 92' lang='lat' dir='ltr'><strong>non</strong></span> <span class='ocrx_word' id='word_1_390' title='bbox 1718 4920 2008 4974; x_wconf 89' lang='lat' dir='ltr'><strong>secundum</strong></span> <span class='ocrx_word' id='word_1_391' title='bbox 2056 4920 2219 4976; x_wconf 89' lang='lat' dir='ltr'><strong>Deum</strong></span> 
     </span>
    </p>
   </div>
   <div class='ocr_carea' id='block_1_50' title="bbox 653 5010 2222 5079">
    <p class='ocr_par' dir='ltr' id='par_1_50' title="bbox 653 5010 2222 5079">
     <span class='ocr_line' id='line_1_50' title="bbox 653 5010 2222 5079; baseline 0.001 -16"><span class='ocrx_word' id='word_1_392' title='bbox 653 5012 790 5075; x_wconf 85' lang='lat' dir='ltr'><strong>lore,</strong></span> <span class='ocrx_word' id='word_1_393' title='bbox 819 5012 861 5063; x_wconf 89' lang='lat' dir='ltr'><strong>si</strong></span> <span class='ocrx_word' id='word_1_394' title='bbox 896 5025 981 5065; x_wconf 88' lang='lat' dir='ltr'><strong>res</strong></span> <span class='ocrx_word' id='word_1_395' title='bbox 1012 5012 1079 5064; x_wconf 89' lang='lat' dir='ltr'><strong>ita</strong></span> <span class='ocrx_word' id='word_1_396' title='bbox 1118 5025 1224 5065; x_wconf 90' lang='lat' dir='ltr'><strong>non</strong></span> <span class='ocrx_word' id='word_1_397' title='bbox 1252 5020 1431 5074; x_wconf 89' lang='lat' dir='ltr'><strong>esset;</strong></span> <span class='ocrx_word' id='word_1_398' title='bbox 1470 5025 1588 5063; x_wconf 89' lang='lat' dir='ltr'><strong>nam</strong></span> <span class='ocrx_word' id='word_1_399' title='bbox 1617 5010 1667 5062; x_wconf 90' lang='lat' dir='ltr'><strong>id</strong></span> <span class='ocrx_word' id='word_1_400' title='bbox 1700 5024 2043 5079; x_wconf 87' lang='lat' dir='ltr'><strong>personarum</strong></span> <span class='ocrx_word' id='word_1_401' title='bbox 2073 5027 2222 5065; x_wconf 83' lang='lat' dir='ltr'><strong>acce-</strong></span> 
     </span>
    </p>
   </div>
   <div class='ocr_carea' id='block_1_51' title="bbox 657 5103 2221 5174">
    <p class='ocr_par' dir='ltr' id='par_1_51' title="bbox 657 5103 2221 5174">
     <span class='ocr_line' id='line_1_51' title="bbox 657 5103 2221 5174; baseline 0.003 -19"><span class='ocrx_word' id='word_1_402' title='bbox 657 5104 764 5172; x_wconf 84' lang='lat' dir='ltr'><strong>ptio</strong></span> <span class='ocrx_word' id='word_1_403' title='bbox 794 5113 971 5157; x_wconf 90' lang='lat' dir='ltr'><strong>esset:</strong></span> <span class='ocrx_word' id='word_1_404' title='bbox 1001 5103 1137 5172; x_wconf 91' lang='lat' dir='ltr'><strong>quod</strong></span> <span class='ocrx_word' id='word_1_405' title='bbox 1170 5104 1221 5157; x_wconf 91' lang='lat' dir='ltr'><strong>in</strong></span> <span class='ocrx_word' id='word_1_406' title='bbox 1250 5103 1417 5158; x_wconf 88' lang='lat' dir='ltr'><strong>Deum</strong></span> <span class='ocrx_word' id='word_1_407' title='bbox 1456 5104 1643 5159; x_wconf 82' lang='lat' dir='ltr'><strong>cadere</strong></span> <span class='ocrx_word' id='word_1_408' title='bbox 1672 5119 1776 5158; x_wconf 89' lang='lat' dir='ltr'><strong>non</strong></span> <span class='ocrx_word' id='word_1_409' title='bbox 1810 5114 2000 5171; x_wconf 87' lang='lat' dir='ltr'><strong>potest.</strong></span> <span class='ocrx_word' id='word_1_410' title='bbox 2043 5104 2221 5174; x_wconf 81' lang='lat' dir='ltr'><strong>Neque</strong></span> 
     </span>
    </p>
   </div>
   <div class='ocr_carea' id='block_1_52' title="bbox 652 5183 2221 5265">
    <p class='ocr_par' dir='ltr' id='par_1_52' title="bbox 652 5183 2221 5265">
     <span class='ocr_line' id='line_1_52' title="bbox 652 5183 2221 5265; baseline 0 -15"><span class='ocrx_word' id='word_1_411' title='bbox 652 5195 807 5259; x_wconf 87' lang='lat' dir='ltr'><strong>dixit,</strong></span> <span class='ocrx_word' id='word_1_412' title='bbox 840 5183 947 5248; x_wconf 82' lang='lat' dir='ltr'><strong>Nisi</strong></span> <span class='ocrx_word' id='word_1_413' title='bbox 973 5209 1057 5247; x_wconf 90' lang='lat' dir='ltr'><strong>res</strong></span> <span class='ocrx_word' id='word_1_414' title='bbox 1080 5194 1148 5248; x_wconf 85' lang='lat' dir='ltr'><strong>ita</strong></span> <span class='ocrx_word' id='word_1_415' title='bbox 1172 5208 1231 5249; x_wconf 89' lang='lat' dir='ltr'><strong>se</strong></span> <span class='ocrx_word' id='word_1_416' title='bbox 1260 5194 1471 5260; x_wconf 87' lang='lat' dir='ltr'><strong>habeat,</strong></span> <span class='ocrx_word' id='word_1_417' title='bbox 1496 5209 1843 5262; x_wconf 86' lang='lat' dir='ltr'><strong>personarum</strong></span> <span class='ocrx_word' id='word_1_418' title='bbox 1873 5206 2119 5265; x_wconf 86' lang='lat' dir='ltr'><strong>acceptor</strong></span> <span class='ocrx_word' id='word_1_419' title='bbox 2140 5208 2221 5250; x_wconf 85' lang='lat' dir='ltr'><strong>est</strong></span> 
     </span>
    </p>
   </div>
   <div class='ocr_carea' id='block_1_53' title="bbox 656 5283 2219 5355">
    <p class='ocr_par' dir='ltr' id='par_1_53' title="bbox 656 5283 2219 5355">
     <span class='ocr_line' id='line_1_53' title="bbox 656 5283 2219 5355; baseline -0.001 -13"><span class='ocrx_word' id='word_1_420' title='bbox 656 5290 833 5355; x_wconf 82' lang='lat' dir='ltr'><strong>Deus;</strong></span> <span class='ocrx_word' id='word_1_421' title='bbox 866 5286 958 5341; x_wconf 89' lang='lat' dir='ltr'><strong>sed</strong></span> <span class='ocrx_word' id='word_1_422' title='bbox 996 5286 1205 5355; x_wconf 81' lang='lat' dir='ltr'><strong>dignius</strong></span> <span class='ocrx_word' id='word_1_423' title='bbox 1232 5286 1475 5354; x_wconf 85' lang='lat' dir='ltr'><strong>loquens,</strong></span> <span class='ocrx_word' id='word_1_424' title='bbox 1519 5283 1639 5337; x_wconf 86' lang='lat' dir='ltr'><strong>Non</strong></span> <span class='ocrx_word' id='word_1_425' title='bbox 1668 5296 1737 5336; x_wconf 87' lang='lat' dir='ltr'><strong>est</strong></span> <span class='ocrx_word' id='word_1_426' title='bbox 1778 5302 2102 5351; x_wconf 82' lang='lat' dir='ltr'><strong>personarum</strong></span> <span class='ocrx_word' id='word_1_427' title='bbox 2134 5302 2219 5340; x_wconf 78' lang='lat' dir='ltr'><strong>ac-</strong></span> 
     </span>
    </p>
   </div>
   <div class='ocr_carea' id='block_1_54' title="bbox 648 5375 2215 5448">
    <p class='ocr_par' dir='ltr' id='par_1_54' title="bbox 648 5375 2215 5448">
     <span class='ocr_line' id='line_1_54' title="bbox 648 5375 2215 5448; baseline -0.001 -17"><span class='ocrx_word' id='word_1_428' title='bbox 648 5378 808 5447; x_wconf 82' lang='lat' dir='ltr'><strong>ceptio</strong></span> <span class='ocrx_word' id='word_1_429' title='bbox 826 5378 963 5448; x_wconf 83' lang='lat' dir='ltr'><strong>apud</strong></span> <span class='ocrx_word' id='word_1_430' title='bbox 985 5376 1187 5439; x_wconf 87' lang='lat' dir='ltr'><strong>Deum;</strong></span> <span class='ocrx_word' id='word_1_431' title='bbox 1209 5375 1258 5429; x_wconf 91' lang='lat' dir='ltr'><strong>id</strong></span> <span class='ocrx_word' id='word_1_432' title='bbox 1279 5384 1381 5439; x_wconf 89' lang='lat' dir='ltr'><strong>est,</strong></span> <span class='ocrx_word' id='word_1_433' title='bbox 1406 5388 1507 5428; x_wconf 92' lang='lat' dir='ltr'><strong>non</strong></span> <span class='ocrx_word' id='word_1_434' title='bbox 1530 5389 1869 5443; x_wconf 82' lang='lat' dir='ltr'><strong>personarum</strong></span> <span class='ocrx_word' id='word_1_435' title='bbox 1889 5376 2215 5443; x_wconf 84' lang='lat' dir='ltr'><strong>qualitatem,</strong></span> 
     </span>
    </p>
   </div>
   <div class='ocr_carea' id='block_1_55' title="bbox 650 5466 2221 5525">
    <p class='ocr_par' dir='ltr' id='par_1_55' title="bbox 650 5466 2221 5525">
     <span class='ocr_line' id='line_1_55' title="bbox 650 5466 2221 5525; baseline -0.003 0"><span class='ocrx_word' id='word_1_436' title='bbox 650 5469 744 5525; x_wconf 82' lang='lat' dir='ltr'><strong>sed</strong></span> <span class='ocrx_word' id='word_1_437' title='bbox 774 5484 950 5524; x_wconf 87' lang='lat' dir='ltr'><strong>rerum</strong></span> <span class='ocrx_word' id='word_1_438' title='bbox 978 5467 1325 5522; x_wconf 80' lang='lat' dir='ltr'><strong>dill‘ereutiam</strong></span> <span class='ocrx_word' id='word_1_439' title='bbox 1357 5466 1641 5521; x_wconf 84' lang='lat' dir='ltr'><strong>examinat.</strong></span> <span class='ocrx_word' id='word_1_440' title='bbox 1676 5466 1807 5520; x_wconf 85' lang='lat' dir='ltr'><strong>Hinc</strong></span> <span class='ocrx_word' id='word_1_441' title='bbox 1838 5481 1964 5520; x_wconf 89' lang='lat' dir='ltr'><strong>vero</strong></span> <span class='ocrx_word' id='word_1_442' title='bbox 1987 5467 2221 5521; x_wconf 84' lang='lat' dir='ltr'><strong>declarat</strong></span> 
     </span>
    </p>
   </div>
   <div class='ocr_carea' id='block_1_56' title="bbox 652 5555 2220 5627">
    <p class='ocr_par' dir='ltr' id='par_1_56' title="bbox 652 5555 2220 5627">
     <span class='ocr_line' id='line_1_56' title="bbox 652 5555 2220 5627; baseline 0.001 -17"><span class='ocrx_word' id='word_1_443' title='bbox 652 5575 756 5612; x_wconf 89' lang='lat' dir='ltr'><strong>non</strong></span> <span class='ocrx_word' id='word_1_444' title='bbox 786 5574 863 5624; x_wconf 90' lang='lat' dir='ltr'><strong>re,</strong></span> <span class='ocrx_word' id='word_1_445' title='bbox 892 5559 983 5613; x_wconf 88' lang='lat' dir='ltr'><strong>sed</strong></span> <span class='ocrx_word' id='word_1_446' title='bbox 1027 5573 1247 5627; x_wconf 76' lang='lat' dir='ltr'><strong>persona</strong></span> <span class='ocrx_word' id='word_1_447' title='bbox 1290 5557 1528 5611; x_wconf 65' lang='lat' dir='ltr'><strong>Judaeum</strong></span> <span class='ocrx_word' id='word_1_448' title='bbox 1574 5571 1601 5609; x_wconf 91' lang='lat' dir='ltr'><strong>a</strong></span> <span class='ocrx_word' id='word_1_449' title='bbox 1642 5556 1827 5611; x_wconf 74' lang='lat' dir='ltr'><strong>Grmco</strong></span> <span class='ocrx_word' id='word_1_450' title='bbox 1853 5555 2092 5613; x_wconf 87' lang='lat' dir='ltr'><strong>dillerre.</strong></span> <span class='ocrx_word' id='word_1_451' title='bbox 2128 5558 2220 5612; x_wconf 89' lang='lat' dir='ltr'><strong>llis</strong></span> 
     </span>
    </p>
   </div>
   <div class='ocr_carea' id='block_1_57' title="bbox 650 5647 2216 5719">
    <p class='ocr_par' dir='ltr' id='par_1_57' title="bbox 650 5647 2216 5719">
     <span class='ocr_line' id='line_1_57' title="bbox 650 5647 2216 5719; baseline 0.001 -20"><span class='ocrx_word' id='word_1_452' title='bbox 650 5662 982 5718; x_wconf 73' lang='lat' dir='ltr'><strong>consequens</strong></span> <span class='ocrx_word' id='word_1_453' title='bbox 1010 5657 1125 5704; x_wconf 89' lang='lat' dir='ltr'><strong>erat</strong></span> <span class='ocrx_word' id='word_1_454' title='bbox 1151 5648 1331 5704; x_wconf 87' lang='lat' dir='ltr'><strong>dicere</strong></span> <span class='ocrx_word' id='word_1_455' title='bbox 1362 5664 1377 5703; x_wconf 88' lang='lat'><strong>:</strong></span> <span class='ocrx_word' id='word_1_456' title='bbox 1407 5647 1522 5702; x_wconf 85' lang='lat' dir='ltr'><strong>Non</strong></span> <span class='ocrx_word' id='word_1_457' title='bbox 1549 5648 1710 5716; x_wconf 88' lang='lat' dir='ltr'><strong>enim,</strong></span> <span class='ocrx_word' id='word_1_458' title='bbox 1734 5649 1855 5717; x_wconf 88' lang='lat' dir='ltr'><strong>quia</strong></span> <span class='ocrx_word' id='word_1_459' title='bbox 1887 5649 1975 5703; x_wconf 88' lang='lat' dir='ltr'><strong>ille</strong></span> <span class='ocrx_word' id='word_1_460' title='bbox 1998 5648 2216 5719; x_wconf 87' lang='lat' dir='ltr'><strong>quidem</strong></span> 
     </span>
    </p>
   </div>
   <div class='ocr_carea' id='block_1_58' title="bbox 646 5740 2218 5809">
    <p class='ocr_par' dir='ltr' id='par_1_58' title="bbox 646 5740 2218 5809">
     <span class='ocr_line' id='line_1_58' title="bbox 646 5740 2218 5809; baseline 0.001 -15"><span class='ocrx_word' id='word_1_461' title='bbox 646 5740 878 5805; x_wconf 59' lang='lat' dir='ltr'><strong>.luda‘us,</strong></span> <span class='ocrx_word' id='word_1_462' title='bbox 910 5740 994 5793; x_wconf 91' lang='lat' dir='ltr'><strong>hic</strong></span> <span class='ocrx_word' id='word_1_463' title='bbox 1020 5741 1234 5794; x_wconf 82' lang='lat' dir='ltr'><strong>Graecus</strong></span> <span class='ocrx_word' id='word_1_464' title='bbox 1259 5756 1273 5803; x_wconf 90' lang='lat'><strong>;</strong></span> <span class='ocrx_word' id='word_1_465' title='bbox 1308 5740 1425 5795; x_wconf 84' lang='lat' dir='ltr'><strong>ideo</strong></span> <span class='ocrx_word' id='word_1_466' title='bbox 1452 5740 1537 5794; x_wconf 89' lang='lat' dir='ltr'><strong>ille</strong></span> <span class='ocrx_word' id='word_1_467' title='bbox 1560 5741 1770 5809; x_wconf 89' lang='lat' dir='ltr'><strong>quidem</strong></span> <span class='ocrx_word' id='word_1_468' title='bbox 1798 5741 2103 5805; x_wconf 89' lang='lat' dir='ltr'><strong>honoratur,</strong></span> <span class='ocrx_word' id='word_1_469' title='bbox 2133 5740 2218 5796; x_wconf 87' lang='lat' dir='ltr'><strong>hic</strong></span> 
     </span>
    </p>
   </div>
   <div class='ocr_carea' id='block_1_59' title="bbox 648 5831 2217 5903">
    <p class='ocr_par' dir='ltr' id='par_1_59' title="bbox 648 5831 2217 5903">
     <span class='ocr_line' id='line_1_59' title="bbox 648 5831 2217 5903; baseline -0.001 -14"><span class='ocrx_word' id='word_1_470' title='bbox 648 5849 773 5889; x_wconf 87' lang='lat' dir='ltr'><strong>vero</strong></span> <span class='ocrx_word' id='word_1_471' title='bbox 796 5833 1111 5887; x_wconf 90' lang='lat' dir='ltr'><strong>contumelia</strong></span> <span class='ocrx_word' id='word_1_472' title='bbox 1142 5831 1369 5886; x_wconf 78' lang='lat' dir='ltr'><strong>afficitur</strong></span> <span class='ocrx_word' id='word_1_473' title='bbox 1400 5851 1413 5887; x_wconf 88' lang='lat'><strong>:</strong></span> <span class='ocrx_word' id='word_1_474' title='bbox 1446 5832 1537 5888; x_wconf 86' lang='lat' dir='ltr'><strong>sed</strong></span> <span class='ocrx_word' id='word_1_475' title='bbox 1568 5848 1630 5889; x_wconf 87' lang='lat' dir='ltr'><strong>ex</strong></span> <span class='ocrx_word' id='word_1_476' title='bbox 1656 5832 1906 5903; x_wconf 88' lang='lat' dir='ltr'><strong>operibus</strong></span> <span class='ocrx_word' id='word_1_477' title='bbox 1937 5842 2217 5902; x_wconf 85' lang='lat' dir='ltr'><strong>utrumque</strong></span> 
     </span>
    </p>
   </div>
   <div class='ocr_carea' id='block_1_60' title="bbox 647 5922 2213 5992">
    <p class='ocr_par' dir='ltr' id='par_1_60' title="bbox 647 5922 2213 5992">
     <span class='ocr_line' id='line_1_60' title="bbox 647 5922 2213 5992; baseline 0.003 -17"><span class='ocrx_word' id='word_1_478' title='bbox 647 5922 727 5979; x_wconf 78' lang='lat' dir='ltr'><strong>lit.</strong></span> <span class='ocrx_word' id='word_1_479' title='bbox 760 5922 948 5980; x_wconf 82' lang='lat' dir='ltr'><strong>Verum</strong></span> <span class='ocrx_word' id='word_1_480' title='bbox 990 5941 1092 5979; x_wconf 88' lang='lat' dir='ltr'><strong>non</strong></span> <span class='ocrx_word' id='word_1_481' title='bbox 1124 5926 1191 5980; x_wconf 86' lang='lat' dir='ltr'><strong>ita</strong></span> <span class='ocrx_word' id='word_1_482' title='bbox 1222 5924 1387 5992; x_wconf 80' lang='lat' dir='ltr'><strong>dixit;</strong></span> <span class='ocrx_word' id='word_1_483' title='bbox 1418 5941 1534 5979; x_wconf 88' lang='lat' dir='ltr'><strong>nam</strong></span> <span class='ocrx_word' id='word_1_484' title='bbox 1566 5925 1730 5980; x_wconf 67' lang='lat' dir='ltr'><strong>Judaei</strong></span> <span class='ocrx_word' id='word_1_485' title='bbox 1759 5928 1989 5981; x_wconf 78' lang='lat' dir='ltr'><strong>animum</strong></span> <span class='ocrx_word' id='word_1_486' title='bbox 2032 5927 2213 5980; x_wconf 74' lang='lat' dir='ltr'><strong>conci~</strong></span> 
     </span>
    </p>
   </div>
   <div class='ocr_carea' id='block_1_61' title="bbox 1415 524 3921 594">
    <p class='ocr_par' dir='ltr' id='par_1_61' title="bbox 1415 524 3921 594">
     <span class='ocr_line' id='line_1_61' title="bbox 1415 524 3921 594; baseline -0.003 0"><span class='ocrx_word' id='word_1_487' title='bbox 1415 537 1473 594; x_wconf 83' lang='lat' dir='ltr'><strong>S.</strong></span> <span class='ocrx_word' id='word_1_488' title='bbox 1512 531 1783 591; x_wconf 76' lang='lat' dir='ltr'><strong>JOANNIS</strong></span> <span class='ocrx_word' id='word_1_489' title='bbox 1819 524 2293 586; x_wconf 79' lang='lat' dir='ltr'><strong>CllRYSOSTOMl</strong></span> <span class='ocrx_word' id='word_1_490' title='bbox 2329 526 2637 583; x_wconf 82' lang='lat' dir='ltr'><strong>AllClllEP.</strong></span> <span class='ocrx_word' id='word_1_491' title='bbox 2682 526 3203 585; x_wconf 75' lang='lat' dir='ltr'><strong>CONSTANTINOP.</strong></span> <span class='ocrx_word' id='word_1_492' title='bbox 3845 535 3921 587; x_wconf 50' lang='lat' dir='ltr'><strong>li?</strong></span> 
     </span>
    </p>
   </div>
   <div class='ocr_carea' id='block_1_62' title="bbox 2359 634 3921 710">
    <p class='ocr_par' dir='ltr' id='par_1_62' title="bbox 2359 634 3921 710">
     <span class='ocr_line' id='line_1_62' title="bbox 2359 634 3921 710; baseline 0.006 -20"><span class='ocrx_word' id='word_1_493' title='bbox 2359 645 2520 693; x_wconf 85' lang='lat' dir='ltr'><strong>lasset</strong></span> <span class='ocrx_word' id='word_1_494' title='bbox 2543 655 2557 702; x_wconf 89' lang='lat'><strong>;</strong></span> <span class='ocrx_word' id='word_1_495' title='bbox 2581 639 2675 694; x_wconf 87' lang='lat' dir='ltr'><strong>sed</strong></span> <span class='ocrx_word' id='word_1_496' title='bbox 2706 639 2830 709; x_wconf 89' lang='lat' dir='ltr'><strong>quid</strong></span> <span class='ocrx_word' id='word_1_497' title='bbox 2856 634 3087 710; x_wconf 73' lang='lat' dir='ltr'><strong>amplius</strong></span> <span class='ocrx_word' id='word_1_498' title='bbox 3120 640 3337 701; x_wconf 82' lang='lat' dir='ltr'><strong>addidit.</strong></span> <span class='ocrx_word' id='word_1_499' title='bbox 3366 643 3582 698; x_wconf 85' lang='lat' dir='ltr'><strong>illorum</strong></span> <span class='ocrx_word' id='word_1_500' title='bbox 3615 646 3817 699; x_wconf 80' lang='lat' dir='ltr'><strong>fastum</strong></span> <span class='ocrx_word' id='word_1_501' title='bbox 3844 650 3921 699; x_wconf 75' lang='lat' dir='ltr'><strong>de-</strong></span> 
     </span>
    </p>
   </div>
   <div class='ocr_carea' id='block_1_63' title="bbox 2350 726 3919 807">
    <p class='ocr_par' dir='ltr' id='par_1_63' title="bbox 2350 726 3919 807">
     <span class='ocr_line' id='line_1_63' title="bbox 2350 726 3919 807; baseline 0.008 -27"><span class='ocrx_word' id='word_1_502' title='bbox 2350 726 2540 795; x_wconf 86' lang='lat' dir='ltr'><strong>jiciens</strong></span> <span class='ocrx_word' id='word_1_503' title='bbox 2559 742 2622 783; x_wconf 91' lang='lat' dir='ltr'><strong>ac</strong></span> <span class='ocrx_word' id='word_1_504' title='bbox 2642 731 3023 799; x_wconf 86' lang='lat' dir='ltr'><strong>comprimens.</strong></span> <span class='ocrx_word' id='word_1_505' title='bbox 3045 742 3100 787; x_wconf 93' lang='lat' dir='ltr'><strong>ut</strong></span> <span class='ocrx_word' id='word_1_506' title='bbox 3117 733 3246 787; x_wconf 90' lang='lat' dir='ltr'><strong>illud</strong></span> <span class='ocrx_word' id='word_1_507' title='bbox 3263 733 3632 792; x_wconf 87' lang='lat' dir='ltr'><strong>admitterent.</strong></span> <span class='ocrx_word' id='word_1_508' title='bbox 3653 738 3797 807; x_wconf 81' lang='lat' dir='ltr'><strong>Quid</strong></span> <span class='ocrx_word' id='word_1_509' title='bbox 3817 742 3919 794; x_wconf 82' lang='lat' dir='ltr'><strong>illad</strong></span> 
     </span>
    </p>
   </div>
   <div class='ocr_carea' id='block_1_64' title="bbox 2353 816 3920 899">
    <p class='ocr_par' dir='ltr' id='par_1_64' title="bbox 2353 816 3920 899">
     <span class='ocr_line' id='line_1_64' title="bbox 2353 816 3920 899; baseline 0.009 -29"><span class='ocrx_word' id='word_1_510' title='bbox 2353 816 2471 870; x_wconf 84' lang='lat' dir='ltr'><strong>est?</strong></span> <span class='ocrx_word' id='word_1_511' title='bbox 2499 816 2551 870; x_wconf 92' lang='lat' dir='ltr'><strong>Id</strong></span> <span class='ocrx_word' id='word_1_512' title='bbox 2580 817 2722 888; x_wconf 89' lang='lat' dir='ltr'><strong>quod</strong></span> <span class='ocrx_word' id='word_1_513' title='bbox 2763 820 3023 889; x_wconf 84' lang='lat' dir='ltr'><strong>sequitur.</strong></span> <span class='ocrx_word' id='word_1_514' title='bbox 3066 822 3151 876; x_wconf 74' lang='lat'><strong>12.</strong></span> <span class='ocrx_word' id='word_1_515' title='bbox 3194 823 3504 896; x_wconf 80' lang='lat' dir='ltr'><strong>Quicumque</strong></span> <span class='ocrx_word' id='word_1_516' title='bbox 3542 830 3707 894; x_wconf 78' lang='lat' dir='ltr'><strong>enim,</strong></span> <span class='ocrx_word' id='word_1_517' title='bbox 3750 830 3920 899; x_wconf 85' lang='lat' dir='ltr'><strong>inquit.</strong></span> 
     </span>
    </p>
   </div>
   <div class='ocr_carea' id='block_1_65' title="bbox 2352 906 3920 993">
    <p class='ocr_par' dir='ltr' id='par_1_65' title="bbox 2352 906 3920 993">
     <span class='ocr_line' id='line_1_65' title="bbox 2352 906 3920 993; baseline 0.01 -33"><span class='ocrx_word' id='word_1_518' title='bbox 2352 906 2460 961; x_wconf 86' lang='lat' dir='ltr'><strong>sine</strong></span> <span class='ocrx_word' id='word_1_519' title='bbox 2484 907 2593 978; x_wconf 79' lang='lat' dir='ltr'><strong>lege</strong></span> <span class='ocrx_word' id='word_1_520' title='bbox 2611 920 2953 977; x_wconf 73' lang='lat' dir='ltr'><strong>peccaverunt,</strong></span> <span class='ocrx_word' id='word_1_521' title='bbox 2977 913 3086 965; x_wconf 90' lang='lat' dir='ltr'><strong>sine</strong></span> <span class='ocrx_word' id='word_1_522' title='bbox 3100 914 3209 983; x_wconf 84' lang='lat' dir='ltr'><strong>lege</strong></span> <span class='ocrx_word' id='word_1_523' title='bbox 3222 916 3445 985; x_wconf 79' lang='lat' dir='ltr'><strong>peribant</strong></span> <span class='ocrx_word' id='word_1_524' title='bbox 3464 933 3483 971; x_wconf 91' lang='lat'><strong><em>:</em></strong></span> <span class='ocrx_word' id='word_1_525' title='bbox 3502 928 3548 972; x_wconf 78' lang='lat' dir='ltr'><strong>et</strong></span> <span class='ocrx_word' id='word_1_526' title='bbox 3563 922 3865 993; x_wconf 61' lang='lat' dir='ltr'><strong>quicumque</strong></span> <span class='ocrx_word' id='word_1_527' title='bbox 3883 928 3920 975; x_wconf 78' lang='lat' dir='ltr'><strong>in</strong></span> 
     </span>
    </p>
   </div>
   <div class='ocr_carea' id='block_1_66' title="bbox 2353 996 3920 1081">
    <p class='ocr_par' dir='ltr' id='par_1_66' title="bbox 2353 996 3920 1081">
     <span class='ocr_line' id='line_1_66' title="bbox 2353 996 3920 1081; baseline 0.011 -32"><span class='ocrx_word' id='word_1_528' title='bbox 2353 996 2459 1068; x_wconf 82' lang='lat' dir='ltr'><strong>legs</strong></span> <span class='ocrx_word' id='word_1_529' title='bbox 2482 1008 2822 1066; x_wconf 73' lang='lat' dir='ltr'><strong>peccaverunt,</strong></span> <span class='ocrx_word' id='word_1_530' title='bbox 2847 1016 2934 1071; x_wconf 85' lang='lat' dir='ltr'><strong>per</strong></span> <span class='ocrx_word' id='word_1_531' title='bbox 2974 1000 3131 1072; x_wconf 82' lang='lat' dir='ltr'><strong>legem</strong></span> <span class='ocrx_word' id='word_1_532' title='bbox 3164 1005 3550 1073; x_wconf 67' lang='lat' dir='ltr'><strong>iudicabuntur.</strong></span> <span class='ocrx_word' id='word_1_533' title='bbox 3580 1009 3707 1077; x_wconf 84' lang='lat' dir='ltr'><strong>ﬂic,</strong></span> <span class='ocrx_word' id='word_1_534' title='bbox 3745 1022 3803 1066; x_wconf 90' lang='lat' dir='ltr'><strong>ut</strong></span> <span class='ocrx_word' id='word_1_535' title='bbox 3828 1015 3920 1081; x_wconf 87' lang='lat' dir='ltr'><strong>jam</strong></span> 
     </span>
    </p>
   </div>
   <div class='ocr_carea' id='block_1_67' title="bbox 2350 1086 3921 1160">
    <p class='ocr_par' dir='ltr' id='par_1_67' title="bbox 2350 1086 3921 1160">
     <span class='ocr_line' id='line_1_67' title="bbox 2350 1086 3921 1160; baseline 0.011 -17"><span class='ocrx_word' id='word_1_536' title='bbox 2350 1086 2485 1153; x_wconf 82' lang='lat' dir='ltr'><strong>dixi,</strong></span> <span class='ocrx_word' id='word_1_537' title='bbox 2512 1103 2618 1143; x_wconf 90' lang='lat' dir='ltr'><strong>non</strong></span> <span class='ocrx_word' id='word_1_538' title='bbox 2642 1089 2802 1145; x_wconf 92' lang='lat' dir='ltr'><strong>modo</strong></span> <span class='ocrx_word' id='word_1_539' title='bbox 2841 1091 3194 1160; x_wconf 64' lang='lat' dir='ltr'><strong>aequalitatem</strong></span> <span class='ocrx_word' id='word_1_540' title='bbox 3226 1095 3363 1151; x_wconf 89' lang='lat' dir='ltr'><strong>inter</strong></span> <span class='ocrx_word' id='word_1_541' title='bbox 3400 1096 3646 1155; x_wconf 67' lang='lat' dir='ltr'><strong>lndmum</strong></span> <span class='ocrx_word' id='word_1_542' title='bbox 3690 1113 3748 1157; x_wconf 87' lang='lat' dir='ltr'><strong>et</strong></span> <span class='ocrx_word' id='word_1_543' title='bbox 3793 1103 3921 1159; x_wconf 57' lang='lat' dir='ltr'><strong>Cra»</strong></span> 
     </span>
    </p>
   </div>
   <div class='ocr_carea' id='block_1_68' title="bbox 2349 1179 3919 1265">
    <p class='ocr_par' dir='ltr' id='par_1_68' title="bbox 2349 1179 3919 1265">
     <span class='ocr_line' id='line_1_68' title="bbox 2349 1179 3919 1265; baseline 0.012 -33"><span class='ocrx_word' id='word_1_544' title='bbox 2349 1191 2469 1233; x_wconf 88' lang='lat' dir='ltr'><strong>cum</strong></span> <span class='ocrx_word' id='word_1_545' title='bbox 2488 1179 2698 1243; x_wconf 85' lang='lat' dir='ltr'><strong>indicat,</strong></span> <span class='ocrx_word' id='word_1_546' title='bbox 2719 1180 2812 1236; x_wconf 90' lang='lat' dir='ltr'><strong>sed</strong></span> <span class='ocrx_word' id='word_1_547' title='bbox 2830 1182 2988 1237; x_wconf 88' lang='lat' dir='ltr'><strong>etiam</strong></span> <span class='ocrx_word' id='word_1_548' title='bbox 3004 1182 3245 1239; x_wconf 66' lang='lat' dir='ltr'><strong>Judaeum</strong></span> <span class='ocrx_word' id='word_1_549' title='bbox 3267 1200 3297 1238; x_wconf 86' lang='lat' dir='ltr'><strong>a</strong></span> <span class='ocrx_word' id='word_1_550' title='bbox 3321 1187 3436 1257; x_wconf 82' lang='lat' dir='ltr'><strong>lege</strong></span> <span class='ocrx_word' id='word_1_551' title='bbox 3466 1192 3623 1248; x_wconf 86' lang='lat' dir='ltr'><strong>valde</strong></span> <span class='ocrx_word' id='word_1_552' title='bbox 3654 1207 3919 1265; x_wconf 82' lang='lat' dir='ltr'><strong>gravatum</strong></span> 
     </span>
    </p>
   </div>
   <div class='ocr_carea' id='block_1_69' title="bbox 2348 1271 3917 1356">
    <p class='ocr_par' dir='ltr' id='par_1_69' title="bbox 2348 1271 3917 1356">
     <span class='ocr_line' id='line_1_69' title="bbox 2348 1271 3917 1356; baseline 0.012 -32"><span class='ocrx_word' id='word_1_553' title='bbox 2348 1285 2468 1326; x_wconf 86' lang='lat' dir='ltr'><strong>esse</strong></span> <span class='ocrx_word' id='word_1_554' title='bbox 2503 1271 2832 1328; x_wconf 83' lang='lat' dir='ltr'><strong>demonstrat</strong></span> <span class='ocrx_word' id='word_1_555' title='bbox 2864 1292 2878 1329; x_wconf 91' lang='lat'><strong>:</strong></span> <span class='ocrx_word' id='word_1_556' title='bbox 2909 1274 3127 1331; x_wconf 65' lang='lat' dir='ltr'><strong>Graecus</strong></span> <span class='ocrx_word' id='word_1_557' title='bbox 3153 1278 3293 1332; x_wconf 91' lang='lat' dir='ltr'><strong>enim</strong></span> <span class='ocrx_word' id='word_1_558' title='bbox 3334 1280 3451 1336; x_wconf 89' lang='lat' dir='ltr'><strong>sine</strong></span> <span class='ocrx_word' id='word_1_559' title='bbox 3494 1283 3613 1354; x_wconf 84' lang='lat' dir='ltr'><strong>lege</strong></span> <span class='ocrx_word' id='word_1_560' title='bbox 3635 1287 3917 1356; x_wconf 84' lang='lat' dir='ltr'><strong>judicatur.</strong></span> 
     </span>
    </p>
   </div>
   <div class='ocr_carea' id='block_1_70' title="bbox 2346 1360 3919 1449">
    <p class='ocr_par' dir='ltr' id='par_1_70' title="bbox 2346 1360 3919 1449">
     <span class='ocr_line' id='line_1_70' title="bbox 2346 1360 3919 1449; baseline 0.011 -34"><span class='ocrx_word' id='word_1_561' title='bbox 2346 1360 2443 1416; x_wconf 78' lang='lat' dir='ltr'><strong>llic</strong></span> <span class='ocrx_word' id='word_1_562' title='bbox 2460 1370 2657 1426; x_wconf 88' lang='lat' dir='ltr'><strong>autem,</strong></span> <span class='ocrx_word' id='word_1_563' title='bbox 2680 1364 2805 1419; x_wconf 86' lang='lat' dir='ltr'><strong>Sine</strong></span> <span class='ocrx_word' id='word_1_564' title='bbox 2818 1364 2943 1436; x_wconf 84' lang='lat' dir='ltr'><strong>lege,</strong></span> <span class='ocrx_word' id='word_1_565' title='bbox 2965 1381 3072 1421; x_wconf 90' lang='lat' dir='ltr'><strong>non</strong></span> <span class='ocrx_word' id='word_1_566' title='bbox 3086 1369 3324 1437; x_wconf 84' lang='lat' dir='ltr'><strong>gravius,</strong></span> <span class='ocrx_word' id='word_1_567' title='bbox 3343 1372 3436 1426; x_wconf 86' lang='lat' dir='ltr'><strong>sed</strong></span> <span class='ocrx_word' id='word_1_568' title='bbox 3459 1376 3641 1430; x_wconf 87' lang='lat' dir='ltr'><strong>minus</strong></span> <span class='ocrx_word' id='word_1_569' title='bbox 3658 1381 3919 1449; x_wconf 86' lang='lat' dir='ltr'><strong>quidpiam</strong></span> 
     </span>
    </p>
   </div>
   <div class='ocr_carea' id='block_1_71' title="bbox 2346 1451 3917 1537">
    <p class='ocr_par' dir='ltr' id='par_1_71' title="bbox 2346 1451 3917 1537">
     <span class='ocr_line' id='line_1_71' title="bbox 2346 1451 3917 1537; baseline 0.013 -32"><span class='ocrx_word' id='word_1_570' title='bbox 2346 1451 2570 1518; x_wconf 87' lang='lat' dir='ltr'><strong>indicat,</strong></span> <span class='ocrx_word' id='word_1_571' title='bbox 2604 1455 2654 1508; x_wconf 90' lang='lat' dir='ltr'><strong>id</strong></span> <span class='ocrx_word' id='word_1_572' title='bbox 2684 1464 2787 1522; x_wconf 89' lang='lat' dir='ltr'><strong>est,</strong></span> <span class='ocrx_word' id='word_1_573' title='bbox 2812 1471 2917 1511; x_wconf 91' lang='lat' dir='ltr'><strong>non</strong></span> <span class='ocrx_word' id='word_1_574' title='bbox 2948 1456 3108 1513; x_wconf 86' lang='lat' dir='ltr'><strong>habet</strong></span> <span class='ocrx_word' id='word_1_575' title='bbox 3131 1472 3468 1517; x_wconf 82' lang='lat' dir='ltr'><strong>accusantem</strong></span> <span class='ocrx_word' id='word_1_576' title='bbox 3494 1479 3552 1521; x_wconf 90' lang='lat' dir='ltr'><strong>se</strong></span> <span class='ocrx_word' id='word_1_577' title='bbox 3576 1467 3777 1537; x_wconf 84' lang='lat' dir='ltr'><strong>legem.</strong></span> <span class='ocrx_word' id='word_1_578' title='bbox 3801 1472 3917 1525; x_wconf 82' lang='lat' dir='ltr'><strong>Illud</strong></span> 
     </span>
    </p>
   </div>
   <div class='ocr_carea' id='block_1_72' title="bbox 2344 1544 3919 1629">
    <p class='ocr_par' dir='ltr' id='par_1_72' title="bbox 2344 1544 3919 1629">
     <span class='ocr_line' id='line_1_72' title="bbox 2344 1544 3919 1629; baseline 0.011 -31"><span class='ocrx_word' id='word_1_579' title='bbox 2344 1545 2509 1610; x_wconf 86' lang='lat' dir='ltr'><strong>enim,</strong></span> <span class='ocrx_word' id='word_1_580' title='bbox 2529 1544 2653 1599; x_wconf 86' lang='lat' dir='ltr'><strong>Sine</strong></span> <span class='ocrx_word' id='word_1_581' title='bbox 2667 1546 2791 1616; x_wconf 80' lang='lat' dir='ltr'><strong>lege,</strong></span> <span class='ocrx_word' id='word_1_582' title='bbox 2813 1546 2863 1601; x_wconf 92' lang='lat' dir='ltr'><strong>id</strong></span> <span class='ocrx_word' id='word_1_583' title='bbox 2875 1556 2977 1613; x_wconf 88' lang='lat' dir='ltr'><strong>est,</strong></span> <span class='ocrx_word' id='word_1_584' title='bbox 2992 1548 3109 1604; x_wconf 89' lang='lat' dir='ltr'><strong>sine</strong></span> <span class='ocrx_word' id='word_1_585' title='bbox 3122 1549 3464 1609; x_wconf 88' lang='lat' dir='ltr'><strong>damnatione</strong></span> <span class='ocrx_word' id='word_1_586' title='bbox 3480 1572 3546 1610; x_wconf 72' lang='lat' dir='ltr'><strong>ex</strong></span> <span class='ocrx_word' id='word_1_587' title='bbox 3568 1558 3692 1629; x_wconf 88' lang='lat' dir='ltr'><strong>lege</strong></span> <span class='ocrx_word' id='word_1_588' title='bbox 3710 1560 3864 1626; x_wconf 75' lang='lat' dir='ltr'><strong>facta,</strong></span> <span class='ocrx_word' id='word_1_589' title='bbox 3877 1578 3919 1616; x_wconf 69' lang='grc' dir='ltr'><strong>ενι</strong></span> 
     </span>
    </p>
   </div>
   <div class='ocr_carea' id='block_1_73' title="bbox 2342 1637 3917 1709">
    <p class='ocr_par' dir='ltr' id='par_1_73' title="bbox 2342 1637 3917 1709">
     <span class='ocr_line' id='line_1_73' title="bbox 2342 1637 3917 1709; baseline 0.012 -21"><span class='ocrx_word' id='word_1_590' title='bbox 2342 1650 2410 1690; x_wconf 84' lang='lat' dir='ltr'><strong>ex</strong></span> <span class='ocrx_word' id='word_1_591' title='bbox 2433 1637 2761 1692; x_wconf 87' lang='lat' dir='ltr'><strong>naturalibus</strong></span> <span class='ocrx_word' id='word_1_592' title='bbox 2779 1638 2949 1694; x_wconf 88' lang='lat' dir='ltr'><strong>solum</strong></span> <span class='ocrx_word' id='word_1_593' title='bbox 2967 1641 3264 1697; x_wconf 86' lang='lat' dir='ltr'><strong>ratiociniis</strong></span> <span class='ocrx_word' id='word_1_594' title='bbox 3286 1647 3701 1705; x_wconf 87' lang='lat' dir='ltr'><strong>condemnatur.</strong></span> <span class='ocrx_word' id='word_1_595' title='bbox 3719 1651 3917 1709; x_wconf 70' lang='lat' dir='ltr'><strong>Juda&#39;us</strong></span> 
     </span>
    </p>
   </div>
   <div class='ocr_carea' id='block_1_74' title="bbox 2342 1728 3912 1803">
    <p class='ocr_par' dir='ltr' id='par_1_74' title="bbox 2342 1728 3912 1803">
     <span class='ocr_line' id='line_1_74' title="bbox 2342 1728 3912 1803; baseline 0.01 -22"><span class='ocrx_word' id='word_1_596' title='bbox 2342 1742 2471 1782; x_wconf 88' lang='lat' dir='ltr'><strong>vero</strong></span> <span class='ocrx_word' id='word_1_597' title='bbox 2494 1744 2559 1782; x_wconf 85' lang='lat' dir='ltr'><strong>ex</strong></span> <span class='ocrx_word' id='word_1_598' title='bbox 2591 1728 2750 1800; x_wconf 85' lang='lat' dir='ltr'><strong>lege;</strong></span> <span class='ocrx_word' id='word_1_599' title='bbox 2802 1731 2853 1784; x_wconf 93' lang='lat' dir='ltr'><strong>id</strong></span> <span class='ocrx_word' id='word_1_600' title='bbox 2897 1739 3002 1798; x_wconf 87' lang='lat' dir='ltr'><strong>est,</strong></span> <span class='ocrx_word' id='word_1_601' title='bbox 3036 1731 3153 1803; x_wconf 87' lang='lat' dir='ltr'><strong>lege</strong></span> <span class='ocrx_word' id='word_1_602' title='bbox 3195 1748 3317 1789; x_wconf 90' lang='lat' dir='ltr'><strong>cum</strong></span> <span class='ocrx_word' id='word_1_603' title='bbox 3361 1747 3546 1793; x_wconf 88' lang='lat' dir='ltr'><strong>natura</strong></span> <span class='ocrx_word' id='word_1_604' title='bbox 3601 1741 3912 1799; x_wconf 81' lang='lat' dir='ltr'><strong>incusante:</strong></span> 
     </span>
    </p>
   </div>
   <div class='ocr_carea' id='block_1_75' title="bbox 2339 1822 3917 1905">
    <p class='ocr_par' dir='ltr' id='par_1_75' title="bbox 2339 1822 3917 1905">
     <span class='ocr_line' id='line_1_75' title="bbox 2339 1822 3917 1905; baseline 0.012 -33"><span class='ocrx_word' id='word_1_605' title='bbox 2339 1830 2540 1889; x_wconf 89' lang='lat' dir='ltr'><strong>quanto</strong></span> <span class='ocrx_word' id='word_1_606' title='bbox 2562 1822 2706 1876; x_wconf 92' lang='lat' dir='ltr'><strong>enim</strong></span> <span class='ocrx_word' id='word_1_607' title='bbox 2732 1822 2934 1893; x_wconf 82' lang='lat' dir='ltr'><strong>majore</strong></span> <span class='ocrx_word' id='word_1_608' title='bbox 2956 1838 3083 1879; x_wconf 88' lang='lat' dir='ltr'><strong>cura</strong></span> <span class='ocrx_word' id='word_1_609' title='bbox 3114 1824 3358 1897; x_wconf 87' lang='lat' dir='ltr'><strong>dignatus</strong></span> <span class='ocrx_word' id='word_1_610' title='bbox 3385 1838 3488 1895; x_wconf 87' lang='lat' dir='ltr'><strong>est,</strong></span> <span class='ocrx_word' id='word_1_611' title='bbox 3516 1840 3670 1887; x_wconf 88' lang='lat' dir='ltr'><strong>tanto</strong></span> <span class='ocrx_word' id='word_1_612' title='bbox 3697 1838 3917 1905; x_wconf 71' lang='lat' dir='ltr'><strong>majores</strong></span> 
     </span>
    </p>
   </div>
   <div class='ocr_carea' id='block_1_76' title="bbox 2341 1909 2716 1981">
    <p class='ocr_par' dir='ltr' id='par_1_76' title="bbox 2341 1909 2716 1981">
     <span class='ocr_line' id='line_1_76' title="bbox 2341 1909 2716 1981; baseline 0.013 -18"><span class='ocrx_word' id='word_1_613' title='bbox 2341 1909 2484 1965; x_wconf 89' lang='lat' dir='ltr'><strong>dabit</strong></span> <span class='ocrx_word' id='word_1_614' title='bbox 2512 1927 2716 1981; x_wconf 69' lang='lat' dir='ltr'><strong>pinnas.</strong></span> 
     </span>
    </p>
   </div>
   <div class='ocr_carea' id='block_1_77' title="bbox 2412 2003 3915 2077">
    <p class='ocr_par' dir='ltr' id='par_1_77' title="bbox 2412 2003 3915 2077">
     <span class='ocr_line' id='line_1_77' title="bbox 2412 2003 3915 2077; baseline 0.011 -20"><span class='ocrx_word' id='word_1_615' title='bbox 2412 2003 2464 2058; x_wconf 84' lang='lat'><strong>5.</strong></span> <span class='ocrx_word' id='word_1_616' title='bbox 2510 2004 2701 2060; x_wconf 80' lang='lat' dir='ltr'><strong>Viden‘</strong></span> <span class='ocrx_word' id='word_1_617' title='bbox 2725 2014 2923 2077; x_wconf 91' lang='lat' dir='ltr'><strong>quanto</strong></span> <span class='ocrx_word' id='word_1_618' title='bbox 2946 2007 3202 2077; x_wconf 88' lang='lat' dir='ltr'><strong>majorem</strong></span> <span class='ocrx_word' id='word_1_619' title='bbox 3224 2008 3423 2065; x_wconf 61' lang='lat' dir='ltr'><strong>Iudaeis</strong></span> <span class='ocrx_word' id='word_1_620' title='bbox 3442 2016 3831 2073; x_wconf 81' lang='lat' dir='ltr'><strong>necessitatem</strong></span> <span class='ocrx_word' id='word_1_621' title='bbox 3858 2022 3915 2073; x_wconf 71' lang='lat' dir='ltr'><strong>in</strong></span> 
     </span>
    </p>
   </div>
   <div class='ocr_carea' id='block_1_78' title="bbox 2342 2093 3915 2174">
    <p class='ocr_par' dir='ltr' id='par_1_78' title="bbox 2342 2093 3915 2174">
     <span class='ocr_line' id='line_1_78' title="bbox 2342 2093 3915 2174; baseline 0.013 -29"><span class='ocrx_word' id='word_1_622' title='bbox 2342 2093 2543 2159; x_wconf 88' lang='lat' dir='ltr'><strong>tulerit,</strong></span> <span class='ocrx_word' id='word_1_623' title='bbox 2568 2102 2626 2148; x_wconf 90' lang='lat' dir='ltr'><strong>ut</strong></span> <span class='ocrx_word' id='word_1_624' title='bbox 2654 2094 2719 2149; x_wconf 88' lang='lat' dir='ltr'><strong>ad</strong></span> <span class='ocrx_word' id='word_1_625' title='bbox 2758 2098 2982 2167; x_wconf 87' lang='lat' dir='ltr'><strong>gratiam</strong></span> <span class='ocrx_word' id='word_1_626' title='bbox 3014 2114 3351 2159; x_wconf 88' lang='lat' dir='ltr'><strong>accurrerent</strong></span> <span class='ocrx_word' id='word_1_627' title='bbox 3373 2106 3399 2159; x_wconf 77' lang='grc' dir='ltr'><strong><em>τ</em></strong></span> <span class='ocrx_word' id='word_1_628' title='bbox 3426 2106 3558 2174; x_wconf 82' lang='lat' dir='ltr'><strong>Quia</strong></span> <span class='ocrx_word' id='word_1_629' title='bbox 3602 2109 3751 2164; x_wconf 89' lang='lat' dir='ltr'><strong>enim</strong></span> <span class='ocrx_word' id='word_1_630' title='bbox 3782 2111 3915 2166; x_wconf 75' lang='lat' dir='ltr'><strong>dice-</strong></span> 
     </span>
    </p>
   </div>
   <div class='ocr_carea' id='block_1_79' title="bbox 2340 2181 3915 2267">
    <p class='ocr_par' dir='ltr' id='par_1_79' title="bbox 2340 2181 3915 2267">
     <span class='ocr_line' id='line_1_79' title="bbox 2340 2181 3915 2267; baseline 0.013 -31"><span class='ocrx_word' id='word_1_631' title='bbox 2340 2181 2466 2237; x_wconf 90' lang='lat' dir='ltr'><strong>bant</strong></span> <span class='ocrx_word' id='word_1_632' title='bbox 2492 2198 2550 2237; x_wconf 91' lang='lat' dir='ltr'><strong>se</strong></span> <span class='ocrx_word' id='word_1_633' title='bbox 2579 2199 2682 2238; x_wconf 92' lang='lat' dir='ltr'><strong>non</strong></span> <span class='ocrx_word' id='word_1_634' title='bbox 2715 2201 2875 2257; x_wconf 87' lang='lat' dir='ltr'><strong>egere</strong></span> <span class='ocrx_word' id='word_1_635' title='bbox 2901 2190 3093 2258; x_wconf 88' lang='lat' dir='ltr'><strong>gratia,</strong></span> <span class='ocrx_word' id='word_1_636' title='bbox 3135 2206 3231 2260; x_wconf 89' lang='lat' dir='ltr'><strong>per</strong></span> <span class='ocrx_word' id='word_1_637' title='bbox 3259 2194 3426 2265; x_wconf 85' lang='lat' dir='ltr'><strong>legem</strong></span> <span class='ocrx_word' id='word_1_638' title='bbox 3453 2197 3627 2251; x_wconf 87' lang='lat' dir='ltr'><strong>solam</strong></span> <span class='ocrx_word' id='word_1_639' title='bbox 3662 2200 3915 2267; x_wconf 80' lang='lat' dir='ltr'><strong>jnstiﬁca-</strong></span> 
     </span>
    </p>
   </div>
   <div class='ocr_carea' id='block_1_80' title="bbox 2338 2276 3911 2363">
    <p class='ocr_par' dir='ltr' id='par_1_80' title="bbox 2338 2276 3911 2363">
     <span class='ocr_line' id='line_1_80' title="bbox 2338 2276 3911 2363; baseline 0.015 -37"><span class='ocrx_word' id='word_1_640' title='bbox 2338 2280 2458 2337; x_wconf 88' lang='lat' dir='ltr'><strong>tos;</strong></span> <span class='ocrx_word' id='word_1_641' title='bbox 2502 2276 2730 2331; x_wconf 88' lang='lat' dir='ltr'><strong>ostendit</strong></span> <span class='ocrx_word' id='word_1_642' title='bbox 2763 2278 2908 2347; x_wconf 88' lang='lat' dir='ltr'><strong>ipsos</strong></span> <span class='ocrx_word' id='word_1_643' title='bbox 2946 2282 3113 2351; x_wconf 86' lang='lat' dir='ltr'><strong>magis</strong></span> <span class='ocrx_word' id='word_1_644' title='bbox 3145 2298 3304 2353; x_wconf 86' lang='lat' dir='ltr'><strong>quam</strong></span> <span class='ocrx_word' id='word_1_645' title='bbox 3352 2285 3570 2343; x_wconf 68' lang='lat' dir='ltr'><strong>Gnaeos</strong></span> <span class='ocrx_word' id='word_1_646' title='bbox 3612 2290 3701 2344; x_wconf 88' lang='lat' dir='ltr'><strong>illa</strong></span> <span class='ocrx_word' id='word_1_647' title='bbox 3744 2309 3911 2363; x_wconf 79' lang='lat' dir='ltr'><strong>egere.</strong></span> 
     </span>
    </p>
   </div>
   <div class='ocr_carea' id='block_1_81' title="bbox 2338 2365 3915 2439">
    <p class='ocr_par' dir='ltr' id='par_1_81' title="bbox 2338 2365 3915 2439">
     <span class='ocr_line' id='line_1_81' title="bbox 2338 2365 3915 2439; baseline 0.01 -20"><span class='ocrx_word' id='word_1_648' title='bbox 2338 2365 2597 2434; x_wconf 86' lang='lat' dir='ltr'><strong>siquidem</strong></span> <span class='ocrx_word' id='word_1_649' title='bbox 2628 2368 2795 2438; x_wconf 87' lang='lat' dir='ltr'><strong>magis</strong></span> <span class='ocrx_word' id='word_1_650' title='bbox 2826 2371 3073 2439; x_wconf 89' lang='lat' dir='ltr'><strong>puniendi</strong></span> <span class='ocrx_word' id='word_1_651' title='bbox 3109 2382 3252 2428; x_wconf 85' lang='lat' dir='ltr'><strong>sunt.</strong></span> <span class='ocrx_word' id='word_1_652' title='bbox 3287 2377 3488 2431; x_wconf 88' lang='lat' dir='ltr'><strong>Deinde</strong></span> <span class='ocrx_word' id='word_1_653' title='bbox 3530 2378 3677 2435; x_wconf 82' lang='lat' dir='ltr'><strong>aliud</strong></span> <span class='ocrx_word' id='word_1_654' title='bbox 3729 2383 3915 2437; x_wconf 75' lang='lat' dir='ltr'><strong>inducit</strong></span> 
     </span>
    </p>
   </div>
   <div class='ocr_carea' id='block_1_82' title="bbox 2338 2456 3913 2536">
    <p class='ocr_par' dir='ltr' id='par_1_82' title="bbox 2338 2456 3913 2536">
     <span class='ocr_line' id='line_1_82' title="bbox 2338 2456 3913 2536; baseline 0.013 -29"><span class='ocrx_word' id='word_1_655' title='bbox 2338 2456 2691 2519; x_wconf 87' lang='lat' dir='ltr'><strong>ratiocinium,</strong></span> <span class='ocrx_word' id='word_1_656' title='bbox 2721 2475 2827 2528; x_wconf 89' lang='lat' dir='ltr'><strong>quo</strong></span> <span class='ocrx_word' id='word_1_657' title='bbox 2851 2461 2962 2529; x_wconf 86' lang='lat' dir='ltr'><strong>jam</strong></span> <span class='ocrx_word' id='word_1_658' title='bbox 2993 2462 3135 2518; x_wconf 90' lang='lat' dir='ltr'><strong>dicta</strong></span> <span class='ocrx_word' id='word_1_659' title='bbox 3164 2476 3485 2536; x_wconf 87' lang='lat' dir='ltr'><strong>propugnct.</strong></span> <span class='ocrx_word' id='word_1_660' title='bbox 3514 2471 3605 2524; x_wconf 77' lang='lat' dir='ltr'><strong>l3.</strong></span> <span class='ocrx_word' id='word_1_661' title='bbox 3638 2472 3766 2526; x_wconf 84' lang='lat' dir='ltr'><strong>Non</strong></span> <span class='ocrx_word' id='word_1_662' title='bbox 3797 2479 3913 2527; x_wconf 81' lang='lat' dir='ltr'><strong>enim</strong></span> 
     </span>
    </p>
   </div>
   <div class='ocr_carea' id='block_1_83' title="bbox 2335 2545 3911 2625">
    <p class='ocr_par' dir='ltr' id='par_1_83' title="bbox 2335 2545 3911 2625">
     <span class='ocr_line' id='line_1_83' title="bbox 2335 2545 3911 2625; baseline 0.013 -29"><span class='ocrx_word' id='word_1_663' title='bbox 2335 2545 2588 2600; x_wconf 68' lang='lat' dir='ltr'><strong>auditores</strong></span> <span class='ocrx_word' id='word_1_664' title='bbox 2616 2548 2739 2617; x_wconf 82' lang='lat' dir='ltr'><strong>legis</strong></span> <span class='ocrx_word' id='word_1_665' title='bbox 2770 2551 2901 2619; x_wconf 85' lang='lat' dir='ltr'><strong>justi</strong></span> <span class='ocrx_word' id='word_1_666' title='bbox 2938 2563 3054 2606; x_wconf 85' lang='lat' dir='ltr'><strong>sunt</strong></span> <span class='ocrx_word' id='word_1_667' title='bbox 3092 2556 3231 2623; x_wconf 80' lang='lat' dir='ltr'><strong>apud</strong></span> <span class='ocrx_word' id='word_1_668' title='bbox 3261 2555 3441 2611; x_wconf 81' lang='lat' dir='ltr'><strong>Deum.</strong></span> <span class='ocrx_word' id='word_1_669' title='bbox 3485 2558 3658 2617; x_wconf 80' lang='lat' dir='ltr'><strong>Recte</strong></span> <span class='ocrx_word' id='word_1_670' title='bbox 3696 2566 3911 2625; x_wconf 77' lang='lat' dir='ltr'><strong>addidit.</strong></span> 
     </span>
    </p>
   </div>
   <div class='ocr_carea' id='block_1_84' title="bbox 2334 2641 3913 2727">
    <p class='ocr_par' dir='ltr' id='par_1_84' title="bbox 2334 2641 3913 2727">
     <span class='ocr_line' id='line_1_84' title="bbox 2334 2641 3913 2727; baseline 0.013 -35"><span class='ocrx_word' id='word_1_671' title='bbox 2334 2641 2486 2710; x_wconf 78' lang='lat' dir='ltr'><strong>Apud</strong></span> <span class='ocrx_word' id='word_1_672' title='bbox 2527 2642 2685 2697; x_wconf 88' lang='lat' dir='ltr'><strong>Deum</strong></span> <span class='ocrx_word' id='word_1_673' title='bbox 2720 2660 2737 2698; x_wconf 89' lang='lat'><strong><em>:</em></strong></span> <span class='ocrx_word' id='word_1_674' title='bbox 2768 2661 2887 2700; x_wconf 86' lang='lat' dir='ltr'><strong>nam</strong></span> <span class='ocrx_word' id='word_1_675' title='bbox 2941 2648 3079 2717; x_wconf 82' lang='lat' dir='ltr'><strong>apud</strong></span> <span class='ocrx_word' id='word_1_676' title='bbox 3132 2648 3377 2707; x_wconf 85' lang='lat' dir='ltr'><strong>homines</strong></span> <span class='ocrx_word' id='word_1_677' title='bbox 3422 2652 3656 2710; x_wconf 85' lang='lat' dir='ltr'><strong>fortasse</strong></span> <span class='ocrx_word' id='word_1_678' title='bbox 3703 2671 3913 2727; x_wconf 54' lang='lat' dir='ltr'><strong>pessum</strong></span> 
     </span>
    </p>
   </div>
   <div class='ocr_carea' id='block_1_85' title="bbox 2338 2734 3913 2819">
    <p class='ocr_par' dir='ltr' id='par_1_85' title="bbox 2338 2734 3913 2819">
     <span class='ocr_line' id='line_1_85' title="bbox 2338 2734 3913 2819; baseline 0.01 -32"><span class='ocrx_word' id='word_1_679' title='bbox 2338 2734 2632 2789; x_wconf 89' lang='lat' dir='ltr'><strong>honorandi</strong></span> <span class='ocrx_word' id='word_1_680' title='bbox 2668 2737 2855 2803; x_wconf 76' lang='lat' dir='ltr'><strong>videri,</strong></span> <span class='ocrx_word' id='word_1_681' title='bbox 2884 2750 2938 2793; x_wconf 92' lang='lat' dir='ltr'><strong>et</strong></span> <span class='ocrx_word' id='word_1_682' title='bbox 2966 2754 3088 2795; x_wconf 89' lang='lat' dir='ltr'><strong>sese</strong></span> <span class='ocrx_word' id='word_1_683' title='bbox 3117 2756 3439 2813; x_wconf 88' lang='lat' dir='ltr'><strong>magnopere</strong></span> <span class='ocrx_word' id='word_1_684' title='bbox 3465 2746 3756 2815; x_wconf 80' lang='lat' dir='ltr'><strong>jactitare;</strong></span> <span class='ocrx_word' id='word_1_685' title='bbox 3787 2754 3913 2819; x_wconf 79' lang='lat' dir='ltr'><strong>apud</strong></span> 
     </span>
    </p>
   </div>
   <div class='ocr_carea' id='block_1_86' title="bbox 2338 2825 3916 2912">
    <p class='ocr_par' dir='ltr' id='par_1_86' title="bbox 2338 2825 3916 2912">
     <span class='ocr_line' id='line_1_86' title="bbox 2338 2825 3916 2912; baseline 0.011 -34"><span class='ocrx_word' id='word_1_686' title='bbox 2338 2825 2501 2879; x_wconf 86' lang='lat' dir='ltr'><strong>Deum</strong></span> <span class='ocrx_word' id='word_1_687' title='bbox 2531 2840 2660 2881; x_wconf 89' lang='lat' dir='ltr'><strong>vero</strong></span> <span class='ocrx_word' id='word_1_688' title='bbox 2688 2837 2873 2882; x_wconf 90' lang='lat' dir='ltr'><strong>contra</strong></span> <span class='ocrx_word' id='word_1_689' title='bbox 2896 2830 3112 2886; x_wconf 87' lang='lat' dir='ltr'><strong>omnino</strong></span> <span class='ocrx_word' id='word_1_690' title='bbox 3139 2830 3382 2888; x_wconf 83' lang='lat' dir='ltr'><strong>Factorcs</strong></span> <span class='ocrx_word' id='word_1_691' title='bbox 3403 2836 3527 2907; x_wconf 72' lang='lat' dir='ltr'><strong>legis</strong></span> <span class='ocrx_word' id='word_1_692' title='bbox 3552 2847 3754 2892; x_wconf 74' lang='lat' dir='ltr'><strong>tantum</strong></span> <span class='ocrx_word' id='word_1_693' title='bbox 3773 2844 3916 2912; x_wconf 77' lang='lat' dir='ltr'><strong>justi-</strong></span> 
     </span>
    </p>
   </div>
   <div class='ocr_carea' id='block_1_87' title="bbox 2335 2916 3913 2989">
    <p class='ocr_par' dir='ltr' id='par_1_87' title="bbox 2335 2916 3913 2989">
     <span class='ocr_line' id='line_1_87' title="bbox 2335 2916 3913 2989; baseline 0.009 -21"><span class='ocrx_word' id='word_1_694' title='bbox 2335 2916 2570 2980; x_wconf 73' lang='lat' dir='ltr'><strong>ﬁcantur.</strong></span> <span class='ocrx_word' id='word_1_695' title='bbox 2610 2916 2763 2972; x_wconf 80' lang='lat' dir='ltr'><strong>Vides</strong></span> <span class='ocrx_word' id='word_1_696' title='bbox 2790 2933 2909 2973; x_wconf 89' lang='lat' dir='ltr'><strong>cum</strong></span> <span class='ocrx_word' id='word_1_697' title='bbox 2935 2931 3128 2989; x_wconf 87' lang='lat' dir='ltr'><strong>quanta</strong></span> <span class='ocrx_word' id='word_1_698' title='bbox 3160 2925 3423 2979; x_wconf 87' lang='lat' dir='ltr'><strong>rationum</strong></span> <span class='ocrx_word' id='word_1_699' title='bbox 3455 2927 3503 2980; x_wconf 89' lang='lat' dir='ltr'><strong>vi</strong></span> <span class='ocrx_word' id='word_1_700' title='bbox 3534 2943 3845 2985; x_wconf 83' lang='lat' dir='ltr'><strong>sermOnem</strong></span> <span class='ocrx_word' id='word_1_701' title='bbox 3869 2933 3913 2983; x_wconf 83' lang='lat' dir='ltr'><strong>in</strong></span> 
     </span>
    </p>
   </div>
   <div class='ocr_carea' id='block_1_88' title="bbox 2332 3009 3913 3089">
    <p class='ocr_par' dir='ltr' id='par_1_88' title="bbox 2332 3009 3913 3089">
     <span class='ocr_line' id='line_1_88' title="bbox 2332 3009 3913 3089; baseline 0.011 -29"><span class='ocrx_word' id='word_1_702' title='bbox 2332 3009 2655 3062; x_wconf 90' lang='lat' dir='ltr'><strong>contrarium</strong></span> <span class='ocrx_word' id='word_1_703' title='bbox 2682 3012 2893 3065; x_wconf 83' lang='lat' dir='ltr'><strong>vertat?</strong></span> <span class='ocrx_word' id='word_1_704' title='bbox 2918 3011 2971 3067; x_wconf 91' lang='lat' dir='ltr'><strong>Si</strong></span> <span class='ocrx_word' id='word_1_705' title='bbox 2996 3015 3136 3067; x_wconf 90' lang='lat' dir='ltr'><strong>enim</strong></span> <span class='ocrx_word' id='word_1_706' title='bbox 3162 3030 3255 3084; x_wconf 91' lang='lat' dir='ltr'><strong>per</strong></span> <span class='ocrx_word' id='word_1_707' title='bbox 3277 3017 3465 3087; x_wconf 88' lang='lat' dir='ltr'><strong>legem.</strong></span> <span class='ocrx_word' id='word_1_708' title='bbox 3497 3020 3695 3089; x_wconf 89' lang='lat' dir='ltr'><strong>inquit,</strong></span> <span class='ocrx_word' id='word_1_709' title='bbox 3719 3025 3913 3078; x_wconf 82' lang='lat' dir='ltr'><strong>servari</strong></span> 
     </span>
    </p>
   </div>
   <div class='ocr_carea' id='block_1_89' title="bbox 2330 3098 4017 3183">
    <p class='ocr_par' dir='ltr' id='par_1_89' title="bbox 2330 3098 4017 3183">
     <span class='ocr_line' id='line_1_89' title="bbox 2330 3098 4017 3183; baseline 0.012 -34"><span class='ocrx_word' id='word_1_710' title='bbox 2330 3111 2505 3165; x_wconf 88' lang='lat' dir='ltr'><strong>rogas,</strong></span> <span class='ocrx_word' id='word_1_711' title='bbox 2554 3106 2604 3153; x_wconf 91' lang='lat' dir='ltr'><strong>te</strong></span> <span class='ocrx_word' id='word_1_712' title='bbox 2636 3098 2733 3153; x_wconf 90' lang='lat' dir='ltr'><strong>hac</strong></span> <span class='ocrx_word' id='word_1_713' title='bbox 2772 3102 2825 3154; x_wconf 90' lang='lat' dir='ltr'><strong>in</strong></span> <span class='ocrx_word' id='word_1_714' title='bbox 2874 3117 2932 3156; x_wconf 88' lang='lat' dir='ltr'><strong>re</strong></span> <span class='ocrx_word' id='word_1_715' title='bbox 2978 3104 3241 3169; x_wconf 66' lang='lat' dir='ltr'><strong>praecedet</strong></span> <span class='ocrx_word' id='word_1_716' title='bbox 3282 3108 3510 3175; x_wconf 83' lang='lat' dir='ltr'><strong>gentilis,</strong></span> <span class='ocrx_word' id='word_1_717' title='bbox 3562 3112 3653 3180; x_wconf 89' lang='lat' dir='ltr'><strong>qui</strong></span> <span class='ocrx_word' id='word_1_718' title='bbox 3696 3129 3757 3167; x_wconf 89' lang='lat' dir='ltr'><strong>ca</strong></span> <span class='ocrx_word' id='word_1_719' title='bbox 3804 3131 3914 3183; x_wconf 71' lang='lat' dir='ltr'><strong>qum</strong></span> <span class='ocrx_word' id='word_1_720' title='bbox 4016 3104 4017 3169; x_wconf 52' lang='grc' dir='ltr'><strong><em>ἓ</em></strong></span> 
     </span>
    </p>
   </div>
   <div class='ocr_carea' id='block_1_90' title="bbox 2330 3188 3911 3273">
    <p class='ocr_par' dir='ltr' id='par_1_90' title="bbox 2330 3188 3911 3273">
     <span class='ocr_line' id='line_1_90' title="bbox 2330 3188 3911 3273; baseline 0.011 -33"><span class='ocrx_word' id='word_1_721' title='bbox 2330 3188 2524 3258; x_wconf 88' lang='lat' dir='ltr'><strong>scripta</strong></span> <span class='ocrx_word' id='word_1_722' title='bbox 2566 3199 2690 3245; x_wconf 88' lang='lat' dir='ltr'><strong>sunt</strong></span> <span class='ocrx_word' id='word_1_723' title='bbox 2716 3204 3043 3262; x_wconf 87' lang='lat' dir='ltr'><strong>exsequutus</strong></span> <span class='ocrx_word' id='word_1_724' title='bbox 3073 3195 3303 3251; x_wconf 88' lang='lat' dir='ltr'><strong>videtur.</strong></span> <span class='ocrx_word' id='word_1_725' title='bbox 3337 3198 3404 3252; x_wconf 85' lang='lat' dir='ltr'><strong>Et</strong></span> <span class='ocrx_word' id='word_1_726' title='bbox 3441 3201 3531 3269; x_wconf 92' lang='lat' dir='ltr'><strong>qui</strong></span> <span class='ocrx_word' id='word_1_727' title='bbox 3576 3202 3693 3257; x_wconf 85' lang='lat' dir='ltr'><strong>fieri</strong></span> <span class='ocrx_word' id='word_1_728' title='bbox 3728 3209 3911 3273; x_wconf 82' lang='lat' dir='ltr'><strong>potuit,</strong></span> 
     </span>
    </p>
   </div>
   <div class='ocr_carea' id='block_1_91' title="bbox 2332 3281 3910 3355">
    <p class='ocr_par' dir='ltr' id='par_1_91' title="bbox 2332 3281 3910 3355">
     <span class='ocr_line' id='line_1_91' title="bbox 2332 3281 3910 3355; baseline 0.01 -21"><span class='ocrx_word' id='word_1_729' title='bbox 2332 3281 2559 3351; x_wconf 88' lang='lat' dir='ltr'><strong>inquies,</strong></span> <span class='ocrx_word' id='word_1_730' title='bbox 2592 3292 2651 3336; x_wconf 92' lang='lat' dir='ltr'><strong>ut</strong></span> <span class='ocrx_word' id='word_1_731' title='bbox 2676 3283 2768 3353; x_wconf 92' lang='lat' dir='ltr'><strong>qui</strong></span> <span class='ocrx_word' id='word_1_732' title='bbox 2795 3286 3005 3339; x_wconf 90' lang='lat' dir='ltr'><strong>auditor</strong></span> <span class='ocrx_word' id='word_1_733' title='bbox 3033 3302 3137 3342; x_wconf 92' lang='lat' dir='ltr'><strong>non</strong></span> <span class='ocrx_word' id='word_1_734' title='bbox 3168 3286 3348 3355; x_wconf 90' lang='lat' dir='ltr'><strong>fuerit,</strong></span> <span class='ocrx_word' id='word_1_735' title='bbox 3380 3289 3551 3347; x_wconf 89' lang='lat' dir='ltr'><strong>factor</strong></span> <span class='ocrx_word' id='word_1_736' title='bbox 3580 3293 3785 3351; x_wconf 81' lang='lat' dir='ltr'><strong>fuerit?</strong></span> <span class='ocrx_word' id='word_1_737' title='bbox 3816 3297 3910 3350; x_wconf 78' lang='lat' dir='ltr'><strong>Po-</strong></span> 
     </span>
    </p>
   </div>
   <div class='ocr_carea' id='block_1_92' title="bbox 2332 3373 3911 3455">
    <p class='ocr_par' dir='ltr' id='par_1_92' title="bbox 2332 3373 3911 3455">
     <span class='ocr_line' id='line_1_92' title="bbox 2332 3373 3911 3455; baseline 0.009 -30"><span class='ocrx_word' id='word_1_738' title='bbox 2332 3380 2449 3435; x_wconf 79' lang='lat' dir='ltr'><strong>test,</strong></span> <span class='ocrx_word' id='word_1_739' title='bbox 2476 3373 2664 3443; x_wconf 89' lang='lat' dir='ltr'><strong>inquit,</strong></span> <span class='ocrx_word' id='word_1_740' title='bbox 2698 3374 2834 3439; x_wconf 81' lang='lat' dir='ltr'><strong>ﬁeri,</strong></span> <span class='ocrx_word' id='word_1_741' title='bbox 2867 3390 2975 3429; x_wconf 93' lang='lat' dir='ltr'><strong>non</strong></span> <span class='ocrx_word' id='word_1_742' title='bbox 3004 3376 3104 3431; x_wconf 86' lang='lat' dir='ltr'><strong>hoc</strong></span> <span class='ocrx_word' id='word_1_743' title='bbox 3132 3386 3357 3443; x_wconf 89' lang='lat' dir='ltr'><strong>tantum,</strong></span> <span class='ocrx_word' id='word_1_744' title='bbox 3384 3381 3476 3435; x_wconf 87' lang='lat' dir='ltr'><strong>sed</strong></span> <span class='ocrx_word' id='word_1_745' title='bbox 3508 3394 3563 3435; x_wconf 87' lang='lat' dir='ltr'><strong>et</strong></span> <span class='ocrx_word' id='word_1_746' title='bbox 3585 3384 3733 3441; x_wconf 87' lang='lat' dir='ltr'><strong>aliud</strong></span> <span class='ocrx_word' id='word_1_747' title='bbox 3764 3388 3911 3455; x_wconf 72' lang='lat' dir='ltr'><strong>longe</strong></span> 
     </span>
    </p>
   </div>
   <div class='ocr_carea' id='block_1_93' title="bbox 2332 3465 3912 3543">
    <p class='ocr_par' dir='ltr' id='par_1_93' title="bbox 2332 3465 3912 3543">
     <span class='ocr_line' id='line_1_93' title="bbox 2332 3465 3912 3543; baseline 0.008 -26"><span class='ocrx_word' id='word_1_748' title='bbox 2332 3465 2522 3532; x_wconf 89' lang='lat' dir='ltr'><strong>majus.</strong></span> <span class='ocrx_word' id='word_1_749' title='bbox 2562 3465 2673 3518; x_wconf 88' lang='lat' dir='ltr'><strong>Non</strong></span> <span class='ocrx_word' id='word_1_750' title='bbox 2715 3466 2884 3520; x_wconf 88' lang='lat' dir='ltr'><strong>solum</strong></span> <span class='ocrx_word' id='word_1_751' title='bbox 2920 3468 3060 3521; x_wconf 88' lang='lat' dir='ltr'><strong>enim</strong></span> <span class='ocrx_word' id='word_1_752' title='bbox 3103 3470 3217 3524; x_wconf 84' lang='lat' dir='ltr'><strong>sine</strong></span> <span class='ocrx_word' id='word_1_753' title='bbox 3268 3472 3537 3528; x_wconf 75' lang='lat' dir='ltr'><strong>auditione</strong></span> <span class='ocrx_word' id='word_1_754' title='bbox 3584 3485 3765 3543; x_wconf 80' lang='lat' dir='ltr'><strong>potest</strong></span> <span class='ocrx_word' id='word_1_755' title='bbox 3800 3494 3912 3531; x_wconf 80' lang='lat' dir='ltr'><strong>esse</strong></span> 
     </span>
    </p>
   </div>
   <div class='ocr_carea' id='block_1_94' title="bbox 2331 3548 3911 3633">
    <p class='ocr_par' dir='ltr' id='par_1_94' title="bbox 2331 3548 3911 3633">
     <span class='ocr_line' id='line_1_94' title="bbox 2331 3548 3911 3633; baseline 0.009 -24"><span class='ocrx_word' id='word_1_756' title='bbox 2331 3548 2517 3620; x_wconf 84' lang='lat' dir='ltr'><strong>factor,</strong></span> <span class='ocrx_word' id='word_1_757' title='bbox 2550 3557 2641 3611; x_wconf 86' lang='lat' dir='ltr'><strong>sed</strong></span> <span class='ocrx_word' id='word_1_758' title='bbox 2668 3558 2827 3613; x_wconf 88' lang='lat' dir='ltr'><strong>etiam</strong></span> <span class='ocrx_word' id='word_1_759' title='bbox 2869 3569 2987 3629; x_wconf 91' lang='lat' dir='ltr'><strong>post</strong></span> <span class='ocrx_word' id='word_1_760' title='bbox 3022 3561 3347 3617; x_wconf 88' lang='lat' dir='ltr'><strong>auditionem</strong></span> <span class='ocrx_word' id='word_1_761' title='bbox 3390 3574 3568 3633; x_wconf 86' lang='lat' dir='ltr'><strong>potest</strong></span> <span class='ocrx_word' id='word_1_762' title='bbox 3600 3585 3709 3623; x_wconf 91' lang='lat' dir='ltr'><strong>non</strong></span> <span class='ocrx_word' id='word_1_763' title='bbox 3750 3572 3911 3624; x_wconf 82' lang='lat' dir='ltr'><strong>factor</strong></span> 
     </span>
    </p>
   </div>
   <div class='ocr_carea' id='block_1_95' title="bbox 2329 3647 3912 3730">
    <p class='ocr_par' dir='ltr' id='par_1_95' title="bbox 2329 3647 3912 3730">
     <span class='ocr_line' id='line_1_95' title="bbox 2329 3647 3912 3730; baseline 0.006 -30"><span class='ocrx_word' id='word_1_764' title='bbox 2329 3661 2484 3709; x_wconf 87' lang='lat' dir='ltr'><strong>esse;</strong></span> <span class='ocrx_word' id='word_1_765' title='bbox 2534 3647 2583 3700; x_wconf 93' lang='lat' dir='ltr'><strong>id</strong></span> <span class='ocrx_word' id='word_1_766' title='bbox 2625 3648 2765 3717; x_wconf 90' lang='lat' dir='ltr'><strong>quod</strong></span> <span class='ocrx_word' id='word_1_767' title='bbox 2799 3659 2979 3717; x_wconf 91' lang='lat' dir='ltr'><strong>postea</strong></span> <span class='ocrx_word' id='word_1_768' title='bbox 3022 3651 3216 3705; x_wconf 89' lang='lat' dir='ltr'><strong>clarius</strong></span> <span class='ocrx_word' id='word_1_769' title='bbox 3257 3655 3500 3724; x_wconf 82' lang='lat' dir='ltr'><strong>exprimit</strong></span> <span class='ocrx_word' id='word_1_770' title='bbox 3555 3672 3680 3713; x_wconf 92' lang='lat' dir='ltr'><strong>cum</strong></span> <span class='ocrx_word' id='word_1_771' title='bbox 3716 3663 3912 3730; x_wconf 62' lang='lat' dir='ltr'><strong>majora</strong></span> 
     </span>
    </p>
   </div>
   <div class='ocr_carea' id='block_1_96' title="bbox 2328 3737 3914 3815">
    <p class='ocr_par' dir='ltr' id='par_1_96' title="bbox 2328 3737 3914 3815">
     <span class='ocr_line' id='line_1_96' title="bbox 2328 3737 3914 3815; baseline 0.011 -27"><span class='ocrx_word' id='word_1_772' title='bbox 2328 3737 2375 3787; x_wconf 89' lang='lat' dir='ltr'><strong>vi</strong></span> <span class='ocrx_word' id='word_1_773' title='bbox 2406 3737 2685 3791; x_wconf 77' lang='lat' dir='ltr'><strong>verborum</strong></span> <span class='ocrx_word' id='word_1_774' title='bbox 2717 3756 2728 3790; x_wconf 88' lang='lat'><strong>:</strong></span> <span class='ocrx_word' id='word_1_775' title='bbox 2764 3740 2866 3805; x_wconf 81' lang='lat' dir='ltr'><strong>Qui</strong></span> <span class='ocrx_word' id='word_1_776' title='bbox 2894 3741 3044 3796; x_wconf 85' lang='lat' dir='ltr'><strong>doces</strong></span> <span class='ocrx_word' id='word_1_777' title='bbox 3086 3744 3265 3811; x_wconf 79' lang='lat' dir='ltr'><strong>alium,</strong></span> <span class='ocrx_word' id='word_1_778' title='bbox 3315 3748 3529 3815; x_wconf 81' lang='lat' dir='ltr'><strong>teipsnm</strong></span> <span class='ocrx_word' id='word_1_779' title='bbox 3570 3767 3673 3804; x_wconf 86' lang='lat' dir='ltr'><strong>non</strong></span> <span class='ocrx_word' id='word_1_780' title='bbox 3718 3754 3914 3811; x_wconf 72' lang='lat' dir='ltr'><strong>doces?</strong></span> 
     </span>
    </p>
   </div>
   <div class='ocr_carea' id='block_1_97' title="bbox 2330 3824 3911 3904">
    <p class='ocr_par' dir='ltr' id='par_1_97' title="bbox 2330 3824 3911 3904">
     <span class='ocr_line' id='line_1_97' title="bbox 2330 3824 3911 3904; baseline 0.011 -27"><span class='ocrx_word' id='word_1_781' title='bbox 2330 3824 2425 3879; x_wconf 91' lang='lat' dir='ltr'><strong>llic</strong></span> <span class='ocrx_word' id='word_1_782' title='bbox 2445 3835 2619 3880; x_wconf 85' lang='lat' dir='ltr'><strong>autem</strong></span> <span class='ocrx_word' id='word_1_783' title='bbox 2648 3828 2860 3883; x_wconf 88' lang='lat' dir='ltr'><strong>interim</strong></span> <span class='ocrx_word' id='word_1_784' title='bbox 2884 3829 3113 3898; x_wconf 89' lang='lat' dir='ltr'><strong>primum</strong></span> <span class='ocrx_word' id='word_1_785' title='bbox 3137 3832 3260 3887; x_wconf 91' lang='lat' dir='ltr'><strong>illud</strong></span> <span class='ocrx_word' id='word_1_786' title='bbox 3284 3837 3490 3904; x_wconf 88' lang='lat' dir='ltr'><strong>probat.</strong></span> <span class='ocrx_word' id='word_1_787' title='bbox 3516 3839 3604 3893; x_wconf 78' lang='grc' dir='ltr'><strong>Η.</strong></span> <span class='ocrx_word' id='word_1_788' title='bbox 3630 3839 3760 3893; x_wconf 76' lang='lat' dir='ltr'><strong>Cum</strong></span> <span class='ocrx_word' id='word_1_789' title='bbox 3783 3850 3911 3895; x_wconf 74' lang='lat' dir='ltr'><strong>enim</strong></span> 
     </span>
    </p>
   </div>
   <div class='ocr_carea' id='block_1_98' title="bbox 2327 3918 3914 4001">
    <p class='ocr_par' dir='ltr' id='par_1_98' title="bbox 2327 3918 3914 4001">
     <span class='ocr_line' id='line_1_98' title="bbox 2327 3918 3914 4001; baseline 0.011 -32"><span class='ocrx_word' id='word_1_790' title='bbox 2327 3925 2512 3984; x_wconf 84' lang='lat' dir='ltr'><strong>gentes,</strong></span> <span class='ocrx_word' id='word_1_791' title='bbox 2538 3918 2726 3987; x_wconf 91' lang='lat' dir='ltr'><strong>inquit,</strong></span> <span class='ocrx_word' id='word_1_792' title='bbox 2758 3935 2869 3989; x_wconf 86' lang='lat' dir='ltr'><strong>qua:</strong></span> <span class='ocrx_word' id='word_1_793' title='bbox 2904 3921 3063 3991; x_wconf 85' lang='lat' dir='ltr'><strong>legem</strong></span> <span class='ocrx_word' id='word_1_794' title='bbox 3099 3939 3198 3976; x_wconf 86' lang='lat' dir='ltr'><strong>non</strong></span> <span class='ocrx_word' id='word_1_795' title='bbox 3242 3925 3442 3991; x_wconf 78' lang='lat' dir='ltr'><strong>habent,</strong></span> <span class='ocrx_word' id='word_1_796' title='bbox 3476 3932 3781 3985; x_wconf 74' lang='lat' dir='ltr'><strong>naturaliter</strong></span> <span class='ocrx_word' id='word_1_797' title='bbox 3804 3952 3914 4001; x_wconf 67' lang='lat' dir='ltr'><strong>qui:</strong></span> 
     </span>
    </p>
   </div>
   <div class='ocr_carea' id='block_1_99' title="bbox 2328 4007 3911 4091">
    <p class='ocr_par' dir='ltr' id='par_1_99' title="bbox 2328 4007 3911 4091">
     <span class='ocr_line' id='line_1_99' title="bbox 2328 4007 3911 4091; baseline 0.009 -31"><span class='ocrx_word' id='word_1_798' title='bbox 2328 4007 2450 4078; x_wconf 81' lang='lat' dir='ltr'><strong>legis</strong></span> <span class='ocrx_word' id='word_1_799' title='bbox 2480 4018 2593 4061; x_wconf 87' lang='lat' dir='ltr'><strong>sunt</strong></span> <span class='ocrx_word' id='word_1_800' title='bbox 2623 4010 2854 4077; x_wconf 80' lang='lat' dir='ltr'><strong>faciunt;</strong></span> <span class='ocrx_word' id='word_1_801' title='bbox 2880 4012 2933 4064; x_wconf 88' lang='lat' dir='ltr'><strong>hi</strong></span> <span class='ocrx_word' id='word_1_802' title='bbox 2955 4012 3114 4082; x_wconf 84' lang='lat' dir='ltr'><strong>legem</strong></span> <span class='ocrx_word' id='word_1_803' title='bbox 3135 4031 3235 4069; x_wconf 86' lang='lat' dir='ltr'><strong>non</strong></span> <span class='ocrx_word' id='word_1_804' title='bbox 3256 4016 3510 4084; x_wconf 82' lang='lat' dir='ltr'><strong>habentes,</strong></span> <span class='ocrx_word' id='word_1_805' title='bbox 3535 4020 3631 4073; x_wconf 84' lang='lat' dir='ltr'><strong>sibi</strong></span> <span class='ocrx_word' id='word_1_806' title='bbox 3650 4023 3781 4091; x_wconf 82' lang='lat' dir='ltr'><strong>ipsis</strong></span> <span class='ocrx_word' id='word_1_807' title='bbox 3801 4038 3911 4077; x_wconf 76' lang='lat' dir='ltr'><strong>sunt</strong></span> 
     </span>
    </p>
   </div>
   <div class='ocr_carea' id='block_1_100' title="bbox 2328 4099 3911 4182">
    <p class='ocr_par' dir='ltr' id='par_1_100' title="bbox 2328 4099 3911 4182">
     <span class='ocr_line' id='line_1_100' title="bbox 2328 4099 3911 4182; baseline 0.008 -31"><span class='ocrx_word' id='word_1_808' title='bbox 2328 4099 2427 4151; x_wconf 73' lang='lat' dir='ltr'><strong>lex.</strong></span> <span class='ocrx_word' id='word_1_809' title='bbox 2454 4099 2564 4153; x_wconf 86' lang='lat' dir='ltr'><strong>Non</strong></span> <span class='ocrx_word' id='word_1_810' title='bbox 2595 4101 2749 4168; x_wconf 87' lang='lat' dir='ltr'><strong>ejicio</strong></span> <span class='ocrx_word' id='word_1_811' title='bbox 2780 4101 2972 4172; x_wconf 77' lang='lat' dir='ltr'><strong>legem,</strong></span> <span class='ocrx_word' id='word_1_812' title='bbox 3017 4104 3203 4173; x_wconf 91' lang='lat' dir='ltr'><strong>inquit,</strong></span> <span class='ocrx_word' id='word_1_813' title='bbox 3244 4107 3336 4161; x_wconf 90' lang='lat' dir='ltr'><strong>sed</strong></span> <span class='ocrx_word' id='word_1_814' title='bbox 3380 4108 3503 4163; x_wconf 90' lang='lat' dir='ltr'><strong>hinc</strong></span> <span class='ocrx_word' id='word_1_815' title='bbox 3532 4122 3725 4179; x_wconf 87' lang='lat' dir='ltr'><strong>gentes</strong></span> <span class='ocrx_word' id='word_1_816' title='bbox 3754 4112 3911 4182; x_wconf 78' lang='lat' dir='ltr'><strong>justi-</strong></span> 
     </span>
    </p>
   </div>
   <div class='ocr_carea' id='block_1_101' title="bbox 2329 4189 3903 4266">
    <p class='ocr_par' dir='ltr' id='par_1_101' title="bbox 2329 4189 3903 4266">
     <span class='ocr_line' id='line_1_101' title="bbox 2329 4189 3903 4266; baseline 0.011 -25"><span class='ocrx_word' id='word_1_817' title='bbox 2329 4189 2449 4243; x_wconf 85' lang='lat' dir='ltr'><strong>lico.</strong></span> <span class='ocrx_word' id='word_1_818' title='bbox 2496 4189 2676 4244; x_wconf 87' lang='lat' dir='ltr'><strong>Viden‘</strong></span> <span class='ocrx_word' id='word_1_819' title='bbox 2716 4192 2986 4260; x_wconf 88' lang='lat' dir='ltr'><strong>quomodo</strong></span> <span class='ocrx_word' id='word_1_820' title='bbox 3026 4192 3285 4249; x_wconf 77' lang='lat' dir='ltr'><strong>Judaismi</strong></span> <span class='ocrx_word' id='word_1_821' title='bbox 3327 4196 3547 4266; x_wconf 82' lang='lat' dir='ltr'><strong>gloriam</strong></span> <span class='ocrx_word' id='word_1_822' title='bbox 3591 4200 3903 4261; x_wconf 76' lang='lat' dir='ltr'><strong>sullodiens.</strong></span> 
     </span>
    </p>
   </div>
   <div class='ocr_carea' id='block_1_102' title="bbox 2326 4280 3907 4362">
    <p class='ocr_par' dir='ltr' id='par_1_102' title="bbox 2326 4280 3907 4362">
     <span class='ocr_line' id='line_1_102' title="bbox 2326 4280 3907 4362; baseline 0.009 -32"><span class='ocrx_word' id='word_1_823' title='bbox 2326 4280 2524 4332; x_wconf 84' lang='lat' dir='ltr'><strong>nullam</strong></span> <span class='ocrx_word' id='word_1_824' title='bbox 2570 4280 2652 4333; x_wconf 90' lang='lat' dir='ltr'><strong>sui</strong></span> <span class='ocrx_word' id='word_1_825' title='bbox 2698 4282 2981 4335; x_wconf 87' lang='lat' dir='ltr'><strong>accusandi</strong></span> <span class='ocrx_word' id='word_1_826' title='bbox 3034 4298 3217 4338; x_wconf 89' lang='lat' dir='ltr'><strong>ansam</strong></span> <span class='ocrx_word' id='word_1_827' title='bbox 3268 4286 3487 4354; x_wconf 71' lang='lat' dir='ltr'><strong>prmbet,</strong></span> <span class='ocrx_word' id='word_1_828' title='bbox 3534 4293 3688 4358; x_wconf 88' lang='lat' dir='ltr'><strong>quasi</strong></span> <span class='ocrx_word' id='word_1_829' title='bbox 3737 4292 3907 4362; x_wconf 76' lang='lat' dir='ltr'><strong>legem</strong></span> 
     </span>
    </p>
   </div>
   <div class='ocr_carea' id='block_1_103' title="bbox 2324 4369 3908 4451">
    <p class='ocr_par' dir='ltr' id='par_1_103' title="bbox 2324 4369 3908 4451">
     <span class='ocr_line' id='line_1_103' title="bbox 2324 4369 3908 4451; baseline 0.008 -28"><span class='ocrx_word' id='word_1_830' title='bbox 2324 4369 2659 4433; x_wconf 74' lang='lat' dir='ltr'><strong>dehonestat,</strong></span> <span class='ocrx_word' id='word_1_831' title='bbox 2696 4374 2802 4426; x_wconf 91' lang='lat' dir='ltr'><strong>imo</strong></span> <span class='ocrx_word' id='word_1_832' title='bbox 2842 4384 3049 4439; x_wconf 89' lang='lat' dir='ltr'><strong>contra,</strong></span> <span class='ocrx_word' id='word_1_833' title='bbox 3093 4375 3243 4443; x_wconf 87' lang='lat' dir='ltr'><strong>quasi</strong></span> <span class='ocrx_word' id='word_1_834' title='bbox 3289 4378 3533 4431; x_wconf 80' lang='lat' dir='ltr'><strong>exaltans</strong></span> <span class='ocrx_word' id='word_1_835' title='bbox 3572 4388 3627 4433; x_wconf 89' lang='lat' dir='ltr'><strong>et</strong></span> <span class='ocrx_word' id='word_1_836' title='bbox 3663 4397 3908 4451; x_wconf 65' lang='lat' dir='ltr'><strong>magnum</strong></span> 
     </span>
    </p>
   </div>
   <div class='ocr_carea' id='block_1_104' title="bbox 2324 4461 3904 4537">
    <p class='ocr_par' dir='ltr' id='par_1_104' title="bbox 2324 4461 3904 4537">
     <span class='ocr_line' id='line_1_104' title="bbox 2324 4461 3904 4537; baseline 0.008 -26"><span class='ocrx_word' id='word_1_837' title='bbox 2324 4461 2616 4514; x_wconf 90' lang='lat' dir='ltr'><strong>ostendens</strong></span> <span class='ocrx_word' id='word_1_838' title='bbox 2646 4463 2809 4526; x_wconf 87' lang='lat' dir='ltr'><strong>illam,</strong></span> <span class='ocrx_word' id='word_1_839' title='bbox 2840 4463 2917 4517; x_wconf 89' lang='lat' dir='ltr'><strong>sic</strong></span> <span class='ocrx_word' id='word_1_840' title='bbox 2940 4473 3107 4517; x_wconf 88' lang='lat' dir='ltr'><strong>totum</strong></span> <span class='ocrx_word' id='word_1_841' title='bbox 3137 4465 3366 4533; x_wconf 79' lang='lat' dir='ltr'><strong>probat?</strong></span> <span class='ocrx_word' id='word_1_842' title='bbox 3392 4466 3520 4520; x_wconf 86' lang='lat' dir='ltr'><strong>Cum</strong></span> <span class='ocrx_word' id='word_1_843' title='bbox 3552 4482 3733 4526; x_wconf 90' lang='lat' dir='ltr'><strong>autem</strong></span> <span class='ocrx_word' id='word_1_844' title='bbox 3754 4473 3904 4537; x_wconf 81' lang='lat' dir='ltr'><strong>dicit,</strong></span> 
     </span>
    </p>
   </div>
   <div class='ocr_carea' id='block_1_105' title="bbox 2328 4549 3905 4634">
    <p class='ocr_par' dir='ltr' id='par_1_105' title="bbox 2328 4549 3905 4634">
     <span class='ocr_line' id='line_1_105' title="bbox 2328 4549 3905 4634; baseline 0.01 -33"><span class='ocrx_word' id='word_1_845' title='bbox 2328 4549 2667 4616; x_wconf 83' lang='lat' dir='ltr'><strong>Naturatiter,</strong></span> <span class='ocrx_word' id='word_1_846' title='bbox 2699 4553 2991 4607; x_wconf 88' lang='lat' dir='ltr'><strong>secundum</strong></span> <span class='ocrx_word' id='word_1_847' title='bbox 3022 4556 3278 4609; x_wconf 87' lang='lat' dir='ltr'><strong>naturalia</strong></span> <span class='ocrx_word' id='word_1_848' title='bbox 3311 4557 3588 4613; x_wconf 86' lang='lat' dir='ltr'><strong>ratiocinia</strong></span> <span class='ocrx_word' id='word_1_849' title='bbox 3618 4561 3868 4634; x_wconf 81' lang='lat' dir='ltr'><strong>intelligit</strong></span> <span class='ocrx_word' id='word_1_850' title='bbox 3895 4585 3905 4617; x_wconf 90' lang='lat'><strong>:</strong></span> 
     </span>
    </p>
   </div>
   <div class='ocr_carea' id='block_1_106' title="bbox 2325 4643 3905 4718">
    <p class='ocr_par' dir='ltr' id='par_1_106' title="bbox 2325 4643 3905 4718">
     <span class='ocr_line' id='line_1_106' title="bbox 2325 4643 3905 4718; baseline 0.008 -23"><span class='ocrx_word' id='word_1_851' title='bbox 2325 4652 2379 4695; x_wconf 89' lang='lat' dir='ltr'><strong>et</strong></span> <span class='ocrx_word' id='word_1_852' title='bbox 2403 4643 2633 4696; x_wconf 88' lang='lat' dir='ltr'><strong>ostendit</strong></span> <span class='ocrx_word' id='word_1_853' title='bbox 2654 4643 2786 4697; x_wconf 82' lang='lat' dir='ltr'><strong>alios</strong></span> <span class='ocrx_word' id='word_1_854' title='bbox 2816 4659 2935 4699; x_wconf 87' lang='lat' dir='ltr'><strong>esse</strong></span> <span class='ocrx_word' id='word_1_855' title='bbox 2962 4644 3230 4709; x_wconf 84' lang='lat' dir='ltr'><strong>meliores,</strong></span> <span class='ocrx_word' id='word_1_856' title='bbox 3261 4655 3315 4701; x_wconf 89' lang='lat' dir='ltr'><strong>et</strong></span> <span class='ocrx_word' id='word_1_857' title='bbox 3341 4648 3483 4718; x_wconf 84' lang='lat' dir='ltr'><strong>quod</strong></span> <span class='ocrx_word' id='word_1_858' title='bbox 3517 4653 3694 4717; x_wconf 79' lang='lat' dir='ltr'><strong>majus</strong></span> <span class='ocrx_word' id='word_1_859' title='bbox 3721 4666 3823 4717; x_wconf 79' lang='lat' dir='ltr'><strong>est,</strong></span> <span class='ocrx_word' id='word_1_860' title='bbox 3846 4672 3905 4707; x_wconf 75' lang='lat' dir='ltr'><strong>ea</strong></span> 
     </span>
    </p>
   </div>
   <div class='ocr_carea' id='block_1_107' title="bbox 2325 4732 3905 4811">
    <p class='ocr_par' dir='ltr' id='par_1_107' title="bbox 2325 4732 3905 4811">
     <span class='ocr_line' id='line_1_107' title="bbox 2325 4732 3905 4811; baseline 0.009 -26"><span class='ocrx_word' id='word_1_861' title='bbox 2325 4732 2390 4787; x_wconf 90' lang='lat' dir='ltr'><strong>de</strong></span> <span class='ocrx_word' id='word_1_862' title='bbox 2417 4748 2572 4787; x_wconf 88' lang='lat' dir='ltr'><strong>causa</strong></span> <span class='ocrx_word' id='word_1_863' title='bbox 2606 4735 2874 4800; x_wconf 85' lang='lat' dir='ltr'><strong>meliores,</strong></span> <span class='ocrx_word' id='word_1_864' title='bbox 2904 4736 3043 4804; x_wconf 90' lang='lat' dir='ltr'><strong>quod</strong></span> <span class='ocrx_word' id='word_1_865' title='bbox 3095 4752 3198 4790; x_wconf 91' lang='lat' dir='ltr'><strong>non</strong></span> <span class='ocrx_word' id='word_1_866' title='bbox 3240 4740 3540 4807; x_wconf 80' lang='lat' dir='ltr'><strong>acceperint</strong></span> <span class='ocrx_word' id='word_1_867' title='bbox 3581 4742 3777 4811; x_wconf 83' lang='lat' dir='ltr'><strong>legem,</strong></span> <span class='ocrx_word' id='word_1_868' title='bbox 3810 4762 3905 4799; x_wconf 83' lang='lat' dir='ltr'><strong>nec</strong></span> 
     </span>
    </p>
   </div>
   <div class='ocr_carea' id='block_1_108' title="bbox 2325 4825 3905 4899">
    <p class='ocr_par' dir='ltr' id='par_1_108' title="bbox 2325 4825 3905 4899">
     <span class='ocr_line' id='line_1_108' title="bbox 2325 4825 3905 4899; baseline 0.007 -22"><span class='ocrx_word' id='word_1_869' title='bbox 2325 4825 2553 4880; x_wconf 88' lang='lat' dir='ltr'><strong>habeant</strong></span> <span class='ocrx_word' id='word_1_870' title='bbox 2590 4827 2751 4891; x_wconf 87' lang='lat' dir='ltr'><strong>illam,</strong></span> <span class='ocrx_word' id='word_1_871' title='bbox 2804 4843 2906 4897; x_wconf 88' lang='lat' dir='ltr'><strong>qua</strong></span> <span class='ocrx_word' id='word_1_872' title='bbox 2948 4829 3194 4884; x_wconf 89' lang='lat' dir='ltr'><strong>videntur</strong></span> <span class='ocrx_word' id='word_1_873' title='bbox 3238 4829 3409 4885; x_wconf 73' lang='lat' dir='ltr'><strong>Judazi</strong></span> <span class='ocrx_word' id='word_1_874' title='bbox 3451 4845 3733 4899; x_wconf 68' lang='lat' dir='ltr'><strong>prmstarc.</strong></span> <span class='ocrx_word' id='word_1_875' title='bbox 3784 4837 3905 4890; x_wconf 71' lang='lat' dir='ltr'><strong>Ideo</strong></span> 
     </span>
    </p>
   </div>
   <div class='ocr_carea' id='block_1_109' title="bbox 2321 4916 3904 4995">
    <p class='ocr_par' dir='ltr' id='par_1_109' title="bbox 2321 4916 3904 4995">
     <span class='ocr_line' id='line_1_109' title="bbox 2321 4916 3904 4995; baseline 0.007 -24"><span class='ocrx_word' id='word_1_876' title='bbox 2321 4919 2486 4983; x_wconf 90' lang='lat' dir='ltr'><strong>enim,</strong></span> <span class='ocrx_word' id='word_1_877' title='bbox 2531 4919 2623 4982; x_wconf 85' lang='lat' dir='ltr'><strong>ait,</strong></span> <span class='ocrx_word' id='word_1_878' title='bbox 2666 4916 2937 4975; x_wconf 86' lang='lat' dir='ltr'><strong>mirabiles</strong></span> <span class='ocrx_word' id='word_1_879' title='bbox 2980 4932 3125 4984; x_wconf 91' lang='lat' dir='ltr'><strong>sunt,</strong></span> <span class='ocrx_word' id='word_1_880' title='bbox 3170 4921 3291 4990; x_wconf 89' lang='lat' dir='ltr'><strong>quia</strong></span> <span class='ocrx_word' id='word_1_881' title='bbox 3334 4921 3451 4991; x_wconf 76' lang='lat' dir='ltr'><strong>lege</strong></span> <span class='ocrx_word' id='word_1_882' title='bbox 3492 4936 3596 4977; x_wconf 91' lang='lat' dir='ltr'><strong>non</strong></span> <span class='ocrx_word' id='word_1_883' title='bbox 3629 4942 3766 4995; x_wconf 88' lang='lat' dir='ltr'><strong>opus</strong></span> <span class='ocrx_word' id='word_1_884' title='bbox 3811 4928 3904 4982; x_wconf 86' lang='lat' dir='ltr'><strong>ha-</strong></span> 
     </span>
    </p>
   </div>
   <div class='ocr_carea' id='block_1_110' title="bbox 2324 5007 3902 5087">
    <p class='ocr_par' dir='ltr' id='par_1_110' title="bbox 2324 5007 3902 5087">
     <span class='ocr_line' id='line_1_110' title="bbox 2324 5007 3902 5087; baseline 0.006 -27"><span class='ocrx_word' id='word_1_885' title='bbox 2324 5007 2506 5068; x_wconf 75' lang='lat' dir='ltr'><strong>buere.</strong></span> <span class='ocrx_word' id='word_1_886' title='bbox 2540 5019 2590 5063; x_wconf 87' lang='lat' dir='ltr'><strong>et</strong></span> <span class='ocrx_word' id='word_1_887' title='bbox 2632 5024 2751 5077; x_wconf 69' lang='lat' dir='ltr'><strong>qua:</strong></span> <span class='ocrx_word' id='word_1_888' title='bbox 2796 5010 2925 5078; x_wconf 87' lang='lat' dir='ltr'><strong>legis</strong></span> <span class='ocrx_word' id='word_1_889' title='bbox 2963 5019 3088 5063; x_wconf 89' lang='lat' dir='ltr'><strong>sunt</strong></span> <span class='ocrx_word' id='word_1_890' title='bbox 3131 5010 3309 5065; x_wconf 89' lang='lat' dir='ltr'><strong>omnia</strong></span> <span class='ocrx_word' id='word_1_891' title='bbox 3350 5012 3642 5069; x_wconf 87' lang='lat' dir='ltr'><strong>exhibuere</strong></span> <span class='ocrx_word' id='word_1_892' title='bbox 3673 5034 3685 5067; x_wconf 68' lang='grc' dir='ltr'><strong><em>ς</em></strong></span> <span class='ocrx_word' id='word_1_893' title='bbox 3716 5032 3902 5087; x_wconf 81' lang='lat' dir='ltr'><strong>Opera.</strong></span> 
     </span>
    </p>
   </div>
   <div class='ocr_carea' id='block_1_111' title="bbox 2324 5099 3901 5171">
    <p class='ocr_par' dir='ltr' id='par_1_111' title="bbox 2324 5099 3901 5171">
     <span class='ocr_line' id='line_1_111' title="bbox 2324 5099 3901 5171; baseline 0.006 -20"><span class='ocrx_word' id='word_1_894' title='bbox 2324 5113 2425 5152; x_wconf 88' lang='lat' dir='ltr'><strong>non</strong></span> <span class='ocrx_word' id='word_1_895' title='bbox 2461 5100 2660 5163; x_wconf 87' lang='lat' dir='ltr'><strong>literas,</strong></span> <span class='ocrx_word' id='word_1_896' title='bbox 2691 5099 2880 5158; x_wconf 82' lang='lat' dir='ltr'><strong>animis</strong></span> <span class='ocrx_word' id='word_1_897' title='bbox 2906 5100 3016 5153; x_wconf 85' lang='lat' dir='ltr'><strong>suis</strong></span> <span class='ocrx_word' id='word_1_898' title='bbox 3043 5100 3421 5171; x_wconf 84' lang='lat' dir='ltr'><strong>insculpentes.</strong></span> <span class='ocrx_word' id='word_1_899' title='bbox 3455 5105 3563 5158; x_wconf 91' lang='lat' dir='ltr'><strong>lloc</strong></span> <span class='ocrx_word' id='word_1_900' title='bbox 3593 5107 3738 5160; x_wconf 82' lang='lat' dir='ltr'><strong>enim</strong></span> <span class='ocrx_word' id='word_1_901' title='bbox 3780 5111 3855 5161; x_wconf 82' lang='lat' dir='ltr'><strong>ait</strong></span> <span class='ocrx_word' id='word_1_902' title='bbox 3892 5129 3901 5161; x_wconf 95' lang='lat'><strong>:</strong></span> 
     </span>
    </p>
   </div>
   <div class='ocr_carea' id='block_1_112' title="bbox 2325 5188 3901 5263">
    <p class='ocr_par' dir='ltr' id='par_1_112' title="bbox 2325 5188 3901 5263">
     <span class='ocr_line' id='line_1_112' title="bbox 2325 5188 3901 5263; baseline 0.006 -22"><span class='ocrx_word' id='word_1_903' title='bbox 2325 5188 2409 5242; x_wconf 84' lang='lat' dir='ltr'><strong>i5.</strong></span> <span class='ocrx_word' id='word_1_904' title='bbox 2446 5188 2545 5255; x_wconf 81' lang='lat' dir='ltr'><strong>Qui</strong></span> <span class='ocrx_word' id='word_1_905' title='bbox 2574 5190 2836 5242; x_wconf 87' lang='lat' dir='ltr'><strong>ostendunt</strong></span> <span class='ocrx_word' id='word_1_906' title='bbox 2869 5206 2994 5257; x_wconf 82' lang='lat' dir='ltr'><strong>Opus</strong></span> <span class='ocrx_word' id='word_1_907' title='bbox 3020 5189 3140 5261; x_wconf 82' lang='lat' dir='ltr'><strong>legis</strong></span> <span class='ocrx_word' id='word_1_908' title='bbox 3164 5192 3406 5263; x_wconf 86' lang='lat' dir='ltr'><strong>scriptum</strong></span> <span class='ocrx_word' id='word_1_909' title='bbox 3430 5195 3483 5247; x_wconf 88' lang='lat' dir='ltr'><strong>in</strong></span> <span class='ocrx_word' id='word_1_910' title='bbox 3514 5197 3755 5251; x_wconf 80' lang='lat' dir='ltr'><strong>cordibus</strong></span> <span class='ocrx_word' id='word_1_911' title='bbox 3774 5202 3901 5262; x_wconf 69' lang='lat' dir='ltr'><strong>suis,</strong></span> 
     </span>
    </p>
   </div>
   <div class='ocr_carea' id='block_1_113' title="bbox 2323 5282 3904 5357">
    <p class='ocr_par' dir='ltr' id='par_1_113' title="bbox 2323 5282 3904 5357">
     <span class='ocr_line' id='line_1_113' title="bbox 2323 5282 3904 5357; baseline 0.006 -23"><span class='ocrx_word' id='word_1_912' title='bbox 2323 5282 2657 5335; x_wconf 80' lang='lat' dir='ltr'><strong>testimonium</strong></span> <span class='ocrx_word' id='word_1_913' title='bbox 2689 5282 2923 5336; x_wconf 80' lang='lat' dir='ltr'><strong>reddente</strong></span> <span class='ocrx_word' id='word_1_914' title='bbox 2952 5282 3055 5337; x_wconf 90' lang='lat' dir='ltr'><strong>illis</strong></span> <span class='ocrx_word' id='word_1_915' title='bbox 3083 5286 3411 5351; x_wconf 81' lang='lat' dir='ltr'><strong>conscientia,</strong></span> <span class='ocrx_word' id='word_1_916' title='bbox 3449 5298 3493 5340; x_wconf 84' lang='lat' dir='ltr'><strong>et</strong></span> <span class='ocrx_word' id='word_1_917' title='bbox 3518 5290 3904 5357; x_wconf 80' lang='lat' dir='ltr'><strong>cogitationibus</strong></span> 
     </span>
    </p>
   </div>
   <div class='ocr_carea' id='block_1_114' title="bbox 2323 5372 3904 5437">
    <p class='ocr_par' dir='ltr' id='par_1_114' title="bbox 2323 5372 3904 5437">
     <span class='ocr_line' id='line_1_114' title="bbox 2323 5372 3904 5437; baseline 0.007 -15"><span class='ocrx_word' id='word_1_918' title='bbox 2323 5372 2451 5425; x_wconf 73' lang='lat' dir='ltr'><strong>inter</strong></span> <span class='ocrx_word' id='word_1_919' title='bbox 2480 5389 2530 5427; x_wconf 85' lang='lat' dir='ltr'><strong>se</strong></span> <span class='ocrx_word' id='word_1_920' title='bbox 2567 5372 2920 5426; x_wconf 80' lang='lat' dir='ltr'><strong>accusantibus</strong></span> <span class='ocrx_word' id='word_1_921' title='bbox 2960 5384 3045 5427; x_wconf 88' lang='lat' dir='ltr'><strong>aut</strong></span> <span class='ocrx_word' id='word_1_922' title='bbox 3083 5376 3233 5428; x_wconf 84' lang='lat' dir='ltr'><strong>etiam</strong></span> <span class='ocrx_word' id='word_1_923' title='bbox 3283 5378 3637 5433; x_wconf 77' lang='lat' dir='ltr'><strong>excusantibus</strong></span> <span class='ocrx_word' id='word_1_924' title='bbox 3664 5398 3684 5436; x_wconf 89' lang='lat'><strong><em>:</em></strong></span> <span class='ocrx_word' id='word_1_925' title='bbox 3718 5382 3805 5437; x_wconf 73' lang='lat' dir='ltr'><strong>Hi.</strong></span> <span class='ocrx_word' id='word_1_926' title='bbox 3854 5387 3904 5433; x_wconf 78' lang='lat' dir='ltr'><strong>iu</strong></span> 
     </span>
    </p>
   </div>
   <div class='ocr_carea' id='block_1_115' title="bbox 2322 5462 3902 5532">
    <p class='ocr_par' dir='ltr' id='par_1_115' title="bbox 2322 5462 3902 5532">
     <span class='ocr_line' id='line_1_115' title="bbox 2322 5462 3902 5532; baseline 0.005 -17"><span class='ocrx_word' id='word_1_927' title='bbox 2322 5464 2420 5529; x_wconf 87' lang='lat' dir='ltr'><strong>die,</strong></span> <span class='ocrx_word' id='word_1_928' title='bbox 2468 5480 2563 5532; x_wconf 87' lang='lat' dir='ltr'><strong>quo</strong></span> <span class='ocrx_word' id='word_1_929' title='bbox 2591 5462 2838 5532; x_wconf 80' lang='lat' dir='ltr'><strong>judicabit</strong></span> <span class='ocrx_word' id='word_1_930' title='bbox 2872 5462 3005 5518; x_wconf 86' lang='lat' dir='ltr'><strong>Deus</strong></span> <span class='ocrx_word' id='word_1_931' title='bbox 3049 5467 3247 5519; x_wconf 87' lang='lat' dir='ltr'><strong>occulta</strong></span> <span class='ocrx_word' id='word_1_932' title='bbox 3291 5468 3576 5532; x_wconf 88' lang='lat' dir='ltr'><strong>hontinum,</strong></span> <span class='ocrx_word' id='word_1_933' title='bbox 3622 5474 3902 5527; x_wconf 77' lang='lat' dir='ltr'><strong>secundum</strong></span> 
     </span>
    </p>
   </div>
   <div class='ocr_carea' id='block_1_116' title="bbox 2322 5555 3902 5631">
    <p class='ocr_par' dir='ltr' id='par_1_116' title="bbox 2322 5555 3902 5631">
     <span class='ocr_line' id='line_1_116' title="bbox 2322 5555 3902 5631; baseline 0.003 -23"><span class='ocrx_word' id='word_1_934' title='bbox 2322 5556 2633 5625; x_wconf 76' lang='lat' dir='ltr'><strong>evangelium</strong></span> <span class='ocrx_word' id='word_1_935' title='bbox 2669 5571 2851 5617; x_wconf 88' lang='lat' dir='ltr'><strong>meum,</strong></span> <span class='ocrx_word' id='word_1_936' title='bbox 2898 5572 2983 5623; x_wconf 85' lang='lat' dir='ltr'><strong>per</strong></span> <span class='ocrx_word' id='word_1_937' title='bbox 3019 5555 3196 5609; x_wconf 81' lang='lat' dir='ltr'><strong>Jesum</strong></span> <span class='ocrx_word' id='word_1_938' title='bbox 3240 5556 3516 5611; x_wconf 84' lang='lat' dir='ltr'><strong>Christum.</strong></span> <span class='ocrx_word' id='word_1_939' title='bbox 3551 5559 3741 5616; x_wconf 80' lang='lat' dir='ltr'><strong>Viden‘</strong></span> <span class='ocrx_word' id='word_1_940' title='bbox 3767 5579 3902 5631; x_wconf 79' lang='lat' dir='ltr'><strong>quo-</strong></span> 
     </span>
    </p>
   </div>
   <div class='ocr_carea' id='block_1_117' title="bbox 2322 5649 3901 5720">
    <p class='ocr_par' dir='ltr' id='par_1_117' title="bbox 2322 5649 3901 5720">
     <span class='ocr_line' id='line_1_117' title="bbox 2322 5649 3901 5720; baseline 0.002 -19"><span class='ocrx_word' id='word_1_941' title='bbox 2322 5649 2479 5701; x_wconf 90' lang='lat' dir='ltr'><strong>modo</strong></span> <span class='ocrx_word' id='word_1_942' title='bbox 2500 5656 2844 5716; x_wconf 60' lang='lat' dir='ltr'><strong>repraesentet</strong></span> <span class='ocrx_word' id='word_1_943' title='bbox 2875 5651 3019 5705; x_wconf 87' lang='lat' dir='ltr'><strong>illum</strong></span> <span class='ocrx_word' id='word_1_944' title='bbox 3050 5652 3189 5705; x_wconf 86' lang='lat' dir='ltr'><strong>diem</strong></span> <span class='ocrx_word' id='word_1_945' title='bbox 3218 5664 3271 5706; x_wconf 90' lang='lat' dir='ltr'><strong>et</strong></span> <span class='ocrx_word' id='word_1_946' title='bbox 3302 5667 3466 5720; x_wconf 85' lang='lat' dir='ltr'><strong>pr0pe</strong></span> <span class='ocrx_word' id='word_1_947' title='bbox 3491 5653 3743 5718; x_wconf 80' lang='lat' dir='ltr'><strong>adducat,</strong></span> <span class='ocrx_word' id='word_1_948' title='bbox 3784 5656 3901 5708; x_wconf 75' lang='lat' dir='ltr'><strong>illo-</strong></span> 
     </span>
    </p>
   </div>
   <div class='ocr_carea' id='block_1_118' title="bbox 2322 5742 3900 5816">
    <p class='ocr_par' dir='ltr' id='par_1_118' title="bbox 2322 5742 3900 5816">
     <span class='ocr_line' id='line_1_118' title="bbox 2322 5742 3900 5816; baseline 0.003 -24"><span class='ocrx_word' id='word_1_949' title='bbox 2322 5754 2435 5793; x_wconf 89' lang='lat' dir='ltr'><strong>rum</strong></span> <span class='ocrx_word' id='word_1_950' title='bbox 2480 5747 2712 5792; x_wconf 79' lang='lat' dir='ltr'><strong>mentem</strong></span> <span class='ocrx_word' id='word_1_951' title='bbox 2758 5742 3062 5811; x_wconf 87' lang='lat' dir='ltr'><strong>exagitans,</strong></span> <span class='ocrx_word' id='word_1_952' title='bbox 3109 5751 3163 5795; x_wconf 88' lang='lat' dir='ltr'><strong>et</strong></span> <span class='ocrx_word' id='word_1_953' title='bbox 3202 5744 3526 5806; x_wconf 71' lang='lat' dir='ltr'><strong>ostendens,</strong></span> <span class='ocrx_word' id='word_1_954' title='bbox 3570 5746 3690 5799; x_wconf 87' lang='lat' dir='ltr'><strong>illos</strong></span> <span class='ocrx_word' id='word_1_955' title='bbox 3732 5750 3900 5816; x_wconf 80' lang='lat' dir='ltr'><strong>potius</strong></span> 
     </span>
    </p>
   </div>
   <div class='ocr_carea' id='block_1_119' title="bbox 2324 5830 3901 5907">
    <p class='ocr_par' dir='ltr' id='par_1_119' title="bbox 2324 5830 3901 5907">
     <span class='ocr_line' id='line_1_119' title="bbox 2324 5830 3901 5907; baseline 0.004 -23"><span class='ocrx_word' id='word_1_956' title='bbox 2324 5830 2661 5886; x_wconf 85' lang='lat' dir='ltr'><strong>honorandos</strong></span> <span class='ocrx_word' id='word_1_957' title='bbox 2686 5845 2821 5897; x_wconf 87' lang='lat' dir='ltr'><strong>esse,</strong></span> <span class='ocrx_word' id='word_1_958' title='bbox 2852 5835 2939 5903; x_wconf 88' lang='lat' dir='ltr'><strong>qui</strong></span> <span class='ocrx_word' id='word_1_959' title='bbox 2968 5834 3083 5887; x_wconf 89' lang='lat' dir='ltr'><strong>sine</strong></span> <span class='ocrx_word' id='word_1_960' title='bbox 3107 5833 3241 5903; x_wconf 78' lang='lat' dir='ltr'><strong>lege,</strong></span> <span class='ocrx_word' id='word_1_961' title='bbox 3270 5850 3388 5903; x_wconf 68' lang='lat' dir='ltr'><strong>qua:</strong></span> <span class='ocrx_word' id='word_1_962' title='bbox 3411 5835 3544 5907; x_wconf 84' lang='lat' dir='ltr'><strong>legis</strong></span> <span class='ocrx_word' id='word_1_963' title='bbox 3570 5847 3751 5899; x_wconf 78' lang='lat' dir='ltr'><strong>erant,</strong></span> <span class='ocrx_word' id='word_1_964' title='bbox 3780 5851 3901 5903; x_wconf 79' lang='lat' dir='ltr'><strong>per-</strong></span> 
     </span>
    </p>
   </div>
   <div class='ocr_carea' id='block_1_120' title="bbox 2325 5925 3901 5994">
    <p class='ocr_par' dir='ltr' id='par_1_120' title="bbox 2325 5925 3901 5994">
     <span class='ocr_line' id='line_1_120' title="bbox 2325 5925 3901 5994; baseline 0.002 -15"><span class='ocrx_word' id='word_1_965' title='bbox 2325 5925 2477 5982; x_wconf 84' lang='lat' dir='ltr'><strong>licere</strong></span> <span class='ocrx_word' id='word_1_966' title='bbox 2504 5929 2675 5982; x_wconf 88' lang='lat' dir='ltr'><strong>conati</strong></span> <span class='ocrx_word' id='word_1_967' title='bbox 2708 5928 2866 5983; x_wconf 76' lang='lat' dir='ltr'><strong>sunt?</strong></span> <span class='ocrx_word' id='word_1_968' title='bbox 2891 5926 3038 5994; x_wconf 89' lang='lat' dir='ltr'><strong>Quod</strong></span> <span class='ocrx_word' id='word_1_969' title='bbox 3068 5936 3240 5983; x_wconf 85' lang='lat' dir='ltr'><strong>autem</strong></span> <span class='ocrx_word' id='word_1_970' title='bbox 3271 5929 3502 5985; x_wconf 82' lang='lat' dir='ltr'><strong>maxime</strong></span> <span class='ocrx_word' id='word_1_971' title='bbox 3528 5927 3901 5987; x_wconf 78' lang='lat' dir='ltr'><strong>admirandum</strong></span> 
     </span>
    </p>
   </div>
   <div class='ocr_carea' id='block_1_121' title="bbox 4007 1697 4026 3436">
    <p class='ocr_par' dir='ltr' id='par_1_121' title="bbox 4012 1697 4017 3436">
     <span class='ocr_line' id='line_1_121' title="bbox 4012 1697 4017 1993; baseline 0 -278"><span class='ocrx_word' id='word_1_972' title='bbox 4012 1740 4017 1993; x_wconf 67' lang='grc'><strong>1</strong></span> 
     </span>
     <span class='ocr_line' id='line_1_122' title="bbox 4014 3244 4017 3436; baseline 0 0"><span class='ocrx_word' id='word_1_973' title='bbox 4014 3244 4017 3436; x_wconf 62' lang='grc'><strong>1</strong></span> 
     </span>
    </p>
   </div>
   <div class='ocr_carea' id='block_1_122' title="bbox 4009 4638 4024 5948">
    <p class='ocr_par' dir='ltr' id='par_1_122' title="bbox 4011 5796 4017 5948">
     <span class='ocr_line' id='line_1_123' title="bbox 4011 5796 4017 5948; baseline 0 0"><span class='ocrx_word' id='word_1_974' title='bbox 4011 5796 4017 5948; x_wconf 69' lang='grc'><strong>1</strong></span> 
     </span>
    </p>
   </div>
  </div>
