4080 6520
235 532 337 590 6'27

231 656 426 711 ἔλασεν
461 651 880 723 ὡμολογημένον
915 650 1094 715 τοῦτο,
1125 652 1217 705 καὶ
1245 651 1340 706 ἀπ’
1369 651 1536 706 αὑτοῦ
1568 650 1909 706 κατεσκεύα-

236 761 350 805 σεν,
405 743 486 796 ὅτι
518 742 611 796 καὶ
640 739 1026 812 τιμηθήσεται,
1063 738 1316 809 περιττὸν
1343 738 1529 794 λοιπὸν
1553 739 1789 809 ἐδήλωσε
1823 738 1911 789 τὸν

234 834 399 901 νόμον
439 831 531 883 καὶ
559 830 658 900 τὴν
693 828 1024 898 περιτομήν·
1074 826 1309 896 μάλιστα
1353 827 1462 898 7&9
1506 826 1779 888 Ἰουδαίοις
1823 826 1911 877 ἐν·

233 917 411 972 ταῦθα
469 917 719 987 μάχεται.
784 912 1000 982 Ἐπειδὴ
1063 912 1172 983 γάρ
1219 915 1415 967 ἐκεῖνοι
1481 913 1913 984 φιλονεικότερον

233 1004 516 1064 διέκειιτο,
557 1003 772 1072 πρῶτον
820 1001 917 1069 μὲν
960 998 1066 1052 ὑπὸ
1101 999 1269 1067 τύφου
1304 1000 1405 1052 οὐκ
1455 999 1734 1066 ἀξιοῦντες
1774 998 1914 1067 μετά

230 1093 345 1144 τῶν
377 1090 435 1156 ἐξ
465 1090 632 1144 ἐθνῶν
675 1088 1130 1158 συναριθμεῖσθαι
1150 1104 1165 1120 ⁸
1194 1087 1446 1160 δεύτερον
1481 1087 1911 1156 καταγελῶντες,

232 1180 283 1232 εἰ
323 1180 356 1249 ὴ
387 1180 567 1241 πίστις
610 1176 786 1229 πάντα
813 1174 1067 1244 ἀφανίζει
1097 1174 1165 1228 τά
1201 1176 1599 1245 ἁμαρτήματα,
1637 1174 1726 1228 διὰ
1755 1174 1914 1228 τοῦτο

234 1266 502 1336 πρότερον
532 1263 880 1334 κατηγόρησε
912 1263 1022 1316 τῶν
1071 1263 1360 1334 Ἑλλήνων,
1406 1263 1544 1333 ὑπὲρ
1573 1255 1648 1316 ὧν
1677 1265 1912 1316 ποιεῖται

230 1354 326 1406 τὸν
367 1353 543 1422 λόγον,
602 1352 686 1405 ἵνα
711 1351 1040 1413 ἀνυπόπτως
1090 1351 1182 1404 καὶ
1233 1351 1372 1422 μετά
1433 1352 1746 1423 παρρησίας
1803 1353 1912 1406 τῶν

243 1441 516 1494 Ἰουδαίων
563 1439 890 1512 καθίκηται·
942 1435 1062 1493 εἶτα
1095 1441 1175 1503 εἰς
1203 1439 1303 1509 τὴν
1334 1440 1464 1511 περὶ
1492 1440 1592 1509 τῆς
1635 1440 1912 1501 κολάσεως

230 1527 481 1595 ἐξέτασιν
514 1528 702 1593 ἐλθὼν,
747 1527 1019 1581 δείκνυσιν
1047 1527 1106 1580 ού
1161 1527 1319 1598 μόνον
1351 1527 1502 1582 οὐδὲν
1531 1526 1912 1596 ὠφελούμενον

227 1616 326 1668 τὸν
365 1615 615 1669 Ἰουδαῖον
640 1613 750 1668 ἀπὸ
775 1614 869 1668 τοῦ
898 1614 1085 1685 νόμου,
1111 1615 1249 1668 ἀλλά
1279 1615 1373 1669 καὶ
1416 1613 1751 1685 βαρούμενον
1770 1633 1781 1642 ·
1816 1616 1911 1668 καὶ

226 1703 390 1757 τοῦτο
423 1703 630 1757 ἀνωθεν
656 1700 1083 1767 κατασκευάζει.
1123 1704 1185 1756 Εἰ
1219 1703 1328 1774 γάρ
1356 1705 1382 1757 ό
1410 1703 1610 1774 Ἕλλην
1639 1702 1728 1756 διά
1753 1703 1913 1756 τοῦτο

227 1792 664 1861 ἀναπολόγητος,
713 1789 796 1843 ὅτι
839 1792 938 1860 τῆς
987 1790 1216 1853 κτίσεως
1259 1789 1421 1845 αὐτὸν
1464 1791 1766 1859 ἐναγούσης
1818 1791 1910 1845 καὶ

228 1877 346 1931 τῶν
381 1877 678 1948 λογισμῶν,
703 1877 803 1932 ούκ
833 1877 1051 1946 ἐγένετο
1079 1875 1302 1946 βελτίων
1321 1893 1334 1906 ·
1371 1874 1522 1949 [466]
1562 1876 1740 1946 πολλῴ
1772 1877 1911 1948 μᾶλ-

227 1964 323 2018 λον
356 1966 384 2018 6
429 1964 682 2029 Ἰουδαῖος
716 1965 852 2034 μετά
881 1963 1085 2018 τούτων
1118 1965 1211 2018 καὶ
1251 1964 1350 2035 τὴν
1373 1965 1481 2018 ἀπὸ
1513 1965 1607 2018 τοῦ
1642 1965 1806 2035 νόμου
1833 1966 1911 2018 διο

225 2052 530 2106 δασκαλίαν
568 2052 765 2106 λαϐὼν.
808 2051 1008 2115 Πείσας
1046 2052 1224 2107 τοίνυν
1268 2053 1432 2106 αὑτὸν
1484 2052 1724 2118 εὐκόλως
1757 2053 1912 2120 δέξα-

229 2141 361 2194 σθαι
397 2142 487 2193 τὸν
518 2141 776 2210 λογισμὸν
823 2140 1013 2194 τοῦτον
1042 2142 1100 2196 ἐν
1137 2143 1249 2204 τοῖς
1283 2142 1486 2213 ἑτέρων
1523 2143 1907 2213 ἁμαρτήμασι,

227 2229 330 2280 καὶ
363 2228 565 2282 ἄκοντα
597 2226 896 2295 ἀναγκάζει
930 2227 1116 2282 λοιπὸν
1142 2229 1199 2281 ὲν
1228 2230 1339 2291 τοῖς
1372 2227 1502 2299 περὶ
1531 2227 1724 2283 ἑαυτοῦ
1751 2228 1908 2281 τοῦτο

228 2316 480 2384 ποιῆσαι.
525 2315 638 2368 Καὶ
674 2315 816 2368 ὥστε
860 2315 1266 2386 εύπαράδεκτον
1305 2316 1564 2384 γενέσθαι
1605 2316 1696 2369 τὸν
1729 2316 1906 2384 λόγον,

225 2405 330 2458 καὶ
359 2405 449 2456 ἐπὶ
486 2403 592 2456 τῶν
620 2403 999 2475 χρηστοτέρων
1049 2403 1212 2458 αὐτὸν
1243 2404 1499 2475 προάγει,
1537 2403 1709 2473 λέγων
1733 2403 1905 2458 οὓτω·

225 2491 389 2556 Δόξα
411 2491 479 2544 δὲ
512 2492 609 2544 καί
645 2491 782 2560 τιμὴ
808 2491 906 2546 καί
947 2491 1156 2560 εἰρήνη
1207 2491 1388 2546 παντί
1425 2492 1507 2558 τῷ
1543 2491 1910 2561 ἐργαζομένῳ

227 2578 299 2631 τὸ
345 2579 592 2648 ἀγαθὸν,
654 2579 912 2646 Ἰουδαίῳ
944 2596 1008 2633 τε
1054 2579 1290 2648 πρῶτον
1319 2579 1419 2634 καί
1464 2580 1742 2647 Ἕλληνι.
1788 2581 1905 2633 Ἑν-

225 2665 404 2720 ταῦθα
442 2667 540 2735 μὲν
564 2666 691 2737 7&9,
722 2667 822 2720 ὅσα
846 2666 910 2720 ἀν
937 2685 1020 2731 τις
1057 2667 1156 2738 ἔχῃ
1179 2667 1341 2732 καλὰ,
1374 2668 1514 2738 μετά
1554 2667 1763 2721 πολλῶν
1795 2669 1906 2739 ἔχει

224 2753 507 2823 ταραχῶν,
541 2753 644 2806 κᾶν
675 2753 929 2817 πλούσιος
957 2749 1014 2828 ᾗ,
1048 2753 1151 2808 κᾶν
1171 2755 1460 2826 δυνάστης,
1488 2755 1590 2810 κᾶν
1621 2755 1904 2825 βασιλεύς·

226 2840 337 2894 κᾶν
381 2841 455 2909 μὴ
503 2839 638 2910 πρὸς
685 2840 893 2910 ἕτερον,
933 2840 1070 2913 πρὸς
1117 2842 1248 2910 γοῦν
1296 2842 1487 2897 ἑαυτὸν
1534 2844 1907 2909 διαστασιάξει

227 2927 514 2990 πολλάκις,
574 2929 667 2980 καὶ
713 2928 880 2980 πολὺν
929 2929 986 2981 ὲν
1027 2931 1140 2992 τοῖς
1168 2930 1449 3000 λογισμοῖς
1486 2931 1597 3002 ἔχει
1634 2933 1904 3003 πόλεμον·

225 3017 350 3068 εκεῖ
371 3015 428 3068 δὲ
457 3015 608 3068 οὐδὲν
635 3015 897 3078 τοιοῦτον,
938 3015 1072 3069 ἀλλὰ
1099 3017 1278 3072 πάντα
1300 3019 1510 3089 γαληνά
1538 3020 1632 3073 καὶ
1664 3022 1908 3090 ταραχῆς

225 3105 647 3174 ἀπηλλαγμένα,
697 3105 791 3158 καὶ
833 3107 1058 3176 γνησίαν
1088 3106 1278 3176 ἔχοντα
1303 3109 1403 3179 τὴν
1441 3111 1682 3180 εἰρήνην.
1721 3112 1907 3165 Κατα-

227 3192 506 3254 σκευάσας
549 3193 729 3246 τοίνυν
787 3194 849 3245 ἐκ
888 3194 995 3245 τῶν
1020 3194 1224 3247 ἀνωθεν
1256 3197 1584 3266 εἰρημένων,
1622 3198 1702 3250 ὅτι
1733 3199 1825 3250 καὶ
1857 3200 1905 3251 οἰ

228 3279 310 3349 μὴ
346 3279 510 3349 νόμον
535 3280 748 3350 ἔχοντες
778 3281 886 3333 τῶν
915 3280 1092 3334 αὐτῶν
1121 3283 1541 3347 ἀπολαύσονται,
1575 3286 1772 3353 ἐπάγει
1810 3285 1905 3339 καὶ

225 3366 508 3436 λογισμὸν,
551 3365 694 3420 οὕτω
731 3367 939 3435 λέγων·
984 3371 1066 3423 Οὐ
1112 3369 1222 3438 γάρ
1260 3371 1391 3424 ἐστι
1423 3374 1907 3441 προσωποληψίιι

224 3453 393 3522 παρὰ
421 3454 501 3519 τῷ
535 3453 675 3519 Θεῷ.
711 3455 878 3508 Ὅταν
916 3457 1014 3527 μὲν
1056 3456 1162 3528 γάρ
1200 3457 1352 3531 λέγῃ,
1385 3459 1467 3512 ὅτι
1497 3459 1786 3522 κολάζεται
1813 3461 1906 3514 καὶ

222 3543 254 3594 6
297 3542 546 3604 Ἰουδαῖος
575 3544 667 3595 καὶ
697 3544 725 3596 ὁ
757 3542 953 3614 Ἕλλην
998 3545 1425 3614 ἁμαρτάνοντες,
1462 3547 1522 3600 οὐ
1562 3546 1730 3600 δεῖται
1755 3548 1904 3617 λογι-

227 3628 420 3698 σμῶν·
460 3630 587 3682 ὅταν
634 3631 713 3692 δὲ,
749 3631 829 3684 ὅτι
880 3632 973 3684 καὶ
1018 3634 1244 3701 τιμᾶται
1297 3636 1323 3686 ό
1372 3634 1592 3706 Ἕλλην,
1639 3637 1907 3706 συστῆσαι

227 3715 510 3786 βούληται,
548 3717 639 3770 καὶ
667 3722 1007 3788 κατασκευῆς
1033 3719 1204 3773 δεῖται
1232 3719 1435 3775 λοιπόν.
1460 3723 1570 3774 Καὶ
1598 3721 1706 3793 7&9
1731 3724 1906 3776 ἐδόκει

226 3802 542 3872 θαυμαστὸν
582 3800 721 3857 εἶναι
773 3806 866 3858 καὶ
922 3806 1250 3877 παράδοξον,
1305 3809 1354 3859 εί
1389 3810 1416 3861 6
1449 3808 1523 3879 μὴ
1561 3809 1726 3878 νόμου
1769 3811 1906 3882 μηδὲ

227 3891 527 3960 προφητῶν
555 3890 815 3955 ἀκούσας,
843 3894 1068 3957 τιμᾶται
1094 3893 1161 3945 τὰ
1183 3895 1363 3961 άγαθά
1391 3895 1778 3966 ἐργαζόμενος.
1809 3897 1905 3950 Διά

223 3976 411 4039 τοῦτο,
441 3978 574 4049 ὅπερ
605 3977 699 4030 καλ⁵
717 3977 1028 4049 ἔμπροσθεν
1061 3973 1234 4041 εἶπον,
1260 3982 1318 4031 ὲν
1344 3984 1456 4045 τοῖς
1491 3983 1596 4052 πρὸ
1617 3984 1718 4054 τῆς
1746 3985 1904 4054 χάρι-

224 4076 322 4122 τος
349 4060 559 4130 χρόνοις
601 4060 868 4129 γυμνάζει
897 4061 1074 4114 αὐτῶν
1103 4062 1200 4124 τὰς
1224 4063 1416 4127 ἀκοάς,
1441 4066 1506 4116 ἵν’
1537 4065 1904 4124 εὐκολώτερον

224 4149 574 4219 ἑπεισαγάγῃ
609 4149 794 4201 λοιπὸν
837 4149 975 4218 μετὰ
1017 4149 1115 4220 τῆς
1154 4151 1393 4214 πίστεως
1433 4153 1522 4205 καὶ
1552 4153 1648 4224 τὴν
1681 4155 1739 4206 ὲν
1780 4157 1902 4207 τού-

221 4248 343 4292 τοις
391 4231 807 4296 συγκατάθεσιν.
859 4231 1120 4286 Ἐνταῦθα
1159 4235 1264 4304 7&9
1312 4235 1623 4301 ἀνύποπτος
1671 4238 1904 4308 μάλιστα

221 4316 455 4382 γίνεται,
493 4315 586 4367 ἆτε
613 4315 672 4367 ού
703 4314 763 4366 τὸ
787 4315 978 4369 ἑαυτοῦ
1009 4317 1453 4380 κατασκευάζων.
1483 4319 1668 4374 Εἰπὼν
1698 4321 1900 4383 τοίνυν,

221 4402 384 4464 Δέξαι
411 4402 508 4454 καί
539 4401 676 4469 τιμὴ
729 4401 842 4493 καί.
867 4403 1074 4472 εἰρήνη
1109 4404 1287 4458 παντί
1321 4404 1400 4470 τῷ
1432 4405 1802 4476 ἐργαζομένῳ
1835 4409 1902 4463 τὸ

219 4489 472 4558 ἀγαθον,
515 4488 782 4552 Ἰουδαίῳ
805 4488 864 4542 τε
883 4491 1140 4558 πρῶτον,
1168 4493 1264 4545 καὶ
1294 4495 1568 4563 Ἕλληνι,
1596 4498 1898 4566 ὲπήγαγεψ

225 4578 312 4631 Οὐ
336 4577 447 4646 γάρ
479 4577 609 4630 ἐστι
637 4579 1116 4646 προσωποληψία
1146 4580 1304 4648 παρὰ
1332 4580 1410 4646 τῷ
1443 4583 1584 4647 Θεῷ.
1617 4585 1812 4648 Βαδαὶ,
1845 4586 1901 4652 ἐξ

220 4667 360 4736 ὅσης
391 4665 607 4734 ἐνίκησε
631 4666 729 4734 τῆς
758 4667 1072 4736 περιουσίας
1094 4669 1152 4722 8!
1192 4669 1432 4722 δείκνυσι
1461 4673 1568 4742 γάρ
1593 4675 1671 4736 εἰς
1702 4673 1902 4727 ἄτοπον

219 4752 320 4805 τὸν
358 4751 514 4819 λόγον
564 4751 887 4820 ἀπαγαγὼν,
922 4754 1002 4806 ὅτι
1053 4756 1111 4808 ού
1151 4757 1291 4810 κατὰ
1341 4759 1474 4812 Θεὸν
1524 4761 1582 4812 τὸ
1633 4761 1707 4831 μὴ
1759 4759 1902 4814 οὕτω

221 4838 506 4906 γενέσθαι·
560 4839 656 4891 κοῖ
694 4839 802 4909 γάρ
850 4842 1309 4912 προσωποληψίας
1354 4846 1414 4898 τὸ
1465 4849 1726 4917 πρᾶγμα·
1783 4848 1811 4900 6
1844 4848 1900 4900 δὲ

222 4924 359 4988 Θεὸς
395 4927 452 4977 οὐ
492 4925 750 4988 τοιοῦτος.
789 4927 898 4980 Καὶ
944 4929 1044 4981 οὐκ
1091 4925 1264 4997 εἶπεν,
1309 4933 1440 4985 εἰδὲ
1477 4935 1551 5005 μὴ
1603 4937 1760 4988 τοῦτο
1808 4935 1904 5004 γέ-

223 5029 393 5076 νοιτο,
418 5013 885 5085 προσωπολήπτης
917 5017 944 5068 6
963 5016 1115 5081 Θεὸς,
1140 5018 1282 5072 ἀλλά-
1301 5023 1644 5092 σεμνότερον·
1678 5027 1759 5077 Οὺ
1792 5024 1900 5094 γάρ

219 5101 359 5153 ἐστι
413 5103 893 5168 προσωποληψία
954 5103 1112 5170 παρὰ
1164 5105 1243 5171 τῷ
1281 5107 1430 5172 Θεῷ·
1480 5111 1779 5177 τουτέστιν,
1839 5113 1900 5164 οὑ

220 5181 534 5252 προσώπων
567 5184 848 5254 ποιότητα,
895 5186 1032 5239 ἀλλά
1069 5192 1412 5259 πραγμάτων
1441 5191 1682 5258 ἐξετάζει
1710 5195 1900 5265 διαφο-

223 5271 350 5340 ράν.
410 5269 578 5323 Τοῦτο
627 5271 814 5335 εἰπὼν,
859 5273 1127 5344 ἐδήλωσεν
1167 5279 1265 5329 οὐκ
1299 5281 1355 5330 ἐν
1399 5281 1743 5351 πράγμασιν,
1784 5285 1896 5337 ἀλλ’

219 5359 283 5410 ἐν
325 5357 638 5427 προσώποις
667 5359 823 5428 μόνον
857 5360 1178 5434 διαφέροντα
1206 5367 1295 5419 τὸν
1351 5367 1607 5423 Ἰουδαῖον
1641 5371 1737 5425 τοῦ
1772 5372 1899 5424 Ἕλ-

221 5446 406 5516 ληνος.
454 5445 674 5510 Τούτοις
721 5448 1012 5503 ἀκόλουθον
1059 5448 1125 5524 ἧν
1165 5456 1368 5507 εἰπεῖν·
1408 5458 1479 5510 Ού
1528 5459 1657 5528 γάρ,
1710 5460 1900 5530 ἐπειδὴ

219 5536 250 5587 ό
291 5533 390 5602 μὲν
437 5533 706 5598 Ἰουδαῖος,
739 5539 767 5589 6
794 5537 851 5590 δὲ
891 5537 1108 5610 Ἕλλην,
1154 5541 1240 5594 διὰ
1281 5545 1439 5596 τοῦτο
1464 5549 1490 5598 6
1519 5548 1617 5616 μὲν
1649 5549 1896 5617 τιμᾶται,

221 5623 251 5673 6
284 5621 343 5673 δὲ
375 5619 686 5706 ὑϐρίζεται·
723 5625 837 5677 ἀλλ’
886 5627 992 5680 άπὸ
1031 5628 1136 5680 τῶν
1183 5629 1357 5698 ἔργων
1402 5635 1638 5706 ἑκάτερα
1669 5637 1895 5704 γίνεται.

236 5708 379 5762 Ἀλλ’
416 5709 512 5762 οὐκ
550 5704 702 5762 εἶπεν
740 5711 916 5765 οὕτω·
951 5715 1191 5785 διήγειρε
1243 5719 1348 5789 7&9
1387 5719 1452 5773 ἂν
1488 5704 1577 5773 τὸν
1605 5721 1774 5792 θυμὸν
1804 5725 1898 5778 τοῦ

235 5796 525 5850 Ἰουδαίου·
581 5797 694 5850 ἀλλ’
736 5799 921 5868 ἕτερόν
954 5819 1004 5853 τι
1041 5802 1202 5854 πλέον
1247 5805 1429 5877 τίθησι
1460 5811 1757 5864 κατασπῶν
1801 5813 1898 5866 αύ-

221 5884 333 5936 τῶν
361 5886 650 5953 κατωτέρω
681 5886 729 5938 τὸ
748 5888 998 5958 φρόνημα
1023 5891 1113 5942 καὶ
1136 5894 1532 5960 καταστέλλων,
1559 5896 1697 5951 ὥστε
1722 5901 1899 5952 ἐκεῖνο

220 5970 641 6036 καταδέξασθαι.
703 5974 768 6025 Τί
825 5975 880 6028 δέ
930 5977 1049 6030 ἐστι
1086 5978 1271 6045 τοῦτο;
1316 5981 1387 6034 T6
1438 5984 1562 6052 ἑξῆς
1620 5982 1893 6057 κείμενον·

309 6167 325 6189 ⁸
352 6169 434 6217 Sic
461 6169 605 6218 ςωι,
637 6179 680 6219 ('t
731 6188 824 6222 mss
873 6182 1024 6236 I'N‘U‘,
1049 6177 1220 6226 vai.
1250 6181 1372 6228 male
1403 6184 1682 6240 ιτγρουσίας.

1432 532 1495 587 IN
1543 531 1764 589 EPIST.
1803 531 1892 585 AD
1929 526 2094 582 R03].
2145 528 2378 586 ΙΙΟΜιιι.
2427 532 2483 586 ν.

3599 526 3704 583 628

2023 649 2197 704 Ὅσοι
2243 653 2356 720 γὰρ
2399 653 2636 721 ἀνόμως
2656 694 2670 719 ,
2721 653 2909 723 φησὶν,
2973 651 3263 722 ἥμαρτον,
3314 649 3551 720 ἀνόμως
3603 649 3705 702 καί

2019 736 2388 793 ἀπολοῦνται
2410 758 2422 771 ·
2459 740 2556 793 καί
2593 740 2728 794 ὅσοι
2767 741 2838 794 ἐν
2862 741 3025 809 νόμῳ
3063 739 3352 809 ἥμαρτον,
3387 737 3486 792 διὰ
3513 737 3704 805 νόμου

2018 825 2432 892 κριθήσονται.
2472 827 2734 881 Ἐνταῦθα
2764 827 2894 898 γάρ,
2917 829 3052 898 ὅπερ
3081 827 3253 898 ἔφθην
3282 823 3477 889 εἰπὼν,
3511 826 3574 878 οὐ
3603 823 3705 893 μό-

2017 929 2105 966 νον
2143 915 2415 985 ἰσοτιμίαν
2463 915 2732 969 δείκνυσιν
2793 915 3051 970 Ἰουδαίου
3090 917 3185 969 καὶ
3233 913 3517 982 Ἕλληνος,
3567 911 3706 966 ἀλλὰ

2016 1003 2110 1057 καὶ
2149 1003 2281 1056 πολὺ
2330 1004 2421 1058 τὸν
2476 1005 2729 1058 Ἰουδαῖον
2769 1004 3107 1075 βαρούμενοι)
3143 1003 3252 1056 ἀπὸ
3283 1003 3380 1072 τῆς
3410 1000 3506 1054 τοῦ
3534 1000 3704 1072 νόμου

2013 1087 2232 1154 δόσεως.
2287 1091 2345 1144 ’0
2379 1092 2477 1162 μὲν
2531 1093 2639 1162 7&9
2686 1091 2888 1162 Ἕλλην
2933 1093 3152 1162 ἀνόμως
3196 1091 3479 1161 κρίνεται·
3516 1087 3578 1141 τὸ
3610 1087 3699 1152 δὲ,

2028 1177 2298 1246 Ἆνόμως,
2339 1178 2577 1231 ἐνταῦθα
2621 1179 2682 1230 ού
2722 1177 2780 1231 16
2823 1177 3224 1248 χαλεπώτερον,
3279 1175 3414 1230 ἀλλά
3462 1174 3522 1227 τὸ
3564 1175 3699 1244 ὴμε-

2017 1266 2253 1336 ρὼτερον
2281 1266 2460 1334 λέγει·
2493 1266 2795 1327 τουτέστιν,
2831 1264 2980 1336 [467]
3017 1265 3116 1316 οὐκ
3143 1263 3256 1332 ἔχει
3292 1261 3700 1334 κατηγοροῦντα

2012 1354 2103 1407 τὸν
2133 1355 2314 1424 νόμον.
2354 1354 2427 1406 T6
2473 1353 2604 1424 7&9,
2655 1353 2949 1423 Ἀνόμως.
2984 1352 3254 1414 τουτέστι,
3290 1352 3458 1426 χωρὶς
3500 1351 3600 1420 τῆς
3641 1349 3700 1416 ἐξ

2014 1442 2222 1494 ἐκείνου
2252 1441 2656 1512 κατακρίσεως,
2692 1441 2880 1511 φησιν,
2910 1440 3017 1494 ἀπὸ
3048 1441 3155 1492 τῶν
3179 1439 3278 1509 τῆς
3310 1439 3525 1507 φύσεως
3555 1437 3702 1504 λογι-

2015 1527 2168 1598 σμῶν
2218 1528 2640 1593 καταδικάζεται
2689 1529 2889 1597 μόνων.
2949 1528 3008 1581 '0
3037 1527 3091 1580 δὲ
3139 1526 3389 1588 Ἰουδαῖος
3434 1523 3696 1593 ἐννόμως,

2012 1617 2282 1679 τουτέστι,
2317 1617 2453 1686 μετὰ
2482 1616 2585 1686 τῆς
2619 1617 2837 1686 φύσεως
2875 1616 2968 1668 καὶ
2996 1615 3090 1668 τοῦ
3128 1615 3294 1684 νόμου
3328 1610 3699 1682 κατηγοροῦν-

2011 1723 2141 1769 τος·
2196 1707 2306 1776 ὅσῳ
2345 1707 2456 1776 γαρ
2505 1706 2751 1769 πλείονος
2808 1705 3146 1776 ἀπήλαυσει)
3193 1705 3293 1761 τῆς
3347 1700 3695 1771 ἐπιμελείας,

2012 1794 2253 1863 τοσούτῳ
2287 1794 2506 1863 μείζονα
2539 1792 2700 1846 δώσει
2732 1793 2907 1864 δίκην.

2082 1887 2143 1933 ε’.
2176 1882 2336 1951 Ὁρᾷς
2359 1880 2476 1943 πῶς
2503 1881 2725 1950 μείζονα
2753 1884 2868 1944 τοῖς
2899 1880 3174 1944 Ἰουδαίοις
3199 1879 3300 1950 τὴν
3321 1877 3568 1946 ἀνάγκην
3599 1877 3698 1928 ἐπ-

2014 1969 2213 2039 έστησε
2248 1969 2341 2022 τοῦ
2368 1971 2433 2040 τῇ
2464 1969 2649 2040 χάριτι
2683 1970 3056 2041 προσδραμεῖν
3076 1986 3089 2034 ;
3110 1967 3328 2036 Ἐπειδὴ
3355 1967 3461 2037 γάρ
3489 1965 3694 2033 ἔλεγον,

2012 2057 2092 2109 ὅτι
2115 2057 2176 2109 οῦ
2193 2057 2402 2110 δέονται
2431 2057 2532 2127 τῆς
2555 2059 2775 2128 χάριτος
2795 2097 2809 2120 ,
2827 2057 2914 2109 διὰ
2938 2057 3098 2127 μόνου
3129 2056 3224 2108 τοῦ
3255 2056 3421 2125 νόμου
3449 2051 3693 2107 δικαιού-

2016 2162 2187 2214 μενοι,
2209 2143 2503 2206 δείκνυσιν,
2523 2146 2604 2198 ὅτι
2629 2145 2784 2197 αὐτοὶ
2809 2144 3008 2214 μᾶλλον
3030 2144 3138 2195 τῶν
3165 2143 3435 2211 Ἐλλήνων
3459 2141 3694 2206 δέονται,

2011 2233 2066 2285 εἰ
2099 2250 2163 2300 γε
2198 2233 2398 2303 μᾶλλον
2436 2233 2690 2302 μέλλουσι
2738 2231 3084 2297 κολάζεσθαί.
3120 2225 3254 2283 Εἶτα
3290 2230 3454 2282 πάλιν
3487 2230 3694 2295 ἐπάγει

2010 2320 2269 2390 λογισμὸν
2303 2321 2511 2392 ἕτερον,
2560 2323 2675 2381 τοῖς
2711 2319 3025 2390 εἰρημένοις
3063 2318 3562 2386 ἐπαγωνιζόμενος.
3613 2317 3696 2368 Οὐ

2010 2407 2121 2475 γὰρ
2152 2410 2204 2461 οἱ
2250 2407 2535 2475 ἀκροαταὶ
2591 2405 2700 2460 τοῦ
2746 2412 2936 2476 νόμου
2976 2406 3192 2459 δίκαιοι
3226 2407 3384 2473 παρὰ
3424 2402 3503 2468 τῷ
3552 2401 3692 2467 Θεῷ·

2012 2494 2207 2557 Καλῶς
2249 2493 2581 2564 προσέθηκε,
2620 2495 2786 2560 Παρὰ
2825 2491 2905 2558 τῷ
2953 2491 3074 2557 Θεῷ
3097 2508 3108 2520 °
3142 2497 3295 2562 παρά
3335 2491 3430 2560 μὲν
3467 2491 3571 2559 γὰρ
3598 2490 3695 2543 ἀν-

2011 2579 2251 2650 θρώποις
2293 2580 2424 2642 ἴσως
2466 2581 2655 2650 σεμνοὶ
2693 2579 2951 2633 δύνανται
3007 2577 3296 2647 φαίνεσθαι,
3345 2577 3437 2629 καὶ
3484 2576 3695 2645 μεγάλα

2011 2668 2338 2738 κομπάζειν,
2362 2670 2513 2739 παρά
2540 2669 2596 2720 δὲ
2627 2667 2704 2738 τῷ
2736 2667 2875 2736 Θεῷ,
2912 2666 3223 2720 τούναντίον
3249 2666 3497 2726 ἀπαν,οἰ
3519 2679 3695 2730 ποιηο

2010 2757 2099 2810 ταί
2150 2757 2257 2810 τοῦ
2306 2757 2493 2824 νόμου
2532 2755 2905 2809 δικαιοῦνται
2938 2755 3150 2822 μόνον.
3205 2749 3358 2814 Εἶδες
3410 2751 3558 2821 πόσῃ
3626 2754 3692 2821 τῇ

2011 2844 2300 2914 περιουσίᾳ
2328 2845 2593 2914 κέχρηται
2624 2845 2703 2906 εἰς
2727 2842 2787 2895 τὸ
2821 2843 3063 2895 ἐναντίον
3101 2841 3451 2912 περιτρέπων
3475 2841 3564 2891 τὸν
3609 2839 3695 2890 λό-

2010 2947 2104 2997 γον
2127 2947 2140 2994 ;
2161 2932 2221 2982 Εἰ
2245 2932 2354 3000 γὰρ
2370 2930 2458 2982 διά
2479 2929 2568 2981 τὸν
2591 2930 2752 2999 νόμον
2787 2929 2959 2994 ἀξιοῖς
2998 2927 3261 2998 σωθῆναι,
3295 2928 3447 2994 φησι,
3482 2924 3697 2994 πρῶτός

2013 3036 2106 3071 σου
2148 3017 2320 3090 ταύτῃ
2355 3020 2383 3070 6
2437 3017 2640 3086 Ἕλλην
2697 3017 2990 3086 στήσεται,
3033 3014 3263 3086 ποιητὴς
3337 3014 3523 3082 φανεὶς
3588 3013 3697 3066 τῶν

2012 3105 2503 3176 ἐγγεγραμμένων.
2569 3105 2680 3158 Καὶ
2731 3105 2847 3164 πῶς
2901 3104 3010 3167 ἔνι,
3051 3103 3239 3173 φησὶν,
3293 3101 3568 3172 ἀκροατὴν
3622 3101 3696 3171 μὴ

2011 3194 2322 3263 γενόμενον,
2387 3192 2615 3262 ποιητὴν
2669 3191 2956 3259 γενέσθαι;
3013 3190 3156 3254 "Evn,
3211 3189 3398 3258 φησὶν,
3449 3190 3508 3240 οὑ
3544 3187 3698 3240 τοῦτο

2015 3281 2196 3350 μόνον,
2230 3279 2366 3332 ἀλλὰ
2403 3281 2496 3332 καὶ
2531 3279 2590 3331 τὸ
2623 3278 2814 3332 τούτου
2849 3279 3027 3348 πολλῷ
3063 3277 3246 3332 πλέον.
3283 3277 3357 3328 Ού
3393 3276 3501 3347 γάρ
3537 3276 3698 3347 μόνον

2010 3369 2178 3439 χωρὶς
2203 3369 2518 3439 ἀκροάσεως
2546 3367 2665 3419 ἔστι
2694 3367 2948 3434 γενέσθαι
2983 3365 3236 3435 ποιητὴν,
3264 3364 3402 3416 ἀλλὰ
3431 3364 3525 3416 καὶ
3562 3364 3698 3434 μετά

2011 3458 2325 3528 ἀκροάσεως
2362 3457 2436 3527 μὴ
2482 3453 2620 3509 εἶναι
2665 3455 2857 3509 τοῦτο·
2897 3457 3036 3526 ὅπερ
3078 3453 3304 3523 ὕστερον
3363 3453 3699 3523 σασέστερον
3727 3442 3738 3451 ’

2009 3545 2191 3613 τίθησι
2241 3543 2436 3611 λέγων,
2483 3543 2577 3597 καὶ
2631 3543 2770 3614 μετά
2812 3543 3058 3605 πλείονος
3087 3543 3185 3612 τὴς
3226 3542 3539 3610 περιουσίας
3565 3559 3577 3572 ·
3634 3542 3698 3594 '0

2009 3627 2316 3680 διδάσκων
2355 3627 2582 3695 ἕτερον,
2633 3626 2898 3680 σεαυτὸν
2943 3628 3012 3679 οὐ
3046 3626 3388 3689 διδιίσκειςς
3433 3625 3698 3678 Ἐνταῦθα

2008 3715 2064 3767 δὲ
2091 3716 2226 3777 τέως
2256 3715 2316 3767 τὸ
2351 3714 2617 3786 πρότερον
2669 3714 3091 3777 κατασκευάζει.
3149 3716 3336 3766 ’Ὸταν
3381 3713 3492 3781 γὰρ
3527 3713 3694 3778 ἔθνη,

2010 3806 2163 3873 φησὶ,
2195 3805 2266 3857 τὰ
2283 3803 2368 3872 μὴ
2396 3805 2585 3872 νόμον
2605 3803 2849 3872 έχοντα,
2883 3802 3062 3870 φύσει
3091 3803 3161 3854 τὰ
3184 3799 3292 3853 τοῦ
3318 3801 3507 3868 νόμου
3531 3799 3694 3866 ποιῇ,

2009 3887 2175 3945 οὗτοι
2224 3891 2412 3957 νόμον
2448 3887 2534 3958 μὴ
2589 3887 2856 3956 ἔχοντες,
2902 3887 3140 3953 ἑαυτοῖς
3165 3890 3285 3941 εἰσι
3335 3889 3539 3956 νόμος.
3585 3888 3697 3940 Οὐκ

2009 3978 2256 4031 ἐκϐάλλω
2278 3977 2368 4029 τὸν
2400 3977 2586 4045 νόμον,
2615 3975 2802 4044 φησὶν,
2836 3975 2970 4028 ἀλλὰ
3001 3976 3097 4028 καὶ
3127 3973 3378 4027 ἐντεῦθεν
3401 3974 3594 4026 δικαιῶ
3627 3976 3698 4028 τά

2009 4061 2160 4130 ἔθνη.
2197 4058 2352 4122 Εἶδες
2386 4059 2498 4122 πῶς
2533 4058 2853 4128 ὑπορύττων
2878 4057 2973 4110 τοῦ
3025 4056 3364 4126 Ἰουδαῖσμοῦ
3395 4055 3493 4126 τὴν
3512 4056 3693 4122 δόξαν,

2007 4150 2260 4218 οὐδεμίαν
2308 4147 2428 4201 καθ’
2477 4146 2673 4200 ἑαυτοῦ
2717 4145 2901 4200 δίδωσι
2948 4145 3119 4216 λαϐὴν
3157 4144 3232 4208 ὡς
3277 4144 3563 4213 ἀτιμάζων
3608 4143 3695 4196 τὸν

2007 4236 2190 4308 νόμον,
2213 4236 2345 4289 ἀλλά
2373 4235 2706 4299 τούναντίον,
2740 4233 2815 4296 ὡς
2844 4234 3089 4304 ἐπαίρων
3125 4234 3215 4285 καὶ
3245 4233 3420 4301 μέγαν
3455 4231 3691 4295 δεικνὺς,

2006 4325 2147 4378 οὕτω
2175 4324 2572 4387 κατασκευάζει
2605 4323 2666 4375 τὸ
2698 4324 2839 4388 xiv;
2878 4322 3064 4375 Φύσει
3109 4320 3167 4374 δὲ
3203 4321 3332 4373 ὅταν
3367 4318 3533 4380 εἴποι,
3578 4322 3690 4382 τοῖς

2007 4413 2070 4464 ἐκ
2100 4413 2314 4481 φύσεως
2336 4411 2481 4478 λέγει
2504 4410 2802 4479 λογισμοῖς.
2841 4409 2950 4462 Καὶ
2986 4408 3260 4461 δείκνυσιν
3281 4407 3506 4477 ἑτέρους
3532 4405 3694 4469 ὄντας

2007 4500 2184 4551 αὐτῶν
2244 4498 2503 4567 βελτίους,
2564 4498 2658 4550 καὶ
2707 4496 2769 4548 τὸ
2817 4499 3021 4566 μεῖζον,
3073 4496 3162 4548 διὰ
3210 4493 3368 4546 τοῦτο
3423 4494 3690 4562 βελτίους,

2006 4586 2191 4655 ἐπειδὴ
2231 4585 2303 4656 μὴ
2331 4586 2492 4655 νόμον
2535 4583 2747 4648 ἔλαϐον,
2787 4584 2922 4653 μηδὲ
2956 4582 3140 4653 ἔχουσι
3177 4581 3388 4645 τοῦτον,
3425 4574 3468 4647 ᾧ
3501 4581 3692 4633 60x05-

2007 4693 2089 4728 σιν
2117 4673 2294 4726 αὐτῶν
2328 4674 2670 4726 πλεονεκτεῖν
2700 4673 2746 4723 οἱ
2794 4672 3062 4724 Ἰουδαῖοι.
3097 4669 3197 4722 Διά
3225 4670 3384 4721 τοῦτο
3415 4670 3544 4739 7&9,
3582 4685 3688 4738 φηο

2009 4765 2111 4821 σίν,
2164 4765 2269 4815 εἰσὶ
2313 4762 2636 4831 θαυμαστοὶ,
2669 4763 2747 4814 ὅτι
2780 4761 2945 4828 νόμου
2992 4760 3092 4811 οὐκ
3128 4758 3448 4828 ἐδεήθησαν,
3499 4758 3590 4810 καὶ
3620 4759 3690 4811 τά

2005 4853 2100 4906 τοῦ
2130 4853 2293 4922 νόμον
2337 4853 2512 4905 πάντα
2552 4851 2915 4913 ἐπεδείξαντο,
2955 4851 3023 4901 τὰ
3070 4848 3206 4917 ἔργα
3231 4859 3279 4908 ε,
3305 4848 3364 4899 ού
3412 4848 3479 4900 τά
3508 4847 3692 4915 γράμ-

2009 4959 2174 5011 ματα,
2219 4942 2337 5000 ταῖς
2384 4938 2645 5000 διανοίαις
2687 4938 2864 4990 αὐτῶν
2906 4936 3326 5003 ἐγκολάῲαντες.
3366 4933 3535 4987 Τοῦτο
3581 4936 3690 5005 γάρ

2005 5045 2187 5099 φησιν·
2217 5030 2445 5092 Οἵτινες
2464 5027 2878 5079 ἐνδείκνυνται
2908 5025 2970 5076 τὸ
2995 5023 3173 5090 ἔργον
3207 5021 3312 5075 τοῦ
3339 5024 3524 5090 νόμου
3553 5041 3686 5090 γρα-

2004 5119 2158 5168 πτὸν
2188 5117 2258 5167 ἐν
2287 5114 2416 5180 ταῖς
2448 5113 2718 5180 καρδίαις
2752 5111 2973 5174 αὐτῶν,
3007 5112 3560 5178 σινμμαρτῳούσης
3584 5113 3688 5164 αὐ-

2005 5204 2127 5266 τοῖς
2156 5202 2265 5271 τῆς
2293 5201 2725 5270 συνειδήσεως,
2760 5202 2857 5254 καί
2878 5199 3107 5268 μεταξὺ
3134 5199 3426 5263 ἀλλήλων
3449 5197 3565 5251 τῶν
3586 5201 3690 5252 10-

2003 5289 2236 5360 γισμῶν
2271 5291 2783 5360 κατηγοιωύντων,
2825 5289 2862 5354 1')
2908 5288 3002 5340 κ(ιί
3034 5284 3567 5354 ἀπολογουμένων,
3618 5287 3690 5339 ἐν

2004 5379 2214 5449 ἡμέρᾳ,
2244 5379 2341 5430 ὅτε
2369 5377 2559 5446 κρινεῖ
2585 5381 2614 5430 o'
2643 5375 2785 5441 Θεὸς
2825 5375 2896 5428 τὰ
2924 5373 3157 5442 κρυπτὰ
3186 5372 3304 5426 τῶν
3337 5373 3684 5441 ἀνθρώπων,

2004 5467 2156 5520 κατὰ
2181 5466 2246 5518 τὸ
2277 5466 2648 5534 Εὺιιγγέλιόι-
2663 5481 2802 5532 μου,
2839 5462 2938 5515 διὰ
2980 5459 3182 5528 Ἰησοῦ
3216 5463 3497 5528 Χριστοῦ.
3525 5463 3687 5532 Ὁρᾷς

2004 5555 2120 5616 πῶς
2167 5553 2326 5606 πάλιν
2375 5554 2688 5622 παρέστησε
2725 5552 2822 5621 τὴν
2856 5551 3072 5622 ἡμέραν
3107 5550 3325 5619 ἐκείνην
3380 5553 3472 5603 καὶ
3518 5551 3685 5618 ἐγγὺς

2003 5643 2198 5712 ἤγαγε.
2250 5643 2558 5694 κατασείων
2595 5642 2773 5692 αὐτῶν
2800 5641 2898 5708 τὴν
2926 5640 3185 5698 διάνοιαν,
3216 5640 3310 5690 καὶ
3340 5639 3570 5698 δεικνὺς,
3603 5639 3684 5690 ὅτι

2001 5729 2221 5791 τούτους
2267 5730 2346 5782 δεῖ
2380 5730 2644 5799 τιμᾶσθαι
2680 5728 2880 5797 μᾶλλον
2923 5729 3050 5788 τοὺς
3078 5726 3246 5794 χωρὶς
3284 5726 3448 5792 νόμου
3488 5725 3557 5776 τὰ
3588 5725 3683 5777 τοῦ

2001 5818 2167 5887 νόμου
2217 5817 2517 5886 κατορθοῦν
2564 5815 3001 5880 ἐσπουδακότας
3070 5815 3135 5865 Ὃ
3169 5813 3225 5863 δὲ
3285 5811 3517 5881 μάλιστα
3570 5812 3684 5863 ἔστι

2003 5903 2284 5974 θαυμάσαι
2336 5905 2434 5971 τῆς
2477 5905 2743 5966 συνέσ;ως
2785 5903 2882 5974 τῆς
2913 5899 3299 5969 ἀποστολικῆς,
3340 5899 3497 5951 τοῦτο
3531 5900 3682 5965 ἄξιον

2068 6067 2092 6105 lt
2123 6061 2234 6117 Alii.
2260 6064 2562 6116 &1r‘:‘_7.avaav.
2588 6071 2639 6112 cl
2661 6077 2794 6120 mm,
2818 6065 3030 6111 ἒὼσνιυσι
3106 6077 3126 6099 ι·
3161 6063 3311 6124 Ἔργα
3337 6063 3446 6109 sine
3473 6061 3679 6124 nrllcg‘n

2001 6128 2055 6173 Λ.
2103 6127 2207 6172 Mox
2254 6125 2383 6173 idem
2428 6127 2859 6187 συμμαρτυροῦσα
2887 6128 3062 6184 αὐτῶν,
3093 6136 3139 6173 ιιι
3171 6120 3355 6173 ὶιέίιῡιιί
3394 6125 3514 6172 editi
3547 6120 3672 6171 Bibl.

2009 6198 2053 6232 ιιι
2085 6189 2252 6245 (ῖιιιεγς.
2287 6189 2533 6246 (‘01.qu,
2565 6191 2627 6234 lin
2678 6189 2747 6235 Γῐ.
