4056 6516
248 440 353 495 429

238 566 326 615 est
354 559 405 612 in
429 554 718 625 apostolica
748 550 832 604 illa
864 546 1165 618 prudentia,
1201 541 1251 597 id
1284 553 1424 595 nunc
1464 533 1654 590 merito
1684 531 1828 585 dica-

238 646 547 707 tur.gCum
608 643 749 698 enim
813 640 1123 710 probatione
1188 634 1346 688 allata
1404 628 1829 683 demonstrasset

236 743 497 811 majorem
525 752 645 793 esse
670 734 913 791 Gratcum
940 730 1148 793 Judaeo,
1184 744 1236 779 ιιι
1268 723 1587 779 collectione
1613 728 1664 772 et
1692 731 1825 771 con-

233 810 480 888 clusione
508 828 771 883 rationum
807 824 907 877 hoc
934 836 1039 875 non
1073 818 1239 887 ponit,
1270 824 1322 868 ut
1354 829 1421 866 ne
1445 810 1686 866 Judaeum
1732 821 1811 859 ex-

230 929 470 988 asperet.
500 917 760 971 litautcm
789 913 863 975 id,
889 912 1026 982 quod
1057 909 1189 969 dixi,
1217 905 1412 959 clarius
1442 901 1682 963 reddam,
1708 897 1819 965 ipsa

232 1012 396 1067 verba
428 1009 652 1063 referam
680 1005 992 1074 apostolica.
1014 1001 1146 1068 Quia
1169 998 1310 1051 enim
1340 993 1466 1047 dixit
1499 1010 1513 1046 :
1542 990 1659 1043 Non
1686 988 1821 1041 enim

229 1102 495 1154 auditores
523 1099 664 1169 legis,
698 1095 785 1151 sed
812 1095 1028 1164 factores
1057 1091 1180 1159 legis
1198 1084 1657 1157 justiﬁcubuntur;
1684 1094 1815 1135 con-

229 1207 465 1262 sequens
490 1202 605 1246 erat
636 1200 695 1242 ιιι
731 1188 953 1249 diceret,
985 1181 1107 1237 Cum
1140 1182 1271 1233 enim
1297 1186 1488 1248 gentes,
1520 1189 1632 1244 qua:
1658 1172 1816 1241 legem

228 1261 333 1335 non
374 1281 578 1345 habent,
628 1277 927 1331 naturaliter
966 1289 1081 1341 (μιαί
1120 1270 1244 1341 legis
1286 1276 1400 1322 sunt
1439 1266 1651 1337 faciunt,
1694 1261 1818 1337 hinc

228 1372 482 1425 meliores
527 1380 650 1423 sunt
679 1369 785 1423 illis
823 1366 913 1436 qui
945 1380 975 1418 a
1016 1366 1131 1432 lege
1166 1362 1447 1416 docentur.
1487 1357 1681 1410 Verum
1710 1368 1815 1407 non

230 1464 334 1518 hoc
356 1463 502 1525 dicit,
524 1461 616 1515 sed
643 1462 693 1513 in
719 1460 995 1529 gentilium
1025 1457 1181 1510 laude
1206 1452 1470 1516 consistit,
1491 1463 1660 1519 neque
1685 1447 1819 1501 intc-

226 1557 329 1609 rint
363 1569 665 1608 sermonem
695 1568 789 1620 per
812 1550 1268 1618 COﬂlpﬂl‘iﬂlOﬂt'ln
1299 1543 1658 1614 prosequitur,
1686 1546 1817 1593 utet

226 1648 307 1700 sic
335 1647 551 1700 .ludteus
590 1644 731 1714 quod
772 1644 968 1698 dicitur
1005 1640 1270 1695 admittat.
1312 1635 1438 1690 ldeo
1480 1651 1585 1689 non
1628 1633 1704 1687 sic
1734 1632 1816 1686 lo-

225 1753 297 1804 qu
325 1748 425 1789 itus
455 1745 556 1802 est,
590 1747 642 1790 ut
675 1735 782 1788 dixi
810 1751 825 1798 ;
858 1733 951 1789 sed
982 1730 1296 1802 quomodo?
1323 1726 1448 1782 Cum
1479 1725 1609 1779 enim
1646 1734 1817 1795 gentes

224 1845 343 1892 qua:
370 1828 529 1899 legem
570 1844 670 1881 non
714 1827 917 1889 habent,
963 1824 1260 1878 naturaliter
1294 1838 1352 1875 ea
1393 1836 1506 1890 qua:
1545 1819 1666 1889 legis
1700 1828 1816 1872 sunt

226 1923 463 1991 farizntt;
491 1920 570 1973 ha:
596 1919 752 1989 legem
796 1934 896 1971 non
932 1917 1188 1979 habentes,
1235 1913 1331 1968 sibi
1366 1914 1489 1981 ipsis
1532 1920 1648 1964 sunt
1686 1910 1815 1963 lex:

221 2014 313 2077 qui
343 2013 610 2065 ostendunt
638 2026 767 2078 opus
792 2010 915 2079 legis
944 2008 1192 2076 scriptum
1222 2007 1275 2059 in
1299 2006 1538 2059 cordibus
1568 2006 1693 2069 suis,
1736 2014 1812 2057 te-

222 2105 519 2159 stimonium
547 2103 785 2156 reddente
813 2102 915 2155 illis
943 2100 1269 2153 conscientia.
1306 2097 1515 2151 Sufﬁcit
1544 2098 1686 2151 enim
1718 2113 1813 2165 pro

224 2200 344 2267 lege
392 2194 718 2250 conscientia
754 2203 808 2247 et
854 2194 1129 2261 cogitatio.
1166 2192 1255 2244 llis
1295 2190 1528 2244 ostendit
1577 2205 1809 2251 rursum,

226 2289 397 2341 licam
429 2286 619 2340 fecisse
649 2286 917 2339 hominem
949 2284 1013 2337 ad
1046 2286 1293 2337 virtutem
1324 2282 1623 2348 eligendam
1655 2290 1709 2335 et
1732 2281 1811 2334 vi-

223 2380 355 2431 tium
389 2376 693 2446 l'ogiendum
733 2377 832 2429 sibi
870 2376 1247 2429 sufﬁcientem.
1288 2375 1353 2427 Et
1391 2388 1456 2427 ne
1502 2372 1733 2435 mireris,
1767 2371 1811 2425 si

220 2478 315 2521 aut
346 2471 426 2521 bis
455 2476 546 2521 aut
577 2477 655 2520 ter
679 2478 770 2520 aut
798 2467 995 2535 pluries
1025 2467 1071 2519 id
1100 2466 1288 2535 probet
1316 2481 1329 2517 :
1361 2464 1648 2517 admodum
1670 2464 1809 2516 enim

220 2560 325 2626 ipsi
354 2560 452 2612 hoc
477 2566 634 2627 caput
664 2559 1023 2612 necessarimn
1056 2568 1168 2611 erat
1202 2568 1419 2625 praptcr
1440 2571 1534 2610 eos
1558 2555 1648 2624 qui
1676 2554 1813 2609 dice-

220 2650 350 2701 bant
380 2670 389 2698 ;
425 2650 529 2702 (Zur
551 2665 689 2702 nunc
719 2647 967 2701 Christus
994 2648 1249 2701 advenit?
1275 2655 1329 2700 et
1366 2647 1579 2700 ubinam
1622 2646 1813 2713 priscis

222 2739 552 2807 temporibus
579 2748 719 2793 tanta
744 2740 831 2792 illa
866 2739 1195 2807 providentia
1227 2738 1378 2791 erat?
1401 2739 1674 2791 Adversus
1714 2736 1813 2791 hos

220 2846 365 2883 nunc
404 2846 521 2883 cum
570 2831 792 2899 carptim
841 2838 1143 2899 pugnasset,
1190 2829 1424 2883 ostendit
1463 2830 1623 2883 etiam
1671 2828 1811 2896 quod

222 2922 415 2988 priscis
444 2922 797 2990 temporibus,
843 2932 895 2975 et
926 2932 1209 2990 antequam
1251 2922 1334 2976 lex
1363 2922 1604 2982 daretur,
1642 2921 1812 2974 homi-

220 3032 349 3069 num
396 3026 583 3069 natura
630 3015 939 3069 omnimoda
981 3015 1312 3083 providentia
1351 3015 1631 3086 gaudebat.
1678 3014 1808 3069 Nam

223 3108 379 3173 Quod
411 3118 582 3160 notum
626 3117 697 3161 est
741 3107 857 3173 Dei,
898 3108 1217 3175 manifestum
1248 3117 1355 3159 erat
1391 3108 1441 3159 in
1486 3107 1625 3171 illis;
1668 3106 1808 3159 scie-

220 3199 454 3269 hantque
482 3200 605 3269 quid
636 3200 856 3261 bonum,
887 3198 1011 3268 quid
1042 3198 1239 3251 malum
1268 3207 1431 3261 esset,
1464 3213 1558 3266 per
1593 3194 1710 3266 quin
1744 3197 1811 3251 dc

217 3293 339 3345 aliis
362 3292 692 3361 judicabant.
726 3291 777 3345 Id
811 3292 916 3346 illis
945 3292 1286 3360 exprobrans
1313 3290 1523 3346 dicebat
1554 3310 1566 3344 :
1606 3290 1668 3343 In
1711 3308 1810 3358 quo

211 3382 419 3454 iudicas
442 3384 617 3447 alium,
651 3384 864 3452 leipsunt
886 3384 1193 3436 condemnas
1214 3381 1431 3451 (Matth.
1457 3384 1508 3435 7.
1527 3382 1607 3449 2).
1632 3382 1812 3448 Quano

221 3485 333 3525 tum
366 3474 430 3526 ad
458 3473 694 3535 indutos,
727 3490 848 3526 cum
892 3474 975 3538 iis,
1008 3489 1126 3544 quae
1170 3488 1328 3543 supra
1358 3473 1496 3527 dicta
1539 3483 1683 3540 sunt,
1726 3475 1811 3529 lex

218 3566 429 3630 aderat,
471 3582 568 3620 nec
602 3567 774 3620 solum
824 3567 1159 3621 ratiocinatio
1203 3568 1282 3621 vel
1323 3568 1676 3631 conscientia.
1706 3568 1811 3623 Cur

216 3666 401 3709 autem
433 3657 530 3710 hoc
558 3658 729 3722 all'ert,
765 3658 1125 3713 Accusantibus
1146 3660 1221 3712 vel
1249 3660 1398 3713 etiam
1419 3661 1811 3714 excusantibus?

219 3746 278 3801 Si
309 3748 450 3801 enim
495 3748 664 3817 legem
707 3748 906 3803 habent
949 3750 1225 3819 scriptam,
1269 3760 1322 3805 et
1361 3766 1496 3820 opus
1532 3752 1807 3817 exhibent,

218 3837 346 3905 quid
370 3845 453 3891 est
478 3838 620 3908 quod
639 3854 893 3894 accusare
916 3842 1086 3909 possit
1114 3842 1491 3895 ratiocinium?
1520 3844 1586 3895 At
1613 3858 1719 3896 non
1744 3843 1811 3898 de

219 3930 327 3982 illis
359 3939 561 3983 tantmn
592 3930 788 3985 dicitur
818 3932 970 3999 illud,
1002 3932 1387 3998 Accusantibus,
1420 3936 1513 3989 sed
1546 3935 1705 3988 etiam
1745 3935 1811 3991 de

220 4028 334 4072 tota
364 4030 569 4073 natura.
602 4021 753 4076 Tunc
779 4023 919 4076 enim
946 4022 1138 4079 adsunt
1182 4025 1454 4079 ratiocinia
1482 4044 1493 4091 ;
1526 4026 1627 4079 alia
1654 4042 1811 4081 accu-

220 4122 363 4175 sant,
397 4112 498 4165 alia
543 4113 887 4169 defendunt:
933 4124 1093 4185 atque
1149 4118 1200 4169 in
1259 4118 1349 4172 illo
1391 4120 1639 4173 tribunali
1704 4136 1808 4175 non

222 4203 388 4258 habet
427 4220 561 4274 opus
593 4206 752 4261 homo
794 4208 901 4263 alio
946 4221 1280 4264 accusatore.
1322 4211 1522 4265 Deinde
1562 4213 1808 4268 timorem

220 4310 447 4366 angens,
494 4312 595 4351 non
628 4298 779 4361 dixit,
829 4300 1049 4354 Pcccata
1090 4301 1387 4367 hominum,
1437 4304 1551 4367 sed,
1599 4303 1811 4358 Occulta

223 4391 504 4443 hominum.
546 4390 829 4459 POstquam
864 4394 1004 4445 enim
1041 4394 1167 4446 dixit
1206 4412 1216 4445 :
1256 4392 1531 4449 Existimas
1554 4398 1638 4465 qui
1666 4398 1811 4467 judi-

219 4497 310 4533 cas
342 4496 424 4533 eos
453 4481 537 4548 qui
569 4482 692 4533 (ulla
716 4482 929 4551 faciunt,
961 4490 1005 4534 et
1027 4485 1153 4550 facis
1182 4500 1260 4548 ea,
1284 4486 1421 4553 quod
1449 4485 1654 4553 effugies
1667 4489 1812 4557 judi-

220 4571 359 4624 cium
410 4566 542 4621 θεῖν
574 4582 628 4625 ιιι
671 4588 738 4625 nc
781 4573 940 4625 talem
986 4575 1218 4641 accipias
1262 4576 1547 4641 calculum,
1598 4580 1808 4647 qualem

225 4665 343 4731 ipse
375 4662 503 4724 fers,
556 4664 647 4717 sed
700 4666 981 4734 intelligas,
1033 4671 1350 4721 sententiam
1399 4670 1489 4725 Dei
1523 4682 1606 4723 tua
1654 4673 1811 4744 longe

222 4754 551 4807 exactiorem
582 4770 723 4820 esse,
754 4756 1048 4825 snlijunxit,
1077 4758 1287 4811 Occulta
1311 4761 1610 4829 hominum;
1641 4774 1692 4817 et
1720 4766 1814 4819 ad-

218 4844 371 4911 jecit,
408 4844 698 4897 Secundum
729 4846 1040 4917 euangelium
1091 4865 1276 4913 meum,
1319 4867 1407 4918 per
1442 4850 1620 4905 Iesum
1659 4854 1811 4909 Chri-

220 4944 378 4987 stum.
433 4934 685 4990 llomines
735 4938 876 4990 enim
927 4954 1104 4992 rerum
1164 4941 1561 4997 nianilcstarnm
1612 4954 1811 5000 tantum

219 5025 431 5092 judices
462 5025 668 5079 sedent.
716 5030 875 5097 Atqui
907 5045 1064 5100 supra
1098 5030 1165 5085 (le
1193 5032 1351 5086 Patre
1384 5044 1587 5087 tantum
1627 5037 1811 5105 loque-

226 5118 382 5169 batur
416 5134 428 5168 :
457 5132 577 5171 cum
602 5128 775 5173 autem
807 5121 930 5176 illos
958 5124 1147 5178 timore
1173 5124 1543 5189 emollivisset,
1575 5127 1640 5182 de
1660 5128 1818 5183 Chri-

224 5217 311 5261 sto
344 5223 645 5264 sermonem
694 5212 934 5279 induxit;
970 5230 1141 5284 neque
1179 5217 1321 5271 hunc
1352 5220 1685 5288 simpliciter,
1720 5224 1814 5278 sed

224 5299 387 5353 etiam
420 5300 504 5355 hic
529 5318 647 5355 eum
680 5303 892 5360 Patrem
937 5321 1307 5374 memorasset,
1349 5314 1426 5366 sic
1462 5313 1611 5368 illum
1661 5315 1817 5371 indu-

230 5391 305 5443 xit
336 5410 347 5444 :
377 5402 430 5446 et
473 5394 869 5462 praedicationis
907 5399 1219 5467 dignitatem
1270 5420 1364 5472 per
1412 5404 1529 5458 illos
1574 5408 1813 5463 attollit:

230 5481 355 5535 Ihec
385 5486 550 5543 enim.
594 5485 782 5555 inquit,
821 5490 1128 5557 prtedicatio
1174 5492 1287 5547 hinc
1316 5500 1657 5564 prtenuntiat,
1697 5515 1817 5569 qua:

228 5581 571 5628 antevertens
600 5588 782 5630 natum
818 5580 1077 5634 exhibuit.

300 5666 354 5719 6.
377 5665 640 5720 Judicium
670 5673 896 5739 futurum
924 5690 1071 5743 quam
1103 5678 1433 5733 tremendum.
1467 5678 1697 5747 Offensio
1721 5683 1817 5738 Dei

229 5757 433 5826 gravior
457 5776 607 5829 quant
632 5762 773 5815 ultio.
800 5795 870 5805 -ι-
899 5767 1144 5821 \‘idistin’
1170 5786 1326 5839 quam
1353 5774 1650 5840 prudenter
1674 5778 1817 5848 ipsos

231 5851 604 5926 etp/augebo
632 5864 680 5906 et
720 5853 932 5912 Christo
974 5859 1264 5915 admovens
1307 5863 1623 5934 alligaverit,
1655 5879 1705 5922 et
1733 5886 1819 5924 os—

1347 425 1412 482 IN
1455 420 1667 479 EPIST.
1710 417 1800 473 Λῐ)
1840 413 2003 470 “OM.
2047 416 2279 472 llOMlL.
2325 417 2386 471 ιν.

3424 416 3528 471 450

1936 527 2163 582 tenderit
2206 539 2385 582 nostra
2418 542 2521 582 non
2570 543 2689 583 esse
2737 527 3084 597 prmsentium
3135 527 3393 582 limitibus
3421 530 3525 583 cir-

1926 620 2300 689 cumscripta,
2336 620 2428 675 sed
2484 622 2619 675 ultra
2672 619 3006 690 procedere?
3053 618 3105 673 Id
3164 622 3305 690 quod
3361 622 3523 676 etiam

1926 724 2086 777 Supra
2121 710 2362 780 probavit
2388 753 2403 776 ,
2454 711 2641 767 dicens
2663 752 2677 776 ,
2707 712 3047 766 Thesanrizas
3078 713 3166 766 tibi
3196 714 3327 766 iram
3357 715 3409 766 in
3439 714 3524 767 die

1927 802 2033 866 iraz,
2064 814 2119 859 et
2147 803 2227 857 hic
2264 819 2495 868 rursum,
2527 803 2791 859 Judicabit
2838 803 2974 859 Deus
3006 804 3204 859 occulta
3234 804 3516 859 hominum.

1931 893 2298 965 Unusquisque
2344 897 2504 965 igitur
2535 899 2585 950 in
2632 912 2783 951 suam
2833 897 3218 951 conscientiam
3250 898 3476 951 veniens
3501 936 3517 962 ,

1927 993 1981 1038 et
2009 995 2227 1053 peccata
2279 990 2583 1057 reciigitans
2608 1031 2623 1053 ,
2652 990 2915 1043 rationein
2962 1000 3213 1043 accurate
3240 988 3308 1042 ab
3339 1003 3398 1042 se
3428 1004 3519 1041 re-

1926 1087 2104 1145 petat,
2140 1094 2205 1133 ne
2252 1089 2375 1134 tunc
2404 1096 2525 1135 eum
2571 1082 2771 1135 mundo
2798 1083 3140 1138 damnemur.
3177 1082 3519 1137 llorrendum

1924 1169 2120 1239 quippe
2150 1180 2230 1224 cst
2253 1170 2511 1240 judicium
2545 1174 2695 1238 illud,
2728 1175 3066 1230 tremendum
3101 1174 3376 1239 tribunal,
3412 1182 3520 1227 ter-

1924 1260 2061 1314 roris
2091 1261 2263 1330 plena:
2294 1263 2528 1317 rationes
2562 1264 2850 1318 reddenda:
2870 1308 2884 1330 ,
2919 1266 3112 1320 ﬂuvius
3143 1266 3283 1335 ignis
3310 1274 3516 1319 manat.

1925 1350 2111 1407 Frater
2139 1370 2237 1406 non
2266 1355 2501 1418 redimit,
2534 1355 2744 1410 redimet
2775 1356 2924 1409 homo
2953 1356 3123 1427 (Psal.
3157 1356 3245 1411 48.
3279 1356 3379 1425 8)?
3408 1356 3518 1410 lle-

1921 1443 2146 1497 cordare
2174 1459 2360 1499 eorum
2406 1461 2527 1515 quae
2556 1447 2607 1499 in
2640 1447 2921 1517 cvangelio
2971 1448 3222 1502 dicuntur
3244 1491 3258 1513 ,
3292 1450 3521 1518 angelo-

1921 1551 2039 1589 rum
2087 1537 2649 1602 circumcursantium,
2698 1539 2868 1593 clausi
2919 1538 3175 1606 thalami,
3206 1540 3513 1609 lampadem

1921 1643 2026 1681 non
2059 1630 2443 1683 exstinctarum
2472 1672 2484 1693 ,
2537 1639 2862 1698 potestatum
2895 1628 2948 1682 in
2988 1629 3236 1685 fornaces
3282 1630 3510 1684 trahen-

1922 1724 2071 1776 tium.
2108 1726 2173 1779 lit
2204 1726 2332 1780 illud
2376 1736 2548 1779 tecum
2595 1734 2779 1794 reputa
2808 1766 2821 1789 ,
2852 1725 2899 1779 si
2925 1734 3169 1781 nostrum
3201 1724 3501 1793 cujuspiam

1920 1816 2193 1869 occultum
2226 1815 2429 1870 lacinus
2457 1815 2672 1885 aliquod
2722 1817 2773 1870 in
2804 1814 3039 1869 medium
3092 1814 3252 1867 hodie
3282 1814 3507 1867 alTerre-

1922 1914 2005 1960 tut‘
2054 1908 2104 1961 in
2151 1909 2374 1963 ecclesia
2427 1918 2629 1961 tantmn
2657 1950 2673 1974 ,
2724 1924 2903 1962 annon
2950 1907 3133 1961 mallet
3188 1907 3412 1961 interire
3454 1916 3511 1960 et

1920 2010 2116 2054 terram
2167 2001 2268 2055 sibi
2318 2001 2603 2056 dehiscere
2658 2000 2868 2070 potius,
2922 2015 3081 2070 quam
3126 2009 3199 2052 tot
3257 1999 3511 2067 nequitia:

1920 2104 2087 2147 testes
2116 2094 2350 2148 habere?
2376 2094 2511 2161 Quid
2541 2109 2670 2164 ergo
2703 2102 2829 2147 tunc
2860 2094 3144 2161 patiemur,
3170 2106 3294 2146 cum
3327 2106 3510 2145 coram

1916 2186 2047 2240 orbe
2074 2194 2184 2239 toto
2228 2186 2405 2240 oninia
2438 2185 2731 2240 all‘erentur
2774 2185 2827 2239 in
2869 2196 3020 2239 tanto
3043 2227 3057 2249 ,
3090 2192 3197 2238 tam
3228 2183 3513 2254 splendido

1920 2277 2127 2331 theatro
2149 2320 2162 2341 ,
2193 2290 2245 2331 et
2290 2279 2429 2331 notis
2459 2287 2513 2333 ct
2555 2280 2751 2348 ignotis
2776 2280 2956 2332 omnia
3006 2278 3511 2350 conspicientibus?

1916 2370 1983 2422 At
2014 2386 2092 2422 rte
2125 2370 2252 2422 mihi
2282 2412 2293 2432 ,
2348 2370 2613 2424 nndcnam
2662 2371 2913 2426 territare
2944 2386 3039 2425 vos
3064 2373 3266 2441 cogor?
3300 2371 3381 2425 Ab
3409 2371 3507 2425 ho-

1917 2462 2115 2514 minum
2166 2460 2601 2525 existimatione,
2651 2477 2773 2516 cum
2819 2479 2848 2517 a
2895 2462 3089 2516 timore
3135 2462 3228 2516 Dei
3279 2472 3501 2531 operte-

1916 2562 2028 2616 ret,
2061 2563 2114 2607 et
2138 2553 2205 2607 ab
2234 2554 2350 2622 ejus
2391 2552 2880 2609 condemnatione?
2903 2553 3131 2621 Quinam
3155 2594 3171 2618 ,
3204 2568 3391 2623 quasso
3421 2562 3472 2606 te
3492 2593 3506 2611 .

1916 2644 2117 2697 erimus
2141 2684 2154 2709 ,
2188 2658 2308 2697 cum
2362 2645 2554 2707 vincti,
2588 2644 2837 2699 dentibus
2886 2644 3176 2701 stridentes
3202 2687 3216 2710 ,
3252 2644 3305 2697 in
3355 2654 3506 2698 exte-

1916 2737 2085 2791 riores
2117 2738 2366 2792 tenebras
2391 2736 2687 2793 docemur?
2732 2738 2840 2793 imo
2872 2737 2996 2809 quid
3029 2736 3288 2791 faciemus
3313 2777 3327 2800 ,
3361 2735 3505 2806 quod

1915 2830 2151 2883 omnium
2186 2830 2637 2884 terribilissimum
2667 2841 2749 2884 est
2774 2872 2789 2895 ,
2823 2846 2947 2885 cum
2983 2833 3090 2884 Deo
3117 2828 3506 2883 occurremus?

1915 2922 1969 2976 Si
1998 2923 2116 2992 quis
2145 2922 2287 2977 enim
2320 2937 2536 2976 sensum
2578 2931 2633 2977 et
2679 2933 2914 2976 mentem
2963 2922 3191 2987 haheat,
3220 2930 3365 2974 certe
3394 2922 3505 2989 jam

1913 3015 2210 3085 gehennam
2234 3016 2566 3077 sustinuerit,
2599 3029 2720 3068 cum
2744 3029 2772 3068 a
2804 3014 2938 3067 facie
2966 3014 3058 3067 Dei
3090 3015 3345 3082 expulsus
3366 3016 3501 3067 erit:

1914 3110 2033 3179 quia
2063 3126 2191 3163 vero
2218 3109 2267 3160 id
2301 3109 2375 3162 illi
2422 3122 2583 3178 grave
2616 3123 2722 3161 non
2750 3116 2832 3162 est
2857 3148 2871 3174 ,
2908 3106 3029 3161 ideo
3060 3107 3236 3176 ignem
3268 3106 3499 3160 commi-

1914 3210 2070 3256 natus
2116 3212 2218 3255 est.
2270 3200 2479 3256 Etenim
2531 3208 2840 3269 oporteret,
2890 3215 2994 3252 non
3045 3214 3165 3253 cum
3219 3198 3504 3268 punimur,

1913 3291 2009 3345 sed
2038 3307 2158 3344 cum
2206 3305 2487 3358 peccamus
2508 3333 2523 3357 ,
2553 3291 2757 3345 delere.
2808 3289 2945 3344 Audi
2994 3304 3123 3358 ergo
3152 3289 3374 3343 Paulum
3403 3289 3503 3342 do-

1914 3383 2109 3438 lentem
2143 3392 2196 3436 ct
2238 3384 2458 3438 ﬂentem
2504 3382 2571 3437 de
2613 3383 2881 3451 peccatis,
2926 3398 3023 3451 pro
3068 3381 3262 3450 quibus
3318 3396 3505 3449 poenas

1911 3474 2134 3528 daturus
2163 3488 2271 3527 non
2303 3483 2435 3527 erat.
2474 3473 2594 3525 Non
2642 3473 2775 3527 enim
2816 3490 2928 3525 sum
2958 3472 3163 3541 dignus,
3198 3472 3389 3539 inquit,
3420 3487 3505 3524 vo-

1909 3566 2016 3619 cari
2034 3566 2320 3633 apostolus,
2345 3566 2463 3632 quia
2479 3574 2805 3634 persequutus
2822 3582 2933 3618 sum
2952 3563 3237 3617 Ecclesium
3265 3565 3310 3634 (Ι
3329 3603 3341 3615 .
3373 3563 3493 3618 σον,

1917 3658 2002 3715 l5.
2033 3658 2065 3711 9
2087 3658 2125 3727 ).
2146 3656 2281 3711 Audi
2315 3659 2474 3711 etiam
2504 3667 2559 3711 et
2592 3656 2867 3723 Davidem,
2916 3673 2946 3711 a
2978 3656 3239 3726 supplicio
3280 3656 3498 3725 quidem

1913 3759 2217 3818 exempturo
2244 3791 2259 3815 ,
2293 3750 2386 3803 sed
2434 3750 2559 3818 quia
2588 3764 2647 3804 se
2690 3750 2911 3820 putabat
2954 3751 3120 3805 Deum
3168 3750 3458 3808 offendisse
3484 3794 3499 3816 ,

1913 3841 2169 3896 ultionem
2204 3842 2255 3895 in
2305 3857 2363 3895 se
2408 3852 2721 3896 crocantem
2767 3854 2820 3897 et
2866 3844 3175 3897 dicentem:
3212 3844 3291 3897 Sit
3324 3861 3505 3897 atauus

1913 3942 1997 3985 tua
2025 3951 2178 4003 super
2204 3949 2283 3987 me
2322 3945 2364 3985 et
2394 3933 2600 3987 domum
2647 3937 2805 4005 patris
2836 3935 2928 3987 ntei
2955 3935 3047 4004 (2.
3093 3933 3220 4006 Reg.
3253 3936 3343 3990 24.
3376 3938 3441 3990 17
3462 3937 3499 4003 ).

1912 4025 2137 4081 Gravius
2168 4027 2365 4095 quippe
2396 4035 2478 4079 est
2522 4027 2796 4082 oﬂ‘endere
2850 4029 3013 4081 Deutn
3037 4068 3051 4093 ,
3085 4043 3244 4098 quam
3302 4029 3502 4097 puniri.

1913 4116 2061 4171 Nunc
2087 4128 2267 4172 autem
2317 4128 2422 4172 tam
2470 4119 2666 4174 misere
2712 4118 2886 4174 allecti
2917 4135 3134 4187 sumus,
3165 4128 3223 4173 ιιι
3270 4120 3367 4174 nisi
3408 4136 3503 4190 ge-

1915 4208 2106 4263 hennze
2140 4210 2299 4263 timor
2327 4210 2504 4273 adsit,
2538 4211 2664 4279 quid
2698 4211 2823 4265 boni
2856 4211 3033 4265 facere
3076 4213 3164 4265 vix
3215 4212 3498 4282 eligamus.

1912 4300 2253 4370 Quapropter
2277 4342 2290 4367 ,
2324 4302 2425 4356 etsi
2466 4319 2570 4357 non
2603 4303 2705 4355 alia
2748 4303 2815 4357 de
2860 4318 3017 4358 eausa
3040 4346 3053 4367 ,
3089 4304 3211 4359 ideo
3253 4306 3500 4375 gehenna

1913 4391 2059 4462 digni
2112 4391 2410 4457 fuerimus,
2442 4394 2583 4463 quod
2635 4394 2776 4447 illam
2824 4395 2991 4463 magis
3022 4378 3181 4463 quam
3228 4397 3499 4452 Christum

1914 4486 2215 4539 timeamus.
2254 4485 2449 4539 Verum
2498 4502 2601 4538 non
2637 4487 2705 4538 ita
2739 4487 2927 4540 beatus
2956 4488 3153 4541 Paulus
3181 4532 3194 4553 ,
3225 4488 3320 4543 sed
3366 4505 3497 4543 con-

1918 4579 2080 4631 trario
2106 4577 2287 4631 modo.
2316 4578 2451 4641 Quia
2478 4593 2606 4631 vero
2635 4593 2732 4631 nos
2756 4579 2911 4632 aliter
2935 4579 3108 4633 allecti
3140 4596 3348 4645 SUIllUS,
3382 4582 3502 4637 ideo

1913 4669 1978 4723 ad
2010 4669 2307 4739 gehennam
2356 4671 2692 4723 datnnamor.
2725 4672 2791 4723 At
2830 4672 2873 4724 si
2905 4670 3178 4726 Christum
3210 4682 3265 4725 ut
3294 4688 3389 4742 par
3419 4685 3506 4729 est

1915 4774 2251 4824 amaremus,
2298 4762 2559 4814 sciremus
2603 4762 2784 4827 utique
2832 4762 3076 4829 gelienna
3121 4765 3337 4831 gravius
3386 4780 3506 4819 esse

1915 4851 2485 4923 amatumﬁll‘cndere:
2514 4854 2635 4921 quia
2668 4868 2793 4904 vero
2822 4868 2927 4905 non
2956 4868 3221 4920 amamus,
3254 4857 3505 4925 supplicii

1919 4945 2050 4997 tanti
2082 4946 2503 5014 magnitudinem
2540 4960 2643 4999 non
2679 4946 2947 4999 norimus.
2984 4946 3049 5000 Et
3076 4947 3176 5002 hac
3206 4949 3273 5001 de
3305 4965 3365 5003 re
3398 4966 3503 5001 tnu-

1920 5038 2061 5090 xime
2090 5037 2251 5091 doleo
2281 5046 2335 5091 et
2368 5040 2542 5107 lugeo.
2594 5040 2752 5107 Atqui
2785 5039 2909 5108 quid
2942 5056 3046 5094 non
3094 5040 3219 5095 fecit
3248 5043 3422 5108 Deus,
3454 5056 3511 5097 ut

1919 5126 2232 5195 diligeretur
2253 5144 2280 5180 a
2307 5129 2497 5183 nobis?
2526 5131 2650 5199 quid
2682 5147 2784 5183 non
2815 5131 3033 5186 molitus
3058 5134 3178 5188 est?
3206 5134 3331 5203 quid
3368 5151 3507 5204 pra:-

1923 5221 2192 5275 termisit?
2223 5222 2397 5291 Ipsum
2440 5224 2571 5276 nihil
2605 5240 2704 5279 nos
2736 5226 3018 5280 ltedeiitent
3063 5228 3395 5282 contumelia
3426 5228 3509 5282 al-

1922 5313 2179 5382 lecimus,
2226 5317 2332 5371 imo
2379 5318 2522 5372 mille
2554 5318 2827 5373 beneﬁciis
2868 5320 2935 5372 ab
2981 5320 3073 5374 illo
3102 5321 3375 5390 acceptis,
3411 5336 3516 5376 vo—

1921 5422 2131 5466 cantem
2162 5422 2215 5466 et
2251 5413 2483 5481 undique
2532 5412 2891 5466 attnihentem
2923 5414 3153 5467 aversati
3201 5428 3429 5481 sumus;
3461 5428 3516 5470 et

1923 5522 2096 5576 neque
2127 5507 2203 5560 sic
2234 5505 2322 5560 ille
2352 5522 2449 5559 nos
2480 5506 2627 5559 ultus
2658 5517 2769 5569 cst,
2804 5522 2985 5559 verum
3015 5510 3251 5562 accurrit
3280 5510 3419 5577 ipse,
3451 5526 3515 5564 ac

1926 5600 2188 5671 fugientes
2219 5598 2483 5661 detinuit;
2517 5608 2571 5652 at
2602 5615 2699 5653 nos
2732 5600 3067 5653 excussimus
3098 5642 3111 5664 ,
3145 5611 3199 5654 et
3228 5601 3292 5655 ad
3325 5602 3517 5655 diabo-

1924 5694 2030 5747 lmn
2080 5691 2506 5762 transfugimus:
2557 5708 2730 5762 neque
2771 5694 2847 5747 sic
2901 5704 3075 5748 tamen
3126 5694 3213 5749 ille
3265 5694 3508 5761 destitit,

1924 5778 2017 5833 sed
2047 5784 2329 5834 sexcentos
2362 5778 2522 5843 misit,
2556 5780 2644 5847 qui
2676 5795 2773 5832 nos
2803 5778 3150 5847 advocarent,
3182 5780 3506 5849 prophetas,

1927 5870 2177 5941 angelos,
2216 5870 2579 5940 patriarchas;
2627 5886 2722 5925 nos
2750 5879 2929 5927 autem
2964 5891 3066 5927 non
3096 5875 3253 5929 modo
3284 5874 3506 5945 legatio-
