4056 6478
584 418 672 473 tsi
710 388 711 391 γ
1295 404 1351 459 s.
1390 397 1662 457 JOANNIS
1685 387 2149 449 cunvsos'rout
2190 382 2500 440 ARCHIEP.
2542 379 3069 439 CONSTANTINOP.

585 548 711 587 nem
744 531 881 584 illam
911 540 1012 581 non
1039 519 1372 583 admisimus,
1397 516 1489 571 sed
1519 514 1797 567 venientes
1825 504 2144 562 contumelia

585 622 879 675 alit-cimus.
954 614 1135 684 Neque
1199 621 1373 664 tamen
1439 606 1525 659 ille
1580 616 1677 658 nos
1748 598 1984 667 respuit;
2052 592 2144 647 sed

588 715 753 767 instar
799 705 1384 763 vehementissimorum
1440 704 1767 755 amatorum,
1828 690 1917 761 qui
1969 686 2146 761 despis-

586 804 817 865 cinntur,
845 799 1109 853 circuiens
1136 793 1271 864 apud
1300 802 1483 845 omnes
1527 782 1971 855 conquerebatur,
2005 774 2145 845 apud

584 894 790 957 caelum,
826 902 1041 955 terram,
1073 885 1353 942 Jeremiatn
1380 922 1392 941 ,
1427 878 1696 934 Miehream
1725 892 1737 939 ;
1773 889 1876 927 non
1908 880 1963 923 ut
1994 867 2143 922 oneri

591 994 731 1038 esset
754 1025 767 1047 ,
800 983 892 1036 sed
926 990 983 1035 ut
1010 993 1127 1033 sese
1158 980 1409 1045 purgaret
1437 989 1447 1020 :
1481 984 1542 1023 ac
1588 983 1706 1022 cum
1739 961 2005 1034 prophetis
2034 959 2147 1028 ipse

596 1074 714 1128 illos
732 1072 929 1135 adibat,
951 1070 1038 1139 qui
1066 1066 1163 1121 sibi
1190 1061 1625 1139 adversabantur,
1648 1058 1880 1109 rationes
1910 1050 2000 1105 red
2026 1052 2051 1099 Ii
2076 1061 2137 1101 re

588 1175 827 1233 paratus,
861 1172 913 1215 et
954 1174 1141 1229 rogans
1170 1165 1225 1209 ut
1268 1167 1449 1208 secum
1496 1150 1724 1203 rationes
1767 1145 2064 1203 inirentur,
2093 1144 2146 1191 et

587 1232 774 1310 surdos
813 1254 879 1306 ad
925 1251 1245 1318 collaquium
1291 1246 1551 1299 alliciens.
1582 1238 1780 1309 Popule
1808 1238 1909 1301 mi,
1939 1232 2143 1300 inquit,

583 1349 701 1417 quid
729 1346 824 1416 feci
852 1343 981 1397 tibi?
1007 1351 1092 1394 aut
1118 1341 1169 1392 in
1200 1354 1295 1407 quo
1325 1333 1610 1389 contristavi
1640 1331 1720 1384 te?
1744 1326 1987 1396 responde
2016 1322 2139 1375 mihi

584 1437 767 1505 (Mida.
796 1437 846 1491 6.
872 1437 950 1503 5).
986 1434 1113 1489 Post
1154 1430 1266 1484 lucc
1294 1430 1469 1482 omnia
1499 1417 1781 1495 prophetas
1807 1417 2100 1473 occidimus
2120 1454 2134 1479 ,

584 1529 969 1597 lapidavimus,
1019 1526 1293 1578 innumera
1348 1520 1452 1573 alia
1512 1512 1933 1587 perpetravimus
1988 1507 2144 1561 mala.

583 1619 716 1686 Quid
745 1632 871 1686 ergo
902 1616 1085 1669 horum
1116 1626 1273 1670 causa
1307 1608 1469 1664 fecit?
1495 1607 1610 1661 Non
1644 1605 1781 1659 ultra
1812 1602 2101 1673 prophetas
2129 1640 2143 1663 ,

585 1727 687 1763 nou
718 1709 953 1778 angelos,
985 1721 1088 1760 non
1123 1701 1469 1774 patriarchas,
1501 1699 1593 1755 sed
1624 1699 1795 1768 ipsum
1830 1696 2018 1749 Filium
2046 1692 2148 1746 mi-

582 1803 668 1856 sit.
701 1801 929 1855 Veniens
980 1798 1144 1852 Filius
1191 1796 1398 1850 occisus
1440 1802 1564 1848 est:
1612 1805 1784 1859 neque
1835 1796 2013 1841 tamen
2063 1784 2150 1839 ille

584 1909 816 1948 amorem
849 1891 1134 1955 exstinxit,
1162 1887 1255 1943 sed
1284 1885 1452 1956 magis
1480 1883 1751 1948 accendit,
1782 1890 1835 1934 et
1864 1889 1980 1949 post
2008 1876 2150 1932 occi-

586 2001 703 2039 sum
734 1985 921 2037 Filium
951 1980 1213 2035 hortando
1243 1985 1570 2047 perseverat,
1608 1982 1875 2042 precatur,
1912 1968 2150 2036 nihilque

590 2092 695 2129 non
740 2076 879 2143 agit,
914 2083 966 2126 ut
1012 2073 1075 2125 ad
1121 2070 1265 2122 illum
1320 2074 1715 2121 convertamur.
1770 2060 1976 2113 Clamat
2022 2068 2148 2110 vero

589 2166 800 2228 Paulus,
827 2166 1009 2218 dicens
1035 2180 1047 2216 2
1078 2160 1182 2213 Pro
1208 2159 1403 2213 Christo
1430 2156 1675 2226 legatione
1707 2152 1984 2224 fungimur,
2014 2158 2145 2201 tam-

589 2274 738 2323 quam
772 2256 872 2307 Deo
904 2270 988 2323 per
1017 2268 1107 2305 nos
1134 2252 1425 2305 exhortante
1447 2266 1464 2300 :
1497 2241 1890 2299 reconciliamini
1919 2239 2025 2293 Deo
2057 2238 2146 2309 (2.

584 2344 695 2401 Cor.
732 2347 783 2399 5.
811 2346 880 2397 ‘20
894 2347 933 2413 ).

658 2440 708 2490 7.
744 2438 809 2491 At
839 2434 966 2488 nihil
1014 2435 1202 2486 horum
1236 2446 1330 2484 nos
1362 2426 1741 2483 reconciliavit.
1777 2423 1874 2477 Ille
1903 2436 2028 2476 vero
2056 2435 2150 2475 ne-

585 2545 687 2597 que
706 2528 782 2580 sic
812 2538 904 2577 nos
932 2522 1246 2590 dereliquit,
1275 2520 1366 2573 sed
1414 2518 1582 2587 pergit
1623 2529 1835 2582 semper
1866 2522 1919 2568 et
1944 2512 2147 2582 gehen-

587 2635 704 2672 nam
732 2613 1078 2678 comminari,
1111 2623 1163 2666 et
1190 2626 1407 2678 regnum
1439 2608 1710 2676 polliceri,
1743 2614 1800 2658 ut
1827 2618 1925 2657 nos
1952 2604 2037 2656 vel
2068 2603 2149 2657 sic

586 2707 815 2762 attrahat
842 2725 852 2759 :
887 2720 983 2758 nos
1012 2694 1185 2756 autem
1217 2702 1369 2771 quasi
1415 2698 1609 2767 stupidi
1646 2698 1820 2751 adhuc
1848 2709 2148 2750 manemus.

587 2796 729 2865 Quid
762 2797 859 2851 hac
904 2794 1110 2848 feritate
1152 2791 1429 2846 deterius?
1469 2789 1523 2844 Si
1555 2790 1698 2843 enim
1731 2788 1889 2841 homo
1918 2788 2038 2841 talia
2069 2785 2149 2840 fe-

585 2890 764 2953 cisset,
793 2900 967 2941 annon
993 2887 1042 2939 in
1071 2884 1375 2938 servitutem
1400 2880 1513 2949 ejus
1537 2893 1679 2948 saepe
1708 2878 1847 2933 versi
1871 2876 2151 2932 essemus?

585 2983 748 3037 Deum
788 2990 961 3033 autem
996 2977 1047 3033 id
1099 2976 1378 3031 facientem
1408 2970 1753 3027 aversantur?
1778 2970 1821 3024 Ο
1850 2968 2147 3040 ignaviam!

589 3090 622 3129 o
647 3074 911 3142 ingratum
953 3070 1222 3124 animum!
1251 3069 1340 3136 qui
1370 3080 1582 3134 semper
1609 3066 1659 3118 in
1690 3063 1922 3132 peccatis
1948 3071 2003 3116 et
2032 3075 2152 3116 sce-

585 3166 786 3220 leribus
836 3164 1061 3216 vivimus
1087 3177 1100 3227 ;
1135 3160 1179 3214 si
1210 3174 1340 3214 vero
1386 3156 1706 3227 quandoque
1735 3154 1999 3209 tantillum
2028 3152 2153 3209 boni

587 3257 877 3317 faciamus,
933 3256 1101 3307 instar
1156 3252 1486 3322 ingratorum
1542 3263 1857 3314 servorum,
1905 3255 2152 3302 accurate

587 3349 710 3403 illud
740 3348 1109 3402 exaniinamus
1136 3354 1189 3399 et
1219 3352 1587 3413 computamus
1614 3356 1709 3411 pro
1737 3340 1982 3394 mercede
2007 3340 2151 3394 acci-

588 3440 813 3509 pienda,
865 3439 907 3493 si
958 3446 1133 3490 tamen
1182 3435 1232 3489 id
1293 3433 1593 3489 mercedem
1645 3440 1937 3486 mereatur.
1990 3429 2153 3499 Atqui

587 3530 756 3599 major
780 3538 861 3582 est
881 3542 1105 3593 merces,
1129 3541 1250 3580 cum
1273 3538 1377 3579 non
1408 3522 1670 3578 mercedis
1694 3519 1852 3576 causa
1876 3521 1976 3575 hoc
2002 3520 2151 3574 facis.

587 3620 714 3674 Nam
744 3619 831 3671 illa
883 3618 1065 3673 dicere
1092 3625 1145 3670 ct
1193 3623 1440 3670 accurate
1467 3620 1806 3682 computare,
1840 3609 2153 3671 mercenarii

586 3713 759 3781 potius
804 3720 885 3763 est
907 3751 921 3774 ,
954 3724 1110 3778 quam
1139 3707 1275 3777 grati
1321 3705 1523 3760 famuli.
1554 3702 1777 3775 Oportet
1803 3703 1944 3757 enim
1973 3701 2153 3756 omnia

588 3812 804 3871 propter
833 3800 1102 3854 Christum
1151 3798 1324 3852 facere
1344 3838 1359 3863 ,
1392 3813 1498 3851 non
1544 3805 1761 3868 propter
1806 3794 2105 3850 mercedem
2136 3811 2150 3848 :

589 3893 708 3947 ideo
752 3893 891 3945 enim
939 3892 1238 3961 gehennam
1289 3891 1639 3943 comminatus
1678 3898 1795 3953 est,
1830 3897 1884 3943 et
1931 3902 2150 3958 regnum

589 3983 857 4053 promisit,
890 3991 944 4035 ut
972 3996 1001 4035 a
1031 3980 1183 4035 nobis
1204 3988 1492 4035 amaretur.
1518 3981 1769 4033 Amemus
1796 3980 1972 4047 itaque
2001 3979 2148 4032 illum

592 4082 648 4127 ut
673 4088 853 4127 amare
899 4080 1111 4141 oportet
1138 4089 1152 4126 :
1209 4072 1309 4125 hoc
1340 4086 1525 4141 magna
1559 4084 1764 4125 merces
1790 4080 1871 4124 est
1893 4109 1907 4134 ,
1938 4069 2039 4124 hoc
2065 4084 2152 4124 re-

590 4181 750 4234 gnum
776 4174 828 4219 et
851 4165 1111 4233 voluptas,
1139 4163 1239 4218 hoc
1262 4163 1465 4218 delicia:
1487 4171 1540 4218 et
1564 4162 1731 4233 gloria
1753 4171 1806 4217 et
1832 4161 2026 4228 honor,
2054 4161 2156 4216 hoc

596 4255 679 4309 lux
706 4297 719 4319 ,
752 4254 851 4309 hoc
895 4255 1150 4308 immensa
1195 4254 1465 4309 beatitudo
1492 4295 1504 4318 ,
1548 4268 1704 4324 quam
1736 4268 1833 4307 nec
1858 4254 2031 4308 oratio
2056 4252 2155 4306 de-

593 4346 799 4400 clarare
820 4385 833 4409 ,
863 4358 960 4398 nec
1004 4358 1156 4399 mens
1182 4358 1371 4413 capere
1401 4345 1584 4413 possit.
1614 4344 1810 4399 Verum
1842 4344 2023 4399 nescio
2046 4357 2154 4413 quo

595 4446 747 4507 pacto
789 4436 840 4488 in
896 4434 1197 4503 hujusmodi
1248 4448 1551 4489 sermonem
1598 4434 1855 4488 deductus
1899 4434 2036 4497 sim,
2067 4433 2157 4501 qui

589 4530 799 4600 jubcam
851 4525 1130 4592 homines,
1184 4540 1283 4580 nec
1336 4526 1727 4595 principatum,
1782 4537 1881 4578 nec
1935 4523 2157 4593 gloriam

596 4627 908 4691 pra-sentem
952 4618 1350 4688 despicientes,
1400 4633 1621 4687 regnum
1674 4631 1913 4687 praesens
1941 4624 2161 4686 propter

594 4713 864 4765 Christum
890 4709 1202 4780 despicere;
1232 4709 1441 4764 etiamsi
1488 4709 1561 4763 illi
1610 4708 1783 4777 magni
1814 4716 1867 4762 et
1910 4704 2159 4778 generosi

600 4802 699 4856 viri
727 4800 793 4854 ad
818 4800 952 4857 hanc
979 4803 1177 4855 amoris
1205 4815 1505 4855 mensuram
1538 4801 1868 4869 pertigerint.
1902 4797 2037 4852 Audi
2066 4796 2161 4867 igi-

597 4904 682 4948 tur
732 4895 997 4963 quomodo
1047 4894 1235 4948 Petrus
1284 4906 1381 4960 pro
1428 4891 1517 4944 illo
1562 4890 1772 4955 ardeat,
1823 4891 2076 4959 illumque
2106 4898 2160 4943 et

595 4989 784 5041 aninue
812 4995 865 5041 et
894 4988 1013 5039 vita:
1060 5000 1168 5039 suae
1209 4995 1264 5037 et
1317 4982 1561 5036 omnibus
1612 4982 1875 5051 praeferat.
1925 4982 1993 5035 Et
2036 4996 2159 5035 cum

597 5080 739 5150 illum
785 5079 1134 5147 abncgasset,
1171 5092 1276 5129 non
1312 5088 1526 5144 propter
1552 5074 1869 5142 supplicium
1906 5072 2157 5142 lugebat,

595 5170 685 5223 sed
727 5171 847 5239 quia
894 5168 1146 5223 dilectum
1177 5174 1457 5235 negaverat
1491 5183 1503 5219 :
1552 5164 1691 5234 quod
1720 5165 1863 5217 omni
1894 5162 2155 5234 supplicio

3733 389 3834 447 ἕνδὲ

2256 499 2497 554 acerbius
2526 499 2621 566 ipsi
2656 508 2788 551 crat.
2826 499 3055 569 [hecque
3081 500 3255 554 omnia
3287 511 3409 555 ante
3438 500 3676 571 Spiritus
3706 521 3829 573 gra-

2258 591 2383 643 tiam
2426 588 2665 643 exhibuit
2693 607 2704 641 :
2760 604 3010 658 s:rpeque
3041 591 3268 645 instabat
3293 634 3307 655 ,
3339 592 3521 645 dicens
3542 635 3554 653 ,
3596 593 3713 658 Quo
3741 612 3831 648 ea-

2252 681 2330 733 dis
2348 681 2373 733 Ρ
2400 688 2453 734 et
2480 689 2635 733 antea
2658 720 2672 745 ,
2708 681 2787 732 Ad
2811 698 2953 748 quem
3002 682 3224 735 ibimus?
3253 698 3314 739 ac
3360 699 3545 739 rursus
3565 727 3580 751 ,
3634 686 3833 755 Sequar

2255 781 2300 824 te
2320 786 2627 839 quocumque
2662 771 2780 823 ieris
2807 770 2997 842 (Joan.
3029 774 3116 827 15.
3146 773 3233 827 56.
3264 785 3309 826 et
3342 778 3392 829 6.
3421 775 3519 839 69;
3554 775 3748 831 Matth.
3778 780 3829 833 8.

2254 861 2377 930 l9).
2409 860 2593 916 Omnia
2625 864 2765 916 enim
2817 864 2929 931 ipse
2976 863 3078 917 illis
3126 876 3277 928 erat,
3312 882 3372 921 ac
3422 884 3593 936 neque
3639 870 3834 923 caelum

2255 969 2425 1022 neque
2453 968 2669 1023 regnum
2693 953 2944 1031 cmlorum
2970 954 3163 1008 dilecto
3195 957 3563 1022 prarferehaut.
3587 959 3667 1013 Tu
3691 962 3833 1014 enim

2256 1044 2382 1098 mihi
2414 1044 2499 1097 illa
2529 1045 2701 1098 omnia
2732 1059 2819 1106 es,
2854 1046 3041 1113 inquit.
3072 1046 3134 1098 Et
3159 1046 3281 1114 quid
3310 1048 3539 1110 miraris,
3571 1054 3614 1102 si
3643 1050 3837 1105 Petrus

2255 1136 2323 1189 ita
2368 1135 2586 1190 affectus
2632 1136 2785 1190 erat?
2831 1136 2958 1189 Nam
3006 1137 3127 1191 audi
3178 1137 3303 1206 quid
3354 1140 3614 1207 prepheta
3651 1140 3834 1196 dicat:

2257 1226 2392 1290 Quid
2418 1228 2548 1279 enim
2592 1227 2715 1279 milii
2741 1238 2813 1280 est
2854 1232 2905 1279 in
2935 1230 3096 1281 rwlo?
3121 1238 3166 1281 et
3195 1245 3225 1281 a
3265 1238 3310 1281 te
3347 1230 3470 1299 quid
3515 1232 3657 1283 volui
3685 1249 3838 1301 super

2255 1330 2437 1371 terram
2468 1318 2485 1388 (
2509 1318 2650 1372 Psal.
2686 1318 2770 1371 72.
2802 1318 2871 1373 25
2892 1318 2909 1388 )
2931 1320 2953 1372 ?
2973 1321 3028 1373 Id
3057 1330 3173 1385 est,
3207 1337 3310 1375 non
3342 1338 3526 1376 eorum
3558 1341 3681 1393 qua:
3710 1340 3837 1379 sur-

2254 1422 2403 1475 sum,
2439 1422 2538 1462 nec
2574 1423 2692 1477 qua:
2732 1409 2978 1462 deorsum
3021 1420 3142 1463 sunt
3186 1412 3327 1464 aliud
3369 1413 3489 1466 volo
3534 1424 3733 1483 praeter
3763 1426 3835 1472 te.

2257 1500 2365 1554 lloc
2391 1514 2542 1554 amor
2570 1509 2672 1563 est,
2704 1499 2802 1554 hoc
2826 1500 3039 1553 dilectio
3060 1516 3079 1553 :
3109 1502 3151 1555 si
3180 1500 3246 1554 ita
3276 1517 3538 1569 amemus,
3569 1520 3671 1559 nec
3699 1521 3837 1575 pra:-

2254 1594 2464 1657 sentia,
2508 1608 2606 1647 nec
2652 1592 2825 1646 futura
2876 1594 3161 1663 quidquam
3207 1608 3324 1649 esse
3374 1611 3482 1664 prae
3512 1613 3701 1653 amore
3750 1601 3838 1652 illo

2256 1682 2590 1753 putabimus,
2636 1692 2690 1737 et
2739 1684 2861 1738 hinc
2910 1700 3129 1754 regnum
3172 1701 3592 1755 consequemur,
3627 1689 3679 1743 in
3721 1690 3835 1759 ejus

2255 1788 2437 1827 auore
2468 1772 2722 1827 lwtantes.
2758 1775 2825 1827 Et
2849 1774 3117 1842 quomodo
3139 1816 3153 1839 ,
3187 1776 3393 1845 inquies
3415 1820 3428 1839 ,
3466 1778 3565 1830 hoc
3592 1780 3739 1832 erit?
3780 1780 3834 1835 Si

2256 1866 2546 1933 cogitemus
2594 1864 2863 1931 quomodo
2917 1865 3066 1919 illum
3118 1868 3435 1921 contumelia
3492 1868 3836 1924 effecerimus

2255 1962 2375 2023 post
2405 1954 2680 2009 innumera
2706 1954 2894 2008 collata
2928 1954 3088 2019 bona.
3122 1957 3234 2025 ipse
3264 1973 3389 2012 vero
3417 1957 3685 2014 hortando
3712 1976 3835 2029 per-

2255 2044 2620 2100 severaverit:
2654 2044 2863 2114 quoties
2892 2046 3040 2099 illum
3092 2055 3469 2115 praztereamus
3492 2089 3505 2109 ,
3542 2050 3658 2116 ipse
3711 2066 3837 2103 vero

2257 2150 2355 2189 nos
2387 2152 2490 2190 non
2523 2136 2779 2205 negligat,
2810 2136 2901 2191 sed
2929 2148 3171 2191 aceurrat
3196 2148 3249 2191 et
3273 2138 3471 2192 alliciat
3499 2150 3661 2207 atque
3686 2140 3755 2194 ad
3779 2156 3836 2195 se

2260 2227 2449 2281 trahat.
2478 2227 2533 2281 Si
2576 2228 2716 2281 enim
2750 2229 2861 2282 hazc
2891 2238 2945 2283 et
2981 2230 3171 2283 similia
3212 2230 3653 2299 cogitaverimus,
3697 2233 3836 2290 hunc

2257 2317 2581 2372 succendere
2607 2333 2844 2372 amorem
2874 2321 3187 2387 peterimus.
3216 2319 3346 2373 Nam
3380 2322 3421 2375 si
3448 2324 3537 2391 qui
3574 2325 3645 2376 ita
3693 2335 3837 2380 amat

2256 2416 2398 2462 esset
2426 2409 2584 2461 homo
2609 2408 2748 2469 vilis,
2773 2410 2859 2477 qui
2888 2423 3014 2462 vero
3044 2410 3112 2462 ita
3143 2421 3350 2464 amatur
3378 2427 3469 2465 rex
3496 2426 3673 2476 esset;
3704 2432 3839 2467 non-

2256 2514 2322 2553 ne
2348 2499 2434 2553 hic
2456 2498 2656 2553 amoris
2676 2500 3095 2568 magnitudinem
3126 2505 3503 2558 revereretur?
3532 2505 3691 2559 Certe
3723 2522 3836 2559 ma-

2259 2591 2419 2645 xime.
2451 2592 2582 2645 Cum
2626 2606 2755 2646 vero
2797 2601 2983 2648 contra
3005 2635 3020 2660 ,
3067 2593 3345 2650 inelfabilis
3376 2597 3461 2651 illa
3492 2599 3838 2668 pulchritudo

2258 2693 2310 2736 et
2339 2682 2507 2753 gloria
2534 2690 2588 2737 et
2610 2682 2809 2738 divitite
2845 2685 2960 2755 ejus
2985 2725 3001 2750 ,
3032 2686 3119 2755 qui
3165 2700 3262 2740 nos
3290 2698 3474 2755 amat,
3506 2690 3639 2744 tales
3685 2693 3794 2747 sint
3820 2735 3835 2758 ,

2258 2789 2356 2829 nos
2383 2789 2508 2830 vero
2535 2775 2826 2830 admodum
2874 2777 3037 2843 viles,
3067 2778 3332 2848 quomodo
3378 2794 3484 2834 non
3533 2783 3679 2836 mille
3713 2799 3838 2854 sup.

2258 2867 2431 2935 pliciis
2457 2866 2598 2937 digni
2630 2868 2905 2932 fuerimus,
2933 2870 3005 2923 ita
3031 2871 3162 2924 viles
3189 2882 3243 2926 et
3269 2872 3485 2940 abjecti,
3513 2876 3604 2944 qui
3630 2890 3661 2928 a
3692 2886 3841 2931 tanto

2256 2964 2311 3011 et
2354 2964 2457 3009 tam
2485 2955 2799 3011 admirando
2843 2972 3003 3027 supra
3047 2959 3262 3013 modum
3304 2977 3579 3028 amamur,
3612 2975 3663 3020 et
3698 2967 3841 3021 illius

2259 3059 2496 3099 amorem
2520 3046 2597 3099 sic
2623 3046 3003 3115 repudiamus?
3036 3048 3126 3103 Ille
3165 3050 3312 3105 nullo
3338 3062 3647 3108 nostrorum
3678 3067 3798 3125 eget
3822 3100 3837 3123 ,

2263 3152 2364 3192 nec
2390 3146 2568 3192 tamen
2599 3152 2698 3191 nos
2727 3152 2909 3192 amare
2935 3138 3132 3194 desinit
3156 3156 3295 3206 ;nos
3324 3142 3438 3212 ejus
3471 3144 3627 3199 bouis
3652 3146 3835 3201 admoo

2259 3229 2386 3285 dum
2416 3243 2633 3299 egemus
2654 3270 2667 3294 ,
2694 3244 2759 3284 ac
2787 3245 2957 3299 neque
2985 3232 3062 3286 sic
3088 3234 3203 3300 ejus
3230 3248 3467 3289 amorem
3500 3240 3795 3293 retinemus
3821 3281 3836 3303 ,

2260 3321 2355 3377 sed
2385 3321 2595 3376 divitias
2624 3321 2699 3375 illi
2749 3321 3082 3391 prreferimus
3105 3365 3119 3388 ,
3149 3335 3202 3379 et
3230 3324 3503 3381 hominum
3531 3330 3798 3384 amicitias
3820 3371 3836 3395 ,

2260 3414 2501 3482 corporis
2552 3412 2833 3481 requiem,
2886 3415 3211 3483 potentiam,
3262 3417 3522 3486 gloriam;
3568 3419 3699 3473 dum
3751 3422 3841 3476 ille

2261 3504 2390 3559 nihil
2419 3505 2572 3560 nobis
2617 3504 2934 3575 anteponit?
2960 3506 3135 3562 Unum
3166 3508 3363 3577 quippe
3388 3508 3582 3564 Filium
3615 3510 3837 3579 habuit,

2260 3593 2587 3663 unigenitum
2628 3603 2681 3648 ct
2707 3594 2993 3664 genuinum
3016 3637 3031 3663 ,
3065 3612 3238 3664 neque
3272 3597 3344 3650 illi
3377 3600 3620 3667 pepercit
3651 3601 3703 3654 in
3737 3615 3836 3655 no-

2261 3683 2354 3738 stri
2383 3682 2605 3753 gratiam
2633 3700 2648 3743 ;
2682 3699 2779 3738 nos
2818 3693 2996 3738 autem
3044 3687 3206 3739 multa
3241 3687 3315 3740 illi
3348 3687 3701 3756 praeferimus.
3733 3691 3843 3745 An-

2262 3789 2364 3828 non
2412 3789 2540 3844 ergo
2583 3774 2883 3846 gehennam
2930 3785 2983 3830 et
3028 3777 3345 3847 supplicium
3395 3795 3708 3845 meremur.
3739 3782 3841 3835 etsi

2262 3864 2388 3919 illud
2414 3864 2596 3935 duplo,
2631 3865 2810 3934 triplo,
2843 3867 2948 3921 imo
2975 3869 3275 3923 sexcenties
3297 3869 3467 3938 majus
3493 3871 3676 3924 esset?
3700 3870 3839 3937 Quid

2261 3961 2403 4013 enim
2459 3956 2638 4013 dicere
2696 3962 2994 4027 possimus,
3046 3960 3258 4027 quando
3317 3970 3519 4015 satana:
3578 3973 3840 4031 pra‘eepta

2260 4048 2459 4104 Christi
2517 4049 2725 4119 legibus
2782 4051 3146 4119 praeferimus,
3189 4062 3243 4106 et
3296 4053 3451 4107 saluti
3495 4064 3693 4107 nostra:
3735 4070 3839 4108 non

2264 4154 2542 4208 parcamus
2567 4180 2582 4203 ,
2630 4140 2756 4193 dum
2806 4141 3054 4209 nequitiae
3100 4157 3261 4211 opera
3292 4144 3339 4198 ei
3363 4184 3378 4209 ,
3411 4144 3499 4212 qui
3534 4146 3714 4197 omnia
3745 4161 3840 4214 pro

2264 4230 2417 4284 nobis
2444 4243 2630 4299 passus
2660 4238 2763 4295 est,
2795 4230 3170 4301 prmferimus?
3201 4232 3264 4286 Et
3291 4247 3394 4301 qua
3425 4234 3580 4286 venia
3613 4232 3731 4288 haec
3761 4236 3841 4287 di-

2262 4335 2362 4390 gna
2410 4320 2640 4375 fuerint?
2693 4336 2795 4391 qua
2842 4320 3194 4377 defensione?
3232 4322 3408 4377 Nulla.
3438 4322 3655 4379 Stemus
3684 4326 3845 4395 igitur

2262 4408 2536 4480 deinceps,
2571 4426 2676 4465 non
2709 4427 2803 4480 per
2825 4414 3113 4483 praecipitia
3137 4413 3237 4468 acti
3262 4431 3275 4481 ;
3309 4416 3401 4470 sed
3432 4416 3838 4487 resipiscamus,

2265 4510 2319 4553 et
2345 4498 2458 4553 haec
2486 4501 2664 4555 omnia
2698 4502 2973 4557 nobiscum
3000 4515 3309 4575 reputantes
3332 4546 3349 4573 ,
3375 4505 3598 4576 gloriam
3634 4510 3841 4564 refcra-

2264 4606 2383 4645 mus
2412 4591 2459 4645 ei
2488 4606 2583 4660 per
2611 4607 2805 4661 opera;
2840 4595 3020 4649 verbis
3046 4597 3186 4649 eiiim
3219 4605 3419 4651 tantum
3453 4614 3557 4652 non
3589 4600 3826 4654 sufﬁcit:

2266 4690 2396 4735 utet
2423 4682 2592 4751 gloria
2618 4682 2686 4737 ab
2712 4683 2801 4737 illo
2829 4694 3080 4740 manante
3128 4687 3363 4741 fruamur
3386 4730 3399 4752 ,
3433 4704 3590 4757 quam
3639 4690 3841 4745 utinam

2266 4788 2363 4828 nos
2414 4788 2837 4844 consequamur,
2869 4780 3037 4846 gratia
3065 4788 3120 4832 et
3145 4780 3470 4851 benignitate
3501 4783 3709 4838 Domini
3744 4800 3841 4839 no-

2265 4865 2358 4918 stri
2402 4864 2525 4921 Jesn
2567 4864 2800 4932 Christi,
2831 4868 3042 4936 quicum
3092 4869 3232 4924 Patri
3284 4880 3337 4926 et
3385 4872 3605 4943 Spiritui
3654 4887 3841 4931 sancto

2265 4958 2465 5029 gloria,
2518 4960 2795 5029 imperium
2822 5000 2839 5027 ,
2890 4960 3092 5029 honor,
3144 4979 3283 5020 nunc
3326 4975 3381 5021 et
3427 4980 3676 5038 semper,
3707 4971 3839 5025 etin

2267 5052 2462 5106 saacula
2489 5052 2826 5107 saeculorum.
2861 5054 3053 5108 Amen.

1951 5369 2287 5432 HOMILIA
2332 5371 2417 5432 Vl

597 5528 718 5582 (ἶριν.
754 5525 807 5578 2.
837 5540 889 5575 ν.
916 5523 1000 5575 l7.
1035 5520 1164 5574 Ecce
1196 5530 1248 5572 tu
1274 5518 1483 5572 Iudaeus
1524 5515 1892 5587 cognominaris
1918 5557 1929 5575 .
1982 5528 2027 5567 et
2075 5531 2156 5568 re-

664 5617 871 5687 quiescis
896 5616 946 5668 in
978 5614 1085 5682 lege
1108 5652 1121 5675 ,
1150 5620 1196 5664 et
1220 5610 1449 5679 gloriaris
1478 5608 1529 5661 in
1560 5607 1661 5660 Deo
1684 5648 1697 5672 ,
1730 5607 1814 5661 l8.
1847 5616 1891 5659 et
1917 5619 2043 5659 nom
2069 5622 2149 5658 ιιυσ

668 5712 925 5767 luntatem,
959 5715 1002 5757 et
1032 5703 1211 5770 probas
1239 5701 1400 5763 utilia,
1434 5701 1685 5754 institutus
1712 5714 1774 5751 ea:
1798 5698 1923 5767 lege.

674 5801 716 5851 Ι.
753 5798 1032 5865 Postquam
1060 5794 1262 5847 dixerat
1292 5790 1417 5844 nihil
1444 5790 1629 5844 deesse
1649 5788 1836 5843 (ἱκερο
1855 5802 1947 5842 seu
1978 5788 2154 5857 gentili

2270 5514 2334 5568 ad
2365 5514 2620 5577 salutem,
2652 5512 2940 5568 dummodo
2972 5516 3141 5586 legem
3170 5528 3368 5583 servet,
3398 5528 3451 5573 et
3477 5520 3843 5577 admirandam

2270 5606 2412 5659 illam
2442 5605 2893 5675 comparationem
2922 5608 3118 5662 fecerat
3148 5625 3160 5660 :
3189 5624 3307 5678 qua-
3342 5611 3675 5667 honorabilia
3706 5619 3840 5684 apud

2266 5696 2478 5751 Judzcos
2503 5707 2655 5751 erant
2681 5698 2845 5766 ponit,
2870 5715 2932 5751 ex
2960 5699 3152 5768 quibus
3175 5700 3432 5758 adversus
3458 5704 3675 5761 (ἔπραθε
3717 5706 3839 5764 effe-

2266 5789 2533 5843 rebantur.
2570 5788 2631 5841 l‘lt
2658 5787 2826 5855 primo
2856 5788 3026 5857 ipsum
3079 5804 3271 5847 nomen
3300 5832 3316 5858 ,
3368 5796 3511 5864 quod
3550 5796 3842 5854 admodum
