4080 6474
211 361 318 417 451

209 475 359 543 ὑπερ
391 469 498 523 τῶν
540 468 662 524 καθ’
707 470 896 524 ἑαυτὸν
928 468 1358 539 ἀπολογήσηται,
1395 469 1489 522 καὶ
1525 468 1662 538 μετά
1691 466 1800 520 τῶν

213 553 516 626 προφητῶν
550 555 644 607 καὶ
683 553 845 612 αὐτὸς
875 551 1102 623 προσῄει
1145 554 1254 615 τοῖς
1292 551 1799 621 ἀποστρεφομένοις

210 636 404 702 αὐτὸν,
418 635 646 699 εὐθύνας
663 637 876 706 ἕτοιμος
895 635 970 687 ὢν
988 636 1312 706 παρασχεῖν,
1339 635 1430 687 καὶ
1445 635 1524 695 εἰς
1542 633 1635 686 τόν
1647 633 1803 700 λόγον

211 718 390 784 ἀξιῶν
413 718 680 783 καθεῖναι,
711 720 803 772 καὶ
829 709 966 788 πρὸς
989 719 1206 771 ἅπαντα
1239 716 1678 786 κεκωφωμένους
1724 717 1803 778 εἰς

212 800 320 873 τὴν
347 802 482 872 πρὸς
506 802 666 854 αὐτὸν
702 801 934 865 διάλεξιν
955 801 1151 855 ἕλκων.
1178 801 1336 866 Λαὸς
1362 800 1469 871 γάρ
1484 819 1625 870 μου,
1648 800 1803 870 φησὶ,

213 886 278 937 τί
299 884 563 950 ἐποίησά
576 899 710 946 σοι;
734 884 770 951 ἢ
796 883 851 936 τί
873 883 1156 949 ἐλύπησὰ
1179 898 1252 936 σε
1267 898 1286 944 ;
1307 882 1661 950 ἀποκρίθητέ
1679 898 1800 950 μοι.

211 966 379 1022 Μετά
421 966 594 1018 ταῦτα
629 965 845 1019 ἅπαντα
891 966 1296 1035 ἀπεκτείναμεν
1330 966 1458 1027 τοὺς
1491 965 1808 1034 προφήτας,

211 1051 569 1119 ὲλιθάσαμεν,
608 1051 773 1121 μυρία
799 1050 962 1119 ἕτερα
1007 1049 1385 1120 είργασὰμεθα
1420 1048 1586 1101 κακά.
1619 1047 1683 1100 Τί
1712 1044 1804 1101 οῦν

213 1137 344 1187 ἀντὶ
395 1133 629 1197 τούτων;
687 1134 882 1186 Οὐκέτι
928 1133 1234 1202 προφήτας,
1285 1132 1468 1184 οὐκέτι
1515 1131 1800 1199 ἀγγέλους,

209 1217 405 1270 οὐκέτι
455 1216 819 1285 πατριάρχας.
865 1215 980 1267 ἀλλ’
1028 1215 1190 1267 αὐτὸν
1243 1214 1459 1283 έπεμψε
1512 1213 1602 1266 τὸν
1654 1213 1799 1266 Υἰόν.

228 1300 499 1371 Ἀνῃρέθη
548 1300 641 1352 καὶ
676 1303 704 1352 6
745 1299 870 1360 Υἱὸς
916 1297 1105 1358 ἐλθὼν,
1134 1298 1228 1351 καὶ
1261 1298 1381 1352 οὐδὲ
1414 1297 1586 1359 οὕτως
1614 1293 1804 1348 ἔσϐεσε

212 1385 312 1437 τὸν
333 1383 532 1455 ἔρωτα,
554 1382 666 1436 ἀλλ’
689 1381 861 1452 ἀνῆψε
900 1381 1188 1452 μειζόνως,
1217 1381 1313 1434 καί⁵
1343 1380 1594 1450 ἐπιμένει
1621 1395 1802 1449 παρα-

213 1467 404 1520 καλῶν
444 1467 539 1519 καὶ
571 1468 707 1535 μετά
731 1467 794 1518 τὸ
826 1465 916 1517 τὸν
955 1465 1079 1518 Υἰδν
1118 1463 1469 1534 ἀναιρεθῆναι
1497 1462 1588 1513 τὸν
1616 1460 1800 1524 αὐτοῦ,

214 1551 315 1602 καὶ
343 1549 616 1620 δεόμενος,
649 1550 743 1602 καὶ
777 1549 953 1602 πάντα
978 1547 1146 1601 ποιῶν
1176 1546 1317 1618 ὑπὲρ
1342 1545 1438 1599 τοῦ
1479 1545 1618 1616 πρὸς
1642 1545 1804 1599 αὐτὸν

213 1631 567 1702 ἐπιστρέψαι.
596 1631 705 1683 Καὶ
737 1631 834 1701 βοᾷ
853 1629 1064 1693 Παῦλος
1094 1627 1267 1696 λέγων
1287 1643 1301 1659 ο
1350 1627 1518 1696 Ὑπὲρ
1546 1627 1803 1693 Χριστοῦ

211 1710 336 1768 οὖν
372 1715 801 1784 πρεσϐεύομεν,
847 1715 927 1780 ὡς
972 1714 1077 1769 τοῦ
1112 1713 1260 1768 Θεοῦ
1311 1711 1805 1780 παρακαλοῦντος

210 1795 294 1849 δι’
323 1795 494 1865 ἡμῶν
513 1813 525 1826 ⁸
556 1798 980 1865 καταλλάγητε
1007 1795 1086 1862 τῷ
1116 1796 1257 1860 Θεῷ.

291 1881 358 1946 ζ’.
407 1881 546 1934 Ἀλλ’
574 1881 726 1934 οὐδὲν
751 1881 956 1935 τούτων
977 1882 1125 1952 ἡμᾶς
1143 1877 1493 1950 κατήλλαξεν.
1529 1877 1586 1930 Ὀ
1609 1877 1664 1930 δὲ
1687 1876 1804 1928 οὐδὲ

211 1963 396 2026 οὕτως
424 1965 568 2033 ἡμᾶς
595 1963 908 2027 κατέλιπεν,
932 1962 1068 2017 ἀλλά
1099 1963 1249 2033 μένει
1281 1962 1374 2015 καὶ
1400 1961 1621 2028 γέενναν
1647 1960 1803 2010 ἀπει-

213 2047 350 2110 λῶν,
382 2048 476 2099 καὶ
507 2045 785 2117 βασιλείαν
829 2044 1303 2114 ἐπαγγελλόμενος
1327 2084 1341 2106 ,
1383 2044 1470 2097 ἴνα
1499 2043 1603 2095 κᾶν
1633 2042 1803 2102 οὔτως

215 2132 372 2202 ἡμᾶς
403 2128 787 2199 ἐφελκύσηται·
825 2131 987 2200 ήμεῖς
1025 2128 1084 2181 δὲ
1122 2127 1441 2197 ἀναλγήτως
1487 2126 1566 2178 ἔτι
1601 2125 1804 2179 διακεί·

218 2213 388 2284 μεθα.
435 2213 501 2266 Τί
533 2212 734 2283 ταύτης
767 2211 865 2282 τῆς
900 2211 1196 2282 θηριωδίας
1235 2213 1416 2281 χεῖρον
1467 2209 1662 2278 γένοιτ’
1699 2208 1803 2274 av;

217 2299 286 2351 Εἰ
335 2295 444 2367 γάρ
493 2296 780 2366 ἄνθρωπος
831 2294 1007 2349 ταῦτα
1041 2295 1332 2364 ἐποίησεν,
1375 2293 1476 2346 οὐκ
1518 2293 1583 2347 ἂν
1636 2291 1803 2346 αὐτοῦ

216 2381 483 2444 πολλάκις
528 2379 828 2451 ἐγενόμεθα
879 2381 1089 2443 δοῦλοι;
1133 2378 1224 2432 τὸν
1272 2377 1329 2430 δὲ
1382 2377 1515 2430 Θεὸν
1551 2376 1806 2430 ποιοῦντα

214 2463 709 2535 ἀποστρεφόμεθα;
744 2464 807 2515 Ὢ
841 2461 941 2532 τῆς
978 2461 1288 2533 ρᾳθυμίαςί
1327 2460 1371 2513 ὣ
1407 2460 1505 2530 τῆς
1550 2461 1803 2531 ἀγνωμο-

217 2547 420 2616 σύνηςί
453 2547 500 2599 οἰ
530 2545 822 2608 διαπαντὸς
852 2546 951 2615 μὲν
981 2547 1037 2598 ὲν
1064 2545 1364 2615 ἁμαρτίαις
1394 2544 1487 2597 καὶ
1519 2545 1806 2614 πονηρίαις

217 2630 429 2700 ζῶμεν,
458 2630 524 2683 ἀν
546 2629 600 2682 δέ
634 2631 758 2682 ποτέ
783 2630 959 2683 τικαὶ
992 2629 1308 2700 ποιήσωμεν
1342 2628 1539 2699 μικρὸν
1576 2627 1804 2696 ἀγαθὸν,

219 2714 366 2768 κατά
397 2714 521 2775 τοὺς
555 2713 879 2782 ἀγνώμονας
906 2711 1014 2764 τῶν
1044 2711 1274 2764 οἰκετῶν
1304 2713 1442 2781 μετά
1476 2710 1679 2781 πολλῆς
1708 2713 1807 2778 τῆς

218 2795 530 2864 καπηλείας
549 2795 895 2866 ἐξετάζομεν,
920 2795 1011 2847 καὶ
1031 2792 1539 2864 ἀκριϐολογούμεθα
1561 2792 1806 2864 περὶτῆς

217 2878 564 2940 ἀντιδόσεως,
595 2877 647 2930 εῖ
672 2894 734 2946 γε
765 2877 878 2947 ἔχει
907 2876 1096 2946 μισθόν
1127 2893 1247 2928 τινα
1273 2875 1334 2928 τὸ
1361 2876 1666 2944 γινόμενον.
1699 2875 1808 2928 Καὶ

222 2959 337 3030 μὴν
354 2961 556 3029 μείζων
577 2963 605 3013 6
631 2959 842 3028 μισθὸς,
861 2959 957 3012 ἐὰν
992 2962 1064 3030 μὴ
1089 2961 1172 3011 ἐπ’
1195 2958 1370 3010 ἐλπίδι
1399 2957 1604 3026 μισθῶν
1629 2960 1804 3027 ποιῇςο

217 3042 284 3096 τὸ
312 3044 422 3114 γὰρ
450 3043 620 3097 ταῦτα
653 3043 834 3110 λέγειν
866 3044 960 3096 καὶ
1001 3041 1498 3114 ἀκριϐολογεῖσθαι,
1534 3039 1807 3110 μισθωτοῦ

224 3128 429 3198 μᾶλλον
460 3128 681 3198 ῥήματά
702 3131 867 3185 ἐστιν.
893 3127 925 3196 ή
955 3124 1302 3195 εὐγνώμονος
1323 3124 1560 3178 οἰκέτου.
1590 3125 1681 3176 Δεῖ
1700 3123 1810 3193 γάρ

221 3213 406 3267 πάντα
448 3212 535 3266 διά
573 3211 663 3265 τὸν
699 3210 934 3280 Χριστὸν
969 3211 1175 3273 ποιεῖν,
1221 3209 1281 3261 οὐ
1329 3208 1416 3262 διά
1452 3208 1545 3260 τὸν
1584 3205 1807 3277 μισθόν·

224 3296 322 3348 καὶ
344 3294 455 3366 γάρ
472 3294 565 3346 καὶ
586 3293 811 3362 γέενναν
824 3291 912 3345 διὰ
932 3290 1090 3344 τοῦτο
1105 3290 1390 3359 ἠπείλησε,
1412 3289 1508 3342 καὶ
1533 3289 1811 3359 βασιλείαν

223 3377 614 3447 ἐπηγγείλατο,
633 3377 721 3428 ῖνα
745 3375 967 3445 φιλῆται
997 3373 1130 3444 παρ’
1157 3371 1333 3443 ήμῶν.
1355 3373 1674 3442 Φιλήσωμεν
1698 3371 1810 3424 τοί-

223 3479 324 3515 νυν
351 3460 535 3522 αὐτὸν,
566 3461 641 3524 ώς
671 3459 846 3528 φιλεῖν
869 3459 995 3529 χρή·
1030 3455 1189 3509 τοῦτο
1210 3455 1317 3528 γάρ
1340 3457 1370 3509 6
1397 3455 1569 3526 μέγας
1600 3453 1810 3524 μισθὸς,

224 3545 386 3598 τοῦτο
410 3542 654 3614 βασιλεία
679 3541 830 3613 [4⁵11]
859 3541 953 3596 καὶ
977 3539 1161 3612 ήδονὴ,
1184 3538 1340 3594 τοῦτο
1363 3539 1541 3609 τρυφὴ
1568 3537 1663 3591 καὶ
1687 3537 1814 3603 δόξα

228 3627 325 3682 καὶ
352 3626 511 3696 τιμὴ,
540 3625 698 3679 τοῦτο
723 3625 860 3693 φῶς,
886 3623 1045 3678 τοῦτο
1073 3626 1107 3693 ή
1135 3621 1643 3693 μυριομακαριότης
1675 3633 1724 3683 ⁸,
1747 3620 1814 3690 ἢν

225 3710 289 3764 οὐ
329 3709 488 3778 λόγος
529 3708 879 3777 παραστῆσαι
924 3705 1172 3768 δύναται,
1207 3706 1267 3758 06
1301 3706 1426 3765 νοῦς
1467 3702 1811 3757 καταλαϐεῖν.

240 3790 404 3844 Ἀλλά
433 3791 540 3860 γάρ
575 3790 676 3843 οὐκ
707 3787 824 3842 οἰδα
853 3787 971 3850 πῶς
999 3789 1080 3852 εἰς
1113 3786 1336 3849 τούτους
1370 3784 1659 3856 παρήχθην
1689 3785 1815 3846 τοὺς

228 3875 444 3944 λόγους,
476 3872 782 3945 ἀνθρώποις
835 3871 970 3942 μηδὲ
1001 3870 1179 3940 ἀρχῆς
1207 3869 1301 3923 καὶ
1345 3867 1503 3937 δόξης
1538 3883 1814 3937 καταφροο

229 3957 383 4012 νοῦσι
396 3960 495 4028 τῆς
511 3957 796 4027 παρούσης
811 3956 897 4008 διά
914 3955 1005 4007 τὸν
1027 3952 1262 4024 Χριστὸν
1281 3950 1561 4020 βασιλείας
1578 3949 1817 4004 κελεύων

233 4041 626 4111 καταφρονεῖν
668 4039 844 4093 καίτοι
876 4039 1022 4106 γε-οἰ
1061 4036 1286 4106 μεγάλοι
1320 4036 1416 4088 καὶ
1452 4036 1689 4102 γενναῖοι
1722 4032 1817 4086 ἀν-

229 4125 357 4195 δρες
404 4126 598 4177 ἐκεῖνοι
630 4122 725 4176 καί
767 4124 846 4185 εἰς
892 4120 1052 4174 τοῦτο
1084 4119 1144 4171 τὸ
1199 4119 1399 4188 μέτρον
1442 4118 1544 4186 τῆς
1594 4117 1816 4185 ἀγάπης

231 4205 494 4275 Εφθασαν.
546 4205 814 4259 Ἄκουσον
856 4204 986 4272 γοῦν
1018 4203 1135 4266 πῶς
1168 4203 1197 4254 6
1241 4201 1445 4271 Πέτρος
1485 4200 1614 4270 περὶ
1649 4197 1812 4253 αὐτοῦ

233 4287 602 4360 περικαίεται,
631 4288 723 4341 καὶ
753 4287 933 4358 ψυχῆς
974 4288 1070 4340 καὶ
1100 4285 1246 4355 ζωῆς
1273 4285 1367 4336 καὶ
1397 4283 1616 4336 πάντων
1650 4282 1812 4335 αὐτὸν

235 4372 539 4439 προτιθείςο
568 4372 662 4424 καὶ
687 4370 851 4441 ἡνίκα
881 4369 937 4422 δὲ
966 4368 1129 4422 αὐτὸν
1160 4367 1466 4438 ἠρνήσατο,
1499 4366 1562 4417 οὐ
1594 4363 1684 4421 διὰ
1713 4365 1813 4435 τὴν

234 4455 458 4510 κόλασιν
498 4453 738 4515 ἐπένθει,
784 4452 900 4506 ἀλλ’
939 4450 1127 4521 ἐπειδὴ
1160 4451 1251 4502 τὸν
1283 4447 1618 4518 ποθούμενον
1646 4449 1814 4519 ήρνή·

236 4555 390 4600 σατο,
440 4537 470 4590 ὃ
516 4537 695 4607 πάσης
726 4536 1001 4597 κολάσεως
1033 4533 1181 4604 αὐτῷ
1219 4533 1542 4604 πικρότερον
1575 4526 1662 4601 ἦν.
1705 4531 1816 4586 Καὶ

235 4619 408 4675 ταῦτα
429 4620 644 4674 ᾶπαντα
660 4620 766 4691 πρὸ
785 4620 884 4688 τῆς
905 4616 998 4672 τοῦ
1025 4615 1164 4670 Πνεύ
1174 4631 1343 4686 ματος
1367 4614 1595 4688 χάριτος
1611 4613 1817 4670 ἐπεδείο

300 4779 324 4806 ⁸
350 4775 448 4826 Alii
471 4779 502 4834 ἡ
528 4777 708 4838 μεγάλη
735 4775 1040 4839 μακαριότης.

252 4985 458 4997 ρ’.-
471 4981 905 4994 ..ἡκεν-..-

1382 353 1445 406 ΙΝ
1485 351 1707 408 EPIST.
1749 352 1838 406 AD
1866 351 2035 408 “0M.
2077 353 2307 410 HOMIL.
2353 357 2439 412 Vl.

3381 365 3495 419 ‘52

1905 485 2088 537 κνυτο,
2122 472 2217 525 καὶ
2250 473 2487 543 συνεχῶς
2525 473 2777 526 ἐπέκειτο
2808 471 3008 540 λέγων·
3042 471 3168 526 Ποῦ
3210 475 3495 543 6ndruc;

1908 555 2001 608 καὶ
2045 555 2151 626 πρὸ
2204 556 2431 621 τούτου,
2488 557 2644 624 Πρὸς
2684 557 2818 608 τίνα
2856 555 3352 623 ἁπελευσόμεθα;
3403 561 3497 610 καὶ

1906 637 2067 692 πάλιν
2087 677 2101 700 ,
2146 639 2562 706 Ἀκολουθήσω
2591 655 2692 692 σοι
2722 639 2875 691 ὅπου
2906 637 2985 692 ἂν
3012 637 3272 706 ἀπέρχῃ.
3313 639 3500 693 Πάντα

1903 719 2012 791 γὰρ
2029 721 2192 784 αὐτὸς
2213 718 2280 792 ἦν
2302 723 2509 785 αὐτοῖς,
2541 721 2636 774 καὶ
2659 719 2782 774 οὔτε
2813 720 3042 790 οὐρανὸν
3065 719 3189 772 οὐτε
3218 720 3497 790 βασιλείαν

1904 804 2149 876 οὐρανῶν
2172 804 2276 877 πρὸ
2298 805 2392 859 τοῦ
2428 804 2764 874 ποθουμένου
2783 799 2942 874 ἦγον.
2969 803 3042 856 Σὺ
3064 804 3173 874 γάρ
3204 820 3294 873 μοι
3322 804 3500 858 πάντα

1905 887 2110 951 ἐκεῖνα,
2141 888 2294 957 φησί.
2329 889 2441 940 Καὶ
2471 888 2522 940 τί
2553 886 2880 957 θαυμάζεις,
2920 888 2967 938 εί
3007 885 3212 959 Πέτρος
3246 885 3388 939 οὕτω
3420 888 3502 939 δι-

1906 969 2119 1036 έκειτο;
2168 972 2277 1023 Καὶ
2327 970 2434 1040 γὰρ
2472 972 2501 1022 6
2557 971 2844 1040 προφήτης
2885 969 3119 1022 ἄκουσον
3155 969 3207 1020 τί
3243 983 3398 1039 φησι⁶
3442 971 3502 1023 Τί

1906 1052 2015 1119 γάρ
2042 1071 2142 1121 μοι
2173 1053 2424 1122 ὑπάρχει
2456 1055 2526 1107 ἐν
2558 1052 2637 1117 τῷ
2667 1049 2942 1119 οὐρανῷ;
2978 1051 3073 1105 καί
3109 1051 3269 1118 παρὰ
3297 1052 3414 1106 σοῦ
3445 1054 3502 1104 τί

1905 1134 2180 1202 ἠθέλησα
2212 1137 2309 1188 ἐπὶ
2337 1135 2446 1204 τῆς
2475 1134 2625 1204 γῆς;
2662 1137 2727 1186 ὐ
2753 1135 2808 1186 δέ
2836 1134 3003 1200 λέγει,
3031 1133 3274 1186 τοιοῦτόν
3310 1137 3462 1187 ἐστιν
3485 1151 3496 1163 ·

1908 1218 1982 1268 Οὐ
2021 1217 2130 1270 τῶν
2161 1218 2292 1280 ἀνω,
2325 1220 2385 1270 06
2427 1219 2535 1272 τῶν
2571 1219 2722 1270 κάτω
2760 1216 2975 1280 οὐδενὸς
3010 1216 3241 1286 ἐφίεμαι
3276 1217 3497 1288 ἑτέρου,

1907 1301 2022 1354 ἀλλ’
2064 1302 2096 1372 ἢ
2134 1301 2226 1354 σοῦ
2269 1304 2452 1371 μόνου.
2488 1302 2659 1355 Τοῦτό
2703 1303 2852 1354 ἐστιν
2888 1302 3065 1371 ἔρως,
3102 1299 3263 1354 τοῦτο
3307 1301 3462 1368 φιλία
3487 1317 3498 1328 '

1909 1384 1972 1437 ἂν
1998 1385 2139 1438 οὕτω
2170 1386 2510 1456 φιλήσωμεν,
2541 1386 2600 1438 ού
2632 1388 2700 1437 τὰ
2735 1385 2981 1456 παρόντα
3015 1384 3199 1453 μόνον,
3232 1383 3350 1435 ἀλλ’
3381 1383 3500 1435 οὐδὲ

1907 1466 1974 1519 τὰ
2009 1467 2272 1537 μέλλοντα
2317 1467 2456 1538 πρὸς
2488 1468 2547 1520 τὸ
2585 1467 2806 1537 φίλτρον
2853 1467 3032 1520 ἐκεῖνο
3081 1464 3405 1536 ήγησόμεθά
3449 1482 3502 1517 τι

1907 1550 2068 1617 εῖναι,
2102 1552 2196 1603 καὶ
2226 1552 2324 1622 τὴν
2358 1550 2635 1620 βασιλείαν
2668 1549 2920 1602 ἐντεῦθεν
2951 1550 3382 1618 καρπωσόμεθα,
3416 1549 3504 1599 ἐν·

1907 1633 2221 1703 τρυφῶντες
2265 1632 2431 1686 αὐτοῦ
2468 1636 2535 1703 τῇ
2572 1633 2781 1702 ἀγάπῃ.
2827 1633 2935 1684 Καὶ
2973 1631 3091 1693 πῶς
3131 1631 3278 1683 ἔσται
3321 1630 3500 1693 τοῦτο,

1911 1717 2097 1786 φησίν.
2125 1717 2189 1769 Εἰ
2219 1717 2574 1788 ἐννοήσομεν,
2595 1719 2829 1776 ποσάκις
2856 1712 3019 1766 αὐτὸν
3049 1712 3348 1782 ὑϐρίζομεν
3367 1714 3502 1782 μετά

1911 1799 2081 1870 μυρία
2119 1797 2323 1867 ἀγαθὰ,
2363 1797 2526 1861 αὐτὸς
2563 1798 2619 1849 δὲ
2651 1796 2853 1865 ἕστηκε
2898 1794 3266 1865 παρακαλῶν·
3309 1796 3501 1855 ὁσάκις

1909 1882 2071 1934 αὑτὸν
2102 1882 2544 1952 παρατρέχομεν,
2571 1880 2736 1942 αὐτὸς
2767 1878 2822 1931 δὲ
2854 1880 2916 1930 06
2958 1880 3208 1949 παρορᾷ,
3239 1879 3352 1932 ἀλλ’
3385 1881 3498 1930 επις

1908 1963 2091 2034 τρέχει
2139 1964 2235 2016 καὶ⁵
2285 1963 2571 2032 ἐφέλκεται
2614 1963 2708 2015 καὶ
2749 1961 2884 2031 πρὸς
2939 1961 3134 2014 ἑαυτὸν
3179 1962 3495 2014 ἐπισπᾶται.

1913 2046 2010 2099 Ἂν
2034 2045 2144 2116 γὰρ
2173 2046 2345 2099 ταῦτα
2371 2047 2467 2099 καὶ
2494 2045 2561 2099 τά
2588 2044 2817 2098 τοιαῦτα
2861 2041 3240 2112 λογισώμεθα,
3277 2041 3500 2112 δυνησό-

1911 2128 2050 2198 μεθα
2074 2130 2166 2182 τὸν
2195 2129 2360 2182 πόθον
2390 2127 2593 2196 ἀνάψαι
2618 2126 2828 2180 τοῦτον.
2863 2127 2926 2179 Εἰ
2955 2125 3064 2196 γὰρ
3095 2124 3193 2178 άνθ
3206 2142 3382 2196 ρωπος
3413 2126 3499 2178 εύ-

1906 2211 2066 2282 τελὴς
2094 2210 2161 2284 ἦν
2185 2214 2212 2265 ὁ
2237 2213 2379 2266 οὕτω
2410 2212 2602 2280 φιλῶν,
2635 2210 2892 2282 βασιλεὺς
2921 2211 2979 2263 δὲ
3009 2213 3036 2262 ὁ
3065 2209 3209 2262 οὕτω
3237 2209 3497 2279 φιλούμε-

1907 2313 2028 2360 νος,
2060 2298 2161 2350 οὐκ
2196 2297 2262 2350 ἂν
2290 2295 2494 2367 ᾐδέσθη
2520 2295 2596 2366 τῷ
2626 2293 2722 2349 τοῦ
2756 2293 2961 2365 ἔρωτος
2996 2293 3256 2364 μεγέθει;
3287 2293 3502 2364 Σφόδρα

1910 2381 2009 2452 μὲν
2036 2377 2149 2434 οὖν.
2184 2382 2354 2434 Ὅταν
2383 2379 2440 2432 δὲ
2473 2377 2788 2432 τούναντίον
2828 2394 2882 2429 τι
2919 2371 2976 2447 ᾖ,
3008 2378 3103 2429 καὶ
3143 2376 3351 2444 ἄφατον
3401 2384 3501 2446 μέν

1907 2467 2084 2518 ἐκεῖνο
2108 2466 2167 2518 τὸ
2189 2465 2384 2528 κάλλος
2413 2464 2508 2518 καὶ
2529 2465 2562 2534 ή
2583 2460 2712 2525 δόξα
2741 2461 2836 2514 καὶ⁵
2861 2463 2890 2514 6
2913 2459 3142 2523 πλοῦτος
3163 2458 3260 2511 τοῦ
3283 2459 3501 2528 φιλοῦν-

1907 2565 1995 2611 τος
2018 2550 2189 2619 ήμᾶς,
2213 2548 2370 2620 ἡμῶν
2390 2547 2446 2600 δὲ
2471 2546 2639 2615 πολλὴ
2659 2548 2692 2615 ή
2716 2544 2984 2609 εὐτέλεια,
3011 2543 3128 2607 πῶς
3149 2543 3273 2614 οὐχὶ
3297 2544 3502 2614 μυρίας

1907 2632 2075 2701 ἐσμὲν
2105 2631 2381 2694 κολάσεως
2399 2629 2540 2694 ἀξιοι
2561 2629 2610 2681 οἰ
2631 2628 2804 2690 οὕτως
2835 2626 3076 2689 εὐτελεῖς
3102 2627 3196 2679 καὶ
3224 2627 3500 2698 ἀπερριμ-

1911 2715 2084 2784 μένοι,
2115 2714 2268 2786 παρά
2297 2713 2541 2766 τοιούτου
2573 2709 2814 2782 μεγάλου
2849 2711 2942 2764 καὶ
2975 2708 3293 2779 θαυμαστοῦ
3320 2709 3499 2777 φιλού-

1912 2816 2064 2868 μενοι
2097 2797 2216 2868 μεθ’
2251 2795 2560 2869 ὑπερϐολῆς
2589 2794 2832 2865 ἀπάσης,
2863 2794 2958 2847 καὶ
2992 2793 3497 2863 καταστρηνιῶντες

1909 2883 2073 2938 αὐτοῦ
2099 2883 2199 2952 τῆς
2221 2881 2471 2950 ἀγάπης;
2501 2879 2731 2942 Οὐδενὸς
2761 2879 2935 2931 δεῖται
2985 2879 3195 2941 ἐκεῖνος
3230 2877 3338 2929 τῶν
3365 2879 3502 2946 ήμεο

1909 2967 2102 3031 τέρων,
2143 2966 2238 3020 καὶ
2270 2963 2390 3017 οὐδέ
2419 2961 2562 3016 οὕτω
2597 2961 2828 3014 παύεται
2863 2960 3021 3032 ήμῶν
3046 2959 3218 3030 ἐρῶν·
3255 2961 3420 3029 ἡμεῖς
3445 2960 3504 3012 δὲ

1913 3049 2116 3119 σφόδρα
2137 3047 2371 3118 δεύμεθα
2384 3045 2497 3098 τῶν
2510 3043 2699 3108 αὑτοῦ,
2719 3043 2814 3097 καὶ
2829 3043 2948 3097 οὐδὲ
2967 3042 3143 3107 οὕτως
3163 3043 3505 3113 ἀντεχόμεθα

1911 3127 2079 3182 αὐτοῦ
2101 3126 2200 3196 τῆς
2223 3125 2466 3195 ἀγάπης,
2496 3123 2632 3178 ἀλλά
2655 3124 2917 3194 χρήματα
2937 3122 3104 3176 αὐτοῦ
3123 3121 3504 3193 προτιμῶμεν,

1911 3212 2006 3264 καὶ
2028 3209 2212 3275 φιλίας
2243 3206 2570 3276 ἀνθρώπων,
2607 3206 2704 3259 καὶ
2729 3204 2984 3276 σώματος
3027 3206 3213 3258 ἄνεσιν
3238 3243 3252 3266 ,
3283 3204 3380 3257 καὶ
3414 3205 3505 3257 δυο

1913 3292 2168 3346 ναστείαν
2193 3289 2496 3353 καὶδόξαν,
2544 3289 2636 3342 τοῦ
2679 3289 2848 3360 μηδὲν
2889 3287 3048 3358 ήμῶν
3088 3287 3504 3358 προτιμῶντος;

1915 3378 2052 3430 Ἕνα
2075 3375 2185 3445 γὰρ
2215 3370 2360 3443 εἶχεν
2391 3371 2520 3424 Υἰδν
2555 3371 2820 3441 μονογενῆ
2850 3370 2946 3424 καὶ
2974 3371 3220 3440 γνήσιον,
3256 3371 3350 3422 καὶ
3383 3372 3507 3424 οὐδὲ

1912 3458 2103 3512 τούτου
2152 3457 2407 3526 ἐφείσατο
2445 3453 2512 3506 δι’
2553 3455 2733 3524 ἡμᾶς’
2789 3455 2950 3524 ἡμεῖς
3000 3451 3061 3504 δὲ
3110 3451 3278 3504 αὐτοῦ
3335 3451 3506 3506 πολλά

1916 3540 2293 3613 προτιμῶμεν.
2313 3534 2438 3608 Ἆρ’
2459 3534 2552 3591 οῦν
2572 3538 2674 3590 οὐκ
2691 3537 2918 3601 εἰκότως
2934 3537 3126 3605 γέεννα
3149 3537 3243 3589 καὶ
3263 3535 3504 3600 κόλασις,

1917 3628 1965 3680 εἰ
2000 3626 2096 3680 καὶ
2125 3624 2287 3692 διπλῆ
2328 3624 2424 3676 καὶ
2458 3622 2660 3694 τριπλῆ
2691 3617 2761 3691 ἦν
2805 3622 2899 3674 καὶ
2932 3625 3190 3690 μυριάκις
3228 3620 3502 3691 τοσαύτη;

1917 3710 1983 3763 Τί
2010 3707 2120 3778 γὰρ
2163 3707 2229 3760 ἂν
2254 3705 2472 3776 ἔχοιμεν
2500 3706 2700 3765 εἰπεῖν,
2732 3705 2863 3756 ὅταν
2896 3701 2991 3756 τοῦ
3036 3702 3255 3754 Σατανᾶ
3287 3701 3358 3754 τά
3381 3704 3504 3754 ἐπι-

1915 3793 2175 3862 τάγματα
2205 3787 2564 3858 προτιμῶμεν
2612 3785 2721 3838 τῶν
2747 3784 2842 3839 τοῦ
2875 3784 3116 3855 Χριστοῦ
3157 3785 3360 3854 νόμων,
3415 3787 3506 3837 καὶ

1916 3877 2015 3946 τῆς
2044 3871 2317 3943 σωτηρὶας
2363 3871 2464 3939 τῆς
2498 3870 2774 3940 ἡμετέρας
2807 3867 3143 3937 ἀφειδῶμεν,
3191 3867 3278 3919 ἵνα
3316 3884 3507 3937 προτι-

1921 3961 2186 4032 μήσωμεν
2205 3955 2273 4009 τὰ
2287 3955 2387 4024 τῆς
2414 3954 2679 4023 πονηρίας
2706 3953 2844 4023 ἔργα
2859 3951 2954 4006 τοῦ
2985 3951 3138 4024 [4⁵12]
3166 3952 3340 4005 πάντα
3365 3951 3506 4019 ὑπὲρ

1917 4041 2078 4114 ήμῶν
2113 4039 2414 4103 παθόντος;
2447 4037 2559 4090 Καὶ
2599 4035 2759 4098 ποίας
2806 4035 3138 4103 συγγνώμης
3178 4036 3248 4088 τὰ
3279 4032 3507 4114 τοιαῦτα

1918 4113 2079 4192 ἀξια;
2111 4123 2271 4185 ποίας
2309 4119 2644 4187 ἁπολογίας;
2680 4117 2973 4186 Οὐδεμιᾶς.
3011 4115 3235 4186 Στῶμεν
3269 4113 3363 4169 οὖν
3397 4116 3507 4168 λοι-

1921 4211 2022 4265 πὸν
2055 4209 2130 4278 μὴ
2159 4205 2300 4261 κατά
2339 4201 2603 4274 κρημνῶν
2639 4200 2955 4272 φερόμενοι,
2989 4199 3084 4253 καὶ
3116 4199 3506 4270 ἀνανήψωμεν,

1920 4293 2014 4348 καὶ
2031 4293 2210 4346 πάντα
2222 4286 2677 4356 ἀναλογισάμενοι
2695 4283 2892 4347 ταῦτα,
2915 4281 3074 4347 δόξαν
3092 4283 3268 4336 ἀναπέ
3276 4282 3402 4353 μψω
3410 4298 3510 4351 μεν

1919 4378 2071 4448 αὐτῷ
2095 4375 2186 4430 διὰ
2203 4374 2311 4427 τῶν
2338 4373 2516 4442 ἔργων
2537 4388 2551 4402 ο
2573 4369 2633 4422 οὐ
2658 4369 2768 4440 γάρ
2787 4371 2949 4439 ἀρκεῖ
2969 4368 3059 4421 διά
3077 4368 3187 4421 τῶν
3217 4368 3503 4448 ῥημάτωνο

1922 4462 2010 4514 ἵνα
2042 4446 2138 4513 καὶ
2165 4457 2263 4527 τῆς
2293 4454 2450 4524 δόξης
2489 4451 2890 4521 ἀπολαύσωμεν
2918 4452 3018 4522 τῆς
3060 4452 3188 4521 παρ’
3220 4450 3411 4513 αὐτοῦ,
3440 4446 3508 4520 ἦς

1921 4543 2131 4614 γένοιτο
2169 4540 2380 4601 πάντας
2426 4538 2574 4607 ἡμᾶς
2623 4535 2922 4604 ἐπιτυχεῖν,
2954 4533 3139 4605 χάριτι
3175 4535 3268 4586 καὶ
3315 4533 3506 4614 φιλαν-

1923 4607 2142 4698 θρωπίᾳ
2165 4622 2258 4676 τοῦ
2283 4621 2488 4692 Κυρίου
2520 4617 2677 4688 ήμῶν
2710 4615 2887 4686 Ἰησοῦ
2909 4615 3173 4685 Χριστοῦ,
3205 4614 3324 4684 μεθ’
3348 4607 3409 4667 οῦ
3431 4615 3508 4685 τῷ

1923 4709 2099 4782 Πατρὶ
2128 4709 2244 4778 ἅμα
2269 4705 2347 4776 τῷ
2376 4703 2517 4773 άγίῳ
2559 4700 2838 4771 Πνεύματι
2873 4699 3024 4764 δόξα,
3069 4700 3269 4771 κράτος
3291 4739 3305 4761 ,
3351 4701 3508 4769 τιμὴ,

1923 4793 2020 4849 νῦν
2046 4792 2140 4847 καὶ
2168 4792 2275 4856 ἀεὶ,
2301 4790 2388 4842 καὶ
2420 4789 2498 4850 εἰς
2527 4785 2652 4848 τοὺς
2683 4784 2888 4847 αἰῶνας
2912 4782 3020 4836 τῶν
3046 4782 3276 4836 αἰώνων.
3315 4783 3506 4853 Ἀμήν.

3012 4961 3269 4971 ...ι-ς..

3297 4961 3482 4976 -σιςα

1744 5169 1989 5224 ΟΜΙΛΙΛ
2014 5169 2120 5234 ‘q'.

246 5339 383 5399 Ἴδε,
411 5334 494 5389 σὺ
531 5329 809 5396 Ἰουδαῖος
835 5325 1318 5399 ᾆπονομὰζηηκαί
1352 5323 1712 5399 ἐπαναπαύῃ
1748 5321 1827 5399 τῷ

315 5392 497 5475 νόμῳ,
537 5402 636 5456 καὶ
669 5392 972 5475 κλαυξχᾱσαι
988 5392 1066 5475 ἐν
1107 5392 1382 5475 Θεῷηκαί
1415 5394 1728 5475 γινώσκεις
1759 5392 1825 5445 τὸ

315 5466 566 5542 θέλημα.
621 5471 718 5542 καί
766 5466 1093 5542 δοκέμάζεις
1136 5468 1207 5521 τὰ
1255 5466 1635 5536 διαφέροντα,
1679 5478 1820 5516 κατε

319 5537 654 5615 ηχοῦμενος
681 5541 749 5593 ἐκ
787 5537 891 5592 τοῦ
932 5541 1140 5606 νόμου.

317 5673 387 5722 α’.
424 5661 628 5726 Εἰπὼν,
651 5661 734 5714 ὅτι
758 5659 908 5714 οὐδὲν
948 5655 1440 5727 λείπειτῷἚλληνι
1475 5655 1612 5726 πρὸς
1644 5653 1702 5706 τὸ
1729 5670 1834 5706 σω-

249 5752 433 5824 θῆναι,
464 5748 558 5800 ἐὰν
578 5745 672 5797 τοῦ
708 5745 872 5814 νόμου
970 5743 1221 5812 ποιητὴς,
1259 5741 1353 5795 καὶ
1381 5739 1480 5824 τήν
1506 5737 1831 5824 θαυμαστὴν

253 5818 539 5902 σύγκρισιν
570 5818 934 5898 ποιησάμενος
965 5826 1197 5893 ἐκείνην,
1223 5824 1404 5894 τίθησι
1429 5821 1613 5876 λοιπὸν
1641 5821 1734 5873 καὶ
1757 5818 1824 5871 τὰ

257 5916 430 5988 σεμνά
475 5914 581 5967 τῶν
627 5911 930 5976 Ἰουδαίων,
983 5911 1074 5980 ἀφ’
1109 5902 1182 5963 ὧν
1232 5907 1371 5962 κατά
1406 5906 1509 5962 τῶν
1559 5903 1824 5974 Ἑλλήνων

1923 5320 2206 5392 ἐφρόνουν.
2246 5315 2359 5374 Καὶ
2391 5312 2607 5385 πρῶτον
2638 5307 2772 5364 αὐτύ
2804 5306 2865 5361 τὸ
2899 5306 3072 5392 ὄνομα
3122 5305 3156 5358 6
3188 5305 3394 5392 σφόδρα
3419 5322 3515 5392 σεξ

1929 5389 2060 5475 μνον
2084 5399 2174 5474 ἦν,
2208 5400 2398 5471 ὥσπερ
2429 5396 2524 5451 νῦν
2553 5397 2581 5449 6
2625 5390 3084 5475 Χριστιανισμός·
3134 5389 3228 5475 καὶ
3264 5389 3375 5475 γὰρ
3405 5391 3514 5475 ἀπο

1924 5472 2026 5556 τῆς
2055 5472 2429 5557 προσηγορίας
2475 5477 2644 5549 πολλὴ
2673 5474 2740 5548 ἦν
2781 5477 2816 5545 ή
2847 5473 3081 5544 διαφορά
3113 5473 3210 5557 καὶ
3241 5472 3365 5557 τότε
3389 5484 3402 5500 ⁶
3437 5472 3518 5524 διὸ

1930 5570 2026 5624 καὶ
2072 5555 2322 5623 ἐντεῦθεν
2350 5565 2599 5637 ἄρχεται.
2649 5561 2759 5614 Καὶ
2784 5562 2886 5633 ὅρα
2925 5557 3042 5621 πῶς
3072 5555 3205 5610 αὐτὸ
3238 5555 3516 5637 καθαιρεῖ.

1931 5654 2006 5706 Οὐ
2039 5651 2147 5721 γάρ
2172 5645 2315 5712 εἷπε,
2341 5635 2413 5701 Σῦ
2449 5646 2700 5706 Ἰουδαῖος
2726 5637 2796 5709 εἱ,
2819 5641 2960 5704 ἀλλ’,
3000 5635 3392 5721 Ἐπονομάζῃ,
3419 5637 3522 5689 καὶ

1934 5720 2240 5805 καυχᾶσαι
2263 5734 2333 5787 ὲν
2366 5728 2507 5796 Θεῷ·
2539 5727 2841 5791 τουτέστιν,
2879 5727 2955 5790 ὡς
2988 5722 3235 5794 φιληθεὶς
3264 5720 3396 5790 παρ’
3424 5721 3517 5805 0L6-

1933 5818 2027 5872 τοῦ
2038 5803 2060 5882 ,ί
2071 5803 2163 5871 καὶ
2185 5813 2545 5886 προτιμηθείς
2567 5810 2676 5864 τῶν
2697 5810 2873 5864 ἀλλων
2889 5808 2986 5862 ἀνθ
2997 5805 3214 5879 ρώπων.
3254 5803 3518 5886 Ἐνταῦθα

1933 5902 1989 5955 δέ
2025 5917 2115 5972 μοι
2137 5884 2322 5970 ἡρέμα
2344 5884 2492 5951 δοκεῖ
2513 5895 2591 5959 εἰς
2621 5892 2880 5947 ἀπόνοιαν
2911 5909 2969 5944 τε
2997 5889 3193 5951 αὐτοὺς
3224 5884 3518 5961 σκώπτειν,
