4056 6520
258 445 373 503 455

254 551 581 613 bonorabile
605 558 739 613 erat,
772 556 825 601 ut
850 556 931 601 est
961 557 1101 599 nunc
1132 540 1577 597 Christianismus
1609 555 1622 589 :
1656 539 1724 591 ab
1753 552 1850 606 ap-

258 646 552 717 pollutione
578 641 719 698 enim
749 639 913 693 multa
942 635 1241 693 diderentia
1274 644 1400 689 tunc
1423 642 1537 688 erat
1571 650 1584 685 :
1616 646 1781 702 quare
1798 640 1852 685 et

258 738 388 791 hinc
417 734 646 791 orditur.
680 731 746 785 Et
770 729 892 783 vide
936 724 1207 796 quomodo
1251 723 1381 778 illud
1431 722 1688 777 decutiat.
1737 720 1852 775 Non

255 829 405 884 enim
433 826 604 891 dixit,
631 823 710 879 Tu
735 820 953 876 Judmus
975 834 1065 885 es,
1094 816 1187 871 sed
1210 860 1222 879 ,
1264 815 1650 887 Cognominaris
1671 821 1716 867 et
1744 814 1855 883 glo-

256 919 414 973 riaris
453 918 503 970 in
550 914 656 968 Deo
682 954 696 977 ,
748 910 799 965 id
829 918 913 965 est
935 950 952 976 ,
980 908 1131 979 quasi
1154 907 1382 962 dilectus
1410 906 1477 959 ab
1502 906 1592 958 illo
1612 945 1627 970 ,
1660 914 1711 956 et
1743 920 1852 971 pra:

255 1012 381 1067 aliis
411 1008 721 1065 hominibus
750 1004 1066 1058 honoratus.
1100 1002 1197 1055 Hic
1239 1010 1418 1054 autem
1467 998 1594 1052 mihi
1644 996 1855 1049 videtur

257 1103 473 1157 illorum
502 1098 861 1168 arrogantiam
893 1107 947 1150 et
976 1109 1163 1147 vanam
1196 1092 1420 1161 gloriam
1450 1088 1808 1159 perstringere
1834 1104 1846 1150 ;

255 1194 402 1265 quod
435 1191 580 1247 dono
608 1191 703 1245 illo
730 1205 834 1244 non
862 1187 927 1241 ad
959 1188 1183 1240 salutem
1215 1199 1390 1246 suam,
1425 1183 1517 1236 sed
1560 1192 1611 1235 ut
1639 1182 1689 1235 in
1719 1180 1855 1235 aliis

257 1285 561 1352 insurgant,
588 1292 750 1349 atque
780 1280 899 1334 illos
928 1277 1248 1347 despiciant,
1284 1275 1435 1329 almsi
1467 1276 1594 1327 sint.
1630 1272 1695 1325 Et
1724 1273 1856 1325 noin

255 1377 564 1430 voluntatem
586 1415 603 1439 ,
632 1383 679 1427 et
712 1372 896 1441 probas
936 1370 1103 1423 utilia.
1139 1369 1296 1437 Atqui
1327 1367 1426 1421 hoc
1449 1368 1565 1420 sine
1591 1381 1753 1433 opere
1771 1375 1854 1419 est

256 1470 478 1531 vitium;
508 1475 743 1519 attamen
763 1464 1113 1534 praerogativa
1138 1462 1417 1516 videbatur
1438 1477 1557 1515 esse
1590 1478 1603 1512 :
1625 1458 1852 1527 ideoque

256 1567 509 1614 accurate
538 1556 664 1610 illud
694 1555 933 1623 apponit.
967 1554 1083 1607 Non
1114 1555 1257 1607 enim
1291 1552 1445 1613 dixit,
1481 1550 1671 1613 Facis;
1721 1549 1813 1603 sed
1836 1588 1851 1615 ,

258 1648 415 1705 Nosti
439 1659 486 1703 et
517 1648 720 1719 probas,
757 1662 861 1701 non
890 1644 1198 1715 aggrederis
1227 1657 1325 1697 nec
1351 1642 1481 1711 agis.
1519 1641 1609 1696 Η).
1630 1640 1856 1708 Con/ldis

252 1752 305 1795 te
328 1757 434 1795 esse
464 1742 641 1794 ducent
668 1755 941 1793 ca'corum.
975 1738 1205 1791 Rursum
1239 1736 1325 1791 hic
1372 1751 1475 1789 non
1528 1734 1658 1788 dicit
1705 1733 1853 1787 illum

251 1829 452 1885 ducem
481 1845 601 1884 esse
626 1845 890 1883 cmcornm
916 1844 930 1892 ;
964 1828 1057 1882 sed
1086 1870 1099 1890 ,
1134 1827 1383 1895 Conﬁdis,
1420 1826 1609 1895 inquit,
1641 1835 1692 1879 te
1724 1839 1867 1899 ven;

250 1920 398 1974 ditas
429 1936 442 1971 :
477 1920 641 1973 multa
671 1921 815 1974 enim
842 1931 957 1973 erat
1004 1918 1312 1973 Iuda-orum
1359 1918 1682 1988 arrogantia.
1730 1914 1857 1971 Ideo

251 2010 447 2065 cadem
481 2009 591 2063 fere
612 2010 773 2063 verba
808 2017 1058 2077 usurpat,
1090 2023 1207 2077 quae
1238 2007 1314 2060 illi
1356 2022 1478 2061 sese
1519 2006 1853 2075 jactitantes.

256 2103 396 2157 \‘ide
427 2118 657 2171 namque
678 2101 803 2172 quid
836 2102 886 2155 in
920 2100 1211 2171 Evangelia
1259 2100 1440 2153 dicant
1471 2116 1485 2153 :
1514 2097 1581 2151 In
1636 2098 1857 2167 peccatis

252 2205 411 2249 natus
438 2212 490 2248 es
516 2204 650 2247 totus
673 2236 689 2260 ,
720 2202 767 2247 et
789 2204 842 2247 tu
867 2193 1017 2247 doces
1045 2209 1135 2246 nos
1168 2192 1362 2263 (Joau.
1395 2192 1449 2247 9.
1480 2192 1548 2246 δι
1572 2192 1631 2260 )‘Z
1677 2200 1731 2245 et
1774 2192 1855 2244 al-

252 2299 371 2340 tum
400 2286 681 2354 sapiehant
706 2284 963 2338 adversus
986 2300 1194 2338 omnes.
1242 2283 1294 2337 Id
1340 2282 1481 2352 quod
1535 2281 1732 2337 Paulus
1771 2296 1857 2335 ar-

246 2377 470 2449 guendo
498 2378 877 2445 perseveravit,
912 2377 1007 2429 hos
1034 2376 1308 2441 attollens,
1343 2371 1778 2443 illos'dcjiciens,
1801 2383 1858 2428 ιιι

247 2469 430 2538 magis
460 2468 581 2521 illos
610 2467 993 2537 perstringeret
1016 2508 1029 2531 ,
1063 2477 1113 2519 et
1146 2466 1447 2536 graviorem
1478 2466 1742 2535 proferret
1768 2481 1857 2519 ae-

245 2559 615 2615 cusationem.
645 2558 769 2613 Ideo
794 2560 1133 2629 progreditur
1161 2559 1261 2613 hoc
1290 2573 1495 2628 angens
1522 2568 1576 2612 et
1614 2560 1849 2627 amplifi-

245 2669 391 2707 caus
422 2652 637 2707 diverse
669 2652 958 2706 narrando.
994 2650 1223 2718 Conﬁdis
1262 2651 1397 2704 enim
1437 2658 1483 2703 te
1526 2666 1633 2703 esse
1672 2649 1853 2702 ducem

244 2761 530 2807 carcerum,
565 2743 734 2797 lumen
764 2760 958 2809 eorum,
988 2745 1077 2813 qui
1104 2745 1155 2796 in
1188 2743 1403 2797 tenebris
1432 2753 1584 2809 sunt,
1617 2742 1707 2798 20.
1742 2760 1857 2797 eru-

244 2840 474 2892 ditorem
496 2837 838 2907 insipientium
858 2879 872 2901 ,
907 2838 1203 2907 magistrum
1234 2836 1507 2906 infantium
1536 2878 1551 2902 ,
1584 2836 1848 2890 habentem

245 2938 479 3004 formam
507 2931 729 2984 scientiis
758 2940 802 2983 et
832 2931 1053 2983 veritatis
1080 2930 1132 2983 in
1157 2930 1284 2999 lege.
1316 2929 1429 2982 Non
1458 2929 1592 2982 dixit
1620 2929 1812 2983 iterum
1839 2971 1853 2991 ,

248 3022 308 3077 lu
339 3022 668 3076 conscientia
702 3028 758 3075 et
796 3021 845 3073 in
877 3020 1131 3089 Operihns
1155 3061 1169 3085 ,
1208 3020 1258 3072 in
1288 3029 1435 3074 recte
1479 3020 1666 3085 factis;
1717 3020 1810 3074 sed
1837 3061 1852 3085 ,

245 3112 319 3167 In
351 3113 483 3181 lege.
519 3112 584 3165 Et
613 3112 696 3165 his
721 3110 899 3175 dictis,
929 3110 1071 3181 quod
1103 3110 1242 3163 circa
1270 3111 1499 3180 gentiles
1548 3111 1672 3165 fecit
1697 3152 1713 3177 ,
1770 3111 1857 3166 hic

247 3204 405 3257 facit.
440 3200 585 3256 Sicut
612 3202 753 3254 cuitu
787 3202 896 3255 illic
927 3203 1001 3254 ait
1033 3220 1044 3254 :
1078 3201 1144 3253 In
1168 3218 1267 3270 quo
1298 3202 1653 3270 enimjudicas
1675 3203 1857 3269 alium,

246 3295 477 3362 teipsum
503 3294 851 3357 condemnas;
876 3293 952 3346 sic
979 3304 1033 3347 et
1076 3293 1177 3347 hoc
1218 3294 1335 3347 loco
1381 3293 1513 3347 dicit
1550 3309 1567 3345 :
1602 3294 1698 3357 Qui
1738 3310 1860 3363 ergo

248 3386 413 3439 doces
441 3385 622 3450 alium,
653 3386 867 3455 tcipsunt
896 3392 995 3438 non
1028 3385 1219 3439 dares?
1251 3386 1444 3438 Verum
1476 3386 1583 3440 illic
1614 3386 1853 3456 rigidins,

250 3474 347 3528 hic
378 3475 563 3527 mitius
586 3489 893 3546 sermonem
928 3484 1207 3545 temperat.
1243 3475 1357 3529 Non
1390 3478 1532 3530 enim
1559 3478 1689 3531 dicit
1717 3496 1730 3531 :
1764 3480 1853 3531 At-

251 3567 349 3637 qui
383 3567 506 3620 ideo
534 3567 724 3635 majori
752 3582 809 3622 es
843 3569 1109 3637 supplicio
1140 3570 1353 3637 dignus,
1372 3564 1493 3638 quia
1513 3586 1631 3624 cunt
1664 3579 1737 3623 tot
1766 3571 1857 3624 tibi

250 3666 368 3718 sint
400 3665 731 3729 concredita,
768 3665 911 3717 nullo
942 3680 1127 3718 eorum
1161 3674 1211 3716 ιιι
1245 3682 1337 3732 par
1385 3674 1467 3717 est
1508 3676 1675 3719 uteris
1702 3707 1715 3729 ,
1763 3666 1857 3719 sed

254 3772 355 3825 per
391 3755 867 3825 interrogationem
899 3756 1026 3825 agit,
1058 3756 1313 3824 pudorem
1340 3757 1614 3831 incutiens
1648 3758 1724 3811 sic
1750 3796 1766 3822 ,
1805 3766 1856 3811 et

251 3846 453 3901 dicens
485 3862 502 3902 :
535 3844 635 3913 Qui
662 3863 780 3916 ergo
825 3847 974 3900 doces
1012 3847 1168 3900 alium
1197 3890 1209 3911 ,
1256 3850 1469 3915 teipsum
1517 3866 1616 3901 non
1667 3849 1811 3903 dore:
1833 3850 1859 3903 ?

255 3938 545 4008 Perpende
575 3944 753 3993 autem
785 3940 910 3993 mihi
958 3940 1117 3994 etiam
1158 3942 1371 3995 aliunde
1417 3942 1564 3995 Pauli
1620 3942 1856 4011 pruden-

258 4031 391 4084 tiam
431 4048 443 4083 :
475 4045 567 4084 eas
593 4032 735 4084 enim
765 4031 1070 4087 Judmorum
1104 4035 1484 4103 praerogativas
1514 4036 1699 4102 ponit,
1738 4052 1857 4104 qua:

257 4140 370 4178 non
396 4139 467 4179 ex
498 4139 682 4179 eorum
716 4125 926 4189 studio,
957 4124 1051 4179 sed
1081 4142 1145 4179 ex
1192 4142 1426 4195 superno
1476 4126 1618 4179 dono
1667 4136 1853 4191 erant,

254 4216 605 4286 Menditque
634 4232 737 4272 non
768 4216 929 4272 modo
956 4218 1256 4286 superﬂuas
1302 4233 1421 4272 esse
1443 4259 1455 4281 ,
1509 4219 1639 4289 ipsis
1686 4220 1853 4288 negli-

256 4308 517 4377 gentibus
537 4349 552 4375 ,
585 4308 678 4362 sed
707 4309 868 4363 etiam
894 4310 1141 4379 sopplicii
1172 4308 1592 4363 additamentum
1638 4310 1853 4365 afferre.

255 4401 376 4457 Non
409 4401 555 4457 enim
589 4401 784 4454 bonum
814 4416 945 4470 Opus
972 4402 1157 4455 eorum
1191 4412 1306 4466 est,
1354 4402 1495 4470 quod
1544 4401 1712 4455 .Itnhei
1765 4420 1848 4457 vo-

256 4505 454 4547 ccntnr
480 4531 495 4557 ,
531 4507 703 4561 neque
749 4491 890 4561 quod
935 4492 1101 4561 legem
1143 4493 1481 4561 acceperint,
1533 4472 1855 4561 nequealia

256 4600 378 4653 qua:
408 4598 630 4637 numera
644 4582 731 4647 rit,
760 4583 853 4637 sed
883 4598 949 4637 ex
975 4598 1203 4652 superna
1231 4585 1399 4653 gratia
1422 4593 1594 4638 erant.
1617 4584 1691 4638 Ac
1714 4585 1859 4653 prin-

256 4678 401 4747 cipio
430 4674 646 4745 quidem
675 4674 835 4741 dixit,
867 4673 998 4728 nihil
1022 4674 1214 4744 juvare
1244 4673 1287 4727 si
1322 4674 1403 4729 lex
1439 4674 1713 4738 audiatur,
1756 4675 1855 4728 nisi

258 4784 394 4837 opus
423 4766 652 4821 addatur
683 4784 695 4819 :
731 4765 852 4819 Non
874 4771 1005 4819 enim
1037 4767 1293 4819 auditores
1322 4766 1467 4837 legis,
1498 4768 1700 4837 inquit,
1724 4768 1856 4837 justi

261 4871 373 4910 :ttttt
397 4860 538 4929 apud
567 4858 727 4911 Deum
758 4875 776 4914 :
811 4874 950 4911 nunc
980 4869 1157 4911 autem
1187 4858 1357 4913 multo
1386 4860 1561 4929 magis
1576 4859 1811 4913 ostendit
1837 4902 1853 4925 ,

261 4966 365 5004 non
400 4951 563 5005 modo
593 4951 956 5014 auditionem,
1002 4951 1093 5005 sed
1147 4952 1309 5006 etiam
1360 4953 1498 5022 quod
1548 4954 1634 5006 illa
1681 4954 1855 5023 majus

260 5055 376 5105 est,
409 5042 732 5108 doctrinam,
780 5061 883 5099 non
929 5059 1089 5116 posse
1135 5045 1348 5099 docenti
1404 5045 1759 5115 palt‘ucittari,
1810 5048 1853 5101 si

262 5152 365 5196 non
400 5136 563 5191 faciat
593 5138 679 5190 illa
709 5153 828 5207 qua:
858 5140 1051 5201 docet;
1083 5154 1179 5193 nec
1210 5138 1368 5194 modo
1400 5156 1505 5193 non
1555 5140 1857 5209 patrocina-

263 5226 439 5293 bitur,
470 5229 565 5282 sed
597 5228 754 5283 etiam
786 5228 1042 5298 majorem
1076 5230 1310 5285 attrahet
1352 5232 1628 5286 ultionem.
1682 5233 1848 5287 ltecte

259 5328 441 5373 autem
476 5321 581 5376 illis
628 5320 953 5375 dictiOnibus
1000 5339 1127 5377 usus
1171 5334 1253 5377 est
1285 5340 1297 5373 :
1334 5340 1437 5376 non
1486 5326 1627 5378 enim
1676 5325 1847 5389 dixit,

262 5411 529 5478 Accepisti
565 5414 754 5483 legem,
787 5414 902 5477 sed,
940 5414 1225 5484 Requiescis
1254 5415 1304 5467 in
1336 5415 1463 5485 lege.
1496 5415 1681 5483 Neque
1704 5417 1849 5469 enim

262 5498 527 5557 laboravit
554 5504 767 5559 Judaeus
798 5507 1181 5561 circumeundo
1206 5551 1219 5571 ,
1258 5520 1313 5561 ut
1343 5519 1606 5578 quamcret
1632 5526 1692 5561 ea
1733 5526 1851 5577 qua:

259 5593 463 5659 agenda
488 5607 671 5660 erant;
702 5597 795 5650 sed
827 5597 981 5651 facile
1010 5597 1194 5650 habuit
1224 5599 1425 5667 legem,
1460 5617 1576 5668 qua:
1607 5616 1741 5654 riam
1766 5618 1851 5655 os-

266 5684 502 5741 tenderet
535 5689 599 5742 ad
651 5688 919 5744 virtutem.
972 5690 1194 5744 Etiamsi
1237 5691 1377 5745 enim
1419 5704 1605 5760 gentes
1646 5704 1851 5748 natura:

266 5775 599 5834 ratiocinium
634 5780 896 5848 habeant,
929 5783 1069 5836 unde
1099 5782 1217 5836 illos
1245 5794 1517 5851 superant,
1553 5795 1737 5853 utpote
1759 5788 1846 5854 qui

267 5866 381 5920 sine
412 5874 681 5930 auditione
708 5876 885 5930 omnia
916 5876 1110 5933 faciant
1140 5895 1151 5939 ;
1186 5887 1414 5932 attamen
1453 5878 1557 5932 illic
1586 5878 1753 5948 major
1784 5884 1847 5932 ta.

1366 427 1427 481 IN
1472 424 1685 481 El’lST.
1728 425 1820 479 AD
1859 424 2023 480 ROM.
2069 426 2296 481 llOSllL.
2344 425 2429 481 ‘ii.

3456 429 3558 483 ιδι

1959 538 2134 595 cilitas
2164 553 2299 595 crat.
2337 540 2489 609 Quod
2527 540 2571 594 si
2610 542 2758 596 dicas
2782 584 2795 605 ,
2829 541 2946 596 Non
3002 541 3178 598 solum
3220 544 3381 597 audio
3406 587 3420 609 ,
3463 548 3559 599 sed

1961 630 2120 683 etiam
2147 632 2316 688 doceo
2344 648 2358 697 ;
2389 631 2517 688 illud
2565 649 2781 703 quoque
2827 633 3254 690 additamentum
3305 639 3557 708 supplicii

1960 730 2062 774 est.
2098 722 2229 786 Quia
2258 739 2387 792 ergo
2421 724 2519 777 bac
2550 724 2599 777 in
2628 739 2686 779 re
2715 724 2881 778 altum
2907 724 3188 794 sapiebant
3212 769 3225 790 ,
3278 727 3403 781 hinc
3445 742 3560 782 ma~

1964 810 2105 865 xime
2139 812 2260 867 illos
2288 813 2546 867 ridiculos
2572 814 2832 869 ostendit.
2865 813 3000 869 Cum
3029 831 3159 871 vero
3188 816 3335 880 dicit,
3365 817 3561 873 Ducem

1960 921 2206 958 cartorum
2229 948 2242 971 ,
2279 908 2586 959 eruditarem
2616 907 3001 975 insipientium,
3044 910 3345 979 magistrum
3389 911 3562 979 infan-

1961 997 2127 1059 tium,
2180 997 2389 1051 illorum
2445 998 2638 1051 fastum
2691 998 2991 1067 exprimit:
3027 1014 3353 1068 magnopere
3412 1000 3558 1053 enim

1965 1087 2250 1158 proselytis
2278 1088 2658 1152 abutebantur,
2683 1088 2857 1143 ethoc
2882 1089 3002 1142 illos
3030 1089 3246 1143 nomine
3272 1089 3557 1143 vocabant.

2033 1179 2086 1232 2.
2123 1179 2243 1233 ideo
2272 1180 2469 1234 Paulus
2495 1182 2639 1235 varie
2668 1180 2786 1234 illas
2811 1194 2931 1249 quae
2958 1180 3277 1234 videbantur
3300 1194 3421 1235 esse
3447 1179 3563 1233 lau-

1964 1271 2060 1327 des
2086 1288 2272 1326 corum
2300 1274 2498 1336 refert,
2532 1274 2712 1328 sciens
2764 1273 2883 1327 illas
2929 1274 3149 1343 majoris
3202 1274 3562 1329 accusationis

1961 1378 2084 1418 esse
2110 1379 2345 1418 causam.
2384 1364 2430 1418 Η
2439 1366 2665 1420 abantem
2699 1368 2918 1436 formam
2944 1367 3168 1421 scientia:
3195 1376 3240 1420 et
3266 1368 3489 1421 veritatis
3506 1367 3562 1420 in

1964 1454 2091 1523 lege.
2126 1457 2201 1509 Ac
2230 1457 2272 1509 si
2299 1458 2417 1525 quis
2451 1458 2654 1526 regiam
2698 1456 2986 1527 imaginem
3040 1457 3277 1525 habens,
3327 1458 3457 1513 nihil
3508 1460 3561 1515 in

1962 1545 2052 1598 illa
2084 1545 2356 1617 depingit;
2389 1548 2420 1601 ii
2454 1564 2582 1603 vero
2611 1549 2804 1619 quibus
2834 1551 2918 1602 illa
2952 1551 3259 1605 concredita
3294 1568 3399 1605 non
3440 1532 3521 1606 est
3545 1594 3560 1617 ,

1961 1637 2078 1690 sine
2107 1650 2392 1708 pretotypo
2441 1648 2689 1693 accurate
2731 1640 2873 1693 illam
2922 1640 3221 1695 imitantur.
3270 1642 3560 1712 Postquam

1960 1731 2225 1783 enarravit
2261 1732 2641 1800 prmrogativas
2668 1772 2683 1795 ,
2718 1747 2851 1800 quas
2879 1748 2906 1784 a
2941 1731 3054 1786 Deo
3084 1733 3391 1795 habebant,
3444 1734 3563 1787 illo-

1961 1834 2078 1872 rmn
2116 1819 2240 1872 vitia
2274 1829 2519 1876 rect'nset
2544 1861 2558 1883 ,
2588 1822 2776 1875 eadem
2811 1822 2923 1890 ipsa
2957 1823 3008 1875 in
3042 1824 3275 1877 medium
3305 1823 3559 1890 alferens,

1961 1911 2027 1965 de
2049 1912 2242 1981 Quibus
2261 1913 2535 1981 propheta:
2556 1914 2881 1968 accusabant
2904 1932 2917 1969 :
2946 1915 3046 1981 Qui
3070 1932 3189 1986 ergo
3208 1917 3357 1969 doces
3376 1918 3558 1981 alium,

1963 2002 2177 2070 teipsum
2206 2021 2304 2056 non
2337 2004 2526 2069 doces;
2551 2008 2636 2073 qui
2665 2006 2915 2073 prwtlicas
2942 2023 3042 2059 non
3068 2006 3383 2077 furandum,
3416 2012 3561 2077 [ura-

1962 2094 2031 2145 ris
2048 2092 2184 2159 ;‘2:2.
2236 2094 2321 2163 qui
2369 2093 2496 2147 dicis
2538 2111 2639 2147 non
2688 2095 3080 2159 max/tandum,
3130 2097 3438 2158 "auebat-is;
3477 2100 3563 2167 qui

1960 2182 2270 2236 abominaris
2290 2183 2450 2246 idola,
2476 2186 2799 2254 sacrilegium
2824 2185 2952 2253 facis
2970 2187 2994 2236 ?
3019 2185 3230 2240 Etenim
3255 2188 3408 2241 valde.
3438 2205 3561 2256 pro-

1962 2274 2188 2329 hibitum
2218 2285 2365 2339 erat,
2398 2292 2466 2331 ne
2510 2277 2630 2346 quis
2674 2292 2759 2330 res
2805 2276 3067 2331 idolorum
3109 2279 3442 2347 contingent
3494 2283 3563 2334 ob

1959 2369 2502 2423 exsecrationem:et
2544 2377 2737 2422 amatae
2784 2371 3024 2438 pecunia:
3056 2372 3316 2441 tyrannis,
3368 2373 3557 2440 iuqttit,

1962 2460 2319 2531 huncquoque
2340 2461 2657 2516 conculcare
2684 2462 2852 2530 legent
2878 2462 3027 2516 vobis
3051 2465 3336 2531 persuasit.
3361 2466 3563 2519 Deinde

1961 2553 2105 2621 quod
2134 2553 2350 2621 gravius
2372 2560 2491 2607 erat
2513 2596 2525 2618 ,
2561 2553 2777 2607 demum
2812 2553 3023 2617 intulit,
3052 2556 3237 2608 dicens
3273 2573 3286 2607 :
3316 2556 3407 2609 25.
3461 2556 3565 2619 Qui

1960 2646 2013 2696 in
2042 2644 2149 2714 lege
2173 2645 2430 2715 gloriaris,
2462 2661 2550 2710 per
2579 2645 3048 2714 pra'varicatiouem
3078 2647 3201 2717 legis
3227 2646 3392 2700 Deum
3422 2649 3563 2702 iulio-

1963 2738 2160 2790 noras?
2200 2737 2315 2791 Duo
2347 2739 2570 2791 erimina
2601 2738 2817 2807 posuit,
2853 2738 2962 2793 itno
3002 2741 3178 2809 potius
3231 2741 3362 2806 tria,
3415 2742 3559 2811 quod

1960 2826 2350 2893 dehonestent,
2406 2829 2548 2898 quod
2598 2844 2693 2898 per
2738 2844 2840 2893 ea,
2891 2832 3046 2898 queis
3095 2830 3341 2885 honorati
3394 2842 3560 2897 sunt,

1958 2919 2102 2992 quod
2131 2937 2190 2976 se
2238 2922 2593 2975 ltonurantem
2639 2921 2966 2977 inbOnm'ent
2996 2939 3008 2974 :
3042 2923 3185 2992 quod
3234 2932 3349 2977 crat
3397 2924 3562 2976 animi

1958 3025 2169 3066 summe
2199 3012 2406 3079 ingrati.
2448 3011 2651 3085 Deinde
2684 3028 2750 3065 ne
2782 3013 3055 3067 videretur
3082 3032 3145 3068 ex
3178 3029 3237 3070 se
3268 3030 3524 3070 accusare
3544 3058 3560 3083 ,

1960 3105 2274 3172 prophetam
2305 3112 2674 3159 accusatorem
2697 3106 2930 3170 inducit;
2962 3122 3103 3160 nunc
3127 3109 3340 3176 quidem
3380 3111 3563 3177 paucis

1960 3205 2012 3249 et
2035 3197 2364 3261 sunuuatim,
2396 3196 2590 3251 deinde
2621 3214 2748 3252 vero
2780 3187 2873 3267 per
2904 3212 3084 3268 partes
3117 3217 3128 3251 :
3161 3216 3302 3254 nunc
3330 3200 3517 3255 lsaiam
3547 3243 3560 3267 ,

1959 3299 2145 3357 postea
2174 3290 2451 3363 Davidem,
2476 3290 2689 3360 quando
2714 3293 2898 3359 plures
2927 3292 3111 3345 retulit
3139 3294 3559 3347 confutationcs.

1959 3377 2116 3443 Quod
2140 3382 2282 3437 enim
2315 3400 2419 3435 non
2444 3400 2542 3452 ego
2566 3385 2719 3437 vobis
2741 3386 3077 3453 exprobrans
3110 3386 3226 3439 luce
3250 3388 3517 3455 proferam
3545 3429 3560 3448 ,

1958 3471 2165 3542 inquit,
2210 3476 2331 3529 audi
2386 3476 2512 3545 quid
2558 3476 2697 3529 dicat
2730 3477 2891 3530 Isaias
2922 3496 2935 3533 :
2965 3478 3054 3531 2i.
3091 3478 3291 3531 Nomen
3322 3478 3416 3531 Dei
3444 3496 3565 3547 pro-

1961 3577 2070 3637 pter
2095 3584 2181 3622 vos
2219 3568 2603 3637 blasphematur
2629 3571 2681 3623 in
2709 3571 2941 3641 gentibus
2968 3570 2987 3642 (
3015 3572 3137 3627 lsai.
3169 3571 3256 3626 5?...
3288 3573 3320 3625 5
3425 3572 3563 3628 Ecce

1960 3662 2120 3713 aliam
2149 3661 2418 3729 duplicem
2448 3664 2873 3717 accusationem.
2902 3661 3015 3716 Non
3050 3665 3224 3730 solum
3248 3665 3392 3719 enim
3438 3666 3560 3733 ipsi,

1962 3752 2163 3821 inquit,
2197 3755 2525 3808 contumelia
2555 3754 2826 3819 afficiunt,
2857 3757 2951 3810 sed
2979 3769 3032 3810 et
3058 3757 3191 3812 alios
3220 3758 3285 3810 ad
3313 3757 3361 3811 id
3389 3773 3558 3826 appa-

1962 3856 2098 3899 rant.
2130 3846 2260 3913 Quae
2294 3848 2451 3916 igitur
2480 3848 2739 3903 doctrina:
2765 3850 2998 3914 utilitas,
3035 3850 3250 3919 quando
3279 3867 3380 3904 vos
3416 3852 3560 3918 ipSos

1960 3954 2066 3992 non
2098 3939 2342 3994 docetis?
2384 3939 2583 3994 Verum
2611 3940 2714 3994 hoc
2744 3950 2946 3994 tantum
2974 3942 3222 4009 superius
3262 3942 3431 4005 dixit,
3478 3941 3563 3995 hie

1958 4048 2088 4086 vero
2117 4034 2166 4085 in
2196 4033 2524 4086 contrarium
2560 4034 2738 4087 vertit.
2772 4033 2886 4087 Non
2915 4034 3087 4089 solum
3130 4034 3272 4085 enim
3320 4050 3423 4085 non
3468 4050 3564 4088 vos

1960 4125 2134 4193 ipsos,
2170 4125 2261 4178 sed
2296 4140 2393 4178 nec
2439 4125 2577 4179 alios
2623 4124 2829 4179 docetis
2869 4141 2930 4178 ea
2979 4142 3096 4195 qum
3134 4126 3338 4194 agenda
3390 4134 3512 4179 Sunt
3545 4146 3558 4180 :

1959 4227 2011 4271 et
2039 4217 2180 4287 qttod
2210 4218 2366 4287 longe
2391 4218 2603 4287 gravius
2634 4226 2713 4271 est
2739 4259 2751 4280 ,
2792 4232 2897 4270 non
2932 4218 3102 4271 solum
3134 4233 3195 4272 ea
3215 4259 3228 4281 ,
3264 4234 3382 4285 qua:
3427 4216 3560 4287 legis

1959 4322 2106 4377 sunt,
2134 4327 2238 4363 non
2261 4310 2501 4374 docetis;
2528 4310 2620 4363 scd
2644 4310 2909 4363 contraria
2936 4308 3162 4373 docetis,
3190 4310 3563 4379 blasphemare

1960 4399 2035 4455 De
2058 4419 2123 4454 nn
2148 4442 2162 4465 ,
2194 4401 2336 4469 quod
2369 4402 2469 4469 legi
2498 4401 2827 4455 contrarium
2860 4410 2959 4455 est.

2045 4491 2170 4546 Vera
2199 4494 2533 4559 circumcisio,
2569 4508 2702 4562 quae.
2728 4522 2800 4533 —-
2826 4496 2893 4547 At
2919 4493 3281 4559 circumcisio,
3318 4495 3553 4563 inquies,

1962 4599 2151 4653 magna
2185 4599 2270 4638 res
2299 4594 2401 4637 est.
2452 4583 2506 4638 ld
2553 4583 2757 4649 fateor;
2810 4584 2903 4639 scd
2954 4595 3112 4650 tunc,
3156 4600 3276 4639 cum
3327 4587 3561 4639 circum-

1960 4676 2094 4731 cisio
2126 4676 2270 4730 intus
2297 4674 2548 4730 habetur.
2584 4674 2650 4728 Et
2681 4675 2801 4730 vide
2835 4674 3210 4745 prudentiam,
3259 4692 3418 4745 quam
3467 4696 3565 4746 opu

1963 4780 2187 4837 portune
2211 4769 2327 4837 ejus
2361 4768 2691 4823 mentionem
2734 4769 2993 4821 intttlerit.
3037 4768 3151 4821 Non
3192 4770 3333 4822 enim
3377 4770 3555 4822 statim

1960 4862 2026 4917 ab
2058 4862 2141 4915 illa
2166 4878 2323 4916 orsus
2342 4872 2465 4927 est,
2494 4863 2747 4930 quoniam
2776 4877 2966 4931 magna
2991 4871 3107 4917 erat
3133 4862 3201 4916 de
3225 4862 3313 4915 illa
3338 4863 3555 4932 opinio;

1960 4956 2051 5010 sed
2085 4965 2367 5025 postquam
2393 4957 2632 5010 ostendit
2666 4956 2785 5009 illos
2815 4970 2842 5007 a
2892 4954 3083 5023 majori
3133 4954 3459 5019 odi-udisse,
3505 4966 3559 5009 et

1960 5048 2308 5117 blaSphemiac
2340 5049 2390 5102 iu
2418 5050 2583 5102 Deum
2606 5062 2823 5100 causam
2847 5063 2967 5101 esse
2992 5063 3005 5098 :
3035 5057 3160 5101 tunc
3196 5047 3412 5100 demum
3456 5064 3555 5101 au-

1958 5140 2184 5195 ditorem
2217 5141 2417 5195 habens
2442 5140 2551 5209 jam
2586 5140 2703 5192 illos
2732 5138 3077 5192 damnantem
3100 5181 3114 5206 ,
3143 5148 3196 5193 et
3225 5139 3328 5192 illis
3372 5153 3401 5193 a
3450 5140 3559 5207 pri-

1960 5242 2103 5286 matu
2128 5233 2357 5287 exclusis
2380 5274 2394 5298 ,
2427 5233 2493 5286 de
2524 5232 2935 5286 circumcisione
2961 5232 3100 5300 agit,
3136 5230 3417 5285 confidens
3462 5246 3560 5284 ne.

1959 5328 2158 5380 minem
2189 5325 2300 5378 fore
2326 5325 2414 5391 qui
2446 5324 2519 5377 illi
2549 5322 2901 5392 suﬂ‘ragetur;
2936 5332 2989 5375 et
3033 5325 3109 5375 ait
3139 5338 3152 5374 :
3182 5322 3272 5377 25.
3326 5323 3561 5375 Circum-

1958 5420 2082 5473 cisio
2112 5419 2311 5486 quidem
2339 5418 2579 5488 prodest,
2618 5418 2661 5469 si
2692 5415 2847 5486 legem
2877 5417 3121 5469 observes.
3161 5415 3317 5484 Atqui
3351 5425 3561 5483 poterat

1958 5512 2113 5565 aliter
2142 5512 2286 5564 illam
2320 5507 2552 5578 ejicere,
2586 5510 2876 5579 dicereque
2910 5527 2921 5561 :
2953 5508 3089 5574 Quid
3124 5507 3267 5561 enim
3317 5518 3398 5559 est
3445 5509 3556 5561 cir-

1956 5603 2255 5657 cumcisio?
2289 5618 2414 5656 num
2447 5618 2581 5669 Opus
2612 5601 2809 5654 bonum
2842 5611 2921 5654 est
2951 5600 3099 5667 ejus,
3132 5600 3219 5668 qui
3268 5600 3409 5652 illam
3464 5598 3559 5653 ha-

1959 5693 2170 5748 lmerit?
2202 5710 2324 5746 num
2355 5691 2477 5745 boni
2510 5690 2771 5759 prepositi
2822 5690 3244 5758 argumentum?
3292 5690 3451 5756 Atqui
3504 5691 3557 5743 in

1956 5796 2114 5841 :rtate
2144 5786 2200 5839 lit
2233 5786 2516 5839 immatura
2554 5800 2565 5837 :
2600 5793 2655 5837 et
2681 5782 2769 5853 qui
2806 5782 2856 5835 in
2890 5782 3107 5838 deserto
3151 5792 3297 5836 erant
3322 5824 3335 5846 ,
3385 5782 3559 5835 nutlto

1958 5892 2196 5949 tempore
2228 5888 2539 5932 nrmscrunt
2568 5875 2929 5931 incircumcisi
2965 5895 2976 5928 :
3005 5888 3159 5947 atque
3182 5876 3397 5931 aliunde
3420 5875 3556 5929 mul~
