4080 6474
597 368 703 423 ιδδ

596 486 769 552 tisque
793 493 853 534 ex
882 475 1014 531 locis
1042 471 1223 528 videre
1252 481 1335 528 est
1358 514 1373 539 ,
1402 471 1543 526 illam
1572 483 1675 522 non
1705 465 1869 522 fuisse
1897 464 2049 520 valde
2078 478 2163 518 ne-

594 571 897 627 cessariam.
931 568 1175 620 Attamen
1206 578 1309 617 non
1336 562 1452 616 ideo
1479 560 1621 613 illam
1648 558 1850 627 rejicit,
1880 555 1973 612 sed
2024 553 2163 609 unde

596 662 823 718 maxime
853 658 1165 727 oportebat,
1199 656 1264 709 ab
1291 650 1612 707 Abrahamo.
1644 649 1771 705 Nam
1822 648 1945 703 ltinc
1992 648 2160 702 victo-

593 755 665 806 ria
694 751 956 806 celebrior
978 758 1092 812 est,
1120 748 1166 802 si
1195 746 1311 799 inde
1336 742 1674 811 despicabilis
1702 740 1971 805 videatur,
2022 738 2161 794 unde

593 844 721 910 ipsis
772 841 1085 895 venerabilis
1125 848 1254 891 erat.
1300 834 1632 905 Quamquam
1678 833 1855 887 dicere
1916 839 2155 901 poterat,

593 932 877 1001 prophetas
904 931 1113 985 Judmos
1145 942 1332 981 vocare
1358 924 1793 988 incircumcisos;
1827 938 2007 977 verum
2050 937 2156 975 non

590 1036 673 1079 est
706 1026 804 1078 hoc
833 1021 1247 1077 eireumcisionis
1273 1019 1493 1082 vitium,
1526 1018 1619 1072 sed
1668 1031 1885 1081 eorum,
1934 1017 2022 1085 qui
2068 1014 2155 1069 illa

593 1114 731 1168 male
763 1114 1059 1167 utebantur.
1090 1111 1142 1165 Id
1173 1107 1314 1179 quod
1343 1109 1597 1179 quaeritur
1624 1117 1735 1171 est,
1769 1118 1823 1160 ut
1851 1104 2158 1159 ostendatur

591 1202 733 1255 illam
761 1201 813 1254 in
843 1201 1039 1262 Optima
1072 1200 1175 1252 vita
1209 1198 1335 1251 nihil
1366 1197 1571 1252 roboris
1590 1196 1783 1251 habere
1814 1211 1826 1248 :
1853 1195 1952 1248 hoc
1978 1204 2156 1247 autem

590 1292 682 1344 ille
704 1290 951 1359 deinceps
987 1289 1195 1359 probat.
1221 1288 1288 1342 Et
1317 1288 1404 1343 hic
1432 1287 1642 1358 quidem
1672 1284 2022 1356 patriarcham
2050 1301 2153 1338 non

588 1381 836 1443 adducit,
866 1380 958 1434 sed
1008 1380 1107 1433 alia
1158 1395 1224 1433 ex
1278 1389 1425 1447 parte
1478 1378 1623 1446 prius
1667 1376 1805 1430 illam
1861 1374 2152 1443 dejiciens,

588 1483 770 1541 postea
804 1470 951 1525 illum
981 1470 1261 1532 observat,
1292 1484 1409 1524 cum
1438 1468 1503 1522 de
1531 1466 1633 1522 ﬁde
1657 1466 1819 1521 verba
1868 1467 1992 1520 facit
2019 1507 2032 1527 ,
2080 1465 2158 1519 sic

590 1564 814 1617 dicens:
852 1560 1114 1625 Quomodo
1140 1561 1292 1629 igitur
1321 1561 1568 1629 imputata
1608 1567 1681 1612 est
1729 1558 1855 1626 ﬁdes
1900 1556 2157 1610 Abralttz?

590 1670 703 1705 cum
732 1661 855 1704 esset
880 1652 930 1704 in
954 1650 1326 1705 circumcisione
1350 1691 1364 1717 ,
1395 1666 1459 1703 an
1490 1666 1603 1703 cum
1648 1660 1775 1703 esset
1815 1650 1866 1702 in
1911 1649 2157 1718 prcputio

589 1742 775 1813 (Rom.
808 1743 858 1796 ι.
894 1742 960 1796 l0
985 1742 1048 1809 )‘l
1081 1743 1256 1796 Donec
1283 1741 1423 1795 enim
1457 1740 1570 1795 haec
1599 1739 1857 1793 adversus
1902 1740 2154 1808 gentilem

589 1845 642 1889 et
673 1834 1039 1904 pmputiatum
1068 1833 1339 1899 decertat,
1380 1831 1511 1885 nihil
1540 1831 1729 1885 borum
1777 1830 1890 1885 vult
1934 1830 2113 1884 dicere
2136 1870 2150 1894 ,

589 1942 657 1981 ne
682 1925 831 1979 valde
856 1939 1114 1980 onerosus
1142 1923 1210 1977 sit
1243 1942 1257 1975 :
1287 1938 1408 1977 cum
1457 1931 1634 1975 autem
1681 1920 2013 1974 circumcisio
2054 1920 2150 1972 ad-

587 2032 773 2073 versus
800 2017 957 2071 ﬁdem
993 2024 1219 2085 pugnat,
1254 2026 1377 2069 tunc
1403 2024 1588 2069 contra
1639 2013 1781 2067 illam
1831 2012 2146 2081 accingitur.

588 2108 798 2162 Interim
844 2107 1099 2161 adversus
1131 2105 1443 2175 praeputium
1475 2118 1646 2174 pugna
1674 2113 1756 2158 est
1784 2120 1795 2155 :
1828 2113 2151 2172 quapropter

588 2199 767 2253 mitius
793 2199 1049 2267 loquitur,
1078 2208 1133 2251 et
1170 2198 1245 2251 ait
1279 2215 1291 2247 :
1323 2196 1645 2250 Circumcisio
1686 2196 1883 2264 quidem
1912 2196 2145 2264 prodest,

585 2291 628 2342 si
652 2292 808 2360 legem
840 2290 1064 2343 observes
1087 2306 1107 2350 ;
1131 2290 1176 2342 si
1202 2298 1368 2341 autem
1398 2289 1754 2356 prtcvaricator
1782 2288 1903 2354 legis
1950 2288 2105 2356 fueris
2129 2326 2143 2351 ,

582 2380 892 2433 circumcisio
919 2389 1003 2432 tua
1037 2380 1087 2431 in
1118 2379 1416 2446 prceputium
1443 2394 1581 2431 versa
1606 2388 1693 2429 est.
1726 2377 1861 2430 Duas
1891 2376 2031 2429 enim
2062 2374 2145 2429 hic

578 2471 650 2522 ait
682 2470 1115 2524 circuzncisiones
1137 2480 1191 2524 et
1216 2470 1321 2524 duo
1350 2470 1599 2540 prmputia
1618 2509 1633 2535 ,
1663 2481 1718 2523 ut
1743 2478 1796 2525 et
1820 2475 1949 2523 duas
1981 2469 2141 2537 leges.

581 2560 675 2614 Est
702 2561 840 2615 enim
872 2560 954 2615 lex
985 2562 1270 2626 naturalis,
1304 2569 1357 2614 et
1384 2561 1467 2615 lex
1496 2560 1688 2628 scripta
1714 2577 1728 2624 ;
1758 2560 1851 2615 sed
1878 2568 1961 2615 est
1984 2560 2143 2613 etiam

579 2650 748 2706 inedia
783 2653 919 2706 inter
945 2652 1077 2705 duas
1100 2692 1113 2716 ,
1142 2652 1226 2709 lex
1256 2666 1350 2720 per
1376 2666 1556 2720 opera.
1602 2650 1668 2704 Et
1715 2650 1832 2705 vide
1879 2649 2144 2719 quomodo

580 2742 674 2795 ltas
732 2752 841 2796 tres
890 2743 1030 2811 leges
1074 2743 1317 2796 ostendat
1349 2782 1363 2803 ,
1409 2752 1459 2793 et
1510 2743 1559 2793 in
1608 2740 1835 2794 medium
1892 2740 2137 2793 adducat.

576 2834 701 2889 Cum
730 2836 859 2888 enim
880 2846 1067 2905 gentes,
1095 2850 1206 2902 qua:
1225 2835 1381 2905 legem
1403 2850 1499 2886 non
1521 2833 1720 2897 habent,
1740 2833 1923 2900 inquit.
1946 2833 2135 2900 Quam,

574 2941 754 2995 qurcso
774 2969 788 2992 ,
820 2926 1025 2996 legem?
1052 2926 1332 2995 Scriptam.
1371 2923 1688 2978 Naturaliter
1723 2942 1781 2979 ea
1806 2966 1820 2991 ,
1860 2941 1971 2995 qua
2014 2926 2138 2994 legis

574 3028 687 3071 sunt
729 3019 939 3089 faciunt.
982 3017 1181 3083 Cujus?
1211 3018 1337 3086 Ejus
1362 3059 1376 3081 ,
1405 3034 1523 3087 qua:
1549 3032 1643 3086 per
1668 3031 1850 3085 opera.
1885 3001 1951 3068 lli
1983 3018 2141 3086 legem

572 3128 671 3164 non
706 3111 957 3165 habentes.
991 3110 1198 3179 Quam?
1227 3110 1509 3179 Scriptam.
1545 3109 1655 3164 Sibi
1698 3110 1821 3180 ipsis
1867 3118 1983 3161 sunt
2032 3110 2134 3164 les.

572 3201 892 3269 Quomodo?
922 3201 1155 3257 Naturali
1187 3202 1297 3270 lege
1315 3203 1411 3254 usi.
1436 3200 1533 3266 Qui
1559 3201 1824 3254 ostendunt
1845 3216 1970 3268 opus
1990 3200 2134 3269 legis.

575 3292 770 3360 Cujus?
802 3292 926 3361 Ejus
951 3333 965 3354 ,
998 3307 1116 3364 qua:
1148 3308 1242 3359 per
1267 3306 1425 3359 opera
1454 3301 1553 3345 est.
1587 3290 1697 3346 Lex
1732 3290 1899 3344 literis
1942 3289 2135 3358 scripta

573 3384 811 3439 exterior
836 3392 919 3437 est
942 3399 958 3447 ;
987 3384 1099 3436 lucc
1126 3393 1299 3436 autem
1333 3384 1551 3437 interior
1576 3423 1589 3447 ,
1628 3398 1747 3450 quae
1776 3398 1869 3451 per
1892 3392 2135 3436 naturam

573 3483 690 3540 est;
713 3474 813 3528 alia
844 3489 969 3529 vero
998 3475 1047 3527 in
1078 3474 1284 3527 actibus
1312 3490 1324 3526 :
1358 3483 1413 3528 et
1434 3473 1577 3527 illam
1607 3474 1821 3543 quidem
1850 3475 2016 3529 litera:
2051 3474 2134 3527 di-

571 3572 745 3627 ctant,
778 3565 931 3618 aliam
965 3574 1172 3629 natura,
1204 3565 1411 3618 tertiam
1438 3571 1604 3619 actus.
1644 3564 1751 3618 llac
1780 3573 1955 3619 autem
1982 3566 2135 3621 tertia

567 3666 649 3710 est
675 3671 809 3725 opus
830 3694 846 3719 ,
873 3663 1087 3723 propter
1113 3671 1270 3724 quam
1298 3656 1413 3709 alia:
1438 3656 1555 3709 dum
1574 3697 1589 3719 ,
1622 3657 1879 3711 naturalis
1906 3666 1961 3712 et
2013 3657 2135 3711 lite-

572 3749 718 3803 ralis.
752 3748 900 3814 Quod
933 3750 974 3803 si
1014 3748 1127 3803 hate
1174 3765 1278 3804 non
1321 3749 1489 3816 adsit,
1527 3750 1737 3805 illarum
1787 3752 1963 3805 nullus
2008 3766 2137 3805 usus

571 3846 689 3902 est,
723 3838 816 3893 sed
848 3849 1223 3893 nocumenlum
1253 3840 1560 3894 maximum.
1607 3842 1671 3894 Et
1720 3841 1819 3896 hoc
1864 3844 2134 3908 ostendit,

566 3932 633 3986 de
652 3931 876 3986 naturali
894 3930 1105 4000 quidem
1132 3930 1312 3985 dicens
1345 3949 1359 3986 :
1391 3929 1453 3984 In
1472 3947 1571 3999 quo
1590 3933 1720 3985 enim
1729 3933 1935 4000 judicas
1956 3934 2132 4000 alium,

569 4022 783 4088 teipsum
804 4020 1146 4083 condemnas;
1172 4019 1238 4073 de
1260 4021 1455 4089 scripta
1483 4036 1630 4086 vero,
1654 4021 1753 4087 Qui
1767 4024 2017 4091 pmdicas
2033 4040 2132 4077 non

570 4110 841 4179 furandum
866 4150 883 4176 ,
932 4108 1139 4179 furatis.
1189 4110 1275 4165 Sic
1323 4119 1373 4164 et
1418 4112 1673 4181 pra~putia
1712 4110 1818 4166 duo
1849 4132 1860 4166 :
1896 4115 2135 4169 naturale

572 4218 734 4257 unum
762 4245 777 4268 ,
820 4202 1042 4257 alterum
1095 4217 1157 4255 ex
1213 4217 1375 4271 Opere
1408 4221 1422 4255 :
1452 4210 1505 4257 et
1546 4203 1877 4257 circumcisio
1931 4219 2033 4257 una
2081 4204 2132 4257 in

570 4308 765 4355 Carne,
795 4293 959 4345 altera
991 4306 1019 4344 a
1050 4291 1334 4345 voluntate.
1365 4292 1601 4361 Exempli
1628 4308 1784 4347 causa
1810 4336 1824 4355 ,
1856 4294 2136 4347 circumci-

566 4397 662 4440 sus
684 4386 801 4455 quis
825 4391 906 4439 est
921 4394 1107 4439 octavo
1130 4384 1216 4438 die
1240 4400 1255 4449 ;
1281 4386 1392 4439 haec
1417 4394 1497 4439 est
1520 4388 1745 4440 carnalis
1760 4387 2094 4442 circumcisio
2120 4405 2132 4441 :

565 4488 894 4546 exsequutus
925 4488 1008 4534 est
1035 4477 1156 4547 quis
1182 4476 1367 4547 legalia
1391 4479 1600 4542 omnia;
1630 4478 1743 4532 lucc
1781 4489 1861 4533 est
1884 4480 2133 4548 spiritua-

568 4573 633 4626 lis
658 4570 1013 4631 circumcisio.
1043 4585 1199 4633 quam
1227 4570 1454 4624 maxime
1481 4571 1671 4640 quaerit
1700 4570 1891 4625 Paulus
1910 4611 1925 4636 ,
1950 4572 2057 4625 imo
2084 4580 2136 4625 et

566 4663 677 4731 ipsa
709 4663 810 4715 lex.

637 4752 690 4807 3.
724 4750 853 4805 Vide
880 4750 1065 4820 igitur,
1093 4760 1153 4807 ut
1181 4753 1341 4807 verbo
1372 4752 1513 4807 illam
1552 4751 1871 4819 concedens,
1905 4768 1962 4808 re
1991 4753 2134 4809 illam

573 4842 864 4897 sustulerit.
896 4840 1011 4897 Non
1032 4842 1173 4897 enim
1190 4843 1341 4907 dixit,
1364 4842 1635 4913 Superllua
1664 4853 1745 4900 est
1773 4843 2129 4909 circumcisio,

573 4932 793 4998 inutilis,
819 4932 1170 4998 infructuosa;
1199 4933 1290 4988 sed
1328 4932 1453 5003 quid
1474 4934 1497 4987 ἲ
1518 4934 1841 4991 Circumcisio
1880 4936 2012 4989 enim
2034 4936 2133 4988 uti-

569 5024 631 5077 lis
656 5032 748 5088 est,
770 5025 813 5077 si
838 5024 996 5093 legem
1017 5039 1197 5077 sentes.
1228 5024 1458 5078 Admisit
1502 5026 1713 5081 interim
1752 5027 1896 5081 illam
1920 5027 2127 5093 dicens,

572 5115 849 5179 conﬁteor,
880 5124 936 5169 et
974 5130 1079 5169 non
1119 5115 1425 5170 contradico
1466 5116 1659 5170 bonam
1699 5132 1818 5172 esse
1854 5118 2131 5172 circumci-

566 5207 803 5271 sionem;
833 5206 926 5262 sed
972 5206 1221 5276 quando?
1268 5207 1400 5261 Cum
1431 5208 1559 5279 legis
1586 5209 2008 5265 observationem
2033 5209 2128 5263 Ita-

567 5296 672 5349 bet.
706 5297 765 5351 Si
780 5313 895 5351 sero
935 5298 1289 5367 pravaricator
1316 5299 1439 5367 legis
1468 5300 1643 5368 fueris,
1690 5302 2000 5354 circumcisio
2045 5311 2131 5353 tua

562 5390 863 5459 prcputium
885 5394 1019 5461 facta
1046 5401 1139 5446 est.
1173 5388 1285 5445 Non
1309 5391 1462 5455 dixit,
1488 5390 1599 5445 Non
1643 5394 1775 5446 ultra
1802 5393 2035 5462 prodest,
2062 5408 2129 5448 ne

572 5478 815 5533 videatur
860 5479 1003 5532 illam
1044 5482 1359 5535 contumelia
1403 5480 1647 5546 afﬁcere;
1690 5482 1891 5536 sedubi
1929 5483 2013 5538 illa
2036 5482 2128 5538 lu-

566 5570 737 5622 ducum
769 5570 1093 5637 denudavit,
1125 5583 1249 5628 tunc
1292 5574 1505 5629 demum
1538 5576 1676 5629 illam
1712 5578 1915 5645 impetit
1946 5596 1957 5628 :
1983 5576 2125 5648 quod

564 5674 669 5713 non
694 5660 798 5728 jam
824 5671 905 5716 est
926 5663 1343 5719 eireumcisionis
1369 5667 1711 5733 contumelia,
1745 5666 1836 5721 sed
1868 5668 2001 5737 ejus,
2034 5668 2122 5738 qui

559 5749 627 5804 ob
657 5750 912 5820 ignaviam
950 5754 1090 5811 illam
1130 5755 1326 5816 amisit.
1372 5756 1521 5813 Sicut
1569 5757 1727 5829 igitur
1770 5758 1910 5813 viros
1966 5760 2015 5813 in
2042 5759 2116 5812 di-

1335 358 1389 414 δ.
1430 351 1702 412 ιοΑΝΝιε
1740 345 2204 407 CllllYSOSTUMl
2246 348 2562 406 ARClllEP.
2602 353 3131 421 CONSTANTINOP.

3748 364 3864 416 ὀδό

2264 462 2553 528 gnitatibus
2588 467 2907 522 constitutos
2933 510 2945 533 ,
2978 468 3171 523 deinde
3225 469 3275 522 in
3306 472 3511 540 magnis
3547 474 3864 529 sceleribus

2264 553 2647 624 deprehensos.
2678 558 2889 625 judices
2934 562 3079 629 prius
3113 562 3293 615 ablato
3318 562 3637 632 dignitatum
3673 565 3859 619 bono-

2264 660 2346 709 re,
2382 656 2505 701 tunc
2530 650 2793 717 supplicio
2817 650 3030 706 tradunt
3062 672 3073 705 ε
3108 653 3184 706 sic.
3206 661 3259 706 et
3281 652 3474 707 Paulus
3521 654 3669 709 fecit.
3708 656 3855 710 Cum

2263 739 2402 791 enim
2432 736 2683 803 dixisset,
2711 739 2772 792 Si
2795 749 2959 793 autem
2991 746 3352 809 pra-varicator
3382 745 3505 813 legis
3530 747 3711 814 fueris,
3741 749 3846 801 ad-

2261 829 2413 893 didit,
2468 828 2797 885 Circumcisio
2845 844 2932 885 tua
2980 837 3289 903 prwputium
3317 841 3452 905 facta
3478 850 3591 903 est;
3621 850 3676 895 et
3722 857 3854 896 cum

2263 920 2689 974 incircumcisum
2715 924 3059 987 ostendisset,
3090 927 3237 979 illum
3269 928 3384 981 sine
3414 942 3557 982 metu
3590 931 3843 987 damnat.

2261 1008 2348 1063 26.
2380 1010 2504 1065 Cum
2531 1014 2682 1082 igitur
2714 1015 3017 1083 pra-pullum
3058 1018 3452 1085 justi/icationes
3484 1019 3609 1089 legis
3637 1035 3806 1075 servat
3834 1066 3850 1087 ,

2261 1117 2427 1155 nonne
2473 1120 2578 1171 pra'
2590 1106 2783 1172 pullum
2808 1106 2915 1175 ejus
2939 1108 2989 1159 in
3015 1108 3443 1161 circumcisionem
3484 1122 3804 1165 convertetur
3826 1115 3853 1165 ἓ

2265 1189 2394 1245 \‘ide
2420 1193 2543 1260 quid
2575 1194 2883 1249 faciat:non
2901 1195 3049 1261 dicit,
3081 1198 3223 1266 quod
3256 1202 3568 1269 przeputium
3602 1203 3848 1256 cireum-

2258 1283 2514 1338 cisionem
2545 1285 2752 1347 vincat;
2784 1285 2886 1339 huc
2910 1288 3052 1340 enim
3078 1287 3230 1341 valde
3259 1289 3544 1343 molestum
3576 1293 3846 1344 auditori-

2260 1376 2356 1427 bus
2380 1383 2554 1437 esset;
2602 1374 2693 1428 sed
2726 1374 2865 1444 quod
2897 1378 3212 1446 prteputium
3257 1380 3599 1436 circumcisio
3638 1382 3846 1436 factum

2257 1468 2343 1520 sit.
2365 1468 2440 1520 Ac
2463 1467 2656 1521 deinde
2682 1468 2888 1537 quaerit,
2910 1470 3033 1539 quid
3067 1471 3137 1524 sit
3165 1471 3524 1537 circumcisio,
3545 1473 3671 1541 quid
3701 1490 3844 1542 prm-

2259 1560 2462 1625 putinm
2488 1574 2502 1620 ;
2530 1567 2581 1611 et
2618 1558 2748 1613 dicit
2772 1558 3237 1615 citcnmeisionem
3266 1576 3387 1617 esse
3433 1578 3566 1631 opus
3600 1564 3800 1618 bonum
3824 1608 3842 1629 ,

2259 1659 2312 1702 et
2348 1666 2491 1719 pt'tt‘p
2516 1653 2660 1702 .tintn
2699 1668 2809 1705 rem
2841 1654 3067 1707 malam:
3100 1664 3298 1709 etcum
3332 1657 3477 1725 prius
3510 1660 3559 1712 in
3601 1660 3839 1715 circum-

2255 1743 2508 1797 cisionem
2548 1752 2804 1798 mutasset
2842 1748 3213 1815 prmputiatum
3259 1749 3414 1803 bonis
3456 1752 3712 1819 operibus
3749 1755 3839 1805 in-

2254 1842 2533 1899 structum,
2559 1842 2612 1887 et
2633 1834 3005 1890 circumcisum
3038 1849 3289 1908 corrupte
3312 1843 3575 1897 viventem
3608 1845 3659 1896 in
3687 1860 3834 1913 pra:-

2260 1925 2461 1991 putium
2510 1926 2849 1995 impulisset:
2880 1928 2958 1981 sic
3016 1928 3291 1984 victoriam
3353 1932 3439 1985 dat
3492 1936 3834 2003 prmputiato.

2252 2014 2360 2069 Nec
2405 2014 2532 2070 dicit
2582 2026 2754 2071 tamen
2787 2058 2803 2079 ,
2834 2018 3192 2087 Prteputiato;
3250 2022 3344 2075 sed
3393 2023 3457 2077 ad
3501 2026 3666 2091 ipsum
3718 2043 3833 2079 rem

2256 2108 2465 2165 transit,
2502 2107 2579 2160 sic
2626 2109 2848 2161 dicens:
2883 2106 3069 2162 Nonne
3117 2113 3425 2181 prtrputiunt
3476 2123 3624 2165 tuum
3652 2118 3703 2167 in
3726 2119 3832 2168 cir—

2251 2198 2600 2250 cumcisionem
2650 2201 3009 2252 convertetur?
3079 2199 3194 2253 Non
3239 2202 3387 2265 dicit,
3455 2202 3828 2273 ltnputabitur,

2252 2290 2365 2351 sed,
2414 2288 2757 2354 Convertetur,
2800 2290 2939 2359 quod
2993 2307 3254 2347 matrem
3303 2294 3599 2362 emphasim
3635 2298 3827 2352 liabet:

2249 2380 2382 2435 sicut
2414 2394 2513 2435 nec
2543 2382 2789 2449 superius
2820 2382 2973 2448 d'xit,
3005 2384 3356 2438 Circumcisio
3390 2395 3474 2442 tua
3503 2391 3825 2457 praeputium

2250 2480 2549 2538 reputatur,
2574 2472 2665 2524 sed
2700 2469 2861 2525 Facta
2890 2485 2979 2527 est.
3009 2474 3101 2526 27.
3136 2473 3202 2527 Et
3219 2476 3472 2545 judicalu't
3497 2479 3635 2543 quod
3657 2489 3732 2532 est
3753 2497 3816 2533 ea:

2247 2569 2426 2612 natura
2454 2561 2775 2629 praputium.
2812 2563 2990 2617 Viden‘
3033 2565 3178 2618 illum
3214 2566 3320 2619 duo
3356 2583 3513 2622 nosse
3539 2571 3820 2639 prmputia,

2246 2649 2390 2704 aliud
2418 2666 2483 2705 ex
2516 2660 2699 2705 natura
2721 2695 2734 2718 ,
2764 2654 2903 2707 aliud
2937 2670 3001 2708 ex
3042 2655 3349 2711 voluntate?
3378 2658 3473 2711 llic
3501 2674 3627 2712 vero
3666 2659 3817 2722 illud,

2245 2743 2383 2810 quod
2414 2759 2474 2795 ex
2523 2753 2708 2797 natura
2745 2754 2845 2809 est,
2876 2745 3023 2810 dicit,
3074 2763 3247 2817 neque
3281 2749 3364 2801 hic
3408 2750 3631 2818 gradum
3652 2750 3813 2815 sistit,

2242 2833 2335 2887 sed
2361 2835 2507 2887 addit
2541 2857 2551 2889 :
2584 2835 2763 2905 Legem
2814 2852 3190 2903 consummans,
3224 2850 3270 2892 te
3292 2843 3378 2907 qui
3419 2858 3507 2909 per
3547 2843 3748 2895 literam
3773 2856 3825 2897 es

2241 2926 2666 2981 circumcisionem
2698 2938 3036 2999 transgressor
3074 2947 3126 2985 es
3152 2932 3274 3001 legis
3296 2933 3322 2985 .’
3370 2932 3500 2987 Vide
3530 2934 3819 2989 subtilissi-

2244 3032 2381 3070 tnant
2409 3018 2524 3087 ejus
2556 3019 2911 3087 prudentiam.
2954 3021 3067 3075 Non
3116 3022 3265 3088 dicit,
3320 3024 3637 3093 praeputium
3677 3026 3818 3095 quod

2243 3119 2305 3158 ex
2352 3117 2539 3159 natura
2589 3115 2693 3171 est,
2751 3108 3214 3165 circumcisionem
3261 3112 3617 3180 judicaturum
3663 3131 3817 3179 esse;

2242 3212 2424 3252 verum
2450 3198 2535 3250 Ulli
2583 3199 2800 3251 vietoria
2848 3208 2985 3267 erat,
3031 3216 3096 3255 eo
3124 3203 3439 3271 praeputium
3485 3204 3814 3270 introducit;

2241 3288 2328 3343 ubi
2356 3304 2483 3343 vero
2521 3290 2775 3353 vincitur,
2810 3307 2915 3345 non
2952 3293 3087 3347 ultra
3128 3293 3593 3351 circumcisionem
3623 3298 3813 3353 victam

2244 3393 2364 3433 esse
2389 3380 2544 3443 dicit,
2567 3380 2659 3433 sed
2694 3382 3066 3436 circumcisum
3103 3382 3367 3448 Judaeum,
3402 3401 3599 3442 cavens
3626 3404 3692 3443 ne
3722 3404 3815 3442 au-

2241 3468 2469 3524 ditorem
2501 3470 2771 3537 percellat.
2802 3471 2910 3525 Nec
2936 3472 3070 3527 dixit
3099 3491 3113 3526 :
3143 3473 3219 3528 Te
3246 3475 3335 3544 qui
3368 3476 3536 3545 legem
3572 3478 3735 3533 habes
3760 3488 3814 3533 et

2241 3559 2727 3624 circumcisionem,
2777 3562 2870 3616 sed
2914 3562 3088 3617 adhuc
3129 3565 3309 3618 mitius
3341 3582 3355 3619 :
3386 3564 3457 3619 Te
3478 3569 3565 3635 qui
3585 3584 3673 3638 per
3700 3568 3810 3623 lite-

2239 3666 2350 3703 ram
2374 3662 2416 3703 et
2443 3651 2876 3705 circumcisionem
2927 3663 3268 3723 transgressor
3310 3672 3361 3709 es
3391 3657 3515 3727 legis
3548 3675 3565 3720 ,'
3590 3659 3691 3713 hoc
3711 3668 3810 3725 est,

2239 3749 2294 3794 et
2331 3741 2794 3794 circumcisionem
2845 3742 3121 3797 ulciscitur
3168 3744 3269 3799 tale
3297 3746 3652 3817 prmputium;
3695 3764 3811 3804 nam

2242 3830 2329 3884 illa
2356 3831 2480 3884 lcesa
2508 3841 2590 3885 est
2620 3849 2631 3883 :
2665 3842 2718 3884 et
2745 3832 3036 3887 auxiliatur
3063 3833 3195 3903 legi;
3245 3834 3640 3891 incommodum
3672 3840 3810 3892 enim

2242 3936 2393 3990 passa
2422 3931 2544 3989 est;
2588 3922 3037 3994 splendidumque
3071 3925 3228 3995 erigit
3272 3935 3554 3994 trapmum.
3581 3927 3811 3985 Victoria

2238 4015 2380 4068 enim
2411 4024 2533 4069 tunc
2563 4014 2838 4085 splendida
2864 4025 2967 4079 est,
2995 4032 3115 4071 cum
3155 4033 3261 4071 non
3284 4033 3313 4071 a
3348 4018 3534 4074 Judaeo
3574 4018 3807 4084 Judzcus,

2239 4106 2333 4162 sed
2357 4122 2386 4161 a
2418 4107 2736 4177 praeputiato
2784 4108 3047 4172 vincitur;
3096 4117 3152 4162 ut
3179 4124 3301 4162 cum
3322 4109 3395 4162 ait
3430 4128 3442 4162 :
3476 4109 3585 4164 Viri
3612 4112 3809 4167 Ninivi.

2240 4206 2304 4250 ta:
2352 4210 2596 4267 surgent,
2653 4207 2700 4251 et
2753 4199 3159 4252 condemnabunt
3219 4201 3590 4269 generationem
3663 4205 3787 4256 hanc

2244 4287 2454 4355 (Matth.
2510 4288 2594 4341 η.
2619 4290 2730 4358 Η).
2760 4288 2941 4359 Itaque
2987 4306 3090 4343 non
3115 4290 3286 4359 legem
3325 4292 3644 4355 inhonorat;
3670 4294 3807 4348 illam

2240 4377 2381 4429 enim
2430 4392 2751 4446 magnopere
2796 4389 3080 4432 veneratur
3137 4398 3149 4434 :
3197 4380 3290 4435 sed
3313 4396 3457 4447 eum,
3505 4384 3593 4453 qui
3641 4385 3806 4455 legem

2240 4471 2559 4523 contumelia
2590 4470 2775 4524 afﬁcit.
2804 4470 3005 4525 Deinde
3052 4482 3331 4543 postquam
3368 4473 3481 4529 haec
3519 4476 3665 4531 clare
3688 4493 3805 4546 pro-

2241 4561 2402 4623 bavit,
2431 4560 2654 4615 ﬁdenter
2682 4562 2865 4616 delinit
2913 4563 3040 4633 quid
3067 4564 3137 4618 sit
3164 4563 3382 4619 Judarus
3406 4582 3423 4630 ;
3473 4568 3807 4637 ostenditque

2238 4668 2341 4707 non
2365 4670 2423 4708 se
2444 4653 2684 4709 Judzeum
2710 4670 2805 4710 nec
2824 4656 3306 4723 circumcisionem,
3329 4657 3423 4713 sed
3446 4674 3549 4714 non
3566 4659 3805 4715 Judtcum

2238 4756 2289 4798 et
2318 4745 2743 4799 incircumcisum
2780 4747 2990 4815 ejicere.
3034 4748 3111 4802 Ac
3154 4748 3359 4803 videtur
3401 4750 3616 4819 quidem
3664 4751 3803 4805 illam

2238 4837 2541 4904 defendere,
2562 4838 2654 4893 sed
2677 4838 2793 4908 ejus
2820 4839 3264 4896 existimationem
3292 4841 3466 4905 solvit,
3494 4857 3525 4897 a
3549 4841 3625 4896 rei
3646 4858 3807 4896 even-

2237 4938 2291 4983 tu
2318 4930 2576 4985 calculum
2600 4929 2795 4984 ferens.
2820 4930 3062 4985 Ostendit
3090 4932 3231 4986 enim
3273 4948 3377 4988 non
3405 4932 3565 4989 modo
3605 4933 3803 4987 nullus-

2237 5035 2356 5075 esse
2396 5020 2681 5074 discrimen
2726 5020 2865 5075 inter
2904 5020 3144 5076 Judaeum
3171 5032 3227 5077 et
3273 5023 3643 5094 prcputlatum
3671 5038 3688 5088 ;
3716 5022 3803 5076 sed

2237 5110 2393 5165 etiam
2420 5112 2748 5181 superiorem
2767 5125 2886 5165 esse
2914 5094 3281 5181 pncputiatum
3306 5155 3319 5179 ,
3352 5114 3396 5167 si
3422 5113 3521 5167 sibi
3544 5114 3797 5177 attendat,

2235 5204 2585 5274 eumdemque
2613 5219 2735 5257 vere
2750 5219 2868 5259 esse
2884 5203 3157 5259 Judaeum:
3184 5206 3302 5260 ideo
3324 5205 3396 5258 ait
3414 5204 3527 5259 :28.
3545 5203 3661 5257 Non
3674 5207 3799 5258 enim

2232 5298 2315 5362 qni
2341 5298 2391 5349 in
2419 5297 2683 5365 manifesto
2702 5337 2717 5360 ,
2744 5296 2955 5351 ludens
2981 5307 3075 5364 est,
3098 5314 3310 5368 necque
3334 5299 3599 5367 manifesto
3620 5299 3671 5351 in
3693 5315 3799 5350 car-

2235 5406 2316 5453 nc,
2345 5400 2415 5443 est
2441 5389 2773 5443 circumcisio.
2805 5389 2898 5444 Hic
2918 5390 3033 5445 illos
3064 5389 3389 5460 perstringit.
3419 5398 3598 5457 utpote
3621 5389 3708 5458 qui
3736 5388 3796 5442 ad

2232 5484 2636 5537 ostentationem
2654 5483 2826 5536 munia
2850 5483 3077 5537 lacerent
3092 5482 3318 5537 39.3w
3327 5482 3410 5550 qui
3424 5484 3475 5535 in
3489 5481 3794 5543 abscondito,

2230 5572 2443 5629 Judwus
2466 5583 2573 5638 est;
2605 5584 2649 5627 et
2677 5574 2989 5628 circumcisio
3017 5576 3181 5628 cordis
3215 5575 3264 5627 in
3294 5573 3493 5640 spiritu,
3520 5588 3619 5625 non
3635 5572 3791 5624 litera.

2300 5668 2351 5721 4.
2388 5668 2479 5723 llis
2503 5667 2738 5722 excludit
2766 5668 3060 5736 corporalia
3089 5668 3286 5721 omnia.
3317 5666 3448 5721 Nam
3470 5663 3795 5719 circumcisio

2232 5762 2283 5815 iu
2309 5760 2592 5815 manifesto
2616 5768 2753 5825 erat,
2786 5774 2989 5815 necnon
3015 5759 3232 5815 sabbata
3253 5801 3268 5825 ,
3290 5757 3573 5821 sacriﬁcia,
3606 5770 3789 5826 purga-
