4056 6538
280 478 404 537 ιδτ

283 596 476 647 tiones
499 608 514 657 ;
546 605 664 660 qua:
692 587 868 643 omnia
894 603 997 641 uno
1024 587 1187 641 verbo
1209 584 1592 639 subindit'avit:
1618 584 1735 639 Non
1758 586 1889 638 enim

278 685 381 753 qui
410 684 461 735 in
484 680 773 751 manifesto,
797 678 1013 732 Jtnlteus
1041 687 1132 731 est.
1158 675 1350 730 Verum
1378 677 1502 745 quia
1528 675 1894 731 circumcisio-

280 774 381 828 uis
428 786 617 841 magna
639 771 775 824 ratio
822 778 958 835 erat,
1006 766 1439 837 quandoquidem
1482 768 1581 837 ipsi
1610 768 1888 821 sabbatum

276 863 539 929 cedebat,
561 862 680 933 jure
712 860 949 930 pluribus
978 859 1121 914 circa
1144 858 1287 912 illam
1308 859 1633 913 extenditur.
1657 858 1789 914 Cum
1809 860 1889 913 di-

274 958 363 1010 cit
384 966 588 1022 autem,
610 953 673 1007 In
694 953 899 1022 spiritu,
919 950 1055 1005 viam
1076 961 1337 1019 praeparat
1357 950 1608 1019 deinceps
1626 950 1689 1004 ad
1709 950 1889 1004 Eccle-

276 1048 385 1101 sia:
410 1048 729 1110 institutum,
749 1052 802 1099 et
821 1042 977 1097 fidem
1000 1042 1233 1096 inducit:
1254 1042 1452 1097 ctenim
1474 1041 1558 1096 illa
1579 1041 1631 1095 iu
1653 1040 1821 1095 corde
1834 1051 1886 1095 et

275 1141 484 1209 spiritu
510 1138 720 1194 laudem
748 1152 775 1189 a
810 1136 921 1190 Deo
952 1133 1134 1189 habet.
1163 1134 1228 1187 Et
1253 1149 1349 1187 cur
1380 1148 1487 1187 non
1515 1133 1747 1188 ostendit
1787 1132 1883 1186 be-

280 1247 356 1287 ne
387 1242 634 1303 agentem
675 1230 930 1301 gentilem
985 1228 1123 1283 bene
1170 1235 1362 1297 agente
1388 1226 1574 1282 Judmo
1607 1242 1713 1280 non
1763 1241 1885 1281 esse

276 1325 633 1391 inferiorem;
660 1323 753 1378 sed
780 1323 915 1377 bene
936 1328 1181 1392 agentem
1212 1318 1465 1389 gentilem
1489 1326 1882 1386 transgressore

276 1416 477 1471 Iudaeo
500 1431 620 1471 esse
664 1412 983 1469 meliorem?
1008 1410 1077 1467 Ut
1114 1408 1464 1465 indubitatam
1521 1409 1769 1465 redderet
1796 1410 1880 1462 vi-

273 1508 533 1563 ctoriam.
564 1507 674 1561 lloc
703 1506 844 1560 enim
871 1518 990 1559 cum
1017 1502 1067 1555 in
1095 1500 1340 1556 confesso
1370 1508 1455 1556 est
1482 1542 1496 1566 ,
1540 1501 1879 1556 circumcisio

274 1600 468 1655 carnis
511 1598 819 1653 necessario
862 1593 1199 1655 excluditur,
1244 1600 1299 1647 et
1343 1592 1645 1647 ostenditur
1684 1592 1879 1661 ubique

277 1706 412 1747 esse
435 1692 573 1747 bona
604 1690 708 1743 vita
734 1704 886 1758 opus.
917 1683 1047 1740 Cum
1076 1684 1220 1737 enim
1249 1684 1464 1753 gentilis
1509 1684 1625 1736 sine
1660 1682 1741 1735 his
1768 1682 1876 1736 sal-

273 1796 383 1836 vus
428 1782 497 1835 sit
524 1821 538 1844 ,
569 1790 625 1835 et
648 1779 864 1835 ludis-us
891 1792 1011 1831 cum
1044 1774 1127 1829 his
1158 1776 1428 1845 puniatur,
1477 1780 1649 1827 cessat
1691 1772 1875 1826 Judai.

270 1888 452 1928 smus.
486 1871 749 1927 Gentilem
774 1884 904 1923 vero
930 1866 1060 1921 dicit
1089 1882 1191 1920 non
1221 1865 1578 1929 idololatram,
1613 1863 1705 1917 sed
1731 1864 1873 1931 pium

272 1971 333 2017 et
362 1963 563 2017 virtute
612 1961 893 2031 praeditum
916 2000 930 2022 ,
960 1974 988 2012 a
1023 1958 1281 2027 legalibus
1311 1955 1781 2010 observationibus
1809 1955 1874 2008 li-

272 2056 490 2111 bet-um.
524 2052 671 2122 (Cap.
700 2047 775 2117 5.)
813 2053 861 2105 1.
917 2049 1054 2116 Quid
1105 2064 1221 2119 ergo
1268 2048 1487 2117 amplius
1511 2046 1701 2101 Iudico
1753 2049 1872 2103 est?

278 2146 421 2211 Quia
446 2144 624 2198 omnia
656 2142 901 2206 exclusit,
948 2140 1257 2205 conciones,
1311 2139 1635 2203 doctrinam,
1666 2156 1862 2196 nomen

268 2235 472 2299 Judaei,
504 2232 968 2288 circumcisionem
992 2240 1046 2285 et
1074 2240 1267 2285 cst-tera
1310 2232 1511 2295 omnia,
1560 2247 1681 2286 cum
1709 2232 1865 2301 dixit,

271 2326 380 2392 Qui
410 2326 460 2378 in
494 2324 781 2394 manifesto,
827 2322 1045 2376 Juda'us
1067 2338 1165 2375 non
1195 2332 1289 2387 est,
1320 2322 1409 2376 sed
1446 2324 1531 2391 qui
1574 2323 1627 2376 in
1657 2324 1868 2377 abscon-

267 2418 423 2480 dito;
466 2415 614 2471 videt
663 2415 917 2483 deinceps
964 2412 1319 2482 objectionem
1365 2423 1780 2483 exsurgentem,
1812 2426 1868 2471 et

267 2507 528 2562 adversus
547 2507 691 2561 illam
720 2514 843 2560 stat.
865 2506 1119 2572 Quantam
1150 2504 1233 2557 illa
1259 2504 1531 2573 ohjectio?
1559 2503 1614 2559 Si
1646 2505 1759 2559 hanc
1787 2508 1867 2561 ni-

268 2600 344 2654 hil
366 2600 580 2669 juvant,
610 2614 706 2653 cur
729 2608 915 2653 vocata
938 2612 1070 2668 gens
1098 2597 1213 2662 fuit,
1236 2612 1333 2651 cur
1360 2598 1865 2653 eircumcisiodata?

264 2690 407 2759 Quid
435 2705 562 2760 ergo
600 2689 725 2744 facit
744 2689 768 2742 ἲ
789 2697 838 2743 et
859 2687 1128 2758 quomodo
1148 2688 1293 2741 illam
1314 2688 1508 2741 solvit?
1532 2687 1595 2743 Ut
1623 2689 1839 2757 superio

268 2799 325 2837 ra
354 2783 541 2838 solvit.
567 2782 715 2836 Sicut
735 2780 877 2835 enim
896 2779 1003 2834 illic
1024 2793 1129 2833 non
1160 2779 1369 2831 illorum
1396 2779 1579 2833 laudes
1608 2781 1862 2849 prazdica-

268 2875 365 2939 vit,
394 2872 487 2926 sed
514 2871 605 2925 Dei
628 2869 908 2934 beneficia,
944 2885 1050 2923 non
1092 2869 1304 2923 illorum
1352 2878 1498 2923 recte
1533 2868 1667 2924 facta
1694 2887 1708 2936 ;
1739 2887 1859 2925 nam

265 2963 411 3033 quod
435 2963 604 3017 Judaei
632 2969 971 3029 vocarentur,
996 2960 1137 3032 quod
1158 2961 1484 3015 voluntatem
1507 2962 1596 3015 Dei
1618 2973 1857 3030 nossent,

264 3055 408 3125 quod
432 3055 799 3110 examinarent
820 3054 989 3120 utilia,
1022 3069 1125 3107 non
1153 3054 1386 3120 illorum,
1425 3053 1519 3109 seti
1563 3056 1651 3108 Dei
1673 3056 1860 3125 gratia:

265 3161 400 3216 opus
426 3154 573 3200 erat:
619 3146 761 3216 quod
798 3146 899 3199 illis
938 3144 1273 3213 exprobrans
1306 3145 1562 3213 propheta
1601 3145 1856 3206 dicebat;

269 3238 390 3292 Non
414 3240 531 3308 fecit
566 3238 733 3290 taliter
754 3237 890 3291 omni
907 3236 1117 3300 nationi,
1143 3244 1187 3288 et
1216 3235 1407 3301 iudicia
1435 3253 1529 3289 sua
1571 3254 1668 3290 non
1696 3238 1861 3292 inani-

267 3331 463 3401 festaeit
481 3330 548 3383 eis
570 3327 870 3399 (l’sal.l47.
897 3326 954 3395 9)
972 3344 987 3387 ;
1005 3334 1060 3379 et
1082 3325 1290 3395 Moyses
1306 3341 1533 3390 rursum,
1565 3324 1859 3399 Interroga-

266 3432 332 3485 te,
365 3420 553 3490 inquit,
584 3420 625 3473 si
654 3420 750 3489 fuit
774 3417 1049 3472 secundum
1067 3415 1267 3470 verbum
1298 3417 1411 3480 hoc,
1444 3418 1486 3470 si
1507 3420 1696 3472 audivit
1735 3438 1857 3490 gens

266 3528 430 3565 vocem
456 3512 546 3564 Dei
568 3511 771 3565 viventis
797 3526 858 3564 ea:
883 3510 1047 3563 medio
1065 3509 1215 3578 ignis,
1240 3518 1288 3562 et
1309 3510 1431 3561 vixit
1459 3509 1635 3579 (Deut.
1667 3512 1717 3565 5.
1737 3512 1851 3582 26):

268 3602 367 3658 hoc
386 3604 554 3670 ipsum
579 3602 661 3655 hic
683 3617 895 3671 quoque
918 3600 1058 3653 facit.
1074 3598 1222 3654 Sicut
1248 3600 1389 3653 enim
1404 3615 1524 3654 cum
1552 3600 1617 3654 de
1635 3601 1857 3656 circum-

265 3695 464 3749 cisione
490 3692 816 3763 loqueretur,
864 3707 967 3746 non
990 3690 1143 3755 dixit,
1181 3690 1304 3744 llaac
1353 3691 1693 3746 circumcisio
1735 3692 1853 3747 sine

270 3788 402 3840 bona
425 3786 528 3839 vita
548 3784 677 3837 nihil
702 3783 937 3852 prodest;
958 3781 1071 3846 sed,
1091 3780 1436 3835 Circumcisio
1453 3796 1570 3835 cum
1592 3782 1728 3835 bona
1749 3785 1851 3838 vita

268 3875 498 3945 prodest,
524 3875 752 3945 idipsum
774 3871 1206 3942 signiﬁcans,sed
1227 3872 1443 3936 mitius;
1471 3888 1534 3927 ac
1550 3874 1853 3941 rnrsum,Si

267 3977 427 4019 autem
454 3964 809 4034 Wwvaricator
835 3964 957 4031 legis
984 3965 1160 4032 fueris,
1184 3977 1288 4015 non
1316 3962 1539 4025 addidit,
1561 3963 1699 4018 Nihil
1727 3981 1850 4034 pro-

270 4059 376 4114 llcis
400 4069 473 4123 tu,
494 4059 581 4128 qui
606 4057 1043 4117 circumcisuses;
1065 4056 1158 4110 sed
1187 4055 1515 4110 Circumcisio
1535 4068 1622 4110 tua
1647 4076 1849 4128 prwpu-

269 4150 388 4203 tium
421 4150 555 4218 facta
582 4158 691 4212 est;
722 4156 776 4201 et
805 4154 923 4215 post
960 4146 1083 4199 illud
1114 4162 1323 4210 rursus,
1348 4146 1628 4213 Judicabit,
1656 4150 1847 4219 inquit,

270 4242 569 4309 pra‘putium
594 4254 691 4290 non
716 4237 1165 4301 circutttcisimtem,
1212 4237 1301 4290 sed
1325 4247 1371 4290 te
1416 4242 1848 4308 prevaricatorem

273 4332 409 4403 legis,
441 4330 697 4400 legalibus
744 4344 989 4397 parcens,
1035 4336 1089 4383 et
1119 4328 1365 4383 homines
1410 4330 1611 4385 feriens
1643 4349 1656 4387 :
1694 4332 1761 4385 ita
1794 4344 1848 4387 et

271 4423 351 4477 hic
383 4422 527 4477 facit.
557 4422 684 4475 Cum
739 4422 879 4474 enim
914 4421 1014 4473 hoc
1042 4420 1329 4485 objecissct
1354 4421 1454 4474 sibi
1484 4464 1496 4485 ,
1529 4432 1582 4476 et
1604 4422 1842 4485 dixisset,

273 4514 401 4580 Quid
430 4512 651 4579 amplius
682 4512 824 4565 habet
854 4511 1112 4563 Jttda'us?
1160 4527 1265 4564 non
1295 4511 1447 4576 dixit,
1475 4512 1639 4577 Nihil,
1672 4513 1762 4566 sed
1797 4514 1845 4566 id

270 4619 514 4659 sermone
545 4604 732 4663 innuit;
763 4613 813 4656 et
847 4617 942 4669 per
965 4602 1243 4671 sequentia
1277 4602 1377 4655 hoc
1410 4604 1579 4671 ipsum
1606 4606 1843 4671 sustulit,

269 4694 602 4763 ostenditque
631 4694 749 4749 illos
789 4694 858 4748 0b
889 4694 1188 4761 hujusmodi
1220 4696 1626 4764 przcrogativam
1665 4697 1846 4763 plexos

271 4784 443 4839 fuisse.
476 4786 541 4838 Et
565 4784 874 4853 quomodo?
922 4785 1033 4854 Ego
1054 4785 1265 4847 dicam,
1309 4786 1419 4852 ipsa
1460 4784 1766 4853 objectione
1792 4786 1844 4839 in

270 4878 493 4933 medium
551 4876 796 4931 adducta.
855 4878 991 4940 Quid
1051 4878 1185 4930 enim
1245 4877 1467 4945 amplius
1511 4876 1693 4930 Judwo
1749 4889 1842 4945 est,

269 4983 348 5025 aut
376 4986 487 5042 qutc
516 4970 711 5023 utilitas
755 4969 1196 5023 circumcisionis?
1240 4968 1295 5022 2.
1343 4968 1563 5021 Multum
1612 4986 1699 5037 per
1728 4986 1840 5021 om-

272 5085 376 5121 nem
403 5066 630 5120 modum.
661 5063 839 5117 Primo
867 5066 985 5133 quia
1012 5064 1304 5116 concredita
1343 5071 1458 5115 sunt
1487 5064 1591 5116 illis
1642 5063 1841 5133 eloquia

272 5156 378 5209 Dei.
410 5154 613 5218 Viden‘,
649 5164 705 5207 ut
727 5155 827 5222 iam
855 5155 983 5218 dixi,
1018 5155 1162 5208 illum
1196 5169 1454 5223 nusquam
1485 5168 1667 5206 corum
1700 5165 1845 5209 recte

274 5250 395 5302 facta
419 5291 431 5310 ,
465 5247 557 5300 sed
606 5246 697 5298 Dei
746 5246 1003 5300 beneﬁcia
1042 5246 1406 5300 enumerare?
1436 5246 1570 5314 Quid
1603 5246 1702 5299 sibi
1734 5247 1846 5299 vult

272 5341 408 5405 illud,
440 5337 737 5393 Concredita
763 5348 877 5391 sunt
904 5339 929 5389 .9
957 5339 1088 5404 Quia
1123 5339 1225 5392 illis
1254 5339 1442 5392 tradita
1469 5340 1671 5403 estlex,
1697 5340 1837 5409 quod

275 5433 391 5485 tanti
414 5432 532 5485 illos
563 5430 743 5484 fecerit
770 5430 928 5495 Dens,
984 5439 1039 5483 ut
1070 5446 1301 5500 superna
1336 5431 1438 5484 illis
1471 5433 1685 5484 oracula
1714 5449 1843 5487 con-

274 5522 525 5576 crederet.
570 5521 633 5574 Et
678 5520 789 5573 scio
839 5519 1122 5590 quosdam,
1180 5521 1324 5585 illud,
1376 5521 1677 5575 Concredita
1704 5535 1840 5589 sinit,

276 5633 365 5671 non
395 5617 459 5671 de
487 5614 688 5671 Judaris
716 5657 729 5681 ,
760 5614 853 5668 sed
887 5615 953 5668 de
978 5615 1209 5684 eloquiis
1256 5613 1454 5668 dictum
1484 5628 1670 5687 putare
1696 5634 1709 5679 ;
1744 5617 1844 5671 hoc

275 5720 364 5776 est,
395 5712 516 5781 quia
541 5708 829 5763 commissa
878 5717 959 5761 est
997 5708 1081 5761 lex
1117 5726 1129 5759 :
1164 5708 1256 5760 sed
1286 5707 1425 5775 quod
1469 5709 1708 5777 sequitur
1738 5724 1841 5762 non

274 5804 535 5874 permittit,
573 5810 629 5855 ιιι
661 5801 737 5854 sic
788 5800 1130 5869 intelligatur.
1164 5800 1344 5853 Primo
1375 5801 1538 5864 enim,
1581 5816 1841 5855 accusans

274 5900 377 5955 illos
402 5900 501 5953 hoc
529 5897 680 5961 dicit,
717 5904 769 5947 rt
800 5893 1089 5949 ostendens
1132 5893 1251 5947 illos
1282 5893 1442 5945 multa
1476 5910 1503 5946 a
1546 5894 1650 5949 lleo
1682 5893 1841 5949 bcne~

1412 469 1473 522 ΙΝ
1514 468 1728 524 El‘iST.
1773 471 1861 523 AD
1903 468 2067 524 ΙὶΟΜ.
2112 467 2343 524 HOMIL.
2391 470 2474 526 Vl.

3498 481 3603 538 438

2006 586 2122 639 licia
2164 587 2472 655 accepisse,
2522 587 2617 642 sed
2674 587 2936 658 ingratum
2984 589 3141 645 valde
3179 592 3413 649 animum
3447 596 3601 651 exhi-

2001 676 2206 731 buisse.
2240 678 2443 733 Deinde
2470 680 2750 749 sequentia
2774 696 2989 751 quoque
3017 683 3144 737 illud
3176 684 3446 752 indicant;
3472 698 3595 743 nam

2002 768 2297 841 subjungit,
2323 772 2375 825 5.
2414 770 2555 836 Quid
2578 773 2713 827 enim
2739 814 2752 837 ,
2783 777 2826 825 si
2852 775 3060 842 quidam
3091 791 3193 828 non
3217 777 3542 833 crediderunt
3571 783 3596 820 ν

1993 859 2046 915 Si
2078 877 2184 916 non
2216 863 2581 931 crediderunt,
2607 880 2716 933 quo
2748 874 2925 934 pacto,
2970 866 3159 921 dicunt
3201 868 3439 939 quidam,
3466 869 3593 937 ipsis

1992 956 2302 1009 concredita
2343 967 2470 1010 sunt
2497 957 2751 1026 eloquia?
2787 957 2923 1026 Quid
2957 974 3086 1029 ergo
3124 960 3238 1014 ait?
3266 960 3419 1027 Quod
3451 961 3593 1015 Deus

1991 1044 2122 1113 ipsis
2146 1046 2231 1100 illa
2265 1046 2606 1101 crediderit:
2642 1064 2746 1102 non
2794 1049 2936 1119 quod
2979 1049 3082 1118 ipsi
3126 1050 3309 1106 verbis
3350 1051 3593 1106 credide—

1988 1136 2135 1189 rint:
2186 1152 2306 1190 nam
2383 1137 2654 1207 quomodo
2721 1147 2890 1195 staret
2961 1140 3013 1194 id
3091 1141 3232 1210 quod
3306 1142 3592 1211 sequitur?

1990 1225 2161 1291 Quid,
2220 1226 2263 1279 si
2312 1226 2522 1295 quidam
2566 1245 2668 1283 non
2712 1228 3076 1285 crediderunt?
3139 1231 3254 1302 Hoc
3303 1234 3468 1286 etiam
3519 1246 3585 1286 ex

1986 1316 2339 1384 sequentibus
2401 1318 2749 1385 declaratur:
2804 1320 2989 1390 adjicit
3039 1321 3185 1376 enim
3250 1340 3265 1378 :
3319 1321 3588 1393 Numquid

1984 1407 2317 1462 incredulitas
2368 1424 2544 1462 eorum
2572 1410 2703 1463 iram
2751 1410 2845 1464 Dei
2900 1412 3205 1467 evacuabit?
3260 1413 3422 1467 Absit.
3472 1413 3587 1469 Hoc

1985 1496 2146 1566 igitur
2203 1499 2401 1567 ipsum,
2452 1498 2595 1568 quod
2649 1501 2754 1555 illis
2793 1503 3162 1556 concreditum
3221 1511 3342 1569 est,
3383 1503 3585 1558 Christi

1982 1591 2181 1645 donum
2233 1591 2507 1660 prmdicat.
2566 1590 2647 1646 Tu
2712 1608 2840 1647 vero
2893 1594 3021 1647 mihi
3084 1595 3246 1649 etiam
3296 1595 3383 1650 hic
3435 1595 3583 1651 Pauli

1984 1681 2322 1749 prudentiam
2375 1681 2667 1750 perpende.
2722 1684 3136 1737 Aecusationem
3166 1686 3309 1739 enim
3368 1685 3582 1740 illorum

1978 1787 2191 1826 rursum
2238 1787 2341 1826 non
2372 1787 2399 1825 a
2432 1773 2614 1842 seipso
2672 1772 2916 1841 inducit,
2962 1773 3056 1828 sed
3109 1777 3259 1844 quasi
3312 1791 3377 1830 ex
3426 1777 3581 1847 obje-

1976 1865 2193 1925 etione:
2250 1879 2314 1919 ac
2376 1865 2419 1917 si
2467 1864 2677 1920 diceret
2730 1882 2745 1921 :
2796 1865 2863 1919 At
2919 1866 3149 1921 fortasse
3194 1867 3343 1922 dices
3401 1884 3415 1921 :
3477 1869 3581 1924 Ec-

1976 1970 2079 2023 qua
2110 1955 2312 2009 utilitas
2356 1955 2785 2010 circumcisionis
2828 1954 3235 2026 hujus?ncque
3280 1958 3424 2012 enim
3467 1959 3578 2024 illa,

1977 2057 2032 2102 nt
2057 2063 2152 2118 par
2178 2059 2314 2113 erat,
2350 2049 2429 2103 usi
2460 2057 2619 2104 sunt:
2652 2048 2964 2104 concredita
2992 2049 3101 2104 illis
3130 2049 3215 2105 lex
3242 2060 3347 2118 est,
3390 2062 3445 2106 et
3471 2067 3577 2107 non

1974 2140 2343 2195 crediderunt.
2396 2142 2574 2211 Atque
2631 2140 2849 2196 interim
2895 2156 3000 2196 non
3030 2142 3324 2197 vehemens
3350 2158 3574 2199 accusa-

1977 2240 2060 2285 tor
2086 2239 2185 2292 est,
2220 2230 2314 2285 sed
2359 2232 2509 2301 quasi
2568 2231 2737 2286 Deum
2768 2246 2798 2284 a
2828 2232 3207 2287 criminatione
3259 2232 3571 2298 vindicans,

1974 2331 2138 2376 totam
2170 2321 2316 2375 illam
2351 2321 2403 2375 in
2445 2322 2591 2391 ipsos
2612 2323 2899 2377 convertit.
2936 2322 3046 2377 Cur
3092 2337 3336 2389 accusas,
3379 2324 3569 2394 inquit,

1969 2413 2112 2483 quod
2140 2430 2244 2468 non
2268 2414 2637 2469 crediderint?
2684 2422 2737 2468 et
2776 2414 2901 2483 quid
2952 2414 3053 2468 hoc
3082 2415 3147 2469 ad
3181 2414 3392 2469 Deum?
3444 2431 3569 2469 num

1932 2506 2086 2574 'ejns
2136 2505 2544 2562 beneﬁcentiam
2597 2505 2859 2561 subvertit
2906 2507 3121 2560 illorum
3172 2508 3261 2577 qui
3308 2507 3569 2562 berelieia

1968 2609 2292 2668 acceperunt
2324 2600 2560 2668 ingratus
2590 2599 2847 2653 animus?
2879 2609 2972 2653 aut
3002 2599 3147 2665 facit,
3174 2608 3231 2653 ut
3262 2599 3433 2652 honor
3459 2616 3565 2653 non

1969 2690 2036 2742 sit
2058 2688 2275 2743 honor?
2301 2688 2354 2742 Id
2396 2689 2539 2743 enim
2590 2688 2790 2743 indicat
2820 2689 2948 2743 illttd
2978 2706 2993 2743 :
3030 2688 3296 2759 Numquid
3330 2690 3571 2743 incredu-

1968 2780 2082 2832 litas
2113 2775 2286 2831 eorum
2315 2779 2467 2845 ﬁdem
2503 2778 2594 2831 Dei
2613 2780 2876 2833 evacuabit
2898 2781 2923 2833 ?
2952 2780 3116 2834 Absit.
3152 2781 3227 2834 Ac
3255 2781 3298 2834 si
3332 2780 3453 2849 quis
3479 2779 3565 2833 di-

1967 2877 2149 2923 ceret:
2172 2868 2285 2937 Ego
2313 2869 2457 2921 illum
2489 2870 2648 2923 talem
2700 2868 2906 2924 honore
2951 2868 3138 2934 alleci;
3169 2869 3214 2923 si
3245 2884 3374 2924 vero
3392 2868 3558 2922 hono.

1969 2974 2080 3012 rem
2112 2958 2202 3013 ille
2230 2974 2336 3012 non
2374 2958 2610 3023 admisit,
2668 2960 2793 3013 hinc
2838 2959 3177 3015 accu~andus
3236 2976 3342 3014 non
3396 2977 3515 3015 smn
3550 2980 3566 3026 -,

1967 3066 2145 3121 neque
2176 3051 2226 3105 id
2260 3051 2651 3119 benignitatem
2703 3067 2875 3107 meam
2919 3052 3085 3116 hedit,
3136 3052 3231 3108 sed
3276 3053 3419 3107 illius
3450 3065 3568 3109 stn-

1966 3143 2243 3212 piditatem
2272 3143 2467 3213 arguit.
2523 3144 2721 3198 Paulus
2747 3160 2875 3198 vero
2918 3159 3024 3198 non
3056 3144 3157 3198 hoc
3190 3146 3365 3199 solum
3407 3147 3562 3212 dicit,

1947 3237 2058 3292 sed
2093 3237 2253 3306 longe
2278 3238 2531 3305 amplius,
2586 3236 2729 3305 quod
2785 3254 2889 3291 non
2939 3238 3099 3291 modo
3124 3238 3555 3292 criminationem

1966 3327 2077 3381 Deo
2127 3342 2233 3380 non
2263 3326 2457 3381 inferat
2492 3326 2843 3382 incredulitas
2868 3342 3094 3393 eorum,
3152 3327 3249 3383 sed
3299 3330 3558 3398 majorem

1963 3417 2212 3472 ostendat
2232 3418 2349 3485 ejus
2374 3417 2634 3472 honorem
2659 3427 2714 3471 et
2739 3418 3145 3487 bentgnitatem,
3175 3434 3296 3474 cum
3318 3435 3439 3475 eum
3472 3421 3563 3489 qui

1963 3524 2023 3565 se
2055 3510 2473 3563 inhonoraturus
2491 3520 2568 3563 est
2605 3508 2813 3563 honore
2842 3511 3027 3565 allicit.

2031 3602 2085 3657 ὅ.
2144 3601 2372 3659 Vidistin
2435 3601 2705 3671 quomodo
2755 3603 2874 3657 illos
2926 3602 3242 3659 criminibus
3289 3605 3557 3661 obnoxios

1960 3693 2200 3749 clTeeerit
2247 3708 2313 3746 ex
2359 3692 2465 3758 iis,
2494 3692 2562 3748 de
2601 3693 2794 3762 quibus
2835 3693 3247 3763 gloriabantur?
3292 3697 3556 3767 siquidem

1965 3784 2103 3838 Deus
2145 3791 2349 3837 tantum
2398 3784 2506 3837 illis
2546 3784 2725 3837 intulit
2768 3784 3063 3847 honorem,
3121 3794 3177 3839 nt
3228 3786 3325 3840 etsi
3382 3786 3558 3841 futura

1959 3873 2266 3944 prmvidens
2293 3914 2307 3938 _.
2359 3888 2388 3925 a
2439 3873 2811 3927 benevolentia
2846 3887 2939 3927 sua
2975 3888 3077 3927 non
3108 3873 3434 3930 desisteret:
3483 3879 3558 3933 illi

1960 3979 2087 4017 vero
2115 3979 2173 4018 se
2206 3963 2410 4025 honore
2437 3962 2913 4033 aiilcieutem,,per
2946 3965 3120 4034 ipsum
3154 3966 3359 4021 illatum
3390 3966 3559 4023 hono-

1959 4071 2071 4109 rem
2102 4054 2423 4111 contumelia
2455 4054 2768 4109 atl‘ecerunt.
2825 4056 3024 4111 Deinde
3052 4057 3173 4126 quia
3204 4057 3374 4122 dixit,
3422 4061 3557 4125 Quid

1956 4164 2095 4216 ergo,
2128 4148 2170 4201 si
2199 4147 2407 4236 qui‘dam
2439 4163 2539 4199 non
2567 4146 2935 4199 crediderunt?
2965 4157 3017 4201 et
3063 4163 3253 4201 omnes
3292 4164 3395 4202 non
3434 4166 3556 4205 cre-

1956 4240 2155 4293 didisse
2189 4239 2467 4301 videntur;
2518 4254 2584 4291 ne
2629 4239 2922 4292 secundum
2965 4238 3246 4293 historiam
3295 4240 3554 4310 loquens,

1958 4331 2249 4385 vehemens
2288 4330 2501 4383 illorum
2535 4340 2813 4383 accusator
2851 4341 3100 4399 tanquam
3146 4332 3391 4385 inimicus
3431 4348 3553 4387 esse

1955 4423 2216 4485 videatur,
2251 4420 2408 4474 modo
2438 4420 2700 4474 ratiocinii
2730 4428 2783 4473 et
2811 4421 3103 4491 syllogismi
3134 4423 3281 4491 poitit
3308 4422 3356 4475 id
3410 4424 3549 4490 quod

1958 4514 2009 4566 in
2040 4513 2113 4565 rei
2146 4512 2372 4565 veritate
2403 4510 2596 4563 factum
2627 4518 2738 4567 est.
2776 4510 2858 4563 his
2890 4512 3066 4564 verbis
3094 4530 3105 4565 :
3154 4513 3207 4565 ιι.
3256 4511 3338 4565 Sit
3382 4528 3550 4564 autem

1959 4605 2090 4657 Deus
2117 4619 2301 4665 verax,
2338 4605 2503 4655 omnis
2536 4610 2707 4653 autetn
2739 4602 2888 4653 homo
2925 4604 3163 4655 mcmlax.
3198 4602 3250 4655 Id
3282 4610 3402 4657 est:
3437 4603 3552 4658 Non

1954 4697 2096 4759 dico,
2127 4695 2267 4764 quod
2301 4694 2520 4765 quidam
2557 4710 2660 4747 non
2690 4693 3041 4756 crediderint,
3076 4695 3170 4747 sed
3200 4696 3243 4748 si
3278 4697 3379 4761 vis,
3414 4711 3554 4764 pone

1954 4802 2143 4843 omnes
2173 4787 2335 4841 fuisse
2363 4785 2851 4853 incredulos,quod
2880 4786 2965 4838 vix
2995 4784 3193 4839 lactant
3229 4785 3403 4841 fuerat
3424 4804 3555 4841 cou-

1952 4880 2171 4945 cedens,
2197 4887 2373 4931 utnec
2402 4876 2659 4930 molestus
2688 4890 2785 4930 nec
2807 4886 3088 4945 suspectus
3114 4892 3234 4930 esse
3261 4877 3550 4937 videretur.

1955 4970 2085 5024 Nam
2118 4971 2214 5033 sic,
2246 4968 2439 5037 inquit,
2476 4969 2644 5036 magis
2670 4968 2998 5036 justillcatur
3030 4968 3191 5022 Dens.
3239 4968 3376 5035 Quid
3423 4979 3506 5023 est
3536 5013 3551 5037 ,

1952 5060 2317 5115 Juslilicatur?
2339 5059 2395 5113 Si
2423 5059 2681 5128 judicium
2712 5067 2977 5112 statuatur
3004 5069 3055 5113 et
3085 5074 3312 5114 examen
3341 5076 3550 5127 eorum,

1952 5173 2070 5224 qua:
2104 5156 2217 5224 ipse
2258 5154 2461 5209 Judmis
2502 5153 2727 5207 contulit
2770 5162 2825 5206 et
2854 5170 2973 5223 qua:
3016 5153 3186 5208 ,ιιιύωί
3219 5154 3317 5224 ipsi
3352 5157 3552 5210 retule-

1954 5257 2095 5311 runt,
2129 5248 2348 5301 victoria
2380 5261 2542 5315 penes
2572 5246 2740 5301 Deum
2770 5246 2904 5313 erit,
2936 5254 2990 5301 et
3020 5248 3071 5300 in
3101 5248 3350 5302 omnibus
3374 5249 3553 5314 justus

1953 5339 2043 5393 ille
2083 5338 2384 5409 apparebit.
2428 5344 2507 5391 Ac
2548 5353 2667 5392 cum
2702 5337 2752 5391 id
2782 5338 2927 5392 clare
2968 5338 3292 5393 ostendisset
3334 5356 3397 5393 ex
3446 5342 3507 5394 iis
3537 5382 3551 5403 ,

1953 5448 2070 5499 qua:
2104 5432 2247 5499 prius
2278 5430 2419 5484 dicta
2449 5438 2594 5494 sunt,
2622 5439 2745 5483 tunc
2776 5430 3091 5498 prophetam
3118 5431 3296 5484 attulit
3329 5430 3413 5484 his
3440 5434 3551 5485 suf-

1953 5526 2251 5593 l'ragantem
2283 5532 2335 5577 et
2366 5524 2632 5577 dicentem
2660 5542 2672 5576 :
2724 5522 2792 5577 Ut
2826 5523 3125 5592 justiﬁceris
3156 5525 3206 5576 in
3237 5526 3551 5578 sermonibus

1955 5618 2073 5681 tuis,
2105 5627 2152 5669 ct
2180 5618 2349 5668 vincas
2378 5632 2490 5667 cum
2510 5614 2762 5683 judicaris
2796 5612 2981 5683 (Psal-
3013 5614 3100 5669 50.
3136 5616 3167 5667 ’5
3188 5616 3225 5685 ).
3264 5615 3377 5683 Ipse
3406 5619 3549 5671 enim

1954 5709 2129 5763 omnia
2163 5722 2256 5763 sua
2287 5707 2446 5763 fecit:
2478 5709 2550 5761 illi
2579 5724 2705 5761 vero
2736 5724 2907 5777 neque
2932 5709 3007 5762 sic
3032 5711 3285 5763 meliores
3307 5725 3547 5766 evasere.

1958 5800 2159 5855 Deinde
2201 5799 2557 5867 ohjectionetn
2590 5800 2746 5853 aliam
2778 5800 2902 5854 hinc
2932 5809 3307 5870 assurgentem
3347 5801 3398 5853 in
3432 5819 3548 5856 me-

1954 5894 2099 5947 dium
2130 5891 2383 5960 adducit,
2432 5903 2484 5949 ct
2533 5894 2645 5949 :til:
2696 5893 2749 5948 5.
2787 5893 2846 5948 Si
2875 5904 3041 5946 autem
3082 5894 3322 5965 iniquitas
3365 5904 3540 5950 nostra
