4056 6488
612 459 709 517 859

599 568 845 639 justitiam
877 564 967 618 Dei
995 561 1329 623 commmdat,
1357 559 1477 629 quid
1502 555 1764 610 dicemus?
1794 552 2038 621 numquid
2066 551 2167 604 ini-

606 676 732 729 quus
745 666 812 711 est
832 653 969 708 Deus
988 654 1070 723 qui
1092 654 1242 724 infert
1263 650 1417 703 iram?
1436 646 1729 716 (secundum
1746 645 1994 697 hominem
2015 642 2176 711 dico.)

622 750 778 803 Absit.
821 744 1117 799 Absurdum
1151 757 1243 811 per
1267 739 1548 793 absurdum
1577 736 1791 791 demum
1823 734 1997 788 solvit.
2044 733 2175 799 Quia

612 852 737 891 vero
765 837 863 889 bac
887 836 1169 888 obscurum
1200 838 1298 894 est,
1320 843 1538 883 necesse
1561 836 1644 882 est
1669 827 1863 880 clarius
1887 838 2171 893 exponere.

609 928 717 981 lloc
749 938 828 981 est
855 936 1028 979 autem
1062 924 1108 976 id
1127 922 1263 991 quod
1283 920 1409 973 dicit
1432 937 1443 970 :
1468 918 1679 973 Juda'os
1700 918 1835 972 Deus
1861 913 2135 968 honoravit
2159 928 2173 965 :

607 1017 757 1070 illum
790 1017 884 1086 ipsi
918 1012 1234 1069 contumelia
1263 1011 1576 1065 aﬂ'ecerunt.
1628 1007 1736 1061 lloc
1778 1005 1853 1059 illi
1896 1004 2173 1058 victoriam

610 1116 790 1180 parat,
836 1117 889 1162 et
938 1118 1178 1174 magnam
1221 1102 1337 1171 ejus
1386 1100 1765 1170 benignitatem
1809 1096 2172 1155 demonstrat,

609 1199 750 1270 quod
793 1198 924 1252 tales
952 1211 1070 1250 cum
1104 1203 1284 1248 essent
1329 1190 1690 1245 bonoraverit.
1737 1187 1895 1257 igitur
1934 1185 2175 1254 quando-

608 1286 822 1355 quidem
853 1286 962 1350 ait,
992 1286 1111 1353 quia
1140 1298 1237 1337 nos
1270 1280 1615 1336 contumelias
1642 1287 1693 1333 et
1725 1276 1939 1346 injurias
1965 1275 2061 1344 ipsi
2092 1277 2175 1327 in.

609 1378 856 1441 tulimus,
892 1377 1010 1430 ideo
1042 1376 1182 1429 Deus
1217 1374 1376 1439 vicit,
1418 1382 1471 1426 et
1505 1371 1706 1441 justitia
1748 1370 1862 1438 ejus
1901 1366 2173 1436 splendida

606 1470 701 1523 fuit
733 1486 745 1521 :
788 1484 915 1533 cur,
946 1469 1109 1537 inquit
1137 1509 1152 1532 ,
1187 1468 1397 1536 punior,
1427 1466 1517 1535 qui
1551 1480 1643 1533 per
1672 1461 2044 1517 contumeliam
2078 1460 2174 1530 ipsi

606 1561 837 1615 victoria:
865 1575 1022 1613 causa
1055 1560 1123 1612 iui
1146 1560 1168 1613 ?
1194 1557 1469 1626 Quomodo
1498 1558 1653 1627 igitur
1681 1555 1837 1609 solvit
1868 1553 2034 1607 illud?
2062 1554 2173 1607 Alia

608 1665 815 1704 rursum
843 1692 857 1716 ,
904 1661 961 1704 ut
998 1650 1139 1712 dixi,
1184 1649 1526 1704 absurditate.
1566 1648 1621 1702 Si
1649 1646 1791 1702 enim
1831 1655 1882 1699 tu
1910 1688 1925 1712 ,
1972 1645 2171 1714 inquit,

608 1740 842 1794 victori-.e
863 1754 1019 1794 causa
1046 1739 1211 1802 fuisti,
1240 1751 1293 1794 et
1322 1748 1499 1808 postea
1526 1738 1749 1807 puniris,
1775 1738 2023 1807 injustum
2044 1735 2173 1790 illud

608 1841 725 1885 est:
756 1832 798 1885 si
827 1840 999 1884 autem
1029 1832 1115 1885 ille
1144 1847 1247 1884 non
1281 1831 1504 1898 injustas
1533 1838 1634 1895 est,
1664 1841 1715 1885 et
1747 1840 1918 1884 tamen
1951 1828 2171 1898 puniris,

601 1920 711 1989 jam
756 1938 856 1974 non
898 1922 969 1974 illi
1014 1922 1247 1975 victoriae
1274 1935 1430 1974 causa
1464 1921 1626 1975 fuisti.
1660 1920 1725 1975 Et
1766 1921 1885 1975 vide
1930 1921 2173 1989 pietatem

603 2015 971 2080 apostolicam.
1024 2013 1153 2067 Cum
1203 2014 1344 2067 enim
1385 2014 1632 2078 dixisset,
1682 2012 1821 2067 Nunt
1861 2013 2060 2081 iniquus
2102 2020 2174 2064 est

612 2102 744 2157 Deus
770 2104 855 2171 qui
882 2105 1031 2171 infert
1057 2102 1228 2156 iram?
1254 2103 1467 2168 adjecit,
1500 2103 1789 2157 Secundum
1818 2103 2067 2156 hominem
2093 2102 2172 2154 lo-

604 2212 748 2264 quor.
772 2199 845 2249 Ac
870 2195 913 2249 si
943 2196 1079 2264 quis.
1102 2196 1192 2253 ait.
1221 2195 1509 2250 secundum
1534 2196 1815 2248 bumunum
1841 2194 2169 2248 ratiocinium

605 2287 891 2341 dissereret
920 2304 931 2338 :
959 2286 1156 2355 justum
1178 2286 1371 2356 quippe
1396 2286 1485 2341 Dei
1502 2286 1754 2355 judicium
1777 2302 1859 2351 ea,
1877 2302 1993 2353 qua:
2025 2285 2173 2339 nobis

598 2376 737 2443 jnsta
766 2390 884 2430 esse
913 2376 1157 2431 videntur
1176 2418 1189 2438 ,
1222 2377 1377 2446 longe
1408 2387 1618 2444 supcrat
1640 2417 1653 2437 ,
1682 2386 1735 2430 et
1761 2378 1893 2430 alias
1919 2375 2171 2445 quasdam

602 2481 926 2535 arcanasque
946 2468 1178 2521 rationes
1196 2467 1369 2520 habet.
1389 2467 1588 2521 Deinde
1604 2470 1721 2537 quia
1745 2467 1868 2520 illud
1887 2467 2169 2520 obscurum

602 2568 736 2623 erat,
770 2560 1002 2613 secundo
1032 2560 1256 2628 idipsum
1283 2560 1407 2613 dicit
1435 2579 1447 2614 :
1479 2561 1529 2611 7.
1558 2560 1619 2614 Si
1646 2561 1775 2613 enim
1798 2560 1975 2611 veritas
2006 2558 2096 2610 Dei
2119 2559 2169 2610 in

602 2665 710 2702 utea
741 2649 996 2703 mendacio
1025 2650 1293 2703 abundavit
1321 2652 1371 2703 in
1402 2651 1615 2718 gloriam
1644 2651 1823 2718 ipsius,
1854 2650 1974 2718 quid
2004 2650 2171 2701 adhuc

606 2748 655 2791 et
684 2754 773 2808 ego
805 2748 1057 2809 tamquam
1089 2744 1333 2809 peccator‘
1340 2740 1589 2809 judicor.’
1628 2738 1680 2794 Si
1714 2742 1853 2793 enim
1884 2740 2019 2792 Deus
2044 2780 2059 2801 ,
2086 2740 2169 2791 in-

599 2830 734 2898 quit,
768 2829 1044 2899 benignus,
1069 2830 1243 2896 justus
1271 2840 1322 2883 ct
1355 2832 1522 2883 bonus
1552 2829 1695 2883 visus
1716 2840 1795 2882 est
1823 2829 1891 2882 ob
1918 2828 2166 2897 idipsuru,

602 2918 743 2986 quod
778 2929 829 2970 tu
863 2933 964 2971 non
993 2920 1389 2987 obtemperasti,
1424 2934 1525 2970 non
1560 2918 1715 2970 modo
1741 2917 1903 2971 debes
1934 2933 2036 2970 non
2068 2931 2167 2985 pu-

603 3009 739 3071 niri,
785 3009 875 3062 scd
907 3010 1062 3062 etiam
1094 3010 1336 3064 mercede
1363 3010 1567 3063 donari.
1614 3011 1667 3065 Si
1713 3020 1888 3063 autem
1931 3010 2030 3063 hoc
2057 3010 2164 3074 sit,

602 3098 725 3151 illud
748 3098 1031 3152 absurdum
1062 3110 1331 3169 sequetur.
1362 3103 1498 3168 quod
1523 3118 1548 3151 τι
1574 3101 1752 3154 multis
1773 3100 2163 3165 circumfertur;

600 3204 663 3243 ex
696 3189 847 3242 malis
878 3205 1064 3257 nempe
1095 3191 1228 3244 bona
1262 3190 1373 3244 lieri
1399 3232 1411 3253 ,
1445 3199 1498 3243 et
1536 3190 1671 3242 mala
1700 3204 1887 3243 causas
1916 3205 2034 3243 esse
2073 3190 2169 3243 bo-

600 3294 806 3333 norum.
844 3281 915 3334 Ex
947 3281 1153 3335 duobus
1181 3291 1357 3335 autem
1390 3282 1614 3335 alterum
1646 3283 1945 3335 necessario
1975 3296 2162 3335 cense.

599 3383 823 3439 qnetur,
861 3385 951 3426 aut
978 3389 1097 3427 cum
1125 3414 1140 3437 ,
1172 3375 1214 3426 si
1249 3374 1428 3442 punit,
1460 3374 1707 3441 injustum
1737 3373 1934 3433 videri;
1967 3373 2009 3427 si
2041 3388 2167 3425 vero

600 3478 702 3515 non
748 3463 935 3529 punit,
984 3478 1047 3517 ex
1082 3464 1233 3516 malis
1273 3464 1468 3516 nostris
1513 3463 1782 3515 victoriam
1826 3463 2163 3517 obtinuisse:

596 3552 735 3621 quod
765 3561 1041 3621 utrumque
1069 3569 1223 3622 supra
1254 3553 1465 3605 modum
1494 3552 1783 3606 absurdum
1806 3563 1907 3607 est.
1945 3552 1995 3604 ld
2024 3551 2163 3619 quod

598 3655 648 3699 et
693 3646 803 3713 ipse
836 3644 1149 3704 declarans.
1185 3644 1489 3711 ltujusmodi
1522 3644 1827 3713 dogmatum
1863 3652 2035 3711 putres
2081 3643 2163 3695 iu-

598 3738 748 3790 duxit
790 3736 1004 3791 Grtecos
1029 3779 1041 3795 .
1085 3738 1211 3790 satis
1241 3753 1359 3790 esse
1387 3747 1574 3805 putans
1603 3736 1666 3787 ad
1695 3736 1953 3789 dictorum
1979 3734 2165 3789 conio-

599 3828 848 3882 tationem
874 3843 1215 3898 personarum
1244 3829 1354 3880 bare
1373 3827 1655 3880 dicentium
1674 3828 1999 3895 qualitatem.
2018 3826 2165 3880 Tunc

598 3920 738 3972 enim
773 3918 847 3971 illi
877 3918 1029 3972 nobis
1060 3918 1341 3971 illudentes
1370 3917 1617 3971 dicebant
1644 3938 1655 3971 :
1687 3918 1964 3972 Faciamus
1990 3919 2124 3971 mala
2145 3959 2158 3982 ,

602 4021 658 4063 ut
698 4011 912 4064 veniant
943 4010 1100 4063 bona.
1138 4010 1365 4078 Ideoque
1394 4011 1535 4063 clare
1569 4011 1692 4063 illud
1724 4011 1935 4077 posuit,
1981 4010 2049 4062 ita
2080 4009 2163 4062 di-

598 4115 764 4155 cens:
795 4100 847 4154 8.
882 4098 945 4151 Et
986 4116 1083 4152 non
1110 4142 1123 4165 ,
1167 4100 1291 4151 sicut
1333 4101 1757 4168 blasp/icmaumr,
1789 4110 1832 4151 ct
1871 4102 1997 4152 sicut
2026 4102 2167 4152 aiunt

597 4192 800 4261 quidam
845 4209 934 4245 nos
974 4192 1169 4253 dicere,
1204 4190 1474 4244 Faciamus
1502 4193 1634 4244 mala
1655 4232 1669 4253 ,
1702 4203 1753 4243 ut
1779 4194 1975 4244 veniant
2002 4192 2167 4246 bona:

596 4300 803 4353 quorum
835 4283 1089 4335 damnatio
1111 4284 1250 4351 justo
1280 4295 1373 4337 est.
1399 4284 1525 4349 Quia
1550 4285 1687 4337 enim
1711 4285 1916 4338 dicebat
1941 4285 2162 4338 Paulus:

604 4375 702 4429 Ubi
731 4376 996 4427 abundavit
1023 4386 1273 4443 peccatum
1297 4418 1309 4437 ,
1342 4377 1758 4443 superabundavit
1779 4379 1939 4444 gratia
1977 4378 2163 4447 (Rom.

602 4467 655 4519 5.
681 4465 770 4526 ΞΟ)
798 4507 811 4528 ,
842 4467 1175 4519 traducentes
1206 4465 1350 4517 illum
1380 4506 1393 4528 ,
1428 4474 1479 4517 et
1508 4466 1569 4516 ad
1602 4466 1758 4517 alium
1788 4480 1999 4519 sensum
2030 4467 2165 4520 dicta

597 4556 996 4623 detorquentes,
1032 4554 1295 4617 dicebant,
1330 4564 1573 4623 oportere
1602 4555 1847 4608 malitiam
1879 4556 2088 4617 sectari,
2115 4566 2167 4609 ut

600 4648 837 4701 fruamur
863 4646 1035 4699 bouis.
1070 4646 1262 4699 Paulus
1289 4661 1414 4699 vero
1441 4662 1539 4698 non
1573 4647 1641 4699 ita
1666 4647 2011 4715 loquebatur:
2044 4647 2165 4699 illud

599 4749 777 4792 autem
808 4738 1081 4802 corrigens
1110 4736 1317 4790 dicebat
1347 4753 1360 4788 :
1397 4737 1530 4801 Quid
1564 4754 1680 4805 ergo
1700 4737 1725 4789 7
1753 4738 2167 4804 perseverabimus

598 4829 649 4881 in
680 4838 898 4897 peccato,
932 4840 984 4880 ut
1014 4830 1174 4897 gratia
1200 4829 1416 4882 abundet
1442 4830 1466 4882 ?
1498 4831 1634 4881 Absit
1678 4830 1695 4899 (
1721 4828 1870 4881 Rom.
1903 4829 1953 4882 6.
1992 4832 2040 4883 l.
2072 4829 2105 4882 2
2126 4833 2165 4899 ).

601 4919 732 4973 Nam
766 4919 831 4971 de
865 4921 1144 4987 prmtcritis
1177 4920 1501 4988 temporibus
1530 4920 1634 4973 divi
1657 4962 1671 4985 ,
1702 4935 1803 4972 non
1834 4931 1888 4973 ut
1920 4922 2031 4974 lure
2060 4937 2169 4975 tne-

601 5010 833 5064 ditemur
855 5020 906 5063 et
932 5025 1293 5064 exerceamus.
1315 5012 1392 5064 Ab
1421 5013 1517 5063 bac
1540 5014 1695 5079 igitur
1721 5028 1968 5066 anmveus
2000 5014 2168 5082 suspi-

599 5105 775 5166 cione,
811 5102 941 5156 dixit
974 5103 1095 5154 illud
1130 5103 1455 5171 impossibile
1484 5118 1622 5157 esse.
1658 5105 1756 5169 Qui
1786 5106 1938 5169 enim,
1970 5106 2166 5173 inquit,

602 5194 787 5247 mortui
814 5210 986 5247 sumus
1022 5204 1222 5262 peccato
1248 5236 1259 5258 ,
1288 5194 1537 5263 quomodo
1560 5196 1721 5246 adhuc
1760 5197 1810 5247 in
1837 5212 1890 5248 eo
1919 5197 2172 5250 vivemus?

672 5285 724 5339 6.
770 5284 822 5337 In
869 5284 1094 5353 gentiles
1138 5300 1263 5352 ergo
1312 5285 1466 5339 facile
1504 5285 1745 5338 invectus
1791 5294 1909 5348 est;
1960 5285 2169 5339 illorum

602 5379 793 5447 quippe
814 5380 917 5431 vita
942 5377 1221 5429 admodum
1250 5389 1494 5446 corrupta
1518 5388 1663 5432 erat:
1694 5378 1997 5431 Judmorum
2024 5394 2168 5443 vero,

603 5468 699 5521 etsi
727 5468 829 5521 vita
862 5468 1096 5537 neglecta
1117 5467 1410 5533 videretur,
1432 5470 1602 5521 atillis
1628 5470 1856 5538 tegmina
1884 5478 2037 5522 erant
2063 5485 2171 5522 ma-

605 5572 703 5627 gna
727 5598 740 5619 ,
774 5558 855 5611 lex
882 5569 935 5613 et
964 5559 1295 5613 circumcisio
1319 5600 1332 5622 ,
1367 5569 1420 5613 et
1446 5560 1585 5627 quod
1618 5562 1752 5613 Deus
1779 5575 1895 5613 cum
1926 5560 2027 5613 illis
2056 5577 2172 5614 ver-

603 5656 752 5702 satus
781 5656 835 5701 et
863 5649 1191 5717 colloquutus
1220 5660 1397 5716 esset,
1445 5650 1689 5720 quodque
1718 5652 1951 5704 omnium
1992 5660 2172 5706 essent

602 5739 867 5794 doctores.
911 5738 1034 5793 ldeo
1063 5742 1163 5795 illis
1215 5743 1326 5797 bmc
1354 5743 1646 5797 velamenta
1677 5742 1888 5795 abstulit
1914 5783 1928 5809 ,
1974 5751 2027 5797 et
2056 5743 2173 5797 illos

608 5833 773 5901 magis
801 5846 861 5887 ea
890 5836 956 5886 de
994 5846 1149 5885 causa
1177 5836 1329 5902 plecti
1366 5834 1762 5899 demonstravit,
1794 5848 1894 5902 qua
1926 5834 1977 5887 in
2009 5848 2063 5888 rc
2091 5834 2175 5887 hic

1336 450 1391 506 S.
1430 445 1703 505 JOANNIS
1740 431 2202 497 CIIRYSOSTOMI
2241 435 2549 490 ARClllEP.
2591 436 3113 493 CONSTANTINOP.

3764 428 3875 483 uo

2283 564 2583 604 sermonem
2615 550 2892 604 conclusit.
2925 548 3053 603 Nam
3081 550 3124 603 si
3157 547 3352 602 talibus
3389 545 3637 616 patratis,
3668 542 3867 613 inquit.

2283 654 2386 693 non
2434 641 2755 709 puniuntur,
2789 655 3008 696 necesse
3047 649 3167 706 est,
3212 648 3270 693 ut
3309 637 3690 709 blasphemum
3736 636 3868 689 itlod

2279 728 2475 783 dictum
2498 728 2901 785 circumferatur
2920 749 2933 784 :
2954 729 3223 785 Faciamus
3240 730 3393 792 mala,
3408 740 3462 782 ut
3481 729 3687 783 veniant
3710 728 3868 779 bona.

2279 818 2332 874 Si
2360 830 2535 873 autem
2567 820 2688 873 illud
2717 820 2935 890 impium
2966 831 3049 876 est
3068 861 3081 886 ,
3111 829 3163 876 et
3188 821 3231 876 si
3256 820 3344 891 qui
3371 820 3498 874 illud
3526 819 3716 874 dicunt
3746 829 3868 887 pm—

2281 923 2374 962 nas
2414 909 2617 964 dabunt
2645 911 2662 979 (
2688 910 2737 964 id
2767 912 2908 965 enim
2937 912 3228 967 declaravit
3267 911 3350 966 bis
3380 911 3554 965 verbis
3576 952 3592 974 ,
3632 911 3870 974 Quorum

2280 997 2536 1053 damnatio
2582 1002 2727 1071 justo
2783 1011 2851 1055 cst
2877 999 2936 1073 );
2988 1003 3159 1070 palam
3204 1012 3284 1058 cst
3322 1002 3438 1058 illos
3479 1002 3680 1071 puniri.
3728 1000 3865 1054 Nam

2280 1090 2324 1143 si
2357 1091 2442 1161 qui
2473 1090 2572 1144 hoc.
2616 1092 2800 1146 dicunt
2847 1091 3108 1161 supplicio
3134 1094 3274 1164 digni
3304 1104 3461 1162 sunt,
3493 1094 3663 1148 multo
3693 1094 3869 1161 magis

2279 1184 2366 1251 qui
2416 1184 2652 1238 faciunt:
2694 1186 2736 1238 si
2776 1197 2951 1240 autem
2996 1186 3259 1258 supplicio
3285 1187 3470 1258 digiti,
3501 1190 3690 1256 utique
3720 1189 3867 1258 quod

2282 1274 2638 1340 peccaverint.
2697 1274 2883 1346 Neque
2921 1279 3061 1332 enim
3104 1279 3263 1331 homo
3309 1288 3390 1332 est
3429 1278 3517 1346 qui
3562 1278 3716 1346 punit
3744 1320 3760 1343 ,
3814 1289 3869 1332 ιιι

2279 1364 2398 1429 quis
2429 1363 2495 1417 de
2523 1364 2710 1419 calculi
2742 1367 2967 1426 veritate
2994 1366 3234 1432 dubitet;
3259 1367 3350 1421 sed
3374 1368 3532 1433 Deus,
3561 1368 3654 1437 qui
3679 1369 3866 1421 omnia

2275 1453 2419 1519 juste
2446 1456 2589 1509 facit.
2614 1455 2669 1510 Si
2702 1472 2831 1512 vero
2854 1458 2997 1526 juste
3027 1459 3337 1526 puniuntur,
3367 1460 3563 1528 injuste
3591 1460 3668 1514 illi
3698 1476 3866 1531 supra

2282 1554 2575 1599 memorata
2623 1546 2907 1614 dicebant,
2939 1563 3037 1603 nos
3068 1548 3409 1604 traducentes
3436 1568 3449 1603 :
3482 1551 3667 1605 omnia
3714 1553 3863 1607 enim

2284 1634 2421 1688 Deus
2472 1635 2700 1691 faciebat
2745 1646 2799 1693 et
2836 1637 2989 1703 facit,
3024 1648 3081 1693 ut
3111 1640 3230 1694 vitae
3272 1642 3568 1695 institutum
3617 1654 3864 1697 nostrum

2280 1725 2546 1781 elucescat
2587 1737 2642 1782 et
2683 1730 2913 1800 undique
2951 1740 3154 1786 rectum
3196 1732 3284 1785 sit.
3334 1733 3408 1788 Ne
3456 1735 3637 1804 itaque
3688 1736 3867 1806 ignavi

2279 1815 2480 1881 simus;
2516 1819 2582 1872 ita
2611 1820 2752 1874 enim
2783 1823 3013 1891 gentiles
3041 1825 3334 1893 poterimus
3370 1825 3436 1879 ab
3465 1841 3653 1881 errore
3680 1843 3866 1882 remo-

2280 1921 2425 1960 vere.
2466 1907 2597 1962 Nam
2625 1911 2667 1963 si
2697 1912 2874 1966 verbis
2901 1912 3359 1983 philosophentur,
3391 1925 3445 1968 et
3469 1918 3729 1985 operibus
3760 1930 3866 1972 tur-

2281 1997 2415 2065 piter
2439 2013 2655 2066 agamus
2676 2043 2689 2061 ,
2717 2003 2909 2070 quibus
2936 2005 3103 2059 oculis
3134 2006 3279 2075 ipsos
3316 2009 3669 2076 reSpiciemus
3690 2011 3716 2063 ?
3762 2005 3890 2081 quo'

2278 2102 2370 2142 ore
2401 2089 2465 2143 de
2491 2089 2826 2161 dogmatibus
2854 2092 3274 2163 disputabimus?
3301 2100 3443 2154 Dicet
3470 2102 3613 2155 enim
3638 2104 3865 2173 singulis

2279 2190 2514 2234 nostrum
2544 2201 2555 2235 :
2591 2184 2688 2249 Qui
2720 2201 2785 2239 ne
2814 2188 3087 2240 minimum
3114 2189 3328 2258 quidem
3360 2206 3494 2259 opus
3535 2191 3736 2246 bonum
3787 2194 3862 2247 fe-

2277 2271 2415 2334 cisti,
2446 2277 2713 2341 quomodo
2744 2276 2904 2330 audes
2928 2277 2995 2333 de
3024 2278 3207 2347 majori
3231 2279 3475 2333 erudire?
3502 2282 3593 2349 qui
3623 2284 3859 2337 nondum

2278 2361 2507 2416 didicisti
2539 2366 2813 2419 avaritiam
2843 2382 2962 2423 esse
2990 2369 3208 2434 malum,
3237 2371 3503 2439 quomodo
3534 2372 3600 2426 de
3631 2374 3862 2429 ca'lcsti-

2279 2453 2373 2507 l-us
2401 2454 2785 2524 pltilosOpharis
2808 2457 2831 2510 ἲ
2858 2460 2923 2512 At
2942 2461 3138 2514 malum
3167 2476 3286 2515 esse
3317 2464 3497 2516 nosti?
3521 2463 3665 2533 Ergo
3694 2465 3859 2533 majus

2276 2544 2475 2596 crimen
2509 2554 2608 2608 est,
2642 2548 2760 2614 quia
2791 2563 2988 2616 gnarus
3022 2564 3229 2617 peccas.
3262 2550 3463 2619 Ecquid
3495 2555 3750 2621 gentiletn
3778 2556 3857 2607 di-

2273 2634 2380 2687 co?
2424 2634 2606 2704 Neque
2645 2639 2787 2690 enim
2822 2639 2966 2709 leges
3012 2650 3204 2695 nostrae
3244 2644 3423 2696 sinunt
3468 2660 3566 2697 nos
3612 2645 3714 2699 frui
3762 2646 3855 2700 hac

2275 2721 2483 2776 dicendi
2520 2726 2762 2781 libertate
2788 2770 2802 2791 ,
2846 2730 3056 2798 quando
3088 2734 3189 2784 vita
3222 2742 3398 2788 nostra
3436 2746 3694 2807 corrupta
3730 2748 3811 2792 est
3839 2758 3851 2791 :

2274 2812 2402 2866 Nam
2432 2816 2504 2868 ait
2531 2833 2545 2871 :
2575 2816 2836 2873 Peccatori
2865 2833 3033 2875 autent
3064 2824 3189 2877 dixit
3225 2824 3356 2877 Deus
3381 2842 3399 2879 :
3428 2826 3597 2893 Quare
3623 2838 3678 2881 tu
3705 2847 3850 2883 enar-

2274 2920 2358 2955 ras
2380 2906 2609 2975 justitias
2638 2925 2771 2963 meas
2797 2909 2965 2979 (Psal.
3001 2913 3087 2967 49.
3120 2914 3251 2983 l6)?
3289 2915 3457 2970 Judmi
3490 2918 3701 2974 abducti
3732 2930 3853 2976 sunt

2272 2994 2556 3063 aliquando
2576 3001 2789 3067 captivi,
2810 3012 2862 3055 et
2882 3003 3195 3058 instantibus
3214 3009 3628 3080 rogantibusque
3654 3011 3849 3078 Persis,

2274 3095 2329 3139 ut
2358 3087 2443 3142 illa
2485 3089 2660 3144 divina
2703 3095 2906 3147 cantica
2939 3109 3188 3151 canerent
3212 3141 3225 3164 ,
3255 3100 3542 3156 dicebant:
3587 3103 3852 3169 Quomodo

2270 3181 2582 3235 cantabimus
2608 3186 2855 3238 canticum
2877 3186 3079 3241 Domini
3106 3190 3158 3242 in
3182 3201 3313 3243 terra
3338 3194 3504 3246 aliena
3526 3193 3703 3265 (Psal.
3732 3196 3848 3251 156.

2270 3268 2362 3335 4)?
2390 3269 2539 3334 Quod
2572 3274 2616 3326 si
2659 3275 2710 3326 in
2742 3275 3087 3331 barbarorum
3120 3291 3259 3334 terra
3288 3299 3393 3336 non
3425 3284 3614 3338 licebat
3641 3286 3847 3356 eloquia

2274 3360 2478 3415 Domini
2504 3380 2719 3431 canere,
2740 3377 2939 3437 quanto
2962 3372 3133 3423 minus
3161 3372 3353 3427 licebat
3374 3378 3565 3429 animte
3588 3379 3849 3432 barbam?

2272 3453 2494 3509 barbara
2517 3458 2658 3511 enim
2685 3469 2769 3512 est
2796 3460 3174 3517 immisericors
3203 3466 3400 3525 anima.
3427 3465 3479 3520 Si
3509 3469 3650 3520 enim
3686 3469 3849 3537 capti-

2270 3563 2363 3600 vos
2394 3556 2448 3601 et
2475 3564 2658 3602 servos
2687 3549 2956 3605 hominum
2992 3553 3043 3606 in
3070 3554 3240 3609 aliena
3273 3567 3411 3610 terra
3446 3560 3523 3611 lex
3554 3559 3607 3611 in
3637 3560 3848 3613 silentio

2271 3639 2456 3692 sedere
2479 3640 2666 3706 jussit;
2693 3642 2858 3695 multo
2882 3645 3045 3714 magis
3068 3660 3253 3701 servos
3280 3648 3499 3715 peccati,
3520 3660 3567 3702 et
3598 3650 3647 3702 in
3676 3651 3846 3705 alieno

2271 3729 2391 3781 vita:
2431 3729 2668 3783 instituto
2709 3742 2983 3787 versantes
3004 3775 3019 3798 ,
3047 3749 3107 3788 os
3136 3736 3385 3791 claudere
3416 3754 3509 3806 par
3538 3748 3643 3793 est.
3690 3742 3844 3810 Atqui

2270 3829 2319 3872 et
2350 3834 2545 3889 organa
2581 3830 2703 3875 tunc
2732 3822 2804 3875 illi
2834 3822 3133 3881 habebant:
3164 3843 3282 3880 nam
3313 3826 3377 3880 In
3406 3828 3643 3883 salicibus
3668 3832 3721 3883 in
3750 3849 3847 3886 me-

2272 3913 2354 3965 dio
2378 3915 2504 3978 eius,
2527 3914 2714 3983 inquit,
2748 3917 3103 3985 suspendimus
3130 3934 3319 3988 organa
3341 3932 3508 3973 nostra
3526 3920 3700 3988 (Psal.
3727 3924 3844 3977 i394.

2270 4005 2362 4074 9.);
2397 4006 2487 4056 ει·ιί
2522 4021 2691 4073 neque
2722 4008 2787 4059 ita
2826 4007 3034 4061 licebat.
3066 4009 3228 4079 Igitur
3262 4027 3432 4078 neque
3463 4013 3637 4078 nobis,
3669 4018 3766 4069 etsi
3796 4026 3847 4071 et

2272 4112 2330 4147 os
2381 4096 2666 4151 habeamus
2705 4108 2757 4152 et
2798 4100 3026 4170 linguam
3053 4141 3068 4166 ,
3100 4118 3218 4171 quae
3263 4114 3382 4158 sunt
3429 4120 3625 4174 organa
3660 4109 3803 4163 verbi
3828 4150 3843 4172 ,

2274 4188 2393 4241 licet
2437 4204 2557 4241 eum
2593 4191 2779 4245 tiducia
2813 4193 2988 4261 loqui,
3023 4195 3272 4263 quamdiu
3306 4208 3559 4266 peccato,
3594 4200 3844 4257 barbaro.

2272 4298 2385 4334 rum
2416 4285 2649 4336 omnium
2683 4286 2911 4348 smviori,
2945 4287 3224 4342 servimus.

2344 4375 2537 4426 Avarus
2568 4386 2638 4428 est
2671 4375 3136 4432 idololatra.—Dic
3166 4381 3305 4432 cnim
3339 4379 3487 4445 mihi,
3514 4381 3639 4450 quid
3666 4384 3842 4452 gentili

2274 4461 2417 4515 dices
2442 4505 2455 4523 ,
2484 4464 2610 4517 dum
2645 4467 2842 4532 rapinae
2881 4466 3091 4520 deditus
3130 4483 3188 4521 es
3217 4479 3271 4522 ct
3299 4470 3575 4524 avaritia}?
3606 4474 3844 4528 Abscede

2274 4553 2338 4603 ab
2362 4554 2677 4618 idololatria,
2709 4558 2872 4610 Deum
2904 4574 3151 4627 agnosce,
3182 4576 3249 4614 ne
3278 4571 3554 4630 argentum
3581 4574 3635 4618 et
3662 4582 3841 4620 aurum

2274 4646 2514 4713 qtucras?
2545 4649 2733 4700 Annon
2765 4650 2850 4702 ille
2883 4650 3080 4704 ridebit
3102 4651 3347 4721 dicetque
3377 4670 3390 4705 :
3437 4653 3558 4708 Hmc
3584 4654 3676 4709 tibi
3706 4657 3842 4725 prius

2222 4772 2231 4784 .
2272 4736 2474 4790 dicito?
2519 4754 2690 4803 neque
2721 4740 2862 4793 enim
2895 4756 2989 4809 par
3014 4758 3103 4797 res
3130 4754 3209 4797 est
3238 4746 3488 4813 gentilem
3515 4762 3635 4801 esse
3678 4750 3841 4803 idoio-

2274 4827 2479 4890 latrant,
2508 4838 2559 4881 et
2583 4828 2941 4883 Christianum
2971 4829 3107 4886 idem
3136 4832 3306 4899 ipsum
3339 4834 3514 4888 scelus
3543 4837 3837 4895 admittere.

2274 4918 2549 4980 Quomodo
2603 4920 2743 4971 enim
2797 4921 3089 4986 poterimus
3132 4921 3265 4974 alios
3307 4923 3374 4977 ab
3418 4924 3717 4981 idololatria
3761 4929 3839 4983 illa

2274 5007 2559 5069 abducere,
2590 5008 2713 5059 dum
2743 5025 2839 5061 nos
2866 5010 2933 5063 ab
2964 5009 3048 5062 illa
3080 5026 3181 5064 non
3212 5014 3520 5069 rcsilimus?
3564 5033 3663 5071 nos
3704 5023 3837 5076 enim

2276 5100 2427 5151 nobis
2470 5099 2868 5168 propinquiures
2906 5116 3063 5170 quam
3105 5104 3344 5171 proximo
3370 5121 3573 5159 sumus.
3620 5108 3676 5163 Si
3722 5126 3840 5179 ergo

2277 5194 2426 5245 nobis
2457 5193 2583 5259 ipsis
2609 5208 2710 5244 non
2737 5193 3167 5261 persuadeamus,
3194 5198 3462 5266 quomodo
3487 5199 3605 5251 aliis
3633 5215 3841 5268 persua-

2276 5284 2551 5337 debimus?
2569 5284 2623 5337 Si
2645 5285 2783 5337 enim
2816 5284 2879 5347 is,
2898 5286 2983 5354 qui
3005 5286 3183 5340 domui
3209 5303 3321 5343 sua:
3346 5303 3452 5342 non
3473 5288 3610 5343 bene
3633 5300 3834 5360 prmest.

2278 5390 2446 5442 neque
2472 5375 2724 5429 Ecclesim
2746 5390 2923 5428 curam
2950 5375 3193 5443 habebit;
3216 5378 3483 5447 quomodo
3509 5381 3616 5437 ille.
3640 5382 3726 5449 qui
3751 5396 3839 5435 nec

2278 5469 2466 5523 animm
2501 5484 2611 5521 suae
2635 5478 2861 5537 praeest,
2886 5469 3020 5525 alios
3046 5471 3330 5527 emendare
3361 5472 3551 5540 poterit
3574 5472 3596 5523 ?
3621 5472 3696 5526 Ne
3724 5472 3835 5526 nubi

2277 5559 2494 5624 dixeris,
2528 5569 2577 5614 te
2607 5576 2710 5612 non
2740 5574 2956 5613 aureum
2988 5560 3183 5615 idolum
3208 5561 3429 5615 adorare
3451 5580 3463 5614 :
3484 5563 3575 5616 sed
3599 5562 3701 5616 hoc
3723 5560 3837 5615 mibi

2282 5651 2501 5719 probato
2521 5693 2536 5716 ,
2584 5660 2635 5704 te
2668 5667 2769 5703 non
2800 5651 2885 5704 illa
2915 5652 3121 5717 facere,
3151 5668 3268 5721 qum
3294 5668 3479 5706 aurum
3505 5652 3674 5722 jubet.
3724 5652 3836 5707 Nam

2278 5741 2469 5796 diversi
2508 5751 2631 5794 sunt
2686 5740 2995 5795 idololatria:
3043 5742 3185 5797 modi
3212 5758 3228 5797 :
3255 5754 3308 5798 et
3337 5744 3474 5799 alius
3513 5744 3729 5815 quidem
3759 5761 3837 5815 pu-

2284 5844 2355 5889 tat
2385 5849 2681 5888 mamonam
2736 5850 2853 5887 esse
2898 5834 3168 5889 dominum
3197 5878 3211 5900 ,
3266 5838 3402 5891 alius
3457 5848 3694 5894 ventrem
3739 5852 3838 5894 esse
