4056 6510
311 599 380 655 δι’
418 593 494 655 ὧν
529 598 753 669 ῦϐρισα;
792 595 918 660 Πῶς
969 590 1058 650 οὖν
1111 593 1242 648 αὐτὸ
1289 593 1438 661 λύει;
1486 592 1710 663 Ἐτέρῳ,
1763 591 1900 660 ὅπερ

311 684 472 753 ἔφην,
518 681 706 750 ἀτόπῳ
738 679 921 733 πάλιν.
961 679 1023 731 Et
1075 675 1184 747 γὰρ
1230 677 1419 740 αἴτιος,
1485 675 1638 747 φησὶ,
1695 675 1760 726 σὺ
1799 672 1900 742 τῆς

309 767 471 836 νίκης
498 764 708 832 ἐγένου,
736 764 830 817 καὶ
853 761 992 835 μετά
1013 760 1183 814 ταῦτα
1210 759 1434 832 κολάζῃ,
1461 760 1642 814 ἀδικία
1663 757 1726 812 τὸ
1748 756 1899 826 γενό-

312 865 479 918 μενον
503 864 518 880 ·
554 848 603 902 εί
652 848 709 901 δὲ
761 847 860 900 οὐκ
890 845 1093 910 άδικος,
1129 844 1333 919 κολάζῃ
1379 845 1457 906 δὲ,
1511 842 1694 897 οὐκέτι
1727 840 1899 901 αἴτιος

310 929 468 1001 αὑτῷ
507 928 605 1001 τῆς
628 929 785 998 νίκης
815 929 1064 998 γέγονας.
1095 929 1205 982 Καὶ
1227 929 1330 1000 ὅρα
1357 928 1457 998 τὴν
1482 925 1771 980 εὐλάϐειαν
1805 921 1902 993 τὴν

310 1011 697 1083 ἀποστολικήν.
739 1010 924 1065 Εἰπὼν
955 1011 1086 1080 γὰρ,
1116 1012 1213 1080 Μὴ
1245 1011 1453 1078 ἄδικος
1479 1013 1512 1066 ὁ
1536 1009 1682 1075 Θεὸς
1708 1010 1740 1062 ό
1773 1007 1900 1060 ἐπι-

310 1092 515 1164 φέρων
544 1092 657 1160 τὴν
687 1091 876 1162 ὀργήν
892 1108 912 1157 ;
961 1093 1233 1164 ἐπήγαγε,
1269 1094 1429 1148 Κατὰ
1454 1092 1774 1161 ἄνθρωπον
1803 1087 1900 1143 λέ-

311 1195 418 1248 τω.
459 1176 548 1240 Ὠς
570 1177 636 1231 ἄν
668 1194 770 1242 τις,
808 1177 963 1247 φησὶ,
997 1178 1140 1232 κατὰ
1199 1176 1537 1248 ἀνθρώπινον
1593 1173 1898 1245 διαλεχθείη

311 1258 594 1329 λογισμόν·
637 1258 770 1311 πολὺ
800 1259 908 1331 γὰρ
933 1261 1027 1313 καὶ
1055 1259 1124 1313 τά
1152 1259 1282 1331 παρ’
1312 1263 1444 1330 ἡμῖν
1468 1258 1727 1313 δοκοῦντα
1760 1253 1899 1312 εἶναι

306 1341 499 1396 δίκαια
524 1341 840 1414 ὑπερϐαίνει
874 1341 967 1394 τοῦ
1000 1340 1134 1396 Θεοῦ
1162 1345 1194 1412 ἡ
1234 1343 1619 1413 δικαιοκρισία,
1655 1341 1747 1395 καὶ
1786 1340 1899 1412 ἔχει

311 1423 467 1480 τινὰς
517 1424 613 1476 καὶ
667 1424 887 1493 ἐτέρους
917 1424 1264 1496 ἀπορρήτους
1292 1423 1505 1494 λόγους.
1539 1422 1672 1478 Εἶτα
1711 1423 1896 1496 ἐπειδὴ

312 1505 524 1574 ἀσαφὲς
574 1500 664 1576 ἦν,
721 1506 814 1559 καὶ
846 1507 909 1558 ἐκ
937 1505 1193 1578 δευτέρου
1222 1506 1284 1560 τὸ
1312 1508 1445 1561 αὐτὸ
1488 1507 1638 1574 λέγει
1699 1507 1862 1560 πάλιν
1881 1521 1895 1537 ο

316 1590 389 1642 Et
428 1587 539 1658 γὰρ
572 1590 609 1656 ἡ
649 1587 900 1653 ἀλήθεια
941 1588 1049 1643 τοῦ
1106 1590 1254 1644 Θεοῦ
1287 1591 1356 1644 ἐν
1401 1589 1480 1656 τῷ
1519 1590 1639 1660 ἐμῷ
1689 1588 1898 1659 ψεύδει

308 1669 756 1738 ἐπερίσσευσεν
783 1673 870 1735 εἰς
917 1669 1032 1737 τὴν
1059 1670 1248 1736 δόξαν
1287 1673 1495 1734 αὑτοῦ.
1532 1673 1590 1726 τί
1620 1673 1706 1727 ἐτι
1735 1672 1898 1742 κάγὼ

310 1752 394 1818 ὡς
423 1752 770 1821 ἁμαρτωλὸς
803 1753 1076 1822 κρίνομαι
1093 1772 1112 1818 ;
1137 1755 1199 1807 Εἰ
1229 1754 1337 1825 γὰρ
1364 1756 1392 1807 6
1417 1755 1567 1821 Θεὸς,
1592 1758 1743 1826 φησὶ,
1776 1756 1898 1825 φιλ-

311 1832 597 1904 άνθρωπος
645 1835 735 1888 καὶ
777 1835 982 1900 δίκαιος
1027 1837 1198 1908 ἐφάνη
1235 1836 1330 1891 καὶ
1361 1838 1585 1906 ἀγαθὸς,
1623 1839 1680 1907 ἐξ
1721 1834 1796 1892 ῶν
1832 1839 1894 1892 σὺ

310 1917 688 1988 παρήκουσας,
722 1917 784 1969 οὐ
812 1918 972 1988 μόνον
1000 1921 1100 1973 οὐκ
1121 1919 1360 1989 ὀφείλεις
1391 1920 1737 1986 κολάζεσθαι,
1759 1921 1895 1975 ἀλλά

308 1999 406 2054 καὶ
431 2001 859 2072 εὐεργετεῖοθαι.
912 2003 974 2056 Εί
1002 2003 1058 2056 δὲ
1085 2003 1262 2068 τοῦτο,
1295 2005 1650 2076 εὑρεθήσεται
1675 2006 1736 2060 τὸ
1767 2006 1890 2060 6:0-

308 2099 412 2137 πον
441 2085 640 2148 ἐκεῖνο,
671 2085 766 2138 καὶ
799 2085 951 2156 παρὰ
986 2087 1200 2140 πολλῶν
1239 2090 1691 2160 περιφερόμενον,
1723 2089 1784 2141 τὸ
1830 2090 1895 2141 ἐκ

305 2165 418 2220 τῶν
447 2166 633 2220 κακῶν
661 2162 798 2221 εἶναι
847 2171 913 2223 τὰ
943 2169 1102 2236 καλὰ,
1143 2173 1235 2225 καὶ
1277 2171 1426 2225 αῐτια
1476 2173 1584 2225 τῶν
1617 2171 1797 2224 καλῶν
1827 2171 1895 2224 τὰ

306 2249 492 2304 κακά’
553 2249 645 2304 καὶ
686 2250 899 2323 ἀνάγκη
956 2253 1012 2306 δὲ
1054 2255 1197 2307 δυοῖν
1253 2254 1480 2327 θάτερον
1507 2294 1520 2318 ,
1561 2255 1593 2326 ἢ
1643 2254 1897 2319 κολάζον-

304 2348 377 2386 τα
422 2331 608 2386 ἄδικον
656 2333 984 2402 φαίνεσθαι,
1034 2336 1066 2408 ἢ
1126 2339 1202 2410 μὴ
1257 2338 1552 2402 κολάζοντα
1631 2338 1738 2392 ἀπὸ
1786 2339 1894 2392 τῶν

306 2413 594 2486 ἡμετέρων
620 2415 806 2468 κακῶν
834 2416 981 2487 ἔχειν
1022 2418 1092 2472 τὰ
1120 2421 1448 2492 νικητήριαο
1512 2420 1659 2492 ἅπερ
1711 2421 1892 2492 ἀμφό-

304 2514 440 2571 τερα
497 2498 616 2570 μεθ’
665 2500 971 2574 ὑπερϐολῆς
1029 2503 1227 2558 ἄτοπα.
1283 2505 1464 2576 Ὅπερ
1519 2505 1737 2570 δεικνὺς
1799 2505 1894 2559 καὶ

306 2580 492 2645 αὐτὸς,
534 2583 662 2645 τοὺς
695 2585 938 2655 πατέρας
958 2585 1067 2641 τῶν
1097 2587 1356 2642 τοιούτων
1415 2592 1754 2661 ἐπεισήγαγε
1809 2589 1894 2644 δο-

307 2662 536 2734 γμάτων
563 2664 855 2736 Ἕλληνας,
887 2669 1078 2740 ἀρκεῖν
1111 2673 1416 2744 ἡγούμενος
1443 2675 1523 2736 είς
1555 2674 1893 2745 κατηγορίαν

306 2746 416 2799 τῶν
445 2747 770 2819 εἰρημένων,
820 2750 918 2821 τὴν
967 2755 1229 2822 ποιότητα
1264 2755 1372 2808 τῶν
1417 2759 1726 2829 προσώπων
1782 2758 1892 2811 τῶν

304 2828 479 2882 ταῦτα
505 2828 788 2898 λεγόντων.
812 2833 949 2886 Τότε
970 2833 1077 2906 γάρ
1097 2837 1245 2906 ἡμᾶς
1270 2828 1661 2909 κωμῳδοῦντες
1685 2839 1891 2910 ἔλεγον,

306 2913 390 2965 ὅτι
421 2911 774 2983 Ποιήσωμεν
793 2916 866 2970 τὰ
881 2919 1056 2983 κακὰ,
1087 2919 1188 2972 ἵνα
1213 2921 1360 2990 ἔλθῃ
1379 2921 1451 2974 τὰ
1466 2922 1678 2988 ἀγαθάν
1699 2923 1779 2977 διὸ
1800 2926 1894 2979 καὶ

306 2995 551 3049 τέθεικεν
588 2998 720 3050 αὐτὸ
776 2998 963 3069 σαφῶς
1001 3000 1143 3054 οῦτω
1187 3003 1394 3071 λέγων·
1451 3008 1520 3060 El
1557 3005 1644 3076 μὴ
1700 3008 1894 3074 καθὼς

302 3078 844 3149 βλασφημούμεθα,
899 3084 994 3137 καὶ
1030 3084 1222 3151 καθώς
1246 3089 1400 3155 φασί
1429 3106 1587 3155 τινες
1613 3091 1772 3160 ἡμᾶς
1798 3095 1896 3147 λέ-

307 3178 457 3244 ιζειν.
478 3163 567 3216 ὅτι
601 3163 952 3234 Ποιήσωμεν
982 3167 1052 3221 τὰ
1070 3170 1244 3230 κακὰ.
1271 3171 1370 3226 ἵνα
1399 3172 1546 3240 ἔλθῃ
1577 3176 1648 3227 τὰ
1665 3175 1854 3244 ἀγαθά
1876 3193 1890 3207 ·

308 3239 398 3297 ὧν
429 3243 491 3297 τὸ
522 3244 699 3314 κρῖμα
723 3247 969 3302 ἔνδικόν
991 3251 1182 3307 ἐστιν.
1210 3253 1363 3324 [480]
1409 3239 1624 3327 Ἐπειδὴ
1646 3239 1754 3328 γάρ
1773 3259 1894 3312 ελε-

312 3343 410 3395 γεν
431 3331 459 3381 ό
492 3328 924 3394 Παῦλος,”οπου
945 3333 1326 3390 ἐπλεόνασεν
1352 3339 1389 3406 ἡ
1415 3339 1688 3409 ἁμαρτία,
1711 3346 1896 3414 ὑπερ-

309 3413 749 3480 επερίσσευσεν
800 3417 838 3484 ἠ
881 3416 1072 3485 χάρις,
1137 3421 1528 3490 κωμῳδοῦντες
1587 3425 1746 3479 αὐτὸν
1799 3413 1894 3481 καὶ

312 3497 478 3568 ἑτέρα
517 3495 711 3570 γνώμῃ
759 3499 1176 3571 διαστρέφοντες
1229 3503 1287 3555 τὸ
1344 3506 1633 3577 εἰρημένον
1682 3509 1889 3578 ἔλεγον,

310 3581 395 3633 δτι
418 3582 509 3633 Δεῖ
541 3582 741 3644 κακίας
798 3582 1038 3654 ἔχεσθαι,
1073 3585 1158 3638 ἵνα
1208 3586 1603 3657 ἀπολαύσωμεν
1649 3593 1890 3659 ἀγαθῶν.

323 3662 381 3716 '0
433 3664 487 3717 δὲ
523 3664 736 3729 Παῦλος
788 3667 885 3736 οὐχ
913 3666 1087 3730 οὕτως
1134 3667 1322 3736 ἕλεγε’
1359 3669 1736 3742 διορθούμενος
1763 3677 1892 3744 γοῦν

312 3745 460 3810 αὐτὸ,
493 3747 652 3817 φησί’
690 3748 751 3801 Τί
772 3745 916 3814 οὗν;
940 3750 1346 3820 ἐπιμενοῦμεν
1384 3751 1454 3821 τῇ
1489 3755 1762 3824 ἁμαρτίᾳ,
1795 3761 1894 3812 ἵνα

310 3829 350 3897 ἠ
387 3827 558 3898 χάρις
587 3830 940 3898 πλεονάσῃ;
987 3832 1085 3901 Μὴ
1121 3833 1370 3904 γένοιτο.
1437 3839 1605 3911 ’Υπὲρ
1649 3841 1756 3911 γὰρ
1786 3843 1892 3894 τῶν

309 3912 706 3985 παρελθόντων,
737 3917 891 3986 φησὶ,
929 3918 1127 3987 εἴρηκα
1158 3918 1385 3989 χρόνων,
1412 3921 1512 3992 οὐχ
1545 3924 1631 3976 ἵνα
1663 3925 1893 3994 μελέτην

313 3995 467 4048 τοῦτο
501 4008 526 4036 ι
575 3996 876 4068 ποιώμεθα.
930 4000 1147 4072 Ταύτης
1195 4001 1326 4069 γοῦν
1353 4005 1584 4074 ἀπάγων
1624 4008 1720 4076 τῆς
1756 4009 1891 4061 ὑποο

313 4078 479 4142 νοίας,
511 4078 713 4150 ἔφησεν
765 4083 895 4135 αὐτὸ
921 4085 1012 4136 καὶ
1061 4085 1318 4138 ἀδύνατον
1340 4083 1477 4142 εἶναι
1508 4090 1711 4145 λοιπόν.
1743 4093 1894 4145 07n-

309 4177 414 4228 νες
443 4161 572 4230 γὰρ,
601 4164 784 4232 φησὶν,
811 4165 1187 4234 ἀπεθάνομεν
1216 4166 1290 4236 τῇ
1321 4170 1597 4240 ἁμαρτίᾳ,
1641 4173 1769 4240 πῶς
1800 4175 1890 4232 ἔτι

311 4241 567 4313 ζήσομεν
589 4245 657 4297 ἐν
689 4245 879 4313 αὐτῇ;

383 4329 470 4392 ς’.
512 4328 631 4382 Τῶν
657 4327 755 4399 μὲν
781 4325 874 4384 οὖν
904 4329 1169 4402 Ἑλλήνων
1193 4335 1431 4401 εὐκόλως
1458 4338 1799 4410 κατέδραμεν
1817 4359 1833 4375 ·
1862 4344 1890 4396 6

311 4409 418 4481 γὰρ
446 4411 554 4480 βίος
575 4411 754 4465 αὐτῶν
775 4413 979 4483 σφόδρα
999 4415 1288 4490 διέφθαρτο
1304 4437 1317 4450 ·
1342 4420 1449 4474 τῶν
1464 4422 1520 4475 δέ
1550 4409 1818 4478 Ἰουδαίων
1843 4429 1891 4481 εί

311 4493 405 4545 καὶ
436 4495 464 4545 ό
491 4493 603 4582 βίος
640 4496 816 4548 ἐδόκει
847 4500 1291 4582 πιῳημελῆσθαι,
1321 4504 1436 4556 ἀλλ’
1466 4502 1535 4576 ἦν
1567 4510 1890 4582 προκαλύμ-

315 4591 474 4661 ματαΔ
497 4575 700 4661 τούτων
741 4579 974 4647 μεγάλα,
1031 4582 1192 4651 νόμος
1231 4587 1324 4638 καὶ
1373 4575 1664 4661 περιτομὴ,
1698 4594 1791 4647 καὶ
1820 4575 1890 4648 ’τὸ

309 4657 398 4710 τὸν
443 4657 573 4712 Θεὸν
607 4660 790 4724 αὐτοῖς
830 4663 1187 4733 ὡμιληκέναι,
1234 4671 1326 4722 καὶ
1373 4671 1433 4724 τὸ
1481 4657 1696 4729 πάντων
1749 4674 1888 4732 εἶναι

308 4741 674 4830 διδασκάλους.
702 4745 800 4798 Διά
829 4745 987 4800 τοῦτο
1008 4750 1322 4806 καὶτούτων
1354 4755 1549 4820 αὐτοὺς
1578 4758 1883 4830 ἐγύμνωσε,

309 4824 400 4876 καὶ
443 4824 640 4908 μᾶλλον
674 4826 871 4892 ἔδειξεν
919 4830 982 4882 ἐκ
1014 4831 1218 4885 τούτων
1272 4824 1694 4908 κολαζομένους,
1725 4847 1804 4907 είς

309 4908 400 4996 καὶ
419 4907 765 4996 ἐνταῦθαΑτὸν
791 4909 948 4996 λόγον
977 4915 1338 4973 συνέκλεισεν.
1370 4921 1433 4974 El
1478 4907 1587 4994 γάρ
1620 4925 1693 4996 μὴ
1728 4928 1888 4983 κολά-

309 4991 509 5054 ζονται,
549 4992 702 5062 φησὶ,
732 4993 954 5050 τοιαῦτα
992 4999 1293 5064 ποιοῦντες,
1328 5004 1540 5077 ἀνάγκη
1559 4991 1692 5060 τὸν-
1720 5009 1884 5080 βλάσ-

309 5091 496 5159 φημον.
537 5077 740 5159 ἐκεῖνον
799 5080 1194 5152 περιφέρεσθαι
1251 5085 1436 5154 λόγον,
1482 5090 1562 5155 τὸ,
1620 5077 1885 5159 Ποιήσω-

302 5173 416 5226 μεν
438 5157 510 5210 τὰ
536 5158 711 5223 κακὰ,
738 5160 837 5212 ἵνα
857 5162 1004 5231 ἔλθῃ
1041 5166 1112 5220 τὰ
1145 5167 1355 5236 ἀγαθά.
1395 5169 1455 5225 Et
1495 5172 1549 5225 δέ
1573 5175 1731 5229 τοῦτο
1754 5157 1882 5230 ἀσε-

442 5240 534 5293 καὶ
561 5243 608 5293 οἰ
633 5241 884 5332 λέγοντες
923 5247 1053 5332 αὐτὸ
1107 5250 1263 5332 δίκην
1303 5252 1533 5309 δώσουσι
1567 5257 1748 5326 (τοῦτο
1775 5260 1885 5332 γὰρ

305 5321 569 5410 ἐδηλωσεν
599 5325 787 5389 εἰπὼν,
812 5321 928 5381 ’Ὧν
971 5330 1037 5383 τὸ
1067 5331 1243 5400 κρῖμα
1286 5336 1527 5391 ἔνδικόν
1551 5321 1764 5410 ἐστιν),
1787 5321 1885 5396 ἐΰζ-

304 5406 456 5496 δηλον
485 5409 569 5496 ὅτι
590 5409 940 5496 ’κρλάζονταμ
985 5415 1044 5467 El
1083 5417 1194 5488 γάρ
1231 5419 1279 5471 οί
1310 5420 1580 5488 λέγοντες,
1614 5406 1881 5496 τιμωρίας

304 5487 460 5555 ἄξιοι,
488 5492 665 5563 πολλῷ
717 5495 918 5565 μᾶλλον
963 5499 1012 5551 οἱ
1048 5487 1418 5570 πράσσοντες)
1450 5508 1496 5558 εί
1534 5507 1590 5560 δὲ
1621 5487 1771 5572 ἄξιοι.
1803 5487 1881 5562 τιλ

306 5574 530 5661 μωρίας,
583 5577 1096 5661 (ὸς-ἡμαρτηκότες
1130 5583 1288 5650 ἄξιοι.
1338 5587 1411 5639 Οὐ
1443 5587 1551 5658 γάρ
1597 5589 1882 5661 ἄνθρωπός

304 5657 448 5710 ἐστιν
481 5660 509 5712 6
553 5659 817 5726 κολάζων,
845 5663 933 5717 ἵνα
961 5665 1054 5718 καί
1085 5682 1166 5729 τις
1195 5657 1645 5743 ύποπτεύσῃντὴν
1679 5657 1876 5744 ψῆφον,

302 5740 412 5795 ἀλλ’
443 5744 471 5796 6
499 5742 631 5806 Θεὸς
659 5745 688 5797 6
731 5746 952 5813 δικαίως
1000 5748 1178 5804 πάντα
1223 5753 1413 5808 ποιῶν.
1464 5740 1526 5808 Εί
1559 5740 1616 5808 δέ
1657 5740 1881 5823 δικαίως

302 5825 684 5909 τιμωροῦνται,
725 5827 926 5893 ἀδίκως
967 5833 1149 5887 ἐκεῖνα
1179 5834 1386 5903 ἔλεγον,
1420 5838 1565 5908 άπερ
1595 5839 1781 5909 ἔλεγον
1830 5845 1880 5896 οἱ

304 5908 690 5979 κωμῳδοῦντες
719 5912 897 5981 ἡμᾶς’
935 5914 1113 5969 πάντα
1147 5917 1254 5987 γὰρ
1286 5921 1315 5971 6
1364 5920 1494 5985 Θεὸς
1548 5908 1750 5994 ἔπραξε
1786 5928 1877 5981 καὶ

360 6131 383 6160 ⁸
410 6128 583 6180 Morel.
611 6131 762 6191 solus,
791 6131 878 6196 οὐχ
900 6132 975 6182 ἵνα
996 6135 1111 6197 πρὸς
1141 6138 1334 6198 μελέτην
1366 6139 1524 6192 τοῦτο.

1415 481 1479 536 IN
1524 479 1739 537 l-.PIST.
1784 479 1871 532 AD
1917 476 2081 532 ιιοΜ.
2127 473 2356 528 ῙΙΟΜΙΙ..
2401 473 2487 527 Vl.

3489 470 3594 524 ιιι)

2009 587 2260 658 πράττει,
2297 585 2439 638 ὥστε
2475 583 2572 655 τὴν
2603 581 2880 638 πολιτείαν
2933 581 2963 651 ὴ
2976 578 3090 650 μῶν
3121 578 3449 649 διαλάμπειν
3497 579 3594 634 καὶ

2005 667 2294 738 ὀρθοῦσθαι
2351 667 2637 723 πάντοθεν.
2691 666 2784 737 Μὴ
2816 663 2996 718 τοίνυν
3032 661 3398 734 ρᾳθυμῶμεν·
3450 661 3596 716 οῦτω

2005 753 2113 823 γὰρ
2143 752 2235 804 καὶ
2265 751 2391 813 τοὺς
2421 750 2692 820 Ἕλληνας
2750 748 3058 830 ἀποστῆσαι
3103 745 3446 830 δυνησόμεθα
3493 745 3595 830 τῆς

2003 834 2235 905 πλάνης.
2280 835 2448 887 Ὅταν
2489 833 2548 887 δέ
2598 835 2656 886 ἐν
2692 829 2789 904 μὶν
2827 832 3037 904 ῥήμασι
3093 829 3495 899 φιλοσοφῶμεν,
3535 829 3596 881 ἐν

2000 919 2056 972 δὲ
2110 918 2290 990 ἔργοις
2347 917 2769 990 ἀσχημονῶμεν,
2811 916 2986 990 ποίοις
3030 913 3330 985 ὀφθαλμοῖς
3394 911 3594 972 αὐτοὺς

1999 1001 2275 1074 όψόμεθα;
2331 1001 2508 1065 ποίοις
2543 1001 2778 1071 στόμασι
2834 997 3191 1068 διαλεξόμεθα
3231 996 3363 1068 περὶ
3389 996 3596 1066 δογμά-

1999 1102 2144 1149 τωνς
2187 1085 2338 1155 Ἐρεῖ
2364 1086 2473 1156 γαρ
2510 1084 2646 1153 πρὸς
2676 1082 2907 1136 ικαστον
2943 1081 3134 1154 ἡμῶν·
3177 1081 3235 1135 '0
3263 1081 3325 1135 τὸ
3370 1078 3594 1134 ἔλαττον

2004 1169 2080 1240 μὴ
2108 1167 2492 1240 κατορθωκὼς,
2521 1166 2638 1230 πῶς
2666 1165 2840 1232 ἀξιοῖς
2865 1165 2996 1237 περὶ
3021 1165 3116 1218 τοῦ
3164 1164 3410 1236 μείζονος
3443 1162 3590 1217 διδά-

2001 1270 2194 1317 σκεινς
2242 1253 2270 1306 ό
2325 1252 2553 1324 μηδέπω
2583 1248 2795 1321 μαθὼν,
2820 1251 2902 1304 ὃτι
2935 1249 3215 1317 πλεονεξία
3247 1247 3442 1314 κακὸν,
3471 1246 3592 1313 πῶς

2000 1337 2131 1405 περὶ
2175 1335 2285 1388 τῶν
2337 1338 2396 1388 ἐν
2449 1338 2561 1396 τοῖς
2593 1334 2845 1405 οὐρανοῖς
2877 1334 3219 1404 πραγμάτων
3245 1333 3554 1407 φιλοσοφεῖς
3563 1349 3588 1407 β

2013 1419 2154 1472 Ἀλλ’
2178 1415 2344 1483 οἶδας,
2369 1420 2450 1472 ὅτι
2481 1417 2685 1482 κακόν;
2741 1416 2952 1470 Οὐκοῦν
2998 1416 3184 1486 μεῖζον
3215 1415 3274 1468 τὸ
3312 1415 3588 1486 ἕκγλημά.

1999 1500 2082 1554 ὅτι
2117 1501 2210 1556 καὶ
2238 1501 2395 1565 εἰδὼς
2428 1500 2790 1572 πλημμελεῖς.
2824 1501 2933 1554 Καὶ
2961 1500 3012 1552 τί
3041 1498 3186 1567 λέγω
3209 1497 3298 1551 τὸν
3320 1498 3590 1568 Ἔλληνα;

2001 1583 2135 1637 Οὐδὲ
2189 1584 2298 1655 γὰρ
2349 1584 2397 1636 οἱ
2452 1584 2583 1653 παρ’
2638 1584 2770 1652 ἡμῖν
2823 1582 2977 1652 νόμοι
3033 1578 3409 1651 συγχωροῦσιν
3458 1581 3592 1651 ἡμῖν

1999 1665 2203 1736 ταύτης
2228 1665 2524 1720 ἀπολαύειν
2556 1666 2656 1737 τῆς
2693 1665 3030 1738 παρρησίας,
3066 1665 3193 1718 ὅταν
3228 1662 3258 1717 6
3293 1663 3404 1735 βίος
3433 1665 3593 1734 ἡμῶν

1997 1747 2476 1825 διεφθαρμένος
2509 1749 2594 1817 Τῷ
2631 1751 2742 1822 γὰρ
2763 1748 3110 1820 ἁμαρτωλῷ,
3147 1749 3333 1821 φησὶν,
3361 1743 3532 1802 εἶπεν
3560 1751 3594 1802 ό

2001 1834 2177 1900 Θεός·
2233 1834 2369 1887 Ἵνα
2395 1844 2450 1887 τι
2505 1833 2588 1888 σὺ
2645 1830 2896 1902 ἐκδιηγῆ
2941 1831 3014 1886 τὰ
3042 1829 3405 1901 δικαιώματά
3432 1847 3594 1900 μου;

2011 1915 2426 1986 Ἀπηνέχθησάν
2460 1933 2590 1969 ποτε
2649 1915 2988 1986 αἰχμάλωτοι
3021 1915 3281 1980 Ἰουδαῖοι,
3331 1916 3427 1969 καὶ
3484 1913 3592 1966 τῶν

1998 2000 2230 2070 Περσῶν
2260 2000 2626 2071 ἐπικειμένων
2659 2001 2755 2054 καὶ
2786 1999 3082 2065 ἀξιούντων
3115 1999 3261 2071 ᾄδειν
3283 2000 3466 2062 αὐτοῖς
3494 1999 3593 2062 τὰς

1997 2082 2150 2147 θείας
2171 2083 2314 2154 ᾠδὰς
2335 2085 2572 2149 ἐκείνας,
2598 2083 2786 2152 ῐλεγον
2807 2101 2820 2112 ·
2857 2083 2990 2148 Πῶς
3009 2083 3241 2153 ᾆσομεν
3275 2083 3390 2150 τὴν
3425 2081 3593 2150 ᾠδὴν

1995 2167 2220 2233 Κυρίου
2252 2166 2352 2220 ἐπὶ
2375 2165 2492 2236 γῆς
2523 2167 2891 2235 ἁλ.ίοτρίας;
2940 2168 3003 2219 El
3047 2167 3102 2220 δέ
3136 2169 3194 2220 ἐν
3226 2165 3488 2237 βαρϐάρῳ
3518 2167 3589 2236 γῇ

1994 2247 2066 2302 τά
2113 2247 2272 2317 λόγια
2320 2249 2413 2303 τοῦ
2442 2249 2578 2303 Θεοῦ
2606 2249 2763 2320 θέμις
2792 2251 2893 2303 οὐκ
2926 2245 2994 2319 ἦν
3017 2249 3187 2320 ᾅδειν,
3223 2249 3403 2317 πολλῷ
3452 2249 3591 2319 μᾶλ-

1996 2330 2087 2384 λον
2128 2330 2227 2402 τὴν
2279 2331 2556 2403 βάρϐαρον
2606 2333 2823 2404 ψυχήνς
2880 2331 3153 2404 βάρϐαρος
3209 2332 3318 2402 γάρ
3358 2331 3506 2384 ἐστιν
3554 2332 3590 2401 ἡ

1997 2413 2221 2486 ἀνελεὴς
2275 2413 2443 2486 ψυχή.
2511 2416 2573 2468 Εί
2631 2415 2740 2487 γὰρ
2789 2417 2915 2479 τοὺς
2967 2415 3347 2486 αίχμαλωτους
3402 2413 3587 2478 ὄντας.

1997 2497 2092 2550 καὶ
2131 2497 2351 2562 δούλους
2390 2497 2692 2569 ἀνθρώπων
2747 2501 2805 2553 ἐν
2836 2498 3094 2568 ἀλλοτρίᾳ.
3135 2501 3206 2569 γῇ
3261 2497 3588 2569 γενομένους

1995 2581 2023 2632 6
2058 2581 2222 2651 νόμος
2245 2581 2500 2634 ἐκάθισεν
2535 2580 2687 2652 [481]
2716 2585 2772 2635 ἐν
2803 2583 2928 2651 σιγῇ
2952 2597 2966 2610 ⁸
3021 2580 3201 2649 πολλῷ
3230 2581 3430 2652 μᾶλλον
3459 2581 3588 2643 τοὺς

1993 2665 2213 2727 δούλους
2244 2665 2404 2727 ὄντας
2433 2665 2535 2734 τῆς
2563 2665 2838 2736 ἁμαρτίας
2893 2664 2988 2717 καὶ
3040 2667 3097 2717 ὲν
3141 2662 3399 2735 ἀλλοτρίᾳ
3432 2663 3586 2717 πολι-

1993 2748 2113 2820 τείᾳ
2146 2749 2471 2819 γενομένους
2503 2746 2949 2818 ἐπιστομίζεσθαι
2995 2747 3224 2802 δίκαιον.
3267 2747 3458 2802 Καίτοι
3491 2749 3588 2802 καὶ

1994 2830 2064 2884 τά
2085 2832 2292 2901 ὄργανα
2323 2827 2469 2901 εἶχον
2495 2832 2616 2886 τότε
2664 2832 2894 2884 ἐκεῖνον
2962 2830 3068 2884 Ἐν
3105 2831 3213 2902 γὰρ
3241 2831 3371 2898 ταῖς
3404 2831 3588 2898 ίτέιιις

1993 2916 2064 2968 ἐν
2107 2915 2279 2983 μέσῳ
2329 2914 2557 2981 αὐτῆς,
2621 2914 2822 2984 φησὶν,
2878 2913 3293 2984 ἐκρεμάσαμεν
3351 2914 3424 2969 τὰ
3486 2914 3585 2982 ὄρ-

1995 3014 2148 3067 γανα
2185 2997 2391 3066 ἡμῶνσ
2451 2998 2566 3051 ἀλλ’
2598 2997 2719 3051 οὐδὲ
2775 2995 2950 3058 οὕτως
3004 2997 3151 3067 ἐξῆν.
3209 2997 3418 3052 Οὐκοῦν
3464 2997 3586 3051 οὐδὲ

1995 3081 2148 3150 ἡμῖν,
2206 3080 2309 3133 κᾶν
2349 3081 2524 3150 στόμα
2557 3080 2773 3151 ἔχωμεν
2807 3080 2901 3133 καὶ
2953 3079 3222 3147 γλῶτταν,
3260 3081 3401 3152 άπερ
3441 3081 3587 3134 ἐστὶν

1993 3162 2201 3233 ὄργανα
2250 3162 2345 3216 τοῦ
2382 3163 2564 3231 λόγου,
2606 3163 2768 3232 θέμις
2820 3161 3320 3234 παρρησιάζεσθαι,
3377 3163 3482 3226 ἕως
3519 3163 3586 3216 ἂν

1992 3250 2060 3318 τῇ
2120 3247 2340 3300 πάντων
2390 3247 2682 3319 βαρϐάρων
2744 3249 3192 3318 τυραννικωτέρᾳ
3249 3246 3587 3319 δουλεύωμεν

1993 3329 2260 3400 ἁμαρτίᾳ.

2067 3413 2201 3466 Εἰπὲ
2261 3416 2369 3484 γάρ
2406 3429 2518 3483 μοι,
2566 3413 2619 3464 τί
2661 3413 2799 3482 πρὸς
2829 3412 2920 3466 τὸν
2949 3413 3192 3482 Ἕλληνα
3230 3415 3374 3484 ἐρεῖς
3407 3414 3588 3484 ἀρπά-

1995 3493 2103 3558 ζων
2135 3497 2226 3549 καὶ
2254 3495 2625 3563 πλεονεκτῶν;
2663 3495 2935 3566 ἁπόστηθι
2964 3498 3063 3566 τῆς
3099 3495 3540 3568 είδωλολατρείας
3569 3515 3583 3562 ;

1993 3577 2259 3646 ἐπίγνωθι
2293 3579 2385 3631 τὸν
2414 3578 2569 3642 Θεὸν,
2621 3577 2757 3648 μηδὲ
2797 3578 3025 3649 ἀργύρῳ
3065 3580 3160 3634 καὶ
3200 3580 3388 3649 χρυσῷ
3420 3580 3587 3650 πρόσ-

1998 3661 2070 3713 ιθι
2095 3679 2108 3725 ;
2136 3657 2262 3732 Ἆρ’
2298 3657 2390 3714 οῦν
2421 3661 2482 3713 ού
2516 3660 2807 3729 γελάσεται
2861 3664 2955 3714 καὶ
2985 3662 3119 3731 ἐρεῖο
3179 3661 3372 3733 Σαυτῷ
3414 3661 3583 3716 ταῦτα

1993 3742 2244 3810 διαλέγου
2284 3744 2585 3815 πρότερον;
2623 3744 2684 3797 ού
2719 3743 2827 3814 γάρ
2865 3745 3014 3796 ἐστιν
3048 3745 3160 3797 ῐσον
3187 3745 3423 3816 Ἕλληνα
3456 3746 3585 3800 ὄντα

1993 3824 2427 3894 εἰδωλολατρεῖν,
2486 3826 2581 3878 καὶ
2626 3826 2956 3896 Χριστιανὸν
2987 3826 3115 3880 ὄντα
3164 3827 3226 3880 τὸ
3260 3827 3391 3881 αὐτὸ
3426 3828 3586 3882 τοῦτο

1995 3907 2362 3977 πλημμελεῖν.
2399 3907 2524 3970 Πῶς
2555 3906 2665 3979 γάρ
2697 3907 3040 3979 δυνησόμεθα
3086 3909 3307 3980 ἐτέρους
3350 3910 3585 3980 ἀπάγειν

1992 3991 2090 4060 τῆς
2118 3991 2565 4062 είδωλολατρείας
2597 3992 2836 4063 ἐκείνης,
2854 3993 3082 4057 ἑαυτοὺς
3131 3994 3339 4065 ταύτης
3363 3996 3464 4048 οὐκ
3486 3997 3586 4050 άπ-

1995 4074 2256 4142 άγοντες;
2296 4075 2387 4128 τοῦ
2422 4074 2532 4147 γάρ
2571 4074 2803 4147 πλησίον
2835 4077 2996 4147 ἡμεῖς
3027 4078 3317 4150 ἐγγύτεροι
3349 4079 3579 4141 ἑαυτοῖς.

1995 4157 2161 4212 Ὅταν
2192 4153 2284 4212 οῦν
2309 4159 2534 4222 ἑαυτοὺς
2561 4158 2638 4230 μὴ
2666 4159 2963 4230 πείθωμεν,
2999 4161 3115 4224 πῶς
3145 4163 3364 4232 ἐτέρους
3396 4162 3583 4215 πείσο-

1995 4259 2127 4313 μενς
2161 4240 2223 4294 Et
2254 4241 2364 4313 γὰρ
2386 4242 2415 4293 6
2449 4242 2545 4312 τῆς
2573 4241 2752 4304 οίκίας
2779 4244 2877 4314 τῆς
2913 4242 3106 4297 ἐαυτοῦ
3140 4245 3167 4284 b
3196 4245 3270 4315 μὴ
3301 4245 3582 4316 προεστὼς

1993 4323 2196 4388 καλῶς,
2225 4324 2346 4376 οὐδὲ
2378 4323 2710 4394 Ἑκκλησίας
2741 4325 3161 4397 ἐπιμελήσεταιο
3214 4329 3330 4392 πῶς
3373 4328 3400 4380 ό
3447 4328 3581 4397 μηδὲ

1991 4409 2091 4478 τῆς
2117 4407 2311 4461 ἑαυτοῦ
2332 4408 2510 4477 ψυχῆς
2533 4408 2837 4478 προεστὼς,
2864 4409 3088 4480 ἐτέρους
3113 4410 3406 4482 διορθῶσαι
3432 4411 3582 4482 δυνη-

1996 4507 2182 4556 σεται;
2218 4490 2309 4562 Μὴ
2356 4494 2466 4561 γάρ
2523 4509 2615 4561 μοι
2637 4491 2804 4565 τοῦτο
2833 4492 3014 4565 εἴπῃς,
3045 4494 3125 4547 ὅτι
3155 4497 3216 4548 ού
3255 4499 3582 4567 προσκυνεῖς

1992 4573 2206 4628 εἴδωλον
2234 4571 2488 4645 χρυσοῦν·
2515 4574 2632 4627 ἀλλ’
2655 4576 2830 4629 ἐκεῖνό
2859 4592 2946 4644 μοι
2974 4575 3166 4643 δεῖξον,
3193 4578 3274 4630 ὃτι
3309 4577 3382 4647 μὴ
3408 4580 3580 4642 ποιεῖς

1990 4657 2185 4718 ταῦτα.
2235 4656 2380 4729 άπερ
2435 4659 2463 4710 6
2516 4656 2718 4727 χρυσὸς
2771 4657 3008 4710 κελεύει.
3045 4660 3154 4712 Καὶ
3188 4659 3297 4731 γὰρ
3331 4661 3578 4732 διάφοροι

1994 4740 2442 4812 είδωλολατρείας
2498 4740 2709 4808 τρόποι·
2751 4741 2844 4795 καὶ
2894 4743 2922 4795 6
2979 4741 3078 4812 μὲν
3129 4743 3219 4795 τὸν
3266 4746 3580 4814 μαμμωνᾶν

1993 4828 2211 4894 ἡγεῖται
2246 4827 2459 4897 κύριον,
2504 4827 2532 4878 6
2564 4824 2621 4877 δὲ
2666 4826 2765 4896 τὴν
2815 4825 3022 4878 κοιλίαν
3057 4824 3198 4889 θεὸν,
3240 4830 3268 4880 6
3295 4828 3351 4881 δὲ
3385 4828 3579 4900 ἑτέραν

1994 4910 2295 4980 ἐπιθυμίαν
2329 4908 2743 4980 χαλεπωτάτην.
2785 4908 2923 4962 Ἀλλ’
2962 4909 3022 4961 οὐ
3057 4908 3346 4973 καταθύεις
3393 4912 3578 4979 αὐτοῖς

1994 4993 2145 5063 βόας,
2183 4993 2436 5065 καθάπερ
2481 4994 2530 5045 οἱ
2556 4993 2853 5062 Ἔλληνες;
2915 4993 3074 5048 Ἀλλὰ
3099 4995 3159 5048 τὸ
3193 4994 3370 5065 πολλῷ
3418 4997 3578 5066 χαλεο

1995 5077 2243 5148 πῶτερον
2289 5079 2389 5148 τὴν
2445 5075 2642 5130 σαυτοῦ
2679 5076 3048 5145 κατασφάζεις
3094 5077 3296 5148 ψυχήν.
3338 5081 3476 5133 Ἀλλ’
3514 5086 3573 5136 ού

1991 5163 2266 5231 κάμπτεις
2299 5161 2368 5215 τά
2420 5162 2627 5230 γόνατα
2678 5162 2772 5214 καὶ
2827 5163 3183 5231 προσκυνεῖςς
3228 5163 3389 5217 Ἀλλὰ
3440 5169 3579 5237 μετὰ

1989 5243 2233 5307 πλείονος
2272 5245 2520 5314 ὑπακοῆς
2559 5248 2732 5307 ποιεῖς
2764 5244 2961 5308 πάντα,
3001 5245 3146 5316 ἅπερ
3178 5245 3243 5299 ἂν
3277 5248 3575 5314 ἐπιτάξωσι

1987 5329 2140 5398 καὶὴ
2177 5327 2390 5399 γαστὴρ
2442 5328 2537 5380 καὶ
2586 5327 2647 5380 τὸ
2695 5327 2921 5397 χρυσίον
2952 5328 3046 5380 καὶ
3076 5331 3107 5398 ὴ
3145 5330 3246 5398 τῆς
3277 5331 3574 5402 ἐπιθυμίας

1984 5411 2263 5481 τυραννίς·
2303 5411 2426 5464 ἐπεὶ
2461 5410 2556 5463 καὶ
2583 5412 2630 5463 οἱ
2661 5409 2920 5480 Ἕλληνες
2947 5411 3035 5465 διὰ
3062 5410 3220 5465 τοῦτό
3249 5415 3356 5466 είσι
3388 5417 3575 5486 βδελυ..

1985 5494 2125 5558 κτοὶ,
2156 5495 2239 5548 ὅτι
2272 5495 2338 5547 τὰ
2394 5495 2540 5565 πάθη
2594 5494 2929 5558 ἐθεοποίουν,
2982 5495 3082 5566 τὴν
3132 5498 3231 5567 μὲν
3278 5500 3574 5570 ἐπιθυμίαν

1997 5578 2340 5650 Ἀφροδίτην,
2377 5578 2468 5631 τὸν
2495 5579 2552 5632 δὲ
2586 5578 2755 5648 Θυμὸν
2794 5579 2989 5650 Ἀρην,
3021 5580 3120 5652 τὴν
3150 5580 3205 5634 δὲ
3238 5582 3410 5654 μέθην
3455 5585 3572 5638 Διό-

1983 5679 2144 5715 νυσον
2198 5663 2609 5733 προσειπόντες.
2665 5663 2726 5715 El
2761 5662 2816 5715 δὲ
2867 5663 2928 5714 ού
2978 5663 3207 5734 γλύφεις
3253 5665 3448 5722 εἴδωλα
3483 5672 3570 5734 σὺ,

1982 5745 2238 5816 καθάπερ
2283 5747 2503 5808 ἐκεῖνοι,
2551 5745 2687 5798 ἀλλά
2721 5747 2859 5816 μετά
2890 5747 3093 5817 πολλῆς
3125 5749 3228 5820 τῆς
3262 5751 3573 5821 προθυμίας

1980 5830 2095 5892 τοῖς
2128 5828 2313 5891 αὐτοῖς
2349 5829 2684 5894 ύποκύπτεις
2736 5829 2955 5896 πάθεσι,
2988 5831 3055 5885 τὰ
3104 5833 3241 5904 μέλη
3290 5832 3385 5888 τοῦ
3433 5836 3573 5906 Χρι-

2041 6146 2069 6187 1³
2095 6145 2288 6200 Μοτθὶ..
2313 6147 2339 6194 6
2362 6151 2445 6204 τῆς
2465 6144 2652 6195 ἑαυτοῦ.
