4056 6510
230 407 362 462 441

226 529 445 590 deum,
470 527 606 581 alius
633 527 792 580 aliam
825 525 1168 595 eiq'iiditatem
1196 528 1588 595 gravissimam.
1618 527 1724 582 Sed
1747 544 1849 580 non

228 617 508 672 itnmolas
536 617 662 686 ipsis
697 618 878 680 boves,
910 628 958 670 ut
989 617 1253 687 gentiles?
1290 617 1504 681 Verum,
1529 617 1669 686 quod
1697 618 1851 687 longe

216 708 498 762 deterius
527 717 642 771 est,
683 717 825 761 tuam
857 716 1056 761 mactas
1084 706 1338 760 animam.
1382 707 1488 762 Sed
1534 723 1639 762 non
1679 708 1851 763 ﬂectis

210 816 422 872 genua
445 841 462 866 ,
504 816 604 856 nec
641 801 868 856 adoras?
907 800 1104 854 Verum
1136 815 1258 854 cum
1288 799 1474 868 majori
1503 801 1846 869 obsequentia

207 893 431 945 omnia
473 890 625 955 facis,
658 908 778 962 quae
805 900 995 945 venter
1021 903 1075 945 et
1101 906 1290 945 aurum
1317 900 1370 946 et
1397 891 1846 959 concupiscentia:

210 986 496 1054 tyrannis
543 986 825 1053 imperant.
878 984 1090 1038 Etenim
1121 983 1294 1040 Gnaei
1343 983 1464 1038 ideo
1500 984 1844 1040 abominandi

203 1089 409 1142 sunt,
453 1079 576 1149 quia
623 1077 788 1130 animi
835 1078 1053 1132 morbos
1093 1077 1227 1132 deos
1268 1077 1529 1138 fecerunt,
1575 1077 1842 1145 cupidita-

204 1180 351 1222 tcm
400 1169 662 1222 Venerem
689 1209 703 1232 ,
739 1169 871 1221 iram
911 1167 1129 1221 Martem
1156 1209 1170 1231 ,
1217 1167 1526 1221 ebrietatem
1573 1163 1840 1222 Bacchum

194 1258 595 1326 appellantes.
644 1257 796 1325 Quod
842 1257 885 1310 si
919 1268 970 1308 lu
1011 1271 1117 1310 non
1148 1256 1288 1311 idola
1319 1251 1521 1323 sculpis
1547 1264 1605 1310 ut
1633 1256 1741 1319 illi,
1787 1267 1842 1310 at

197 1363 365 1400 eum
401 1348 580 1402 studio
605 1347 774 1403 multo
802 1347 989 1401 iisdem
1021 1346 1152 1415 ipsis
1181 1356 1232 1401 te
1258 1341 1480 1416 subjicis
1505 1345 1669 1400 animi
1696 1362 1838 1400 mor-

191 1441 334 1507 bis,
378 1441 617 1496 membra
638 1439 836 1495 Christi
865 1440 1107 1494 membra
1132 1439 1431 1494 meretricis
1461 1438 1754 1504 faciens,ct
1784 1438 1834 1492 in

190 1534 372 1588 alias
417 1544 467 1588 te
509 1534 834 1602 immergens
862 1531 1194 1600 iniquitates.
1226 1531 1352 1585 ldco
1377 1545 1559 1600 qumso
1588 1539 1646 1585 ut
1674 1539 1836 1584 tanta:

188 1623 586 1677 absint-ditatis
629 1637 910 1677 excessum
958 1622 1298 1691 cogitantes,
1356 1620 1617 1690 fugiamus
1661 1620 1833 1673 idolo-

185 1716 443 1770 latriam
471 1733 485 1776 ;
532 1717 602 1769 ita
625 1717 766 1771 enim
793 1715 993 1770 Paulus
1012 1723 1169 1770 vocat
1191 1714 1468 1769 avaritiam
1511 1713 1646 1781 (Col.
1671 1714 1724 1768 5.
1753 1714 1828 1782 5).

187 1835 3227 1889 *Ἥ

1391 410 1452 463 ΙΝ
1498 410 1708 465 l'Il'IST.
1755 412 1843 465 AD
1888 412 2049 465 llO.\l.
2099 413 2326 470 llUMlL.
2376 416 2480 470 ΠΙ.

3463 438 3563 492 4ὲέ

1968 526 2234 596 Fugienda
2265 543 2441 587 autem
2471 546 2552 590 est
2585 554 2690 592 non
2719 540 2879 596 modo
2909 559 2969 596 ea
2998 547 3217 602 avaritia
3242 593 3255 613 ,
3280 566 3396 620 tunc
3425 554 3564 610 circa

1965 622 2219 686 pectinias
2251 635 2515 692 versatur,
2550 630 2643 683 sed
2669 634 2829 686 etiam
2860 651 2943 700 ea,
2964 653 3084 707 qua:
3114 639 3162 693 in
3182 646 3564 714 concupiscen-

1962 712 2029 764 tia
2062 713 2222 780 mala,
2254 731 2372 796 quae
2401 718 2452 772 in
2482 723 2740 788 vestibus,
2769 743 2889 795 qum
2917 730 2967 782 in
2999 746 3206 793 mensa,
3230 749 3350 804 qua:
3372 736 3422 790 in
3445 739 3567 793 aliis

1958 803 2230 858 (Militibus.
2263 792 2398 862 Nam
2426 811 2598 867 multo
2625 820 2902 884 graviores
2930 819 3176 878 dabimus
3208 839 3395 893 pinnas
3427 843 3560 892 nos,

1955 895 1998 946 si
2030 911 2133 948 nou
2164 912 2447 966 pareamus
2473 905 2673 961 Christi
2703 909 2932 980 legibus.
2963 913 3154 971 Servus
3175 918 3340 984 enim,
3366 920 3559 991 inquit,

1951 989 2038 1056 qui
2069 990 2162 1041 scit
2200 992 2506 1076 uoluntatem
2535 1000 2732 1056 domini
2756 1006 2834 1057 sui
2856 1047 2872 1072 ,
2901 1018 2947 1061 et
2979 1026 3081 1062 non
3114 1013 3266 1080 facit,
3301 1017 3562 1084 vapulabit

1951 1079 2124 1131 multis
2156 1070 2312 1149 (Luc.
2350 1086 2437 1140 12.
2472 1083 2538 1142 47
2636 1091 2703 1148 Ut
2734 1070 2865 1164 ergo
2903 1070 3288 1167 pmnam'illatn
3333 1070 3558 1175 cll'ugia-

1949 1184 2089 1235 nms,
2118 1181 2170 1226 et
2197 1174 2318 1230 aliis
2347 1188 2402 1232 et
2426 1182 2582 1237 nobis
2613 1186 2773 1241 utiles
2799 1189 2988 1257 simus,
3019 1197 3312 1264 nequitiam
3341 1214 3556 1254 omnem

1945 1262 2016 1317 ab
2054 1264 2230 1322 anima
2268 1267 2572 1343 ejicientes,
2619 1279 2870 1336 virtutem
2913 1275 3235 1357 deligamus.
3291 1290 3365 1343 lta
3412 1295 3555 1346 enim

1945 1365 2001 1409 et
2042 1357 2216 1415 futura
2258 1378 2660 1436 consequemur
2703 1373 2882 1442 bona,
2928 1395 3048 1447 quae
3103 1377 3306 1437 utinam
3362 1399 3556 1441 omnes

1942 1446 2328 1538 adipiscamur,
2351 1461 2523 1528 gratia
2546 1461 2602 1519 et
2628 1446 2961 1538 benignitate
2989 1472 3198 1528 Domini
3228 1477 3398 1531 nostri
3426 1477 3554 1533 .lesu

1941 1535 2179 1638 Christi,
2211 1550 2429 1616 quicum
2462 1553 2609 1611 Patri
2643 1567 2699 1613 et
2732 1535 2968 1630 Spiritui
2997 1576 3185 1621 sancto
3212 1559 3381 1638 gloria
3401 1611 3416 1631 .
3458 1569 3556 1624 ho-

1943 1644 2059 1695 nor,
2095 1633 2402 1708 imperium,
2433 1661 2578 1702 nunc
2603 1659 2658 1704 et
2685 1665 2920 1723 semper,
2948 1665 3004 1711 et
3030 1656 3082 1711 in
3110 1659 3304 1715 smCula
3328 1662 3552 1718 smculo-

1943 1736 2083 1778 rum.
2115 1729 2309 1787 Amen.

3234 1875 3543 1893 ’δὴ

1612 1887 1956 1958 HOMILIA
2003 1898 2141 1968 Vl].

183 2023 347 2078 CAP.
398 2024 451 2078 '5.
494 2040 547 2079 v.
589 2025 640 2081 9.
702 2025 838 2090 Quid
888 2027 1044 2098 ergo?
1095 2025 1432 2095 pra’cellirnus
1482 2023 1610 2078 nos?
1659 2021 1820 2076 Nullo

272 2116 484 2180 modo;
511 2119 673 2172 causis
695 2120 828 2172 enim
853 2129 971 2172 ante
999 2119 1172 2173 allatis
1194 2119 1515 2189 probavimus
1541 2117 1753 2171 Jndteos
1773 2127 1820 2170 et

271 2211 507 2279 gentiles
535 2229 707 2265 omnes
737 2212 828 2266 sub
856 2222 1060 2281 peccato
1089 2229 1223 2276 esse;
1277 2211 1364 2266 10.
1400 2212 1531 2264 sicut
1571 2213 1817 2279 scriptum

266 2312 356 2356 est
380 2319 401 2354 :
435 2301 557 2354 Non
587 2315 657 2354 cst
676 2304 870 2373 justus,
901 2320 1058 2372 neque
1079 2320 1207 2357 unus
1230 2320 1249 2356 :
1279 2305 1362 2357 11.
1396 2319 1495 2355 non
1524 2313 1597 2355 cst
1624 2301 1709 2369 qui
1737 2303 1818 2353 in-

266 2393 505 2462 telligat.
530 2404 616 2446 aut
638 2395 853 2464 requirat
879 2393 1060 2448 Deum.
1093 2394 1179 2450 1‘2.
1207 2393 1394 2447 Omnes
1415 2395 1812 2456 declinaverunt,

266 2483 448 2537 simul
478 2483 682 2538 inutiles
725 2487 843 2556 [acti
888 2497 1039 2549 sunt;
1082 2503 1182 2539 non
1214 2497 1284 2538 est
1313 2486 1399 2552 qui
1425 2487 1580 2555 faciat
1611 2486 1816 2546 bonum,

267 2593 388 2627 non
439 2584 509 2628 est
551 2592 705 2644 usque
731 2579 798 2629 ad
827 2594 1003 2629 unum.
1053 2578 1136 2632 l3.
1185 2577 1488 2646 Sepulcrum
1531 2587 1710 2645 patens
1747 2585 1819 2630 est

265 2677 467 2738 guttur
496 2684 669 2719 cormn
693 2683 710 2720 :
733 2667 920 2737 linguis
949 2669 1056 2721 suis
1081 2668 1254 2721 dolose
1298 2678 1508 2736 egerunt
1527 2684 1545 2720 :
1572 2685 1815 2720 venenum

264 2762 524 2826 ttspttltmt
540 2757 628 2810 sub
647 2757 791 2811 labiis
813 2774 984 2810 eorum
1008 2774 1024 2810 :
1047 2759 1130 2812 14.
1155 2776 1371 2830 quorum
1393 2777 1447 2812 os
1467 2759 1820 2813 maledictione

263 2862 315 2904 et
363 2850 712 2904 aniaritudine
751 2853 957 2918 plenum
985 2862 1056 2906 cst
1082 2868 1098 2905 :
1129 2853 1217 2906 l5.
1249 2855 1440 2906 celoces
1467 2854 1616 2920 pedes
1643 2869 1817 2906 eorum

263 2942 341 2993 ad
374 2939 744 3006 liv/fundendum
772 2959 1069 3012 sanguinem
1096 2960 1114 2996 :
1140 2944 1224 2998 16.
1256 2947 1492 2998 contritio
1522 2956 1569 2998 et
1599 2945 1818 3014 infelici-

264 3044 354 3086 tas
381 3035 440 3084 in
466 3034 556 3086 viis
580 3048 786 3097 eorum;
818 3036 904 3087 17.
929 3044 974 3088 et
1001 3037 1132 3088 viam
1159 3037 1299 3106 pacis
1328 3053 1426 3089 non
1451 3047 1814 3107 cognoverunt;

265 3127 364 3180 18.
417 3141 516 3177 non
551 3136 622 3178 est
652 3126 803 3180 timor
836 3127 926 3180 Dei
955 3138 1074 3182 ante
1099 3130 1271 3182 oculos
1298 3147 1489 3182 eorum.

267 3221 321 3271 1.
376 3219 667 3272 Accusavit
709 3221 958 3290 gentiles,
1017 3224 1285 3276 accusavit
1328 3223 1574 3286 Judaeos;
1623 3239 1814 3278 conse—

184 3324 377 3377 quens
407 3319 525 3362 erat
557 3318 614 3363 ut
665 3310 922 3380 deinceps
953 3315 1268 3382 loqueretur
1306 3313 1372 3368 de
1411 3314 1639 3383 justitia,
1688 3331 1809 3384 qua:

183 3408 273 3452 est
306 3414 414 3468 per
463 3398 647 3454 fidem.
680 3401 735 3456 Si
765 3403 907 3456 enim
946 3403 1028 3457 lex
1060 3405 1317 3460 naturalis
1349 3405 1480 3459 nihil
1515 3406 1672 3474 juvit.
1712 3423 1812 3461 nec

185 3490 324 3556 quid
361 3489 602 3559 amplius
636 3491 760 3546 fecit
794 3491 876 3547 lex
909 3495 1141 3563 scripta;
1192 3495 1284 3548 sed
1321 3504 1544 3565 utraque
1586 3497 1669 3562 iis,
1717 3499 1809 3567 qui

187 3579 305 3634 illis
339 3596 455 3633 non
487 3591 545 3634 ut
577 3598 671 3649 par
698 3593 813 3637 erat
845 3585 925 3638 usi
970 3595 1116 3650 sunt,
1165 3587 1315 3640 oneri
1359 3587 1476 3651 fuit,
1521 3598 1573 3642 ct
1621 3592 1807 3659 majori

186 3656 396 3739 dig‘uos
445 3672 712 3740 supplicio
769 3674 887 3729 illos
934 3677 1204 3732 ostendit:
1237 3681 1538 3732 necessaria
1585 3683 1804 3735 demum

186 3772 278 3816 est
309 3761 470 3816 salus
503 3764 608 3828 illa,
640 3779 759 3833 qua:
788 3782 883 3833 per
905 3769 1134 3836 gratiam
1168 3770 1392 3838 paritur.
1432 3771 1524 3825 Dic
1554 3772 1716 3842 igitur
1745 3774 1807 3827 il-

187 3852 323 3914 lam,
362 3851 554 3918 Paule,
588 3865 640 3908 et
669 3857 961 3912 ostendito.
991 3858 1096 3914 Sed
1126 3860 1361 3916 nondum
1385 3863 1564 3929 audet,
1592 3864 1807 3920 Judzeo-

186 3959 310 3997 rum
346 3946 706 4014 petulantiam
735 3959 1038 4018 suspectam
1070 3951 1308 4016 habens;
1341 3969 1526 4008 verum
1570 3956 1636 4010 ad
1684 3958 1804 4012 illos

183 4035 539 4087 accusandos
587 4051 772 4091 rursus
825 4053 1132 4094 sermonem
1182 4043 1447 4097 convertit
1487 4062 1499 4096 :
1551 4055 1603 4100 et
1633 4047 1804 4115 primo

191 4124 467 4178 Davidcm
498 4126 612 4180 lucc
644 4127 825 4182 multis
874 4130 1142 4186 dicentem
1171 4147 1540 4190 accusatorem
1575 4138 1798 4206 inducit,

183 4231 310 4283 qua!
341 4218 530 4271 omnia
559 4221 745 4288 paucis
776 4224 946 4292 tetigit
972 4224 1154 4287 Isaias,
1175 4227 1409 4282 validum
1432 4228 1564 4299 ipsis
1592 4231 1800 4288 frenum

186 4322 491 4376 apparans,
526 4319 585 4365 ut
615 4327 682 4366 ne
714 4315 977 4377 resiliant,
1011 4333 1148 4372 neve
1170 4333 1199 4372 a
1229 4323 1570 4378 sermonibus
1598 4325 1668 4379 de
1696 4326 1802 4383 fide

184 4400 413 4468 quidam
467 4403 742 4460 auditores
789 4407 1095 4474 abscedant,
1128 4411 1237 4479 jam
1270 4413 1415 4481 prius
1444 4430 1472 4469 a
1509 4417 1801 4487 prOpheta-

187 4507 311 4546 rum
361 4496 803 4552 accusationibus
835 4501 1136 4568 prtepediti.
1182 4503 1396 4560 Etenim
1447 4509 1544 4562 tria
1588 4528 1799 4569 summe

183 4585 372 4650 gravia
420 4588 572 4654 ponit
603 4590 885 4657 propheta,
919 4594 1060 4661 quod
1093 4611 1281 4652 omnes
1328 4600 1466 4655 mala
1518 4615 1797 4673 perpetra-

189 4684 313 4726 rent
357 4675 572 4740 dicens,
621 4687 673 4732 et
718 4682 860 4750 quod
911 4699 1016 4738 non
1061 4687 1423 4746 admiscerent
1450 4693 1588 4748 bona
1617 4699 1793 4767 malis,

183 4762 280 4815 sed
316 4766 616 4833 nequitiam
649 4771 820 4824 solum
850 4787 1186 4844 exercerent,
1217 4782 1466 4852 quodque
1494 4785 1637 4840 illam
1669 4804 1793 4845 cum

186 4854 380 4918 grandi
408 4869 628 4912 conatu.
680 4861 879 4917 Deinde
909 4881 977 4919 ne
1001 4867 1277 4924 dicerent:
1307 4873 1442 4940 Quid
1476 4892 1607 4947 ergo
1634 4881 1676 4933 si
1706 4882 1795 4936 ad-

187 4959 379 5000 versus
409 4950 550 5004 alios
582 4951 697 5017 hanc
736 4954 874 5010 dicta
923 4962 1084 5014 sunt?
1113 4962 1423 5032 subjunxit:
1458 4967 1545 5022 19.
1581 4970 1790 5028 Scimus

187 5046 361 5091 autem
383 5042 528 5109 quod
550 5059 876 5113 quaecumque
893 5049 975 5104 lea:
1001 5050 1242 5120 loquitur,
1274 5057 1337 5110 iis
1365 5060 1452 5128 qui
1473 5061 1524 5113 in
1546 5063 1655 5132 lege
1674 5076 1792 5119 sunt

187 5128 331 5183 dicit.
367 5131 576 5188 Idcirco
605 5146 720 5204 post
745 5139 955 5203 Isaiam,
987 5146 1100 5214 qui,
1130 5157 1186 5202 ut
1213 5149 1264 5202 in
1295 5152 1546 5210 confesso
1570 5169 1708 5224 erat,
1733 5159 1791 5214 il-

188 5217 273 5273 los
296 5225 645 5292 respiciebat,
682 5228 944 5287 Davidem
979 5235 1206 5305 induxit,
1247 5251 1303 5295 ut
1333 5248 1638 5304 ostenderet
1671 5217 1788 5308 limc

187 5322 400 5380 quinque
444 5316 554 5371 illis
600 5333 808 5375 annecti
857 5324 1071 5381 debere.
1115 5329 1245 5399 Qure
1291 5336 1433 5389 enim
1466 5344 1785 5414 necessitas,

190 5399 382 5467 inquit,
412 5407 553 5462 alios
576 5411 819 5468 incusare
837 5430 956 5470 eum
982 5421 1318 5489 prophetam,
1343 5430 1430 5496 qui
1453 5431 1520 5484 ad
1551 5399 1783 5491 vestram

191 5494 626 5554 emendationem
652 5519 847 5558 missus
872 5510 1022 5560 erat?
1049 5527 1220 5582 neque
1243 5494 1384 5572 enim
1412 5520 1497 5576 lex
1520 5523 1638 5579 aliis
1660 5527 1783 5582 data

193 5578 386 5648 iuerat,
440 5605 602 5658 quam
655 5596 827 5649 vobis.
883 5599 990 5652 Cur
1016 5614 1192 5660 autem
1227 5624 1332 5662 non
1364 5613 1519 5678 dixit,
1567 5615 1781 5676 Scimus

189 5675 330 5776 quod
355 5692 710 5752 quzccumqne
733 5691 994 5757 propheta
1020 5694 1171 5762 dicit,
1194 5702 1310 5768 sed,
1334 5704 1677 5776 Quaecumque
1700 5714 1783 5770 lea:

195 5759 452 5830 loquitur?
474 5774 605 5839 Quia
644 5775 805 5832 Vetus
837 5799 996 5838 omne
1035 5787 1438 5851 Testamentum
1473 5759 1643 5871 legein
1678 5820 1778 5860 vo-

195 5861 315 5908 Care
342 5860 479 5920 solet
507 5865 722 5921 Paulus.
752 5868 884 5924 Nam
903 5873 1026 5929 alibi
1051 5879 1177 5936 dicit
1198 5902 1212 5938 :
1233 5883 1414 5958 Legem
1437 5860 1552 5946 nouv
1562 5896 1772 5970 auditis,

497 5968 765 6032 PATuOL.
810 5974 928 6036 Gn.
981 5976 1109 6040 LX.

1929 2033 2050 2136 quia
2090 2036 2348 2095 Abraham
2394 2046 2522 2103 duos
2552 2051 2688 2118 ﬁlios
2727 2056 2900 2114 habuit
2946 2060 3090 2130 (Gal.
3126 2066 3179 2119 «1.
3203 2057 3299 2120 21.
3332 2066 3460 2136 2‘2)?
3491 2075 3547 2125 et

1931 2121 2016 2177 hic
2043 2141 2260 2198 quoque
2291 2134 2536 2196 Psalmos
2578 2144 2751 2214 legem
2795 2154 3026 2216 vocavit,
3067 2155 3292 2213 dicens:
3319 2160 3543 2224 Scimus,

1925 2220 2062 2318 (Brod
2093 2237 2430 2318 quarumque
2473 2233 2556 2287 lex
2589 2236 2732 2301 dicit,
2781 2241 2842 2294 iis
2885 2248 2974 2311 qui
3017 2247 3070 2298 in
3115 2249 3224 2318 lege
3253 2261 3370 2304 sunt
3399 2252 3542 2307 dicit.

1937 2305 2141 2365 Deinde
2172 2318 2413 2376 ostendit
2456 2338 2562 2378 non
2615 2332 2904 2387 accusandi
2948 2344 3156 2393 tantum
3213 2356 3373 2396 causa
3423 2343 3541 2399 haec

1930 2399 2057 2494 dici,
2091 2403 2185 2458 sed
2213 2407 2374 2463 etiam
2408 2421 2466 2467 ut
2495 2415 2620 2471 ﬁdei
2655 2418 2738 2474 lex
2768 2423 2907 2478 viam
2934 2439 3168 2494 pararet.
3203 2431 3410 2488 Tantus
3436 2434 3542 2490 γε.

1931 2491 2059 2567 tc‘ris
2107 2509 2228 2550 cum
2275 2498 2427 2558 Novo
2472 2506 2822 2568 Testamento
2868 2529 3172 2576 consensus
3218 2536 3363 2590 erat;
3399 2527 3538 2595 quod

1926 2586 2302 2644 accusationes
2318 2601 2372 2647 et
2394 2595 2800 2668 redargutiones
2825 2607 2946 2661 ideo
2969 2609 3109 2666 haud
3138 2611 3302 2669 dubie
3326 2586 3537 2682 fier-ent,

1929 2682 1983 2778 ut
2013 2677 2154 2778 apud
2184 2681 2466 2778 auditores
2497 2691 2778 2758 splendida
2811 2698 2876 2753 ad
2910 2699 3071 2756 fidem
3100 2704 3262 2773 janua
3302 2677 3538 2778 aperire;

1927 2771 2030 2869 tur.
2055 2767 2188 2869 Quia
2230 2773 2374 2830 enim
2423 2778 2526 2835 hoc
2558 2785 2793 2842 maxime
2841 2789 3062 2848 Judceos
3100 2767 3361 2864 perdidit,
3394 2803 3535 2869 quod

1923 2857 2090 2958 altum
2135 2861 2203 2917 de
2249 2880 2308 2921 se
2355 2883 2631 2940 saperent,
2667 2879 2811 2946 quod
2849 2882 3030 2952 utique
3075 2901 3399 2958 progressus
3447 2892 3536 2946 ille

1922 2945 2074 3013 dixit,
2110 2953 2252 3020 quod
2297 2973 2511 3030 nempe,
2541 2964 2847 3036 lgnorantes
2879 2972 2976 3029 Dei
2997 2945 3274 3048 justitidm,
3316 2991 3362 3035 et
3388 3001 3535 3038 suam

1924 3047 2145 3096 statuere
2160 3046 2420 3113 justitiam
2446 3069 2747 3126 qua'rcntes,
2776 3063 2993 3131 justitite
3019 3067 3121 3122 Dei
3148 3088 3321 3126 senon
3343 3069 3536 3129 submit

1920 3146 2093 3239 serunt
2142 3140 2318 3210 (Rom.
2368 3147 2454 3202 10.
2509 3151 2602 3221 5):
2645 3155 2792 3224 ipsos
2821 3171 3170 3219 antevertens
3203 3167 3286 3222 lex
3316 3177 3368 3224 et
3400 3186 3530 3239 pro-

1921 3225 2104 3294 pheta,
2139 3231 2376 3301 ipsorum
2420 3239 2617 3299 fastum
2645 3246 2916 3318 depressit
2956 3265 3118 3325 atque
3147 3267 3437 3328 tumorem,
3472 3276 3531 3318 ut

1918 3334 2013 3373 sua
2042 3324 2342 3394 cogitantes
2373 3348 2612 3404 peccata,
2645 3350 2700 3394 et
2724 3349 3088 3416 arrogantiam
3119 3368 3334 3410 omnem
3365 3356 3531 3427 depo-

1920 3421 2131 3480 nentes,
2164 3432 2328 3489 seque
2361 3425 2608 3484 videntes
2635 3432 2702 3486 de
2733 3439 2992 3493 extremis
3036 3444 3350 3512 periclitari,
3403 3467 3525 3508 cum

1917 3504 2096 3558 studio
2126 3512 2298 3566 multo
2328 3516 2394 3570 ad
2425 3519 2573 3575 illum
2608 3537 2978 3596 accurrerent,
3012 3536 3102 3604 qui
3135 3537 3236 3593 sibi
3269 3554 3525 3609 peccato-

1918 3608 2035 3649 rum
2067 3603 2444 3662 remissionem
2477 3614 2761 3680 pratberet,
2796 3630 2849 3674 et
2878 3603 3105 3692 gratiam
3129 3643 3226 3697 per
3249 3603 3408 3688 fidem
3432 3654 3525 3690 ac-

1915 3685 2175 3786 ciperem.
2208 3692 2322 3750 Hoc
2352 3698 2528 3767 ipsum
2557 3703 2753 3762 Paulus
2779 3709 2865 3765 hic
2892 3685 3262 3786 subindidans,
3287 3722 3519 3781 dicebat:

1916 3776 2123 3834 Scimus
2149 3787 2286 3852 quod
2325 3806 2656 3865 qutecumque
2684 3799 2767 3853 lca:
2793 3803 2934 3869 dicit,
2968 3807 3033 3859 iis
3062 3809 3151 3876 qui
3179 3812 3231 3864 in
3272 3813 3380 3884 lege
3405 3829 3522 3874 sunt

1913 3868 2074 3924 dicit:
2104 3884 2156 3926 ut
2184 3893 2331 3932 aitnie
2355 3899 2410 3936 os
2432 3883 2748 3956 obstruatur,
2780 3905 2827 3946 et
2857 3868 2990 3950 totus
3017 3868 3239 3956 mundus
3268 3868 3374 3960 Deo
3399 3911 3522 3964 sub-

1913 3960 2049 4018 ditus
2097 3967 2181 4020 sit.
2235 3970 2332 4027 Hic
2376 3977 2521 4032 enim
2565 3983 2801 4039 ostendit
2842 4002 2939 4043 eos
2985 3990 3251 4050 bonorqu
3292 4014 3519 4068 operum

1913 4055 2106 4112 fiducia
2139 4061 2449 4134 destitutos,
2505 4074 2791 4145 verbisque
2853 4090 3057 4138 tantum
3106 4055 3420 4161 arrogantes
3466 4109 3520 4152 tl

1913 4148 2255 4249 impudentes
2285 4172 2429 4215 esse.
2458 4162 2666 4221 Idcirco
2696 4173 2914 4240 proprie
2961 4148 3262 4238 dictionen:
3287 4202 3514 4258 usurpa-

1912 4239 2006 4345 vit,
2040 4243 2118 4298 sic
2151 4246 2399 4319 loquens,
2437 4253 2503 4309 Ut
2533 4273 2684 4312 omne
2709 4277 2766 4314 os
2791 4263 3109 4338 obstruatur,
3144 4239 3513 4345 impudentretu

1910 4331 2123 4388 illorum
2152 4346 2204 4391 et
2233 4339 2493 4399 effrenem
2514 4347 2832 4416 jactantiam
2864 4355 3164 4429 declarans,
3198 4331 3253 4420 et
3277 4369 3511 4440 linguam

1907 4437 2158 4484 accurate
2205 4431 2531 4492 refrenatam
2574 4442 2881 4511 significans
2916 4465 2929 4500 :
2971 4450 3058 4504 illa
3099 4469 3328 4526 namque
3354 4431 3511 4530 quasi

1907 4526 2120 4574 torrens
2151 4523 2416 4581 violentus
2441 4529 2740 4598 ferebatur;
2767 4539 2860 4591 sed
2893 4543 3183 4600 refrenavit
3208 4523 3353 4606 illam
3376 4523 3511 4624 pro.

1905 4611 2087 4681 pheta.
2117 4615 2252 4671 Cum
2282 4634 2413 4674 vero
2440 4622 2572 4678 dicit
2599 4626 2812 4695 Paulus,
2852 4631 2919 4687 Ut
2949 4652 3097 4691 omne
3117 4657 3172 4693 os
3193 4611 3508 4716 obstrudtur;

1904 4721 2009 4761 non
2041 4707 2142 4763 hoc
2167 4712 2262 4776 ait,
2299 4715 2444 4782 quod
2493 4718 2613 4774 ideo
2656 4728 3017 4795 peccaverint,
3067 4742 3122 4786 ut
3161 4752 3222 4790 os
3264 4738 3502 4807 ipsorqu

1902 4797 2311 4870 ubstrucretur;
2357 4808 2452 4861 sed
2489 4809 2611 4865 ideo
2642 4816 3078 4889 confutabantnr,
3103 4835 3159 4878 ut
3191 4843 3258 4882 ne
3286 4797 3507 4900 ignora-

1900 4905 2021 4947 rent
2050 4909 2110 4949 se
2141 4901 2467 4965 peccavisse.
2499 4904 2561 4958 Et
2583 4916 2715 4962 totus
2734 4913 2953 4967 mundus
2985 4914 3091 4970 Deo
3118 4920 3365 4978 obnoxius
3386 4927 3502 4993 ﬁat.

1900 4985 2016 5040 Non
2048 4989 2204 5054 dixit,
2237 4991 2488 5062 Judaeus;
2519 4997 2636 5061 sed,
2672 4999 2808 5055 Tota
2839 5014 3050 5062 natura.
3083 5008 3216 5065 Illud
3245 4985 3501 5087 namque,

1904 5079 1972 5134 Ut
1995 5097 2051 5136 os
2077 5097 2226 5138 omne
2250 5085 2560 5158 obstruatur,
2593 5092 2713 5147 illos
2742 5097 3071 5165 sublndicat,
3107 5103 3228 5158 licet
3258 5124 3363 5163 non
3389 5079 3504 5165 ina-

1899 5173 2112 5238 nifeste,
2140 5193 2207 5232 ne
2233 5181 2476 5250 asperior
2500 5198 2682 5240 sermo
2700 5200 2878 5249 esset:
2910 5191 3012 5248 hoc
3038 5206 3242 5264 autem,
3272 5200 3340 5255 Ut
3368 5214 3503 5258 totus

1895 5268 2118 5322 mundus
2144 5269 2391 5328 obnoxius
2422 5276 2512 5343 ﬁat
2542 5276 2674 5343 Dea,
2710 5281 2868 5336 simul
2899 5295 2953 5338 et
2994 5287 3061 5342 de
3106 5290 3308 5348 Judzeis
3348 5308 3398 5350 et
3429 5299 3499 5353 de

1894 5359 2188 5423 gentilibus
2214 5362 2413 5419 dictum
2460 5375 2563 5421 est.
2607 5368 2723 5424 Non
2758 5387 2945 5440 parum
2975 5388 3156 5435 autem
3189 5385 3400 5440 confert
3428 5393 3494 5442 ad

1894 5449 2108 5506 illorum
2155 5459 2516 5525 arrogantiam
2548 5464 3036 5535 comprimendam,
3068 5486 3191 5527 cum
3235 5477 3368 5533 nihil
3407 5478 3497 5536 hic

1893 5541 2009 5610 plus
2044 5543 2276 5600 habeant
2307 5563 2466 5617 quam
2494 5554 2750 5622 gentiles,
2778 5558 2873 5612 sed
2907 5561 3070 5616 simul
3098 5565 3378 5622 tradantur
3407 5587 3497 5626 sc-

1892 5632 2126 5686 cundum
2172 5637 2362 5692 salutis
2393 5641 2640 5697 verbum.
2674 5645 2811 5702 Nam
2843 5649 3114 5709 obnoxius
3156 5662 3376 5728 proprie
3404 5662 3492 5717 di-

1888 5731 2041 5775 catur
2067 5724 2131 5790 is,
2157 5726 2245 5793 qui
2273 5743 2376 5782 non
2401 5732 2502 5786 sibi
2520 5735 2653 5789 satis
2673 5751 2794 5793 esse
2818 5743 2985 5809 possit
3002 5744 3068 5799 ad
3093 5724 3488 5818 defensionem.

1887 5811 1983 5864 scd
2010 5812 2231 5870 alterius
2257 5817 2495 5890 indigeat
2515 5840 2619 5894 ope
2641 5844 2652 5880 :
2677 5831 2852 5899 qualia
2884 5848 3037 5891 erant
3069 5850 3253 5896 nostra
3280 5859 3487 5915 omnm,

1885 5915 2010 5956 cum
2033 5916 2121 5974 ca,
2144 5920 2266 5976 qua:
2289 5909 2356 5964 ad
2386 5913 2614 5972 salutem
2645 5920 2950 5992 tenderent,
2974 5929 3368 5990 amisissemus.
3398 5909 3488 5993 ΞΟ.

3028 6023 3114 6087 28
