4056 6482
632 416 737 471 με.

638 526 739 582 Per
768 526 921 595 legem
948 521 1078 577 enim
1124 519 1341 594 cognitio
1369 516 1577 589 peccati.
1607 511 1809 567 Rursus
1833 506 1885 561 in
1913 497 2197 595 legemiu-

638 617 767 683 silit,
797 588 1073 668 remissius
1101 588 1309 673 tamen;
1341 618 1515 675 neque
1549 603 1691 657 enim
1723 596 1776 652 id
1818 592 1959 666 quod
2003 588 2199 646 dicitur

641 707 812 777 legem
857 705 1103 768 incusat,
1152 698 1244 755 sed
1273 697 1577 754 Judaeorum
1626 688 1889 761 ignaviam
1921 691 2197 740 :attamcn

643 775 727 853 hic
773 795 1071 860 contendit,
1120 794 1243 864 quia
1268 790 1336 845 de
1362 787 1467 846 (ide
1515 785 1831 868 lpquuturus
1851 785 1954 868 est,
1982 775 2205 868 demon-

634 898 808 943 strare
840 888 1011 956 legem
1041 863 1195 937 valde
1223 863 1547 935 inﬁrmatam
1573 887 1715 929 esse.
1754 869 1884 925 Nam
1911 867 1955 922 si
1985 863 2051 920 de
2086 864 2203 932 lege

638 953 915 1048 gloriaris,
939 974 1131 1046 inquit,
1178 972 1288 1039 ipsa
1330 978 1382 1024 te
1424 966 1595 1037 magis
1624 963 1827 1035 pudore
1867 953 2203 1048 allicitzphaae

638 1046 854 1140 peccata
885 1079 971 1126 tua
998 1065 1245 1123 traducit.
1272 1063 1470 1117 Verum
1499 1074 1608 1115 non
1637 1058 1709 1112 ita
1735 1067 1921 1124 aspere
1948 1046 2200 1118 loquitur,

638 1139 732 1219 sed
764 1163 988 1218 remisse
1012 1172 1217 1224 rursus,
1253 1154 1354 1212 Per
1378 1153 1535 1225 legem
1563 1150 1693 1205 enim
1735 1144 1950 1216 coynitio
1991 1139 2201 1209 peccati.

638 1254 803 1327 igitur
826 1263 880 1308 et
903 1250 1223 1322 supplicium
1245 1246 1439 1318 majus,
1462 1242 1555 1299 sed
1578 1256 1607 1295 a
1632 1238 1827 1296 Judzris
1846 1230 2201 1327 subeundum.

638 1321 767 1401 Nam
798 1346 882 1401 lex
905 1321 1118 1415 quidem
1145 1340 1197 1395 id
1224 1339 1424 1404 eﬂ'ecit,
1465 1344 1523 1390 ut
1550 1340 1829 1406 peceatum
1868 1325 1958 1381 tibi
1990 1321 2206 1393 patefie-

640 1448 749 1503 ret;
781 1446 925 1491 tuum
955 1444 1071 1490 erat
1099 1432 1372 1503 ell'ogere:
1402 1441 1525 1483 cum
1552 1439 1682 1480 vero
1710 1435 1815 1477 non
1844 1416 2064 1487 fugeris,
2094 1427 2205 1468 ma.

637 1529 723 1598 jus
753 1528 844 1583 tibi
873 1520 1135 1580 attraxisti
1163 1519 1505 1593 supplicium,
1536 1514 1775 1585 legisque
1795 1522 1929 1579 opus
1952 1507 2205 1560 viaticum

642 1619 734 1673 tibi
764 1617 861 1673 fuit
889 1616 954 1670 ad
986 1614 1241 1683 majorem
1275 1610 1553 1667 ultionem.

708 1712 760 1763 2.
800 1709 1083 1774 Postquam
1130 1703 1286 1773 igitur
1318 1701 1561 1755 timorem
1603 1693 1769 1756 auxit,
1820 1701 1943 1745 tunc
1974 1702 2061 1753 ea,
2089 1698 2207 1753 qua:

638 1803 703 1857 ad
733 1801 954 1871 gratiam
974 1804 1232 1867 spectant,
1261 1791 1483 1855 inducit,
1507 1788 1733 1842 multum
1752 1785 1998 1853 ingerens
2024 1778 2211 1833 remis-

639 1868 806 1950 sionis
836 1901 1171 1962 peceatorum
1200 1883 1554 1946 desiderium;
1602 1886 1759 1947 atque
1795 1876 1899 1928 ait:
1929 1872 2021 1927 2i.
2058 1868 2209 1922 Nune

640 1995 753 2041 aute
778 2003 805 2038 »ι
845 1986 951 2039 sine
997 1982 1100 2053 lege
1135 1979 1337 2050 justitia
1366 1975 1461 2029 Dei
1489 1973 1808 2038 manifestata
1846 1976 1937 2020 est.
1967 1963 2206 2031 Magnum

643 2080 727 2132 hic
757 2093 866 2132 rem
896 2073 1114 2145 profert,
1146 2070 1411 2137 multaque
1427 2063 1737 2135 probatione
1757 2074 1890 2130 opus
1904 2054 2204 2110 habentem.

638 2168 692 2223 Si
721 2166 859 2222 enim
888 2166 942 2231 ii,
972 2163 1059 2234 qui
1091 2164 1144 2218 in
1172 2160 1288 2231 lege
1308 2159 1576 2221 vixerunt,
1596 2168 1699 2208 non
1720 2149 1877 2207 modo
1892 2146 2206 2217 supplicium

642 2275 745 2313 non
776 2257 1098 2327 effugerunt,
1126 2254 1219 2309 scd
1248 2262 1301 2307 et
1326 2248 1557 2321 graviori
1599 2243 1749 2319 plexi
1776 2249 1919 2303 sunt,
1943 2236 2212 2309 quomodo

644 2360 816 2421 potest
858 2351 974 2404 sine
1023 2349 1139 2418 lege
1186 2360 1290 2400 non
1338 2342 1498 2398 modo
1545 2337 1863 2409 supplicium
1907 2330 2087 2401 eli'ugi,

643 2420 804 2496 etiam
832 2440 1033 2509 iustitia
1064 2436 1301 2506 acquiri?
1328 2434 1441 2488 Duo
1470 2431 1556 2486 hic
1584 2441 1789 2483 summa
1822 2424 2017 2495 posuit,
2048 2432 2103 2476 et
2123 2420 2211 2489 ju~

644 2532 880 2596 stiticari,
913 2539 967 2585 et
993 2529 1108 2584 sine
1131 2528 1246 2597 lege
1275 2527 1389 2579 haec
1409 2524 1546 2579 bona
1564 2519 1793 2589 assequi.
1814 2516 1938 2573 ideo
1962 2527 2067 2569 nou
2082 2513 2214 2568 sim-

643 2626 869 2692 pliciter,
893 2621 1126 2686 iustitia,
1160 2618 1331 2673 dixit:
1361 2615 1476 2679 sed,
1507 2612 1717 2667 Iustitia
1746 2606 1877 2673 Dei;
1903 2621 1933 2660 a
1960 2604 2214 2675 dignitate

647 2730 887 2786 persona:
916 2712 1088 2780 majus
1115 2707 1403 2765 ostendens
1445 2705 1665 2767 donum,
1710 2710 1767 2757 et
1808 2695 2213 2769 promissionem

646 2784 853 2876 impleri
882 2818 1039 2875 posse
1064 2802 1438 2857 demonstrans
1458 2814 1473 2852 :
1493 2794 1667 2849 omnia
1697 2790 1894 2861 quippe
1920 2785 2021 2857 ipsi
2047 2784 2219 2855 possi-

648 2900 770 2954 ltilia
799 2906 941 2953 sunt.
970 2894 1152 2963 Neque
1173 2891 1328 2957 dixit,
1349 2890 1473 2942 Data
1502 2895 1613 2951 est;
1636 2883 1752 2947 sed,
1778 2880 2107 2949 Manifestum
2120 2886 2212 2940 est,

650 2985 1006 3043 iunovationis
1046 2980 1437 3037 accusationem
1468 2988 1718 3033 resccans
1740 2990 1752 3026 :
1778 2986 1900 3026 nam
1930 2967 2070 3040 quod
2097 2982 2213 3020 ma-

648 3080 949 3134 nifestatum
979 3083 1080 3140 est,
1108 3083 1162 3129 et
1188 3080 1342 3127 vetus
1360 3078 1413 3126 et
1440 3066 1811 3123 absconditum
1848 3063 2011 3117 luisse
2034 3057 2212 3114 decla-

648 3181 818 3226 ratur.
859 3170 1039 3238 Neque
1063 3166 1165 3221 boe
1189 3166 1386 3230 solum,
1416 3160 1509 3216 sed
1548 3160 1709 3215 etiam
1738 3154 2012 3225 sequentia
2038 3161 2218 3206 osten-

647 3263 779 3316 dunt
805 3260 905 3315 hoc
932 3272 1125 3314 novum
1152 3271 1257 3310 non
1285 3244 1424 3310 esse.
1453 3251 1586 3307 Cum
1617 3250 1762 3304 enim
1776 3245 2020 3310 dixisset,
2048 3240 2218 3295 Huni-

648 3355 829 3419 festata
869 3360 962 3417 est,
993 3348 1283 3419 subiunxit,
1316 3344 1606 3412 Trsti/icon:
1642 3357 1676 3394 α
1716 3340 1824 3410 lege
1850 3347 1897 3392 et
1938 3333 2212 3406 prophetis.

649 3443 876 3521 Etenim,
910 3454 977 3495 ne
1004 3438 1126 3510 quia
1156 3450 1298 3491 nunc
1342 3434 1462 3489 data
1505 3441 1607 3496 est,
1651 3428 1840 3500 inquit,
1882 3441 2018 3481 neve
2060 3422 2216 3493 quasi

645 3516 734 3590 res
759 3547 892 3590 nova
915 3542 968 3589 et
997 3528 1275 3602 peregrina
1303 3526 1392 3588 sit,
1420 3523 1673 3585 turberis;
1698 3520 1808 3591 jam
1836 3519 1961 3574 olim
1983 3517 2127 3572 enim
2150 3516 2216 3569 il-

644 3627 748 3682 lam
774 3634 826 3680 et
856 3625 937 3680 lex
968 3631 1023 3678 et
1044 3620 1319 3692 prophetae
1347 3616 1729 3689 prmdixeruut.
1762 3612 1825 3666 Et
1868 3606 1969 3666 alia
1998 3607 2213 3677 quidem

638 3718 750 3787 jam
774 3711 1139 3784 probavithoc
1159 3716 1494 3781 argumento,
1531 3704 1633 3761 alia
1666 3700 1982 3773 probaturus
2010 3706 2127 3760 est;
2162 3698 2212 3750 in

646 3807 1006 3877 superioribus
1034 3804 1281 3859 Babaeue
1309 3800 1576 3855 adducens
1603 3794 1907 3851 dicentem:
1937 3790 2118 3844 Justus
2154 3803 2218 3840 ea:

646 3900 748 3967 ﬁde
774 3898 887 3951 vivit
931 3896 1107 3968 (Rom.
1141 3896 1189 3948 l.
1223 3894 1343 3961 l7);
1372 3892 1423 3945 in
1454 3885 1799 3958 sequentibus
1822 3898 1950 3938 vero
1970 3880 2214 3935 Abraha-

647 4004 791 4045 mum
820 3998 873 4042 et
903 3985 1173 4046 Doridem,
1212 3982 1278 4038 de
1307 3979 1497 4037 iisdem
1522 3992 1620 4033 nos
1654 3976 1999 4045 alloqueutes.
2032 3970 2215 4040 Magna

645 4081 787 4137 enim
813 4078 951 4149 apud
983 4078 1101 4133 illos
1126 4074 1313 4131 harum
1347 4078 1691 4143 personarum
1728 4076 1844 4122 erat
1884 4064 2212 4120 auctoritas:

647 4171 733 4225 ille
754 4183 982 4239 namque
1007 4175 1123 4223 erat
1150 4162 1449 4236 patriarcha
1472 4169 1529 4218 et
1556 4158 1834 4231 propheta,
1860 4156 1947 4211 hic
1968 4169 2097 4216 vero
2120 4168 2212 4208 rex

646 4273 698 4314 et
729 4261 981 4329 prepheta
1006 4278 1019 4313 :
1044 4274 1107 4313 ac
1155 4257 1535 4327 promissiones
1562 4266 1773 4322 quoque
1817 4249 1901 4303 his
1948 4248 2015 4304 de
2053 4248 2214 4302 rebus

646 4352 877 4414 emissae,
896 4348 959 4401 atl
980 4359 1260 4417 utrumque
1287 4346 1434 4401 lacus
1452 4343 1677 4398 fuerant.
1698 4341 1927 4410 Ideoque
1940 4336 2216 4393 Mattheus

649 4439 992 4510 Evangelium
1024 4436 1260 4503 ordiens,
1284 4435 1562 4490 amborum
1591 4432 1762 4502 primo
1787 4430 2109 4485 mentionem
2141 4428 2217 4480 ia-

644 4534 736 4596 cit,
785 4547 847 4587 ac
873 4531 1068 4587 deinde
1101 4530 1292 4584 seriem
1333 4541 1394 4582 ac
1434 4524 1802 4597 progenitores
1830 4522 2062 4577 adducit.
2083 4518 2212 4575 Cum

643 4622 860 4680 dixisset
880 4622 1055 4683 enim,
1083 4617 1232 4673 Liber
1272 4616 1607 4690 generationis
1630 4612 1754 4669 Jestt
1789 4612 1975 4667 (.‘hristi
2002 4609 2211 4683 (Matth.

644 4718 695 4769 ί.
732 4714 820 4785 l);
850 4727 954 4767 non
981 4711 1310 4783 exSpectavit
1328 4718 1383 4763 ut
1401 4705 1806 4778 postAbraham
1826 4703 2049 4768 diceret,
2069 4699 2216 4756 Isaac

642 4816 694 4861 et
724 4805 917 4869 Jacob;
949 4803 1044 4858 sed
1082 4816 1201 4858 cum
1231 4800 1537 4855 Abrabamo
1566 4795 1817 4851 Davidem
1864 4794 2211 4847 memoravit:

642 4896 889 4967 quodque
912 4892 1159 4948 mirabile
1183 4901 1284 4956 cst,
1313 4904 1438 4948 ante
1468 4889 1823 4944 Abrahamum
1849 4885 2097 4940 Davidetn
2120 4900 2215 4955 po.

645 4990 771 5054 suit,
806 4988 877 5042 ita
905 4986 1091 5041 dicens
1121 5002 1136 5037 :
1182 4982 1305 5038 Filii
1336 4982 1523 5043 David,
1558 4979 1958 5047 ﬁtiiAbrohant;
1996 4989 2048 5033 et
2088 4987 2212 5033 tunc

642 5082 804 5149 coepit
847 5091 1162 5134 enumerare
1190 5076 1356 5139 lsaac,
1402 5072 1583 5139 lacob,
1610 5080 1664 5127 et
1689 5081 1974 5141 sequentes
1999 5085 2209 5127 omnes.

641 5167 1276 5242 QuapropterApostolus
1314 5167 1400 5221 hic
1443 5166 1566 5221 illos
1608 5164 1917 5237 frequenter
1944 5172 2119 5218 versat
2159 5170 2213 5218 et

640 5266 803 5321 dicit:
830 5263 1045 5318 Iustitia
1073 5269 1242 5315 autem
1272 5258 1367 5314 Dei
1389 5259 1723 5314 testimonium
1744 5256 1935 5311 habens
1958 5271 1990 5308 o
2031 5255 2137 5324 iege
2165 5263 2212 5307 et

642 5357 915 5426 prophetis.
944 5354 1023 5410 Ne
1047 5354 1169 5424 quis
1194 5366 1320 5407 vero
1342 5350 1574 5407 diceret:
1600 5349 1666 5404 Et
1685 5349 1776 5419 qui
1796 5348 1908 5401 tleri
1932 5351 2125 5416 potest,
2152 5352 2213 5397 ut

641 5460 761 5502 eum
790 5446 920 5501 nihil
942 5446 1007 5500 ad
1038 5458 1150 5500 rem
1182 5443 1509 5513 propositam
1551 5440 1953 5502 contulerimus,
1983 5438 2211 5492 salutem

640 5541 1071 5611 consequamur?
1088 5536 1347 5601 ostendit,
1377 5550 1478 5590 nos
1505 5548 1609 5588 non
1642 5546 1825 5602 parum
1848 5531 1914 5587 ad
1945 5546 2062 5586 eam
2096 5545 2209 5585 rem

640 5632 910 5699 conferre,
960 5630 1115 5686 tidem
1158 5630 1433 5685 nimirum.
1488 5623 1619 5682 Cum
1660 5625 1885 5695 dixisset
1924 5640 2085 5694 ergo:
2115 5623 2205 5679 23.

640 5722 851 5777 Iustitio
893 5722 1010 5786 Dei,
1058 5718 1281 5785 addidit,
1314 5718 1415 5774 Per
1449 5718 1622 5789 ﬁdem,
1665 5717 1720 5771 in
1764 5731 1931 5770 omnes
1972 5725 2019 5771 et
2058 5729 2210 5785 super

646 5831 812 5869 omnes
830 5814 915 5885 qui
938 5812 1166 5868 credunt.
1202 5809 1513 5867 Rursusbic
1542 5809 1783 5865 turbatur
1808 5805 2045 5874 Judzcus,
2071 5804 2202 5860 nihil

1361 402 1419 460 s.
1458 392 1732 458 tomus
1763 367 2235 450 cuttvsos'iont
2274 378 2586 437 ARCHIEP.
2627 369 3158 433 CtiNS‘l'ANTlNOP.

3792 360 3893 416 ιςι

2308 492 2667 563 prmrogativa:
2696 506 2808 561 pra:
2835 489 3047 545 cieteris
3086 485 3308 551 habens,
3339 491 3394 538 et
3421 496 3546 537 cum
3596 475 3740 534 orbe
3783 483 3895 530 toto

2306 590 2711 637 annumeratus.
2741 580 2806 636 Ut
2830 581 2991 651 igitur
3018 594 3084 632 ne
3105 575 3209 631 hoc
3238 573 3489 645 patiatur,
3514 569 3669 624 illum
3693 570 3895 622 timore

2306 689 2488 730 rursus
2515 673 2781 743 reprimit,
2812 672 3048 727 addens:
3081 669 3258 739 Neque
3284 666 3415 721 enim
3459 672 3532 716 est
3578 658 3846 714 distinctio
3874 672 3892 709 :

2304 767 2395 821 25.
2424 781 2594 820 omnes
2638 766 2769 819 enim
2811 771 3161 833 peccaverunt.
3205 759 3282 814 Ne
3325 756 3453 812 mihi
3506 753 3767 809 dixeris:
3800 749 3893 805 Ille

2306 856 2523 914 Graecus
2564 864 2669 921 est,
2714 855 2802 911 ille
2828 853 3050 926 Scytha.
3096 854 3187 907 ille
3228 851 3440 907 Thrax:
3470 859 3665 902 omues
3694 844 3895 914 quippe

2305 947 2493 1003 eadem
2520 945 2826 1001 conditione
2851 954 2996 1000 sunt.
3025 941 3252 998 Etiamsi
3286 941 3428 997 enim
3458 940 3631 1009 legem
3659 949 3895 1003 accepe-

2308 1040 2402 1105 ris,
2436 1055 2596 1095 unum
2630 1048 2830 1095 tantum
2856 1053 2887 1091 a
2930 1038 3049 1108 lege
3077 1034 3352 1105 accepisti,
3396 1044 3452 1087 ut
3482 1037 3768 1102 peccatum
3804 1042 3899 1083 co-

2306 1146 2620 1201 gnosceres,
2652 1147 2756 1185 non
2786 1140 2843 1185 ut
2872 1130 3001 1185 illud
3033 1128 3263 1198 fugeres.
3289 1124 3487 1181 Deinde
3510 1139 3581 1178 ne
3604 1124 3856 1178 dicerem
3880 1135 3896 1171 :

2306 1221 2360 1277 Si
2392 1221 2750 1290 peccavimus,
2784 1231 2834 1275 at
2865 1234 2971 1274 non
3005 1218 3226 1288 perinde
3244 1227 3407 1288 atque
3432 1215 3533 1282 illi,
3565 1213 3855 1281 subjunin
3881 1230 3895 1265 :

2307 1309 2376 1364 Et
2396 1311 2735 1365 destituuntur
2774 1326 2805 1362 a
2842 1309 3007 1381 gloria
3036 1309 3147 1363 Dei.
3193 1308 3373 1378 itaque
3402 1304 3749 1362 etiamsinon
3780 1312 3891 1357 tan-

2310 1412 2440 1469 tum,
2469 1410 2723 1471 quantum
2754 1400 2866 1463 alii,
2898 1400 3235 1470 peccaveris;
3266 1408 3497 1453 attamen
3525 1395 3755 1468 perinde
3774 1392 3893 1465 glo-

2309 1497 2383 1549 ria
2413 1494 2670 1564 privaris;
2693 1508 2753 1549 es
2782 1493 2979 1562 quippe
3007 1507 3073 1546 ex
3102 1490 3488 1545 on‘endentium
3513 1501 3782 1552 nurnero;
3806 1485 3896 1555 qui

2308 1597 2485 1639 autem
2508 1583 2747 1649 ollendit,
2782 1597 2884 1638 non
2928 1583 3067 1637 inter
3094 1580 3442 1652 gloriﬁcatos,
3486 1579 3583 1634 sed
3614 1580 3761 1633 inter
3794 1592 3894 1646 pu-

2309 1676 2440 1731 dore
2470 1675 2699 1732 suiiusos
2728 1674 3031 1731 censendus
3060 1685 3159 1729 est.
3198 1672 3389 1727 Verum
3420 1686 3488 1727 ne
3515 1672 3744 1733 timeas;
3779 1669 3899 1722 ideo

2310 1769 2450 1823 enim
2474 1766 2587 1821 lucc
2600 1767 2732 1834 dixi,
2754 1782 2857 1821 non
2882 1776 2937 1821 ut
2959 1775 3008 1821 te
3029 1766 3079 1819 in
3098 1764 3525 1834 desperationem
3541 1762 3895 1829 conjicerem,

2310 1862 2401 1917 sed
2429 1871 2485 1915 ut
2524 1861 2617 1915 tibi
2645 1861 2853 1916 Domini
2900 1860 3279 1929 benignitatem
3310 1856 3679 1912 ostenderem.
3722 1855 3898 1921 Quare

2310 1953 2577 2008 subdidit:
2611 1953 2701 2009 24.
2745 1952 3025 2022 Iusti/irati
3068 1952 3224 2022 gratis
3268 1965 3357 2019 per
3383 1950 3493 2019 ejus
3532 1946 3779 2019 gratiam,
3815 1962 3897 2013 per

2310 2048 2725 2117 redemptionem,
2752 2062 2865 2117 quia
2893 2056 2965 2101 est
2992 2046 3043 2100 in
3069 2043 3269 2100 Christo
3286 2043 3317 2097 J
3325 2059 3431 2107 esu,
3462 2042 3554 2097 25.
3592 2058 3745 2110 quem
3784 2056 3899 2109 pro-

2313 2142 2479 2210 posuit
2506 2138 2646 2194 Betts
2684 2139 3090 2211 propitiationent
3128 2154 3217 2207 per
3241 2137 3390 2205 ﬁdem
3412 2136 3463 2190 in
3488 2135 3746 2205 sanguine
3769 2134 3894 2202 (βω.

2312 2230 2364 2282 in
2396 2230 2730 2283 ostensionem
2751 2228 2967 2299 justitite
2994 2228 3175 2297 ipsius.
3212 2225 3345 2281 Vide
3390 2234 3520 2295 quot
3548 2224 3901 2293 probationes

2313 2318 2500 2375 all'crat
2531 2320 2694 2382 illius,
2726 2319 2865 2391 quod
2897 2318 3095 2374 dictum
3123 2327 3224 2373 est.
3244 2317 3424 2374 Primo
3447 2332 3475 2369 a
3494 2315 3761 2386 dignitate
3784 2330 3899 2384 per-

2312 2425 2493 2465 sonae:
2517 2425 2625 2466 non
2649 2412 2791 2466 enim
2819 2411 2979 2465 homo
3016 2419 3100 2465 est
3142 2409 3206 2473 is,
3236 2409 3324 2479 qui
3365 2407 3481 2464 inec
3505 2406 3655 2472 facit,
3689 2416 3749 2461 ut
3771 2405 3898 2460 deti-

2313 2502 2451 2564 ciat;
2479 2500 2572 2556 sed
2606 2501 2749 2558 Deus
2775 2502 2867 2572 qui
2897 2501 3074 2555 omnia
3110 2510 3318 2570 potest:
3346 2497 3439 2553 Dei
3466 2509 3540 2553 est
3566 2500 3715 2554 enim
3738 2500 3898 2569 justi-

2315 2593 2407 2657 tia,
2454 2592 2641 2662 inquit.
2673 2590 2922 2649 Secundo
2950 2607 2977 2645 a
3010 2592 3127 2662 lege
3169 2598 3224 2645 et
3268 2588 3565 2661 prophetis,
3612 2604 3682 2643 ne
3732 2589 3897 2650 enim,

2315 2685 2457 2754 quod
2488 2684 2683 2755 Absque
2720 2684 2827 2755 lege
2852 2683 3106 2745 audieris,
3140 2684 3362 2738 timeas:
3392 2697 3514 2737 nam
3547 2683 3649 2751 ipsi
3696 2682 3800 2752 legi
3831 2682 3899 2735 ita

2317 2776 2548 2830 videtur.
2574 2776 2775 2838 Tertio,
2808 2790 2837 2829 a
2868 2773 3143 2830 sacriﬁciis
3160 2772 3372 2829 Veteris
3389 2772 3722 2828 Testamenti
3747 2792 3761 2826 :
3786 2772 3901 2828 ideo

2318 2883 2546 2937 namque
2572 2868 2651 2922 sic
2671 2868 2826 2933 dixit,
2858 2867 2925 2922 In
2949 2868 3199 2939 sanguine
3225 2868 3357 2937 ejus,
3389 2865 3444 2921 in
3472 2875 3711 2921 mentem
3742 2881 3899 2920 rem-

2314 2973 2443 3015 cans
2475 2959 2581 3013 illis
2610 2973 2739 3015 oves
2784 2958 2900 3013 illas
2929 2965 2984 3013 et
3011 2957 3228 3013 vitulos.
3277 2956 3393 3012 Etsi
3434 2957 3578 3012 enim
3616 2956 3901 3011 brutorum

2313 3049 2510 3116 caedes,
2557 3049 2749 3120 inquit,
2799 3057 3013 3119 peccata
3060 3047 3361 3113 solvebant,
3406 3046 3580 3102 multo
3611 3048 3787 3117 magis
3819 3048 3899 3100 hie

2316 3146 2553 3214 sanguis.
2586 3143 2695 3199 Nec
2718 3144 3034 3214 simpliciter
3059 3143 3213 3206 dixit,
3238 3143 3655 3208 Liberatiouem,
3681 3142 3779 3195 sed
3807 3140 3900 3194 Re-

2316 3235 2688 3305 demptionern;
2718 3242 2907 3290 utnon
2951 3234 3090 3289 ultra
3121 3233 3403 3288 redeamus
3444 3234 3497 3287 in
3539 3232 3689 3286 illam
3732 3232 3900 3302 ipsam

2316 3328 2629 3384 servitutem
2653 3344 2667 3380 :
2693 3336 2748 3382 et
2774 3326 2896 3382 ideo
2927 3335 3081 3382 vocat
3108 3327 3532 3396 propitiationent,
3583 3327 3897 3387 ostendens,

2316 3420 2359 3474 si
2393 3430 2546 3491 typus
2575 3427 2772 3474 tantam
2804 3418 2909 3473 vim
2932 3417 3197 3484 habuerit,
3221 3418 3397 3473 multo
3415 3417 3583 3487 magis
3608 3417 3899 3472 veritatem

2319 3511 2371 3566 id
2397 3512 2754 3580 prmstituram
2782 3523 2923 3565 esse.
2953 3511 3037 3564 Ac'
3062 3523 3248 3564 rursus
3271 3506 3561 3564 ostendens
3590 3507 3642 3561 id
3671 3522 3783 3561 non
3807 3522 3899 3561 no-

2315 3621 2439 3660 vum
2474 3622 2572 3659 nec
2604 3616 2792 3659 recens
2830 3617 2973 3668 esse,
3019 3602 3115 3668 ait,
3166 3598 3463 3673 Proposuit.
3516 3600 3581 3655 Et
3610 3609 3899 3671 postquam

2316 3697 2469 3760 dixit.
2508 3696 2787 3765 Proposuit
2818 3694 2978 3753 Deus,
3022 3702 3077 3748 et
3115 3692 3351 3747 ostendit
3379 3691 3553 3748 Patris
3589 3705 3713 3747 esse
3742 3706 3897 3761 opus,

2318 3787 2455 3842 idem
2484 3788 2658 3856 ipsum
2687 3785 2926 3841 declarat
2948 3799 3069 3839 esse
3095 3782 3252 3838 Filii:
3275 3798 3397 3837 natu
3416 3781 3575 3836 Pater
3595 3782 3894 3851 proposuit,

2317 3880 2561 3937 Christus
2587 3894 2715 3934 vero
2742 3878 2793 3933 in
2822 3876 3082 3947 sanguine
3110 3890 3209 3931 suo
3234 3884 3402 3929 totum
3434 3873 3683 3944 perfecit.
3706 3874 3799 3931 26.
3834 3873 3898 3927 In

2316 3972 2645 4028 ostensionem
2664 3969 2880 4040 justitito
2903 3983 3025 4022 stur.
3067 3965 3204 4034 Quid
3246 3974 3349 4033 est,
3379 3966 3617 4021 ostensio
3636 3964 3898 4035 iustitiae?

2318 4064 2386 4121 Ut
2406 4064 2708 4119 divitiarum
2737 4060 2994 4123 ostensio,
3017 4068 3279 4130 quatenus
3306 4071 3409 4113 non
3439 4057 3554 4128 ipse
3580 4057 3732 4113 solus
3746 4057 3899 4113 dives

2314 4157 2405 4221 sit,
2433 4154 2527 4210 sed
2553 4154 2690 4209 alios
2708 4167 2924 4223 quoque
2953 4151 3148 4205 divites
3177 4148 3397 4211 reddat;
3425 4157 3482 4203 et
3507 4149 3633 4203 vita:
3671 4150 3891 4218 pariter,

2315 4248 2458 4317 quod
2486 4261 2593 4301 non
2625 4247 2745 4315 ipse
2768 4246 2916 4299 solus
2940 4244 3103 4307 vivat,
3127 4240 3221 4297 sed
3257 4242 3421 4295 etiam
3447 4250 3694 4295 mortuos
3726 4239 3893 4294 vivilL

2315 4349 2429 4406 oet;
2455 4348 2511 4395 et
2530 4338 2831 4410 potestatis,
2852 4336 2991 4407 quod
3017 4350 3126 4390 non
3148 4336 3260 4405 ipse
3279 4334 3451 4389 solum
3478 4342 3669 4406 potens
3688 4334 3781 4396 sit,
3802 4333 3893 4389 sal

2316 4432 2475 4485 etiam
2520 4430 2762 4485 inﬁrmos
2806 4426 3149 4483 corroboret:
3176 4426 3252 4481 sic
3292 4433 3348 4480 et
3392 4424 3631 4480 ostensio
3673 4423 3892 4494 iustitia

2315 4532 2420 4589 est,
2449 4521 2590 4592 quod
2619 4535 2723 4576 non
2751 4520 2896 4574 solus
2923 4519 3036 4589 ipse
3063 4518 3134 4573 sit
3155 4518 3352 4587 justus,
3381 4515 3475 4571 sed
3497 4516 3661 4571 etiam
3689 4517 3891 4572 aliosis

2317 4614 2544 4683 peccatis
2569 4618 2871 4681 corruptos,
2900 4609 3078 4664 statim
3104 4608 3280 4679 justus
3312 4606 3488 4661 iaciat.
3518 4605 3633 4662 Hoc
3661 4607 3891 4677 igituret

2317 4707 2429 4775 ipse
2458 4705 2837 4771 interpretans,
2869 4700 3145 4768 subiunxit
3172 4712 3292 4768 qua:
3329 4696 3399 4751 sit
3434 4697 3709 4751 ostensio:
3738 4695 3805 4753 Ut
3829 4697 3890 4751 sit

2314 4797 2422 4864 ipse
2440 4797 2631 4866 justus,
2655 4802 2703 4847 et
2723 4790 3017 4861 justiﬁcons
3042 4804 3178 4851 eum,
3202 4789 3285 4857 qui
3308 4796 3377 4842 est
3402 4804 3464 4842 ea:
3484 4787 3589 4857 [ide
3612 4787 3764 4844 Iesu.

2383 4888 2436 4941 5.
2463 4884 2542 4940 Ne
2570 4884 2749 4952 itaque
2789 4880 3001 4934 dubites
3031 4896 3045 4933 :
3077 4894 3184 4933 non
3227 4877 3366 4932 enim
3392 4892 3457 4933 ex
3486 4878 3762 4947 operibus,
3794 4880 3887 4939 sed

2313 4993 2378 5033 ex
2409 4976 2529 5033 (ide.
2566 4975 2748 5044 Neque
2774 4987 2804 5026 a
2835 4972 2925 5025 Dei
2948 4970 3151 5040 iustitia
3177 4968 3346 5041 fugias
3387 4986 3401 5022 :
3430 4968 3626 5037 duplex
3656 4971 3802 5024 enim
3829 4971 3891 5025 il-

2314 5069 2413 5124 lius
2439 5068 2632 5123 bonum
2653 5073 2757 5128 est,
2786 5060 2928 5131 quod
2959 5060 3205 5115 videlicet
3226 5066 3280 5115 et
3308 5060 3428 5115 leve
3454 5058 3544 5124 sit,
3564 5068 3623 5114 et
3640 5060 3890 5115 omnilius

2315 5160 2661 5230 propositum.
2702 5154 2781 5210 Ne
2822 5161 2873 5209 te
2920 5152 3134 5222 pudeat,
3185 5165 3284 5207 nec
3324 5150 3614 5206 erubescas
3647 5167 3660 5203 :
3689 5166 3813 5206 nam
3844 5153 3885 5207 si

2315 5252 2425 5321 ipso
2454 5252 2555 5305 hoc
2593 5248 2767 5303 facere
2795 5242 3109 5308 ostenditur,
3150 5252 3205 5298 et
3238 5250 3295 5298 ut
3323 5242 3395 5296 ita
3418 5240 3617 5303 dicam,
3656 5252 3884 5299 ostentat

2313 5357 2393 5406 se,
2420 5351 2473 5396 et
2502 5341 2601 5395 sibi
2630 5336 2944 5409 gratulator,
2972 5333 3243 5407 quomodo
3268 5343 3322 5413 tu
3346 5330 3621 5387 erubescis
3644 5342 3701 5389 et
3721 5342 3776 5390 te
3799 5349 3885 5389 oe-

2311 5433 2503 5496 cultas,
2545 5432 2596 5486 in
2641 5445 2744 5499 qua
2793 5442 2853 5483 re
2896 5427 3154 5483 Dominus
3199 5437 3318 5480 tuus
3362 5422 3883 5494 gloriﬁcatur-1Com

2312 5542 2438 5598 ergo
2468 5524 2728 5581 erexisset
2752 5519 3046 5576 auditorem
3068 5517 3301 5574 dicendo
3319 5530 3402 5581 ea.
3424 5530 3545 5589 qum
3572 5514 3713 5572 facta
3736 5527 3877 5583 sunt,

2312 5634 2431 5675 esse
2450 5616 2809 5675 ostensiouem
2834 5612 3054 5683 iustitiae
3090 5612 3206 5676 Dei,
3236 5625 3444 5665 rursum
3474 5622 3695 5679 segnem
3715 5618 3773 5665 et
3799 5623 3885 5666 re~

2310 5719 2585 5763 cusantem
2608 5706 2797 5759 timore
2817 5703 2882 5759 ad
2905 5700 3265 5758 accedendum
3290 5699 3535 5770 impellit,
3565 5697 3653 5755 his
3671 5699 3877 5756 verbis:

2310 5799 2529 5870 Propter
2556 5798 2894 5854 remissionem
2919 5794 3309 5868 praecedentium
3329 5801 3673 5863 peccatorum.
3701 5790 3879 5850 Vidcu'
