4056 6528
243 451 346 514 M5

241 579 404 636 quam
437 560 746 631 frequenter
773 557 878 614 illis
906 567 1120 627 peccata
1154 553 1204 607 in
1238 550 1551 606 memoriam
1581 540 1835 644 revocet‘l

245 654 499 726 superius
529 653 742 724 quidem
784 667 904 706 cum
935 647 1064 702 dicit
1094 663 1107 698 :
1144 643 1248 698 Per
1288 644 1448 714 legem
1477 639 1610 694 enim
1641 639 1833 736 peccati

244 747 503 818 cognitio;
550 755 733 816 postea
767 756 916 806 vero,
970 739 1104 804 Quia
1141 753 1312 790 onmes
1350 738 1719 805 peccaverunt;
1751 726 1838 778 hic

244 849 427 892 autem
459 834 852 891 vehementius.
884 830 998 886 Non
1029 830 1173 883 enim
1205 825 1358 891 dixit,
1389 825 1614 894 Propter
1651 832 1838 890 pecca-

247 939 301 983 ta
327 946 343 995 ;
367 929 486 995 sed,
517 926 729 995 Propter
765 923 1153 982 relaxationem,
1188 918 1291 972 hoc
1315 927 1421 982 est,
1451 923 1671 984 propter
1696 925 1839 965 mor-

247 1021 617 1074 tilieationem.
650 1015 764 1072 Non
794 1016 936 1070 enim
967 1014 1103 1066 ultra
1133 1024 1260 1079 spes
1286 1007 1532 1064 sanitatis
1562 1012 1708 1068 erat;
1741 999 1838 1057 sed

247 1111 402 1182 quasi
435 1124 629 1178 corpus
660 1107 1010 1178 paralyticum
1052 1117 1284 1172 superna
1310 1100 1503 1170 egebat
1530 1112 1688 1152 manu
1721 1115 1735 1152 :
1762 1095 1841 1150 sic

248 1212 304 1258 et
331 1204 508 1255 anima
532 1199 870 1253 mortilicata.
892 1195 1152 1263 Quodque
1176 1191 1389 1261 gravius
1415 1198 1518 1258 est,
1545 1198 1600 1244 et
1623 1186 1763 1259 quod
1786 1187 1839 1242 in

249 1308 412 1348 causa
444 1306 564 1346 esse
593 1291 741 1355 dicit,
767 1292 1024 1358 majorem
1053 1284 1449 1340 accusationem
1480 1283 1673 1338 mereri
1701 1279 1842 1335 indi-

249 1397 358 1440 cat.
407 1384 544 1453 Quid
593 1384 718 1439 illud
766 1383 887 1438 est?
918 1377 1069 1446 Quod
1112 1377 1163 1430 in
1197 1376 1477 1431 tolerantia
1513 1374 1602 1429 Dei
1636 1373 1724 1427 illa
1753 1385 1840 1426 re-

253 1476 440 1531 missio
468 1478 603 1530 facta
641 1475 731 1529 sit.
765 1473 948 1542 Neque
989 1468 1133 1524 enim
1159 1467 1341 1522 dicere
1370 1467 1614 1536 potestis,
1649 1464 1840 1534 inquit,

253 1582 350 1620 vos
380 1581 484 1618 non
514 1565 736 1619 inultam
766 1561 1102 1617 tolerantiam
1142 1575 1204 1614 ac
1245 1557 1624 1627 benignitatem
1657 1563 1844 1608 nactos

251 1673 396 1712 esse.
433 1654 563 1710 Illud
592 1665 792 1720 autem,
842 1653 905 1708 In
947 1655 1180 1724 prwseiiti
1203 1664 1446 1724 tempore,
1475 1649 1593 1718 ejus
1618 1655 1722 1710 est,
1755 1644 1844 1714 qui

255 1763 502 1818 magnam
533 1747 876 1801 tolerantiam
909 1758 962 1801 et
990 1746 1382 1800 humanitatem
1412 1739 1674 1796 exhibuit.
1709 1736 1844 1792 Cum

253 1840 400 1893 enim
445 1839 496 1892 in
527 1837 958 1907 desperationem
982 1837 1084 1891 acti
1109 1848 1374 1901 essemus,
1398 1832 1600 1902 inquit,
1631 1843 1696 1884 ac
1721 1843 1846 1883 seu-

256 1933 439 1988 tentia:
465 1939 676 2000 tempus
705 1930 937 1995 adesset,
968 1930 1216 1999 malaque
1237 1936 1394 1982 aucta
1423 1931 1604 1980 essent
1631 1937 1695 1977 ac
1720 1936 1850 1992 pec-

256 2037 376 2079 cata
405 2024 472 2078 ad
494 2024 766 2078 cumulum
794 2022 1164 2077 ascendissent
1191 2040 1203 2076 :
1240 2030 1363 2076 tunc
1393 2019 1484 2074 ille
1532 2023 1851 2087 potestatem

257 2131 409 2169 suam
436 2114 697 2180 exhibuit,
732 2124 789 2168 ut
816 2114 992 2168 discas
1018 2121 1213 2184 quanta
1239 2112 1380 2181 apud
1427 2111 1573 2165 illum
1605 2106 1850 2176 sitjusti-
1892 2169 1895 2173 _

260 2209 349 2260 tia:
376 2206 551 2276 c0pia.
584 2206 769 2276 Neque
798 2207 941 2261 enim
975 2206 1127 2273 illud,
1173 2207 1218 2260 si
1264 2205 1316 2259 in
1346 2204 1607 2273 principio
1655 2202 1850 2256 factum

261 2299 470 2362 fuisset,
507 2307 611 2351 tam
652 2298 846 2351 mirum
877 2313 940 2352 ac
984 2297 1306 2368 stupendum
1339 2297 1510 2351 visum
1558 2295 1763 2357 fuisset,
1799 2301 1856 2347 ut

263 2404 426 2450 nunc,
457 2404 577 2442 cum
605 2387 883 2442 medicina:
912 2389 1086 2442 omnis
1111 2389 1300 2443 modus
1326 2397 1608 2457 superatus
1633 2396 1735 2441 est.
1761 2385 1852 2440 27.

267 2482 366 2538 Ubi
390 2483 546 2552 igitur
567 2482 804 2552 gloriatio
824 2482 849 2534 .9
876 2481 1103 2535 Exclusa
1129 2492 1222 2545 est,
1254 2482 1446 2552 inquit.
1473 2480 1578 2535 Per
1603 2496 1755 2550 quam
1780 2480 1856 2534 le-

266 2576 422 2646 gem?
449 2575 738 2645 factorum?
769 2572 888 2627 Non
912 2592 931 2640 ;
961 2575 1050 2628 sed
1079 2591 1168 2644 per
1187 2575 1345 2644 legem
1366 2574 1508 2643 ﬁdei.
1541 2572 1859 2642 Maguopere

267 2668 476 2723 laborat
516 2666 712 2721 Paulus
755 2674 813 2720 ut
851 2664 1122 2731 ostendat,
1156 2673 1360 2719 tantum
1393 2665 1629 2719 valuisse
1673 2663 1855 2728 fidem,

267 2768 522 2829 quantum
548 2759 631 2813 lex
651 2773 938 2827 numquam
957 2757 1040 2812 vel
1060 2757 1336 2828 imaginari
1360 2757 1553 2827 potuit.
1574 2757 1861 2827 Postquam

266 2853 414 2907 enim
441 2851 594 2917 dixit,
626 2850 769 2920 quod
803 2850 945 2905 Deus
982 2850 1254 2906 hominem
1281 2850 1541 2920 justificet
1568 2865 1597 2904 a
1628 2850 1751 2915 lide,
1781 2850 1860 2904 le-

268 2957 390 3011 gem
415 2955 596 2996 rursus
622 2942 862 2995 assumit.
908 2939 1089 3009 Neque
1116 2941 1246 2995 dicit
1271 2960 1283 2995 :
1321 2941 1420 2996 Ubi
1452 2957 1580 3012 ergo
1608 2941 1863 3009 pra-clara

269 3033 579 3088 Judmorum
623 3033 825 3101 opera?
854 3031 942 3086 ubi
983 3032 1209 3098 iustitiae
1238 3031 1591 3087 exercitium?
1614 3031 1730 3096 sed,
1767 3030 1866 3086 Ubi

271 3123 550 3195 gloriatio?
574 3124 768 3192 ubique
812 3123 1104 3178 ostendens
1135 3123 1258 3177 illos
1297 3137 1419 3178 sese
1465 3121 1746 3192 magnifice
1779 3123 1865 3192 ja-

271 3223 501 3277 ctantes.
531 3215 681 3284 quasi
712 3214 837 3285 quid
869 3215 985 3284 plus
1007 3214 1269 3269 haberent
1297 3229 1454 3284 quam
1483 3214 1604 3282 alii;
1632 3215 1724 3269 sed
1751 3215 1869 3268 nul-

268 3311 386 3363 lum
416 3323 551 3378 opus
579 3307 835 3376 proferre.
869 3307 947 3362 Ac
973 3323 1094 3362 cum
1117 3307 1342 3362 dixisset
1368 3327 1382 3362 :
1415 3307 1513 3363 Ubi
1533 3326 1652 3378 ergo
1673 3309 1868 3378 gloria-

273 3402 388 3456 tio?
415 3418 517 3455 non
547 3399 822 3470 respondit
851 3417 866 3452 ε
900 3401 1172 3456 Abscessit
1198 3409 1251 3454 et
1278 3400 1468 3469 periit;
1500 3400 1616 3464 sed,
1644 3400 1870 3456 Exclusa

273 3503 346 3544 est
367 3507 384 3542 :
413 3490 554 3560 quod
577 3499 725 3544 extra
756 3501 965 3560 tempus
991 3505 1144 3545 suum
1166 3507 1286 3546 esse
1306 3491 1527 3546 denotat
1553 3508 1566 3556 ;
1595 3507 1699 3548 non
1730 3494 1867 3549 ultra

272 3580 418 3633 enim
466 3590 675 3650 tempus
715 3579 833 3650 ejus
879 3591 982 3635 est.
1034 3580 1102 3636 Ut
1133 3581 1275 3636 enim
1307 3582 1629 3637 adveniente
1667 3583 1870 3654 judicio

276 3690 386 3725 non
421 3673 556 3726 ultra
591 3682 802 3741 tempus
846 3671 1044 3727 habent
1082 3672 1140 3738 ii,
1171 3673 1262 3744 qui
1295 3674 1672 3742 paenitentiam
1710 3691 1870 3745 agere

275 3764 520 3817 vellent:
564 3764 642 3818 sic
687 3764 953 3819 sententia
1001 3763 1218 3819 demum
1259 3767 1485 3834 prolata,
1525 3783 1648 3821 cuin
1680 3782 1870 3823 omnes

275 3856 501 3926 perituri
530 3865 730 3920 essent,
780 3856 978 3925 illeque
1012 3856 1340 3925 advenisset,
1370 3859 1459 3928 qui
1489 3859 1627 3913 mala
1658 3859 1744 3914 illa
1774 3874 1872 3928 per

275 3947 500 4017 gratiam
532 3947 838 4002 sublaturus
863 3960 1013 4013 erat;
1047 3964 1151 4002 non
1183 3950 1319 4003 ultra
1340 3959 1548 4020 tempus
1571 3950 1872 4006 habuerunt

280 4038 380 4103 illi,
411 4047 467 4091 ut
492 4039 921 4092 emendationem
949 4054 1013 4093 ex
1039 4040 1156 4109 lege
1180 4039 1474 4095 faciendam
1493 4042 1868 4098 obtenderent.

274 4129 333 4183 Si
361 4128 504 4182 enim
532 4128 859 4198 oportuisset
886 4128 970 4183 his
990 4144 1048 4184 se
1067 4129 1413 4198 confirmare,
1443 4130 1493 4186 id
1522 4141 1647 4187 ante
1671 4131 1872 4188 adven-

279 4231 391 4272 tum
418 4217 534 4287 ejus
565 4217 758 4272 factum
788 4220 1026 4288 oportuit
1060 4238 1073 4274 :
1104 4221 1353 4276 veniente
1394 4232 1573 4278 autem
1619 4223 1734 4289 illo,
1780 4225 1870 4295 qui

277 4325 376 4378 per
405 4309 563 4365 tidem
589 4319 792 4378 servat,
823 4312 1090 4366 sublatum
1121 4313 1332 4369 tandem
1361 4323 1478 4370 erat
1516 4318 1870 4374 certaminum

281 4415 538 4472 tempus:
582 4411 770 4472 utpote
815 4405 959 4458 enim
1009 4405 1300 4462 confutatis
1333 4409 1602 4476 omnibus,
1656 4411 1735 4466 sic
1776 4426 1874 4482 per

275 4493 503 4562 gratiam
532 4495 760 4548 salutem
798 4493 908 4550 dat.
941 4495 1282 4567 Quapropter
1325 4515 1467 4555 nunc
1495 4500 1586 4555 ille
1617 4505 1781 4567 venit,
1817 4513 1874 4559 ut

281 4599 349 4638 ne
378 4583 641 4651 dicerent,
675 4585 730 4640 Si
764 4586 814 4638 in
857 4587 1119 4658 principio
1172 4589 1428 4656 venisset,
1474 4593 1711 4661 patuisse
1755 4595 1872 4650 fieri

281 4683 339 4728 ut
370 4689 464 4742 per
493 4675 662 4744 legem
695 4676 842 4730 salus
871 4677 1212 4734 obtineretur
1242 4680 1475 4749 propriis
1517 4682 1791 4739 laboribus
1820 4694 1875 4740 et

277 4766 550 4833 operibus.
579 4766 724 4821 llane
754 4767 914 4837 igitur
939 4769 1152 4824 illorum
1176 4771 1561 4840 impudentiam
1589 4775 1868 4844 cohibens,

277 4860 536 4912 diuturno
567 4870 807 4928 tempore
835 4861 1056 4929 distulit,
1085 4863 1230 4918 itaut
1259 4874 1539 4935 postquam
1573 4885 1668 4938 per
1693 4871 1872 4926 omnia

275 4950 676 5020 deprehensum
705 4963 849 5008 esset
881 4954 1025 5024 ipsos
1054 4971 1159 5010 non
1191 4957 1291 5011 sibi
1326 4958 1593 5027 sufficere,
1627 4971 1750 5016 tunc
1778 4978 1874 5032 per

277 5042 506 5112 gratiam
535 5059 685 5098 suam
712 5047 938 5100 salutem
970 5047 1073 5101 illis
1104 5047 1274 5103 daret.
1305 5049 1432 5105 ldeo
1459 5067 1581 5107 cum
1609 5069 1766 5124 supra
1795 5057 1876 5111 di-

281 5135 467 5198 xisset,
513 5133 591 5187 Ad
620 5137 955 5189 ostensioncm
995 5138 1232 5207 justitiw,
1275 5141 1474 5211 intulit,
1523 5143 1590 5199 In
1638 5150 1876 5215 praesenti

283 5237 530 5292 tempore.
563 5226 714 5291 Quod
743 5228 785 5280 si
814 5228 1029 5297 quidam
1057 5231 1506 5299 contrailixerint,
1542 5236 1770 5306 idipsum
1801 5241 1876 5294 fa-

281 5317 449 5381 ciunt,
492 5334 555 5374 ac
598 5320 643 5374 si
683 5321 803 5390 quis
842 5331 961 5391 post
1001 5323 1166 5378 multa
1209 5325 1444 5382 admissa
1479 5341 1717 5399 peccata,
1752 5349 1873 5387 cum

284 5424 390 5461 non
422 5411 590 5477 possit
611 5411 660 5464 in
681 5412 882 5481 judicio
913 5428 1031 5468 sese
1059 5430 1303 5485 purgare,
1330 5419 1422 5472 sed
1446 5420 1726 5476 damnatus
1748 5440 1874 5494 sup-

285 5499 446 5567 plicio
477 5501 766 5558 tradendus
796 5505 886 5570 sit,
918 5504 1113 5559 deinde
1147 5522 1242 5575 per
1270 5511 1408 5578 regis
1438 5517 1665 5580 gratiam
1691 5515 1874 5571 (limis-

283 5605 397 5658 sus,
429 5593 763 5661 impudenter
789 5606 973 5665 postea
997 5599 1252 5668 glorietur
1273 5602 1478 5670 dicens,
1511 5620 1568 5659 se
1597 5607 1723 5661 nihil
1753 5625 1873 5677 pec-

283 5685 511 5740 cavisse.
545 5684 880 5755 Oportuissct
907 5693 1049 5744 enim
1085 5691 1134 5744 id
1161 5691 1555 5762 demonstrare,
1586 5709 1871 5768 antequam

283 5777 450 5842 gratia
500 5778 751 5842 veniret;
805 5791 1082 5851 postquam
1132 5783 1279 5836 venit
1324 5796 1525 5852 autem,
1576 5806 1680 5844 non
1736 5793 1869 5846 ultra

285 5876 494 5938 tempus
527 5880 605 5924 est
642 5871 922 5940 gloriandi.
976 5871 1032 5927 ld
1077 5874 1218 5942 quod
1266 5876 1423 5930 etiam
1475 5881 1614 5947 apud
1658 5881 1873 5938 Juda'os

1347 438 1409 493 IN
1450 432 1667 491 El’lST.
1710 429 1803 486 AD
1841 425 2002 483 “OM.
2047 429 2275 486 ιιυιιιι.
2324 429 2431 484 Υἰῐ.

3440 431 3542 485 Hii

1941 540 2152 595 accidit.
2187 541 2322 608 Quia
2350 541 2492 596 enim
2523 556 2588 597 ex
2621 555 2680 595 se
2711 540 2810 611 ipsi
2855 539 3050 612 proditi
3077 550 3252 607 erant,
3282 542 3404 598 ideo
3446 559 3538 596 ve-

1943 630 2040 697 nit,
2070 639 2125 686 et
2167 633 2401 687 adventu
2430 647 2530 686 suo
2574 632 2785 687 illorum
2811 633 3126 703 jactantiam
3172 633 3410 689 sustulit.
3440 633 3555 702 Qui.

1943 739 2085 778 emm
2113 739 2172 780 se
2199 724 2329 780 dicit
2355 725 2636 780 infantium
2670 734 3078 794 praeceptorem,
3111 734 3164 780 et
3192 727 3243 780 in
3278 728 3394 796 lege
3422 727 3541 794 glu-

1944 816 2131 880 riatur,
2157 831 2220 872 ac
2253 831 2312 872 se
2339 818 2625 872 stultorum
2664 819 2978 889 magistrum
3019 819 3274 889 appellat,
3319 819 3540 888 perinde

1943 918 2104 978 atque
2135 909 2211 963 illi
2238 908 2462 965 doctore
2489 924 2554 964 ac
2579 920 2857 964 servatore
2883 909 3154 980 indigens.
3188 911 3388 966 nullam
3421 913 3550 980 glo-

1945 999 2118 1055 riandi
2150 1015 2368 1056 causam
2411 1002 2684 1057 habuerit.
2721 1002 2779 1057 Si
2813 1003 2957 1057 enim
3000 1009 3157 1057 antea
3202 1004 3547 1058 circumcisio

1946 1093 2264 1163 praeputium
2295 1094 2431 1149 facta
2461 1106 2542 1152 est
2567 1111 2590 1161 ι
2615 1095 2788 1151 ιηιιΙιο
2809 1097 2981 1167 magis
3007 1112 3149 1151 nunc
3174 1115 3186 1148 :
3218 1111 3341 1152 nam
3370 1096 3456 1150 illa
3480 1097 3549 1150 ab

1947 1183 2190 1252 utrisque
2236 1185 2572 1253 temporibus
2601 1185 2771 1255 ejecta
2802 1196 2903 1242 est.
2939 1187 3071 1242 Cum
3103 1186 3234 1242 dicit
3272 1195 3453 1242 autem
3488 1187 3549 1240 il»

1946 1275 2050 1329 lam
2080 1278 2353 1332 exclusam
2378 1292 2525 1345 esse,
2553 1278 2789 1334 ostendit
2819 1279 3089 1348 quomodo
3133 1279 3184 1332 id
3225 1279 3420 1334 factum
3457 1280 3547 1332 sit.

1947 1366 2227 1433 Quomodo
2254 1383 2382 1438 ergo
2411 1368 2630 1424 exclusa
2665 1369 2793 1426 est?
2823 1368 2928 1424 Per
2971 1387 3124 1441 quam
3151 1371 3354 1442 legem?
3387 1374 3549 1440 facto-

1947 1476 2059 1512 rnm
2081 1461 2106 1513 ἱ)
2129 1458 2272 1525 Non,
2306 1460 2392 1513 sed
2422 1478 2513 1531 per
2537 1462 2697 1531 legem
2724 1463 2864 1530 ﬁdei.

2018 1554 2074 1608 4.
2109 1553 2246 1609 Ecce
2289 1553 2450 1609 fidem
2491 1556 2785 1626 appellavit
2831 1557 3026 1627 legem,
3057 1556 3290 1613 libenter
3317 1557 3369 1611 in
3402 1558 3550 1612 hisee

1951 1645 2257 1700 nominibus
2287 1660 2529 1712 versans,
2563 1646 2636 1700 ita
2663 1657 2720 1700 ut
2739 1648 2983 1703 emolliat
3009 1663 3152 1715 eam,
3187 1664 3309 1718 qua:
3338 1649 3549 1704 novitas

1951 1750 2072 1790 esse
2101 1735 2398 1791 videbatur.
2430 1738 2686 1806 Quaenam
2716 1751 2894 1792 autem
2928 1748 3012 1794 est
3045 1739 3168 1794 fidei
3195 1741 3320 1794 lex?
3354 1741 3420 1796 Ut
3456 1757 3553 1811 per

1950 1828 2174 1896 gratiam
2198 1828 2342 1883 salus
2367 1829 2694 1884 obtineatur.
2731 1830 2825 1885 llic
2852 1830 2946 1885 Dei
2976 1833 3272 1900 potentiam
3294 1833 3530 1889 ostendit

1953 1919 2095 1988 quod
2124 1935 2231 1973 non
2262 1920 2436 1974 solum
2467 1922 2785 1987 servaverit,
2818 1921 2914 1976 sed
2946 1923 3108 1976 etiam
3137 1922 3464 1993 justificarit,
3501 1936 3556 1979 et

1955 2011 2007 2066 in
2051 2013 2425 2082 gloriatiouem
2467 2011 2773 2078 deduxerit,
2818 2029 2924 2068 non
2958 2029 3123 2084 egens
3152 2016 3431 2085 operibus,
3460 2019 3553 2069 sed

1958 2105 2118 2159 ﬁdem
2150 2115 2353 2160 tantum
2392 2107 2696 2176 requirens.
2730 2107 2855 2163 llaec
2881 2120 3061 2164 autem
3102 2109 3234 2165 dicit
3279 2113 3466 2178 etiam,
3498 2123 3558 2166 ut

1956 2196 2266 2252 credentem
2293 2196 2537 2252 Judaeum
2577 2199 2644 2254 ad
2684 2200 3005 2256 modestiam
3036 2215 3322 2273 prteparet,
3354 2216 3406 2258 et
3451 2223 3555 2257 non

1958 2288 2267 2343 credentem
2295 2290 2573 2360 reprimat,
2599 2293 2670 2345 ita
2713 2302 2770 2345 ut
2807 2293 2952 2346 illum
2980 2295 3276 2362 pertrahat.
3305 2295 3437 2349 Nam
3469 2300 3556 2364 qui

1960 2381 2185 2436 salutem
2224 2393 2415 2436 nactus
2446 2392 2551 2449 est,
2593 2384 2639 2438 si
2690 2383 2793 2454 legi
2838 2385 3125 2441 attendens
3166 2387 3334 2440 altum
3363 2388 3556 2456 sapiat,

1960 2472 2164 2538 audiet,
2193 2473 2334 2543 quod
2365 2473 2452 2527 illa
2497 2475 2595 2543 ipsi
2625 2490 2687 2530 os
2714 2476 2951 2543 obturet,
2983 2477 3096 2548 ipsa
3127 2478 3273 2532 illum
3315 2492 3558 2546 accuset,

1964 2564 2076 2634 ipsa
2107 2566 2223 2635 ejus
2254 2567 2483 2621 salutem
2532 2568 2836 2637 impedierit
2867 2581 2921 2625 et
2955 2571 3333 2641 gloriationem
3375 2575 3561 2627 exelu-

1962 2660 2131 2712 serit:
2161 2659 2251 2730 qui
2303 2675 2431 2715 vero
2479 2672 2586 2715 non
2616 2663 2864 2730 credidit,
2914 2679 3010 2735 per
3053 2665 3168 2720 htec
3206 2666 3314 2736 ipsa
3350 2667 3564 2720 humilis

1964 2750 2206 2817 effectus,
2235 2753 2300 2807 ad
2333 2753 2493 2808 fidem
2524 2753 2784 2811 accedere
2830 2758 3048 2824 peterit.
3091 2755 3337 2812 Vidistiu‘
3367 2774 3562 2829 quanta

1969 2845 2089 2898 lidei
2133 2846 2246 2899 vis?
2290 2847 2563 2916 quonme
2604 2863 2632 2901 a
2683 2849 2953 2918 prioribus
3002 2854 3309 2918 removerit,
3361 2854 3413 2908 in
3463 2855 3568 2908 illis

1965 2937 2181 3005 gloriari
2232 2953 2336 2992 non
2382 2940 2605 2994 sitiens?
2646 2941 2736 2996 9.8.
2773 2943 3094 2997 Arbitrantur
3132 2962 3252 3016 ergo
3294 2964 3384 3016 per
3413 2951 3567 3016 [idem

1959 3028 2238 3098 jttstiﬁcnri
2288 3029 2539 3085 hominem
2586 3034 2696 3086 sine
2737 3035 2974 3104 operibus
3014 3037 3158 3107 legis.
3190 3037 3289 3093 Ubi
3335 3041 3569 3096 ostemlit

1969 3136 2064 3175 eos
2092 3137 2120 3173 a
2151 3121 2273 3187 lide,
2305 3123 2421 3178 sine
2460 3125 2716 3193 Operibus
2763 3127 2915 3197 legis,
2948 3127 3148 3184 Juda'is
3177 3146 3299 3185 esse
3321 3133 3569 3202 superio-

1972 3224 2092 3268 res:
2124 3221 2247 3266 tunc
2278 3212 2490 3267 demum
2523 3230 2644 3269 cum
2678 3218 2841 3271 multa
2872 3218 3062 3275 fiducia
3085 3220 3227 3276 circa
3260 3223 3404 3278 illam
3433 3225 3572 3287 edis-

1972 3302 2122 3365 serit,
2158 3315 2210 3356 et
2241 3305 2312 3367 ei,
2347 3305 2486 3374 quod
2543 3307 2629 3361 hic
2675 3309 2889 3364 turbare
2931 3310 3214 3367 videbatur
3240 3354 3255 3380 ,
3308 3315 3570 3370 medelam

1972 3390 2149 3445 affert.
2209 3393 2416 3447 Etenim
2477 3396 2591 3451 hac
2635 3398 2742 3452 duo
2784 3399 3000 3454 Judwos
3049 3404 3375 3471 turbabant;
3411 3423 3572 3462 unum

1973 3481 2210 3550 quidem,
2241 3484 2283 3537 si
2318 3484 2350 3537 ii
2393 3485 2481 3554 qui
2513 3501 2632 3541 cum
2675 3490 2930 3559 Operibus
2974 3494 3172 3546 servati
3205 3510 3310 3549 non
3343 3498 3571 3559 fueram,

1975 3582 2194 3640 possent
2224 3574 2342 3629 sine
2370 3576 2627 3644 operibus
2673 3581 2914 3647 servari;
2945 3581 3089 3637 aliud
3120 3599 3270 3650 vero,
3301 3587 3344 3640 si
3370 3588 3575 3657 justum

1974 3678 2118 3720 esset
2147 3668 2494 3736 przeputiatos
2518 3670 2707 3725 iisdem
2735 3672 2864 3741 ipsis
2893 3675 3013 3740 frui,
3045 3677 3198 3746 queis
3222 3678 3278 3745 ii,
3312 3682 3401 3749 qui
3429 3691 3578 3735 tanto

1977 3763 2217 3825 tempore
2251 3758 2301 3810 in
2332 3758 2448 3827 lege
2477 3761 2697 3816 enutriti
2725 3774 2914 3830 erant;
2959 3766 3009 3820 id
3051 3768 3191 3836 quod
3221 3769 3379 3839 longe
3410 3775 3578 3843 magis

1975 3847 2098 3901 illos
2131 3847 2400 3915 turbabat,
2431 3867 2590 3920 quam
2625 3853 2774 3922 prior
2802 3855 2889 3909 illa
2915 3855 3227 3915 difficultas.
3275 3861 3398 3916 Ideo
3427 3876 3575 3933 post-

1974 3955 2133 4010 quam
2181 3942 2312 3996 illud
2364 3943 2702 4013 probaverat,
2750 3948 2816 4002 ad
2871 3947 2974 4004 hoc
3023 3951 3241 4007 domum
3287 3956 3577 4024 prmedit:

1975 4033 2117 4100 quod
2146 4034 2224 4089 sic
2260 4034 2475 4092 Judteos
2521 4038 2792 4107 turbabat,
2839 4050 2898 4095 ut
2945 4029 3383 4116 post'acceptam
3420 4050 3577 4104 fidem

1975 4122 2194 4179 Petrum
2229 4126 2330 4182 hac
2359 4127 2426 4182 de
2457 4143 2617 4184 causa
2648 4131 2978 4200 incusarent,
3012 4135 3081 4189 ob
3101 4136 3413 4194 Cornelium
3441 4152 3489 4196 et
3516 4160 3576 4202 ea

1975 4233 2095 4288 qua:
2125 4218 2190 4273 ad
2223 4221 2396 4289 ipsum
2424 4224 2759 4290 spectabant.
2791 4221 2928 4294 Quid
2953 4243 3082 4299 ergo
3110 4231 3230 4285 ait?
3259 4233 3581 4289 Arbitrantur

1975 4325 2094 4379 ergo
2119 4311 2222 4377 fide
2258 4312 2537 4381 justi/icari
2573 4315 2826 4371 hominem
2871 4319 2980 4373 sine
3023 4324 3258 4391 operibus
3285 4325 3428 4395 legis.
3464 4327 3580 4381 Non

1975 4400 2131 4464 dixit,
2157 4401 2422 4468 Judaeum,
2458 4406 2541 4461 vel
2568 4422 2690 4462 eum
2722 4410 2812 4478 qui
2844 4410 2945 4464 sub
2971 4412 3086 4483 lege
3116 4427 3261 4470 esset
3289 4434 3303 4482 ;
3333 4419 3427 4472 sed
3459 4435 3580 4474 ora-

1979 4493 2178 4548 tionem
2205 4493 2256 4548 in
2283 4495 2440 4550 latius
2466 4499 2696 4566 spatium
2729 4499 2986 4569 edocens,
3019 4514 3074 4558 et
3101 4507 3214 4560 orbi
3242 4509 3430 4563 salutés
3460 4527 3583 4580 por-

1977 4598 2059 4643 tas
2086 4589 2356 4660 aperiens,
2392 4591 2541 4657 dicit,
2587 4592 2882 4663 Hominem,
2930 4612 3220 4655 commune
3248 4614 3453 4656 natura:
3489 4583 3582 4658 no;

1977 4701 2100 4740 mcn
2133 4700 2416 4755 usurpans.
2450 4687 2650 4742 Deinde
2677 4691 2961 4746 occasione
3017 4692 3143 4747 hinc
3185 4707 3422 4766 sumpta,
3477 4715 3581 4752 non

1979 4779 2204 4846 positam
2233 4779 2338 4848 obj.
2358 4780 2590 4834 ctionein
2621 4781 2798 4835 solvit.
2829 4784 2960 4849 Quia
2984 4786 3125 4838 enim
3152 4788 3448 4843 verisimile
3468 4803 3584 4845 erat

1977 4871 2212 4938 Judmos,
2239 4889 2454 4928 onmem
2486 4874 2759 4929 hominem
2788 4892 2817 4929 a
2847 4877 2949 4932 fide
2974 4877 3256 4947 justificari
3279 4883 3582 4950 audientes,

1980 4965 2030 5018 id
2061 4981 2204 5032 aegre
2236 4966 2374 5020 ferre
2406 4975 2460 5020 et
2489 4967 2617 5022 hinc
2657 4969 2877 5034 offendi,
2923 4971 3117 5041 adjecit
3148 4992 3160 5028 :
3194 4975 3282 5030 ‘29.
3317 4977 3455 5030 Num
3487 4980 3585 5038 Jn-

1979 5057 2209 5110 divorum
2257 5057 2396 5112 Deus
2435 5062 2674 5113 tantmn?
2702 5076 2766 5117 ac
2810 5062 2855 5117 si
2896 5063 3097 5120 diceret
3123 5083 3136 5119 :
3165 5067 3276 5122 Cur
3306 5072 3448 5124 enim
3487 5073 3588 5129 hoc

1981 5149 2072 5202 tibi
2101 5150 2391 5206 absurdum
2436 5168 2557 5209 esse
2588 5155 2818 5220 videtur,
2851 5157 2992 5225 quod
3021 5160 3197 5215 omnis
3243 5162 3406 5218 homo
3438 5169 3584 5222 salu-

1982 5253 2086 5296 tem
2119 5247 2517 5314 consequatur?
2549 5264 2675 5302 mnn
2709 5250 2848 5302 Deus
2876 5251 3013 5319 parti
3043 5253 3132 5307 uni
3161 5262 3366 5312 tantum
3403 5259 3536 5312 favet
3567 5263 3587 5312 ?

1981 5337 2104 5391 hinc
2133 5340 2423 5394 ostendens
2455 5340 2594 5404 illos,
2627 5341 2753 5396 dum
2793 5344 3045 5412 gentibus
3089 5347 3299 5402 molesti
3333 5365 3454 5405 esse
3487 5368 3583 5402 vo-

1981 5428 2114 5494 lunt,
2147 5429 2239 5483 Dei
2264 5431 2486 5499 gloriam
2520 5435 2697 5502 potius
2729 5436 3071 5503 labefactare,
3108 5440 3150 5492 si
3181 5456 3288 5495 non
3314 5443 3497 5497 sinunt
3527 5445 3574 5497 il-

1980 5520 2087 5573 lum
2114 5521 2352 5574 omnium
2382 5537 2501 5577 esse
2534 5524 2720 5581 Deum.
2749 5527 2802 5580 Si
2831 5538 3008 5582 autem
3038 5530 3276 5584 omnium
3308 5532 3446 5587 Deus
3478 5545 3581 5599 est,

1977 5611 2226 5666 omnibus
2252 5615 2409 5666 etiam
2441 5617 2682 5684 providet
2712 5635 2723 5669 :
2750 5615 2794 5672 si
2827 5619 3075 5673 omnibus
3103 5622 3365 5690 providet.
3392 5640 3586 5681 omnes

1978 5704 2225 5756 similiter
2256 5720 2348 5773 per
2380 5706 2537 5760 Iidem
2564 5719 2772 5773 servat;
2805 5710 2926 5764 ideo
2957 5712 3031 5763 ait
3061 5729 3071 5763 :
3109 5711 3248 5765 A’mn
3280 5713 3585 5771 Jndit'ornm

1981 5796 2116 5850 Deus
2140 5799 2380 5851 tantum?
2411 5816 2576 5854 nonne
2605 5803 2871 5871 gentium?
2897 5805 2996 5857 into
3025 5817 3068 5856 et
3088 5807 3335 5874 gentium.
3360 5807 3475 5861 Non
3505 5822 3588 5864 est

1978 5891 2118 5945 enim
2155 5892 2344 5961 partim
2388 5893 2547 5961 Deus,
2581 5903 2635 5948 ut
2679 5896 2991 5952 Grzeeorum
3022 5897 3215 5956 fabula:
3253 5898 3453 5970 ferunt,
3485 5905 3589 5961 sed
