4056 6490
623 377 727 435 ιιτ

623 492 920 548 communis
937 489 1170 549 omnium
1195 497 1252 545 et
1277 503 1411 545 unus
1432 505 1448 554 ;
1472 486 1589 541 ideo
1604 485 1871 556 subjungit
1893 484 2019 541 :30.
2044 483 2188 550 Quo-

624 584 762 642 niam
789 600 919 638 unus
948 596 1017 638 est
1044 584 1200 638 Deus.
1246 581 1356 636 lloc
1384 586 1487 645 est,
1518 576 1657 633 idem
1701 575 1814 648 ipse
1840 586 1894 632 et
1916 575 2106 631 borum
2129 582 2186 629 et

622 678 831 733 illorum
862 675 1135 731 Dominus.

690 766 1020 821 Providentia
1057 764 1332 818 communis
1358 762 1606 817 omnibus.
1630 790 1704 803 -—-
1720 758 1775 816 Si
1797 767 1972 814 antem
1999 764 2182 811 vetera

619 857 747 913 mihi
788 856 942 923 dicis,
974 866 1095 910 tunc
1120 868 1328 926 quoque
1357 852 1683 922 providentia
1720 846 2017 905 communis
2041 855 2176 913 erat,

614 947 717 1003 etsi
746 947 956 1002 diverso
986 944 1140 1000 modo
1180 961 1195 997 :
1223 942 1418 997 etenim
1447 942 1539 996 tibi
1575 941 1657 995 lex
1688 940 1884 1010 scripta
1910 938 2031 993 data
2058 936 2177 1004 fuit,

616 1039 727 1093 illis
748 1053 873 1095 vero
902 1042 985 1095 lex
1007 1035 1294 1101 naturalis;
1318 1044 1372 1091 et
1398 1035 1451 1089 hi
1481 1034 1610 1090 nihil
1632 1033 1806 1089 minus
1829 1032 2111 1095 habebant,
2132 1032 2179 1087 si

618 1130 930 1194 voluissem,
954 1127 1045 1182 sed
1065 1126 1276 1185 vincere
1301 1135 1539 1197 poterant
1566 1143 1582 1181 :
1613 1139 1776 1195 quare
1796 1124 2021 1195 idipsuvn
2047 1121 2177 1178 sub-

613 1219 873 1286 indieans,
914 1217 1111 1286 adjecit
1144 1236 1157 1271 :
1193 1216 1291 1283 Qui
1338 1217 1631 1291 iustiﬁcam
1655 1215 2079 1271 circumcisionem
2114 1228 2180 1267 ets

610 1311 731 1378 ﬁde,
760 1318 805 1363 et
835 1311 1139 1381 praputittm
1165 1324 1253 1379 per
1280 1308 1473 1377 ﬁdem;
1512 1311 1687 1378 priora
1731 1305 1801 1362 de
1839 1305 2097 1376 przeputio
2120 1313 2177 1360 et

608 1400 1018 1455 circumcisione
1046 1400 1183 1454 dicta
1212 1399 1316 1453 illis
1347 1398 1401 1453 in
1442 1407 1674 1453 mentem
1714 1391 1996 1462 revocans,
2023 1393 2177 1465 queis

606 1490 988 1547 deutonstravit
1015 1490 1211 1546 nullam
1241 1504 1364 1545 esse
1390 1488 1765 1549 differentiam.
1790 1487 1945 1555 Quod
1972 1487 2018 1542 si
2051 1495 2177 1541 tunc

608 1582 750 1637 nulla
794 1590 909 1637 erat
949 1581 1265 1645 differentia,
1308 1580 1474 1636 multo
1516 1580 1684 1650 magis
1725 1594 1912 1636 nunc:
1951 1576 2003 1633 id
2032 1575 2175 1647 quod

604 1668 799 1727 eisi-ius
814 1674 924 1740 jam
951 1672 1201 1743 probans,
1231 1670 1464 1726 ostendit
1484 1682 1769 1741 utrumque
1794 1669 2040 1725 similiter
2068 1667 2174 1723 ﬁde

602 1776 738 1831 opus
779 1760 997 1818 habere.
1039 1761 1129 1817 δι.
1158 1759 1340 1832 Legem
1378 1776 1517 1832 ergo,
1545 1760 1735 1830 inquit,
1764 1760 2063 1815 destrui-tes
2083 1774 2172 1828 per

601 1852 753 1920 ﬁdem
774 1852 799 1905 ?
824 1851 987 1919 Absit,
1018 1850 1119 1905 imo
1144 1843 1299 1920 legent
1318 1851 1603 1906 statuimus.
1639 1850 1820 1906 Viden'
1838 1848 2171 1920 prudentiam

602 1943 802 1998 variam
826 1953 880 1997 et
908 1942 1265 2001 inelhbilemi
1293 1942 1422 1997 Nam
1447 1958 1515 1999 eo
1537 1943 1673 2013 ipso,
1700 1942 1842 2015 quod
1862 1942 2008 2008 dicit,
2041 1940 2167 1999 Sta-

601 2035 804 2097 tuimur,
828 2034 1058 2089 ostendit
1085 2048 1337 2089 eantnon
1368 2042 1530 2100 stare,
1558 2033 1653 2089 sed
1674 2032 1900 2090 solutam
1928 2048 2069 2090 esse.
2102 2034 2169 2089 Et

598 2124 719 2179 vide
759 2132 956 2193 quanta
997 2125 1070 2181 sit
1111 2122 1257 2177 Pauli
1288 2124 1458 2180 virtus
1495 2133 1550 2179 et
1578 2126 1657 2179 vis
1700 2124 1918 2195 ingenii,
1962 2134 2165 2180 etcum

596 2223 792 2284 quanta
822 2214 1070 2271 facilitate
1098 2229 1162 2270 ea
1184 2229 1303 2285 quze
1324 2213 1430 2268 vult
1458 2212 1667 2283 probet.
1697 2213 1795 2269 Hic
1822 2215 1963 2269 enim
1984 2223 2166 2270 osten-

596 2308 676 2363 tlit
704 2306 857 2363 fidem
888 2322 994 2362 non
1019 2306 1177 2363 modo
1203 2322 1233 2361 a
1262 2306 1374 2376 lege
1404 2321 1511 2361 non
1533 2305 1855 2371 labefactari,
1884 2304 1979 2361 sed
2002 2305 2162 2362 etiam

595 2398 665 2453 ab
691 2398 776 2452 illa
813 2397 1009 2466 juvari,
1037 2406 1195 2468 atque
1222 2396 1382 2453 etiam
1410 2394 1581 2465 legem
1622 2394 1742 2451 ﬁdei
1773 2396 1910 2450 viam
1954 2411 2160 2465 parare.

597 2487 745 2543 Sicut
769 2488 909 2560 enim
953 2487 1033 2542 lex
1078 2495 1401 2556 prtevertens
1427 2484 1552 2542 fidei
1593 2485 1870 2542 testificata
1903 2495 1985 2543 est
2015 2488 2162 2557 (nam

592 2580 686 2642 ait,
717 2578 1009 2649 Teati/ictus
1028 2596 1061 2634 tt
1084 2579 1192 2649 lege
1212 2587 1262 2634 et
1282 2578 1558 2649 prophetis)
1577 2578 1710 2655 ~:,sic
1731 2588 1786 2633 et
1823 2578 1955 2634 iides
1991 2580 2175 2648 legem.

593 2670 927 2725 deiicientem
957 2668 1227 2724 stabilivit.
1262 2668 1329 2722 Et
1370 2668 1660 2737 quomodo,
1695 2668 1921 2740 inquies,
1954 2668 2162 2724 stabili-

594 2762 671 2815 vit
688 2761 715 2814 t
732 2761 995 2830 quodnam
1020 2769 1135 2814 erat
1161 2758 1290 2827 legis
1316 2773 1471 2828 opus,
1499 2768 1553 2815 et
1577 2774 1673 2816 cur
1693 2761 1873 2815 omnia
1899 2760 2118 2817 faciebat
2135 2760 2163 2815 i

596 2852 664 2913 Ut
693 2852 960 2909 hominem
987 2852 1184 2921 justum
1212 2850 1431 2906 ticeret.
1471 2848 1667 2906 Verum
1715 2851 1803 2907 lex
1840 2851 1895 2907 id
1923 2865 2027 2906 non
2060 2868 2157 2921 po-

594 2943 730 3001 tuit:
760 2956 900 3007 nam,
951 2941 1135 3000 Omnes
1162 2950 1511 3014 peccaverunt,
1547 2942 1755 3013 inquit;
1802 2942 1938 3001 ﬁdes
1977 2956 2156 3005 autem

590 3034 809 3088 veniens
854 3032 907 3087 id
957 3033 1242 3104 praestitit;
1293 3032 1450 3087 simul
1492 3032 1725 3088 enimut
1768 3033 1888 3103 quis
1933 3034 2157 3091 credidit

588 3123 905 3194 justilicattts
926 3138 1031 3182 est.
1074 3122 1236 3193 igitur
1276 3122 1408 3193 legis
1448 3122 1773 3178 voluntatem
1802 3123 2078 3192 stabilivit,
2104 3135 2161 3181 et

591 3216 644 3270 id
674 3215 826 3284 cujus
864 3229 1022 3273 causa
1051 3216 1230 3272 omnia
1271 3217 1357 3271 lex
1402 3215 1648 3281 faciebat,
1694 3218 1862 3288 gratia
1889 3220 1954 3273 ad
1999 3219 2158 3276 linem

590 3306 829 3364 deduxit.
872 3304 993 3361 Non
1032 3320 1163 3376 ergo
1206 3306 1349 3361 illam
1394 3306 1685 3377 abrogavit,
1731 3308 1825 3366 sed
1870 3310 2157 3380 perfectam

593 3399 839 3454 reddidit.
878 3399 1003 3454 Tria
1042 3400 1199 3471 igitur
1243 3398 1328 3453 hic
1353 3397 1759 3465 demonstravit,
1789 3411 1845 3457 et
1871 3402 2012 3473 quod
2040 3402 2161 3459 sine

587 3491 702 3562 lege
726 3490 892 3561 possit
919 3491 1079 3546 homo
1093 3490 1398 3559 justificari,
1421 3499 1475 3547 et
1497 3492 1637 3560 quod
1660 3491 1714 3559 id
1735 3493 1818 3548 lex
1846 3508 1949 3550 non
1971 3503 2157 3566 potuc-

586 3585 676 3652 sit,
706 3583 952 3655 quodque
979 3583 1112 3641 fides
1134 3599 1254 3639 cum
1286 3584 1402 3656 lege
1447 3599 1554 3640 non
1586 3596 1807 3656 pugnet.
1843 3587 1981 3655 Quia
2003 3591 2156 3648 enim

590 3677 691 3735 hoc
727 3677 959 3732 maxime
1005 3675 1220 3733 Judzcos
1261 3676 1526 3743 turbabat,
1567 3677 1709 3748 quod
1735 3679 1868 3736 fidos
1893 3681 1996 3752 legi
2020 3696 2158 3737 cou-

589 3768 747 3829 traria
774 3767 1063 3834 videretur,
1107 3768 1222 3839 plus
1247 3768 1507 3835 ostendit,
1547 3784 1707 3838 quam
1752 3770 1967 3826 iudicas
2008 3773 2152 3840 velit,

584 3858 726 3929 quod
754 3874 858 3914 non
883 3858 1042 3914 modo
1065 3874 1170 3912 non
1205 3858 1274 3914 sit
1301 3859 1590 3926 contraria,
1618 3860 1712 3916 sed
1739 3860 1898 3916 etiam
1919 3876 2038 3917 cuin
2067 3864 2157 3919 illa

586 3959 785 4022 pugnet
810 3960 867 4008 et
901 3959 1259 4022 conparetur;
1306 3950 1448 4022 quod
1490 3952 1720 4007 maxime
1758 3951 1837 4007 illi
1871 3954 2156 4024 cupiebant

587 4044 791 4098 audire.

653 4134 705 4189 5.
733 4133 927 4189 Caritas
947 4144 1105 4189 mater
1128 4133 1369 4189 bonorum
1395 4134 1640 4189 omnium.
1669 4134 1859 4190 Contra
1887 4136 2151 4197 invidiam.

583 4253 653 4273 -ν
676 4222 783 4279 Sed
807 4224 926 4303 quia
952 4232 1073 4292 post
1106 4224 1329 4293 gratiam
1373 4223 1511 4279 hanc
1533 4266 1549 4290 ,
1579 4238 1673 4294 per
1702 4241 1860 4297 quam
1883 4226 2152 4296 justilicati

468 4383 471 4385 ἓ
584 4332 766 4371 smnus
785 4356 799 4383 ,
832 4316 969 4371 bona
997 4316 1100 4370 vita
1136 4330 1272 4385 opus
1297 4325 1383 4372 est
1400 4357 1414 4381 ,
1445 4317 1661 4387 dignum
1687 4317 1830 4373 dono
1855 4327 2000 4375 tanto
2026 4333 2155 4376 stu-

583 4410 726 4463 dium
772 4407 1117 4465 cvbibcamus
1154 4425 1169 4462 :
1205 4406 1576 4463 exhibebimus
1622 4419 1799 4464 autem
1838 4409 1882 4466 si
1928 4421 2152 4467 matrem

587 4505 846 4563 honorum“
891 4501 1128 4555 omnium
1172 4498 1447 4555 caritatem
1492 4514 1615 4557 cum
1659 4515 1845 4572 magna
1884 4502 2153 4573 diligentia

583 4609 878 4650 servemus.
907 4593 1003 4648 Est
1030 4599 1206 4646 autem
1229 4591 1421 4647 caritas
1451 4607 1556 4645 non
1585 4592 1721 4647 nuda
1740 4593 1897 4649 verba
1927 4604 1983 4649 et
2009 4595 2152 4650 salu-

589 4689 833 4750 taliones,
865 4685 959 4742 sed
991 4683 1293 4756 praesidium
1322 4693 1378 4740 ct
1422 4684 1679 4740 exhibilio
1701 4699 1959 4755 operum;
2004 4687 2153 4743 verbi

585 4779 772 4845 gratia,
803 4784 1166 4846 paupertatem
1189 4775 1372 4839 solari,
1401 4775 1559 4846 agris
1587 4776 1857 4847 opitulari,
1879 4793 1909 4831 a
1938 4779 2150 4847 pericu-

584 4871 652 4925 iis
694 4869 941 4933 liberare,
971 4867 1028 4921 in
1068 4865 1366 4921 calamitate
1413 4866 1745 4924 versantibus
1788 4869 1996 4935 adesse,
2022 4870 2151 4928 flere

585 4978 706 5017 cum
752 4960 1036 5025 flentibus,
1076 4956 1306 5030 gaudere
1352 4971 1472 5014 cum
1525 4958 1914 5027 gaudentibus:
1948 4977 2068 5016 nam
2097 4971 2152 5017 et

588 5056 688 5109 hoc
708 5069 770 5109 ex
798 5052 1021 5109 caritate
1048 5048 1395 5122 proficiscitur
1422 5064 1436 5102 :
1466 5048 1564 5103 etsi
1591 5062 1807 5118 parvum
1827 5051 1950 5120 quid
1973 5051 2151 5107 videa-

587 5159 672 5200 tur
689 5159 827 5209 esse,
858 5141 1090 5214 gaudere
1122 5153 1243 5194 cum
1263 5138 1633 5209 gaudentibus,
1658 5153 1904 5210 magnum
1932 5141 1984 5196 id
2003 5152 2150 5198 certe

585 5247 664 5293 est
683 5275 698 5301 ,
735 5244 791 5291 et
814 5234 978 5289 animi
1009 5230 1309 5302 philosophi
1355 5246 1507 5301 opus.
1538 5230 1835 5301 “altosque
1871 5232 2106 5290 invenias
2130 5276 2145 5301 ,

583 5327 675 5397 qni
695 5368 711 5392 ,
740 5326 879 5396 quod
910 5323 1188 5382 molestius
1216 5331 1299 5378 est
1320 5362 1335 5388 ,
1365 5322 1527 5391 probe
1556 5321 1753 5379 iaciant
1772 5366 1787 5389 ,
1817 5323 1910 5379 sed
1942 5324 2041 5380 hoc
2067 5328 2145 5381 le-

584 5420 704 5473 nius
727 5416 959 5471 officium
987 5412 1070 5471 vix
1112 5422 1386 5485 prmsteut.
1417 5412 1564 5470 Multi
1611 5429 1835 5485 namque
1874 5414 2004 5470 ﬂent
2025 5431 2144 5473 cum

581 5509 853 5574 ﬂentibus,
881 5522 981 5562 nec
1003 5506 1233 5579 gaudere
1271 5504 1457 5559 volunt
1494 5519 1613 5561 cum
1642 5506 1991 5570 gaudentibus
2009 5551 2029 5574 ,
2052 5511 2143 5566 sed

578 5600 695 5656 aliis
722 5598 1074 5671 gaudentibus
1105 5597 1499 5671 lacrymantur;
1530 5596 1579 5650 id
1607 5597 1744 5666 quod
1774 5614 1837 5653 ex
1868 5598 2064 5654 invidia
2093 5609 2151 5658 et.

580 5694 745 5748 livore
790 5690 1160 5760 proficiscitur.
1190 5688 1303 5745 Non
1338 5705 1551 5761 parvum
1595 5706 1721 5759 ergo
1749 5691 1979 5746 officium
2019 5702 2104 5749 est

581 5785 740 5843 natm
767 5782 1031 5856 gaudente
1076 5782 1302 5854 gaudere
1325 5825 1340 5852 ,
1369 5783 1461 5840 sed
1492 5792 1544 5839 ct
1575 5770 1742 5839 altero
1770 5784 2137 5842 onestantius.

1389 372 1447 435 S.
1486 371 1757 430 JOANNIS
1792 365 2258 428 CHRYSOSTOMI
2290 363 2605 423 ARCHIEP.
2645 362 3171 423 CONSTANTINOP.

3777 362 3870 422 διε

2294 494 2399 535 non
2426 488 2626 534 tantum
2654 478 2746 535 illo
2770 480 2947 536 officio
2968 478 3129 537 ﬂendi
3154 494 3274 536 cum
3296 478 3577 547 dentibus,
3594 480 3692 537 sed
3716 483 3869 538 etiam

2291 569 2383 625 illo
2410 569 2534 636 alio,
2565 584 2672 641 quo
2698 570 2891 626 fratres
2912 572 2965 626 in
2990 570 3227 642 periculo
3255 569 3582 627 constitutos
3603 570 3866 641 juvantis.

2288 660 2435 717 Multi
2491 672 2720 732 uanique
2768 676 2890 717 cum
2937 663 3359 735 periclitantibus
3389 663 3697 735 periculum
3745 665 3863 720 sub-

2288 763 2435 818 eunt,
2466 752 2559 809 sed
2588 751 2847 809 fratribus
2872 767 3127 825 prospere
3151 755 3430 825 agentibus
3471 755 3799 811 mordentur
3820 767 3870 812 et

2285 845 2587 901 cruciantur
2627 861 2641 899 :
2678 853 2822 901 tanta
2862 856 2948 901 est
2986 845 3201 901 invidia:
3244 846 3485 919 tyrannis
3518 864 3533 902 :
3561 847 3695 905 licet
3743 847 3868 902 illud

2285 950 2405 992 cum
2427 934 2612 992 labore
2630 944 2683 990 et
2709 934 2906 993 sudore
2933 934 3237 1006 perﬁciatur
3261 976 3278 1002 ,
3312 937 3413 993 hoc
3438 949 3622 993 autem
3654 954 3721 994 ex
3751 954 3869 1009 pro-

2284 1026 2456 1098 posito
2501 1036 2555 1082 et
2601 1042 2667 1082 ex
2710 1026 2824 1085 sola
2855 1026 3130 1083 voluntate
3156 1028 3543 1098 proficiscatur.
3573 1030 3683 1086 Sed
3715 1032 3867 1087 multi

2283 1114 2423 1184 quod
2448 1116 2722 1179 molestius
2748 1126 2832 1173 est
2858 1115 3109 1181 fercula,
3140 1116 3283 1188 quod
3314 1116 3544 1188 facilius,
3573 1136 3684 1175 non
3720 1125 3868 1189 iterli-

2281 1209 2447 1275 ciunt,
2496 1206 2592 1265 sed
2620 1208 2898 1267 tabescunt
2938 1223 2993 1264 et
3038 1216 3298 1279 pereunt,
3329 1224 3451 1266 cum
3502 1212 3691 1267 vident
3732 1216 3868 1268 alios

2280 1298 2429 1356 clare
2454 1326 2508 1356 et
2549 1315 2806 1371 prospere
2845 1310 3103 1371 agentes;
3138 1316 3261 1357 cum
3302 1302 3601 1361 Ecciesiam
3634 1316 3866 1362 cernunt

2282 1399 2445 1447 totam
2469 1400 2560 1451 aut
2588 1393 2752 1449 verbo
2773 1400 2867 1448 aut
2892 1392 3001 1451 alio
3024 1391 3255 1463 quodam
3280 1393 3442 1450 modo
3460 1393 3638 1464 iuvari
3666 1408 3724 1451 et
3752 1411 3862 1451 rem

2280 1479 2418 1537 bene
2456 1497 2646 1552 gerere
2676 1497 2692 1538 :
2721 1498 2833 1555 quo
2854 1482 2979 1554 quid
3007 1483 3244 1540 deterius
3269 1484 3427 1542 fuerit
3447 1486 3471 1539 1
3494 1485 3683 1556 Neque
3720 1488 3861 1542 enim

2276 1586 2398 1628 cum
2427 1572 2589 1632 fratre
2611 1581 2840 1641 tantum,
2866 1576 2963 1633 sed
2989 1576 3151 1632 etiam
3181 1591 3303 1632 cum
3334 1577 3614 1634 voluntate
3638 1579 3733 1635 Dei
3763 1595 3856 1651 po.

2275 1672 2403 1733 gnat
2426 1665 2515 1735 qui
2545 1664 2666 1722 talia
2702 1673 2805 1721 est.
2834 1664 2948 1725 iioc
2984 1680 3117 1736 ergo
3157 1665 3541 1736 considerem,
3573 1683 3860 1741 compesce

2274 1753 2519 1810 morbum
2547 1756 2717 1821 hunc;
2745 1762 2801 1815 et
2842 1755 2889 1812 si
2934 1770 3042 1811 non
3085 1756 3383 1825 proximum
3415 1758 3519 1826 vis,
3554 1758 3751 1817 saltem
3783 1767 3857 1816 te-

2276 1845 2447 1916 ipsnm
2473 1863 2504 1902 a
2535 1848 2803 1906 sexcentis
2841 1862 2972 1905 erue
3007 1848 3183 1904 malis.
3213 1849 3323 1904 Cur
3362 1849 3565 1909 bellum
3594 1850 3768 1908 infers
3806 1853 3855 1907 in

2272 1939 2622 2009 cogitationes
2646 1940 2807 1997 tuas?
2832 1954 2930 1998 cur
2973 1939 3202 1997 tumultu
3235 1941 3468 1997 animam
3515 1944 3698 2013 reples
3716 1943 3743 1997 ἲ
3763 1960 3855 1999 cur

2273 2036 2642 2099 tempestatem
2687 2030 2909 2093 excitae,
2939 2040 2994 2087 et
3034 2044 3125 2086 res
3164 2044 3257 2086 sus
3286 2030 3460 2103 deque
3483 2033 3694 2089 vertis?
3718 2048 3852 2103 quo.

2271 2119 2432 2177 modo
2452 2122 2533 2180 sic
2555 2119 2776 2178 aliectus
2796 2132 3135 2193 peccatorum
3158 2122 3369 2178 veniam
3398 2135 3585 2195 petere
3609 2126 3854 2182 valebis?

2269 2210 2408 2268 Nam
2436 2213 2480 2267 si
2509 2213 2648 2268 Deus
2671 2222 2887 2283 peccata
2913 2228 3019 2272 non
3048 2214 3275 2271 remittit
3312 2216 3396 2283 iis,
3427 2216 3519 2288 qui
3546 2217 3650 2273 sibi
3680 2218 3855 2275 illatas

2269 2304 2493 2373 injurias
2535 2320 2640 2363 non
2682 2306 3000 2375 remittunt,
3028 2324 3185 2379 quam
3211 2309 3420 2365 veniam
3451 2310 3601 2367 dabit
3628 2311 3733 2373 iis.
3764 2316 3852 2385 qui

2269 2394 2400 2452 nihil
2446 2409 2507 2450 se
2536 2394 2848 2454 laedentibus
2889 2396 3087 2454 damna
3137 2398 3337 2456 inferre
3382 2403 3690 2458 comatur!
3722 2403 3852 2462 Illud

2266 2494 2414 2542 certe
2440 2495 2695 2542 extrema:
2730 2489 2986 2559 nequitia!
3022 2499 3401 2559 argumentum
3429 2500 3513 2548 est
3546 2510 3563 2547 :
3591 2494 3684 2562 qui
3724 2495 3852 2551 tales

2266 2587 2433 2645 sunt,
2458 2593 2577 2634 cum
2616 2578 2831 2637 diabolo
2871 2580 3169 2638 Ecclesiam
3211 2594 3540 2655 oppugnant.
3596 2584 3852 2644 Fortasse

2266 2683 2397 2724 vero
2434 2672 2594 2724 etiam
2649 2670 2809 2740 longe
2862 2670 3100 2727 deterius
3145 2673 3345 2729 malum
3392 2685 3475 2729 est
3518 2693 3534 2731 :
3574 2690 3605 2730 a
3634 2676 3851 2733 diabolo

2264 2759 2407 2813 enim
2431 2775 2621 2817 cavere
2639 2775 2961 2831 possumus;
2987 2761 3040 2819 bi
3070 2770 3249 2823 autem
3271 2764 3519 2819 amicitia:
3540 2765 3747 2822 larvam
3776 2769 3850 2825 ie-

2264 2850 2551 2911 rnnl,clam
2584 2850 2759 2921 ignem
2784 2852 3139 2919 succendunt,
3170 2869 3336 2924 seque
3366 2857 3569 2925 primos
3597 2858 3650 2912 in
3680 2860 3850 2913 eami-

2264 2956 2389 2997 num
2420 2940 2659 3011 injiciunt
2682 2983 2695 3008 ,
2725 2951 2780 3000 et
2808 2944 2995 2999 morbo
3021 2955 3361 3015 premuntur,
3399 2948 3490 3018 qui
3532 2963 3641 3003 non
3686 2952 3850 3005 modo

2265 3032 2683 3089 miscricordiam
2726 3049 2943 3091 movere
2989 3044 3259 3107 nequeat,
3299 3037 3394 3093 sed
3425 3039 3586 3094 etiam
3618 3042 3849 3098 multum

2264 3124 2429 3178 risum
2455 3124 2672 3180 excitet.
2706 3124 2817 3180 Cur
2845 3126 3113 3196 pallescis,
3140 3142 3324 3197 quanto
3350 3168 3366 3195 ,
3401 3130 3620 3197 tremis,
3647 3141 3706 3187 et
3737 3133 3848 3188 ior-

2263 3214 2556 3272 midolosns
2586 3215 2681 3269 es?
2708 3216 2835 3286 quid
2880 3218 3006 3272 mali
3052 3217 3284 3275 accidit?
3306 3220 3447 3290 quod
3473 3221 3655 3279 clarus
3679 3222 3849 3281 frater

2261 3307 2353 3375 sit,
2372 3308 2514 3379 quod
2542 3307 2851 3379 splendidus
2876 3320 2933 3365 et
2965 3311 3217 3379 probatus
3239 3310 3265 3364 ?
3290 3312 3448 3384 Atqui
3498 3321 3551 3370 te
3592 3330 3847 3371 coronam

2261 3411 2535 3455 assumere
2558 3398 2880 3468 oportebat.
2912 3399 3144 3471 gaudere
3162 3443 3179 3468 ,
3206 3402 3320 3459 Deo
3355 3404 3579 3474 gloriam
3607 3406 3846 3473 referre,

2260 3491 2401 3561 quod
2427 3491 2725 3548 membrum
2756 3501 2904 3547 tuum
2926 3492 3263 3561 splendidum
3283 3502 3339 3549 et
3364 3495 3570 3552 illustre
3597 3499 3667 3553 sit
3700 3516 3715 3551 :
3748 3500 3847 3555 sed

2259 3582 2431 3648 doles,
2460 3581 2603 3652 quod
2640 3582 2779 3639 Deus
2803 3581 3148 3656 giorillcetttr.
3177 3584 3368 3642 Viden‘
3385 3601 3493 3658 quo
3514 3588 3700 3644 tendat
3732 3590 3848 3646 bel-

2259 3674 2406 3732 lum?
2435 3675 2505 3732 At
2530 3690 2634 3731 non
2665 3674 2826 3731 doleo
2849 3716 2865 3741 ,
2897 3676 3106 3746 inquies
3127 3717 3144 3743 ,
3176 3677 3321 3747 quod
3353 3678 3495 3736 Deus
3517 3718 3535 3745 ,
3560 3679 3656 3735 sed
3699 3682 3846 3752 quod

2260 3767 2424 3824 frater
2446 3766 2612 3837 gloria
2634 3765 2917 3826 afﬁciatur.
2936 3767 3137 3826 Verum
3164 3786 3260 3841 per
3278 3770 3421 3828 hunc
3448 3781 3514 3829 ad
3543 3774 3711 3831 Deum
3740 3778 3847 3847 glo-

2262 3857 2339 3913 ria
2368 3856 2606 3913 ascendit
2631 3875 2646 3923 ;
2679 3858 2905 3927 proinde
2924 3871 2979 3917 et
3000 3860 3197 3920 bellum
3216 3878 3248 3918 a
3275 3874 3329 3920 te
3351 3877 3624 3922 exortum.
3647 3870 3718 3924 At
3738 3885 3846 3927 non

2261 3948 2363 4003 huc
2390 3948 2517 4002 mihi
2544 3948 2812 4018 displicet,
2839 3950 3069 4023 inquies,
3094 3953 3193 4010 sed
3218 3969 3314 4024 per
3340 3970 3426 4013 me
3446 3956 3642 4014 vellent
3675 3959 3844 4015 Deum

2258 4040 2426 4109 gloria
2473 4040 2634 4095 afﬁci.
2671 4040 2812 4113 Ergo
2851 4043 3021 4112 gaude
3065 4044 3287 4101 ﬂorente
3328 4046 3492 4105 fratre
3515 4089 3533 4115 ,
3560 4058 3617 4106 et
3656 4065 3757 4121 per
3794 4063 3846 4109 te

2261 4133 2401 4189 Deus
2451 4132 2871 4203 glorificabitur,
2900 4149 3194 4206 omnesque
3237 4137 3462 4205 dicent,
3516 4139 3842 4199 Benedictus

2260 4224 2422 4291 Deus,
2451 4222 2542 4293 qui
2566 4224 2702 4279 tales
2730 4223 2889 4281 habet
2916 4224 3162 4294 famulos,
3193 4228 3389 4283 invidia
3416 4229 3564 4285 omni
3596 4229 3799 4288 libens
3820 4274 3839 4301 ,

2256 4317 2344 4384 qui
2390 4314 2458 4371 de
2501 4316 2724 4371 aliorum
2772 4315 2925 4371 bonis
2958 4327 3145 4375 mutuo
3167 4319 3417 4390 gaudent.
3451 4321 3519 4380 Et
3546 4323 3677 4394 quid
3716 4324 3845 4381 dico

2259 4398 2517 4463 fratrem?
2540 4406 2596 4464 Si
2623 4407 2765 4463 enim
2805 4406 3051 4465 inimicus
3087 4419 3231 4469 esset
3276 4420 3333 4468 et
3374 4414 3567 4482 hostis,
3592 4428 3661 4472 ae
3698 4415 3842 4475 Deus

2258 4511 2354 4567 per
2384 4497 2533 4553 illum
2557 4497 2966 4567 giorificaretur,
2996 4499 3066 4556 ob
3096 4499 3149 4556 id
3172 4502 3405 4559 amicum
3432 4504 3581 4562 illum
3623 4505 3721 4562 tibi
3758 4507 3840 4562 fa.

2256 4602 2382 4644 cere
2408 4597 2695 4659 oporteret.
2734 4589 2812 4644 Tu
2853 4604 2981 4649 vero
3006 4591 3235 4647 amicum
3262 4592 3394 4648 iacis
3417 4594 3510 4650 tibi
3535 4596 3839 4664 inimicum,

2257 4682 2379 4751 quia
2423 4681 2559 4739 Deus
2589 4696 2684 4752 per
2712 4682 2857 4738 illius
2892 4684 3037 4739 clara
3076 4694 3228 4754 gesta
3255 4685 3602 4755 gloriﬁcatur.
3632 4689 3693 4747 Si
3718 4696 3839 4763 quis

2257 4786 2450 4843 Curtius
2475 4782 2620 4827 tuum
2646 4788 2848 4843 aegrum
2892 4775 3193 4841 curaverit,
3217 4777 3319 4831 etsi
3364 4777 3610 4837 inimicus
3636 4780 3799 4841 fuerit
3816 4828 3835 4855 ,

2258 4865 2394 4919 inter
2419 4864 2717 4935 praecipuos
2752 4865 2951 4921 amicos
2981 4866 3129 4923 illum
3157 4879 3339 4937 postea
3381 4869 3604 4929 habebis
3632 4893 3650 4931 :
3680 4876 3836 4935 illum

2256 4971 2385 5013 vero
2405 4957 2492 5027 qui
2518 4972 2718 5027 corpus
2734 4957 2955 5023 Christi,
2984 4957 3037 5013 id
3057 4969 3139 5015 est
3161 4959 3475 5031 Eeclcsiam,
3496 4977 3677 5037 emat,
3704 4969 3837 5025 ami-

2256 5062 2375 5102 cum
2396 5049 2510 5113 tibi,
2532 5049 2803 5105 inimicum
2834 5048 2956 5103 ideo
2982 5051 3235 5119 reputas?
3259 5053 3322 5108 Et
3362 5055 3634 5125 quomodo
3661 5061 3835 5130 possis

2256 5139 2449 5195 clarius
2484 5152 2658 5196 contra
2689 5140 2962 5196 Christum
2985 5140 3184 5198 bellum
3220 5145 3541 5215 suscipere?
3578 5146 3705 5205 ideo
3732 5152 3834 5209 etsi

2256 5230 2375 5301 quis
2422 5231 2675 5290 miracula
2721 5240 2934 5301 patret,
2963 5234 3063 5289 etsi
3091 5236 3445 5307 virginitatem
3470 5244 3529 5293 et
3569 5239 3832 5309 jejunium

2256 5333 2453 5390 servet,
2467 5324 2611 5379 humi
2632 5325 2815 5390 cubet,
2835 5336 2888 5380 et
2909 5327 2984 5381 sic
2997 5328 3070 5382 ob
3084 5328 3329 5386 virtutem
3341 5327 3410 5384 ad
3425 5331 3648 5401 angelis
3662 5348 3833 5405 uagus

2257 5417 2562 5485 perveniat;
2590 5418 2637 5472 si
2678 5418 2781 5472 hoc
2823 5418 2950 5473 vitio
2985 5419 3215 5487 laboret,
3242 5419 3483 5477 omnium
3506 5422 3830 5481 seelestissi-

2254 5524 2375 5565 mus
2397 5510 2496 5565 erit
2520 5551 2534 5577 ,
2558 5520 2611 5566 et
2640 5510 2873 5579 mmcbo,
2914 5511 3260 5582 fornicatore,
3289 5512 3425 5582 iure,
3457 5516 3830 5586 sepulcrorum

2256 5601 2510 5658 cllossore
2532 5603 2704 5673 pejor.

2322 5697 2374 5751 6.
2415 5695 2483 5751 Et
2508 5712 2577 5752 ne
2599 5696 2717 5765 quis
2743 5710 2829 5751 me
2855 5695 3091 5762 damnet,
3118 5702 3261 5769 quod
3292 5713 3403 5755 rem
3443 5704 3587 5756 ultra
3614 5700 3831 5757 modum

2266 5789 2477 5856 tollam,
2538 5788 2666 5844 illud
2721 5789 2892 5845 libens
2940 5804 3033 5845 vos
3071 5792 3563 5863 iuterrogaverim:
3606 5792 3669 5851 Si
3712 5794 3832 5867 quis
