4056 6520
275 452 373 510 ιιιι

271 571 446 638 ignem
497 577 551 623 et
602 567 832 638 ligonem
883 573 1091 629 tenens,
1144 569 1280 618 hanc
1330 561 1499 617 aedem
1553 559 1863 614 incenderet

267 677 524 733 aramque
563 661 875 724 suii'oderet,
908 675 1084 712 annon
1115 664 1173 712 ut
1199 656 1490 725 sacrilegus
1517 664 1570 710 et
1599 653 1860 707 scelestus

269 751 536 819 lapidibus
565 749 926 805 obrueretur?
953 749 1091 814 Quid
1141 762 1307 814 vero,
1336 747 1380 800 si
1420 745 1539 815 quis
1588 743 1856 798 flammam

263 841 404 898 ferat
431 841 535 897 hoc
562 842 685 912 igne
723 839 1052 895 veraciorem
1078 879 1093 903 ,
1124 838 1375 892 invidiam
1428 837 1571 900 dico,
1603 850 1721 904 qua:
1747 848 1854 887 non

263 933 489 991 a-diflcia
516 935 698 997 diruit,
723 947 828 986 non
849 947 1065 985 auream
1086 947 1231 985 aram
1257 930 1492 991 suffodit,
1522 928 1615 983 sed
1639 927 1780 998 quod
1801 934 1855 981 et

266 1025 560 1093 parietibus
579 1035 630 1079 et
661 1037 754 1076 ara
782 1022 938 1091 longe
967 1022 1252 1092 pretiosius
1275 1029 1378 1082 est,
1411 1023 1688 1075 doctormu
1719 1016 1851 1071 aedi-

264 1117 443 1171 licium
472 1114 732 1169 subvertit
771 1124 824 1170 et
853 1113 1196 1184 pessumdat;
1227 1127 1331 1183 qua
1363 1112 1451 1166 ille
1476 1111 1628 1166 venia
1659 1109 1853 1180 dignus

260 1207 404 1263 erit?
427 1204 505 1261 Ne
548 1205 679 1260 mihi
705 1207 825 1276 quis
865 1203 1261 1275 dixerit,quod
1290 1217 1434 1273 smpe
1479 1211 1702 1257 conatus
1743 1216 1850 1255 non

260 1301 498 1368 potuerit
529 1315 544 1352 :
573 1313 693 1351 nam
738 1313 768 1350 a
812 1298 1086 1351 voluntate
1116 1310 1204 1351 res
1226 1293 1534 1364 judicautur
1563 1311 1576 1346 :
1603 1292 1847 1363 quando-

256 1388 473 1459 quidem
500 1388 626 1444 Sani
653 1401 865 1457 quoque
893 1386 1144 1442 Davidem
1182 1386 1467 1451 interfecit,
1498 1385 1705 1441 etiamsi
1734 1399 1846 1438 rem

258 1498 366 1537 non
408 1480 712 1551 perfecerit.
760 1483 952 1536 Annon
995 1481 1234 1550 cogitas,
1284 1494 1506 1549 quaeso,
1559 1486 1610 1531 te
1657 1476 1848 1530 ovibus

256 1572 455 1629 Christi
478 1572 738 1637 insidiari,
763 1571 974 1641 quando
994 1586 1113 1626 cum
1141 1579 1352 1639 pa~tore
1377 1584 1600 1638 pugnas,
1633 1566 1844 1630 ovibus,

253 1665 498 1736 inquam,
529 1682 625 1737 pro
652 1666 846 1734 quibus
873 1663 1185 1733 sanguinem
1227 1677 1380 1717 suum
1425 1661 1671 1716 Christus
1710 1658 1846 1713 efl'u-

252 1758 356 1825 dit,
388 1767 445 1811 ut
470 1758 646 1812 omnia
677 1771 772 1810 nos
812 1755 988 1811 facere
1022 1764 1076 1810 et
1112 1754 1216 1837 pati
1238 1753 1438 1822 jussit?
1465 1766 1568 1806 non
1597 1749 1846 1806 recorda-

253 1850 330 1902 ris
372 1847 512 1917 quod
546 1848 804 1910 Dominus
834 1856 955 1901 tuus
979 1847 1204 1918 gloriam
1235 1856 1378 1899 tuam
1409 1843 1702 1913 qumsierit,
1737 1857 1845 1897 non

250 1939 445 1992 suam?
472 1937 552 1992 Tu
581 1954 707 1992 vero
738 1954 843 1995 non
877 1939 1015 1997 illius
1040 1937 1286 2008 gloriam,
1319 1935 1412 1990 sed
1441 1944 1582 1988 tuam
1622 1935 1841 2004 quaeris.

249 2031 415 2100 Atqui
444 2031 488 2084 si
521 2031 672 2087 illius
693 2031 914 2100 gloriam
960 2045 1234 2106 qua-reres
1257 2071 1271 2093 ,
1303 2037 1429 2084 tunc
1471 2038 1614 2082 tuam
1645 2042 1841 2082 conse-

249 2123 495 2196 quereris
525 2140 539 2176 :
568 2122 692 2176 dum
742 2138 870 2176 vero
923 2123 1012 2176 illa
1059 2121 1360 2192 posthabita
1409 2128 1555 2176 tuam
1603 2120 1838 2190 qumris,

248 2228 541 2283 numquam
572 2214 707 2272 hanc
738 2213 1064 2282 assequeris.
1094 2212 1351 2283 Quianam
1383 2212 1486 2267 erit
1516 2211 1673 2280 hujus
1699 2226 1842 2264 mor-

248 2305 302 2359 bi
344 2304 590 2359 medela?
629 2303 964 2374 Coujunctim
1010 2319 1197 2358 omnes
1226 2317 1527 2373 precemur,
1572 2315 1840 2371 unamque

248 2413 347 2468 pro
380 2397 485 2451 illis
511 2397 815 2452 emittamus
845 2412 1030 2452 vocem
1053 2438 1068 2462 ,
1098 2397 1246 2466 quasi
1298 2411 1396 2466 pro
1442 2395 1836 2466 energumenis.

244 2475 379 2553 Nam
407 2490 460 2544 hi
491 2490 849 2544 miserabilius
874 2489 1048 2544 affecti
1073 2498 1196 2544 sunt
1226 2505 1382 2559 quam
1416 2490 1511 2552 illi,
1541 2490 1660 2558 quia
1693 2489 1842 2543 furor

244 2581 336 2635 ille
362 2594 428 2634 ex
456 2583 728 2650 preposito
754 2589 934 2634 manat
961 2596 975 2634 :
1008 2580 1314 2650 precatione
1354 2581 1548 2650 quippe
1576 2595 1713 2653 opus
1744 2579 1838 2632 ha-

241 2669 338 2725 bet
369 2669 456 2726 hic
485 2672 703 2726 morbus
727 2711 741 2733 ,
765 2680 820 2726 et
859 2672 1025 2725 multa
1074 2670 1486 2740 supplicatione.
1515 2670 1649 2726 Nam
1679 2673 1723 2726 si
1753 2672 1796 2724 is
1817 2713 1833 2738 ,

241 2761 332 2829 qui
364 2761 583 2815 frater
607 2776 711 2815 non
729 2771 895 2827 amat,
923 2763 966 2816 si
999 2763 1253 2833 pecunias
1277 2761 1538 2825 effundat,
1559 2762 1602 2816 si
1631 2772 1832 2833 marty-

209 2847 212 2852 ’
241 2855 327 2913 rio
354 2852 662 2919 illustretur,
695 2853 826 2908 nihil
851 2855 1017 2929 magis
1047 2855 1257 2924 proficit
1285 2872 1300 2910 :
1329 2855 1417 2925 qui
1446 2855 1644 2911 bellum
1676 2855 1834 2910 infert

238 2947 315 3011 ei,
345 2945 434 3016 qui
464 2945 596 3000 nihil
637 2946 737 3000 sibi
785 2946 909 2999 mali
945 2947 1118 3003 intulit
1138 2989 1152 3009 ,
1180 2948 1350 3017 cogita
1385 2959 1582 3016 quanto
1612 2948 1679 3001 sit
1709 2963 1834 3015 sup-

237 3035 401 3105 plicio
421 3034 632 3105 dignus.
650 3035 745 3090 llic
759 3035 1048 3107 gentilibus
1069 3036 1303 3090 deterior
1323 3047 1426 3091 est.
1457 3035 1586 3110 Nam
1617 3038 1685 3100 si,
1709 3053 1831 3091 cum

239 3142 340 3185 nos
357 3140 597 3182 amantes
617 3128 906 3198 diligimus,
933 3129 1062 3183 nihil
1089 3129 1209 3199 plus
1233 3129 1514 3192 habemus,
1532 3145 1690 3198 quam
1719 3129 1792 3183 illi
1815 3145 1828 3182 :

236 3217 330 3286 qui
374 3217 674 3273 amantibus
700 3233 761 3273 se
782 3218 998 3284 invidet,
1031 3233 1139 3289 quo
1169 3259 1185 3286 ,
1215 3235 1398 3288 qnzeso
1422 3261 1436 3287 ,
1472 3221 1668 3276 inloco
1692 3220 1834 3276 erit?

307 3308 516 3365 Invidia
560 3311 691 3365 bello
742 3313 1088 3382 perniciosior.
1118 3342 1192 3352 —
1219 3311 1370 3366 Bello
1398 3329 1627 3381 namque
1655 3315 1833 3383 perni-

235 3399 435 3453 ciosior
464 3410 546 3454 est
572 3401 789 3455 invidia.
816 3402 949 3456 Nam
979 3402 1066 3472 qui
1101 3403 1298 3458 bellum
1326 3405 1484 3472 gerit,
1516 3419 1675 3459 causa
1706 3406 1830 3460 belli

235 3491 483 3554 sublata,
514 3492 844 3547 inimicitiam
891 3493 1143 3564 deponit;
1178 3495 1391 3549 invidus
1439 3505 1617 3549 autem
1672 3513 1830 3550 utun-

235 3598 398 3652 quam
425 3586 592 3661 possit
620 3586 825 3640 amicus
846 3599 966 3640 esse
986 3603 1001 3652 ;
1019 3586 1109 3639 ille
1133 3585 1348 3654 quidem
1379 3587 1661 3642 manifesto
1688 3586 1831 3642 bello

235 3675 468 3743 impetit,
499 3675 586 3731 hic
605 3678 816 3732 occulto
849 3694 862 3730 :
897 3677 985 3731 ille
1006 3692 1196 3732 causas
1226 3679 1421 3732 multas
1448 3688 1503 3733 et
1528 3681 1832 3748 probabiles

233 3754 472 3836 suscepti
501 3765 622 3821 belli
646 3767 887 3836 proferre
914 3777 1088 3836 potest
1111 3785 1126 3831 ;
1162 3769 1246 3824 hic
1274 3771 1484 3823 nonnisi
1518 3771 1755 3825 furorem
1777 3781 1833 3827 et

233 3856 526 3910 satanicam
562 3856 908 3912 voluntatem.
929 3858 1026 3913 Cui
1056 3873 1185 3930 ergo
1217 3860 1375 3914 talem
1403 3862 1636 3915 animam
1677 3877 1829 3918 com-

235 3947 553 4016 paraveris?
600 3950 684 4002 eui
711 3950 929 4018 xvipera:
950 3950 974 4002 ?
999 3951 1084 4004 cui
1125 3951 1336 4020 aspidi?
1362 3953 1446 4006 cui
1485 3953 1689 4006 vermi?
1743 3955 1828 4008 cui

235 4038 532 4093 cantharo?
553 4038 694 4093 Nihil
718 4041 860 4093 enim
891 4040 1194 4107 scelestius,
1223 4041 1354 4096 nihil
1381 4044 1616 4098 deterius
1647 4044 1831 4114 hujus-

237 4129 384 4198 mndi
411 4132 607 4185 anima.
639 4131 750 4186 Hoc
776 4135 942 4200 enim,
977 4134 1098 4197 hoc,
1125 4134 1339 4204 inquam
1362 4176 1378 4200 ,
1412 4135 1680 4191 Ecclesias
1706 4139 1832 4191 sub-

235 4223 417 4289 vertit,
438 4222 537 4277 hoc
550 4223 786 4280 haereses
804 4226 1030 4295 peperit,
1045 4226 1143 4280 hoc
1164 4227 1454 4282 fraternam
1477 4233 1702 4284 armavit
1717 4247 1830 4284 ma-

230 4329 361 4368 num
381 4325 436 4369 et
457 4315 634 4370 efiecit
658 4326 714 4370 ut
732 4317 782 4371 in
806 4319 1204 4388 sanguinejusu
1227 4320 1444 4375 dextera
1473 4335 1825 4392 mergeretur,

232 4403 486 4474 legesque
508 4417 712 4461 natum
730 4408 1116 4480 pessumdedit,
1131 4422 1186 4463 et
1208 4411 1365 4463 morti
1393 4422 1575 4480 portas
1596 4416 1824 4483 aperuit,

232 4512 298 4549 ac
323 4497 751 4553 maledictinnem
780 4501 923 4554 illam
955 4501 1020 4555 ad
1049 4517 1183 4572 opus
1211 4503 1428 4561 deduxit
1453 4522 1467 4572 ;
1503 4521 1600 4562 nec
1629 4509 1828 4576 permi-

233 4591 308 4643 sit
338 4598 393 4642 ιιι
422 4589 604 4646 infelix
639 4592 728 4646 ille
771 4579 1142 4649 rccoridarctur
1174 4606 1358 4665 partus
1403 4599 1484 4651 sui
1534 4616 1704 4671 neque
1736 4617 1823 4670 pa-

233 4688 446 4735 rentum
498 4698 670 4752 neque
712 4683 935 4738 alterius
983 4687 1328 4755 cujusquam;
1358 4697 1406 4742 et
1441 4699 1586 4743 tanta
1631 4692 1826 4746 furoris

235 4775 560 4844 insanimquc
586 4787 752 4831 (nstro
781 4779 968 4843 movit,
995 4789 1051 4831 ut
1077 4779 1327 4836 hortante
1357 4783 1463 4836 lien
1485 4799 1547 4838 ac
1572 4784 1783 4840 dicente
1809 4806 1821 4842 :

233 4867 315 4920 Ad
333 4878 379 4919 te
397 4868 489 4920 erit
515 4873 768 4938 appetitus
789 4872 920 4941 ejus,
954 4884 1000 4924 et
1031 4883 1081 4925 tu
1111 4875 1452 4929 dominaberis
1481 4878 1620 4931 illius
1647 4880 1664 4946 (
1691 4877 1820 4934 Gen.

231 4958 286 5010 .5.
319 4958 349 5009 7
371 4958 410 5028 ).
436 4973 502 5013 ne
524 4961 600 5014 sic
626 4961 836 5030 quidem
865 4963 1101 5018 cederet.
1133 4966 1289 5032 Atqui
1324 4976 1377 5020 et
1402 4969 1604 5022 crimen
1638 4969 1711 5023 illi
1741 4986 1826 5027 re-

231 5051 376 5104 misit
397 5094 409 5112 .
441 5061 494 5105 et
525 5051 742 5107 fratrctn
775 5055 870 5123 ipsi
901 5056 1126 5123 subjecit
1156 5073 1169 5108 :
1203 5074 1385 5111 verum
1420 5060 1487 5113 ita
1511 5061 1824 5117 insanabilis

230 5152 317 5195 est
346 5142 431 5197 hic
471 5143 721 5210 morbus,
751 5157 806 5198 ut
849 5148 1009 5200 etiam
1045 5149 1188 5203 mille
1212 5149 1466 5204 adhibitis
1495 5153 1818 5221 pharmaeis,

232 5231 434 5285 saniem
480 5249 694 5302 semper
723 5237 952 5290 emittat.
983 5238 1090 5292 Cur
1117 5241 1258 5306 cnim
1303 5241 1452 5295 doles
1477 5284 1491 5306 ,
1522 5259 1553 5293 ο
1581 5249 1819 5300 omnium

233 5321 565 5376 miserrime?
613 5325 754 5396 quod
810 5325 1102 5381 honoratus
1149 5329 1216 5382 sit
1267 5329 1444 5385 Deus?
1472 5335 1540 5386 At
1591 5334 1694 5389 hoc
1741 5349 1823 5392 cst

231 5412 395 5466 animi
447 5417 689 5471 satauici.
720 5419 800 5471 An
829 5414 976 5487 quod
1018 5418 1183 5475 frater
1235 5422 1521 5479 admodum
1570 5438 1822 5496 acceptus

233 5504 425 5558 fuerit?
447 5505 552 5560 Sed
584 5507 706 5562 licet
734 5510 823 5564 tibi
857 5527 978 5564 cum
1009 5528 1282 5580 snperare.
1321 5515 1501 5586 itaque
1531 5519 1574 5571 si
1608 5519 1822 5576 vincere

229 5598 361 5650 velis
381 5639 396 5663 ,
423 5613 490 5650 ne
515 5599 762 5665 occidas,
793 5618 858 5656 ne
898 5603 966 5658 de
1007 5606 1183 5658 medio
1208 5607 1397 5671 tollas;
1429 5609 1524 5663 sed
1554 5611 1672 5666 sine
1710 5628 1822 5665 ma-

230 5705 377 5754 nere,
411 5701 467 5744 ut
495 5693 805 5746 certaminis
832 5698 1042 5749 ocCasio
1072 5710 1343 5765 servetur,
1367 5711 1419 5754 et
1451 5702 1712 5757 viventem
1742 5720 1823 5758 su-

229 5797 352 5839 pera
381 5782 492 5836 :sic
523 5785 665 5836 enim
693 5785 970 5853 splendida
995 5789 1085 5840 tibi
1111 5805 1306 5843 corona
1343 5791 1513 5847 futura
1543 5805 1656 5848 est:
1680 5813 1821 5853 nunc

224 5883 399 5934 autem
429 5874 472 5932 si
505 5877 739 5944 occidas,
772 5879 1028 5948 majorem
1061 5895 1244 5938 contra
1279 5893 1329 5939 te
1361 5886 1624 5944 calculum
1655 5891 1815 5961 feres,

1371 443 1436 499 ΙΝ
1475 439 1688 498 EPIST.
1735 437 1824 494 AD
1863 438 2024 492 ιιοιι.
2069 439 2300 498 HOMIL.
2346 442 2458 503 νιι.

3453 451 3560 508 450

1960 573 2118 630 quam
2151 561 2194 614 si
2227 562 2401 617 victus
2427 575 2598 619 esses.
2620 563 2692 618 At
2734 564 2865 618 nihil
2915 564 3104 620 horum
3145 568 3343 625 invidia
3385 575 3556 627 novit.

1958 650 2067 704 Cur
2115 660 2292 706 autem
2344 653 2569 723 gloriam
2615 670 2764 709 amas
2816 657 2867 709 in
2915 666 3056 710 tanta
3098 657 3424 714 solitudine?
3456 663 3556 730 ipsl

1958 757 2188 813 namque
2214 745 2314 798 soli
2345 754 2471 799 tunc
2500 753 2697 800 terram
2729 747 3061 802 habitalmnt.
3097 753 3165 804 At
3197 751 3325 804 nihi.
3358 752 3553 807 borum

1959 832 2130 900 ipsum
2156 834 2428 899 cohibuit;
2459 835 2553 890 sed
2581 838 2834 892 omnibus
2862 855 2927 894 ex
2959 841 3139 894 animo
3171 838 3406 910 rejectis,
3429 858 3552 898 cum

1955 924 2169 980 diabolo
2198 929 2344 982 stetit
2374 938 2428 983 et
2459 929 2631 984 aciem
2683 930 2934 984 instruxit
2968 950 2983 985 :
3013 947 3134 984 nam
3165 933 3252 987 ille
3284 942 3408 987 tunc
3445 933 3553 988 dux

1953 1027 2071 1071 erat
2093 1033 2214 1072 cum
2238 1020 2422 1074 Caino.
2454 1021 2590 1090 Quia
2613 1023 2756 1077 enim
2794 1039 2900 1076 non
2938 1024 3238 1079 sufficiebat
3267 1027 3339 1080 illi
3365 1069 3379 1089 ,
3406 1027 3552 1096 quod

1955 1111 2116 1165 immo
2143 1113 2386 1169 mortalis
2415 1124 2559 1170 esset
2586 1116 2809 1171 effectus
2833 1158 2848 1181 ,
2880 1131 2944 1171 ex
2977 1119 3166 1170 mortis
3197 1119 3358 1172 etiam
3389 1118 3553 1172 modo

1953 1201 2209 1270 majorem
2235 1205 2545 1274 tragmdiam
2571 1207 2784 1262 efficere
2816 1209 3076 1273 tentabat,
3101 1222 3150 1264 et
3184 1211 3446 1279 persuasit
3470 1212 3549 1266 illi

1951 1303 2010 1349 ut
2038 1295 2256 1350 fratrem
2281 1298 2574 1358 occideret.
2603 1298 2915 1354 Festinahat
2944 1302 3087 1355 enim
3120 1312 3174 1356 et
3194 1304 3538 1358 desiderabat

1950 1385 2132 1440 videre
2177 1390 2500 1443 sententiam
2530 1391 2580 1444 in
2614 1405 2749 1459 opus
2777 1392 3086 1458 deductam,
3111 1395 3198 1463 qui
3250 1411 3540 1464 numquam

1951 1477 2152 1532 nostris
2177 1478 2402 1534 satiatur
2427 1481 2602 1536 malis.
2633 1483 2713 1536 Ac
2764 1483 2808 1536 si
2855 1484 2976 1554 quis
3003 1485 3278 1540 inimicum
3312 1489 3547 1544 vinetum

1950 1566 2153 1623 habens
2174 1610 2189 1634 ,
2219 1579 2271 1624 et
2299 1572 2566 1627 sententia
2596 1572 2906 1629 damnatum
2952 1576 3017 1629 ad
3063 1587 3290 1634 mortem
3321 1580 3507 1634 videns
3529 1624 3544 1647 ,

1946 1666 2230 1728 antequam
2261 1674 2326 1714 ex
2358 1661 2492 1718 urbe
2518 1674 2696 1730 exeat,
2736 1663 2951 1720 festinet
2978 1675 3034 1722 ut
3063 1668 3207 1723 illum
3241 1671 3380 1724 intus
3403 1687 3549 1726 mor-

1948 1756 2094 1802 tuum
2134 1749 2344 1816 videat,
2375 1766 2474 1807 nec
2519 1767 2823 1824 congruens
2871 1766 3081 1826 tempus
3111 1773 3386 1829 exspectet
3421 1804 3432 1816 .
3466 1763 3548 1818 sic

1945 1849 2000 1895 et
2047 1841 2292 1898 diabolus
2338 1853 2465 1900 tunc
2493 1862 2509 1900 :
2540 1847 2642 1900 etsi
2671 1847 2911 1902 audisset
2955 1850 3228 1904 hominem
3259 1853 3310 1906 in
3358 1853 3544 1922 pulve-

1945 1949 2058 1988 rem
2105 1949 2228 1990 esse
2257 1951 2595 1992 reversurum
2619 1979 2635 2004 ,
2668 1939 2917 2008 cupiebat
2957 1941 3157 2011 aliquid
3200 1945 3430 2014 amplius
3460 1947 3544 2000 vi-

1943 2024 2074 2080 dere
2102 2067 2116 2090 ,
2151 2026 2318 2082 filium
2352 2044 2546 2097 nempe
2572 2040 2700 2085 ante
2727 2040 2933 2100 patrem
2966 2034 3288 2089 morientem
3316 2078 3329 2100 ,
3354 2047 3407 2091 et
3436 2036 3546 2091 fra-

1945 2123 2080 2170 tretn
2121 2118 2455 2174 occidentem
2489 2121 2709 2178 fratrem
2752 2139 2910 2178 suum
2931 2165 2946 2189 ,
2973 2124 3312 2181 immaturam
3347 2145 3458 2184 rem
3489 2143 3544 2187 et

1943 2208 2232 2262 violentam
2262 2221 2510 2264 mortem.

2015 2299 2066 2352 7.
2113 2299 2297 2354 Viden‘
2320 2300 2384 2354 ad
2413 2309 2643 2372 quantas
2670 2318 2758 2359 res
2790 2305 3092 2362 inscrvicrit
3140 2310 3372 2365 invidia?
3402 2329 3540 2383 quo-

1941 2389 2104 2443 modo
2177 2391 2537 2447 insatiabilem
2602 2394 2804 2450 diaboli
2878 2400 3116 2454 animum
3190 2403 3538 2472 impleverit,

1943 2488 2250 2550 tantamque
2297 2483 2371 2536 illi
2413 2499 2654 2538 mensam
2697 2490 3025 2555 opposuerit,
3058 2502 3310 2561 quantam
3345 2494 3421 2548 illi
3463 2497 3541 2549 vi-

1936 2570 2070 2626 dere
2110 2574 2400 2642 cupiebat?
2445 2574 2733 2645 Fugiamus
2772 2594 2902 2648 ergo
2933 2579 3074 2636 hunc
3126 2584 3393 2638 morbum.
3422 2585 3538 2641 Non

1941 2677 2223 2729 possumus
2253 2667 2397 2719 enim
2421 2708 2435 2733 ,
2479 2683 2586 2721 non
2639 2683 2925 2738 possumus
2955 2673 3138 2742 utique
3184 2675 3358 2744 ignem
3388 2677 3537 2733 illum

1938 2750 2172 2822 effugere
2194 2765 2436 2823 paratum
2467 2757 2685 2812 diabolo
2710 2801 2725 2824 ,
2751 2761 2854 2813 nisi
2899 2763 2967 2814 ab
2995 2761 3095 2817 hac
3124 2768 3441 2835 aegritudine
3470 2770 3536 2823 li-

1939 2843 2228 2899 beremur:
2265 2846 2613 2903 liberabimur
2637 2860 2842 2918 autem,
2872 2854 2915 2907 si
2948 2857 3246 2924 cogitemus
3275 2873 3535 2929 quantmu

1935 2934 2181 2990 Christus
2210 2952 2308 2991 nos
2335 2940 2614 3004 amaverit,
2644 2943 2732 3012 qui
2782 2948 3036 3014 praecepit
3081 2957 3138 3001 ut
3168 2964 3265 3003 nos
3307 2952 3534 3008 invicem

1934 3025 2298 3096 diligeremus.
2323 3029 2441 3096 Quo
2468 3031 2628 3100 igitur
2656 3033 2816 3086 modo
2843 3050 2942 3090 nos
2970 3040 3203 3093 amavit?
3233 3041 3533 3099 Pretiosqu

1935 3119 2248 3187 sanguinem
2292 3136 2448 3175 suum
2486 3123 2634 3178 dedit
2665 3141 2761 3193 pro
2792 3127 2948 3182 nobis
2985 3130 3219 3187 inimicis
3244 3175 3259 3199 ,
3293 3137 3382 3203 qui
3435 3139 3534 3206 ipsi

1935 3211 2178 3280 ingentes
2232 3214 2584 3272 iutulcramus
2638 3219 2879 3287 injurias.
2918 3222 2991 3275 Ita
3022 3233 3076 3278 et
3109 3233 3162 3278 tu
3204 3227 3366 3283 facito
3411 3247 3534 3303 erga

1937 3303 2154 3358 fratrem
2200 3313 2348 3359 tuum
2381 3325 2395 3362 :
2428 3309 2548 3364 ideo
2595 3310 2724 3366 dicit
2773 3313 2861 3368 ille
2885 3357 2899 3381 ,
2928 3315 3231 3373 Mandatum
3257 3339 3438 3383 napum
3468 3330 3536 3382 do

1934 3393 2072 3446 vobis
2096 3434 2110 3456 ,
2139 3406 2196 3449 ut
2239 3397 2466 3467 diligatis
2521 3401 2731 3455 invicem
2761 3405 2891 3458 sicut
2917 3407 3075 3462 dilexi
3100 3427 3187 3465 vos
3210 3413 3228 3481 (
3249 3412 3411 3468 Joau.
3444 3418 3530 3473 i5.

1934 3487 2047 3556 54).
2080 3487 2189 3542 Ιιιιο
2212 3505 2340 3544 vero
2367 3507 2472 3545 non
2500 3493 2551 3547 in
2582 3493 2662 3548 his
2703 3495 2793 3552 ille
2829 3500 3072 3556 terminis
3102 3505 3348 3560 consistit
3375 3523 3388 3559 :
3423 3508 3534 3578 ipse

1934 3595 2165 3650 namque
2185 3597 2278 3650 pro
2305 3584 2537 3640 inimicis
2564 3586 2665 3642 hoc
2688 3589 2830 3643 fecit.
2856 3589 2959 3646 Sed
2989 3610 3092 3647 non
3112 3596 3192 3649 vis
3217 3601 3531 3668 sanguinem

1935 3679 2083 3725 tuum
2131 3672 2262 3726 dare
2295 3690 2390 3742 pro
2431 3677 2638 3731 fratre?
2679 3678 2790 3734 Cur
2820 3696 2949 3752 ergo
2979 3685 3140 3738 etiam
3169 3689 3285 3755 ejus
3312 3693 3531 3759 sangui-

1935 3779 2057 3817 nem
2108 3765 2381 3831 efi'undis,
2434 3781 2764 3840 pra‘ceptum
2813 3791 2876 3827 ex
2934 3775 3200 3832 diametro
3268 3781 3533 3838 violatis?

1933 3854 2155 3910 Etiamsi
2202 3858 2316 3926 ipse
2365 3859 2613 3916 Christus
2653 3879 2757 3917 non
2791 3879 2857 3918 ex
2884 3865 3067 3922 debito
3098 3868 3198 3924 hoc
3243 3871 3450 3940 fecerit,
3480 3886 3533 3930 tu

1934 3964 2065 4003 vero
2094 3950 2136 4003 si
2171 3950 2334 4006 facias
2357 3995 2372 4020 ,
2418 3953 2658 4008 debitum
2704 3957 2892 4026 imples
2921 3975 2937 4013 :
2966 3963 3182 4029 quando
3210 3973 3263 4019 et
3292 3966 3381 4021 ille
3411 3983 3532 4023 cum

1932 4042 2116 4097 decem
2165 4045 2329 4098 millia
2381 4045 2576 4099 talenta
2633 4053 2949 4119 accepisset,
2998 4063 3215 4109 centum
3271 4057 3528 4117 denarios

1932 4134 2173 4205 exigens,
2222 4150 2325 4189 non
2383 4135 2504 4191 ideo
2551 4139 2724 4193 solum
2773 4144 2988 4210 punitus
3029 4145 3208 4213 fuerit,
3238 4151 3380 4220 quod
3414 4155 3532 4208 cxi—

1930 4237 2116 4297 geret,
2158 4226 2253 4281 sed
2302 4229 2462 4282 etiam
2514 4221 2656 4299 quod
2709 4249 2775 4288 ex
2828 4246 3052 4306 accepto
3105 4239 3368 4296 beneficio
3424 4261 3530 4300 non

1933 4320 2124 4373 melior
2168 4322 2424 4386 evaserit,
2457 4322 2708 4394 quodque
2733 4342 2854 4381 cum
2888 4329 3140 4385 dominus
3173 4348 3300 4389 suus
3333 4338 3531 4406 coepis-

1931 4421 2033 4473 set,
2061 4412 2151 4466 ille
2191 4412 2432 4468 debitttm
2458 4430 2564 4468 non
2598 4419 2867 4473 remiserit
2898 4437 2911 4472 :
2948 4437 3070 4476 nam
3120 4424 3364 4479 debitum
3417 4439 3534 4484 erat

1933 4502 2061 4555 illud
2091 4519 2118 4554 a
2151 4519 2308 4557 servo
2359 4507 2678 4573 praestitum,
2712 4509 2757 4563 si
2791 4511 2952 4565 modo
2978 4518 3276 4582 prmstittttn
3320 4517 3529 4574 fuisset.

1933 4592 2143 4647 Etenim
2177 4610 2527 4667 quaacumque
2559 4598 2780 4654 facimus
2805 4643 2820 4667 ,
2853 4601 3094 4657 dchitum
3129 4607 3415 4679 implentes
3447 4611 3531 4668 fa-

1930 4685 2122 4739 cimus.
2157 4686 2280 4741 ldeo
2308 4697 2361 4742 et
2382 4689 2495 4758 ipse
2521 4689 2732 4746 dicebat
2764 4709 2775 4744 :
2807 4690 2934 4747 Cum
2977 4698 3147 4750 omnia
3177 4703 3417 4769 feceritis,
3447 4705 3533 4758 di-

1929 4777 2043 4842 cite,
2077 4778 2220 4831 Servi
2251 4779 2455 4834 inutiles
2481 4799 2693 4837 sumus:
2715 4801 2831 4856 qua:
2869 4788 3001 4840 enim
3033 4790 3295 4846 debuimus
3339 4796 3529 4861 facere,

1932 4871 2137 4940 fecimus
2168 4872 2185 4944 (
2210 4871 2334 4928 Luc.
2368 4875 2453 4928 17.
2485 4875 2608 4946 10).
2636 4877 2786 4932 Licet
2816 4894 2947 4949 ergo
2968 4883 3247 4938 caritatem
3274 4888 3532 4944 exhibea-

1931 4981 2079 5027 mus.
2116 4966 2238 5021 licet
2288 4968 2542 5036 pecunias
2588 4973 2872 5041 egentibus
2920 4990 3242 5045 erogemus,
3287 4979 3529 5035 debitum

1930 5059 2215 5127 implemus
2245 5079 2257 5114 :
2291 5077 2396 5115 non
2441 5063 2619 5125 modo,
2654 5064 2791 5132 quod
2821 5065 2908 5120 ille
2938 5069 3082 5135 prior
3108 5069 3365 5126 beneficia
3396 5089 3528 5127 cou-

1932 5150 2072 5205 ferre
2119 5153 2343 5219 coeperit
2369 5194 2383 5216 ,
2418 5153 2512 5207 sed
2543 5154 2683 5222 quod
2714 5171 2812 5208 nos
2841 5173 2960 5225 qua:
2994 5160 3160 5228 ipsius
3191 5171 3314 5216 sunt
3344 5165 3529 5219 distri-

1929 5242 2175 5301 buamus.
2202 5245 2245 5297 si
2277 5260 2579 5313 erogemus.
2605 5247 2713 5300 Cur
2741 5247 2901 5317 igitur
2929 5261 2977 5304 te
3009 5252 3117 5305 illis
3155 5254 3360 5322 privas,
3391 5273 3528 5323 qun-

1928 5353 2044 5390 rum
2077 5337 2160 5391 ille
2191 5347 2240 5392 te
2266 5338 2540 5392 dominum
2563 5354 2684 5394 esse
2703 5342 2847 5394 vult?
2877 5342 3000 5397 Ideo
3021 5345 3163 5399 enim
3189 5355 3238 5400 te
3257 5346 3413 5417 jussit
3439 5349 3531 5406 illa

1927 5428 2057 5483 dare
2106 5430 2295 5494 alteri,
2330 5440 2387 5484 ut
2431 5441 2485 5484 tu
2539 5431 2624 5485 illa
2680 5434 2977 5501 possideas.
3035 5438 3210 5493 Donec
3255 5441 3398 5495 enim
3445 5443 3532 5500 illa

1929 5521 2148 5586 retines,
2185 5537 2282 5576 nec
2311 5533 2363 5575 ιιι
2393 5526 2506 5593 ipse
2535 5525 2696 5580 habes
2726 5543 2741 5579 :
2774 5542 2896 5581 cum
2925 5544 3053 5584 vero
3083 5530 3177 5584 das
3209 5533 3381 5597 alteri,
3406 5544 3534 5591 tunc

1931 5616 2041 5684 ipsa
2063 5615 2328 5683 recepisti.
2347 5617 2480 5671 Num
2503 5618 2792 5690 quidquam
2824 5632 2926 5684 est,
2952 5624 3090 5690 quod
3123 5626 3262 5682 lllltlc
3284 5643 3526 5684 amorem

1928 5723 2210 5776 cxmquarc
2236 5711 2440 5777 pessit?
2463 5711 2578 5780 ipse
2600 5715 2914 5778 sanguinem
2947 5732 3038 5784 pro
3064 5715 3296 5772 inimicis
3319 5720 3528 5786 effudit,

1930 5815 2028 5853 nos
2073 5815 2197 5854 vero
2225 5817 2291 5854 ne
2322 5805 2574 5870 pecunias
2624 5805 2840 5872 quidem
2873 5823 2968 5876 pro
2999 5809 3339 5866 bcnefactorc
3373 5829 3386 5864 :
3419 5815 3535 5883 ipse

1929 5893 2238 5963 sanguinem
2264 5911 2438 5962 suum,
2459 5912 2556 5950 nos
2574 5913 2747 5966 neque
2767 5900 3041 5967 pecunias,
3061 5915 3180 5970 (1!ch
3210 5911 3406 5958 nostra:
3425 5920 3535 5963 non
