  <div class='ocr_page' id='page_1' title='image "/cluster/home/n/w/nwhite01/storage/ocr_20150623/60/uva.x004246612/455.png"; bbox 0 0 4056 6484; ppageno 0'>
   <div class='ocr_carea' id='block_1_1' title="bbox 559 410 660 473">
    <p class='ocr_par' dir='ltr' id='par_1_1' title="bbox 559 410 660 473">
     <span class='ocr_line' id='line_1_1' title="bbox 559 410 660 473; baseline -0.01 0"><span class='ocrx_word' id='word_1_1' title='bbox 559 410 660 473; x_wconf 66' lang='grc'><strong>481</strong></span> 
     </span>
    </p>
   </div>
   <div class='ocr_carea' id='block_1_2' title="bbox 568 506 2125 593">
    <p class='ocr_par' dir='ltr' id='par_1_2' title="bbox 568 506 2125 593">
     <span class='ocr_line' id='line_1_2' title="bbox 568 506 2125 593; baseline -0.017 -9"><span class='ocrx_word' id='word_1_2' title='bbox 568 535 718 584; x_wconf 81' lang='lat' dir='ltr'><strong>sunt:</strong></span> <span class='ocrx_word' id='word_1_3' title='bbox 740 525 852 593; x_wconf 87' lang='lat' dir='ltr'><strong>ipse</strong></span> <span class='ocrx_word' id='word_1_4' title='bbox 872 527 993 575; x_wconf 89' lang='lat' dir='ltr'><strong>ante</strong></span> <span class='ocrx_word' id='word_1_5' title='bbox 1019 535 1139 582; x_wconf 84' lang='lat' dir='ltr'><strong>nos,</strong></span> <span class='ocrx_word' id='word_1_6' title='bbox 1164 533 1261 571; x_wconf 83' lang='lat' dir='ltr'><strong>nos</strong></span> <span class='ocrx_word' id='word_1_7' title='bbox 1288 523 1464 570; x_wconf 87' lang='lat' dir='ltr'><strong>autem</strong></span> <span class='ocrx_word' id='word_1_8' title='bbox 1494 525 1592 565; x_wconf 88' lang='lat' dir='ltr'><strong>nec</strong></span> <span class='ocrx_word' id='word_1_9' title='bbox 1618 517 1738 580; x_wconf 87' lang='lat' dir='ltr'><strong>post</strong></span> <span class='ocrx_word' id='word_1_10' title='bbox 1767 508 1939 578; x_wconf 83' lang='lat' dir='ltr'><strong>ipsum</strong></span> <span class='ocrx_word' id='word_1_11' title='bbox 1967 522 1982 559; x_wconf 88' lang='lat'><strong>:</strong></span> <span class='ocrx_word' id='word_1_12' title='bbox 2012 506 2125 575; x_wconf 89' lang='lat' dir='ltr'><strong>ipse</strong></span> 
     </span>
    </p>
   </div>
   <div class='ocr_carea' id='block_1_3' title="bbox 567 600 2127 688">
    <p class='ocr_par' dir='ltr' id='par_1_3' title="bbox 567 600 2127 688">
     <span class='ocr_line' id='line_1_3' title="bbox 567 600 2127 688; baseline -0.015 -15"><span class='ocrx_word' id='word_1_13' title='bbox 567 632 659 688; x_wconf 89' lang='lat' dir='ltr'><strong>pro</strong></span> <span class='ocrx_word' id='word_1_14' title='bbox 680 614 849 670; x_wconf 89' lang='lat' dir='ltr'><strong>salute</strong></span> <span class='ocrx_word' id='word_1_15' title='bbox 875 620 1077 673; x_wconf 74' lang='lat' dir='ltr'><strong>uestra,</strong></span> <span class='ocrx_word' id='word_1_16' title='bbox 1101 622 1199 663; x_wconf 86' lang='lat' dir='ltr'><strong>nos</strong></span> <span class='ocrx_word' id='word_1_17' title='bbox 1228 620 1325 662; x_wconf 87' lang='lat' dir='ltr'><strong>nec</strong></span> <span class='ocrx_word' id='word_1_18' title='bbox 1350 620 1446 676; x_wconf 91' lang='lat' dir='ltr'><strong>pro</strong></span> <span class='ocrx_word' id='word_1_19' title='bbox 1470 611 1650 657; x_wconf 88' lang='lat' dir='ltr'><strong>nostra</strong></span> <span class='ocrx_word' id='word_1_20' title='bbox 1673 600 1930 663; x_wconf 88' lang='lat' dir='ltr'><strong>utilitate;</strong></span> <span class='ocrx_word' id='word_1_21' title='bbox 1954 610 2127 688; x_wconf 84' lang='lat' dir='ltr'><strong>neque</strong></span> 
     </span>
    </p>
   </div>
   <div class='ocr_carea' id='block_1_4' title="bbox 565 686 2127 773">
    <p class='ocr_par' dir='ltr' id='par_1_4' title="bbox 565 686 2127 773">
     <span class='ocr_line' id='line_1_4' title="bbox 565 686 2127 773; baseline -0.015 -10"><span class='ocrx_word' id='word_1_22' title='bbox 565 686 704 765; x_wconf 73' lang='lat' dir='ltr'><strong>enim</strong></span> <span class='ocrx_word' id='word_1_23' title='bbox 731 703 807 758; x_wconf 88' lang='lat' dir='ltr'><strong>illi</strong></span> <span class='ocrx_word' id='word_1_24' title='bbox 833 700 1116 773; x_wconf 76' lang='lat' dir='ltr'><strong>quidquam</strong></span> <span class='ocrx_word' id='word_1_25' title='bbox 1137 696 1338 751; x_wconf 77' lang='lat' dir='ltr'><strong>accedit</strong></span> <span class='ocrx_word' id='word_1_26' title='bbox 1357 710 1421 749; x_wconf 82' lang='lat' dir='ltr'><strong>ex</strong></span> <span class='ocrx_word' id='word_1_27' title='bbox 1451 702 1628 747; x_wconf 85' lang='lat' dir='ltr'><strong>nostra</strong></span> <span class='ocrx_word' id='word_1_28' title='bbox 1652 689 2009 760; x_wconf 65' lang='lat' dir='ltr'><strong>benignitate;</strong></span> <span class='ocrx_word' id='word_1_29' title='bbox 2032 686 2127 741; x_wconf 90' lang='lat' dir='ltr'><strong>sed</strong></span> 
     </span>
    </p>
   </div>
   <div class='ocr_carea' id='block_1_5' title="bbox 565 776 2126 851">
    <p class='ocr_par' dir='ltr' id='par_1_5' title="bbox 565 776 2126 851">
     <span class='ocr_line' id='line_1_5' title="bbox 565 776 2126 851; baseline -0.013 0"><span class='ocrx_word' id='word_1_30' title='bbox 565 797 769 851; x_wconf 84' lang='lat' dir='ltr'><strong>lucrum</strong></span> <span class='ocrx_word' id='word_1_31' title='bbox 815 802 979 846; x_wconf 91' lang='lat' dir='ltr'><strong>totum</strong></span> <span class='ocrx_word' id='word_1_32' title='bbox 1018 789 1084 843; x_wconf 89' lang='lat' dir='ltr'><strong>ad</strong></span> <span class='ocrx_word' id='word_1_33' title='bbox 1128 802 1223 842; x_wconf 89' lang='lat' dir='ltr'><strong>nos</strong></span> <span class='ocrx_word' id='word_1_34' title='bbox 1270 784 1569 840; x_wconf 83' lang='lat' dir='ltr'><strong>revertitur.</strong></span> <span class='ocrx_word' id='word_1_35' title='bbox 1614 781 1736 836; x_wconf 84' lang='lat' dir='ltr'><strong>Ideo</strong></span> <span class='ocrx_word' id='word_1_36' title='bbox 1760 780 2009 848; x_wconf 72' lang='lat' dir='ltr'><strong>iubentur</strong></span> <span class='ocrx_word' id='word_1_37' title='bbox 2039 776 2126 831; x_wconf 85' lang='lat' dir='ltr'><strong>illa</strong></span> 
     </span>
    </p>
   </div>
   <div class='ocr_carea' id='block_1_6' title="bbox 567 869 2129 951">
    <p class='ocr_par' dir='ltr' id='par_1_6' title="bbox 567 869 2129 951">
     <span class='ocr_line' id='line_1_6' title="bbox 567 869 2129 951; baseline -0.01 -8"><span class='ocrx_word' id='word_1_38' title='bbox 567 890 713 951; x_wconf 84' lang='lat' dir='ltr'><strong>dare,</strong></span> <span class='ocrx_word' id='word_1_39' title='bbox 733 901 801 940; x_wconf 89' lang='lat' dir='ltr'><strong>ne</strong></span> <span class='ocrx_word' id='word_1_40' title='bbox 819 883 887 939; x_wconf 87' lang='lat' dir='ltr'><strong>ab</strong></span> <span class='ocrx_word' id='word_1_41' title='bbox 913 884 1018 938; x_wconf 80' lang='lat' dir='ltr'><strong>illis</strong></span> <span class='ocrx_word' id='word_1_42' title='bbox 1043 879 1365 936; x_wconf 88' lang='lat' dir='ltr'><strong>excidamus.</strong></span> <span class='ocrx_word' id='word_1_43' title='bbox 1385 875 1533 930; x_wconf 87' lang='lat' dir='ltr'><strong>Sicut</strong></span> <span class='ocrx_word' id='word_1_44' title='bbox 1556 875 1698 930; x_wconf 88' lang='lat' dir='ltr'><strong>enim</strong></span> <span class='ocrx_word' id='word_1_45' title='bbox 1719 886 1841 927; x_wconf 88' lang='lat' dir='ltr'><strong>cum</strong></span> <span class='ocrx_word' id='word_1_46' title='bbox 1863 869 2129 940; x_wconf 73' lang='lat' dir='ltr'><strong>quispiam</strong></span> 
     </span>
    </p>
   </div>
   <div class='ocr_carea' id='block_1_7' title="bbox 566 968 2125 1049">
    <p class='ocr_par' dir='ltr' id='par_1_7' title="bbox 566 968 2125 1049">
     <span class='ocr_line' id='line_1_7' title="bbox 566 968 2125 1049; baseline -0.012 -17"><span class='ocrx_word' id='word_1_47' title='bbox 566 988 845 1049; x_wconf 89' lang='lat' dir='ltr'><strong>argentum</strong></span> <span class='ocrx_word' id='word_1_48' title='bbox 868 974 959 1030; x_wconf 89' lang='lat' dir='ltr'><strong>dat</strong></span> <span class='ocrx_word' id='word_1_49' title='bbox 983 971 1224 1043; x_wconf 86' lang='lat' dir='ltr'><strong>puerulo,</strong></span> <span class='ocrx_word' id='word_1_50' title='bbox 1267 969 1423 1038; x_wconf 89' lang='lat' dir='ltr'><strong>jubet</strong></span> <span class='ocrx_word' id='word_1_51' title='bbox 1451 968 1597 1021; x_wconf 89' lang='lat' dir='ltr'><strong>illum</strong></span> <span class='ocrx_word' id='word_1_52' title='bbox 1622 970 1865 1019; x_wconf 75' lang='lat' dir='ltr'><strong>accurate</strong></span> <span class='ocrx_word' id='word_1_53' title='bbox 1886 975 2125 1026; x_wconf 82' lang='lat' dir='ltr'><strong>servare,</strong></span> 
     </span>
    </p>
   </div>
   <div class='ocr_carea' id='block_1_8' title="bbox 566 1051 2130 1126">
    <p class='ocr_par' dir='ltr' id='par_1_8' title="bbox 566 1051 2130 1126">
     <span class='ocr_line' id='line_1_8' title="bbox 566 1051 2130 1126; baseline -0.012 -3"><span class='ocrx_word' id='word_1_54' title='bbox 566 1071 653 1126; x_wconf 75' lang='lat' dir='ltr'><strong>vel</strong></span> <span class='ocrx_word' id='word_1_55' title='bbox 672 1070 864 1124; x_wconf 91' lang='lat' dir='ltr'><strong>famqu</strong></span> <span class='ocrx_word' id='word_1_56' title='bbox 886 1066 1091 1121; x_wconf 80' lang='lat' dir='ltr'><strong>tradere</strong></span> <span class='ocrx_word' id='word_1_57' title='bbox 1107 1060 1537 1124; x_wconf 88' lang='lat' dir='ltr'><strong>custodiendum,</strong></span> <span class='ocrx_word' id='word_1_58' title='bbox 1552 1067 1608 1113; x_wconf 91' lang='lat' dir='ltr'><strong>ut</strong></span> <span class='ocrx_word' id='word_1_59' title='bbox 1625 1072 1691 1111; x_wconf 91' lang='lat' dir='ltr'><strong>ne</strong></span> <span class='ocrx_word' id='word_1_60' title='bbox 1706 1054 1917 1111; x_wconf 89' lang='lat' dir='ltr'><strong>cuilibet</strong></span> <span class='ocrx_word' id='word_1_61' title='bbox 1934 1051 2130 1107; x_wconf 86' lang='lat' dir='ltr'><strong>volenti</strong></span> 
     </span>
    </p>
   </div>
   <div class='ocr_carea' id='block_1_9' title="bbox 566 1141 2127 1227">
    <p class='ocr_par' dir='ltr' id='par_1_9' title="bbox 566 1141 2127 1227">
     <span class='ocr_line' id='line_1_9' title="bbox 566 1141 2127 1227; baseline -0.013 -12"><span class='ocrx_word' id='word_1_62' title='bbox 566 1161 723 1215; x_wconf 83' lang='lat' dir='ltr'><strong>liceat</strong></span> <span class='ocrx_word' id='word_1_63' title='bbox 762 1158 1002 1227; x_wconf 79' lang='lat' dir='ltr'><strong>abripere</strong></span> <span class='ocrx_word' id='word_1_64' title='bbox 1032 1172 1045 1209; x_wconf 93' lang='lat'><strong>:</strong></span> <span class='ocrx_word' id='word_1_65' title='bbox 1071 1154 1149 1209; x_wconf 87' lang='lat' dir='ltr'><strong>sic</strong></span> <span class='ocrx_word' id='word_1_66' title='bbox 1176 1163 1230 1207; x_wconf 89' lang='lat' dir='ltr'><strong>et</strong></span> <span class='ocrx_word' id='word_1_67' title='bbox 1261 1152 1398 1206; x_wconf 84' lang='lat' dir='ltr'><strong>Deus</strong></span> <span class='ocrx_word' id='word_1_68' title='bbox 1427 1148 1571 1203; x_wconf 88' lang='lat' dir='ltr'><strong>facit.</strong></span> <span class='ocrx_word' id='word_1_69' title='bbox 1614 1147 1686 1202; x_wconf 89' lang='lat' dir='ltr'><strong>Da</strong></span> <span class='ocrx_word' id='word_1_70' title='bbox 1713 1145 1906 1217; x_wconf 77' lang='lat' dir='ltr'><strong>egenti,</strong></span> <span class='ocrx_word' id='word_1_71' title='bbox 1936 1141 2127 1212; x_wconf 83' lang='lat' dir='ltr'><strong>inquit,</strong></span> 
     </span>
    </p>
   </div>
   <div class='ocr_carea' id='block_1_10' title="bbox 572 1231 2132 1317">
    <p class='ocr_par' dir='ltr' id='par_1_10' title="bbox 572 1231 2132 1317">
     <span class='ocr_line' id='line_1_10' title="bbox 572 1231 2132 1317; baseline -0.012 -14"><span class='ocrx_word' id='word_1_72' title='bbox 572 1259 625 1303; x_wconf 90' lang='lat' dir='ltr'><strong>ut</strong></span> <span class='ocrx_word' id='word_1_73' title='bbox 652 1263 717 1303; x_wconf 90' lang='lat' dir='ltr'><strong>ne</strong></span> <span class='ocrx_word' id='word_1_74' title='bbox 737 1246 857 1317; x_wconf 90' lang='lat' dir='ltr'><strong>quis</strong></span> <span class='ocrx_word' id='word_1_75' title='bbox 886 1246 974 1299; x_wconf 90' lang='lat' dir='ltr'><strong>illa</strong></span> <span class='ocrx_word' id='word_1_76' title='bbox 996 1260 1026 1297; x_wconf 91' lang='lat' dir='ltr'><strong>a</strong></span> <span class='ocrx_word' id='word_1_77' title='bbox 1051 1253 1103 1299; x_wconf 90' lang='lat' dir='ltr'><strong>te</strong></span> <span class='ocrx_word' id='word_1_78' title='bbox 1125 1243 1365 1307; x_wconf 79' lang='lat' dir='ltr'><strong>auferat,</strong></span> <span class='ocrx_word' id='word_1_79' title='bbox 1394 1250 1487 1295; x_wconf 90' lang='lat' dir='ltr'><strong>aut</strong></span> <span class='ocrx_word' id='word_1_80' title='bbox 1527 1238 1868 1310; x_wconf 84' lang='lat' dir='ltr'><strong>sycophanta,</strong></span> <span class='ocrx_word' id='word_1_81' title='bbox 1898 1241 1989 1288; x_wconf 90' lang='lat' dir='ltr'><strong>aut</strong></span> <span class='ocrx_word' id='word_1_82' title='bbox 2016 1231 2132 1287; x_wconf 90' lang='lat' dir='ltr'><strong>dia-</strong></span> 
     </span>
    </p>
   </div>
   <div class='ocr_carea' id='block_1_11' title="bbox 564 1322 2130 1406">
    <p class='ocr_par' dir='ltr' id='par_1_11' title="bbox 564 1322 2130 1406">
     <span class='ocr_line' id='line_1_11' title="bbox 564 1322 2130 1406; baseline -0.013 -9"><span class='ocrx_word' id='word_1_83' title='bbox 564 1338 739 1405; x_wconf 85' lang='lat' dir='ltr'><strong>bolus,</strong></span> <span class='ocrx_word' id='word_1_84' title='bbox 767 1345 862 1394; x_wconf 90' lang='lat' dir='ltr'><strong>aut</strong></span> <span class='ocrx_word' id='word_1_85' title='bbox 897 1337 1001 1403; x_wconf 89' lang='lat' dir='ltr'><strong>fur,</strong></span> <span class='ocrx_word' id='word_1_86' title='bbox 1020 1346 1110 1392; x_wconf 91' lang='lat' dir='ltr'><strong>aut</strong></span> <span class='ocrx_word' id='word_1_87' title='bbox 1130 1342 1250 1406; x_wconf 87' lang='lat' dir='ltr'><strong>post</strong></span> <span class='ocrx_word' id='word_1_88' title='bbox 1272 1346 1461 1388; x_wconf 91' lang='lat' dir='ltr'><strong>omnes</strong></span> <span class='ocrx_word' id='word_1_89' title='bbox 1486 1336 1649 1385; x_wconf 87' lang='lat' dir='ltr'><strong>mors.</strong></span> <span class='ocrx_word' id='word_1_90' title='bbox 1678 1330 1852 1382; x_wconf 91' lang='lat' dir='ltr'><strong>Donec</strong></span> <span class='ocrx_word' id='word_1_91' title='bbox 1871 1340 1962 1380; x_wconf 88' lang='lat' dir='ltr'><strong>eas</strong></span> <span class='ocrx_word' id='word_1_92' title='bbox 1992 1322 2130 1379; x_wconf 90' lang='lat' dir='ltr'><strong>dcti-</strong></span> 
     </span>
    </p>
   </div>
   <div class='ocr_carea' id='block_1_12' title="bbox 568 1420 2132 1498">
    <p class='ocr_par' dir='ltr' id='par_1_12' title="bbox 568 1420 2132 1498">
     <span class='ocr_line' id='line_1_12' title="bbox 568 1420 2132 1498; baseline -0.011 -12"><span class='ocrx_word' id='word_1_93' title='bbox 568 1448 684 1498; x_wconf 89' lang='lat' dir='ltr'><strong>nes,</strong></span> <span class='ocrx_word' id='word_1_94' title='bbox 701 1447 804 1487; x_wconf 92' lang='lat' dir='ltr'><strong>non</strong></span> <span class='ocrx_word' id='word_1_95' title='bbox 827 1440 939 1485; x_wconf 90' lang='lat' dir='ltr'><strong>tuto</strong></span> <span class='ocrx_word' id='word_1_96' title='bbox 956 1428 1194 1493; x_wconf 88' lang='lat' dir='ltr'><strong>detines;</strong></span> <span class='ocrx_word' id='word_1_97' title='bbox 1216 1427 1260 1481; x_wconf 90' lang='lat' dir='ltr'><strong>si</strong></span> <span class='ocrx_word' id='word_1_98' title='bbox 1281 1420 1456 1480; x_wconf 88' lang='lat' dir='ltr'><strong>autem</strong></span> <span class='ocrx_word' id='word_1_99' title='bbox 1477 1423 1595 1478; x_wconf 86' lang='lat' dir='ltr'><strong>illas</strong></span> <span class='ocrx_word' id='word_1_100' title='bbox 1612 1420 1739 1475; x_wconf 89' lang='lat' dir='ltr'><strong>mihi</strong></span> <span class='ocrx_word' id='word_1_101' title='bbox 1764 1434 1855 1489; x_wconf 90' lang='lat' dir='ltr'><strong>per</strong></span> <span class='ocrx_word' id='word_1_102' title='bbox 1872 1430 2132 1487; x_wconf 77' lang='lat' dir='ltr'><strong>pauperes</strong></span> 
     </span>
    </p>
   </div>
   <div class='ocr_carea' id='block_1_13' title="bbox 567 1501 2131 1591">
    <p class='ocr_par' dir='ltr' id='par_1_13' title="bbox 567 1501 2131 1591">
     <span class='ocr_line' id='line_1_13' title="bbox 567 1501 2131 1591; baseline -0.013 -10"><span class='ocrx_word' id='word_1_103' title='bbox 567 1523 799 1587; x_wconf 86' lang='lat' dir='ltr'><strong>dederis,</strong></span> <span class='ocrx_word' id='word_1_104' title='bbox 840 1536 937 1591; x_wconf 88' lang='lat' dir='ltr'><strong>ego</strong></span> <span class='ocrx_word' id='word_1_105' title='bbox 965 1519 1058 1574; x_wconf 87' lang='lat' dir='ltr'><strong>tibi</strong></span> <span class='ocrx_word' id='word_1_106' title='bbox 1086 1517 1263 1573; x_wconf 83' lang='lat' dir='ltr'><strong>omnia</strong></span> <span class='ocrx_word' id='word_1_107' title='bbox 1314 1522 1558 1572; x_wconf 80' lang='lat' dir='ltr'><strong>accurate</strong></span> <span class='ocrx_word' id='word_1_108' title='bbox 1603 1501 1921 1573; x_wconf 87' lang='lat' dir='ltr'><strong>custodiam,</strong></span> <span class='ocrx_word' id='word_1_109' title='bbox 1953 1514 2008 1563; x_wconf 91' lang='lat' dir='ltr'><strong>et</strong></span> <span class='ocrx_word' id='word_1_110' title='bbox 2032 1521 2131 1576; x_wconf 83' lang='lat' dir='ltr'><strong>op-</strong></span> 
     </span>
    </p>
   </div>
   <div class='ocr_carea' id='block_1_14' title="bbox 568 1597 2132 1684">
    <p class='ocr_par' dir='ltr' id='par_1_14' title="bbox 568 1597 2132 1684">
     <span class='ocr_line' id='line_1_14' title="bbox 568 1597 2132 1684; baseline -0.012 -16"><span class='ocrx_word' id='word_1_111' title='bbox 568 1622 796 1684; x_wconf 91' lang='lat' dir='ltr'><strong>portuuo</strong></span> <span class='ocrx_word' id='word_1_112' title='bbox 824 1619 1063 1680; x_wconf 90' lang='lat' dir='ltr'><strong>tempore</strong></span> <span class='ocrx_word' id='word_1_113' title='bbox 1089 1606 1181 1662; x_wconf 89' lang='lat' dir='ltr'><strong>tibi</strong></span> <span class='ocrx_word' id='word_1_114' title='bbox 1222 1604 1338 1660; x_wconf 86' lang='lat' dir='ltr'><strong>illas</strong></span> <span class='ocrx_word' id='word_1_115' title='bbox 1367 1617 1558 1674; x_wconf 86' lang='lat' dir='ltr'><strong>magno</strong></span> <span class='ocrx_word' id='word_1_116' title='bbox 1591 1616 1714 1656; x_wconf 85' lang='lat' dir='ltr'><strong>cum</strong></span> <span class='ocrx_word' id='word_1_117' title='bbox 1744 1600 1943 1655; x_wconf 66' lang='lat' dir='ltr'><strong>fenore</strong></span> <span class='ocrx_word' id='word_1_118' title='bbox 1974 1597 2132 1652; x_wconf 88' lang='lat' dir='ltr'><strong>resti-</strong></span> 
     </span>
    </p>
   </div>
   <div class='ocr_carea' id='block_1_15' title="bbox 567 1691 2132 1763">
    <p class='ocr_par' dir='ltr' id='par_1_15' title="bbox 567 1691 2132 1763">
     <span class='ocr_line' id='line_1_15' title="bbox 567 1691 2132 1763; baseline -0.011 -5"><span class='ocrx_word' id='word_1_119' title='bbox 567 1714 731 1758; x_wconf 90' lang='lat' dir='ltr'><strong>tuam.</strong></span> <span class='ocrx_word' id='word_1_120' title='bbox 760 1700 875 1754; x_wconf 76' lang='lat' dir='ltr'><strong>Non</strong></span> <span class='ocrx_word' id='word_1_121' title='bbox 906 1698 1050 1755; x_wconf 89' lang='lat' dir='ltr'><strong>enim</strong></span> <span class='ocrx_word' id='word_1_122' title='bbox 1075 1706 1137 1752; x_wconf 91' lang='lat' dir='ltr'><strong>ut-</strong></span> <span class='ocrx_word' id='word_1_123' title='bbox 1158 1696 1395 1751; x_wconf 80' lang='lat' dir='ltr'><strong>auferam</strong></span> <span class='ocrx_word' id='word_1_124' title='bbox 1434 1692 1659 1763; x_wconf 84' lang='lat' dir='ltr'><strong>accipio,</strong></span> <span class='ocrx_word' id='word_1_125' title='bbox 1686 1691 1779 1746; x_wconf 87' lang='lat' dir='ltr'><strong>sed</strong></span> <span class='ocrx_word' id='word_1_126' title='bbox 1822 1698 1878 1743; x_wconf 91' lang='lat' dir='ltr'><strong>ut</strong></span> <span class='ocrx_word' id='word_1_127' title='bbox 1912 1702 2132 1757; x_wconf 79' lang='lat' dir='ltr'><strong>augeam</strong></span> 
     </span>
    </p>
   </div>
   <div class='ocr_carea' id='block_1_16' title="bbox 563 1785 2135 1854">
    <p class='ocr_par' dir='ltr' id='par_1_16' title="bbox 563 1785 2135 1854">
     <span class='ocr_line' id='line_1_16' title="bbox 563 1785 2135 1854; baseline -0.01 -6"><span class='ocrx_word' id='word_1_128' title='bbox 563 1803 617 1848; x_wconf 89' lang='lat' dir='ltr'><strong>et</strong></span> <span class='ocrx_word' id='word_1_129' title='bbox 642 1800 756 1848; x_wconf 91' lang='lat' dir='ltr'><strong>tuto</strong></span> <span class='ocrx_word' id='word_1_130' title='bbox 772 1788 1070 1847; x_wconf 88' lang='lat' dir='ltr'><strong>custodiam</strong></span> <span class='ocrx_word' id='word_1_131' title='bbox 1089 1797 1143 1842; x_wconf 89' lang='lat' dir='ltr'><strong>et</strong></span> <span class='ocrx_word' id='word_1_132' title='bbox 1173 1787 1266 1843; x_wconf 89' lang='lat' dir='ltr'><strong>tibi</strong></span> <span class='ocrx_word' id='word_1_133' title='bbox 1295 1786 1363 1845; x_wconf 86' lang='lat' dir='ltr'><strong>ad</strong></span> <span class='ocrx_word' id='word_1_134' title='bbox 1383 1785 1514 1841; x_wconf 90' lang='lat' dir='ltr'><strong>illud</strong></span> <span class='ocrx_word' id='word_1_135' title='bbox 1536 1798 1704 1854; x_wconf 88' lang='lat' dir='ltr'><strong>usque</strong></span> <span class='ocrx_word' id='word_1_136' title='bbox 1726 1794 1935 1852; x_wconf 84' lang='lat' dir='ltr'><strong>tempus</strong></span> <span class='ocrx_word' id='word_1_137' title='bbox 1957 1794 2135 1833; x_wconf 87' lang='lat' dir='ltr'><strong>asser-</strong></span> 
     </span>
    </p>
   </div>
   <div class='ocr_carea' id='block_1_17' title="bbox 564 1870 2134 1951">
    <p class='ocr_par' dir='ltr' id='par_1_17' title="bbox 564 1870 2134 1951">
     <span class='ocr_line' id='line_1_17' title="bbox 564 1870 2134 1951; baseline -0.009 -13"><span class='ocrx_word' id='word_1_138' title='bbox 564 1899 706 1949; x_wconf 85' lang='lat' dir='ltr'><strong>vem,</strong></span> <span class='ocrx_word' id='word_1_139' title='bbox 740 1896 845 1951; x_wconf 89' lang='lat' dir='ltr'><strong>quo</strong></span> <span class='ocrx_word' id='word_1_140' title='bbox 894 1880 1069 1934; x_wconf 88' lang='lat' dir='ltr'><strong>nullus</strong></span> <span class='ocrx_word' id='word_1_141' title='bbox 1095 1878 1219 1944; x_wconf 91' lang='lat' dir='ltr'><strong>erit,</strong></span> <span class='ocrx_word' id='word_1_142' title='bbox 1248 1878 1338 1947; x_wconf 91' lang='lat' dir='ltr'><strong>qui</strong></span> <span class='ocrx_word' id='word_1_143' title='bbox 1364 1875 1555 1933; x_wconf 73' lang='lat' dir='ltr'><strong>frenori</strong></span> <span class='ocrx_word' id='word_1_144' title='bbox 1582 1875 1695 1940; x_wconf 87' lang='lat' dir='ltr'><strong>det,</strong></span> <span class='ocrx_word' id='word_1_145' title='bbox 1728 1887 1827 1927; x_wconf 89' lang='lat' dir='ltr'><strong>nec</strong></span> <span class='ocrx_word' id='word_1_146' title='bbox 1854 1871 1945 1942; x_wconf 88' lang='lat' dir='ltr'><strong>qui</strong></span> <span class='ocrx_word' id='word_1_147' title='bbox 1974 1870 2134 1924; x_wconf 81' lang='lat' dir='ltr'><strong>mise-</strong></span> 
     </span>
    </p>
   </div>
   <div class='ocr_carea' id='block_1_18' title="bbox 565 1961 2134 2036">
    <p class='ocr_par' dir='ltr' id='par_1_18' title="bbox 565 1961 2134 2036">
     <span class='ocr_line' id='line_1_18' title="bbox 565 1961 2134 2036; baseline -0.009 -8"><span class='ocrx_word' id='word_1_148' title='bbox 565 1972 791 2029; x_wconf 88' lang='lat' dir='ltr'><strong>ricordia</strong></span> <span class='ocrx_word' id='word_1_149' title='bbox 812 1978 1105 2025; x_wconf 79' lang='lat' dir='ltr'><strong>moveatur.</strong></span> <span class='ocrx_word' id='word_1_150' title='bbox 1128 1966 1265 2036; x_wconf 86' lang='lat' dir='ltr'><strong>Quid</strong></span> <span class='ocrx_word' id='word_1_151' title='bbox 1293 1966 1578 2022; x_wconf 78' lang='lat' dir='ltr'><strong>immanius</strong></span> <span class='ocrx_word' id='word_1_152' title='bbox 1602 1973 1684 2020; x_wconf 68' lang='lat' dir='ltr'><strong>est</strong></span> <span class='ocrx_word' id='word_1_153' title='bbox 1708 1962 1880 2025; x_wconf 87' lang='lat' dir='ltr'><strong>nobis,</strong></span> <span class='ocrx_word' id='word_1_154' title='bbox 1904 1961 1992 2031; x_wconf 87' lang='lat' dir='ltr'><strong>qui</strong></span> <span class='ocrx_word' id='word_1_155' title='bbox 2014 1970 2134 2029; x_wconf 83' lang='lat' dir='ltr'><strong>post</strong></span> 
     </span>
    </p>
   </div>
   <div class='ocr_carea' id='block_1_19' title="bbox 568 2051 2133 2133">
    <p class='ocr_par' dir='ltr' id='par_1_19' title="bbox 568 2051 2133 2133">
     <span class='ocr_line' id='line_1_19' title="bbox 568 2051 2133 2133; baseline -0.007 -17"><span class='ocrx_word' id='word_1_156' title='bbox 568 2073 649 2117; x_wconf 83' lang='lat' dir='ltr'><strong>tot</strong></span> <span class='ocrx_word' id='word_1_157' title='bbox 688 2061 1083 2133; x_wconf 87' lang='lat' dir='ltr'><strong>promissiones,</strong></span> <span class='ocrx_word' id='word_1_158' title='bbox 1120 2072 1188 2113; x_wconf 93' lang='lat' dir='ltr'><strong>ne</strong></span> <span class='ocrx_word' id='word_1_159' title='bbox 1218 2055 1431 2126; x_wconf 84' lang='lat' dir='ltr'><strong>quidem</strong></span> <span class='ocrx_word' id='word_1_160' title='bbox 1476 2054 1576 2124; x_wconf 83' lang='lat' dir='ltr'><strong>ipsi</strong></span> <span class='ocrx_word' id='word_1_161' title='bbox 1615 2063 1799 2109; x_wconf 90' lang='lat' dir='ltr'><strong>mutuo</strong></span> <span class='ocrx_word' id='word_1_162' title='bbox 1822 2052 1952 2106; x_wconf 89' lang='lat' dir='ltr'><strong>dare</strong></span> <span class='ocrx_word' id='word_1_163' title='bbox 1980 2051 2133 2105; x_wconf 86' lang='lat' dir='ltr'><strong>volu-</strong></span> 
     </span>
    </p>
   </div>
   <div class='ocr_carea' id='block_1_20' title="bbox 564 2141 2132 2217">
    <p class='ocr_par' dir='ltr' id='par_1_20' title="bbox 564 2141 2132 2217">
     <span class='ocr_line' id='line_1_20' title="bbox 564 2141 2132 2217; baseline -0.01 -8"><span class='ocrx_word' id='word_1_164' title='bbox 564 2154 721 2209; x_wconf 89' lang='lat' dir='ltr'><strong>mus?</strong></span> <span class='ocrx_word' id='word_1_165' title='bbox 768 2152 890 2207; x_wconf 92' lang='lat' dir='ltr'><strong>Ideo</strong></span> <span class='ocrx_word' id='word_1_166' title='bbox 917 2149 1158 2213; x_wconf 87' lang='lat' dir='ltr'><strong>deserti,</strong></span> <span class='ocrx_word' id='word_1_167' title='bbox 1192 2147 1315 2202; x_wconf 91' lang='lat' dir='ltr'><strong>nudi</strong></span> <span class='ocrx_word' id='word_1_168' title='bbox 1341 2154 1397 2201; x_wconf 90' lang='lat' dir='ltr'><strong>et</strong></span> <span class='ocrx_word' id='word_1_169' title='bbox 1426 2160 1687 2217; x_wconf 90' lang='lat' dir='ltr'><strong>pauperes</strong></span> <span class='ocrx_word' id='word_1_170' title='bbox 1713 2144 1778 2198; x_wconf 90' lang='lat' dir='ltr'><strong>ad</strong></span> <span class='ocrx_word' id='word_1_171' title='bbox 1810 2144 1981 2214; x_wconf 91' lang='lat' dir='ltr'><strong>ipsum</strong></span> <span class='ocrx_word' id='word_1_172' title='bbox 2031 2141 2132 2195; x_wconf 87' lang='lat' dir='ltr'><strong>tui-</strong></span> 
     </span>
    </p>
   </div>
   <div class='ocr_carea' id='block_1_21' title="bbox 561 2233 2133 2316">
    <p class='ocr_par' dir='ltr' id='par_1_21' title="bbox 561 2233 2133 2316">
     <span class='ocr_line' id='line_1_21' title="bbox 561 2233 2133 2316; baseline -0.007 -19"><span class='ocrx_word' id='word_1_173' title='bbox 561 2256 795 2316; x_wconf 87' lang='lat' dir='ltr'><strong>grantus,</strong></span> <span class='ocrx_word' id='word_1_174' title='bbox 821 2256 885 2296; x_wconf 89' lang='lat' dir='ltr'><strong>ea</strong></span> <span class='ocrx_word' id='word_1_175' title='bbox 911 2255 1031 2311; x_wconf 76' lang='lat' dir='ltr'><strong>qua:</strong></span> <span class='ocrx_word' id='word_1_176' title='bbox 1058 2240 1213 2294; x_wconf 87' lang='lat' dir='ltr'><strong>nobis</strong></span> <span class='ocrx_word' id='word_1_177' title='bbox 1236 2235 1540 2293; x_wconf 77' lang='lat' dir='ltr'><strong>concredita</strong></span> <span class='ocrx_word' id='word_1_178' title='bbox 1566 2244 1689 2290; x_wconf 90' lang='lat' dir='ltr'><strong>sunt</strong></span> <span class='ocrx_word' id='word_1_179' title='bbox 1716 2251 1821 2289; x_wconf 86' lang='lat' dir='ltr'><strong>non</strong></span> <span class='ocrx_word' id='word_1_180' title='bbox 1853 2233 2133 2295; x_wconf 85' lang='lat' dir='ltr'><strong>habentes.</strong></span> 
     </span>
    </p>
   </div>
   <div class='ocr_carea' id='block_1_22' title="bbox 561 2323 2129 2406">
    <p class='ocr_par' dir='ltr' id='par_1_22' title="bbox 561 2323 2129 2406">
     <span class='ocr_line' id='line_1_22' title="bbox 561 2323 2129 2406; baseline -0.008 -18"><span class='ocrx_word' id='word_1_181' title='bbox 561 2336 685 2406; x_wconf 83' lang='lat' dir='ltr'><strong>quia</strong></span> <span class='ocrx_word' id='word_1_182' title='bbox 714 2348 819 2388; x_wconf 93' lang='lat' dir='ltr'><strong>non</strong></span> <span class='ocrx_word' id='word_1_183' title='bbox 847 2332 933 2395; x_wconf 85' lang='lat' dir='ltr'><strong>illa</strong></span> <span class='ocrx_word' id='word_1_184' title='bbox 961 2330 1101 2400; x_wconf 88' lang='lat' dir='ltr'><strong>apud</strong></span> <span class='ocrx_word' id='word_1_185' title='bbox 1127 2343 1272 2405; x_wconf 84' lang='lat' dir='ltr'><strong>eum,</strong></span> <span class='ocrx_word' id='word_1_186' title='bbox 1300 2328 1390 2398; x_wconf 89' lang='lat' dir='ltr'><strong>qui</strong></span> <span class='ocrx_word' id='word_1_187' title='bbox 1414 2326 1713 2383; x_wconf 81' lang='lat' dir='ltr'><strong>accuratius</strong></span> <span class='ocrx_word' id='word_1_188' title='bbox 1741 2323 1989 2378; x_wconf 88' lang='lat' dir='ltr'><strong>omnibus</strong></span> <span class='ocrx_word' id='word_1_189' title='bbox 2016 2336 2129 2375; x_wconf 89' lang='lat' dir='ltr'><strong>ser-</strong></span> 
     </span>
    </p>
   </div>
   <div class='ocr_carea' id='block_1_23' title="bbox 566 2416 2130 2501">
    <p class='ocr_par' dir='ltr' id='par_1_23' title="bbox 566 2416 2130 2501">
     <span class='ocr_line' id='line_1_23' title="bbox 566 2416 2130 2501; baseline -0.01 -22"><span class='ocrx_word' id='word_1_190' title='bbox 566 2437 674 2491; x_wconf 71' lang='lat' dir='ltr'><strong>vat,</strong></span> <span class='ocrx_word' id='word_1_191' title='bbox 704 2424 1066 2495; x_wconf 84' lang='lat' dir='ltr'><strong>deposuimus.</strong></span> <span class='ocrx_word' id='word_1_192' title='bbox 1117 2421 1346 2501; x_wconf 79' lang='lat' dir='ltr'><strong>ideoque</strong></span> <span class='ocrx_word' id='word_1_193' title='bbox 1366 2427 1633 2474; x_wconf 90' lang='lat' dir='ltr'><strong>extremas</strong></span> <span class='ocrx_word' id='word_1_194' title='bbox 1656 2416 1902 2470; x_wconf 84' lang='lat' dir='ltr'><strong>dabimus</strong></span> <span class='ocrx_word' id='word_1_195' title='bbox 1926 2426 2130 2484; x_wconf 76' lang='lat' dir='ltr'><strong>pmnas.</strong></span> 
     </span>
    </p>
   </div>
   <div class='ocr_carea' id='block_1_24' title="bbox 562 2502 2133 2585">
    <p class='ocr_par' dir='ltr' id='par_1_24' title="bbox 562 2502 2133 2585">
     <span class='ocr_line' id='line_1_24' title="bbox 562 2502 2133 2585; baseline -0.01 -13"><span class='ocrx_word' id='word_1_196' title='bbox 562 2516 704 2585; x_wconf 83' lang='lat' dir='ltr'><strong>Quid</strong></span> <span class='ocrx_word' id='word_1_197' title='bbox 755 2516 898 2570; x_wconf 86' lang='lat' dir='ltr'><strong>enim</strong></span> <span class='ocrx_word' id='word_1_198' title='bbox 947 2512 1177 2569; x_wconf 84' lang='lat' dir='ltr'><strong>accusati</strong></span> <span class='ocrx_word' id='word_1_199' title='bbox 1222 2510 1405 2565; x_wconf 89' lang='lat' dir='ltr'><strong>dicere</strong></span> <span class='ocrx_word' id='word_1_200' title='bbox 1452 2508 1744 2579; x_wconf 86' lang='lat' dir='ltr'><strong>poterimus</strong></span> <span class='ocrx_word' id='word_1_201' title='bbox 1774 2519 1871 2576; x_wconf 92' lang='lat' dir='ltr'><strong>pro</strong></span> <span class='ocrx_word' id='word_1_202' title='bbox 1900 2502 2133 2574; x_wconf 88' lang='lat' dir='ltr'><strong>pernicie</strong></span> 
     </span>
    </p>
   </div>
   <div class='ocr_carea' id='block_1_25' title="bbox 562 2597 2133 2672">
    <p class='ocr_par' dir='ltr' id='par_1_25' title="bbox 562 2597 2133 2672">
     <span class='ocr_line' id='line_1_25' title="bbox 562 2597 2133 2672; baseline -0.007 -10"><span class='ocrx_word' id='word_1_203' title='bbox 562 2606 802 2664; x_wconf 85' lang='lat' dir='ltr'><strong>vitanda?</strong></span> <span class='ocrx_word' id='word_1_204' title='bbox 831 2605 997 2672; x_wconf 88' lang='lat' dir='ltr'><strong>Quam</strong></span> <span class='ocrx_word' id='word_1_205' title='bbox 1023 2602 1385 2660; x_wconf 75' lang='lat' dir='ltr'><strong>defensionem</strong></span> <span class='ocrx_word' id='word_1_206' title='bbox 1415 2600 1607 2655; x_wconf 85' lang='lat' dir='ltr'><strong>afferre</strong></span> <span class='ocrx_word' id='word_1_207' title='bbox 1626 2641 1641 2663; x_wconf 90' lang='lat'><strong>,</strong></span> <span class='ocrx_word' id='word_1_208' title='bbox 1673 2614 1829 2669; x_wconf 88' lang='lat' dir='ltr'><strong>quam</strong></span> <span class='ocrx_word' id='word_1_209' title='bbox 1861 2597 2133 2667; x_wconf 79' lang='lat' dir='ltr'><strong>purgatio-</strong></span> 
     </span>
    </p>
   </div>
   <div class='ocr_carea' id='block_1_26' title="bbox 564 2685 2136 2756">
    <p class='ocr_par' dir='ltr' id='par_1_26' title="bbox 564 2685 2136 2756">
     <span class='ocr_line' id='line_1_26' title="bbox 564 2685 2136 2756; baseline -0.01 0"><span class='ocrx_word' id='word_1_210' title='bbox 564 2700 723 2756; x_wconf 87' lang='lat' dir='ltr'><strong>nem?</strong></span> <span class='ocrx_word' id='word_1_211' title='bbox 764 2699 873 2755; x_wconf 86' lang='lat' dir='ltr'><strong>Cur</strong></span> <span class='ocrx_word' id='word_1_212' title='bbox 896 2697 1037 2752; x_wconf 91' lang='lat' dir='ltr'><strong>enim</strong></span> <span class='ocrx_word' id='word_1_213' title='bbox 1066 2710 1170 2749; x_wconf 92' lang='lat' dir='ltr'><strong>non</strong></span> <span class='ocrx_word' id='word_1_214' title='bbox 1199 2690 1430 2748; x_wconf 88' lang='lat' dir='ltr'><strong>dedisti?</strong></span> <span class='ocrx_word' id='word_1_215' title='bbox 1480 2685 1677 2744; x_wconf 75' lang='lat' dir='ltr'><strong>difﬁdis</strong></span> <span class='ocrx_word' id='word_1_216' title='bbox 1726 2698 1777 2742; x_wconf 89' lang='lat' dir='ltr'><strong>te</strong></span> <span class='ocrx_word' id='word_1_217' title='bbox 1817 2700 2002 2741; x_wconf 87' lang='lat' dir='ltr'><strong>rursus</strong></span> <span class='ocrx_word' id='word_1_218' title='bbox 2043 2700 2136 2740; x_wconf 89' lang='lat' dir='ltr'><strong>eas</strong></span> 
     </span>
    </p>
   </div>
   <div class='ocr_carea' id='block_1_27' title="bbox 562 2777 2134 2862">
    <p class='ocr_par' dir='ltr' id='par_1_27' title="bbox 562 2777 2134 2862">
     <span class='ocr_line' id='line_1_27' title="bbox 562 2777 2134 2862; baseline -0.01 -15"><span class='ocrx_word' id='word_1_219' title='bbox 562 2789 950 2862; x_wconf 88' lang='lat' dir='ltr'><strong>accepturum?</strong></span> <span class='ocrx_word' id='word_1_220' title='bbox 1002 2787 1100 2855; x_wconf 86' lang='lat' dir='ltr'><strong>Qui</strong></span> <span class='ocrx_word' id='word_1_221' title='bbox 1142 2785 1194 2840; x_wconf 93' lang='lat' dir='ltr'><strong>id</strong></span> <span class='ocrx_word' id='word_1_222' title='bbox 1241 2784 1445 2838; x_wconf 84' lang='lat' dir='ltr'><strong>ratione</strong></span> <span class='ocrx_word' id='word_1_223' title='bbox 1496 2789 1743 2835; x_wconf 84' lang='lat' dir='ltr'><strong>constare</strong></span> <span class='ocrx_word' id='word_1_224' title='bbox 1790 2777 1995 2846; x_wconf 82' lang='lat' dir='ltr'><strong>possit?</strong></span> <span class='ocrx_word' id='word_1_225' title='bbox 2044 2777 2134 2846; x_wconf 89' lang='lat' dir='ltr'><strong>qui</strong></span> 
     </span>
    </p>
   </div>
   <div class='ocr_carea' id='block_1_28' title="bbox 563 2866 2131 2948">
    <p class='ocr_par' dir='ltr' id='par_1_28' title="bbox 563 2866 2131 2948">
     <span class='ocr_line' id='line_1_28' title="bbox 563 2866 2131 2948; baseline -0.01 -10"><span class='ocrx_word' id='word_1_226' title='bbox 563 2885 705 2938; x_wconf 88' lang='lat' dir='ltr'><strong>enim</strong></span> <span class='ocrx_word' id='word_1_227' title='bbox 734 2882 819 2937; x_wconf 81' lang='lat' dir='ltr'><strong>dat</strong></span> <span class='ocrx_word' id='word_1_228' title='bbox 851 2880 919 2945; x_wconf 91' lang='lat' dir='ltr'><strong>ei,</strong></span> <span class='ocrx_word' id='word_1_229' title='bbox 950 2878 1040 2948; x_wconf 90' lang='lat' dir='ltr'><strong>qui</strong></span> <span class='ocrx_word' id='word_1_230' title='bbox 1073 2891 1177 2931; x_wconf 92' lang='lat' dir='ltr'><strong>non</strong></span> <span class='ocrx_word' id='word_1_231' title='bbox 1207 2874 1386 2939; x_wconf 90' lang='lat' dir='ltr'><strong>dedit,</strong></span> <span class='ocrx_word' id='word_1_232' title='bbox 1418 2882 1615 2942; x_wconf 91' lang='lat' dir='ltr'><strong>quanto</strong></span> <span class='ocrx_word' id='word_1_233' title='bbox 1642 2868 1812 2939; x_wconf 84' lang='lat' dir='ltr'><strong>magis</strong></span> <span class='ocrx_word' id='word_1_234' title='bbox 1839 2866 1987 2921; x_wconf 87' lang='lat' dir='ltr'><strong>dabit</strong></span> <span class='ocrx_word' id='word_1_235' title='bbox 2010 2883 2131 2922; x_wconf 91' lang='lat' dir='ltr'><strong>cum</strong></span> 
     </span>
    </p>
   </div>
   <div class='ocr_carea' id='block_1_29' title="bbox 563 2960 2134 3043">
    <p class='ocr_par' dir='ltr' id='par_1_29' title="bbox 563 2960 2134 3043">
     <span class='ocr_line' id='line_1_29' title="bbox 563 2960 2134 3043; baseline -0.01 -13"><span class='ocrx_word' id='word_1_236' title='bbox 563 2972 861 3043; x_wconf 87' lang='lat' dir='ltr'><strong>acceperit?</strong></span> <span class='ocrx_word' id='word_1_237' title='bbox 899 2970 1093 3026; x_wconf 80' lang='lat' dir='ltr'><strong>Verum</strong></span> <span class='ocrx_word' id='word_1_238' title='bbox 1122 2982 1303 3023; x_wconf 88' lang='lat' dir='ltr'><strong>carum</strong></span> <span class='ocrx_word' id='word_1_239' title='bbox 1336 2974 1386 3021; x_wconf 91' lang='lat' dir='ltr'><strong>te</strong></span> <span class='ocrx_word' id='word_1_240' title='bbox 1414 2974 1661 3033; x_wconf 89' lang='lat' dir='ltr'><strong>aspectus</strong></span> <span class='ocrx_word' id='word_1_241' title='bbox 1690 2961 1956 3017; x_wconf 86' lang='lat' dir='ltr'><strong>delectat?</strong></span> <span class='ocrx_word' id='word_1_242' title='bbox 1993 2960 2134 3030; x_wconf 85' lang='lat' dir='ltr'><strong>Ergo</strong></span> 
     </span>
    </p>
   </div>
   <div class='ocr_carea' id='block_1_30' title="bbox 564 3052 2129 3132">
    <p class='ocr_par' dir='ltr' id='par_1_30' title="bbox 564 3052 2129 3132">
     <span class='ocr_line' id='line_1_30' title="bbox 564 3052 2129 3132; baseline -0.01 -11"><span class='ocrx_word' id='word_1_243' title='bbox 564 3063 735 3121; x_wconf 87' lang='lat' dir='ltr'><strong>multo</strong></span> <span class='ocrx_word' id='word_1_244' title='bbox 782 3061 949 3132; x_wconf 86' lang='lat' dir='ltr'><strong>magis</strong></span> <span class='ocrx_word' id='word_1_245' title='bbox 994 3058 1113 3115; x_wconf 89' lang='lat' dir='ltr'><strong>ideo</strong></span> <span class='ocrx_word' id='word_1_246' title='bbox 1156 3058 1368 3127; x_wconf 84' lang='lat' dir='ltr'><strong>largire,</strong></span> <span class='ocrx_word' id='word_1_247' title='bbox 1402 3066 1457 3109; x_wconf 90' lang='lat' dir='ltr'><strong>ut</strong></span> <span class='ocrx_word' id='word_1_248' title='bbox 1484 3055 1595 3110; x_wconf 85' lang='lat' dir='ltr'><strong>illic</strong></span> <span class='ocrx_word' id='word_1_249' title='bbox 1619 3054 1787 3123; x_wconf 87' lang='lat' dir='ltr'><strong>magis</strong></span> <span class='ocrx_word' id='word_1_250' title='bbox 1812 3052 2129 3115; x_wconf 84' lang='lat' dir='ltr'><strong>delecteris,</strong></span> 
     </span>
    </p>
   </div>
   <div class='ocr_carea' id='block_1_31' title="bbox 563 3142 2135 3217">
    <p class='ocr_par' dir='ltr' id='par_1_31' title="bbox 563 3142 2135 3217">
     <span class='ocr_line' id='line_1_31' title="bbox 563 3142 2135 3217; baseline -0.009 -6"><span class='ocrx_word' id='word_1_251' title='bbox 563 3172 687 3212; x_wconf 89' lang='lat' dir='ltr'><strong>cum</strong></span> <span class='ocrx_word' id='word_1_252' title='bbox 715 3169 871 3211; x_wconf 88' lang='lat' dir='ltr'><strong>nemo</strong></span> <span class='ocrx_word' id='word_1_253' title='bbox 896 3152 1011 3208; x_wconf 88' lang='lat' dir='ltr'><strong>illas</strong></span> <span class='ocrx_word' id='word_1_254' title='bbox 1044 3149 1254 3206; x_wconf 87' lang='lat' dir='ltr'><strong>auferre</strong></span> <span class='ocrx_word' id='word_1_255' title='bbox 1284 3146 1509 3217; x_wconf 87' lang='lat' dir='ltr'><strong>poterit;</strong></span> <span class='ocrx_word' id='word_1_256' title='bbox 1536 3160 1655 3199; x_wconf 89' lang='lat' dir='ltr'><strong>cum</strong></span> <span class='ocrx_word' id='word_1_257' title='bbox 1681 3152 1889 3208; x_wconf 87' lang='lat' dir='ltr'><strong>contra,</strong></span> <span class='ocrx_word' id='word_1_258' title='bbox 1918 3142 1963 3196; x_wconf 91' lang='lat' dir='ltr'><strong>si</strong></span> <span class='ocrx_word' id='word_1_259' title='bbox 1997 3155 2135 3197; x_wconf 87' lang='lat' dir='ltr'><strong>nunc</strong></span> 
     </span>
    </p>
   </div>
   <div class='ocr_carea' id='block_1_32' title="bbox 564 3232 2135 3315">
    <p class='ocr_par' dir='ltr' id='par_1_32' title="bbox 564 3232 2135 3315">
     <span class='ocr_line' id='line_1_32' title="bbox 564 3232 2135 3315; baseline -0.011 -10"><span class='ocrx_word' id='word_1_260' title='bbox 564 3251 833 3315; x_wconf 86' lang='lat' dir='ltr'><strong>retineas,</strong></span> <span class='ocrx_word' id='word_1_261' title='bbox 865 3246 1140 3300; x_wconf 87' lang='lat' dir='ltr'><strong>innumera</strong></span> <span class='ocrx_word' id='word_1_262' title='bbox 1191 3254 1442 3311; x_wconf 82' lang='lat' dir='ltr'><strong>passurus</strong></span> <span class='ocrx_word' id='word_1_263' title='bbox 1479 3237 1556 3293; x_wconf 84' lang='lat' dir='ltr'><strong>sis</strong></span> <span class='ocrx_word' id='word_1_264' title='bbox 1599 3236 1758 3299; x_wconf 77' lang='lat' dir='ltr'><strong>mala.</strong></span> <span class='ocrx_word' id='word_1_265' title='bbox 1811 3234 1947 3289; x_wconf 83' lang='lat' dir='ltr'><strong>Nam</strong></span> <span class='ocrx_word' id='word_1_266' title='bbox 1988 3232 2135 3290; x_wconf 89' lang='lat' dir='ltr'><strong>velut</strong></span> 
     </span>
    </p>
   </div>
   <div class='ocr_carea' id='block_1_33' title="bbox 560 3327 2130 3398">
    <p class='ocr_par' dir='ltr' id='par_1_33' title="bbox 560 3327 2130 3398">
     <span class='ocr_line' id='line_1_33' title="bbox 560 3327 2130 3398; baseline -0.011 0"><span class='ocrx_word' id='word_1_267' title='bbox 560 3342 709 3398; x_wconf 81' lang='lat' dir='ltr'><strong>cauis</strong></span> <span class='ocrx_word' id='word_1_268' title='bbox 748 3338 990 3395; x_wconf 80' lang='lat' dir='ltr'><strong>diabolus</strong></span> <span class='ocrx_word' id='word_1_269' title='bbox 1016 3336 1068 3390; x_wconf 90' lang='lat' dir='ltr'><strong>in</strong></span> <span class='ocrx_word' id='word_1_270' title='bbox 1097 3332 1287 3388; x_wconf 83' lang='lat' dir='ltr'><strong>divites</strong></span> <span class='ocrx_word' id='word_1_271' title='bbox 1312 3330 1501 3395; x_wconf 81' lang='lat' dir='ltr'><strong>insilit,</strong></span> <span class='ocrx_word' id='word_1_272' title='bbox 1529 3343 1594 3384; x_wconf 89' lang='lat' dir='ltr'><strong>ac</strong></span> <span class='ocrx_word' id='word_1_273' title='bbox 1623 3329 1669 3384; x_wconf 91' lang='lat' dir='ltr'><strong>si</strong></span> <span class='ocrx_word' id='word_1_274' title='bbox 1693 3327 1871 3383; x_wconf 88' lang='lat' dir='ltr'><strong>cibum</strong></span> <span class='ocrx_word' id='word_1_275' title='bbox 1896 3334 1990 3382; x_wconf 83' lang='lat' dir='ltr'><strong>aut</strong></span> <span class='ocrx_word' id='word_1_276' title='bbox 2015 3327 2130 3397; x_wconf 84' lang='lat' dir='ltr'><strong>pla-</strong></span> 
     </span>
    </p>
   </div>
   <div class='ocr_carea' id='block_1_34' title="bbox 560 3417 2133 3493">
    <p class='ocr_par' dir='ltr' id='par_1_34' title="bbox 560 3417 2133 3493">
     <span class='ocr_line' id='line_1_34' title="bbox 560 3417 2133 3493; baseline -0.011 -5"><span class='ocrx_word' id='word_1_277' title='bbox 560 3440 768 3488; x_wconf 87' lang='lat' dir='ltr'><strong>centam</strong></span> <span class='ocrx_word' id='word_1_278' title='bbox 794 3428 920 3484; x_wconf 81' lang='lat' dir='ltr'><strong>velit</strong></span> <span class='ocrx_word' id='word_1_279' title='bbox 946 3426 1016 3482; x_wconf 90' lang='lat' dir='ltr'><strong>de</strong></span> <span class='ocrx_word' id='word_1_280' title='bbox 1044 3440 1203 3479; x_wconf 89' lang='lat' dir='ltr'><strong>manu</strong></span> <span class='ocrx_word' id='word_1_281' title='bbox 1232 3421 1393 3493; x_wconf 89' lang='lat' dir='ltr'><strong>puelli</strong></span> <span class='ocrx_word' id='word_1_282' title='bbox 1422 3418 1691 3489; x_wconf 86' lang='lat' dir='ltr'><strong>abripere.</strong></span> <span class='ocrx_word' id='word_1_283' title='bbox 1736 3417 1931 3472; x_wconf 85' lang='lat' dir='ltr'><strong>Demus</strong></span> <span class='ocrx_word' id='word_1_284' title='bbox 1957 3417 2133 3484; x_wconf 84' lang='lat' dir='ltr'><strong>itaque</strong></span> 
     </span>
    </p>
   </div>
   <div class='ocr_carea' id='block_1_35' title="bbox 564 3508 2132 3594">
    <p class='ocr_par' dir='ltr' id='par_1_35' title="bbox 564 3508 2132 3594">
     <span class='ocr_line' id='line_1_35' title="bbox 564 3508 2132 3594; baseline -0.01 -14"><span class='ocrx_word' id='word_1_285' title='bbox 564 3525 651 3580; x_wconf 88' lang='lat' dir='ltr'><strong>illa</strong></span> <span class='ocrx_word' id='word_1_286' title='bbox 678 3522 833 3594; x_wconf 88' lang='lat' dir='ltr'><strong>patri.</strong></span> <span class='ocrx_word' id='word_1_287' title='bbox 856 3518 1007 3588; x_wconf 90' lang='lat' dir='ltr'><strong>Quod</strong></span> <span class='ocrx_word' id='word_1_288' title='bbox 1029 3517 1073 3573; x_wconf 87' lang='lat' dir='ltr'><strong>si</strong></span> <span class='ocrx_word' id='word_1_289' title='bbox 1098 3516 1151 3572; x_wconf 91' lang='lat' dir='ltr'><strong>id</strong></span> <span class='ocrx_word' id='word_1_290' title='bbox 1174 3514 1365 3571; x_wconf 86' lang='lat' dir='ltr'><strong>viderit</strong></span> <span class='ocrx_word' id='word_1_291' title='bbox 1389 3512 1649 3575; x_wconf 79' lang='lat' dir='ltr'><strong>diabolus,</strong></span> <span class='ocrx_word' id='word_1_292' title='bbox 1667 3510 1845 3566; x_wconf 81' lang='lat' dir='ltr'><strong>statim</strong></span> <span class='ocrx_word' id='word_1_293' title='bbox 1867 3508 2132 3580; x_wconf 87' lang='lat' dir='ltr'><strong>aufugiet:</strong></span> 
     </span>
    </p>
   </div>
   <div class='ocr_carea' id='block_1_36' title="bbox 560 3600 2132 3675">
    <p class='ocr_par' dir='ltr' id='par_1_36' title="bbox 560 3600 2132 3675">
     <span class='ocr_line' id='line_1_36' title="bbox 560 3600 2132 3675; baseline -0.009 -7"><span class='ocrx_word' id='word_1_294' title='bbox 560 3614 652 3668; x_wconf 86' lang='lat' dir='ltr'><strong>illo</strong></span> <span class='ocrx_word' id='word_1_295' title='bbox 679 3621 853 3667; x_wconf 87' lang='lat' dir='ltr'><strong>autem</strong></span> <span class='ocrx_word' id='word_1_296' title='bbox 880 3606 1165 3665; x_wconf 83' lang='lat' dir='ltr'><strong>recedente</strong></span> <span class='ocrx_word' id='word_1_297' title='bbox 1186 3644 1203 3675; x_wconf 92' lang='lat'><strong>,</strong></span> <span class='ocrx_word' id='word_1_298' title='bbox 1233 3613 1362 3660; x_wconf 89' lang='lat' dir='ltr'><strong>tunc</strong></span> <span class='ocrx_word' id='word_1_299' title='bbox 1390 3603 1482 3658; x_wconf 89' lang='lat' dir='ltr'><strong>tibi</strong></span> <span class='ocrx_word' id='word_1_300' title='bbox 1513 3611 1664 3673; x_wconf 89' lang='lat' dir='ltr'><strong>pater</strong></span> <span class='ocrx_word' id='word_1_301' title='bbox 1692 3600 1784 3657; x_wconf 91' lang='lat' dir='ltr'><strong>illa</strong></span> <span class='ocrx_word' id='word_1_302' title='bbox 1810 3600 1988 3655; x_wconf 84' lang='lat' dir='ltr'><strong>omnia</strong></span> <span class='ocrx_word' id='word_1_303' title='bbox 2017 3608 2132 3655; x_wconf 90' lang='lat' dir='ltr'><strong>tuto</strong></span> 
     </span>
    </p>
   </div>
   <div class='ocr_carea' id='block_1_37' title="bbox 557 3690 2131 3769">
    <p class='ocr_par' dir='ltr' id='par_1_37' title="bbox 557 3690 2131 3769">
     <span class='ocr_line' id='line_1_37' title="bbox 557 3690 2131 3769; baseline -0.009 -10"><span class='ocrx_word' id='word_1_304' title='bbox 557 3703 725 3769; x_wconf 86' lang='lat' dir='ltr'><strong>dabit,</strong></span> <span class='ocrx_word' id='word_1_305' title='bbox 747 3715 868 3758; x_wconf 89' lang='lat' dir='ltr'><strong>cum</strong></span> <span class='ocrx_word' id='word_1_306' title='bbox 891 3714 997 3756; x_wconf 87' lang='lat' dir='ltr'><strong>non</strong></span> <span class='ocrx_word' id='word_1_307' title='bbox 1026 3697 1216 3769; x_wconf 84' lang='lat' dir='ltr'><strong>poterit</strong></span> <span class='ocrx_word' id='word_1_308' title='bbox 1254 3695 1343 3751; x_wconf 91' lang='lat' dir='ltr'><strong>ille</strong></span> <span class='ocrx_word' id='word_1_309' title='bbox 1377 3693 1561 3749; x_wconf 87' lang='lat' dir='ltr'><strong>turbas</strong></span> <span class='ocrx_word' id='word_1_310' title='bbox 1585 3692 1716 3750; x_wconf 89' lang='lat' dir='ltr'><strong>dare</strong></span> <span class='ocrx_word' id='word_1_311' title='bbox 1739 3692 1793 3748; x_wconf 88' lang='lat' dir='ltr'><strong>in</strong></span> <span class='ocrx_word' id='word_1_312' title='bbox 1822 3690 2000 3746; x_wconf 92' lang='lat' dir='ltr'><strong>futuro</strong></span> <span class='ocrx_word' id='word_1_313' title='bbox 2029 3705 2131 3747; x_wconf 75' lang='lat' dir='ltr'><strong>s:e-</strong></span> 
     </span>
    </p>
   </div>
   <div class='ocr_carea' id='block_1_38' title="bbox 557 3783 2127 3857">
    <p class='ocr_par' dir='ltr' id='par_1_38' title="bbox 557 3783 2127 3857">
     <span class='ocr_line' id='line_1_38' title="bbox 557 3783 2127 3857; baseline -0.009 -7"><span class='ocrx_word' id='word_1_314' title='bbox 557 3793 698 3850; x_wconf 83' lang='lat' dir='ltr'><strong>culo.</strong></span> <span class='ocrx_word' id='word_1_315' title='bbox 716 3791 869 3847; x_wconf 84' lang='lat' dir='ltr'><strong>Nunc</strong></span> <span class='ocrx_word' id='word_1_316' title='bbox 890 3804 1018 3844; x_wconf 85' lang='lat' dir='ltr'><strong>vero</strong></span> <span class='ocrx_word' id='word_1_317' title='bbox 1044 3803 1073 3842; x_wconf 94' lang='lat' dir='ltr'><strong>a</strong></span> <span class='ocrx_word' id='word_1_318' title='bbox 1098 3786 1345 3857; x_wconf 89' lang='lat' dir='ltr'><strong>puerulis,</strong></span> <span class='ocrx_word' id='word_1_319' title='bbox 1370 3784 1561 3854; x_wconf 88' lang='lat' dir='ltr'><strong>quibus</strong></span> <span class='ocrx_word' id='word_1_320' title='bbox 1578 3783 1754 3839; x_wconf 90' lang='lat' dir='ltr'><strong>catelli</strong></span> <span class='ocrx_word' id='word_1_321' title='bbox 1783 3783 1959 3838; x_wconf 89' lang='lat' dir='ltr'><strong>infesti</strong></span> <span class='ocrx_word' id='word_1_322' title='bbox 1979 3791 2127 3850; x_wconf 89' lang='lat' dir='ltr'><strong>sunt,</strong></span> 
     </span>
    </p>
   </div>
   <div class='ocr_carea' id='block_1_39' title="bbox 560 3870 2127 3943">
    <p class='ocr_par' dir='ltr' id='par_1_39' title="bbox 560 3870 2127 3943">
     <span class='ocr_line' id='line_1_39' title="bbox 560 3870 2127 3943; baseline -0.005 -5"><span class='ocrx_word' id='word_1_323' title='bbox 560 3882 693 3938; x_wconf 83' lang='lat' dir='ltr'><strong>nihil</strong></span> <span class='ocrx_word' id='word_1_324' title='bbox 718 3870 969 3937; x_wconf 75' lang='lat' dir='ltr'><strong>dilierunt</strong></span> <span class='ocrx_word' id='word_1_325' title='bbox 986 3878 1198 3941; x_wconf 88' lang='lat' dir='ltr'><strong>divites,</strong></span> <span class='ocrx_word' id='word_1_326' title='bbox 1219 3875 1464 3931; x_wconf 90' lang='lat' dir='ltr'><strong>omnibus</strong></span> <span class='ocrx_word' id='word_1_327' title='bbox 1483 3876 1623 3931; x_wconf 85' lang='lat' dir='ltr'><strong>circa</strong></span> <span class='ocrx_word' id='word_1_328' title='bbox 1646 3875 1764 3929; x_wconf 88' lang='lat' dir='ltr'><strong>illos</strong></span> <span class='ocrx_word' id='word_1_329' title='bbox 1788 3875 2127 3943; x_wconf 83' lang='lat' dir='ltr'><strong>latrantibus,</strong></span> 
     </span>
    </p>
   </div>
   <div class='ocr_carea' id='block_1_40' title="bbox 556 3962 2126 4041">
    <p class='ocr_par' dir='ltr' id='par_1_40' title="bbox 556 3962 2126 4041">
     <span class='ocr_line' id='line_1_40' title="bbox 556 3962 2126 4041; baseline -0.006 -13"><span class='ocrx_word' id='word_1_330' title='bbox 556 3970 997 4041; x_wconf 85' lang='lat' dir='ltr'><strong>discerpentibus,</strong></span> <span class='ocrx_word' id='word_1_331' title='bbox 1038 3966 1384 4031; x_wconf 83' lang='lat' dir='ltr'><strong>trahentibus,</strong></span> <span class='ocrx_word' id='word_1_332' title='bbox 1414 3979 1519 4019; x_wconf 92' lang='lat' dir='ltr'><strong>non</strong></span> <span class='ocrx_word' id='word_1_333' title='bbox 1564 3962 1864 4019; x_wconf 85' lang='lat' dir='ltr'><strong>hominibus</strong></span> <span class='ocrx_word' id='word_1_334' title='bbox 1901 3972 2126 4032; x_wconf 87' lang='lat' dir='ltr'><strong>tantum,</strong></span> 
     </span>
    </p>
   </div>
   <div class='ocr_carea' id='block_1_41' title="bbox 558 4053 2130 4125">
    <p class='ocr_par' dir='ltr' id='par_1_41' title="bbox 558 4053 2130 4125">
     <span class='ocr_line' id='line_1_41' title="bbox 558 4053 2130 4125; baseline -0.006 -8"><span class='ocrx_word' id='word_1_335' title='bbox 558 4062 652 4117; x_wconf 89' lang='lat' dir='ltr'><strong>sed</strong></span> <span class='ocrx_word' id='word_1_336' title='bbox 672 4061 832 4116; x_wconf 88' lang='lat' dir='ltr'><strong>etiam</strong></span> <span class='ocrx_word' id='word_1_337' title='bbox 853 4058 1152 4122; x_wconf 75' lang='lat' dir='ltr'><strong>aiiectibus,</strong></span> <span class='ocrx_word' id='word_1_338' title='bbox 1169 4054 1313 4125; x_wconf 91' lang='lat' dir='ltr'><strong>gula,</strong></span> <span class='ocrx_word' id='word_1_339' title='bbox 1330 4055 1609 4120; x_wconf 86' lang='lat' dir='ltr'><strong>ebrietate,</strong></span> <span class='ocrx_word' id='word_1_340' title='bbox 1622 4053 1949 4119; x_wconf 87' lang='lat' dir='ltr'><strong>adulatione,</strong></span> <span class='ocrx_word' id='word_1_341' title='bbox 1972 4055 2130 4111; x_wconf 89' lang='lat' dir='ltr'><strong>lasci-</strong></span> 
     </span>
    </p>
   </div>
   <div class='ocr_carea' id='block_1_42' title="bbox 561 4144 2130 4218">
    <p class='ocr_par' dir='ltr' id='par_1_42' title="bbox 561 4144 2130 4218">
     <span class='ocr_line' id='line_1_42' title="bbox 561 4144 2130 4218; baseline -0.003 -13"><span class='ocrx_word' id='word_1_342' title='bbox 561 4154 644 4207; x_wconf 90' lang='lat' dir='ltr'><strong>via</strong></span> <span class='ocrx_word' id='word_1_343' title='bbox 669 4151 833 4205; x_wconf 90' lang='lat' dir='ltr'><strong>omni.</strong></span> <span class='ocrx_word' id='word_1_344' title='bbox 864 4148 978 4204; x_wconf 78' lang='lat' dir='ltr'><strong>iam</strong></span> <span class='ocrx_word' id='word_1_345' title='bbox 1006 4147 1050 4204; x_wconf 92' lang='lat' dir='ltr'><strong>si</strong></span> <span class='ocrx_word' id='word_1_346' title='bbox 1075 4147 1202 4218; x_wconf 89' lang='lat' dir='ltr'><strong>quid</strong></span> <span class='ocrx_word' id='word_1_347' title='bbox 1218 4156 1401 4201; x_wconf 89' lang='lat' dir='ltr'><strong>mutuo</strong></span> <span class='ocrx_word' id='word_1_348' title='bbox 1420 4144 1550 4200; x_wconf 85' lang='lat' dir='ltr'><strong>dare</strong></span> <span class='ocrx_word' id='word_1_349' title='bbox 1577 4144 1820 4210; x_wconf 77' lang='lat' dir='ltr'><strong>velimus,</strong></span> <span class='ocrx_word' id='word_1_350' title='bbox 1843 4144 2130 4215; x_wconf 74' lang='lat' dir='ltr'><strong>diligenter</strong></span> 
     </span>
    </p>
   </div>
   <div class='ocr_carea' id='block_1_43' title="bbox 558 4236 2127 4311">
    <p class='ocr_par' dir='ltr' id='par_1_43' title="bbox 558 4236 2127 4311">
     <span class='ocr_line' id='line_1_43' title="bbox 558 4236 2127 4311; baseline -0.004 -14"><span class='ocrx_word' id='word_1_351' title='bbox 558 4244 893 4311; x_wconf 69' lang='lat' dir='ltr'><strong>exploremus</strong></span> <span class='ocrx_word' id='word_1_352' title='bbox 911 4254 1024 4301; x_wconf 86' lang='lat' dir='ltr'><strong>eos.</strong></span> <span class='ocrx_word' id='word_1_353' title='bbox 1042 4239 1130 4307; x_wconf 90' lang='lat' dir='ltr'><strong>qui</strong></span> <span class='ocrx_word' id='word_1_354' title='bbox 1158 4238 1379 4292; x_wconf 92' lang='lat' dir='ltr'><strong>multum</strong></span> <span class='ocrx_word' id='word_1_355' title='bbox 1399 4236 1528 4290; x_wconf 89' lang='lat' dir='ltr'><strong>dare</strong></span> <span class='ocrx_word' id='word_1_356' title='bbox 1547 4237 1713 4306; x_wconf 82' lang='lat' dir='ltr'><strong>parati</strong></span> <span class='ocrx_word' id='word_1_357' title='bbox 1735 4245 1789 4291; x_wconf 92' lang='lat' dir='ltr'><strong>et</strong></span> <span class='ocrx_word' id='word_1_358' title='bbox 1808 4237 1941 4307; x_wconf 88' lang='lat' dir='ltr'><strong>grati</strong></span> <span class='ocrx_word' id='word_1_359' title='bbox 1964 4236 2127 4292; x_wconf 87' lang='lat' dir='ltr'><strong>animi</strong></span> 
     </span>
    </p>
   </div>
   <div class='ocr_carea' id='block_1_44' title="bbox 558 4326 2128 4399">
    <p class='ocr_par' dir='ltr' id='par_1_44' title="bbox 558 4326 2128 4399">
     <span class='ocr_line' id='line_1_44' title="bbox 558 4326 2128 4399; baseline -0.003 -13"><span class='ocrx_word' id='word_1_360' title='bbox 558 4333 683 4386; x_wconf 87' lang='lat' dir='ltr'><strong>sint.</strong></span> <span class='ocrx_word' id='word_1_361' title='bbox 736 4330 829 4384; x_wconf 91' lang='lat' dir='ltr'><strong>llic</strong></span> <span class='ocrx_word' id='word_1_362' title='bbox 868 4343 997 4383; x_wconf 87' lang='lat' dir='ltr'><strong>vero</strong></span> <span class='ocrx_word' id='word_1_363' title='bbox 1036 4341 1190 4382; x_wconf 87' lang='lat' dir='ltr'><strong>secus</strong></span> <span class='ocrx_word' id='word_1_364' title='bbox 1231 4326 1489 4381; x_wconf 87' lang='lat' dir='ltr'><strong>facimus:</strong></span> <span class='ocrx_word' id='word_1_365' title='bbox 1521 4328 1631 4383; x_wconf 91' lang='lat' dir='ltr'><strong>Deo</strong></span> <span class='ocrx_word' id='word_1_366' title='bbox 1666 4343 1895 4399; x_wconf 87' lang='lat' dir='ltr'><strong>namque</strong></span> <span class='ocrx_word' id='word_1_367' title='bbox 1940 4328 2128 4383; x_wconf 89' lang='lat' dir='ltr'><strong>relicto</strong></span> 
     </span>
    </p>
   </div>
   <div class='ocr_carea' id='block_1_45' title="bbox 558 4417 2126 4489">
    <p class='ocr_par' dir='ltr' id='par_1_45' title="bbox 558 4417 2126 4489">
     <span class='ocr_line' id='line_1_45' title="bbox 558 4417 2126 4489; baseline -0.001 -13"><span class='ocrx_word' id='word_1_368' title='bbox 558 4418 949 4483; x_wconf 87' lang='lat' dir='ltr'><strong>liberalissimo,</strong></span> <span class='ocrx_word' id='word_1_369' title='bbox 972 4417 1060 4488; x_wconf 89' lang='lat' dir='ltr'><strong>qui</strong></span> <span class='ocrx_word' id='word_1_370' title='bbox 1083 4432 1187 4483; x_wconf 90' lang='lat' dir='ltr'><strong>non</strong></span> <span class='ocrx_word' id='word_1_371' title='bbox 1210 4417 1559 4472; x_wconf 87' lang='lat' dir='ltr'><strong>centesimam</strong></span> <span class='ocrx_word' id='word_1_372' title='bbox 1579 4418 1677 4487; x_wconf 80' lang='grc' dir='ltr'><strong>(α),</strong></span> <span class='ocrx_word' id='word_1_373' title='bbox 1701 4419 1794 4474; x_wconf 90' lang='lat' dir='ltr'><strong>sed</strong></span> <span class='ocrx_word' id='word_1_374' title='bbox 1818 4420 2126 4489; x_wconf 89' lang='lat' dir='ltr'><strong>centuplum</strong></span> 
     </span>
    </p>
   </div>
   <div class='ocr_carea' id='block_1_46' title="bbox 555 4508 2068 4581">
    <p class='ocr_par' dir='ltr' id='par_1_46' title="bbox 555 4508 2068 4581">
     <span class='ocr_line' id='line_1_46' title="bbox 555 4508 2068 4581; baseline -0.004 -10"><span class='ocrx_word' id='word_1_375' title='bbox 555 4514 664 4576; x_wconf 84' lang='lat' dir='ltr'><strong>dat.</strong></span> <span class='ocrx_word' id='word_1_376' title='bbox 686 4527 781 4569; x_wconf 88' lang='lat' dir='ltr'><strong>eos</strong></span> <span class='ocrx_word' id='word_1_377' title='bbox 803 4510 1138 4581; x_wconf 87' lang='lat' dir='ltr'><strong>requirimus,</strong></span> <span class='ocrx_word' id='word_1_378' title='bbox 1159 4508 1250 4579; x_wconf 91' lang='lat' dir='ltr'><strong>qui</strong></span> <span class='ocrx_word' id='word_1_379' title='bbox 1276 4525 1342 4563; x_wconf 92' lang='lat' dir='ltr'><strong>ne</strong></span> <span class='ocrx_word' id='word_1_380' title='bbox 1367 4524 1567 4563; x_wconf 88' lang='lat' dir='ltr'><strong>sortem</strong></span> <span class='ocrx_word' id='word_1_381' title='bbox 1587 4510 1796 4578; x_wconf 87' lang='lat' dir='ltr'><strong>quidem</strong></span> <span class='ocrx_word' id='word_1_382' title='bbox 1826 4511 2068 4567; x_wconf 89' lang='lat' dir='ltr'><strong>reddant.</strong></span> 
     </span>
    </p>
   </div>
   <div class='ocr_carea' id='block_1_47' title="bbox 624 4599 2125 4673">
    <p class='ocr_par' dir='ltr' id='par_1_47' title="bbox 624 4599 2125 4673">
     <span class='ocr_line' id='line_1_47' title="bbox 624 4599 2125 4673; baseline -0.001 -12"><span class='ocrx_word' id='word_1_383' title='bbox 624 4607 678 4661; x_wconf 85' lang='lat'><strong>8.</strong></span> <span class='ocrx_word' id='word_1_384' title='bbox 710 4604 845 4673; x_wconf 91' lang='lat' dir='ltr'><strong>Quid</strong></span> <span class='ocrx_word' id='word_1_385' title='bbox 888 4602 1029 4657; x_wconf 88' lang='lat' dir='ltr'><strong>enim</strong></span> <span class='ocrx_word' id='word_1_386' title='bbox 1070 4600 1221 4656; x_wconf 91' lang='lat' dir='ltr'><strong>nobis</strong></span> <span class='ocrx_word' id='word_1_387' title='bbox 1269 4599 1457 4656; x_wconf 86' lang='lat' dir='ltr'><strong>reddet</strong></span> <span class='ocrx_word' id='word_1_388' title='bbox 1488 4610 1690 4665; x_wconf 84' lang='lat' dir='ltr'><strong>venter,</strong></span> <span class='ocrx_word' id='word_1_389' title='bbox 1715 4602 1804 4673; x_wconf 89' lang='lat' dir='ltr'><strong>qui</strong></span> <span class='ocrx_word' id='word_1_390' title='bbox 1845 4604 2125 4660; x_wconf 87' lang='lat' dir='ltr'><strong>maximam</strong></span> 
     </span>
    </p>
   </div>
   <div class='ocr_carea' id='block_1_48' title="bbox 553 4688 2124 4761">
    <p class='ocr_par' dir='ltr' id='par_1_48' title="bbox 553 4688 2124 4761">
     <span class='ocr_line' id='line_1_48' title="bbox 553 4688 2124 4761; baseline -0.001 -12"><span class='ocrx_word' id='word_1_391' title='bbox 553 4694 785 4749; x_wconf 80' lang='lat' dir='ltr'><strong>absumit</strong></span> <span class='ocrx_word' id='word_1_392' title='bbox 809 4692 1045 4761; x_wconf 85' lang='lat' dir='ltr'><strong>partem?</strong></span> <span class='ocrx_word' id='word_1_393' title='bbox 1066 4688 1284 4745; x_wconf 86' lang='lat' dir='ltr'><strong>Stercus</strong></span> <span class='ocrx_word' id='word_1_394' title='bbox 1304 4705 1367 4745; x_wconf 88' lang='lat' dir='ltr'><strong>ac</strong></span> <span class='ocrx_word' id='word_1_395' title='bbox 1390 4691 1807 4760; x_wconf 86' lang='lat' dir='ltr'><strong>corruptionem.</strong></span> <span class='ocrx_word' id='word_1_396' title='bbox 1831 4691 1968 4759; x_wconf 92' lang='lat' dir='ltr'><strong>Quid</strong></span> <span class='ocrx_word' id='word_1_397' title='bbox 1994 4708 2124 4747; x_wconf 88' lang='lat' dir='ltr'><strong>vana</strong></span> 
     </span>
    </p>
   </div>
   <div class='ocr_carea' id='block_1_49' title="bbox 552 4780 2125 4855">
    <p class='ocr_par' dir='ltr' id='par_1_49' title="bbox 552 4780 2125 4855">
     <span class='ocr_line' id='line_1_49' title="bbox 552 4780 2125 4855; baseline -0.001 -18"><span class='ocrx_word' id='word_1_398' title='bbox 552 4784 755 4855; x_wconf 77' lang='lat' dir='ltr'><strong>gloria?</strong></span> <span class='ocrx_word' id='word_1_399' title='bbox 782 4782 1029 4837; x_wconf 85' lang='lat' dir='ltr'><strong>Invidiam</strong></span> <span class='ocrx_word' id='word_1_400' title='bbox 1054 4791 1106 4836; x_wconf 90' lang='lat' dir='ltr'><strong>et</strong></span> <span class='ocrx_word' id='word_1_401' title='bbox 1129 4782 1367 4835; x_wconf 85' lang='lat' dir='ltr'><strong>livorem.</strong></span> <span class='ocrx_word' id='word_1_402' title='bbox 1396 4780 1532 4846; x_wconf 81' lang='lat' dir='ltr'><strong>Quid</strong></span> <span class='ocrx_word' id='word_1_403' title='bbox 1551 4781 1911 4849; x_wconf 77' lang='lat' dir='ltr'><strong>parcimouia?</strong></span> <span class='ocrx_word' id='word_1_404' title='bbox 1935 4782 2125 4837; x_wconf 87' lang='lat' dir='ltr'><strong>Curam</strong></span> 
     </span>
    </p>
   </div>
   <div class='ocr_carea' id='block_1_50' title="bbox 554 4870 2125 4936">
    <p class='ocr_par' dir='ltr' id='par_1_50' title="bbox 554 4870 2125 4936">
     <span class='ocr_line' id='line_1_50' title="bbox 554 4870 2125 4936; baseline 0.002 -9"><span class='ocrx_word' id='word_1_405' title='bbox 554 4884 608 4930; x_wconf 86' lang='lat' dir='ltr'><strong>et</strong></span> <span class='ocrx_word' id='word_1_406' title='bbox 627 4872 1054 4927; x_wconf 89' lang='lat' dir='ltr'><strong>sollicitudinem.</strong></span> <span class='ocrx_word' id='word_1_407' title='bbox 1075 4870 1211 4936; x_wconf 87' lang='lat' dir='ltr'><strong>Quid</strong></span> <span class='ocrx_word' id='word_1_408' title='bbox 1231 4872 1477 4926; x_wconf 86' lang='lat' dir='ltr'><strong>lascivia?</strong></span> <span class='ocrx_word' id='word_1_409' title='bbox 1495 4871 1802 4927; x_wconf 86' lang='lat' dir='ltr'><strong>Geltennam</strong></span> <span class='ocrx_word' id='word_1_410' title='bbox 1822 4884 1873 4928; x_wconf 89' lang='lat' dir='ltr'><strong>et</strong></span> <span class='ocrx_word' id='word_1_411' title='bbox 1893 4890 2125 4930; x_wconf 81' lang='lat' dir='ltr'><strong>vcrmem</strong></span> 
     </span>
    </p>
   </div>
   <div class='ocr_carea' id='block_1_51' title="bbox 558 4961 2128 5038">
    <p class='ocr_par' dir='ltr' id='par_1_51' title="bbox 558 4961 2128 5038">
     <span class='ocr_line' id='line_1_51' title="bbox 558 4961 2128 5038; baseline 0.002 -19"><span class='ocrx_word' id='word_1_412' title='bbox 558 4974 891 5019; x_wconf 77' lang='lat' dir='ltr'><strong>venenatum.</strong></span> <span class='ocrx_word' id='word_1_413' title='bbox 942 4962 1003 5017; x_wconf 85' lang='lat' dir='ltr'><strong>lli</strong></span> <span class='ocrx_word' id='word_1_414' title='bbox 1043 4970 1165 5016; x_wconf 89' lang='lat' dir='ltr'><strong>sunt</strong></span> <span class='ocrx_word' id='word_1_415' title='bbox 1209 4961 1424 5015; x_wconf 79' lang='lat' dir='ltr'><strong>divitum</strong></span> <span class='ocrx_word' id='word_1_416' title='bbox 1465 4963 1752 5030; x_wconf 85' lang='lat' dir='ltr'><strong>debitores,</strong></span> <span class='ocrx_word' id='word_1_417' title='bbox 1799 4966 1890 5036; x_wconf 92' lang='lat' dir='ltr'><strong>qui</strong></span> <span class='ocrx_word' id='word_1_418' title='bbox 1917 4967 1984 5022; x_wconf 87' lang='lat' dir='ltr'><strong>de</strong></span> <span class='ocrx_word' id='word_1_419' title='bbox 2016 4968 2128 5038; x_wconf 89' lang='lat' dir='ltr'><strong>ipsa</strong></span> 
     </span>
    </p>
   </div>
   <div class='ocr_carea' id='block_1_52' title="bbox 552 5052 2130 5125">
    <p class='ocr_par' dir='ltr' id='par_1_52' title="bbox 552 5052 2130 5125">
     <span class='ocr_line' id='line_1_52' title="bbox 552 5052 2130 5125; baseline 0.003 -14"><span class='ocrx_word' id='word_1_420' title='bbox 552 5064 697 5112; x_wconf 87' lang='lat' dir='ltr'><strong>sorte</strong></span> <span class='ocrx_word' id='word_1_421' title='bbox 717 5054 829 5110; x_wconf 73' lang='lat' dir='ltr'><strong>bzec</strong></span> <span class='ocrx_word' id='word_1_422' title='bbox 850 5054 1000 5109; x_wconf 90' lang='lat' dir='ltr'><strong>nobis</strong></span> <span class='ocrx_word' id='word_1_423' title='bbox 1016 5052 1215 5109; x_wconf 69' lang='lat' dir='ltr'><strong>foenera</strong></span> <span class='ocrx_word' id='word_1_424' title='bbox 1237 5052 1462 5116; x_wconf 78' lang='lat' dir='ltr'><strong>solvent,</strong></span> <span class='ocrx_word' id='word_1_425' title='bbox 1484 5058 1757 5125; x_wconf 72' lang='lat' dir='ltr'><strong>przesentia</strong></span> <span class='ocrx_word' id='word_1_426' title='bbox 1771 5059 1959 5113; x_wconf 88' lang='lat' dir='ltr'><strong>damna</strong></span> <span class='ocrx_word' id='word_1_427' title='bbox 1977 5072 2026 5116; x_wconf 90' lang='lat' dir='ltr'><strong>et</strong></span> <span class='ocrx_word' id='word_1_428' title='bbox 2048 5060 2130 5115; x_wconf 83' lang='lat' dir='ltr'><strong>fu-</strong></span> 
     </span>
    </p>
   </div>
   <div class='ocr_carea' id='block_1_53' title="bbox 552 5146 2129 5224">
    <p class='ocr_par' dir='ltr' id='par_1_53' title="bbox 552 5146 2129 5224">
     <span class='ocr_line' id='line_1_53' title="bbox 552 5146 2129 5224; baseline 0.005 -24"><span class='ocrx_word' id='word_1_429' title='bbox 552 5159 669 5201; x_wconf 88' lang='lat' dir='ltr'><strong>tnra</strong></span> <span class='ocrx_word' id='word_1_430' title='bbox 692 5148 844 5200; x_wconf 84' lang='lat' dir='ltr'><strong>mala.</strong></span> <span class='ocrx_word' id='word_1_431' title='bbox 867 5146 1048 5208; x_wconf 86' lang='lat' dir='ltr'><strong>liisne.</strong></span> <span class='ocrx_word' id='word_1_432' title='bbox 1071 5160 1273 5216; x_wconf 79' lang='lat' dir='ltr'><strong>quaeso,</strong></span> <span class='ocrx_word' id='word_1_433' title='bbox 1299 5146 1487 5201; x_wconf 72' lang='grc' dir='ltr'><strong>[ωηοιή</strong></span> <span class='ocrx_word' id='word_1_434' title='bbox 1503 5147 1760 5216; x_wconf 88' lang='lat' dir='ltr'><strong>dabimus,</strong></span> <span class='ocrx_word' id='word_1_435' title='bbox 1786 5163 1987 5208; x_wconf 87' lang='lat' dir='ltr'><strong>tantum</strong></span> <span class='ocrx_word' id='word_1_436' title='bbox 2010 5171 2129 5224; x_wconf 86' lang='lat' dir='ltr'><strong>sup-</strong></span> 
     </span>
    </p>
   </div>
   <div class='ocr_carea' id='block_1_54' title="bbox 552 5237 2131 5315">
    <p class='ocr_par' dir='ltr' id='par_1_54' title="bbox 552 5237 2131 5315">
     <span class='ocr_line' id='line_1_54' title="bbox 552 5237 2131 5315; baseline 0.006 -24"><span class='ocrx_word' id='word_1_437' title='bbox 552 5238 764 5310; x_wconf 83' lang='lat' dir='ltr'><strong>plicium</strong></span> <span class='ocrx_word' id='word_1_438' title='bbox 807 5238 1051 5293; x_wconf 88' lang='lat' dir='ltr'><strong>relaturis</strong></span> <span class='ocrx_word' id='word_1_439' title='bbox 1070 5278 1086 5301; x_wconf 87' lang='lat'><strong>,</strong></span> <span class='ocrx_word' id='word_1_440' title='bbox 1113 5245 1166 5293; x_wconf 86' lang='lat' dir='ltr'><strong>et</strong></span> <span class='ocrx_word' id='word_1_441' title='bbox 1191 5237 1405 5292; x_wconf 89' lang='lat' dir='ltr'><strong>Christo</strong></span> <span class='ocrx_word' id='word_1_442' title='bbox 1436 5254 1538 5293; x_wconf 90' lang='lat' dir='ltr'><strong>non</strong></span> <span class='ocrx_word' id='word_1_443' title='bbox 1569 5239 1865 5309; x_wconf 87' lang='lat' dir='ltr'><strong>credemus,</strong></span> <span class='ocrx_word' id='word_1_444' title='bbox 1907 5246 1995 5315; x_wconf 91' lang='lat' dir='ltr'><strong>qui</strong></span> <span class='ocrx_word' id='word_1_445' title='bbox 2024 5261 2131 5301; x_wconf 65' lang='lat' dir='ltr'><strong>cxc-</strong></span> 
     </span>
    </p>
   </div>
   <div class='ocr_carea' id='block_1_55' title="bbox 553 5326 2126 5395">
    <p class='ocr_par' dir='ltr' id='par_1_55' title="bbox 553 5326 2126 5395">
     <span class='ocr_line' id='line_1_55' title="bbox 553 5326 2126 5395; baseline 0.006 -13"><span class='ocrx_word' id='word_1_446' title='bbox 553 5332 657 5382; x_wconf 85' lang='lat' dir='ltr'><strong>lntll</strong></span> <span class='ocrx_word' id='word_1_447' title='bbox 682 5326 837 5381; x_wconf 83' lang='lat' dir='ltr'><strong>offert</strong></span> <span class='ocrx_word' id='word_1_448' title='bbox 857 5336 910 5380; x_wconf 89' lang='lat' dir='ltr'><strong>et</strong></span> <span class='ocrx_word' id='word_1_449' title='bbox 931 5328 1280 5382; x_wconf 89' lang='lat' dir='ltr'><strong>immortalem</strong></span> <span class='ocrx_word' id='word_1_450' title='bbox 1305 5328 1485 5395; x_wconf 84' lang='lat' dir='ltr'><strong>vitam,</strong></span> <span class='ocrx_word' id='word_1_451' title='bbox 1511 5345 1700 5385; x_wconf 86' lang='lat' dir='ltr'><strong>arcana</strong></span> <span class='ocrx_word' id='word_1_452' title='bbox 1737 5334 1823 5387; x_wconf 84' lang='lat' dir='ltr'><strong>illa</strong></span> <span class='ocrx_word' id='word_1_453' title='bbox 1866 5335 2005 5390; x_wconf 86' lang='lat' dir='ltr'><strong>bona</strong></span> <span class='ocrx_word' id='word_1_454' title='bbox 2024 5338 2047 5390; x_wconf 64' lang='grc' dir='ltr'><strong>ἶ*</strong></span> <span class='ocrx_word' id='word_1_455' title='bbox 2068 5348 2126 5392; x_wconf 91' lang='lat' dir='ltr'><strong>et</strong></span> 
     </span>
    </p>
   </div>
   <div class='ocr_carea' id='block_1_56' title="bbox 547 5417 2128 5487">
    <p class='ocr_par' dir='ltr' id='par_1_56' title="bbox 547 5417 2128 5487">
     <span class='ocr_line' id='line_1_56' title="bbox 547 5417 2128 5487; baseline 0.008 -16"><span class='ocrx_word' id='word_1_456' title='bbox 547 5435 703 5487; x_wconf 83' lang='lat' dir='ltr'><strong>quam</strong></span> <span class='ocrx_word' id='word_1_457' title='bbox 722 5418 1029 5472; x_wconf 77' lang='lat' dir='ltr'><strong>habebimus</strong></span> <span class='ocrx_word' id='word_1_458' title='bbox 1043 5417 1398 5473; x_wconf 81' lang='lat' dir='ltr'><strong>defensionem</strong></span> <span class='ocrx_word' id='word_1_459' title='bbox 1411 5420 1433 5470; x_wconf 73' lang='grc' dir='ltr'><strong>’ἔ</strong></span> <span class='ocrx_word' id='word_1_460' title='bbox 1446 5418 1549 5474; x_wconf 88' lang='lat' dir='ltr'><strong>Cur</strong></span> <span class='ocrx_word' id='word_1_461' title='bbox 1566 5424 1704 5476; x_wconf 88' lang='lat' dir='ltr'><strong>enim</strong></span> <span class='ocrx_word' id='word_1_462' title='bbox 1723 5442 1827 5479; x_wconf 91' lang='lat' dir='ltr'><strong>non</strong></span> <span class='ocrx_word' id='word_1_463' title='bbox 1844 5426 1936 5481; x_wconf 90' lang='lat' dir='ltr'><strong>das</strong></span> <span class='ocrx_word' id='word_1_464' title='bbox 1956 5428 2128 5484; x_wconf 84' lang='lat' dir='ltr'><strong>reddi-</strong></span> 
     </span>
    </p>
   </div>
   <div class='ocr_carea' id='block_1_57' title="bbox 552 5508 2121 5585">
    <p class='ocr_par' dir='ltr' id='par_1_57' title="bbox 552 5508 2121 5585">
     <span class='ocr_line' id='line_1_57' title="bbox 552 5508 2121 5585; baseline 0.01 -25"><span class='ocrx_word' id='word_1_465' title='bbox 552 5518 668 5562; x_wconf 90' lang='lat' dir='ltr'><strong>turo</strong></span> <span class='ocrx_word' id='word_1_466' title='bbox 694 5518 743 5561; x_wconf 91' lang='lat' dir='ltr'><strong>et</strong></span> <span class='ocrx_word' id='word_1_467' title='bbox 765 5509 983 5577; x_wconf 89' lang='lat' dir='ltr'><strong>plurima</strong></span> <span class='ocrx_word' id='word_1_468' title='bbox 1010 5508 1313 5563; x_wconf 87' lang='lat' dir='ltr'><strong>reddituro?</strong></span> <span class='ocrx_word' id='word_1_469' title='bbox 1352 5510 1603 5567; x_wconf 84' lang='lat' dir='ltr'><strong>Fortasse</strong></span> <span class='ocrx_word' id='word_1_470' title='bbox 1618 5516 1735 5585; x_wconf 89' lang='lat' dir='ltr'><strong>quia</strong></span> <span class='ocrx_word' id='word_1_471' title='bbox 1761 5530 1875 5585; x_wconf 88' lang='lat' dir='ltr'><strong>post</strong></span> <span class='ocrx_word' id='word_1_472' title='bbox 1899 5520 2121 5576; x_wconf 86' lang='lat' dir='ltr'><strong>multum</strong></span> 
     </span>
    </p>
   </div>
   <div class='ocr_carea' id='block_1_58' title="bbox 544 5600 2120 5682">
    <p class='ocr_par' dir='ltr' id='par_1_58' title="bbox 544 5600 2120 5682">
     <span class='ocr_line' id='line_1_58' title="bbox 544 5600 2120 5682; baseline 0.01 -27"><span class='ocrx_word' id='word_1_473' title='bbox 544 5600 798 5669; x_wconf 83' lang='lat' dir='ltr'><strong>temporis</strong></span> <span class='ocrx_word' id='word_1_474' title='bbox 822 5600 1121 5655; x_wconf 84' lang='lat' dir='ltr'><strong>redditurus</strong></span> <span class='ocrx_word' id='word_1_475' title='bbox 1142 5603 1257 5656; x_wconf 84' lang='lat' dir='ltr'><strong>est?</strong></span> <span class='ocrx_word' id='word_1_476' title='bbox 1305 5604 1461 5673; x_wconf 88' lang='lat' dir='ltr'><strong>Atqui</strong></span> <span class='ocrx_word' id='word_1_477' title='bbox 1488 5614 1540 5659; x_wconf 91' lang='lat' dir='ltr'><strong>et</strong></span> <span class='ocrx_word' id='word_1_478' title='bbox 1568 5604 1617 5659; x_wconf 87' lang='lat' dir='ltr'><strong>in</strong></span> <span class='ocrx_word' id='word_1_479' title='bbox 1646 5606 1745 5663; x_wconf 87' lang='lat' dir='ltr'><strong>hac</strong></span> <span class='ocrx_word' id='word_1_480' title='bbox 1780 5627 1990 5682; x_wconf 88' lang='lat' dir='ltr'><strong>quoque</strong></span> <span class='ocrx_word' id='word_1_481' title='bbox 2015 5623 2120 5670; x_wconf 83' lang='lat' dir='ltr'><strong>vita</strong></span> 
     </span>
    </p>
   </div>
   <div class='ocr_carea' id='block_1_59' title="bbox 604 5736 2119 5815">
    <p class='ocr_par' dir='ltr' id='par_1_59' title="bbox 604 5736 2119 5815">
     <span class='ocr_line' id='line_1_59' title="bbox 604 5736 2119 5815; baseline 0.007 -28"><span class='ocrx_word' id='word_1_482' title='bbox 604 5736 998 5815; x_wconf 55' lang='lat' dir='ltr'><strong>(a)&#39;petttesima,</strong></span> <span class='ocrx_word' id='word_1_483' title='bbox 1026 5746 1078 5787; x_wconf 92' lang='lat' dir='ltr'><strong>ut</strong></span> <span class='ocrx_word' id='word_1_484' title='bbox 1101 5736 1212 5815; x_wconf 72' lang='lat' dir='ltr'><strong>alibi</strong></span> <span class='ocrx_word' id='word_1_485' title='bbox 1236 5739 1460 5797; x_wconf 77' lang='lat' dir='ltr'><strong>diximus.</strong></span> <span class='ocrx_word' id='word_1_486' title='bbox 1480 5756 1641 5815; x_wconf 73' lang='lat' dir='ltr'><strong>usurae</strong></span> <span class='ocrx_word' id='word_1_487' title='bbox 1664 5760 1821 5815; x_wconf 75' lang='lat' dir='ltr'><strong>genus</strong></span> <span class='ocrx_word' id='word_1_488' title='bbox 1855 5758 1959 5800; x_wconf 76' lang='lat' dir='ltr'><strong>erat</strong></span> <span class='ocrx_word' id='word_1_489' title='bbox 1980 5790 1992 5812; x_wconf 88' lang='lat'><strong>,</strong></span> <span class='ocrx_word' id='word_1_490' title='bbox 2021 5765 2119 5815; x_wconf 87' lang='lat' dir='ltr'><strong>quo</strong></span> 
     </span>
    </p>
   </div>
   <div class='ocr_carea' id='block_1_60' title="bbox 540 5798 1900 5865">
    <p class='ocr_par' dir='ltr' id='par_1_60' title="bbox 540 5798 1900 5865">
     <span class='ocr_line' id='line_1_60' title="bbox 540 5798 1900 5865; baseline 0.01 -15"><span class='ocrx_word' id='word_1_491' title='bbox 540 5798 746 5865; x_wconf 65' lang='lat' dir='ltr'><strong>singulis</strong></span> <span class='ocrx_word' id='word_1_492' title='bbox 769 5802 1015 5851; x_wconf 82' lang='lat' dir='ltr'><strong>mensibus</strong></span> <span class='ocrx_word' id='word_1_493' title='bbox 1032 5803 1295 5850; x_wconf 78' lang='lat' dir='ltr'><strong>centesima</strong></span> <span class='ocrx_word' id='word_1_494' title='bbox 1320 5816 1430 5865; x_wconf 79' lang='lat' dir='ltr'><strong>pars</strong></span> <span class='ocrx_word' id='word_1_495' title='bbox 1451 5810 1596 5857; x_wconf 64' lang='lat' dir='ltr'><strong>sertis</strong></span> <span class='ocrx_word' id='word_1_496' title='bbox 1612 5798 1900 5863; x_wconf 79' lang='lat' dir='ltr'><strong>solvebatur-</strong></span> 
     </span>
    </p>
   </div>
   <div class='ocr_carea' id='block_1_61' title="bbox 1224 389 3005 464">
    <p class='ocr_par' dir='ltr' id='par_1_61' title="bbox 1224 389 3005 464">
     <span class='ocr_line' id='line_1_61' title="bbox 1224 389 3005 464; baseline -0.007 -1"><span class='ocrx_word' id='word_1_497' title='bbox 1224 405 1280 463; x_wconf 79' lang='lat' dir='ltr'><strong>S.</strong></span> <span class='ocrx_word' id='word_1_498' title='bbox 1318 401 1591 464; x_wconf 73' lang='lat' dir='ltr'><strong>JOANMS</strong></span> <span class='ocrx_word' id='word_1_499' title='bbox 1624 392 2087 455; x_wconf 65' lang='lat' dir='ltr'><strong>CHRYSOSTO)&quot;</strong></span> <span class='ocrx_word' id='word_1_500' title='bbox 2126 389 2440 447; x_wconf 76' lang='lat' dir='ltr'><strong>ARCHIEP.</strong></span> <span class='ocrx_word' id='word_1_501' title='bbox 2477 390 2784 449; x_wconf 69' lang='lat' dir='ltr'><strong>CONSTAN</strong></span> <span class='ocrx_word' id='word_1_502' title='bbox 2799 392 3005 452; x_wconf 73' lang='lat' dir='ltr'><strong>i‘lNOP.</strong></span> 
     </span>
    </p>
   </div>
   <div class='ocr_carea' id='block_1_62' title="bbox 3714 400 3821 455">
    <p class='ocr_par' dir='ltr' id='par_1_62' title="bbox 3714 400 3821 455">
     <span class='ocr_line' id='line_1_62' title="bbox 3714 400 3821 455; baseline 0.028 -4"><span class='ocrx_word' id='word_1_503' title='bbox 3714 400 3821 455; x_wconf 65' lang='grc' dir='ltr'><strong>ιδε,</strong></span> 
     </span>
    </p>
   </div>
   <div class='ocr_carea' id='block_1_63' title="bbox 2227 502 3820 583">
    <p class='ocr_par' dir='ltr' id='par_1_63' title="bbox 2227 502 3820 583">
     <span class='ocr_line' id='line_1_63' title="bbox 2227 502 3820 583; baseline 0.005 -26"><span class='ocrx_word' id='word_1_504' title='bbox 2227 502 2353 569; x_wconf 81' lang='lat' dir='ltr'><strong>dat;</strong></span> <span class='ocrx_word' id='word_1_505' title='bbox 2369 503 2582 559; x_wconf 90' lang='lat' dir='ltr'><strong>mentiri</strong></span> <span class='ocrx_word' id='word_1_506' title='bbox 2605 505 2747 560; x_wconf 90' lang='lat' dir='ltr'><strong>enim</strong></span> <span class='ocrx_word' id='word_1_507' title='bbox 2766 508 2950 577; x_wconf 88' lang='lat' dir='ltr'><strong>nequit</strong></span> <span class='ocrx_word' id='word_1_508' title='bbox 2971 507 3060 562; x_wconf 89' lang='lat' dir='ltr'><strong>ille</strong></span> <span class='ocrx_word' id='word_1_509' title='bbox 3077 508 3164 578; x_wconf 90' lang='lat' dir='ltr'><strong>qui</strong></span> <span class='ocrx_word' id='word_1_510' title='bbox 3187 507 3314 565; x_wconf 89' lang='lat' dir='ltr'><strong>dicit</strong></span> <span class='ocrx_word' id='word_1_511' title='bbox 3333 527 3348 564; x_wconf 90' lang='lat'><strong>:</strong></span> <span class='ocrx_word' id='word_1_512' title='bbox 3370 510 3595 575; x_wconf 74' lang='lat' dir='ltr'><strong>Quam’le</strong></span> <span class='ocrx_word' id='word_1_513' title='bbox 3608 527 3820 583; x_wconf 73' lang='lat' dir='ltr'><strong>regnum</strong></span> 
     </span>
    </p>
   </div>
   <div class='ocr_carea' id='block_1_64' title="bbox 2228 594 3817 677">
    <p class='ocr_par' dir='ltr' id='par_1_64' title="bbox 2228 594 3817 677">
     <span class='ocr_line' id='line_1_64' title="bbox 2228 594 3817 677; baseline 0.009 -29"><span class='ocrx_word' id='word_1_514' title='bbox 2228 594 2485 659; x_wconf 69' lang='lat' dir='ltr'><strong>(telorum,</strong></span> <span class='ocrx_word' id='word_1_515' title='bbox 2507 604 2553 649; x_wconf 79' lang='lat' dir='ltr'><strong>et</strong></span> <span class='ocrx_word' id='word_1_516' title='bbox 2572 598 2679 651; x_wconf 66' lang='lat' dir='ltr'><strong>hac</strong></span> <span class='ocrx_word' id='word_1_517' title='bbox 2696 600 2867 652; x_wconf 72' lang='lat' dir='ltr'><strong>omnia</strong></span> <span class='ocrx_word' id='word_1_518' title='bbox 2885 600 3185 671; x_wconf 68' lang='lat' dir='ltr'><strong>adﬁcientur</strong></span> <span class='ocrx_word' id='word_1_519' title='bbox 3213 604 3387 663; x_wconf 71' lang='lat' dir='ltr'><strong>robitt</strong></span> <span class='ocrx_word' id='word_1_520' title='bbox 3402 603 3589 657; x_wconf 70' lang='lat' dir='ltr'><strong>Matth.</strong></span> <span class='ocrx_word' id='word_1_521' title='bbox 3616 610 3671 660; x_wconf 87' lang='lat'><strong>6.</strong></span> <span class='ocrx_word' id='word_1_522' title='bbox 3700 609 3817 677; x_wconf 75' lang='lat'><strong>33).</strong></span> 
     </span>
    </p>
   </div>
   <div class='ocr_carea' id='block_1_65' title="bbox 2230 684 3822 762">
    <p class='ocr_par' dir='ltr' id='par_1_65' title="bbox 2230 684 3822 762">
     <span class='ocr_line' id='line_1_65' title="bbox 2230 684 3822 762; baseline 0.009 -25"><span class='ocrx_word' id='word_1_523' title='bbox 2230 684 2413 739; x_wconf 82' lang='lat' dir='ltr'><strong>Videu’</strong></span> <span class='ocrx_word' id='word_1_524' title='bbox 2436 686 2802 743; x_wconf 73' lang='lat' dir='ltr'><strong>liberalitatem</strong></span> <span class='ocrx_word' id='word_1_525' title='bbox 2834 691 3135 759; x_wconf 77' lang='lat' dir='ltr'><strong>ingentem?</strong></span> <span class='ocrx_word' id='word_1_526' title='bbox 3157 689 3270 759; x_wconf 89' lang='lat' dir='ltr'><strong>illa,</strong></span> <span class='ocrx_word' id='word_1_527' title='bbox 3300 692 3489 762; x_wconf 83' lang='lat' dir='ltr'><strong>inquit,</strong></span> <span class='ocrx_word' id='word_1_528' title='bbox 3515 696 3609 749; x_wconf 91' lang='lat' dir='ltr'><strong>tibi</strong></span> <span class='ocrx_word' id='word_1_529' title='bbox 3640 711 3822 751; x_wconf 83' lang='lat' dir='ltr'><strong>asser-</strong></span> 
     </span>
    </p>
   </div>
   <div class='ocr_carea' id='block_1_66' title="bbox 2233 778 3817 855">
    <p class='ocr_par' dir='ltr' id='par_1_66' title="bbox 2233 778 3817 855">
     <span class='ocr_line' id='line_1_66' title="bbox 2233 778 3817 855; baseline 0.008 -28"><span class='ocrx_word' id='word_1_530' title='bbox 2233 784 2438 840; x_wconf 67' lang='lat' dir='ltr'><strong>Vantur,</strong></span> <span class='ocrx_word' id='word_1_531' title='bbox 2467 793 2567 832; x_wconf 89' lang='lat' dir='ltr'><strong>nec</strong></span> <span class='ocrx_word' id='word_1_532' title='bbox 2587 778 2921 846; x_wconf 87' lang='lat' dir='ltr'><strong>minuentur;</strong></span> <span class='ocrx_word' id='word_1_533' title='bbox 2951 780 3065 836; x_wconf 50' lang='lat' dir='ltr'><strong>haec</strong></span> <span class='ocrx_word' id='word_1_534' title='bbox 3091 798 3216 837; x_wconf 85' lang='lat' dir='ltr'><strong>vero</strong></span> <span class='ocrx_word' id='word_1_535' title='bbox 3243 786 3520 853; x_wconf 68' lang='lat' dir='ltr'><strong>prasentia</strong></span> <span class='ocrx_word' id='word_1_536' title='bbox 3546 788 3700 855; x_wconf 89' lang='lat' dir='ltr'><strong>quasi</strong></span> <span class='ocrx_word' id='word_1_537' title='bbox 3720 789 3817 842; x_wconf 69' lang='lat' dir='ltr'><strong>acl-</strong></span> 
     </span>
    </p>
   </div>
   <div class='ocr_carea' id='block_1_67' title="bbox 2231 867 3821 944">
    <p class='ocr_par' dir='ltr' id='par_1_67' title="bbox 2231 867 3821 944">
     <span class='ocr_line' id='line_1_67' title="bbox 2231 867 3821 944; baseline 0.006 -22"><span class='ocrx_word' id='word_1_538' title='bbox 2231 867 2577 923; x_wconf 89' lang='lat' dir='ltr'><strong>ditamentum</strong></span> <span class='ocrx_word' id='word_1_539' title='bbox 2594 870 2804 940; x_wconf 87' lang='lat' dir='ltr'><strong>adjicio.</strong></span> <span class='ocrx_word' id='word_1_540' title='bbox 2823 872 2903 926; x_wconf 83' lang='lat' dir='ltr'><strong>Ad</strong></span> <span class='ocrx_word' id='word_1_541' title='bbox 2927 871 3040 928; x_wconf 67' lang='lat' dir='ltr'><strong>haec</strong></span> <span class='ocrx_word' id='word_1_542' title='bbox 3059 873 3379 930; x_wconf 87' lang='lat' dir='ltr'><strong>diuturnitas</strong></span> <span class='ocrx_word' id='word_1_543' title='bbox 3397 879 3821 944; x_wconf 80' lang='lat' dir='ltr'><strong>exspectationis</strong></span> 
     </span>
    </p>
   </div>
   <div class='ocr_carea' id='block_1_68' title="bbox 2230 958 3820 1036">
    <p class='ocr_par' dir='ltr' id='par_1_68' title="bbox 2230 958 3820 1036">
     <span class='ocr_line' id='line_1_68' title="bbox 2230 958 3820 1036; baseline 0.006 -24"><span class='ocrx_word' id='word_1_544' title='bbox 2230 967 2386 1028; x_wconf 88' lang='lat' dir='ltr'><strong>auget</strong></span> <span class='ocrx_word' id='word_1_545' title='bbox 2411 958 2504 1015; x_wconf 91' lang='lat' dir='ltr'><strong>tibi</strong></span> <span class='ocrx_word' id='word_1_546' title='bbox 2529 959 2738 1014; x_wconf 87' lang='lat' dir='ltr'><strong>divitias</strong></span> <span class='ocrx_word' id='word_1_547' title='bbox 2761 978 2776 1025; x_wconf 91' lang='lat'><strong>;</strong></span> <span class='ocrx_word' id='word_1_548' title='bbox 2797 976 2919 1016; x_wconf 89' lang='lat' dir='ltr'><strong>nam</strong></span> <span class='ocrx_word' id='word_1_549' title='bbox 2948 964 3141 1017; x_wconf 88' lang='lat' dir='ltr'><strong>crescit</strong></span> <span class='ocrx_word' id='word_1_550' title='bbox 3173 964 3368 1020; x_wconf 73' lang='lat' dir='ltr'><strong>fmnus.</strong></span> <span class='ocrx_word' id='word_1_551' title='bbox 3398 966 3553 1036; x_wconf 79' lang='lat' dir='ltr'><strong>Apud</strong></span> <span class='ocrx_word' id='word_1_552' title='bbox 3584 966 3820 1023; x_wconf 72' lang='lat' dir='ltr'><strong>{tenera—</strong></span> 
     </span>
    </p>
   </div>
   <div class='ocr_carea' id='block_1_69' title="bbox 2232 1052 3820 1126">
    <p class='ocr_par' dir='ltr' id='par_1_69' title="bbox 2232 1052 3820 1126">
     <span class='ocr_line' id='line_1_69' title="bbox 2232 1052 3820 1126; baseline 0.006 -21"><span class='ocrx_word' id='word_1_553' title='bbox 2232 1060 2374 1107; x_wconf 88' lang='lat' dir='ltr'><strong>tores</strong></span> <span class='ocrx_word' id='word_1_554' title='bbox 2397 1052 2540 1107; x_wconf 88' lang='lat' dir='ltr'><strong>enim</strong></span> <span class='ocrx_word' id='word_1_555' title='bbox 2580 1052 2633 1107; x_wconf 91' lang='lat' dir='ltr'><strong>id</strong></span> <span class='ocrx_word' id='word_1_556' title='bbox 2673 1052 2788 1108; x_wconf 82' lang='lat' dir='ltr'><strong>fieri</strong></span> <span class='ocrx_word' id='word_1_557' title='bbox 2830 1053 3093 1123; x_wconf 81' lang='lat' dir='ltr'><strong>videmus,</strong></span> <span class='ocrx_word' id='word_1_558' title='bbox 3124 1058 3213 1126; x_wconf 89' lang='lat' dir='ltr'><strong>qui</strong></span> <span class='ocrx_word' id='word_1_559' title='bbox 3247 1056 3496 1112; x_wconf 87' lang='lat' dir='ltr'><strong>libentius</strong></span> <span class='ocrx_word' id='word_1_560' title='bbox 3524 1059 3632 1113; x_wconf 90' lang='lat' dir='ltr'><strong>illis</strong></span> <span class='ocrx_word' id='word_1_561' title='bbox 3662 1076 3820 1117; x_wconf 87' lang='lat' dir='ltr'><strong>com-</strong></span> 
     </span>
    </p>
   </div>
   <div class='ocr_carea' id='block_1_70' title="bbox 2231 1142 3817 1217">
    <p class='ocr_par' dir='ltr' id='par_1_70' title="bbox 2231 1142 3817 1217">
     <span class='ocr_line' id='line_1_70' title="bbox 2231 1142 3817 1217; baseline 0.004 -21"><span class='ocrx_word' id='word_1_562' title='bbox 2231 1142 2470 1208; x_wconf 83' lang='lat' dir='ltr'><strong>modant,</strong></span> <span class='ocrx_word' id='word_1_563' title='bbox 2494 1144 2583 1213; x_wconf 88' lang='lat' dir='ltr'><strong>qui</strong></span> <span class='ocrx_word' id='word_1_564' title='bbox 2626 1151 2745 1212; x_wconf 89' lang='lat' dir='ltr'><strong>post</strong></span> <span class='ocrx_word' id='word_1_565' title='bbox 2780 1144 3087 1199; x_wconf 88' lang='lat' dir='ltr'><strong>diuturnum</strong></span> <span class='ocrx_word' id='word_1_566' title='bbox 3136 1156 3344 1217; x_wconf 85' lang='lat' dir='ltr'><strong>tempus</strong></span> <span class='ocrx_word' id='word_1_567' title='bbox 3390 1150 3620 1203; x_wconf 85' lang='lat' dir='ltr'><strong>soluturi</strong></span> <span class='ocrx_word' id='word_1_568' title='bbox 3668 1161 3817 1204; x_wconf 89' lang='lat' dir='ltr'><strong>sunt.</strong></span> 
     </span>
    </p>
   </div>
   <div class='ocr_carea' id='block_1_71' title="bbox 2232 1229 3821 1301">
    <p class='ocr_par' dir='ltr' id='par_1_71' title="bbox 2232 1229 3821 1301">
     <span class='ocr_line' id='line_1_71' title="bbox 2232 1229 3821 1301; baseline 0.006 -16"><span class='ocrx_word' id='word_1_569' title='bbox 2232 1229 2362 1285; x_wconf 85' lang='lat' dir='ltr'><strong>Nam</strong></span> <span class='ocrx_word' id='word_1_570' title='bbox 2384 1232 2472 1301; x_wconf 92' lang='lat' dir='ltr'><strong>qui</strong></span> <span class='ocrx_word' id='word_1_571' title='bbox 2498 1232 2679 1286; x_wconf 78' lang='lat' dir='ltr'><strong>statim</strong></span> <span class='ocrx_word' id='word_1_572' title='bbox 2704 1245 2902 1288; x_wconf 88' lang='lat' dir='ltr'><strong>sortem</strong></span> <span class='ocrx_word' id='word_1_573' title='bbox 2927 1233 3121 1297; x_wconf 87' lang='lat' dir='ltr'><strong>reddit.</strong></span> <span class='ocrx_word' id='word_1_574' title='bbox 3171 1234 3390 1291; x_wconf 73' lang='lat' dir='ltr'><strong>{tenoris</strong></span> <span class='ocrx_word' id='word_1_575' title='bbox 3410 1252 3628 1292; x_wconf 91' lang='lat' dir='ltr'><strong>cursum</strong></span> <span class='ocrx_word' id='word_1_576' title='bbox 3652 1238 3821 1295; x_wconf 85' lang='lat' dir='ltr'><strong>inter-</strong></span> 
     </span>
    </p>
   </div>
   <div class='ocr_carea' id='block_1_72' title="bbox 2231 1321 3819 1399">
    <p class='ocr_par' dir='ltr' id='par_1_72' title="bbox 2231 1321 3819 1399">
     <span class='ocr_line' id='line_1_72' title="bbox 2231 1321 3819 1399; baseline 0.006 -24"><span class='ocrx_word' id='word_1_577' title='bbox 2231 1321 2397 1390; x_wconf 91' lang='lat' dir='ltr'><strong>cipit:</strong></span> <span class='ocrx_word' id='word_1_578' title='bbox 2422 1321 2513 1391; x_wconf 93' lang='lat' dir='ltr'><strong>qui</strong></span> <span class='ocrx_word' id='word_1_579' title='bbox 2540 1338 2668 1377; x_wconf 83' lang='lat' dir='ltr'><strong>vero</strong></span> <span class='ocrx_word' id='word_1_580' title='bbox 2694 1322 2998 1378; x_wconf 88' lang='lat' dir='ltr'><strong>diuturnius</strong></span> <span class='ocrx_word' id='word_1_581' title='bbox 3020 1325 3234 1391; x_wconf 87' lang='lat' dir='ltr'><strong>retinet,</strong></span> <span class='ocrx_word' id='word_1_582' title='bbox 3261 1337 3525 1397; x_wconf 69' lang='lat' dir='ltr'><strong>quresturn</strong></span> <span class='ocrx_word' id='word_1_583' title='bbox 3554 1330 3819 1399; x_wconf 86' lang='lat' dir='ltr'><strong>majorem</strong></span> 
     </span>
    </p>
   </div>
   <div class='ocr_carea' id='block_1_73' title="bbox 2232 1409 3820 1490">
    <p class='ocr_par' dir='ltr' id='par_1_73' title="bbox 2232 1409 3820 1490">
     <span class='ocr_line' id='line_1_73' title="bbox 2232 1409 3820 1490; baseline 0.007 -25"><span class='ocrx_word' id='word_1_584' title='bbox 2232 1409 2415 1467; x_wconf 84' lang='lat' dir='ltr'><strong>eilicit.</strong></span> <span class='ocrx_word' id='word_1_585' title='bbox 2445 1411 2591 1468; x_wconf 89' lang='lat' dir='ltr'><strong>Itane</strong></span> <span class='ocrx_word' id='word_1_586' title='bbox 2614 1413 2755 1483; x_wconf 91' lang='lat' dir='ltr'><strong>apud</strong></span> <span class='ocrx_word' id='word_1_587' title='bbox 2778 1414 3020 1469; x_wconf 89' lang='lat' dir='ltr'><strong>homines</strong></span> <span class='ocrx_word' id='word_1_588' title='bbox 3046 1430 3250 1471; x_wconf 86' lang='lat' dir='ltr'><strong>moram</strong></span> <span class='ocrx_word' id='word_1_589' title='bbox 3274 1433 3378 1472; x_wconf 92' lang='lat' dir='ltr'><strong>non</strong></span> <span class='ocrx_word' id='word_1_590' title='bbox 3404 1434 3545 1490; x_wconf 80' lang='lat' dir='ltr'><strong>a-gre</strong></span> <span class='ocrx_word' id='word_1_591' title='bbox 3568 1418 3820 1487; x_wconf 86' lang='lat' dir='ltr'><strong>ferimus,</strong></span> 
     </span>
    </p>
   </div>
   <div class='ocr_carea' id='block_1_74' title="bbox 2232 1500 3820 1580">
    <p class='ocr_par' dir='ltr' id='par_1_74' title="bbox 2232 1500 3820 1580">
     <span class='ocr_line' id='line_1_74' title="bbox 2232 1500 3820 1580; baseline 0.008 -26"><span class='ocrx_word' id='word_1_592' title='bbox 2232 1500 2326 1556; x_wconf 90' lang='lat' dir='ltr'><strong>sed</strong></span> <span class='ocrx_word' id='word_1_593' title='bbox 2354 1502 2610 1572; x_wconf 89' lang='lat' dir='ltr'><strong>majorem</strong></span> <span class='ocrx_word' id='word_1_594' title='bbox 2640 1501 2756 1558; x_wconf 86' lang='lat' dir='ltr'><strong>lieri</strong></span> <span class='ocrx_word' id='word_1_595' title='bbox 2783 1519 3065 1570; x_wconf 86' lang='lat' dir='ltr'><strong>curamus,</strong></span> <span class='ocrx_word' id='word_1_596' title='bbox 3090 1514 3147 1559; x_wconf 89' lang='lat' dir='ltr'><strong>et</strong></span> <span class='ocrx_word' id='word_1_597' title='bbox 3175 1508 3312 1576; x_wconf 89' lang='lat' dir='ltr'><strong>apud</strong></span> <span class='ocrx_word' id='word_1_598' title='bbox 3342 1507 3507 1562; x_wconf 88' lang='lat' dir='ltr'><strong>Deum</strong></span> <span class='ocrx_word' id='word_1_599' title='bbox 3542 1511 3611 1564; x_wconf 91' lang='lat' dir='ltr'><strong>ita</strong></span> <span class='ocrx_word' id='word_1_600' title='bbox 3645 1512 3820 1580; x_wconf 65' lang='lat' dir='ltr'><strong>pusilo</strong></span> 
     </span>
    </p>
   </div>
   <div class='ocr_carea' id='block_1_75' title="bbox 2233 1592 3823 1673">
    <p class='ocr_par' dir='ltr' id='par_1_75' title="bbox 2233 1592 3823 1673">
     <span class='ocr_line' id='line_1_75' title="bbox 2233 1592 3823 1673; baseline 0.008 -26"><span class='ocrx_word' id='word_1_601' title='bbox 2233 1592 2456 1649; x_wconf 88' lang='lat' dir='ltr'><strong>lauimes</strong></span> <span class='ocrx_word' id='word_1_602' title='bbox 2480 1594 2703 1662; x_wconf 87' lang='lat' dir='ltr'><strong>erimus,</strong></span> <span class='ocrx_word' id='word_1_603' title='bbox 2751 1606 2809 1650; x_wconf 91' lang='lat' dir='ltr'><strong>ut</strong></span> <span class='ocrx_word' id='word_1_604' title='bbox 2838 1596 2960 1652; x_wconf 91' lang='lat' dir='ltr'><strong>ideo</strong></span> <span class='ocrx_word' id='word_1_605' title='bbox 2998 1612 3191 1667; x_wconf 88' lang='lat' dir='ltr'><strong>segnes</strong></span> <span class='ocrx_word' id='word_1_606' title='bbox 3216 1598 3384 1653; x_wconf 87' lang='lat' dir='ltr'><strong>simus</strong></span> <span class='ocrx_word' id='word_1_607' title='bbox 3410 1610 3464 1655; x_wconf 92' lang='lat' dir='ltr'><strong>et</strong></span> <span class='ocrx_word' id='word_1_608' title='bbox 3493 1603 3823 1673; x_wconf 79' lang='lat' dir='ltr'><strong>tergiverse-</strong></span> 
     </span>
    </p>
   </div>
   <div class='ocr_carea' id='block_1_76' title="bbox 2234 1686 3821 1761">
    <p class='ocr_par' dir='ltr' id='par_1_76' title="bbox 2234 1686 3821 1761">
     <span class='ocr_line' id='line_1_76' title="bbox 2234 1686 3821 1761; baseline 0.008 -23"><span class='ocrx_word' id='word_1_609' title='bbox 2234 1699 2387 1752; x_wconf 89' lang='lat' dir='ltr'><strong>tnur;</strong></span> <span class='ocrx_word' id='word_1_610' title='bbox 2417 1687 2537 1752; x_wconf 90' lang='lat' dir='ltr'><strong>etsi,</strong></span> <span class='ocrx_word' id='word_1_611' title='bbox 2567 1695 2627 1741; x_wconf 91' lang='lat' dir='ltr'><strong>ut</strong></span> <span class='ocrx_word' id='word_1_612' title='bbox 2654 1686 2761 1741; x_wconf 91' lang='lat' dir='ltr'><strong>dixi</strong></span> <span class='ocrx_word' id='word_1_613' title='bbox 2783 1728 2800 1754; x_wconf 84' lang='lat'><strong>,</strong></span> <span class='ocrx_word' id='word_1_614' title='bbox 2830 1697 2885 1744; x_wconf 89' lang='lat' dir='ltr'><strong>et</strong></span> <span class='ocrx_word' id='word_1_615' title='bbox 2908 1688 2994 1744; x_wconf 90' lang='lat' dir='ltr'><strong>hic</strong></span> <span class='ocrx_word' id='word_1_616' title='bbox 3018 1688 3108 1743; x_wconf 91' lang='lat' dir='ltr'><strong>det</strong></span> <span class='ocrx_word' id='word_1_617' title='bbox 3133 1705 3229 1755; x_wconf 87' lang='lat' dir='ltr'><strong>ea,</strong></span> <span class='ocrx_word' id='word_1_618' title='bbox 3262 1707 3364 1761; x_wconf 89' lang='lat' dir='ltr'><strong>qua</strong></span> <span class='ocrx_word' id='word_1_619' title='bbox 3393 1691 3526 1757; x_wconf 90' lang='lat' dir='ltr'><strong>dixi,</strong></span> <span class='ocrx_word' id='word_1_620' title='bbox 3558 1693 3628 1749; x_wconf 91' lang='lat' dir='ltr'><strong>de</strong></span> <span class='ocrx_word' id='word_1_621' title='bbox 3654 1710 3821 1751; x_wconf 85' lang='lat' dir='ltr'><strong>causa</strong></span> 
     </span>
    </p>
   </div>
   <div class='ocr_carea' id='block_1_77' title="bbox 2236 1778 3822 1853">
    <p class='ocr_par' dir='ltr' id='par_1_77' title="bbox 2236 1778 3822 1853">
     <span class='ocr_line' id='line_1_77' title="bbox 2236 1778 3822 1853; baseline 0.007 -21"><span class='ocrx_word' id='word_1_622' title='bbox 2236 1786 2291 1832; x_wconf 91' lang='lat' dir='ltr'><strong>ct</strong></span> <span class='ocrx_word' id='word_1_623' title='bbox 2319 1778 2461 1833; x_wconf 91' lang='lat' dir='ltr'><strong>aliud</strong></span> <span class='ocrx_word' id='word_1_624' title='bbox 2489 1778 2740 1848; x_wconf 88' lang='lat' dir='ltr'><strong>quiddam</strong></span> <span class='ocrx_word' id='word_1_625' title='bbox 2788 1780 2960 1851; x_wconf 87' lang='lat' dir='ltr'><strong>majus</strong></span> <span class='ocrx_word' id='word_1_626' title='bbox 3006 1797 3314 1853; x_wconf 67' lang='lat' dir='ltr'><strong>praeparans</strong></span> <span class='ocrx_word' id='word_1_627' title='bbox 3358 1784 3411 1838; x_wconf 93' lang='lat' dir='ltr'><strong>in</strong></span> <span class='ocrx_word' id='word_1_628' title='bbox 3462 1785 3597 1839; x_wconf 66' lang='lat' dir='ltr'><strong>calo</strong></span> <span class='ocrx_word' id='word_1_629' title='bbox 3648 1794 3822 1843; x_wconf 82' lang='lat' dir='ltr'><strong>totum</strong></span> 
     </span>
    </p>
   </div>
   <div class='ocr_carea' id='block_1_78' title="bbox 2233 1870 3822 1945">
    <p class='ocr_par' dir='ltr' id='par_1_78' title="bbox 2233 1870 3822 1945">
     <span class='ocr_line' id='line_1_78' title="bbox 2233 1870 3822 1945; baseline 0.006 -20"><span class='ocrx_word' id='word_1_630' title='bbox 2233 1870 2524 1926; x_wconf 80' lang='lat' dir='ltr'><strong>recondat?</strong></span> <span class='ocrx_word' id='word_1_631' title='bbox 2574 1870 2878 1942; x_wconf 81' lang='lat' dir='ltr'><strong>Magnitudo</strong></span> <span class='ocrx_word' id='word_1_632' title='bbox 2929 1873 3128 1944; x_wconf 88' lang='lat' dir='ltr'><strong>quippe</strong></span> <span class='ocrx_word' id='word_1_633' title='bbox 3179 1874 3340 1941; x_wconf 90' lang='lat' dir='ltr'><strong>doni,</strong></span> <span class='ocrx_word' id='word_1_634' title='bbox 3372 1886 3427 1930; x_wconf 90' lang='lat' dir='ltr'><strong>et</strong></span> <span class='ocrx_word' id='word_1_635' title='bbox 3473 1876 3822 1945; x_wconf 83' lang='lat' dir='ltr'><strong>pulchritudo</strong></span> 
     </span>
    </p>
   </div>
   <div class='ocr_carea' id='block_1_79' title="bbox 2232 1961 3821 2038">
    <p class='ocr_par' dir='ltr' id='par_1_79' title="bbox 2232 1961 3821 2038">
     <span class='ocr_line' id='line_1_79' title="bbox 2232 1961 3821 2038; baseline 0.008 -25"><span class='ocrx_word' id='word_1_636' title='bbox 2232 1961 2527 2031; x_wconf 74' lang='lat' dir='ltr'><strong>ejus,vit:e</strong></span> <span class='ocrx_word' id='word_1_637' title='bbox 2574 1964 2854 2034; x_wconf 64' lang='lat' dir='ltr'><strong>prtcsentis</strong></span> <span class='ocrx_word' id='word_1_638' title='bbox 2904 1964 3162 2020; x_wconf 82' lang='lat' dir='ltr'><strong>vilitatem</strong></span> <span class='ocrx_word' id='word_1_639' title='bbox 3208 1967 3365 2038; x_wconf 89' lang='lat' dir='ltr'><strong>longe</strong></span> <span class='ocrx_word' id='word_1_640' title='bbox 3410 1974 3649 2038; x_wconf 80' lang='lat' dir='ltr'><strong>superat.</strong></span> <span class='ocrx_word' id='word_1_641' title='bbox 3698 1970 3821 2026; x_wconf 79' lang='lat' dir='ltr'><strong>Non</strong></span> 
     </span>
    </p>
   </div>
   <div class='ocr_carea' id='block_1_80' title="bbox 2232 2051 3819 2129">
    <p class='ocr_par' dir='ltr' id='par_1_80' title="bbox 2232 2051 3819 2129">
     <span class='ocr_line' id='line_1_80' title="bbox 2232 2051 3819 2129; baseline 0.007 -25"><span class='ocrx_word' id='word_1_642' title='bbox 2232 2052 2372 2105; x_wconf 90' lang='lat' dir='ltr'><strong>enim</strong></span> <span class='ocrx_word' id='word_1_643' title='bbox 2401 2051 2513 2106; x_wconf 88' lang='lat' dir='ltr'><strong>fieri</strong></span> <span class='ocrx_word' id='word_1_644' title='bbox 2544 2062 2717 2121; x_wconf 86' lang='lat' dir='ltr'><strong>potest</strong></span> <span class='ocrx_word' id='word_1_645' title='bbox 2739 2095 2753 2115; x_wconf 85' lang='lat'><strong>.</strong></span> <span class='ocrx_word' id='word_1_646' title='bbox 2781 2063 2840 2109; x_wconf 92' lang='lat' dir='ltr'><strong>ut</strong></span> <span class='ocrx_word' id='word_1_647' title='bbox 2869 2054 2921 2108; x_wconf 92' lang='lat' dir='ltr'><strong>in</strong></span> <span class='ocrx_word' id='word_1_648' title='bbox 2951 2055 3163 2110; x_wconf 82' lang='lat' dir='ltr'><strong>mortali</strong></span> <span class='ocrx_word' id='word_1_649' title='bbox 3187 2066 3242 2111; x_wconf 93' lang='lat' dir='ltr'><strong>et</strong></span> <span class='ocrx_word' id='word_1_650' title='bbox 3265 2055 3408 2111; x_wconf 79' lang='lat' dir='ltr'><strong>ﬂuxo</strong></span> <span class='ocrx_word' id='word_1_651' title='bbox 3436 2074 3669 2129; x_wconf 89' lang='lat' dir='ltr'><strong>corpore</strong></span> <span class='ocrx_word' id='word_1_652' title='bbox 3714 2061 3819 2115; x_wconf 84' lang='lat' dir='ltr'><strong>ini-</strong></span> 
     </span>
    </p>
   </div>
   <div class='ocr_carea' id='block_1_81' title="bbox 2236 2143 3823 2220">
    <p class='ocr_par' dir='ltr' id='par_1_81' title="bbox 2236 2143 3823 2220">
     <span class='ocr_line' id='line_1_81' title="bbox 2236 2143 3823 2220; baseline 0.004 -22"><span class='ocrx_word' id='word_1_653' title='bbox 2236 2143 2629 2201; x_wconf 79' lang='lat' dir='ltr'><strong>matcescihiles</strong></span> <span class='ocrx_word' id='word_1_654' title='bbox 2659 2145 2764 2199; x_wconf 73' lang='lat' dir='ltr'><strong>illae</strong></span> <span class='ocrx_word' id='word_1_655' title='bbox 2789 2152 3002 2200; x_wconf 57' lang='grc' dir='ltr'><strong>θοι-ουκ</strong></span> <span class='ocrx_word' id='word_1_656' title='bbox 3030 2146 3357 2217; x_wconf 88' lang='lat' dir='ltr'><strong>accipiantur</strong></span> <span class='ocrx_word' id='word_1_657' title='bbox 3384 2188 3400 2214; x_wconf 92' lang='lat'><strong>,</strong></span> <span class='ocrx_word' id='word_1_658' title='bbox 3434 2164 3610 2220; x_wconf 86' lang='lat' dir='ltr'><strong>neque</strong></span> <span class='ocrx_word' id='word_1_659' title='bbox 3638 2151 3690 2204; x_wconf 89' lang='lat' dir='ltr'><strong>in</strong></span> <span class='ocrx_word' id='word_1_660' title='bbox 3719 2150 3823 2206; x_wconf 84' lang='lat' dir='ltr'><strong>hac</strong></span> 
     </span>
    </p>
   </div>
   <div class='ocr_carea' id='block_1_82' title="bbox 2236 2236 3823 2313">
    <p class='ocr_par' dir='ltr' id='par_1_82' title="bbox 2236 2236 3823 2313">
     <span class='ocr_line' id='line_1_82' title="bbox 2236 2236 3823 2313; baseline 0.006 -24"><span class='ocrx_word' id='word_1_661' title='bbox 2236 2236 2486 2305; x_wconf 76' lang='lat' dir='ltr'><strong>pncsenti</strong></span> <span class='ocrx_word' id='word_1_662' title='bbox 2540 2243 2597 2291; x_wconf 89' lang='lat' dir='ltr'><strong>et</strong></span> <span class='ocrx_word' id='word_1_663' title='bbox 2646 2236 2871 2291; x_wconf 83' lang='lat' dir='ltr'><strong>tumultu</strong></span> <span class='ocrx_word' id='word_1_664' title='bbox 2929 2236 3085 2308; x_wconf 88' lang='lat' dir='ltr'><strong>plena</strong></span> <span class='ocrx_word' id='word_1_665' title='bbox 3140 2238 3267 2306; x_wconf 81' lang='lat' dir='ltr'><strong>vita,</strong></span> <span class='ocrx_word' id='word_1_666' title='bbox 3323 2241 3823 2313; x_wconf 83' lang='lat' dir='ltr'><strong>mutationibusque</strong></span> 
     </span>
    </p>
   </div>
   <div class='ocr_carea' id='block_1_83' title="bbox 2237 2325 3822 2400">
    <p class='ocr_par' dir='ltr' id='par_1_83' title="bbox 2237 2325 3822 2400">
     <span class='ocr_line' id='line_1_83' title="bbox 2237 2325 3822 2400; baseline 0.007 -22"><span class='ocrx_word' id='word_1_667' title='bbox 2237 2325 2474 2395; x_wconf 89' lang='lat' dir='ltr'><strong>plurimis</strong></span> <span class='ocrx_word' id='word_1_668' title='bbox 2516 2326 2767 2391; x_wconf 85' lang='lat' dir='ltr'><strong>obnoxia,</strong></span> <span class='ocrx_word' id='word_1_669' title='bbox 2817 2325 3036 2381; x_wconf 86' lang='lat' dir='ltr'><strong>immota</strong></span> <span class='ocrx_word' id='word_1_670' title='bbox 3065 2328 3152 2382; x_wconf 82' lang='lat' dir='ltr'><strong>illa</strong></span> <span class='ocrx_word' id='word_1_671' title='bbox 3184 2328 3498 2400; x_wconf 86' lang='lat' dir='ltr'><strong>stabilisque</strong></span> <span class='ocrx_word' id='word_1_672' title='bbox 3524 2346 3645 2387; x_wconf 78' lang='lat' dir='ltr'><strong>Sors</strong></span> <span class='ocrx_word' id='word_1_673' title='bbox 3674 2333 3822 2389; x_wconf 66' lang='lat' dir='ltr'><strong>obti«</strong></span> 
     </span>
    </p>
   </div>
   <div class='ocr_carea' id='block_1_84' title="bbox 2231 2413 3819 2488">
    <p class='ocr_par' dir='ltr' id='par_1_84' title="bbox 2231 2413 3819 2488">
     <span class='ocr_line' id='line_1_84' title="bbox 2231 2413 3819 2488; baseline 0.006 -19"><span class='ocrx_word' id='word_1_674' title='bbox 2231 2414 2345 2469; x_wconf 87' lang='lat' dir='ltr'><strong>neri</strong></span> <span class='ocrx_word' id='word_1_675' title='bbox 2378 2423 2572 2483; x_wconf 89' lang='lat' dir='ltr'><strong>potest.</strong></span> <span class='ocrx_word' id='word_1_676' title='bbox 2615 2413 2734 2471; x_wconf 72' lang='lat' dir='ltr'><strong>iant</strong></span> <span class='ocrx_word' id='word_1_677' title='bbox 2781 2432 2912 2473; x_wconf 89' lang='lat' dir='ltr'><strong>vero</strong></span> <span class='ocrx_word' id='word_1_678' title='bbox 2959 2418 3003 2472; x_wconf 93' lang='lat' dir='ltr'><strong>si</strong></span> <span class='ocrx_word' id='word_1_679' title='bbox 3042 2419 3162 2488; x_wconf 87' lang='lat' dir='ltr'><strong>quis</strong></span> <span class='ocrx_word' id='word_1_680' title='bbox 3204 2419 3296 2473; x_wconf 91' lang='lat' dir='ltr'><strong>tibi</strong></span> <span class='ocrx_word' id='word_1_681' title='bbox 3347 2422 3401 2475; x_wconf 83' lang='lat' dir='ltr'><strong>iu</strong></span> <span class='ocrx_word' id='word_1_682' title='bbox 3448 2422 3623 2476; x_wconf 86' lang='lat' dir='ltr'><strong>aliena</strong></span> <span class='ocrx_word' id='word_1_683' title='bbox 3676 2434 3819 2479; x_wconf 82' lang='lat' dir='ltr'><strong>terra</strong></span> 
     </span>
    </p>
   </div>
   <div class='ocr_carea' id='block_1_85' title="bbox 2231 2504 3821 2586">
    <p class='ocr_par' dir='ltr' id='par_1_85' title="bbox 2231 2504 3821 2586">
     <span class='ocr_line' id='line_1_85' title="bbox 2231 2504 3821 2586; baseline 0.008 -27"><span class='ocrx_word' id='word_1_684' title='bbox 2231 2504 2465 2577; x_wconf 84' lang='lat' dir='ltr'><strong>degenti,</strong></span> <span class='ocrx_word' id='word_1_685' title='bbox 2498 2505 2586 2562; x_wconf 91' lang='lat' dir='ltr'><strong>ubi</strong></span> <span class='ocrx_word' id='word_1_686' title='bbox 2614 2508 2785 2562; x_wconf 90' lang='lat' dir='ltr'><strong>nullos</strong></span> <span class='ocrx_word' id='word_1_687' title='bbox 2828 2507 3057 2565; x_wconf 87' lang='lat' dir='ltr'><strong>haberes</strong></span> <span class='ocrx_word' id='word_1_688' title='bbox 3105 2509 3356 2577; x_wconf 79' lang='lat' dir='ltr'><strong>famulos,</strong></span> <span class='ocrx_word' id='word_1_689' title='bbox 3392 2528 3566 2583; x_wconf 89' lang='lat' dir='ltr'><strong>neque</strong></span> <span class='ocrx_word' id='word_1_690' title='bbox 3624 2529 3821 2586; x_wconf 86' lang='lat' dir='ltr'><strong>posses</strong></span> 
     </span>
    </p>
   </div>
   <div class='ocr_carea' id='block_1_86' title="bbox 2236 2598 3815 2676">
    <p class='ocr_par' dir='ltr' id='par_1_86' title="bbox 2236 2598 3815 2676">
     <span class='ocr_line' id='line_1_86' title="bbox 2236 2598 3815 2676; baseline 0.009 -26"><span class='ocrx_word' id='word_1_691' title='bbox 2236 2598 2287 2651; x_wconf 91' lang='lat' dir='ltr'><strong>in</strong></span> <span class='ocrx_word' id='word_1_692' title='bbox 2316 2599 2537 2667; x_wconf 88' lang='lat' dir='ltr'><strong>patriatn</strong></span> <span class='ocrx_word' id='word_1_693' title='bbox 2562 2599 2689 2669; x_wconf 89' lang='lat' dir='ltr'><strong>quid</strong></span> <span class='ocrx_word' id='word_1_694' title='bbox 2721 2600 3030 2669; x_wconf 82' lang='lat' dir='ltr'><strong>transferre,</strong></span> <span class='ocrx_word' id='word_1_695' title='bbox 3063 2602 3263 2658; x_wconf 71' lang='lat' dir='ltr'><strong>fmuora</strong></span> <span class='ocrx_word' id='word_1_696' title='bbox 3293 2604 3423 2660; x_wconf 86' lang='lat' dir='ltr'><strong>dare</strong></span> <span class='ocrx_word' id='word_1_697' title='bbox 3448 2606 3815 2676; x_wconf 84' lang='lat' dir='ltr'><strong>polliceretur,</strong></span> 
     </span>
    </p>
   </div>
   <div class='ocr_carea' id='block_1_87' title="bbox 2235 2687 3818 2766">
    <p class='ocr_par' dir='ltr' id='par_1_87' title="bbox 2235 2687 3818 2766">
     <span class='ocr_line' id='line_1_87' title="bbox 2235 2687 3818 2766; baseline 0.006 -22"><span class='ocrx_word' id='word_1_698' title='bbox 2235 2687 2431 2746; x_wconf 86' lang='lat' dir='ltr'><strong>obnixe</strong></span> <span class='ocrx_word' id='word_1_699' title='bbox 2476 2691 2802 2761; x_wconf 85' lang='lat' dir='ltr'><strong>precareris,</strong></span> <span class='ocrx_word' id='word_1_700' title='bbox 2835 2708 2901 2747; x_wconf 88' lang='lat' dir='ltr'><strong>ne</strong></span> <span class='ocrx_word' id='word_1_701' title='bbox 2928 2693 2980 2747; x_wconf 91' lang='lat' dir='ltr'><strong>id</strong></span> <span class='ocrx_word' id='word_1_702' title='bbox 3010 2692 3105 2749; x_wconf 91' lang='lat' dir='ltr'><strong>tibi</strong></span> <span class='ocrx_word' id='word_1_703' title='bbox 3131 2694 3181 2748; x_wconf 91' lang='lat' dir='ltr'><strong>in</strong></span> <span class='ocrx_word' id='word_1_704' title='bbox 3209 2696 3486 2766; x_wconf 85' lang='lat' dir='ltr'><strong>peregrina</strong></span> <span class='ocrx_word' id='word_1_705' title='bbox 3520 2706 3665 2756; x_wconf 75' lang='lat' dir='ltr'><strong>terra</strong></span> <span class='ocrx_word' id='word_1_706' title='bbox 3685 2740 3699 2764; x_wconf 85' lang='lat'><strong>,</strong></span> <span class='ocrx_word' id='word_1_707' title='bbox 3722 2700 3818 2756; x_wconf 80' lang='lat' dir='ltr'><strong>sed</strong></span> 
     </span>
    </p>
   </div>
   <div class='ocr_carea' id='block_1_88' title="bbox 2234 2782 3821 2862">
    <p class='ocr_par' dir='ltr' id='par_1_88' title="bbox 2234 2782 3821 2862">
     <span class='ocr_line' id='line_1_88' title="bbox 2234 2782 3821 2862; baseline 0.008 -25"><span class='ocrx_word' id='word_1_708' title='bbox 2234 2782 2375 2837; x_wconf 88' lang='lat' dir='ltr'><strong>domi</strong></span> <span class='ocrx_word' id='word_1_709' title='bbox 2405 2798 2626 2840; x_wconf 83' lang='lat' dir='ltr'><strong>reverso</strong></span> <span class='ocrx_word' id='word_1_710' title='bbox 2650 2796 2987 2854; x_wconf 87' lang='lat' dir='ltr'><strong>numeraret;</strong></span> <span class='ocrx_word' id='word_1_711' title='bbox 3012 2786 3151 2843; x_wconf 86' lang='lat' dir='ltr'><strong>bona</strong></span> <span class='ocrx_word' id='word_1_712' title='bbox 3177 2804 3306 2844; x_wconf 88' lang='lat' dir='ltr'><strong>vero</strong></span> <span class='ocrx_word' id='word_1_713' title='bbox 3329 2789 3417 2844; x_wconf 88' lang='lat' dir='ltr'><strong>illa</strong></span> <span class='ocrx_word' id='word_1_714' title='bbox 3439 2792 3740 2862; x_wconf 89' lang='lat' dir='ltr'><strong>spiritualia</strong></span> <span class='ocrx_word' id='word_1_715' title='bbox 3768 2807 3821 2850; x_wconf 91' lang='lat' dir='ltr'><strong>ct</strong></span> 
     </span>
    </p>
   </div>
   <div class='ocr_carea' id='block_1_89' title="bbox 2233 2876 3817 2950">
    <p class='ocr_par' dir='ltr' id='par_1_89' title="bbox 2233 2876 3817 2950">
     <span class='ocr_line' id='line_1_89' title="bbox 2233 2876 3817 2950; baseline 0.009 -24"><span class='ocrx_word' id='word_1_716' title='bbox 2233 2889 2424 2930; x_wconf 87' lang='lat' dir='ltr'><strong>arcana</strong></span> <span class='ocrx_word' id='word_1_717' title='bbox 2458 2876 2545 2931; x_wconf 89' lang='lat' dir='ltr'><strong>hic</strong></span> <span class='ocrx_word' id='word_1_718' title='bbox 2573 2876 2653 2931; x_wconf 89' lang='lat' dir='ltr'><strong>vis</strong></span> <span class='ocrx_word' id='word_1_719' title='bbox 2683 2877 2956 2948; x_wconf 82' lang='lat' dir='ltr'><strong>recipere?</strong></span> <span class='ocrx_word' id='word_1_720' title='bbox 2984 2888 3037 2934; x_wconf 92' lang='lat' dir='ltr'><strong>et</strong></span> <span class='ocrx_word' id='word_1_721' title='bbox 3062 2890 3257 2950; x_wconf 87' lang='lat' dir='ltr'><strong>quanta</strong></span> <span class='ocrx_word' id='word_1_722' title='bbox 3306 2882 3494 2939; x_wconf 64' lang='lat' dir='ltr'><strong>isthsc</strong></span> <span class='ocrx_word' id='word_1_723' title='bbox 3537 2888 3817 2941; x_wconf 84' lang='lat' dir='ltr'><strong>amentia?</strong></span> 
     </span>
    </p>
   </div>
   <div class='ocr_carea' id='block_1_90' title="bbox 2231 2966 3818 3044">
    <p class='ocr_par' dir='ltr' id='par_1_90' title="bbox 2231 2966 3818 3044">
     <span class='ocr_line' id='line_1_90' title="bbox 2231 2966 3818 3044; baseline 0.008 -23"><span class='ocrx_word' id='word_1_724' title='bbox 2231 2966 2361 3022; x_wconf 84' lang='lat' dir='ltr'><strong>Nam</strong></span> <span class='ocrx_word' id='word_1_725' title='bbox 2389 2967 2434 3022; x_wconf 91' lang='lat' dir='ltr'><strong>si</strong></span> <span class='ocrx_word' id='word_1_726' title='bbox 2459 2967 2549 3023; x_wconf 90' lang='lat' dir='ltr'><strong>hic</strong></span> <span class='ocrx_word' id='word_1_727' title='bbox 2573 2968 2793 3039; x_wconf 86' lang='lat' dir='ltr'><strong>accipis,</strong></span> <span class='ocrx_word' id='word_1_728' title='bbox 2821 2971 3069 3025; x_wconf 86' lang='lat' dir='ltr'><strong>mortalia</strong></span> <span class='ocrx_word' id='word_1_729' title='bbox 3098 2986 3320 3042; x_wconf 90' lang='lat' dir='ltr'><strong>prorsus</strong></span> <span class='ocrx_word' id='word_1_730' title='bbox 3348 2976 3584 3044; x_wconf 86' lang='lat' dir='ltr'><strong>accipis;</strong></span> <span class='ocrx_word' id='word_1_731' title='bbox 3614 2978 3663 3032; x_wconf 87' lang='lat' dir='ltr'><strong>si</strong></span> <span class='ocrx_word' id='word_1_732' title='bbox 3693 2994 3818 3034; x_wconf 67' lang='lat' dir='ltr'><strong>vero</strong></span> 
     </span>
    </p>
   </div>
   <div class='ocr_carea' id='block_1_91' title="bbox 2234 3059 3815 3134">
    <p class='ocr_par' dir='ltr' id='par_1_91' title="bbox 2234 3059 3815 3134">
     <span class='ocr_line' id='line_1_91' title="bbox 2234 3059 3815 3134; baseline 0.006 -20"><span class='ocrx_word' id='word_1_733' title='bbox 2234 3068 2441 3128; x_wconf 91' lang='lat' dir='ltr'><strong>tempus</strong></span> <span class='ocrx_word' id='word_1_734' title='bbox 2483 3059 2613 3115; x_wconf 89' lang='lat' dir='ltr'><strong>illud</strong></span> <span class='ocrx_word' id='word_1_735' title='bbox 2653 3071 2953 3131; x_wconf 79' lang='lat' dir='ltr'><strong>exspectes,</strong></span> <span class='ocrx_word' id='word_1_736' title='bbox 2995 3062 3416 3134; x_wconf 88' lang='lat' dir='ltr'><strong>iucorruptibilia</strong></span> <span class='ocrx_word' id='word_1_737' title='bbox 3448 3076 3503 3122; x_wconf 92' lang='lat' dir='ltr'><strong>et</strong></span> <span class='ocrx_word' id='word_1_738' title='bbox 3526 3083 3641 3122; x_wconf 84' lang='lat' dir='ltr'><strong>non</strong></span> <span class='ocrx_word' id='word_1_739' title='bbox 3668 3068 3815 3125; x_wconf 80' lang='lat' dir='ltr'><strong>ﬂuxa</strong></span> 
     </span>
    </p>
   </div>
   <div class='ocr_carea' id='block_1_92' title="bbox 2233 3149 3816 3230">
    <p class='ocr_par' dir='ltr' id='par_1_92' title="bbox 2233 3149 3816 3230">
     <span class='ocr_line' id='line_1_92' title="bbox 2233 3149 3816 3230; baseline 0.008 -27"><span class='ocrx_word' id='word_1_740' title='bbox 2233 3149 2378 3204; x_wconf 80' lang='lat' dir='ltr'><strong>dabit</strong></span> <span class='ocrx_word' id='word_1_741' title='bbox 2427 3151 2521 3204; x_wconf 91' lang='lat' dir='ltr'><strong>tibi</strong></span> <span class='ocrx_word' id='word_1_742' title='bbox 2556 3165 2571 3204; x_wconf 89' lang='lat'><strong>:</strong></span> <span class='ocrx_word' id='word_1_743' title='bbox 2603 3151 2647 3204; x_wconf 90' lang='lat' dir='ltr'><strong>si</strong></span> <span class='ocrx_word' id='word_1_744' title='bbox 2705 3151 2792 3206; x_wconf 91' lang='lat' dir='ltr'><strong>hic</strong></span> <span class='ocrx_word' id='word_1_745' title='bbox 2842 3154 3106 3224; x_wconf 88' lang='lat' dir='ltr'><strong>accipias,</strong></span> <span class='ocrx_word' id='word_1_746' title='bbox 3139 3154 3413 3225; x_wconf 90' lang='lat' dir='ltr'><strong>plumbum</strong></span> <span class='ocrx_word' id='word_1_747' title='bbox 3460 3160 3749 3230; x_wconf 86' lang='lat' dir='ltr'><strong>accepisti;</strong></span> <span class='ocrx_word' id='word_1_748' title='bbox 3774 3164 3816 3217; x_wconf 87' lang='lat' dir='ltr'><strong>si</strong></span> 
     </span>
    </p>
   </div>
   <div class='ocr_carea' id='block_1_93' title="bbox 2234 3242 3821 3319">
    <p class='ocr_par' dir='ltr' id='par_1_93' title="bbox 2234 3242 3821 3319">
     <span class='ocr_line' id='line_1_93' title="bbox 2234 3242 3821 3319; baseline 0.009 -26"><span class='ocrx_word' id='word_1_749' title='bbox 2234 3242 2363 3309; x_wconf 90' lang='lat' dir='ltr'><strong>illic,</strong></span> <span class='ocrx_word' id='word_1_750' title='bbox 2394 3255 2581 3295; x_wconf 89' lang='lat' dir='ltr'><strong>aurum</strong></span> <span class='ocrx_word' id='word_1_751' title='bbox 2639 3242 2941 3311; x_wconf 84' lang='lat' dir='ltr'><strong>probatum.</strong></span> <span class='ocrx_word' id='word_1_752' title='bbox 2994 3244 3188 3301; x_wconf 87' lang='lat' dir='ltr'><strong>Verum</strong></span> <span class='ocrx_word' id='word_1_753' title='bbox 3241 3262 3414 3319; x_wconf 91' lang='lat' dir='ltr'><strong>neque</strong></span> <span class='ocrx_word' id='word_1_754' title='bbox 3463 3254 3821 3319; x_wconf 78' lang='lat' dir='ltr'><strong>pra&#39;scntibtss</strong></span> 
     </span>
    </p>
   </div>
   <div class='ocr_carea' id='block_1_94' title="bbox 2231 3333 3813 3412">
    <p class='ocr_par' dir='ltr' id='par_1_94' title="bbox 2231 3333 3813 3412">
     <span class='ocr_line' id='line_1_94' title="bbox 2231 3333 3813 3412; baseline 0.007 -23"><span class='ocrx_word' id='word_1_755' title='bbox 2231 3333 2387 3389; x_wconf 87' lang='lat' dir='ltr'><strong>bonis</strong></span> <span class='ocrx_word' id='word_1_756' title='bbox 2425 3342 2477 3388; x_wconf 88' lang='lat' dir='ltr'><strong>te</strong></span> <span class='ocrx_word' id='word_1_757' title='bbox 2516 3334 2762 3405; x_wconf 82' lang='lat' dir='ltr'><strong>privavit.</strong></span> <span class='ocrx_word' id='word_1_758' title='bbox 2816 3335 2945 3390; x_wconf 84' lang='lat' dir='ltr'><strong>Post</strong></span> <span class='ocrx_word' id='word_1_759' title='bbox 2994 3336 3139 3393; x_wconf 87' lang='lat' dir='ltr'><strong>illam</strong></span> <span class='ocrx_word' id='word_1_760' title='bbox 3185 3340 3329 3395; x_wconf 92' lang='lat' dir='ltr'><strong>enim</strong></span> <span class='ocrx_word' id='word_1_761' title='bbox 3382 3343 3813 3412; x_wconf 78' lang='lat' dir='ltr'><strong>promissionem,</strong></span> 
     </span>
    </p>
   </div>
   <div class='ocr_carea' id='block_1_95' title="bbox 2232 3425 3816 3504">
    <p class='ocr_par' dir='ltr' id='par_1_95' title="bbox 2232 3425 3816 3504">
     <span class='ocr_line' id='line_1_95' title="bbox 2232 3425 3816 3504; baseline 0.009 -26"><span class='ocrx_word' id='word_1_762' title='bbox 2232 3427 2389 3482; x_wconf 89' lang='lat' dir='ltr'><strong>aliam</strong></span> <span class='ocrx_word' id='word_1_763' title='bbox 2430 3425 2635 3482; x_wconf 89' lang='lat' dir='ltr'><strong>addidit</strong></span> <span class='ocrx_word' id='word_1_764' title='bbox 2673 3427 2751 3483; x_wconf 89' lang='lat' dir='ltr'><strong>sic</strong></span> <span class='ocrx_word' id='word_1_765' title='bbox 2797 3428 2981 3484; x_wconf 88' lang='lat' dir='ltr'><strong>dicens</strong></span> <span class='ocrx_word' id='word_1_766' title='bbox 3010 3447 3024 3484; x_wconf 90' lang='lat'><strong>:</strong></span> <span class='ocrx_word' id='word_1_767' title='bbox 3053 3430 3307 3504; x_wconf 85' lang='lat' dir='ltr'><strong>Quisquis</strong></span> <span class='ocrx_word' id='word_1_768' title='bbox 3347 3436 3581 3491; x_wconf 65' lang='lat' dir='ltr'><strong>calestia</strong></span> <span class='ocrx_word' id='word_1_769' title='bbox 3633 3450 3816 3503; x_wconf 88' lang='lat' dir='ltr'><strong>amat,</strong></span> 
     </span>
    </p>
   </div>
   <div class='ocr_carea' id='block_1_96' title="bbox 2232 3520 3816 3591">
    <p class='ocr_par' dir='ltr' id='par_1_96' title="bbox 2232 3520 3816 3591">
     <span class='ocr_line' id='line_1_96' title="bbox 2232 3520 3816 3591; baseline 0.009 -17"><span class='ocrx_word' id='word_1_770' title='bbox 2232 3520 2533 3589; x_wconf 90' lang='lat' dir='ltr'><strong>centuplum</strong></span> <span class='ocrx_word' id='word_1_771' title='bbox 2562 3520 2781 3589; x_wconf 88' lang='lat' dir='ltr'><strong>recipiet</strong></span> <span class='ocrx_word' id='word_1_772' title='bbox 2811 3522 2863 3575; x_wconf 91' lang='lat' dir='ltr'><strong>in</strong></span> <span class='ocrx_word' id='word_1_773' title='bbox 2896 3522 2997 3577; x_wconf 89' lang='lat' dir='ltr'><strong>hoc</strong></span> <span class='ocrx_word' id='word_1_774' title='bbox 3019 3524 3239 3591; x_wconf 67' lang='lat' dir='ltr'><strong>seculo,</strong></span> <span class='ocrx_word' id='word_1_775' title='bbox 3270 3536 3327 3582; x_wconf 83' lang='lat' dir='ltr'><strong>et</strong></span> <span class='ocrx_word' id='word_1_776' title='bbox 3362 3528 3524 3583; x_wconf 87' lang='lat' dir='ltr'><strong>vitam</strong></span> <span class='ocrx_word' id='word_1_777' title='bbox 3555 3538 3816 3588; x_wconf 68' lang='lat' dir='ltr'><strong>aeternam</strong></span> 
     </span>
    </p>
   </div>
   <div class='ocr_carea' id='block_1_97' title="bbox 2231 3609 3072 3687">
    <p class='ocr_par' dir='ltr' id='par_1_97' title="bbox 2231 3609 3072 3687">
     <span class='ocr_line' id='line_1_97' title="bbox 2231 3609 3072 3687; baseline 0.012 -28"><span class='ocrx_word' id='word_1_778' title='bbox 2231 3609 2520 3679; x_wconf 79' lang='lat' dir='ltr'><strong>possidebit</strong></span> <span class='ocrx_word' id='word_1_779' title='bbox 2550 3612 2567 3679; x_wconf 93' lang='lat'><strong>(</strong></span> <span class='ocrx_word' id='word_1_780' title='bbox 2595 3609 2782 3665; x_wconf 75' lang='lat' dir='ltr'><strong>Hattlt.</strong></span> <span class='ocrx_word' id='word_1_781' title='bbox 2816 3610 2906 3668; x_wconf 74' lang='grc'><strong>19.</strong></span> <span class='ocrx_word' id='word_1_782' title='bbox 2936 3611 3007 3669; x_wconf 70' lang='grc'><strong>29</strong></span> <span class='ocrx_word' id='word_1_783' title='bbox 3027 3611 3072 3687; x_wconf 86' lang='grc'><strong>).</strong></span> 
     </span>
    </p>
   </div>
   <div class='ocr_carea' id='block_1_98' title="bbox 2302 3700 3818 3779">
    <p class='ocr_par' dir='ltr' id='par_1_98' title="bbox 2302 3700 3818 3779">
     <span class='ocr_line' id='line_1_98' title="bbox 2302 3700 3818 3779; baseline 0.011 -25"><span class='ocrx_word' id='word_1_784' title='bbox 2302 3700 2421 3755; x_wconf 84' lang='lat' dir='ltr'><strong>Non</strong></span> <span class='ocrx_word' id='word_1_785' title='bbox 2441 3701 2563 3755; x_wconf 80' lang='lat' dir='ltr'><strong>doni</strong></span> <span class='ocrx_word' id='word_1_786' title='bbox 2584 3703 2896 3774; x_wconf 81' lang='lat' dir='ltr'><strong>magnitudo,</strong></span> <span class='ocrx_word' id='word_1_787' title='bbox 2913 3706 3000 3759; x_wconf 82' lang='lat' dir='ltr'><strong>sed</strong></span> <span class='ocrx_word' id='word_1_788' title='bbox 3028 3706 3229 3762; x_wconf 66' lang='lat' dir='ltr'><strong>animus</strong></span> <span class='ocrx_word' id='word_1_789' title='bbox 3250 3710 3660 3779; x_wconf 59' lang='lat' dir='ltr'><strong>spectatura—Si</strong></span> <span class='ocrx_word' id='word_1_790' title='bbox 3688 3730 3818 3771; x_wconf 79' lang='lat' dir='ltr'><strong>vero</strong></span> 
     </span>
    </p>
   </div>
   <div class='ocr_carea' id='block_1_99' title="bbox 2229 3791 3817 3875">
    <p class='ocr_par' dir='ltr' id='par_1_99' title="bbox 2229 3791 3817 3875">
     <span class='ocr_line' id='line_1_99' title="bbox 2229 3791 3817 3875; baseline 0.009 -29"><span class='ocrx_word' id='word_1_791' title='bbox 2229 3791 2533 3857; x_wconf 88' lang='lat' dir='ltr'><strong>centuplum</strong></span> <span class='ocrx_word' id='word_1_792' title='bbox 2562 3807 2669 3846; x_wconf 89' lang='lat' dir='ltr'><strong>non</strong></span> <span class='ocrx_word' id='word_1_793' title='bbox 2699 3794 3013 3864; x_wconf 85' lang='lat' dir='ltr'><strong>accipimus,</strong></span> <span class='ocrx_word' id='word_1_794' title='bbox 3064 3808 3164 3850; x_wconf 89' lang='lat' dir='ltr'><strong>nos</strong></span> <span class='ocrx_word' id='word_1_795' title='bbox 3193 3796 3245 3851; x_wconf 91' lang='lat' dir='ltr'><strong>in</strong></span> <span class='ocrx_word' id='word_1_796' title='bbox 3271 3813 3430 3855; x_wconf 88' lang='lat' dir='ltr'><strong>causa</strong></span> <span class='ocrx_word' id='word_1_797' title='bbox 3476 3818 3697 3870; x_wconf 79' lang='lat' dir='ltr'><strong>sumus,</strong></span> <span class='ocrx_word' id='word_1_798' title='bbox 3725 3810 3817 3875; x_wconf 91' lang='lat' dir='ltr'><strong>qui</strong></span> 
     </span>
    </p>
   </div>
   <div class='ocr_carea' id='block_1_100' title="bbox 2229 3882 3819 3967">
    <p class='ocr_par' dir='ltr' id='par_1_100' title="bbox 2229 3882 3819 3967">
     <span class='ocr_line' id='line_1_100' title="bbox 2229 3882 3819 3967; baseline 0.009 -30"><span class='ocrx_word' id='word_1_799' title='bbox 2229 3898 2333 3937; x_wconf 92' lang='lat' dir='ltr'><strong>non</strong></span> <span class='ocrx_word' id='word_1_800' title='bbox 2377 3893 2561 3938; x_wconf 91' lang='lat' dir='ltr'><strong>mutuo</strong></span> <span class='ocrx_word' id='word_1_801' title='bbox 2588 3882 2779 3938; x_wconf 89' lang='lat' dir='ltr'><strong>damus</strong></span> <span class='ocrx_word' id='word_1_802' title='bbox 2814 3884 2883 3950; x_wconf 92' lang='lat' dir='ltr'><strong>ci,</strong></span> <span class='ocrx_word' id='word_1_803' title='bbox 2912 3885 3001 3955; x_wconf 88' lang='lat' dir='ltr'><strong>qui</strong></span> <span class='ocrx_word' id='word_1_804' title='bbox 3027 3893 3228 3941; x_wconf 90' lang='lat' dir='ltr'><strong>tantum</strong></span> <span class='ocrx_word' id='word_1_805' title='bbox 3258 3888 3386 3946; x_wconf 89' lang='lat' dir='ltr'><strong>dare</strong></span> <span class='ocrx_word' id='word_1_806' title='bbox 3408 3902 3585 3963; x_wconf 90' lang='lat' dir='ltr'><strong>potest</strong></span> <span class='ocrx_word' id='word_1_807' title='bbox 3610 3910 3628 3950; x_wconf 86' lang='lat'><strong>:</strong></span> <span class='ocrx_word' id='word_1_808' title='bbox 3654 3907 3819 3967; x_wconf 86' lang='lat' dir='ltr'><strong>quot-</strong></span> 
     </span>
    </p>
   </div>
   <div class='ocr_carea' id='block_1_101' title="bbox 2228 3971 3819 4053">
    <p class='ocr_par' dir='ltr' id='par_1_101' title="bbox 2228 3971 3819 4053">
     <span class='ocr_line' id='line_1_101' title="bbox 2228 3971 3819 4053; baseline 0.014 -31"><span class='ocrx_word' id='word_1_809' title='bbox 2228 3981 2354 4041; x_wconf 89' lang='lat' dir='ltr'><strong>quot</strong></span> <span class='ocrx_word' id='word_1_810' title='bbox 2388 3972 2531 4027; x_wconf 88' lang='lat' dir='ltr'><strong>enim</strong></span> <span class='ocrx_word' id='word_1_811' title='bbox 2574 3971 2855 4040; x_wconf 89' lang='lat' dir='ltr'><strong>dederunt,</strong></span> <span class='ocrx_word' id='word_1_812' title='bbox 2895 3983 2973 4030; x_wconf 91' lang='lat' dir='ltr'><strong>tot</strong></span> <span class='ocrx_word' id='word_1_813' title='bbox 3011 3984 3259 4048; x_wconf 68' lang='lat' dir='ltr'><strong>tanjaque</strong></span> <span class='ocrx_word' id='word_1_814' title='bbox 3295 3994 3648 4053; x_wconf 89' lang='lat' dir='ltr'><strong>receperunt,</strong></span> <span class='ocrx_word' id='word_1_815' title='bbox 3690 3988 3819 4045; x_wconf 75' lang='lat' dir='ltr'><strong>licet</strong></span> 
     </span>
    </p>
   </div>
   <div class='ocr_carea' id='block_1_102' title="bbox 2228 4063 3813 4141">
    <p class='ocr_par' dir='ltr' id='par_1_102' title="bbox 2228 4063 3813 4141">
     <span class='ocr_line' id='line_1_102' title="bbox 2228 4063 3813 4141; baseline 0.002 -23"><span class='ocrx_word' id='word_1_816' title='bbox 2228 4077 2392 4133; x_wconf 88' lang='lat' dir='ltr'><strong>pauca</strong></span> <span class='ocrx_word' id='word_1_817' title='bbox 2418 4063 2682 4124; x_wconf 89' lang='lat' dir='ltr'><strong>dederint.</strong></span> <span class='ocrx_word' id='word_1_818' title='bbox 2730 4063 2865 4133; x_wconf 93' lang='lat' dir='ltr'><strong>Quid</strong></span> <span class='ocrx_word' id='word_1_819' title='bbox 2891 4067 3034 4121; x_wconf 92' lang='lat' dir='ltr'><strong>enim</strong></span> <span class='ocrx_word' id='word_1_820' title='bbox 3063 4070 3257 4139; x_wconf 80' lang='lat' dir='ltr'><strong>magni,</strong></span> <span class='ocrx_word' id='word_1_821' title='bbox 3288 4087 3492 4141; x_wconf 64' lang='lat' dir='ltr'><strong>quaso,</strong></span> <span class='ocrx_word' id='word_1_822' title='bbox 3523 4075 3676 4131; x_wconf 66' lang='lat' dir='ltr'><strong>dedit</strong></span> <span class='ocrx_word' id='word_1_823' title='bbox 3708 4079 3813 4134; x_wconf 68' lang='lat' dir='ltr'><strong>pe.</strong></span> 
     </span>
    </p>
   </div>
   <div class='ocr_carea' id='block_1_103' title="bbox 2232 4155 3813 4225">
    <p class='ocr_par' dir='ltr' id='par_1_103' title="bbox 2232 4155 3813 4225">
     <span class='ocr_line' id='line_1_103' title="bbox 2232 4155 3813 4225; baseline 0.012 -19"><span class='ocrx_word' id='word_1_824' title='bbox 2232 4155 2378 4207; x_wconf 80' lang='lat' dir='ltr'><strong>Irus?</strong></span> <span class='ocrx_word' id='word_1_825' title='bbox 2399 4169 2575 4210; x_wconf 91' lang='lat' dir='ltr'><strong>nonne</strong></span> <span class='ocrx_word' id='word_1_826' title='bbox 2597 4164 2710 4211; x_wconf 91' lang='lat' dir='ltr'><strong>rete</strong></span> <span class='ocrx_word' id='word_1_827' title='bbox 2728 4157 2974 4222; x_wconf 90' lang='lat' dir='ltr'><strong>scissum,</strong></span> <span class='ocrx_word' id='word_1_828' title='bbox 2999 4166 3054 4213; x_wconf 91' lang='lat' dir='ltr'><strong>et</strong></span> <span class='ocrx_word' id='word_1_829' title='bbox 3076 4160 3335 4217; x_wconf 86' lang='lat' dir='ltr'><strong>calamum</strong></span> <span class='ocrx_word' id='word_1_830' title='bbox 3357 4173 3412 4219; x_wconf 91' lang='lat' dir='ltr'><strong>et</strong></span> <span class='ocrx_word' id='word_1_831' title='bbox 3430 4164 3649 4221; x_wconf 89' lang='lat' dir='ltr'><strong>hamum</strong></span> <span class='ocrx_word' id='word_1_832' title='bbox 3665 4168 3690 4221; x_wconf 90' lang='lat'><strong>?</strong></span> <span class='ocrx_word' id='word_1_833' title='bbox 3706 4168 3813 4225; x_wconf 86' lang='lat' dir='ltr'><strong>Sed</strong></span> 
     </span>
    </p>
   </div>
   <div class='ocr_carea' id='block_1_104' title="bbox 2231 4248 3813 4325">
    <p class='ocr_par' dir='ltr' id='par_1_104' title="bbox 2231 4248 3813 4325">
     <span class='ocr_line' id='line_1_104' title="bbox 2231 4248 3813 4325; baseline 0.011 -25"><span class='ocrx_word' id='word_1_834' title='bbox 2231 4256 2405 4301; x_wconf 87' lang='lat' dir='ltr'><strong>tamen</strong></span> <span class='ocrx_word' id='word_1_835' title='bbox 2430 4248 2567 4304; x_wconf 84' lang='lat' dir='ltr'><strong>Deus</strong></span> <span class='ocrx_word' id='word_1_836' title='bbox 2590 4248 2687 4320; x_wconf 89' lang='lat' dir='ltr'><strong>ipsi</strong></span> <span class='ocrx_word' id='word_1_837' title='bbox 2714 4249 2947 4305; x_wconf 84' lang='lat' dir='ltr'><strong>universi</strong></span> <span class='ocrx_word' id='word_1_838' title='bbox 2974 4252 3119 4307; x_wconf 88' lang='lat' dir='ltr'><strong>orbis</strong></span> <span class='ocrx_word' id='word_1_839' title='bbox 3147 4254 3338 4310; x_wconf 89' lang='lat' dir='ltr'><strong>domos</strong></span> <span class='ocrx_word' id='word_1_840' title='bbox 3363 4259 3592 4325; x_wconf 89' lang='lat' dir='ltr'><strong>aperuit,</strong></span> <span class='ocrx_word' id='word_1_841' title='bbox 3613 4269 3813 4317; x_wconf 86' lang='lat' dir='ltr'><strong>terram</strong></span> 
     </span>
    </p>
   </div>
   <div class='ocr_carea' id='block_1_105' title="bbox 2230 4339 3812 4420">
    <p class='ocr_par' dir='ltr' id='par_1_105' title="bbox 2230 4339 3812 4420">
     <span class='ocr_line' id='line_1_105' title="bbox 2230 4339 3812 4420; baseline 0.011 -31"><span class='ocrx_word' id='word_1_842' title='bbox 2230 4346 2283 4390; x_wconf 92' lang='lat' dir='ltr'><strong>et</strong></span> <span class='ocrx_word' id='word_1_843' title='bbox 2318 4353 2463 4393; x_wconf 87' lang='lat' dir='ltr'><strong>mare</strong></span> <span class='ocrx_word' id='word_1_844' title='bbox 2487 4339 2737 4409; x_wconf 81' lang='lat' dir='ltr'><strong>expandit</strong></span> <span class='ocrx_word' id='word_1_845' title='bbox 2764 4350 2818 4395; x_wconf 87' lang='lat' dir='ltr'><strong>et</strong></span> <span class='ocrx_word' id='word_1_846' title='bbox 2840 4355 3027 4400; x_wconf 87' lang='lat' dir='ltr'><strong>omnes</strong></span> <span class='ocrx_word' id='word_1_847' title='bbox 3082 4344 3229 4399; x_wconf 91' lang='lat' dir='ltr'><strong>illum</strong></span> <span class='ocrx_word' id='word_1_848' title='bbox 3255 4345 3322 4400; x_wconf 90' lang='lat' dir='ltr'><strong>ad</strong></span> <span class='ocrx_word' id='word_1_849' title='bbox 3353 4362 3447 4401; x_wconf 88' lang='lat' dir='ltr'><strong>sua</strong></span> <span class='ocrx_word' id='word_1_850' title='bbox 3476 4351 3812 4420; x_wconf 87' lang='lat' dir='ltr'><strong>evocabant;</strong></span> 
     </span>
    </p>
   </div>
   <div class='ocr_carea' id='block_1_106' title="bbox 2230 4427 3812 4509">
    <p class='ocr_par' dir='ltr' id='par_1_106' title="bbox 2230 4427 3812 4509">
     <span class='ocr_line' id='line_1_106' title="bbox 2230 4427 3812 4509; baseline 0.012 -27"><span class='ocrx_word' id='word_1_851' title='bbox 2230 4427 2337 4482; x_wconf 87' lang='lat' dir='ltr'><strong>imo</strong></span> <span class='ocrx_word' id='word_1_852' title='bbox 2362 4443 2456 4483; x_wconf 90' lang='lat' dir='ltr'><strong>sua</strong></span> <span class='ocrx_word' id='word_1_853' title='bbox 2494 4429 2781 4487; x_wconf 80' lang='lat' dir='ltr'><strong>vendentcs</strong></span> <span class='ocrx_word' id='word_1_854' title='bbox 2806 4431 2873 4487; x_wconf 90' lang='lat' dir='ltr'><strong>ad</strong></span> <span class='ocrx_word' id='word_1_855' title='bbox 2903 4433 3043 4489; x_wconf 91' lang='lat' dir='ltr'><strong>illius</strong></span> <span class='ocrx_word' id='word_1_856' title='bbox 3066 4436 3228 4506; x_wconf 84' lang='lat' dir='ltr'><strong>pedes</strong></span> <span class='ocrx_word' id='word_1_857' title='bbox 3254 4436 3566 4509; x_wconf 84' lang='lat' dir='ltr'><strong>ail‘erebant,</strong></span> <span class='ocrx_word' id='word_1_858' title='bbox 3607 4458 3715 4499; x_wconf 90' lang='lat' dir='ltr'><strong>non</strong></span> <span class='ocrx_word' id='word_1_859' title='bbox 3744 4450 3812 4502; x_wconf 89' lang='lat' dir='ltr'><strong>ad</strong></span> 
     </span>
    </p>
   </div>
   <div class='ocr_carea' id='block_1_107' title="bbox 2229 4523 3811 4605">
    <p class='ocr_par' dir='ltr' id='par_1_107' title="bbox 2229 4523 3811 4605">
     <span class='ocr_line' id='line_1_107' title="bbox 2229 4523 3811 4605; baseline 0.011 -29"><span class='ocrx_word' id='word_1_860' title='bbox 2229 4537 2420 4576; x_wconf 88' lang='lat' dir='ltr'><strong>manus</strong></span> <span class='ocrx_word' id='word_1_861' title='bbox 2444 4523 2789 4593; x_wconf 89' lang='lat' dir='ltr'><strong>conjicientes</strong></span> <span class='ocrx_word' id='word_1_862' title='bbox 2819 4527 3031 4598; x_wconf 90' lang='lat' dir='ltr'><strong>(neque</strong></span> <span class='ocrx_word' id='word_1_863' title='bbox 3060 4530 3202 4584; x_wconf 90' lang='lat' dir='ltr'><strong>enim</strong></span> <span class='ocrx_word' id='word_1_864' title='bbox 3231 4531 3567 4605; x_wconf 88' lang='lat' dir='ltr'><strong>audebant),</strong></span> <span class='ocrx_word' id='word_1_865' title='bbox 3600 4544 3811 4593; x_wconf 87' lang='lat' dir='ltr'><strong>tantum</strong></span> 
     </span>
    </p>
   </div>
   <div class='ocr_carea' id='block_1_108' title="bbox 2230 4613 3814 4684">
    <p class='ocr_par' dir='ltr' id='par_1_108' title="bbox 2230 4613 3814 4684">
     <span class='ocr_line' id='line_1_108' title="bbox 2230 4613 3814 4684; baseline 0.011 -17"><span class='ocrx_word' id='word_1_866' title='bbox 2230 4613 2305 4667; x_wconf 91' lang='lat' dir='ltr'><strong>illi</strong></span> <span class='ocrx_word' id='word_1_867' title='bbox 2334 4627 2453 4669; x_wconf 90' lang='lat' dir='ltr'><strong>cum</strong></span> <span class='ocrx_word' id='word_1_868' title='bbox 2484 4614 2841 4670; x_wconf 80' lang='lat' dir='ltr'><strong>muniﬁcentia</strong></span> <span class='ocrx_word' id='word_1_869' title='bbox 2895 4617 3156 4675; x_wconf 90' lang='lat' dir='ltr'><strong>honorem</strong></span> <span class='ocrx_word' id='word_1_870' title='bbox 3211 4622 3526 4679; x_wconf 87' lang='lat' dir='ltr'><strong>tribuentes.</strong></span> <span class='ocrx_word' id='word_1_871' title='bbox 3573 4624 3680 4681; x_wconf 89' lang='lat' dir='ltr'><strong>Sed</strong></span> <span class='ocrx_word' id='word_1_872' title='bbox 3721 4628 3814 4684; x_wconf 85' lang='lat' dir='ltr'><strong>ille</strong></span> 
     </span>
    </p>
   </div>
   <div class='ocr_carea' id='block_1_109' title="bbox 2230 4703 3811 4790">
    <p class='ocr_par' dir='ltr' id='par_1_109' title="bbox 2230 4703 3811 4790">
     <span class='ocr_line' id='line_1_109' title="bbox 2230 4703 3811 4790; baseline 0.013 -33"><span class='ocrx_word' id='word_1_873' title='bbox 2230 4703 2420 4758; x_wconf 83' lang='lat' dir='ltr'><strong>Petrus</strong></span> <span class='ocrx_word' id='word_1_874' title='bbox 2447 4715 2580 4766; x_wconf 87' lang='lat' dir='ltr'><strong>erat.</strong></span> <span class='ocrx_word' id='word_1_875' title='bbox 2608 4706 2834 4776; x_wconf 87' lang='lat' dir='ltr'><strong>inquies.</strong></span> <span class='ocrx_word' id='word_1_876' title='bbox 2892 4707 2961 4763; x_wconf 82' lang='lat' dir='ltr'><strong>Et</strong></span> <span class='ocrx_word' id='word_1_877' title='bbox 2982 4708 3107 4779; x_wconf 89' lang='lat' dir='ltr'><strong>quid</strong></span> <span class='ocrx_word' id='word_1_878' title='bbox 3139 4712 3240 4767; x_wconf 89' lang='lat' dir='ltr'><strong>hoc</strong></span> <span class='ocrx_word' id='word_1_879' title='bbox 3265 4753 3280 4776; x_wconf 91' lang='lat'><strong>,</strong></span> <span class='ocrx_word' id='word_1_880' title='bbox 3312 4728 3345 4769; x_wconf 95' lang='lat' dir='ltr'><strong>o</strong></span> <span class='ocrx_word' id='word_1_881' title='bbox 3373 4714 3575 4770; x_wconf 90' lang='lat' dir='ltr'><strong>homo?</strong></span> <span class='ocrx_word' id='word_1_882' title='bbox 3625 4717 3811 4790; x_wconf 81' lang='lat' dir='ltr'><strong>Neque</strong></span> 
     </span>
    </p>
   </div>
   <div class='ocr_carea' id='block_1_110' title="bbox 2228 4795 3808 4880">
    <p class='ocr_par' dir='ltr' id='par_1_110' title="bbox 2228 4795 3808 4880">
     <span class='ocr_line' id='line_1_110' title="bbox 2228 4795 3808 4880; baseline 0.008 -31"><span class='ocrx_word' id='word_1_883' title='bbox 2228 4795 2370 4850; x_wconf 91' lang='lat' dir='ltr'><strong>enim</strong></span> <span class='ocrx_word' id='word_1_884' title='bbox 2400 4796 2559 4850; x_wconf 79' lang='lat' dir='ltr'><strong>l’etro</strong></span> <span class='ocrx_word' id='word_1_885' title='bbox 2582 4806 2785 4851; x_wconf 87' lang='lat' dir='ltr'><strong>tantum</strong></span> <span class='ocrx_word' id='word_1_886' title='bbox 2813 4797 2927 4854; x_wconf 73' lang='lat' dir='ltr'><strong>hazc</strong></span> <span class='ocrx_word' id='word_1_887' title='bbox 2953 4800 3219 4869; x_wconf 88' lang='lat' dir='ltr'><strong>pollicitus</strong></span> <span class='ocrx_word' id='word_1_888' title='bbox 3264 4811 3377 4870; x_wconf 89' lang='lat' dir='ltr'><strong>est;</strong></span> <span class='ocrx_word' id='word_1_889' title='bbox 3428 4821 3603 4878; x_wconf 89' lang='lat' dir='ltr'><strong>neque</strong></span> <span class='ocrx_word' id='word_1_890' title='bbox 3649 4808 3808 4880; x_wconf 83' lang='lat' dir='ltr'><strong>dixit,</strong></span> 
     </span>
    </p>
   </div>
   <div class='ocr_carea' id='block_1_111' title="bbox 2229 4888 3807 4971">
    <p class='ocr_par' dir='ltr' id='par_1_111' title="bbox 2229 4888 3807 4971">
     <span class='ocr_line' id='line_1_111' title="bbox 2229 4888 3807 4971; baseline 0.01 -28"><span class='ocrx_word' id='word_1_891' title='bbox 2229 4888 2307 4943; x_wconf 83' lang='lat' dir='ltr'><strong>&#39;i‘u</strong></span> <span class='ocrx_word' id='word_1_892' title='bbox 2334 4904 2481 4957; x_wconf 80' lang='lat' dir='ltr'><strong>vero,</strong></span> <span class='ocrx_word' id='word_1_893' title='bbox 2514 4890 2703 4958; x_wconf 89' lang='lat' dir='ltr'><strong>Petre,</strong></span> <span class='ocrx_word' id='word_1_894' title='bbox 2735 4892 3040 4962; x_wconf 89' lang='lat' dir='ltr'><strong>centuplum</strong></span> <span class='ocrx_word' id='word_1_895' title='bbox 3069 4896 3297 4965; x_wconf 88' lang='lat' dir='ltr'><strong>recipies</strong></span> <span class='ocrx_word' id='word_1_896' title='bbox 3325 4898 3492 4963; x_wconf 90' lang='lat' dir='ltr'><strong>solus.</strong></span> <span class='ocrx_word' id='word_1_897' title='bbox 3522 4903 3640 4969; x_wconf 89' lang='lat' dir='ltr'><strong>sed,</strong></span> <span class='ocrx_word' id='word_1_898' title='bbox 3675 4904 3807 4971; x_wconf 81' lang='lat' dir='ltr'><strong>Qni-</strong></span> 
     </span>
    </p>
   </div>
   <div class='ocr_carea' id='block_1_112' title="bbox 2228 4982 3808 5061">
    <p class='ocr_par' dir='ltr' id='par_1_112' title="bbox 2228 4982 3808 5061">
     <span class='ocr_line' id='line_1_112' title="bbox 2228 4982 3808 5061; baseline 0.009 -26"><span class='ocrx_word' id='word_1_899' title='bbox 2228 4996 2436 5052; x_wconf 81' lang='lat' dir='ltr'><strong>cumque</strong></span> <span class='ocrx_word' id='word_1_900' title='bbox 2458 4982 2711 5051; x_wconf 79' lang='lat' dir='ltr'><strong>reliquerit</strong></span> <span class='ocrx_word' id='word_1_901' title='bbox 2739 4983 2963 5049; x_wconf 81' lang='lat' dir='ltr'><strong>domum,</strong></span> <span class='ocrx_word' id='word_1_902' title='bbox 2991 4986 3069 5039; x_wconf 77' lang='lat' dir='ltr'><strong>vel</strong></span> <span class='ocrx_word' id='word_1_903' title='bbox 3090 4986 3295 5056; x_wconf 75' lang='lat' dir='ltr'><strong>fratrea,</strong></span> <span class='ocrx_word' id='word_1_904' title='bbox 3342 4992 3637 5061; x_wconf 75' lang='lat' dir='ltr'><strong>centuplum</strong></span> <span class='ocrx_word' id='word_1_905' title='bbox 3674 4996 3808 5049; x_wconf 75' lang='lat' dir='ltr'><strong>reci-</strong></span> 
     </span>
    </p>
   </div>
   <div class='ocr_carea' id='block_1_113' title="bbox 2231 5075 3805 5156">
    <p class='ocr_par' dir='ltr' id='par_1_113' title="bbox 2231 5075 3805 5156">
     <span class='ocr_line' id='line_1_113' title="bbox 2231 5075 3805 5156; baseline 0.011 -29"><span class='ocrx_word' id='word_1_906' title='bbox 2231 5076 2348 5143; x_wconf 77' lang='lat' dir='ltr'><strong>piet.</strong></span> <span class='ocrx_word' id='word_1_907' title='bbox 2398 5075 2576 5147; x_wconf 84' lang='lat' dir='ltr'><strong>Neque</strong></span> <span class='ocrx_word' id='word_1_908' title='bbox 2599 5077 2740 5131; x_wconf 90' lang='lat' dir='ltr'><strong>enim</strong></span> <span class='ocrx_word' id='word_1_909' title='bbox 2772 5092 3114 5147; x_wconf 84' lang='lat' dir='ltr'><strong>personarum</strong></span> <span class='ocrx_word' id='word_1_910' title='bbox 3143 5080 3492 5138; x_wconf 73' lang='lat' dir='ltr'><strong>differentiam</strong></span> <span class='ocrx_word' id='word_1_911' title='bbox 3524 5085 3611 5141; x_wconf 88' lang='lat' dir='ltr'><strong>ille</strong></span> <span class='ocrx_word' id='word_1_912' title='bbox 3635 5090 3805 5156; x_wconf 69' lang='lat' dir='ltr'><strong>novit,</strong></span> 
     </span>
    </p>
   </div>
   <div class='ocr_carea' id='block_1_114' title="bbox 2228 5165 3806 5242">
    <p class='ocr_par' dir='ltr' id='par_1_114' title="bbox 2228 5165 3806 5242">
     <span class='ocr_line' id='line_1_114' title="bbox 2228 5165 3806 5242; baseline 0.009 -21"><span class='ocrx_word' id='word_1_913' title='bbox 2228 5165 2321 5221; x_wconf 88' lang='lat' dir='ltr'><strong>sed</strong></span> <span class='ocrx_word' id='word_1_914' title='bbox 2342 5182 2518 5221; x_wconf 90' lang='lat' dir='ltr'><strong>rerum</strong></span> <span class='ocrx_word' id='word_1_915' title='bbox 2544 5167 2751 5221; x_wconf 86' lang='lat' dir='ltr'><strong>merita.</strong></span> <span class='ocrx_word' id='word_1_916' title='bbox 2798 5169 2868 5221; x_wconf 83' lang='lat' dir='ltr'><strong>At</strong></span> <span class='ocrx_word' id='word_1_917' title='bbox 2893 5184 2997 5236; x_wconf 90' lang='lat' dir='ltr'><strong>me,</strong></span> <span class='ocrx_word' id='word_1_918' title='bbox 3026 5170 3252 5242; x_wconf 86' lang='lat' dir='ltr'><strong>inquies,</strong></span> <span class='ocrx_word' id='word_1_919' title='bbox 3278 5171 3567 5229; x_wconf 83' lang='lat' dir='ltr'><strong>libererum</strong></span> <span class='ocrx_word' id='word_1_920' title='bbox 3608 5177 3806 5235; x_wconf 87' lang='lat' dir='ltr'><strong>chorus</strong></span> 
     </span>
    </p>
   </div>
   <div class='ocr_carea' id='block_1_115' title="bbox 2228 5258 3805 5335">
    <p class='ocr_par' dir='ltr' id='par_1_115' title="bbox 2228 5258 3805 5335">
     <span class='ocr_line' id='line_1_115' title="bbox 2228 5258 3805 5335; baseline 0.009 -23"><span class='ocrx_word' id='word_1_921' title='bbox 2228 5258 2603 5324; x_wconf 90' lang='lat' dir='ltr'><strong>circumsistit,</strong></span> <span class='ocrx_word' id='word_1_922' title='bbox 2629 5259 2892 5329; x_wconf 85' lang='lat' dir='ltr'><strong>cupioque</strong></span> <span class='ocrx_word' id='word_1_923' title='bbox 2940 5260 3059 5315; x_wconf 89' lang='lat' dir='ltr'><strong>illos</strong></span> <span class='ocrx_word' id='word_1_924' title='bbox 3101 5262 3292 5318; x_wconf 81' lang='lat' dir='ltr'><strong>divites</strong></span> <span class='ocrx_word' id='word_1_925' title='bbox 3322 5263 3648 5335; x_wconf 85' lang='lat' dir='ltr'><strong>relinquere.</strong></span> <span class='ocrx_word' id='word_1_926' title='bbox 3697 5268 3805 5326; x_wconf 85' lang='lat' dir='ltr'><strong>Cur</strong></span> 
     </span>
    </p>
   </div>
   <div class='ocr_carea' id='block_1_116' title="bbox 2227 5349 3801 5421">
    <p class='ocr_par' dir='ltr' id='par_1_116' title="bbox 2227 5349 3801 5421">
     <span class='ocr_line' id='line_1_116' title="bbox 2227 5349 3801 5421; baseline 0.007 -16"><span class='ocrx_word' id='word_1_927' title='bbox 2227 5365 2355 5421; x_wconf 81' lang='lat' dir='ltr'><strong>ergo</strong></span> <span class='ocrx_word' id='word_1_928' title='bbox 2385 5349 2504 5404; x_wconf 90' lang='lat' dir='ltr'><strong>illos</strong></span> <span class='ocrx_word' id='word_1_929' title='bbox 2533 5364 2792 5421; x_wconf 86' lang='lat' dir='ltr'><strong>pauperes</strong></span> <span class='ocrx_word' id='word_1_930' title='bbox 2830 5352 3041 5407; x_wconf 87' lang='lat' dir='ltr'><strong>reddis?</strong></span> <span class='ocrx_word' id='word_1_931' title='bbox 3069 5353 3125 5409; x_wconf 89' lang='lat' dir='ltr'><strong>Si</strong></span> <span class='ocrx_word' id='word_1_932' title='bbox 3155 5354 3295 5409; x_wconf 90' lang='lat' dir='ltr'><strong>enim</strong></span> <span class='ocrx_word' id='word_1_933' title='bbox 3330 5355 3435 5411; x_wconf 90' lang='lat' dir='ltr'><strong>illis</strong></span> <span class='ocrx_word' id='word_1_934' title='bbox 3464 5360 3645 5415; x_wconf 90' lang='lat' dir='ltr'><strong>omnia</strong></span> <span class='ocrx_word' id='word_1_935' title='bbox 3675 5363 3801 5415; x_wconf 88' lang='lat' dir='ltr'><strong>reli-</strong></span> 
     </span>
    </p>
   </div>
   <div class='ocr_carea' id='block_1_117' title="bbox 2226 5441 3801 5517">
    <p class='ocr_par' dir='ltr' id='par_1_117' title="bbox 2226 5441 3801 5517">
     <span class='ocr_line' id='line_1_117' title="bbox 2226 5441 3801 5517; baseline 0.009 -24"><span class='ocrx_word' id='word_1_936' title='bbox 2226 5441 2426 5510; x_wconf 87' lang='lat' dir='ltr'><strong>queris,</strong></span> <span class='ocrx_word' id='word_1_937' title='bbox 2456 5456 2561 5494; x_wconf 90' lang='lat' dir='ltr'><strong>non</strong></span> <span class='ocrx_word' id='word_1_938' title='bbox 2594 5450 2717 5495; x_wconf 74' lang='lat' dir='ltr'><strong>tuta:</strong></span> <span class='ocrx_word' id='word_1_939' title='bbox 2764 5442 3017 5498; x_wconf 64' lang='lat' dir='ltr'><strong>custodiae</strong></span> <span class='ocrx_word' id='word_1_940' title='bbox 3066 5453 3153 5498; x_wconf 87' lang='lat' dir='ltr'><strong>tua</strong></span> <span class='ocrx_word' id='word_1_941' title='bbox 3205 5446 3381 5501; x_wconf 89' lang='lat' dir='ltr'><strong>omnia</strong></span> <span class='ocrx_word' id='word_1_942' title='bbox 3407 5452 3729 5517; x_wconf 87' lang='lat' dir='ltr'><strong>committis;</strong></span> <span class='ocrx_word' id='word_1_943' title='bbox 3755 5451 3801 5507; x_wconf 82' lang='lat' dir='ltr'><strong>si</strong></span> 
     </span>
    </p>
   </div>
   <div class='ocr_carea' id='block_1_118' title="bbox 2226 5531 3800 5603">
    <p class='ocr_par' dir='ltr' id='par_1_118' title="bbox 2226 5531 3800 5603">
     <span class='ocr_line' id='line_1_118' title="bbox 2226 5531 3800 5603; baseline 0.009 -19"><span class='ocrx_word' id='word_1_944' title='bbox 2226 5546 2352 5585; x_wconf 85' lang='lat' dir='ltr'><strong>vero</strong></span> <span class='ocrx_word' id='word_1_945' title='bbox 2378 5531 2542 5585; x_wconf 88' lang='lat' dir='ltr'><strong>Deum</strong></span> <span class='ocrx_word' id='word_1_946' title='bbox 2570 5532 2862 5587; x_wconf 89' lang='lat' dir='ltr'><strong>constituas</strong></span> <span class='ocrx_word' id='word_1_947' title='bbox 2903 5535 3136 5603; x_wconf 88' lang='lat' dir='ltr'><strong>ipsorum</strong></span> <span class='ocrx_word' id='word_1_948' title='bbox 3160 5536 3479 5595; x_wconf 88' lang='lat' dir='ltr'><strong>coheredem</strong></span> <span class='ocrx_word' id='word_1_949' title='bbox 3500 5550 3560 5595; x_wconf 90' lang='lat' dir='ltr'><strong>et</strong></span> <span class='ocrx_word' id='word_1_950' title='bbox 3583 5552 3800 5598; x_wconf 87' lang='lat' dir='ltr'><strong>curato-</strong></span> 
     </span>
    </p>
   </div>
   <div class='ocr_carea' id='block_1_119' title="bbox 2225 5623 3796 5703">
    <p class='ocr_par' dir='ltr' id='par_1_119' title="bbox 2225 5623 3796 5703">
     <span class='ocr_line' id='line_1_119' title="bbox 2225 5623 3796 5703; baseline 0.01 -25"><span class='ocrx_word' id='word_1_951' title='bbox 2225 5640 2372 5690; x_wconf 84' lang='lat' dir='ltr'><strong>rem,</strong></span> <span class='ocrx_word' id='word_1_952' title='bbox 2400 5623 2637 5679; x_wconf 82' lang='lat' dir='ltr'><strong>infinitos</strong></span> <span class='ocrx_word' id='word_1_953' title='bbox 2677 5628 2779 5682; x_wconf 92' lang='lat' dir='ltr'><strong>illis</strong></span> <span class='ocrx_word' id='word_1_954' title='bbox 2820 5629 3101 5686; x_wconf 78' lang='lat' dir='ltr'><strong>thesauros</strong></span> <span class='ocrx_word' id='word_1_955' title='bbox 3142 5632 3417 5703; x_wconf 87' lang='lat' dir='ltr'><strong>relinquis.</strong></span> <span class='ocrx_word' id='word_1_956' title='bbox 3466 5634 3613 5689; x_wconf 87' lang='lat' dir='ltr'><strong>Sicut</strong></span> <span class='ocrx_word' id='word_1_957' title='bbox 3654 5637 3796 5692; x_wconf 88' lang='lat' dir='ltr'><strong>enim</strong></span> 
     </span>
    </p>
   </div>
   <div class='ocr_carea' id='block_1_120' title="bbox 2223 5718 3793 5793">
    <p class='ocr_par' dir='ltr' id='par_1_120' title="bbox 2223 5718 3793 5793">
     <span class='ocr_line' id='line_1_120' title="bbox 2223 5718 3793 5793; baseline 0.01 -24"><span class='ocrx_word' id='word_1_958' title='bbox 2223 5732 2340 5769; x_wconf 88' lang='lat' dir='ltr'><strong>cum</strong></span> <span class='ocrx_word' id='word_1_959' title='bbox 2372 5732 2471 5770; x_wconf 88' lang='lat' dir='ltr'><strong>nos</strong></span> <span class='ocrx_word' id='word_1_960' title='bbox 2500 5718 2641 5786; x_wconf 88' lang='lat' dir='ltr'><strong>ipsos</strong></span> <span class='ocrx_word' id='word_1_961' title='bbox 2693 5720 3015 5789; x_wconf 89' lang='lat' dir='ltr'><strong>ulciscimur,</strong></span> <span class='ocrx_word' id='word_1_962' title='bbox 3070 5725 3208 5780; x_wconf 86' lang='lat' dir='ltr'><strong>Deus</strong></span> <span class='ocrx_word' id='word_1_963' title='bbox 3258 5740 3356 5780; x_wconf 90' lang='lat' dir='ltr'><strong>nos</strong></span> <span class='ocrx_word' id='word_1_964' title='bbox 3384 5740 3490 5780; x_wconf 84' lang='lat' dir='ltr'><strong>non</strong></span> <span class='ocrx_word' id='word_1_965' title='bbox 3518 5725 3793 5793; x_wconf 78' lang='lat' dir='ltr'><strong>defendit;</strong></span> 
     </span>
    </p>
   </div>
   <div class='ocr_carea' id='block_1_121' title="bbox 2223 5812 3792 5889">
    <p class='ocr_par' dir='ltr' id='par_1_121' title="bbox 2223 5812 3792 5889">
     <span class='ocr_line' id='line_1_121' title="bbox 2223 5812 3792 5889; baseline 0.008 -26"><span class='ocrx_word' id='word_1_966' title='bbox 2223 5823 2341 5863; x_wconf 80' lang='lat' dir='ltr'><strong>cum</strong></span> <span class='ocrx_word' id='word_1_967' title='bbox 2373 5825 2499 5865; x_wconf 86' lang='lat' dir='ltr'><strong>vero</strong></span> <span class='ocrx_word' id='word_1_968' title='bbox 2524 5826 2621 5866; x_wconf 81' lang='lat' dir='ltr'><strong>nos</strong></span> <span class='ocrx_word' id='word_1_969' title='bbox 2645 5812 2742 5882; x_wconf 80' lang='lat' dir='ltr'><strong>ipsi</strong></span> <span class='ocrx_word' id='word_1_970' title='bbox 2769 5813 3164 5875; x_wconf 84' lang='lat' dir='ltr'><strong>conuuittintus.</strong></span> <span class='ocrx_word' id='word_1_971' title='bbox 3187 5814 3307 5888; x_wconf 80' lang='lat' dir='ltr'><strong>plus</strong></span> <span class='ocrx_word' id='word_1_972' title='bbox 3332 5832 3490 5889; x_wconf 79' lang='lat' dir='ltr'><strong>quam</strong></span> <span class='ocrx_word' id='word_1_973' title='bbox 3516 5828 3792 5887; x_wconf 65' lang='lat' dir='ltr'><strong>exspecta-</strong></span> 
     </span>
    </p>
   </div>
  </div>
