4056 6538
230 462 356 518 ιεςδ

229 577 444 630 hamus
489 575 781 644 accipimus
814 591 826 628 :
855 577 929 628 sic
957 584 1011 628 ct
1052 575 1104 628 in
1134 575 1370 643 pecuniis
1411 571 1603 627 accidit
1629 591 1640 624 :
1671 572 1713 625 si
1748 587 1846 624 nos

231 670 368 724 illas
394 685 664 733 curemus,
698 670 910 724 desinet
939 670 1051 738 ipse
1079 668 1288 722 illartnn
1317 682 1502 721 curam
1535 665 1730 720 habere
1754 679 1768 728 ;
1797 665 1843 718 si

231 761 293 814 in
349 764 498 816 illum
529 770 669 817 totas
714 763 1088 832 conjiciamus,
1118 771 1174 814 et
1199 761 1343 830 ipsas
1367 774 1420 813 et
1450 760 1588 813 lilios
1615 760 1666 812 in
1696 757 1841 810 omni

229 855 535 909 si-ctu-itate
557 857 868 909 constituet.
898 852 1099 924 Ecquid
1124 853 1358 916 miraris,
1379 853 1422 906 si
1448 852 1498 905 id
1531 853 1580 906 in
1613 852 1721 906 Deo
1744 866 1841 904 usu

233 945 447 1009 veniat,
481 962 602 1000 cum
647 947 784 1014 apud
835 946 1081 999 homines
1131 944 1360 1013 idipsum
1390 943 1608 997 videas?
1633 940 1764 996 Nam
1797 940 1840 994 si

231 1040 490 1092 moriens
530 1040 948 1109 propinquorum
997 1037 1265 1091 neminem
1309 1037 1594 1090 liberorum
1625 1046 1839 1089 curaro-

232 1146 360 1182 rem
391 1129 656 1194 advoces;
691 1128 893 1200 pudore
922 1137 976 1183 et
1008 1127 1329 1183 verecundia
1359 1129 1672 1197 plerumque
1700 1125 1836 1180 deti-

231 1231 405 1272 netur
448 1220 513 1282 is,
558 1218 650 1288 qui
697 1218 986 1273 admodum
1009 1217 1156 1288 cupit
1182 1219 1232 1271 in
1262 1218 1481 1272 tutelam
1514 1218 1655 1271 illam
1686 1216 1839 1270 invo-

230 1310 356 1365 lare
389 1329 402 1363 :
431 1312 513 1366 sin
541 1322 720 1366 autem
748 1312 798 1366 in
829 1313 974 1366 illum
1003 1327 1185 1366 curam
1228 1310 1531 1380 hujusmodi
1561 1311 1835 1379 rejeceris.

230 1412 428 1470 utpote
453 1402 686 1457 maximo
712 1403 886 1458 cultus
919 1404 1144 1468 honore,
1177 1402 1462 1457 maximam
1495 1411 1548 1458 et
1577 1402 1691 1473 ipse
1717 1401 1838 1456 red-

226 1494 332 1550 det
364 1496 556 1550 vicem.

305 1587 364 1641 9.
424 1588 602 1654 Qualis
634 1588 900 1642 hau-editas
942 1588 1066 1657 [iliis
1115 1587 1466 1654 relinquenda.
1526 1585 1833 1639 Diuitiarum

227 1677 353 1745 quis
377 1695 497 1731 usus
527 1681 789 1732 bomts.—
810 1679 866 1733 Si
895 1680 976 1732 vis
1007 1693 1135 1749 ergo
1165 1678 1350 1732 liberis
1390 1678 1604 1733 divitias
1633 1677 1833 1731 multas

226 1768 565 1838 relinquere,
591 1771 679 1825 Dei
698 1769 1086 1839 providentiam
1103 1770 1207 1824 illis
1219 1768 1524 1839 relinquito.
1548 1768 1646 1834 Qui
1665 1767 1828 1850 enim,

225 1861 368 1913 nihil
394 1871 444 1914 te
473 1869 683 1930 agente,
723 1863 955 1916 animam
987 1861 1076 1916 tibi
1101 1861 1252 1916 dedit
1274 1869 1327 1914 et
1356 1874 1554 1929 corpus
1581 1859 1832 1914 efforma-

225 1951 327 2015 vit,
355 1953 625 2021 vitamque
656 1951 880 2022 largitus
904 1960 1027 2017 est;
1068 1967 1188 2006 cum
1215 1951 1418 2006 videbit
1443 1960 1492 2005 te
1540 1958 1738 2003 tantam
1769 1949 1830 2002 lio

224 2043 571 2099 beralitatem
603 2045 882 2108 exhibere,
911 2054 967 2098 et
988 2045 1123 2099 bona
1146 2059 1267 2098 eum
1295 2043 1420 2096 filiis
1449 2043 1547 2112 ipsi
1570 2043 1782 2096 tradere
1812 2059 1824 2094 :

222 2152 408 2191 annon
443 2138 547 2192 illis
587 2138 802 2192 divitias
841 2153 1028 2192 omnes
1055 2136 1294 2207 aperiet?
1339 2136 1394 2190 Si
1448 2135 1590 2192 enim
1649 2135 1828 2189 llelias

223 2228 438 2282 modica
476 2228 642 2283 farina
673 2231 926 2292 nutritus,
950 2229 1072 2299 quia
1103 2229 1233 2282 vidit
1268 2227 1541 2283 mulierem
1576 2227 1716 2280 illam
1744 2228 1824 2293 ip-

221 2335 346 2374 sum
377 2321 500 2374 liliis
528 2321 640 2374 suis
675 2321 996 2390 praetulisse,
1027 2335 1183 2375 areas
1220 2331 1273 2375 et
1315 2321 1598 2375 toreularia
1641 2319 1692 2372 in
1727 2319 1824 2372 do.

223 2414 482 2466 tuuneula
515 2413 685 2468 vidua:
716 2413 992 2479 exhibuit;
1026 2415 1198 2482 cogita
1231 2423 1485 2484 quantam
1530 2413 1624 2467 tibi
1659 2413 1824 2468 llcli:e

226 2503 488 2558 Dominus
533 2505 968 2560 benevolentiam
999 2505 1350 2561 exhibiturus
1392 2515 1494 2560 est.
1541 2504 1618 2560 Ne
1665 2506 1826 2576 igitur

153 2663 159 2671 ἢ
223 2594 357 2649 illud
388 2605 709 2664 spectemus,
741 2611 848 2666 quo
873 2607 1026 2666 pacto
1048 2596 1185 2652 filios
1213 2596 1408 2652 divites
1436 2598 1821 2667 relinquemus,

224 2685 323 2740 sed
361 2687 632 2754 quomodo
679 2689 876 2742 virtute
908 2688 1183 2756 prteditos.
1215 2687 1346 2742 Nam
1375 2689 1418 2742 si
1443 2688 1518 2742 illi
1548 2689 1598 2742 in
1626 2688 1824 2744 divitiis

222 2777 529 2841 confidant.
564 2781 692 2833 nihil
734 2779 878 2835 aliud
905 2782 1204 2849 curabunt,
1243 2792 1428 2852 utpote
1471 2783 1560 2854 qui
1606 2799 1818 2839 morum

224 2870 620 2941 improbitatem
650 2873 748 2927 sub
775 2874 1120 2944 pecuniarum
1149 2875 1299 2945 copia
1330 2877 1480 2944 quasi
1504 2877 1604 2932 sub
1636 2879 1821 2932 umbra

224 2974 407 3034 tegere
431 2967 638 3036 possint
666 2985 678 3020 :
707 2968 751 3021 si
779 2976 956 3022 autem
979 2967 1212 3023 viderint
1239 2983 1298 3023 se
1319 2983 1480 3038 opum
1510 2971 1702 3024 solatio
1729 2971 1822 3026 de-

221 3059 458 3123 stitutos,
495 3059 626 3115 nihil
656 3077 760 3114 non
784 3072 962 3131 agent,
991 3070 1045 3116 ut
1074 3077 1142 3116 cx
1168 3063 1363 3118 virtute
1385 3063 1605 3118 multam
1638 3065 1738 3119 sibi
1769 3067 1818 3120 in

222 3161 536 3221 paupertate
566 3152 993 3208 censolatiouem
1023 3154 1247 3223 pariant.
1274 3153 1351 3209 Ne
1375 3155 1534 3225 igitur
1555 3172 1685 3226 opes
1716 3158 1820 3213 illis

221 3243 515 3312 relinquas,
551 3252 606 3297 ut
647 3243 918 3313 relinquas
953 3245 1227 3299 virtutem.
1272 3245 1404 3300 Nam
1437 3257 1695 3302 extrema!
1727 3250 1820 3314 dea

222 3335 436 3389 mentize
461 3336 617 3389 fuerit
651 3335 776 3390 dum
809 3337 1034 3391 vivimus
1083 3337 1285 3391 nullum
1319 3338 1449 3408 ipsis
1480 3341 1689 3395 tradere
1739 3342 1814 3395 fa-

221 3426 475 3478 cultatum
497 3427 735 3480 omnium
763 3427 1084 3492 dominium,
1110 3436 1163 3482 ct
1186 3436 1309 3496 post
1330 3439 1556 3484 mortem
1579 3441 1814 3485 nostram

221 3515 482 3585 iuventuti
514 3519 734 3571 tnultam
765 3533 955 3588 parare
988 3519 1284 3575 licentiam.
1315 3522 1496 3591 Atqui,
1531 3523 1656 3577 dum
1686 3524 1818 3577 vivi-

224 3621 362 3668 mus,
395 3620 676 3675 possumus
697 3610 765 3663 ab
806 3610 908 3663 illis
933 3610 1169 3666 rationes
1200 3621 1468 3683 repetere,
1497 3623 1551 3669 et
1577 3615 1715 3670 male
1742 3617 1815 3669 fa-

220 3696 508 3752 eultatibus
531 3712 656 3753 usos
696 3701 987 3756 emendare
1032 3701 1386 3774 frenareque;
1430 3716 1549 3776 post
1582 3717 1811 3762 mortem

223 3803 368 3850 vero,
393 3789 434 3842 si
467 3788 563 3852 illi,
596 3789 747 3844 nobis
772 3790 875 3844 vita
899 3789 1113 3854 functis,
1141 3792 1408 3861 juventuti
1453 3796 1664 3853 divitias
1690 3799 1815 3852 reli-

221 3881 513 3952 querimus,
539 3882 592 3936 in
620 3893 872 3937 sexcenta
893 3885 1184 3956 prmcipitia
1207 3887 1438 3946 miseros
1466 3890 1808 3960 impellimus,

222 3974 392 4042 ignem
417 3976 466 4028 in
499 3975 672 4043 ignem
702 3975 1066 4046 conjicientes,
1089 3988 1144 4034 et
1174 3979 1226 4033 in
1248 3981 1513 4035 caminum
1535 3983 1810 4038 ardentem

221 4065 395 4118 oleum
447 4067 808 4124 infundentes.
863 4070 1046 4139 Itaque
1090 4071 1132 4125 si
1166 4073 1243 4125 vis
1274 4072 1394 4126 illos
1423 4073 1541 4127 sine
1571 4075 1811 4143 periculo

223 4154 408 4211 divites
452 4159 779 4229 relinquere,
829 4159 1074 4232 relinque
1104 4162 1234 4231 ipsis
1273 4163 1572 4219 debitorem
1604 4165 1767 4220 Deum
1791 4207 1805 4230 ,

223 4247 426 4318 ipsique
457 4249 606 4306 trade
635 4251 1069 4324 chirographum.
1113 4253 1190 4308 llli
1224 4269 1455 4326 namque
1485 4257 1528 4310 si
1556 4259 1810 4327 pecunias

221 4342 518 4413 accipiant,
562 4345 645 4398 cui
697 4345 904 4398 tradant
944 4347 1178 4402 nescient
1204 4387 1218 4410 ,
1253 4356 1308 4402 et
1349 4349 1400 4402 in
1433 4349 1629 4403 multos
1672 4351 1807 4406 inei-

223 4435 345 4489 dent
371 4435 734 4505 sycophantas
763 4445 921 4506 atque
949 4438 1186 4507 ingratos
1221 4455 1234 4493 :
1268 4439 1313 4493 si
1343 4455 1472 4495 vero
1495 4451 1548 4496 tu
1578 4459 1809 4512 pncver-

224 4536 333 4582 tcns
361 4529 447 4581 illa
473 4528 581 4582 Deo
631 4538 814 4584 mutuo
840 4528 1079 4596 dederis,
1127 4539 1272 4585 tutus
1302 4533 1538 4588 manebit
1588 4535 1806 4591 thesau‘

1291 457 1355 514 ΙΝ
1397 457 1611 514 EI‘IST.
1655 457 1745 512 AD
1786 454 1949 510 “OM.
1993 454 2226 513 1103111..
2274 457 2405 514 \‘lll.

3450 468 3554 525 ΑΜ

1958 586 2068 634 rus,
2093 587 2155 626 ae
2177 573 2340 627 multa
2364 587 2483 628 cum
2515 571 2769 628 facilitate
2795 576 3064 630 reddetur.
3098 578 3304 633 Etenim
3329 582 3554 649 gratiam

1956 661 2110 715 nobis
2138 663 2296 718 habet
2328 665 2486 731 Deus,
2514 681 2634 719 cum
2658 666 2897 720 debitum
2928 668 3123 735 reddit,
3161 685 3223 724 ac
3261 671 3555 726 fmueraln-

1954 769 2041 807 res
2071 770 2193 811 suos
2222 755 2477 813 libentius
2504 776 2662 828 quam
2695 776 2810 824 eos,
2842 763 2933 831 qui
2983 779 3088 817 non
3122 763 3370 818 fmuerati
3399 779 3550 830 sunt,

1951 850 2114 914 videt,
2144 868 2345 922 eosque
2377 853 2607 907 maxime
2635 852 2830 923 diligit,
2863 854 3057 924 quibus
3085 858 3318 910 maxime
3362 858 3545 913 debet.

1953 941 2135 1010 Itaque
2165 944 2208 996 si
2242 945 2321 997 vis
2349 945 2496 998 illum
2531 955 2791 1014 perpetuo
2821 947 3052 999 amicum
3088 947 3307 1011 habere,
3357 950 3552 1003 multo.

1950 1047 2068 1085 rttm
2100 1032 2246 1086 illum
2273 1034 2574 1089 debitorem
2597 1037 2887 1091 constitue.
2917 1036 3101 1106 Neque
3135 1040 3278 1093 enim
3313 1039 3382 1092 ita
3413 1055 3552 1108 gau-

1949 1122 2039 1177 det
2065 1122 2373 1188 ftenerator,
2426 1127 2515 1196 qui
2546 1128 2821 1183 debitores
2848 1129 3029 1195 habet,
3061 1139 3118 1184 ut
3156 1131 3369 1185 lmtatur
3395 1131 3556 1187 Chri-

1947 1224 2064 1268 stus
2093 1216 2159 1268 de
2190 1215 2603 1272 fient-ratoribus
2634 1220 2745 1272 suis
2779 1236 2792 1271 :
2827 1221 2895 1274 ab
2943 1221 3048 1274 illis
3097 1223 3322 1291 aufugit,
3350 1223 3549 1292 quibus

1947 1308 2077 1361 nihil
2107 1308 2296 1374 debet;
2327 1310 2391 1364 ad
2438 1311 2562 1364 illos
2612 1313 2866 1376 accurrit,
2921 1329 3151 1382 quorum
3183 1315 3399 1370 debitor
3439 1328 3548 1371 est.

1944 1399 2085 1454 Nihil
2117 1416 2244 1470 ergo
2273 1419 2376 1454 non
2408 1417 2650 1472 agamus,
2694 1414 2751 1456 nt
2797 1405 2943 1458 illum
2998 1404 3291 1461 habeamus
3335 1407 3551 1464 debito-

1945 1508 2057 1547 rem
2091 1511 2104 1548 :
2140 1494 2239 1548 hoc
2267 1495 2412 1549 enim
2462 1503 2692 1565 tempus,
2751 1495 3014 1551 finitorqu
3071 1506 3282 1567 tempus
3331 1509 3435 1564 est,
3489 1511 3548 1556 ct

1946 1598 2088 1638 nunc
2122 1583 2211 1638 illa
2237 1587 2286 1638 in
2319 1602 2413 1640 usu
2464 1595 2607 1640 sunt.
2637 1587 2693 1641 Si
2722 1603 2850 1658 ergo
2891 1604 3030 1644 nunc
3060 1589 3135 1644 illi
3164 1605 3270 1644 non
3303 1590 3542 1656 dederis,

1941 1686 2062 1742 post
2096 1684 2243 1730 tuum
2270 1692 2334 1730 ex
2369 1677 2467 1732 hac
2511 1679 2615 1731 vita
2648 1681 2848 1734 exitum
2893 1689 2946 1734 te
2983 1696 3118 1750 opus
3164 1696 3269 1735 non
3303 1681 3542 1739 habebit.

1941 1765 2036 1818 llic
2060 1766 2203 1820 enim
2231 1768 2364 1833 sitit,
2392 1768 2477 1821 hic
2502 1769 2707 1834 esurit;
2743 1770 2855 1824 sitit
2886 1771 3113 1826 salutem
3160 1782 3342 1839 tuam;
3393 1773 3544 1827 ideo-

1937 1869 2040 1924 que
2091 1857 2378 1920 mendicat,
2409 1859 2530 1912 ideo
2563 1859 2736 1914 nudus
2767 1861 2978 1926 circuit,
3013 1873 3070 1916 ιιι
3099 1863 3190 1917 tibi
3222 1866 3385 1918 vitam
3437 1866 3540 1919 itu-

1938 1948 2217 2002 mortalem
2249 1951 2574 2018 negotietur.
2608 1952 2685 2008 l\'c
2719 1953 2896 2024 itaque
2923 1955 3070 2010 illum
3098 1957 3397 2026 despicias:
3432 1974 3540 2015 non

1935 2039 2078 2092 enim
2108 2040 2175 2093 ali
2201 2042 2330 2105 vult,
2360 2043 2452 2097 sed
2485 2043 2664 2107 alere;
2721 2062 2826 2100 non
2876 2047 3046 2114 indui,
3080 2049 3174 2105 sed
3208 2049 3452 2114 induere.
3486 2061 3542 2107 et

1933 2146 2154 2186 aureum
2189 2133 2316 2186 illud
2365 2136 2742 2191 vestimentum
2799 2138 2891 2193 tibi
2941 2154 3158 2207 parare,
3209 2141 3408 2196 stolam
3455 2159 3542 2197 ro-

1932 2221 2094 2290 giam.
2123 2222 2240 2277 Non
2271 2225 2419 2278 vides
2447 2226 2777 2282 medicorum
2808 2230 3190 2296 studiosiores,
3215 2248 3337 2287 cum
3360 2249 3538 2305 argm-

1934 2322 2016 2368 tos
2049 2316 2244 2381 lavant,
2279 2326 2331 2372 et
2373 2316 2517 2386 ipsos
2565 2335 2778 2390 quoque
2822 2321 3009 2385 lavari,
3039 2324 3138 2378 etsi
3186 2324 3387 2379 latione
3429 2342 3536 2380 non

1932 2408 2164 2475 egeant?
2187 2407 2276 2462 Sic
2323 2420 2374 2464 et
2407 2411 2522 2478 ipse
2547 2422 2767 2480 propter
2799 2421 2850 2467 te
2881 2411 3214 2469 laborantem
3263 2415 3394 2470 nihil
3429 2431 3536 2472 non

1930 2501 2057 2567 agit.
2093 2499 2217 2553 Ideo
2243 2515 2271 2552 a
2305 2509 2356 2555 te
2388 2502 2532 2554 nulla
2559 2516 2682 2555 cum
2713 2502 2965 2558 violentia
2993 2505 3180 2575 exigit,
3206 2517 3266 2560 ut
3317 2506 3409 2562 tibi
3441 2521 3535 2561 Co-

1933 2592 2135 2660 piosius
2159 2593 2456 2658 retribuat;
2487 2603 2544 2648 ut
2569 2593 2748 2649 discas
2772 2595 2918 2650 illum
2948 2611 3052 2651 non
3080 2612 3214 2667 opus
3247 2597 3534 2653 habentem

1932 2684 2229 2753 postulare,
2258 2687 2351 2740 sed
2384 2695 2439 2740 ut
2468 2686 2778 2741 necessitati
2812 2698 2914 2743 tua:
2953 2688 3253 2758 provideat.
3288 2688 3414 2744 Ideo
3443 2690 3532 2745 vili

1932 2779 1982 2832 in
2031 2778 2212 2832 habitu
2255 2787 2307 2833 te
2346 2779 2478 2843 adit,
2525 2789 2579 2834 et
2627 2779 2903 2834 dexteram
2933 2782 3173 2837 extendit
3205 2799 3218 2835 :
3247 2783 3292 2836 si
3315 2782 3531 2837 obolum

1929 2871 2048 2936 des,
2083 2887 2188 2925 non
2221 2881 2538 2935 aversatur;
2565 2873 2607 2926 si
2636 2881 2976 2937 contemnas,
3019 2889 3124 2928 non
3151 2873 3411 2938 abscedit,
3437 2875 3532 2929 sed

1930 2978 2114 3016 rursus
2143 2977 2202 3017 se
2230 2962 2482 3018 admovet
2510 2980 2523 3016 :
2547 2972 2691 3017 amat
2720 2963 2863 3016 enim
2893 2964 3068 3029 valde,
3097 2974 3241 3019 autat
3265 2976 3414 3020 certe
3443 2981 3532 3019 sa-

1929 3056 2091 3110 lutem
2119 3063 2378 3110 nostram.
2413 3055 2674 3110 Pecunias
2699 3071 2828 3124 ergo
2854 3065 3287 3120 contemnamus,
3320 3068 3374 3111 ut
3405 3074 3473 3113 ne
3497 3076 3528 3112 ει

1925 3148 2142 3206 Christo
2187 3158 2600 3204 contemnantur
2634 3166 2645 3201 :
2679 3150 2936 3218 pecunias
2984 3161 3416 3216 contemnamus,
3473 3161 3531 3206 ut

1923 3252 1977 3297 et
2009 3241 2152 3312 ipsas
2179 3241 2433 3311 pecunias
2461 3255 2834 3310 assequamur.
2859 3239 2990 3295 Nam
3021 3241 3066 3295 si
3087 3242 3204 3296 illas
3232 3241 3318 3297 hie
3342 3257 3530 3297 serve-

1926 3349 2065 3398 mus,
2097 3332 2214 3386 illas
2250 3332 2471 3386 omnino
2494 3341 2549 3386 et
2581 3332 2666 3386 hic
2694 3341 2748 3386 et
2781 3331 2892 3386 illic
2919 3332 3235 3401 perdimus;
3265 3335 3310 3388 si
3342 3335 3528 3390 distri-

1925 3425 2149 3479 lmamus
2181 3425 2494 3488 liberaliter,
2546 3425 2598 3478 iu
2632 3433 2861 3495 utraque
2907 3426 3013 3480 vita
3067 3426 3234 3480 mttlta
3290 3426 3529 3484 fruemur

1923 3519 2218 3586 opulentia.
2247 3517 2346 3584 Qui
2379 3517 2490 3570 vult
2516 3532 2646 3585 ergo
2665 3518 2817 3571 dives
2845 3517 2984 3584 fieri,
3013 3518 3082 3572 sit
3108 3533 3330 3588 pauper,
3356 3530 3410 3573 ut
3436 3519 3530 3575 fiat

1923 3607 2104 3670 dives;
2151 3607 2438 3676 expendat,
2465 3615 2520 3660 ut
2551 3606 2802 3675 colligat;
2837 3620 3074 3676 Spargat,
3108 3616 3167 3661 ut
3213 3620 3524 3680 congregct.

1922 3699 1976 3754 Si
2004 3709 2180 3752 autem
2217 3697 2330 3752 haec
2363 3713 2496 3752 nova
2543 3708 2597 3753 et
2641 3698 3004 3767 inexspectata
3043 3708 3203 3764 sunt;
3254 3713 3524 3756 serentem

1923 3793 2150 3862 respice,
2188 3800 2241 3846 et
2271 3800 2444 3846 tecum
2475 3800 2684 3860 reputa,
2711 3805 2815 3845 non
2846 3806 3004 3861 ptisse
3043 3792 3193 3846 illtnn
3226 3793 3334 3847 alio
3363 3797 3526 3850 modo

1923 3886 2071 3954 plura
2099 3884 2352 3954 colligere
2383 3882 2484 3936 nisi
2511 3898 2631 3951 quae
2660 3881 2821 3937 habet
2846 3892 3084 3952 spargat,
3114 3892 3167 3936 et
3193 3899 3312 3954 quze
3341 3897 3522 3953 parata

1923 3978 2080 4032 habet
2107 3975 2369 4032 effundat.
2397 3974 2656 4030 Seramus
2687 3975 2868 4044 itaque
2894 3985 2949 4029 et
2997 3989 3117 4042 nos,
3150 3986 3205 4030 et
3243 3977 3437 4032 czelum
3465 3989 3524 4032 ut

1919 4085 2106 4138 agrum
2155 4067 2419 4131 colamus,
2475 4075 2531 4120 ut
2560 4081 2683 4120 eum
2717 4067 2884 4120 multa
2939 4067 3096 4136 copia
3147 4078 3414 4124 metamus
3466 4081 3524 4126 et

1917 4172 2118 4216 aeterna
2177 4172 2576 4228 consequamur
2623 4157 2795 4222 bona,
2845 4158 3018 4227 gratia
3073 4167 3132 4213 et
3185 4157 3516 4229 benignitate

1919 4254 2128 4310 Domini
2161 4253 2328 4308 nostri
2360 4253 2490 4307 .lesn
2518 4250 2740 4314 Christi,
2769 4251 2985 4320 quicum
3034 4250 3175 4305 Patri
3203 4261 3259 4306 et
3288 4251 3515 4322 Spiritui

1917 4363 2105 4404 sancto
2138 4347 2332 4416 gloria,
2366 4342 2670 4413 imperium,
2707 4342 2902 4407 honor,
2932 4358 3074 4398 nunc
3099 4353 3154 4398 et
3193 4359 3435 4416 semper,
3464 4355 3519 4402 et

1917 4447 1972 4500 iu
2001 4443 2196 4498 sacuia
2242 4438 2590 4495 smeulorum.
2625 4438 2818 4490 Amen.

232 4673 3503 4700 mm

1588 4766 1934 4828 HOMILIA
1978 4765 2148 4827 VIII.

223 4887 340 4942 Car.
376 4885 428 4939 4.
477 4899 527 4936 v.
562 4886 613 4940 l.
658 4884 796 4952 Quid
838 4902 955 4957 ergo
997 4887 1222 4942 dicemus
1268 4889 1512 4944 invenisse
1549 4889 1805 4943 Abraham

291 4988 481 5048 patrem
537 4989 766 5031 nostrum
816 4986 1092 5034 secundum
1142 4984 1393 5038 carnem?
1455 4983 1512 5039 2.
1569 4983 1710 5037 Nam
1763 4986 1808 5038 si

293 5069 542 5122 Abraham
567 5086 628 5123 ex
653 5071 886 5138 aperibus
901 5073 1216 5141 justi/iectus
1237 5085 1344 5142 est,
1376 5075 1525 5129 habet
1549 5076 1766 5146 gloriam
1788 5118 1802 5141 ,

293 5163 377 5215 sed
405 5178 504 5215 non
535 5161 674 5231 apud
706 5159 886 5215 Deum.

296 5254 346 5307 l.
379 5252 664 5322 Postquam
694 5253 936 5320 dixerat,
979 5257 1121 5326 quod
1173 5257 1404 5312 mundus
1431 5257 1697 5313 obnoxius
1725 5261 1806 5312 fa-

231 5355 338 5403 ctus
366 5343 436 5398 sit
466 5345 574 5400 Deo
598 5389 613 5411 ,
647 5345 786 5415 quod
819 5362 1005 5401 omnes
1037 5351 1411 5418 peccaverint,
1439 5361 1493 5405 et
1520 5350 1661 5420 quod
1702 5365 1806 5404 non

234 5438 388 5511 possit
415 5437 560 5492 salus
586 5438 814 5492 obtineri
843 5439 1060 5494 aliunde
1087 5483 1102 5506 ,
1131 5456 1290 5511 quam
1324 5455 1420 5511 per
1451 5441 1607 5495 fidem
1631 5458 1646 5506 ;
1679 5457 1807 5509 pro-

235 5533 350 5586 bare
377 5529 555 5584 studet
580 5531 807 5583 salutem
841 5529 989 5584 illam
1017 5546 1121 5585 non
1162 5531 1473 5597 dedecoris,
1502 5532 1597 5587 sed
1626 5533 1810 5602 gloriae

235 5637 434 5678 causam
464 5633 605 5685 esse,
633 5631 686 5675 et
710 5621 929 5690 majoris
969 5637 1030 5676 ea
1049 5663 1064 5687 ,
1095 5638 1214 5692 quae
1258 5638 1354 5693 per
1378 5638 1541 5694 opera
1570 5624 1808 5693 acquiri-

238 5726 329 5770 tur.
360 5715 492 5783 Quia
513 5717 660 5770 enim
687 5729 807 5768 cum
838 5713 1102 5770 dedecore
1129 5715 1379 5783 qu0piam
1413 5717 1639 5769 salutem
1673 5731 1808 5771 con-

236 5808 370 5880 sequi
401 5807 633 5877 aliquam
667 5803 1130 5866 afferttristitiam,
1162 5808 1299 5859 hanc
1323 5820 1535 5875 quoque
1561 5805 1812 5876 deinceps

237 5903 580 5976 suSpicionem
607 5901 780 5964 tollit;
808 5914 1130 5971 quamquam
1158 5910 1213 5955 et
1243 5899 1344 5953 hoc
1365 5899 1475 5968 jam
1507 5898 1813 5955 subindica-

1913 4892 2006 4954 vit,
2039 4904 2160 4941 cum
2196 4887 2338 4940 illam
2387 4882 2628 4944 vocavit,
2678 4895 2781 4933 non
2829 4877 3058 4934 salutem
3093 4881 3289 4950 modo,
3318 4886 3413 4941 sed
3459 4900 3513 4944 et

1909 4982 2170 5052 juSIitiam
2195 4995 2211 5032 :
2235 4976 2449 5029 Iustitia
2477 4975 2608 5027 enim
2639 4971 2762 5035 Dei,
2797 4971 3005 5040 inquit,
3038 4972 3090 5024 in
3122 4973 3234 5040 ipso
3262 4979 3512 5036 revelamr

1915 5074 2095 5141 (Rom.
2123 5073 2176 5126 i.
2208 5070 2321 5136 l7).
2350 5067 2453 5133 Qui
2484 5065 2628 5119 enim
2677 5064 2746 5117 ita
2779 5074 3027 5117 servatur
3049 5104 3065 5128 ,
3100 5076 3154 5117 ut
3181 5066 3360 5132 justus
3387 5087 3509 5127 cum

1915 5165 2106 5219 fiducia
2139 5163 2322 5215 salvus
2352 5168 2454 5214 est.
2487 5156 2596 5212 Nec
2632 5155 2894 5225 justitiam
2925 5156 3097 5209 solutn
3128 5156 3292 5223 dicit,
3326 5164 3418 5216 εοει
3459 5178 3512 5220 ﬂ

1913 5255 2279 5310 ostensioncm
2310 5251 2401 5305 Dei
2431 5268 2443 5303 :
2471 5250 2612 5303 Deus
2634 5249 2776 5302 enim
2811 5246 2861 5300 in
2894 5247 3142 5316 gloriosis
3172 5256 3474 5310 ostenditur
3495 5299 3509 5320 ,

1914 5350 1964 5403 in
1998 5344 2293 5416 splendidis
2317 5352 2372 5398 et
2412 5341 2641 5410 magnis.
2674 5339 2938 5394 C:cterum
2970 5340 3130 5393 etiam
3163 5357 3227 5396 ex
3261 5349 3505 5415 [tr0p05i-

1916 5444 1984 5494 tis
2016 5440 2117 5492 hoc
2158 5436 2387 5506 prohat,
2433 5449 2529 5502 per
2567 5431 3043 5500 interrogationem
3074 5432 3346 5491 disserere
3387 5455 3507 5506 per-

1914 5543 2070 5600 gens;
2092 5528 2167 5581 uti
2187 5541 2400 5594 semper
2418 5525 2556 5579 solet
2577 5523 2753 5577 facere
2776 5535 2884 5575 tum
2911 5524 3304 5592 perspicuitatis
3326 5543 3513 5598 causa,

1919 5633 2030 5677 tum
2072 5619 2214 5691 quod
2261 5619 2420 5674 dictis
2462 5616 2720 5671 confidat.
2771 5615 2903 5669 Nam
2954 5617 3024 5668 ita
3057 5617 3182 5670 fecit
3227 5629 3282 5674 et
3312 5637 3473 5693 supra
3499 5668 3515 5689 ,

1917 5713 2104 5766 dicens
2133 5728 2148 5764 :
2178 5709 2314 5776 Quid
2353 5709 2511 5778 igitur
2541 5707 2763 5776 amplius
2796 5708 2941 5760 liabet
2972 5705 3191 5761 Juda’us
3210 5710 3235 5762 ?
3262 5723 3311 5764 et
3333 5753 3346 5775 ,
3379 5714 3517 5779 Quid

1917 5805 2074 5876 igitur
2120 5802 2342 5872 amplius
2389 5800 2672 5855 habemus?
2715 5814 2778 5854 ac
2823 5815 3075 5864 rursum,
3109 5801 3208 5856 Ubi
3235 5805 3519 5873 gloriatio?

1925 5898 2148 5953 Exclusa
2173 5905 2244 5951 est
2263 5911 2283 5959 ;
2302 5905 2366 5949 'et
2393 5895 2478 5949 hic
2499 5933 2514 5959 ,
2550 5893 2686 5960 Quid
2711 5893 2866 5963 igitur
2892 5894 3118 5948 dicemus
3140 5897 3397 5954 Abraham
3426 5921 3528 5973 pa-
