4056 6478
609 558 732 601 trem
755 549 977 596 nostrum
989 533 1167 602 i’Quia
1186 530 1329 587 enim
1357 527 1524 585 Judtci
1552 525 1653 581 hoc
1680 539 1771 580 sua
1792 523 1966 593 deque
1991 536 2175 578 versa-

610 642 759 702 bant,
789 631 928 705 quod
959 625 1257 701 patriarcha
1288 636 1341 680 et
1369 622 1459 677 Dei
1487 622 1690 675 amicus
1714 618 2175 673 circumcisionem

610 730 757 800 prius
794 724 1124 795 accepisset,
1166 717 1281 773 vult
1319 713 1603 779 ostendere
1646 713 1817 781 ipsum
1856 723 2069 779 quoque
2112 722 2176 761 ex

615 823 717 879 lide
733 808 1079 887 justiﬁcatum
1105 825 1225 867 esse
1248 826 1261 862 :
1293 805 1434 877 quod
1468 820 1675 875 magna:
1699 803 1940 858 victoria:
1967 800 2178 855 exube-

608 912 779 968 rantia
809 919 943 965 erat.
972 905 1123 974 Quod
1149 902 1290 958 enim
1321 898 1514 968 aliquis
1548 898 1665 952 sine
1710 894 1964 965 aperibns
1988 909 2052 947 ex
2081 891 2181 946 ﬁde

604 1003 962 1072 justilleetnr,
1008 1010 1111 1051 non
1150 991 1395 1048 absimile
1440 1003 1567 1044 vero
1616 995 1698 1042 est
1724 1004 1738 1041 :
1767 983 1906 1053 quod
1960 998 2087 1037 vero
2126 983 2187 1037 in

608 1105 754 1150 recte
776 1092 927 1147 factis
948 1087 1195 1152 eximius,
1220 1099 1326 1139 non
1359 1082 1504 1147 hinc,
1531 1078 1625 1135 sed
1651 1093 1716 1133 ex
1740 1076 1845 1131 ﬁde
1866 1075 1957 1129 ﬁat
1977 1074 2181 1143 justus,

608 1185 737 1240 illud
789 1179 1029 1237 mirabile
1066 1184 1182 1238 est,
1226 1184 1284 1230 et
1327 1172 1448 1228 ﬁdei
1476 1170 1580 1224 vim
1622 1169 1972 1225 demonstrat.
1994 1164 2179 1233 Quare

605 1277 722 1331 aliis
752 1269 1121 1344 prastermissis
1144 1267 1391 1323 omnibus
1413 1304 1429 1327 ,
1460 1264 1512 1317 in
1544 1262 1687 1317 hunc
1716 1274 2020 1316 sermonem
2044 1274 2177 1360 con-

607 1366 782 1428 νει-ιιι,
806 1374 1015 1435 patrem
1042 1376 1171 1415 vero
1200 1359 1345 1413 illum
1370 1353 1669 1411 secuiidum
1696 1366 1911 1407 carnem
1940 1353 2168 1413 vocavit,

605 1457 824 1525 cjiciens
868 1453 990 1507 illos
1017 1466 1083 1505 ex
1112 1462 1363 1519 germana
1409 1446 1526 1515 ejus
1571 1444 1887 1514 cognatione
1910 1484 1924 1509 ,
1951 1451 2007 1496 et
2035 1442 2175 1495 viam

608 1561 800 1617 parans
832 1542 1077 1614 gentibus
1104 1540 1170 1594 ad
1202 1537 1646 1608 propinquitatem
1677 1550 1797 1589 cum
1841 1533 1933 1587 illo
1970 1531 2173 1586 baben-

603 1639 746 1694 dam.
781 1635 979 1691 Deinde
1003 1634 1112 1688 ait:
1142 1631 1202 1687 Si
1226 1632 1359 1685 enim
1399 1628 1653 1683 Abraham
1679 1644 1743 1681 ea:
1768 1626 2000 1696 aperibus
2014 1627 2173 1697 justi-

605 1731 791 1799 ﬁcatus
810 1735 885 1780 est
908 1766 923 1791 ,
950 1723 1102 1779 liabet
1138 1721 1351 1793 gloriam
1373 1761 1389 1785 ,
1420 1719 1509 1774 sed
1534 1735 1633 1773 non
1660 1719 1801 1787 apud
1830 1717 2010 1772 Deum.
2043 1717 2172 1771 Cum

602 1820 827 1874 dixisset
870 1816 1063 1886 igitur,
1090 1811 1230 1882 quod
1275 1811 1413 1867 Deus
1461 1809 1921 1864 circumcisionem
1965 1822 2029 1862 ex
2070 1806 2174 1861 ﬁde

601 1908 874 1979 iustiﬁcet,
902 1915 956 1960 ct
980 1904 1293 1975 praeputium
1320 1902 1447 1956 item
1473 1915 1569 1969 per
1598 1900 1757 1955 ﬁdem
1775 1941 1790 1965 ,
1823 1911 1876 1953 et
1902 1914 2022 1954 cum
2046 1898 2171 1952 illud

600 2001 654 2055 iu
682 1996 971 2069 pneunissis
997 1993 1325 2049 sufﬁcienter
1368 1991 1678 2061 probasset;
1711 2006 1807 2060 per
1834 1990 2005 2058 ipsum
2036 2004 2170 2060 quo—

598 2106 703 2160 que
731 2088 995 2143 Abraham
1042 2084 1233 2140 melius
1274 2081 1406 2142 illud
1436 2080 1802 2144 demonstrat,
1835 2095 1994 2149 quam
2043 2095 2170 2149 pro-

604 2182 851 2242 miserat,
880 2185 934 2231 ct
957 2174 1241 2246 quamdam
1273 2170 1442 2227 efﬁcit
1485 2185 1712 2242 pugnam
1758 2172 1897 2226 inter
1933 2170 2092 2225 ﬁdem
2117 2178 2173 2225 et

598 2288 760 2344 opera
782 2312 797 2336 ,
831 2279 1106 2339 totumque
1131 2275 1403 2322 certamen
1443 2266 1586 2319 circa
1615 2264 1786 2333 ipsum
1809 2263 2011 2333 justum
2042 2274 2172 2317 sta—

599 2354 733 2429 tui't;
765 2378 863 2419 nec
892 2363 1008 2416 sine
1034 2374 1216 2416 causa.
1250 2356 1375 2412 Ideo
1403 2357 1565 2411 etiam
1595 2371 1920 2425 magnopere
1944 2355 2173 2411 honorat

601 2461 788 2523 illum,
836 2454 1229 2527 progenitorem
1267 2466 1499 2517 vocans,
1539 2450 2021 2516 necessitatemque
2066 2449 2169 2503 illis

601 2552 878 2619 imponens
905 2554 963 2601 ut
1003 2547 1057 2599 in
1081 2543 1328 2598 omnibus
1356 2541 1455 2612 ipsi
1478 2541 1869 2609 obtemperent.
1898 2538 1977 2594 Ne
2004 2540 2132 2593 mihi
2150 2581 2165 2605 ,

600 2644 694 2706 ait,
716 2640 955 2695 induam
975 2635 1199 2700 dixeris,
1225 2647 1359 2688 neve
1389 2631 1529 2686 hunc
1556 2631 1638 2686 vel
1670 2630 1821 2686 illum
1854 2631 1905 2685 in
1934 2630 2168 2685 medium

599 2733 829 2790 adducas
857 2748 871 2784 :
902 2744 1003 2800 ego
1024 2727 1167 2784 enim
1192 2725 1259 2780 ad
1286 2726 1457 2795 ipsum
1486 2722 1777 2794 fastigium,
1817 2732 1872 2777 et
1898 2721 2040 2777 unde
2070 2723 2172 2777 ini-

600 2806 737 2881 tium,
756 2821 959 2891 accepit
976 2819 1090 2889 ipsa
1116 2814 1477 2881 circumcisio,
1491 2812 1748 2869 ascendo.
1773 2811 1833 2868 Si
1859 2815 1999 2867 enim
2014 2811 2172 2867 Abra-

600 2920 717 2971 ham
758 2930 821 2970 ex
846 2912 1080 2982 operibus
1108 2908 1426 2979 justiﬁcatus
1453 2914 1561 2970 sat,
1611 2906 1817 2977 inquit,
1865 2904 2014 2959 habet
2054 2904 2171 2975 glo-

600 3011 750 3073 riam,
767 3004 853 3060 sed
879 3018 979 3057 non
998 2999 1137 3071 apud
1153 2998 1337 3054 Deum.
1356 2998 1759 3054 Obscurumest
1775 2996 1977 3053 dictum
2003 2994 2131 3051 illud
2150 3012 2166 3061 ;

599 3102 824 3170 ideoque
853 3093 1212 3151 necessarium
1239 3101 1321 3146 est
1349 3092 1522 3160 ipsum
1543 3088 1741 3144 clarius
1763 3087 2011 3144 reddere.
2040 3087 2167 3143 Duas

598 3195 738 3249 enim
769 3200 891 3246 sunt
918 3187 1284 3259 gloriationes,
1315 3184 1417 3237 alia
1445 3181 1512 3236 ab
1532 3182 1785 3251 operibus
1804 3222 1820 3246 ,
1844 3179 1946 3233 alia
1978 3195 2008 3233 a
2040 3178 2168 3235 ﬁde.

598 3286 727 3340 Cum
767 3284 895 3338 dicit
918 3295 1046 3350 ergo
1066 3319 1082 3343 ,
1115 3278 1176 3332 Si
1205 3292 1268 3330 ea;
1291 3274 1526 3347 operibus
1546 3274 1859 3343 justiﬁeatus
1885 3284 1955 3328 est
1979 3314 1995 3338 ,
2024 3273 2172 3327 habet

599 3378 852 3449 glorians,
903 3373 1019 3428 sive
1056 3366 1463 3441 gloriationem,
1502 3365 1593 3419 sed
1636 3381 1738 3419 non
1787 3364 1927 3433 apud
1975 3362 2168 3430 Deum,

596 3466 826 3522 ostendit
851 3463 996 3518 illum
1018 3460 1176 3515 etiam
1196 3472 1223 3512 a
1251 3457 1354 3511 ﬁde
1378 3470 1532 3526 posse
1551 3455 1921 3527 gloriationem
1945 3454 2166 3524 habere,

596 3568 648 3613 et
674 3556 837 3610 nmlto
865 3553 1143 3621 majorem.
1170 3548 1357 3616 Magna
1381 3546 1523 3601 enim
1559 3542 1707 3600 Pauli
1732 3546 1814 3600 vis
1845 3546 1897 3601 in
1927 3544 2029 3602 hoc
2057 3563 2171 3603 ma-

598 3647 738 3701 xime
775 3642 1103 3705 ostenditur,
1145 3638 1287 3711 quod
1332 3637 1382 3690 in
1427 3637 1751 3691 contrariam
1799 3645 2002 3706 partem
2055 3653 2167 3693 rem

596 3736 923 3806 propositam
949 3731 1189 3795 verterit,
1222 3729 1292 3782 ita
1322 3735 1378 3782 ut
1406 3726 1546 3796 quod
1577 3727 1724 3781 salus
1754 3728 1841 3781 illa
1874 3743 1970 3797 per
1996 3744 2159 3799 opera

597 3830 786 3889 habet,
820 3834 877 3879 ιιι
902 3822 1162 3894 glorietur
1189 3828 1243 3874 ct
1284 3817 1509 3874 ﬁdenter
1534 3828 1655 3888 agat
1673 3859 1690 3885 ,
1726 3819 1777 3873 id
1819 3819 1974 3890 longe
1999 3821 2167 3891 magis

597 3921 754 3973 ﬁdem
786 3916 990 3969 habere
1008 3910 1275 3979 ostendat.
1306 3908 1438 3963 Nam
1465 3909 1555 3979 qui
1602 3910 1655 3963 in
1686 3911 1942 3979 operibus
1970 3912 2170 3982 gloria-

598 4022 721 4075 tur,
772 4008 982 4063 labores
1027 4017 1152 4065 suos
1182 4000 1422 4071 proferre
1468 4010 1673 4071 potest;
1714 4003 1803 4072 qui
1844 4012 2024 4058 autem
2068 4004 2167 4059 sibi

594 4100 907 4172 gratulatur,
933 4094 1075 4165 quod
1106 4094 1212 4148 Deo
1231 4092 1436 4160 credat,
1467 4093 1634 4148 multo
1654 4094 1910 4163 majorem
1935 4094 2168 4165 glorian-

592 4195 646 4249 di
676 4206 859 4247 ansain
880 4186 1149 4252 ostendit,
1180 4194 1363 4255 utpote
1390 4186 1480 4255 qui
1512 4186 1795 4242 Dominum
1824 4187 2081 4258 gloriﬁcet
2112 4200 2167 4245 et

596 4282 923 4355 magniﬁcet.
956 4279 1086 4346 Qua
1110 4277 1251 4333 enim
1293 4292 1399 4331 non
1422 4277 1641 4333 dictavit
1669 4295 1848 4335 rerum
1874 4268 2163 4337 visibilium

597 4386 814 4439 natura,
844 4387 874 4425 a
906 4369 1009 4423 ﬁde
1038 4369 1089 4422 in
1136 4368 1303 4421 Deum
1351 4368 1656 4437 accipiens,
1707 4371 1969 4425 sinceram
2005 4374 2164 4427 etiam

596 4484 721 4538 erga
750 4480 871 4521 eum
894 4462 1167 4518 caritatem
1198 4458 1459 4527 exhibuit,
1489 4468 1542 4514 et
1570 4460 1901 4528 splendidam
1926 4464 2039 4531 ejus
2068 4479 2167 4533 po-

597 4560 814 4616 tentiam
844 4553 1171 4626 pr:cdicavit.
1206 4550 1339 4605 Illud
1369 4567 1498 4605 vero
1528 4554 1923 4622 generosissimi
1954 4564 2035 4608 est
2060 4556 2167 4609 ani-

597 4655 704 4716 mi,
755 4643 1133 4718 philosOphica:
1174 4642 1490 4707 sententias,
1556 4645 1856 4713 mentisque
1900 4646 2159 4701 sublimis.

594 4744 727 4801 Nam
758 4756 860 4795 non
901 4737 1096 4800 furari,
1128 4750 1233 4789 non
1265 4735 1534 4800 occidere,
1566 4737 1861 4806 vulgarium
1889 4740 2159 4795 hominum

595 4837 713 4890 est;
754 4823 972 4878 credere
1012 4835 1139 4874 vero
1186 4819 1328 4889 quod
1374 4820 1724 4889 impossibilia
1772 4825 1940 4892 possit
1992 4827 2160 4893 Deus,

596 4929 787 4985 magno
817 4910 1097 4965 admodum
1127 4911 1305 4963 animo
1331 4920 1479 4979 eget,
1512 4920 1565 4966 et
1589 4927 1712 4982 erga
1764 4914 1934 4983 ipsum
1962 4919 2163 4987 optime

597 5006 787 5062 all‘ecto
812 5019 825 5054 :
853 5002 1049 5057 ctenim
1088 5015 1356 5069 germanae
1397 5003 1638 5055 caritatis
1682 5004 1783 5059 hoc
1812 5006 2021 5076 signum
2063 5020 2162 5064 est.

601 5100 765 5152 Deum
808 5106 953 5149 certe
990 5093 1118 5145 colit
1165 5092 1253 5160 qui
1305 5104 1567 5161 prmcepta
1620 5095 1838 5164 implet;
1892 5101 2166 5172 multoque

596 5189 763 5259 magis
794 5185 911 5247 hic,
943 5182 1029 5252 qui
1063 5196 1154 5250 per
1182 5183 1337 5236 iidem
1383 5182 1801 5251 philosophatur.
1833 5186 1923 5242 Ilie
1951 5192 2164 5259 quidem

596 5280 696 5351 ipsi
727 5275 996 5337 obedivit;
1031 5273 1116 5327 hic
1146 5287 1271 5327 vero
1300 5272 1709 5329 convenientem
1737 5275 1806 5331 de
1838 5279 1925 5334 illo
1953 5282 2162 5349 opinio-

598 5386 718 5427 nem
762 5366 998 5434 accepit,
1030 5372 1085 5418 et
1125 5363 1293 5433 magis
1312 5380 1474 5434 quam
1528 5382 1622 5435 per
1650 5382 1870 5436 operum
1900 5376 2167 5430 ostensio-

595 5478 717 5517 nem
747 5460 919 5531 ipsum
963 5455 1279 5525 glorilicavit
1322 5464 1376 5511 et
1417 5456 1712 5513 admiratus
1759 5469 1861 5515 est.
1915 5462 2007 5518 Illa
2037 5480 2166 5537 ergo

596 5552 836 5622 gloriatio
866 5557 1007 5602 recte
1048 5547 1318 5614 operantis
1347 5558 1462 5612 est;
1515 5549 1627 5605 haec
1655 5566 1784 5606 vero
1814 5554 1975 5609 Deum
2004 5556 2167 5624 glori-

598 5643 721 5695 ﬁrat
742 5681 757 5704 ,
792 5649 1004 5706 totaque
1046 5637 1207 5705 ipsius
1246 5646 1348 5693 est.
1381 5637 1653 5695 Gloriatur
1678 5644 1818 5697 enim
1841 5688 1853 5709 ,
1886 5649 2023 5716 quod
2056 5664 2167 5703 ma-

595 5749 696 5802 gna
722 5730 788 5785 de
817 5730 910 5783 illo
937 5728 1237 5797 concipiat,
1265 5729 1405 5799 quod
1438 5733 1488 5786 in
1536 5734 1676 5788 illius
1702 5738 1921 5803 gloriam
1953 5742 2162 5797 transit.

597 5822 718 5885 ideo
742 5822 817 5877 ait
858 5820 1005 5875 illum
1036 5818 1229 5876 habere
1253 5822 1627 5893 gloriationcm
1674 5828 1724 5883 in
1755 5830 1862 5888 Deo
1894 5852 1906 5887 :
1938 5849 2043 5892 non
2070 5834 2166 5892 hac

1338 415 1397 471 Β.
1435 410 1709 471 JUAl‘leS
1742 404 2214 466 CHIlYSOSTOMl
2260 404 2571 463 ARCﬂlEP.
2593 405 3119 465 CONSTANTINOP.

3774 413 3869 469 ιδδ

2278 535 2408 575 vero
2458 524 2665 587 solum,
2710 522 2803 578 sed
2850 533 2902 578 et
2941 525 3045 579 alia
3091 526 3159 579 de
3205 540 3389 581 causa.
3423 526 3704 584 Gloriatur
3733 531 3867 583 enim

2282 629 2493 669 rursum
2524 614 2694 669 ﬁdelis-
2715 656 2729 682 ,
2759 633 2863 671 non
2894 618 3053 685 modo
3078 619 3217 688 quod
3255 620 3419 675 Deum
3448 624 3664 677 sincere
3692 631 3864 686 amet,

2281 705 2375 759 sed
2406 707 2545 775 quod
2577 724 2769 775 magno
2793 710 2915 779 ejus
2960 712 3159 767 honore
3182 722 3235 766 et
3260 728 3444 769 amore
3473 715 3710 771 fruatur.
3760 716 3870 771 Sic-

2284 806 2341 851 ut
2367 799 2507 852 enim
2536 799 2649 868 ipse
2679 801 2822 855 illum
2854 805 3085 870 amavit,
3132 819 3319 874 magna
3352 804 3418 861 de
3460 806 3555 861 illo
3604 807 3870 877 imagina-

2284 899 2369 945 tus
2397 890 2540 962 (hoc
2559 892 2699 946 enim
2727 896 2926 949 amoris
2950 908 3321 967 argumentum
3350 898 3467 965 est)
3496 917 3509 951 :
3538 900 3619 955 sic
3649 911 3706 954 et
3732 903 3870 956 Dens

2284 979 2429 1035 illum
2451 986 2647 1035 amavit
2669 985 2936 1039 sexcentis
2963 987 3198 1055 peccatis
3225 991 3545 1052 obnoxium,
3575 1006 3682 1045 nec
3710 993 3869 1046 modo

2280 1086 2311 1125 a
2341 1071 2598 1142 supplicio
2624 1072 2892 1139 liberavit,
2918 1075 3013 1131 sed
3041 1078 3205 1132 etiam
3232 1080 3436 1149 justum
3460 1080 3662 1136 ell‘ccit.
3697 1081 3870 1136 liabet

2282 1162 2439 1232 igitur
2459 1164 2721 1234 gloriandi
2742 1181 2979 1230 causam,
3016 1178 3203 1238 utpote
3228 1172 3318 1240 qui
3350 1188 3538 1242 magna
3569 1173 3868 1228 dilectione

2279 1253 2525 1322 dignatus
2553 1256 2643 1309 sit.
2673 1256 2728 1310 3.
2785 1257 2923 1322 Quid
2959 1259 3093 1311 enim
3138 1259 3262 1312 dicit
3301 1260 3614 1331 Scriptura!
3638 1262 3870 1318 Credidit

2277 1342 2534 1398 Abraham
2563 1344 2689 1410 Deo,
2716 1356 2761 1401 et
2790 1357 3075 1418 reputatunt
3101 1360 3175 1405 est
3215 1351 3293 1405 illi
3316 1351 3385 1405 ad
3402 1353 3684 1420 justitiam.
3720 1355 3776 1410 4.
3806 1354 3866 1407 Ei

2276 1444 2441 1487 autem
2465 1435 2554 1505 qui
2580 1446 2851 1505 operatur,
2885 1456 3071 1493 merces
3113 1457 3213 1495 non
3258 1442 3540 1510 imputatur
3583 1445 3865 1497 secundum

2274 1526 2522 1595 gratiam,
2569 1530 2658 1580 sed
2683 1529 2956 1582 secundum
2987 1533 3237 1584 "teritum.
3283 1532 3422 1602 Ergo
3448 1575 3461 1596 ,
3493 1534 3734 1603 inquies,
3768 1536 3865 1588 hoc

2278 1618 2451 1687 majus
2475 1618 2598 1671 est?
2632 1619 2976 1689 Nequaquam
3009 1639 3021 1673 :
3052 1638 3172 1675 nam
3202 1633 3256 1677 et
3280 1624 3519 1678 credenti
3546 1625 3861 1695 imputatur;

2278 1723 2384 1764 non
2416 1711 2769 1779 imputaretur
2798 1724 2975 1769 autem
2995 1757 3009 1777 ,
3044 1715 3142 1769 nisi
3187 1717 3300 1786 ipse
3341 1717 3541 1787 aliquid
3571 1720 3863 1775 attulisset.

2344 1800 2398 1853 2.
2432 1800 2609 1869 Itaque
2640 1802 2725 1856 hic
2756 1804 2915 1857 etiam
2963 1804 3259 1861 debitorem
3307 1808 3463 1862 habet
3504 1809 3678 1863 Deum
3718 1851 3733 1875 ,
3763 1824 3860 1864 nec

2274 1892 2563 1959 vulgarium
2606 1908 2786 1948 rerum
2832 1894 3127 1951 debitorem
3149 1939 3165 1963 ,
3208 1898 3303 1953 sed
3334 1914 3648 1968 magnarum
3679 1912 3738 1955 et
3767 1917 3859 1954 sn-

2274 1982 2534 2036 blimium.
2565 1982 2853 2053 Postquam
2882 1986 3026 2040 enim
3056 1986 3291 2042 ostendit
3332 1989 3473 2042 illius
3501 1990 3666 2043 animi
3691 1992 3860 2046 subli-

2275 2075 2507 2131 unitatem
2525 2086 2579 2131 et
2599 2076 2932 2145 spiritualem
2957 2090 3211 2147 mentem,
3238 2096 3340 2135 non
3369 2082 3688 2152 simpliciter
3706 2084 3858 2149 dixit,

2271 2162 2541 2229 Credenti,
2562 2167 2677 2230 sed,
2702 2169 2753 2224 5.
2777 2168 3009 2224 Credeuti
3036 2174 3088 2224 in
3113 2188 3225 2223 eum
3244 2173 3597 2242 quijaati/icat
3620 2175 3856 2242 impium.

2274 2251 2566 2324 lmputatur
2582 2254 2714 2312 ﬁdes
2741 2257 2904 2327 ipsius
2934 2261 2985 2314 in
3008 2259 3289 2329 justitiam.
3314 2261 3495 2333 Gegita
3516 2264 3662 2317 enim
3687 2280 3857 2335 quan-

2274 2352 2381 2397 tum
2423 2347 2523 2400 hoc
2554 2348 2642 2412 sit,
2674 2351 2893 2405 credere
2936 2361 2991 2406 et
3014 2354 3297 2407 certiorem
3326 2352 3461 2419 ﬁeri,
3494 2355 3638 2425 quod
3691 2362 3859 2425 possit

2274 2434 2415 2490 Deus
2445 2452 2605 2503 eum,
2636 2441 2724 2508 qui
2761 2439 2811 2495 in
2845 2441 3113 2511 impietate
3171 2444 3400 2509 vixerit,
3430 2458 3655 2516 repente
3682 2462 3790 2501 non
3828 2465 3857 2500 a

2270 2528 2531 2597 supplicio
2563 2540 2765 2587 tantum
2806 2533 3054 2598 liberare,
3097 2537 3191 2591 sed
3230 2539 3390 2591 etiam
3416 2540 3625 2607 justum
3652 2542 3852 2603 facere,

2270 2628 2326 2673 et
2375 2621 2761 2700 immortalibus
2800 2626 2904 2681 illis
2948 2628 3155 2699 dignari
3203 2628 3519 2686 honoribus.
3558 2630 3637 2687 Ne
3671 2633 3853 2704 itaque

2274 2719 2427 2780 putes
2468 2712 2613 2769 liuiic
2647 2715 2908 2771 minorem
2938 2734 3062 2774 esse
3082 2760 3096 2785 ,
3124 2721 3373 2789 quoniam
3417 2723 3489 2776 illi
3521 2739 3634 2778 non
3663 2739 3855 2779 scena—

2272 2800 2398 2854 dum
2441 2805 2663 2873 gratiam
2706 2806 3016 2876 imputatur.
3067 2808 3179 2864 Hoc
3219 2814 3363 2865 enim
3409 2811 3582 2882 ipsum
3630 2816 3757 2870 facit
3803 2825 3856 2870 ιιι

2274 2890 2446 2947 ﬁdelis
2475 2895 2544 2948 sit
2571 2895 2903 2964 splendidus,
2922 2899 3063 2969 quod
3084 2907 3230 2963 tanta
3254 2899 3461 2957 fruatur
3486 2900 3687 2973 gratia,
3710 2910 3853 2977 quod

2273 2991 2471 3040 tantam
2521 2988 2771 3043 exhibeat
2828 2990 3009 3047 ﬁdem.
3058 2991 3128 3046 Et
3169 2993 3290 3048 vide
3333 2995 3593 3064 majorem
3642 3013 3856 3068 quoque

2271 3077 2700 3134 retributionem.
2757 3080 2840 3135 Illi
2878 3083 3021 3137 enim
3070 3099 3282 3141 merces
3327 3085 3506 3153 datur,
3556 3087 3684 3144 huic
3730 3107 3857 3146 vero

2269 3166 2469 3237 justitia
2505 3187 2517 3223 :
2549 3171 2717 3225 multo
2746 3182 2924 3227 autem
2965 3175 3138 3244 major
3178 3186 3262 3231 est
3287 3178 3492 3247 justitia
3539 3182 3795 3238 mercede
3838 3202 3853 3238 :

2274 3260 2467 3314 multas
2495 3264 2691 3332 quippe
2726 3264 3097 3333 complectitur
3135 3269 3341 3336 justitia
3385 3272 3689 3329 mercedes.
3721 3277 3854 3330 Cum

2272 3365 2402 3421 ergo
2432 3367 2496 3406 ex
2523 3353 2832 3424 Abrabanio
2857 3355 2958 3411 boc
2994 3360 3341 3427 ostendisset,
3376 3362 3629 3419 Davidem
3660 3366 3857 3422 deinde

2273 3441 2475 3497 inducit
2498 3442 2656 3499 dictis
2684 3445 3119 3517 adstipulantem.
3148 3453 3289 3519 Quid
3330 3470 3462 3526 ergo
3500 3456 3632 3512 dicit
3664 3458 3854 3521 David.

2271 3544 2325 3589 et
2353 3550 2511 3605 quem
2542 3536 2753 3592 beatum
2784 3540 3077 3609 praedicat?
3120 3561 3315 3603 eumne
3362 3549 3451 3617 qui
3494 3550 3546 3604 in
3597 3554 3855 3620 operibus

2271 3625 2550 3695 gloriatur,
2582 3644 2649 3684 an
2677 3646 2799 3686 eum
2830 3634 2918 3703 qui
2945 3636 3169 3704 gratiam
3198 3640 3425 3709 accepit,
3450 3656 3512 3694 ac
3538 3645 3630 3713 qui
3660 3647 3854 3701 remis-

2270 3716 2477 3772 sionem
2526 3730 2579 3774 ct
2636 3721 2832 3777 donum
2876 3727 3094 3782 sortitus
3132 3729 3257 3782 est?
3292 3727 3685 3789 Bcatitudinem
3731 3750 3853 3791 cum

2268 3809 2407 3878 dico,
2460 3813 2673 3868 culmen
2719 3816 2978 3871 bonorum
3022 3821 3261 3875 omnium
3312 3822 3456 3878 dico.
3506 3824 3659 3881 Sicut
3711 3833 3853 3884 enim

2272 3904 2521 3960 mercede
2548 3906 2719 3975 major
2742 3918 2825 3963 est
2844 3910 3073 3979 justitia,
3101 3914 3180 3967 sic
3203 3914 3407 3983 justitia
3437 3918 3609 3988 major
3621 3930 3707 3975 est
3732 3922 3857 3976 bea-

2274 3995 2461 4052 titudo.
2486 3996 2617 4053 Cum
2648 3990 2970 4058 Ostendisset
2992 4019 3121 4076 ergo
3137 4006 3401 4074 justitiam
3420 4012 3681 4082 majorem
3704 4030 3849 4083 esse,

2273 4102 2377 4141 non
2409 4088 2549 4157 quod
2574 4089 2840 4146 Abraham
2863 4092 3006 4148 illam
3036 4099 3303 4166 acceperit
3321 4108 3547 4168 tantum,
3570 4104 3666 4159 sed
3689 4108 3854 4161 etiam

2270 4194 2300 4233 a
2348 4180 2639 4249 ratiociniis
2683 4182 2873 4254 (Habet
2917 4185 3048 4240 enim
3088 4188 3463 4259 gloriationent,
3514 4194 3711 4265 inquit,
3762 4201 3851 4252 sed

2271 4288 2371 4325 non
2396 4276 2535 4343 apud
2564 4274 2768 4347 Deum)
2796 4293 2811 4342 ;
2855 4278 2960 4332 alio
2985 4280 3146 4335 etiam
3177 4282 3337 4337 modo
3368 4284 3508 4338 illam
3556 4285 3853 4344 honorabi-

2270 4364 2460 4420 liorem
2509 4366 2861 4436 demonstrat,
2911 4370 3164 4428 Davidetn
3194 4374 3473 4431 adducens
3508 4377 3610 4449 ipsi
3657 4381 3857 4437 suifra-

2272 4467 2485 4527 gantem
2516 4476 2529 4513 :
2561 4459 2689 4514 Nam
2729 4460 2814 4516 hic
2838 4503 2853 4526 ,
2894 4462 3099 4533 inquit,
3150 4481 3272 4521 eum
3300 4470 3390 4539 qui
3432 4468 3503 4523 ita
3529 4472 3858 4539 justillcatus

2272 4559 2354 4602 est
2381 4550 2592 4605 beatum
2625 4553 2875 4620 praedicat
2914 4554 2995 4611 his
3025 4557 3201 4612 verbis
3232 4577 3243 4612 :
3272 4560 3325 4615 7.
3354 4559 3499 4615 Beati
3525 4580 3742 4633 quorum
3772 4584 3855 4620 re-

2274 4642 2441 4695 missa
2478 4654 2591 4696 sunt
2619 4644 2903 4714 iniquitates
2930 4648 2949 4719 (
2976 4646 3119 4703 Psal.
3147 4652 3233 4705 5|.
3267 4653 3291 4706 l
3320 4661 3359 4721 ).
3395 4657 3471 4709 Ac
3495 4656 3705 4711 videtur
3733 4674 3827 4729 qui
3845 4690 3857 4700 ο

2269 4734 2391 4789 dem
2438 4751 2544 4790 non
2585 4752 2883 4808 congruens
2934 4742 3295 4797 testimonium
3342 4747 3583 4814 proferre
3624 4766 3638 4802 :
3681 4765 3858 4821 neque

2272 4828 2413 4881 enim
2441 4829 2594 4895 dixit,
2630 4830 2775 4885 Beati
2804 4847 3030 4901 quorum
3064 4834 3197 4889 ﬁdes
3223 4838 3274 4890 in
3314 4839 3576 4906 justitiam
3607 4854 3856 4913 reputata

2272 4929 2355 4974 est
2384 4938 2395 4973 :
2432 4920 2482 4973 id
2513 4922 2655 4989 quod
2715 4924 2802 4979 ille
2854 4926 3085 4994 prudens
3116 4927 3284 4996 facit,
3330 4946 3434 4987 non
3466 4934 3758 5004 ignorans,
3802 4951 3858 4996 ut

2274 5009 2529 5079 majorem
2553 5014 2799 5067 ostendat
2820 5015 3166 5087 hyperbolen.
3192 5021 3246 5075 Si
3269 5022 3410 5078 enim
3428 5023 3616 5081 hostus
3639 5040 3725 5083 est
3749 5030 3853 5096 hic,

2274 5104 2364 5172 qui
2406 5106 2780 5161 remissionem
2824 5111 3033 5181 accepit
3062 5126 3155 5180 per
3172 5116 3396 5183 gratiam
3425 5134 3439 5182 ;
3490 5121 3659 5174 multo
3685 5125 3856 5195 magis

2276 5198 2363 5265 qui
2398 5197 2722 5265 justiﬁcatus
2764 5209 2868 5266 est,
2901 5202 2990 5271 qui
3030 5201 3187 5259 ﬁdem
3236 5207 3495 5264 exhibuit.
3532 5210 3635 5267 Ubi
3672 5225 3853 5272 autem

2278 5290 2597 5347 beatiﬁcatio
2626 5301 2710 5347 est
2732 5333 2747 5356 ,
2775 5292 3008 5351 dedecus
3032 5310 3191 5353 omne
3216 5300 3485 5357 sublatum
3514 5314 3628 5370 est,
3656 5316 3713 5362 et
3738 5325 3855 5364 ma-

2278 5396 2377 5450 gna
2408 5391 2490 5436 est
2517 5384 2682 5453 gloria
2715 5401 2728 5437 :
2762 5400 2881 5439 nam
2928 5388 3249 5445 beatiﬁcatio
3294 5404 3634 5462 augmentum
3679 5409 3767 5455 est
3802 5411 3855 5455 et

2276 5473 2538 5528 mercedis
2561 5483 2613 5527 et
2638 5475 2839 5544 gloriae.
2869 5476 3207 5549 Quapmpter
3236 5482 3287 5535 id
3311 5524 3327 5547 ,
3370 5484 3422 5537 in
3461 5500 3567 5554 quo
3598 5489 3688 5543 ille
3721 5506 3855 5560 pras-

2275 5573 2399 5625 Stat,
2434 5581 2537 5621 non
2568 5566 2770 5635 scripto
2799 5570 3052 5639 exprimit
3081 5588 3205 5627 cum
3249 5574 3379 5629 dicit
3407 5594 3420 5631 :
3456 5577 3521 5632 Ei
3562 5580 3699 5634 enim
3723 5624 3739 5647 ,
3767 5585 3855 5659 qal

2276 5668 2546 5725 aperatur,
2592 5675 2777 5714 merces
2823 5679 2923 5716 non
2966 5664 3245 5741 imputatur
3276 5668 3550 5723 secundum
3591 5674 3855 5741 gratim;

2280 5748 2409 5803 illud
2439 5765 2587 5816 vero,
2621 5752 2674 5805 in
2702 5769 2806 5823 quo
2852 5755 3023 5810 ﬁdelis
3054 5735 3339 5827 praec'eun,
3368 5775 3435 5816 ex
3465 5763 3669 5836 scripto
3698 5767 3852 5822 testi-

2277 5844 2457 5898 monio
2482 5843 2671 5914 prohat
2710 5846 2893 5903 dicens
2924 5867 2937 5902 :
2969 5848 3113 5904 Sicut
3141 5851 3270 5907 dixit
3294 5850 3463 5909 David
3487 5869 3509 5910 :
3533 5854 3699 5928 Beati,
3721 5874 3848 5932 φιοτ
