4010 6488
203 401 307 454 737

196 522 277 573 ob
299 534 488 587 parvas
518 517 738 574 delicias
766 534 793 571 a
822 519 1050 587 paradisi
1073 517 1277 571 deliciis
1300 515 1588 584 privamur;
1615 532 1778 587 prop-

200 586 528 643 tcr'divitias
557 586 830 658 perituras
851 589 998 658 regni
1031 587 1245 642 divitias
1286 586 1661 658 amisimuan
1694 587 1780 639 :llc

199 674 345 711 vano
375 657 683 712 sweuhinos
717 657 1021 712 fruebantur
1052 675 1065 720 ;
1103 659 1192 710 sed
1231 659 1316 725 qui
1359 657 1410 710 in
1444 657 1535 709 illo
1559 658 1694 708 ttttlla
1726 673 1782 710 t'c

198 730 552 788 fruebantur,
583 729 691 797 jam
742 730 1008 782 lgetantur.
1063 728 1215 782 Nunc
1245 729 1330 795 qui
1361 728 1778 794 jt-jttnaverunt.

197 798 416 852 deiiciis
444 800 725 857 fruuntur:
759 799 846 868 qui
896 799 1260 859 deeertaruut,
1297 801 1347 850 in
1375 797 1572 851 molesti
1607 798 1778 850 thala-

198 886 293 922 Iuo
315 870 542 923 choreas
563 878 724 936 agunt
751 887 763 925 :
791 870 878 936 qui
913 870 1127 922 divitias
1145 869 1517 937 disperserunt
1537 877 1590 920 et
1613 868 1780 920 semi-

195 950 399 993 ttarunt
426 979 442 1004 ,
475 941 523 992 in
553 940 909 1017 exsultatione
938 949 1142 1017 metunt
1165 957 1178 993 :
1202 940 1288 1007 qui
1313 938 1593 999 fleverunt,
1621 947 1777 1017 aucr-

197 1026 330 1063 nunt
364 1011 670 1071 exsultant;
711 1010 797 1078 qui
823 1021 1066 1088 “terrena.
1111 1011 1493 1088 despexerunt,
1544 1010 1775 1088 molestia

192 1091 566 1150 acceperunt:
612 1095 709 1132 nos
757 1079 855 1132 soli
887 1079 1068 1133 miseri
1119 1079 1394 1147 suppliciis
1440 1084 1561 1148 jure
1600 1079 1775 1132 traditi

193 1165 406 1205 sumus.
440 1152 503 1204 Et
536 1167 675 1204 nunc
704 1151 993 1204 clamamus
1017 1191 1030 1208 .
1062 1165 1158 1203 nec
1183 1159 1264 1202 est
1294 1151 1381 1217 qui
1413 1151 1728 1204 misereatur
1759 1165 1773 1212 ;

195 1221 603 1300 ingentiseim_tts
620 1262 633 1279 .
667 1236 766 1300 nec
791 1229 871 1300 est
899 1221 988 1300 qui
1041 1233 1138 1300 nos
1185 1229 1392 1300 servet._
1426 1222 1489 1300 U_t
1521 1235 1587 1300 ne
1618 1220 1777 1290 igitur

195 1305 436 1344 noscunt
470 1292 570 1343 illis
591 1292 789 1344 insanis
839 1290 1138 1356 ltujusmodi
1191 1291 1349 1343 verba
1381 1292 1430 1345 in
1460 1291 1638 1345 futuro
1669 1305 1772 1342 sm-

189 1363 319 1414 colo
347 1362 698 1429 proferamus,
731 1362 930 1421 venite,
956 1361 1343 1427 prmvcniamus
1379 1364 1546 1415 furem
1573 1361 1776 1413 anima-

191 1447 314 1484 rum
345 1443 667 1492 nostrarum,
699 1445 978 1485 curramus
1025 1431 1152 1484 dum
1205 1443 1415 1499 tempus
1470 1433 1728 1485 habemus
1754 1471 1770 1493 ,

189 1502 624 1571 ingemiscamus,
657 1501 1020 1569 pamitentiam
1047 1515 1282 1570 agamus.
1315 1504 1770 1570 expergiscantur,

184 1587 395 1640 qua-so,
424 1588 487 1627 ex
521 1588 710 1624 somno
737 1571 1074 1640 negligentia:
1102 1581 1318 1636 nostrae,
1352 1587 1415 1625 ex
1444 1588 1608 1628 onere
1641 1587 1771 1640 pec-

184 1651 432 1696 catorum
465 1653 517 1696 et
543 1643 784 1710 segnitiei
815 1651 1008 1695 nostra:
1031 1659 1044 1706 ;
1070 1641 1416 1695 extendamus
1452 1659 1640 1697 manus
1671 1659 1771 1696 no-

186 1723 330 1764 stras
366 1713 428 1765 ad
457 1729 577 1766 cum
631 1715 719 1781 qui
774 1729 868 1765 nos
917 1726 1132 1766 servare
1174 1721 1363 1777 potest.
1397 1723 1449 1766 et
1487 1715 1768 1769 diCamus:

189 1781 427 1847 Domine,
459 1787 598 1836 salva
629 1801 738 1845 nos,
773 1783 992 1851 perimus
1024 1783 1042 1851 (
1067 1782 1250 1835 Matth.
1275 1782 1329 1837 8.
1354 1783 1424 1837 25
1457 1786 1493 1850 ).
1528 1785 1770 1839 Festine-

187 1871 309 1924 tnus
342 1856 536 1917 solum,
569 1865 854 1922 antequam
887 1852 969 1906 sol
995 1853 1199 1924 occidat
1224 1893 1240 1918 ,
1277 1864 1567 1924 antequam
1601 1857 1763 1922 jauua

181 1922 486 1986 claudatur,
515 1935 800 1993 antequam
831 1938 932 1976 nox
962 1923 1229 1977 adveniat.
1262 1923 1395 1978 Cum
1419 1922 1561 1978 enim
1592 1939 1766 1979 eteius

187 1994 395 2048 Fuluius
427 1994 607 2055 fuerit,
641 2009 800 2048 nemo
819 1993 1202 2060 negotiabitur;
1237 2008 1356 2046 cum
1388 1994 1649 2050 theatrum
1674 2013 1764 2050 Sn-

179 2063 351 2116 lntmu
382 2064 558 2128 fuerit,
587 2079 744 2118 nemo
771 2063 1134 2128 eoronabitur,
1155 2079 1312 2118 nemo
1333 2067 1580 2120 certabit.
1613 2069 1761 2133 Qua-

183 2144 405 2203 propter
430 2150 709 2188 curramus
735 2153 748 2188 :
792 2149 950 2187 cursu
999 2134 1145 2188 enim
1168 2150 1301 2204 opus
1328 2145 1428 2200 cst,
1461 2136 1671 2202 fratres,
1701 2153 1764 2192 ac

177 2207 450 2258 concitato
480 2222 664 2267 cursu,
697 2214 755 2258 ut
798 2205 1209 2274 prazveuiautus.
1263 2215 1321 2258 ut
1363 2222 1428 2261 ne
1471 2224 1568 2260 nos
1600 2211 1760 2262 etiam

179 2277 460 2342 pulsantes
477 2276 776 2333 audiamus.
815 2274 1001 2327 Nescio
1025 2290 1148 2327 vos:
1179 2275 1426 2330 celeriter
1451 2293 1753 2343 curramus,

177 2345 344 2398 etiam
392 2361 513 2398 cum
547 2347 753 2399 tantillo
782 2345 1003 2412 pudore.
1037 2343 1088 2397 lu
1118 2346 1331 2413 quantis
1360 2348 1640 2401 Dominum
1675 2349 1757 2402 in-

180 2413 588 2478 ltonoravimus,
622 2417 672 2469 in
705 2417 917 2484 quantis
946 2415 1340 2470 benefactorem
1361 2417 1425 2470 ad
1451 2419 1582 2472 iram
1626 2433 1756 2472 con-

174 2487 507 2539 citavimus?
565 2487 654 2540 ille
711 2487 862 2537 nobis
916 2485 1171 2538 beneficia
1220 2488 1459 2550 confert,
1493 2498 1545 2542 et
1577 2505 1675 2542 nos
1706 2489 1756 2543 id

174 2558 417 2623 quotidie
449 2558 789 2623 ignoramus;
825 2557 910 2610 ille
959 2557 1263 2621 miseratur,
1297 2567 1349 2611 et
1377 2573 1473 2611 nos
1505 2572 1752 2614 contem-

175 2627 357 2681 nimus
384 2645 396 2687 ;
431 2627 633 2698 illealit
662 2628 922 2698 nobisque
970 2627 1248 2694 proSpicit,
1273 2639 1326 2681 et
1350 2643 1446 2680 nos
1469 2629 1585 2697 ejus
1617 2646 1755 2698 prze~

170 2708 330 2764 cepta
361 2697 598 2768 quotidie
627 2697 1079 2766 trausgredimur,
1131 2713 1229 2751 nec
1273 2713 1370 2751 nos
1421 2697 1756 2768 pttdct.’Nos

169 2768 389 2820 dentium
425 2767 619 2836 pudeat
649 2785 661 2818 :
695 2783 815 2820 nam
875 2776 1084 2834 tempus
1138 2767 1530 2836 appropinquat
1557 2781 1611 2824 et
1639 2773 1756 2825 dies

169 2838 423 2898 advenit.
457 2848 511 2890 ct
542 2853 639 2890 nos
666 2845 876 2905 oportet
902 2837 968 2890 de
992 2845 1096 2890 tota
1146 2840 1248 2891 vita
1282 2849 1460 2893 nostra
1492 2842 1753 2896 rationem

171 2907 416 2961 reddere.
450 2907 633 2961 Finem
674 2908 885 2960 demunt
919 2909 1253 2976 imponamus
1280 2909 1644 2965 immoderatis
1666 2915 1753 2969 de-

172 2977 312 3031 liciis
339 2978 580 3046 turpique
607 2979 756 3043 risui,
790 2993 856 3031 ne
885 2978 992 3030 illic
1022 2992 1202 3032 amare
1223 2979 1445 3033 fleamus
1465 2996 1477 3029 :
1498 2980 1750 3040 fratribus

170 3049 370 3100 nostris
391 3046 675 3102 conViciari
699 3062 991 3108 eessemus,
1037 3063 1134 3102 nec
1165 3047 1282 3102 illos
1310 3049 1432 3101 odio
1459 3049 1750 3110 habeamus

170 3117 254 3170 vel
286 3118 560 3171 l'tzdamus.
609 3117 792 3172 Finem
841 3119 1095 3171 faciamus
1149 3119 1577 3184 thesaurizaudi,
1616 3123 1752 3178 deli-

168 3188 381 3251 ciandi,
419 3188 752 3243 foruicandi:
789 3189 1158 3242 incumbamus
1207 3190 1560 3256 orationibus,
1591 3193 1749 3249 obse-

167 3258 520 3324 crationibus,
546 3260 882 3323 lcetionibus,
899 3258 1138 3326 jejuniis,
1166 3260 1526 3327 pusuitentire:~
1556 3278 1746 3321 novam

170 3329 332 3381 vitam
363 3329 729 3390 exltibeamus,
761 3328 1134 3393 contitcamur,
1182 3340 1590 3384 convertamur:
1624 3350 1745 3390 nam

165 3400 536 3473 conversionis
561 3408 768 3473 tempus
793 3409 894 3453 cst.
927 3398 1300 3473 qunitentiam
1352 3415 1594 3473 agamus,
1625 3405 1744 3473 plo-

167 3482 369 3532 remus,
407 3469 517 3522 Deo
547 3471 894 3524 exltibcamus
921 3470 1202 3523 sollicitam
1229 3469 1596 3538 paenitentiam
1622 3469 1639 3538 ξ
1692 3487 1746 3532 et

165 3547 438 3605 peccatum
462 3540 586 3594 odio
605 3541 911 3594 habeamus.
957 3540 1051 3593 llic
1083 3540 1295 3608 paulum
1319 3582 1335 3606 ,
1362 3556 1565 3609 QIKBSO,
1599 3545 1748 3599 labo-

165 3623 368 3672 remus,
412 3619 466 3663 ut
512 3626 579 3664 ne
632 3612 736 3665 illic
767 3613 989 3664 multum
1038 3611 1356 3664 cruciemur.
1395 3611 1744 3673 Decertemus

161 3689 286 3748 ante
317 3688 545 3748 tempus,
582 3683 792 3744 fratres,
838 3692 894 3733 ut
933 3695 998 3734 ne
1038 3682 1341 3735 cruciemur
1371 3683 1422 3736 in
1456 3692 1738 3741 aeternum.

161 3747 396 3820 Tempus
423 3747 582 3804 breve
606 3762 708 3814 est,
732 3751 988 3818 judicium
1020 3751 1234 3819 longum
1253 3791 1268 3813 ,
1298 3754 1418 3805 linis
1439 3769 1606 3822 prope
1625 3798 1639 3819 ,
1671 3759 1739 3810 ti-

161 3833 280 3894 mor
307 3835 548 3888 magnus,
576 3830 630 3875 et
655 3823 945 3894 nemoerit
970 3824 1085 3894 qui_
1112 3822 1450 3894 misereatur.
1484 3823 1742 3894 Requirel

157 3888 300 3942 cnim
326 3899 552 3961 tempus,
581 3892 720 3961 quod
743 3891 965 3960 quisipie
987 3888 1123 3946 male
1149 3890 1451 3961 insumpsit,
1470 3905 1520 3947 et
1537 3888 1736 3950 utinam

161 3974 265 4031 nou
323 3959 703 4016 iuveniatl'Va:
749 3959 1122 4022 Obtrectatori,
1165 3961 1289 4031 quia
1331 3959 1534 4017 ardens
1584 3980 1735 4030 aqum

157 4030 328 4083 stillas
381 4041 618 4105 qumret‘.
645 4046 768 4105 _ncc
813 4031 1045 4105 iuyeuiet
1075 4030 1209 4105 late
1257 4034 1552 4105 incredula,
1609 4037 1731 4105 quia

156 4112 413 4172 :rternnm
458 4102 829 4156 cruciabitur!
879 4118 957 4154 vae
984 4102 1290 4172 negligenti,
1325 4103 1448 4172 quia
1477 4107 1541 4156 ad
1580 4102 1731 4161 seve-

156 4185 272 4246 runt
301 4170 538 4246 Iudicem
570 4188 614 4241 p-
638 4172 741 4246 rgit
769 4175 782 4228 l
821 4187 898 4246 va:
919 4173 992 4246 illi
1022 4170 1114 4242 qui
1135 4170 1241 4246 non
1269 4170 1570 4246 certaverit,
1606 4178 1729 4246 quia

156 4241 472 4314 immanibus
498 4243 701 4314 angelis
727 4243 1013 4295 tradendus
1040 4241 1120 4297 est
1145 4244 1157 4296 !
1187 4243 1286 4310 Qui
1312 4259 1502 4298 aurum
1533 4241 1726 4314 perdit,

152 4310 294 4386 aliud
318 4327 512 4386 aurum
539 4310 743 4367 invenit
766 4314 955 4386 ;_aliud
987 4329 1114 4368 vero
1139 4314 1471 4386 poenitentia:
1518 4310 1728 4386 teInpus

153 4382 377 4454 inveniri
408 4397 512 4436 non
545 4393 740 4452 potest.
795 4384 872 4438 Ne
919 4398 1200 4454 parcamus
1222 4424 1237 4448 ,
1271 4384 1495 4454 fratres,
1528 4382 1727 4442 nostris

150 4452 484 4522 corporibus,
538 4456 631 4508 sed
685 4455 773 4509 illa
815 4452 1103 4508 atte‘ramus
1131 4474 1144 4508 :
1177 4457 1297 4522 quia
1330 4453 1471 4507 Beati
1497 4459 1582 4522 qui
1608 4473 1726 4511 eru-

148 4521 283 4596 rittnt
308 4532 353 4596 et
373 4523 567 4587 sitiunt,
594 4525 723 4578 beati
752 4527 838 4593 qui
859 4523 1065 4596 lugent(
1091 4521 1276 4577 Matth.
1307 4527 1361 4581 5.
1391 4525 1424 4580 6
1443 4529 1482 4594 ).
1512 4521 1724 4596 Corpus

147 4592 288 4645 enim
338 4592 502 4664 lutum
530 4605 613 4648 est
643 4614 656 4650 :
687 4592 967 4664 venietque
1017 4592 1145 4648 hora
1167 4605 1221 4648 et
1248 4597 1360 4649 dies
1411 4592 1682 4652 tremenda
1705 4639 1719 4660 .

149 4665 281 4737 inala
303 4672 366 4737 ct
391 4663 732 4737 inevitabilis,
764 4677 816 4721 et
841 4663 981 4737 ierra
1006 4665 1056 4719 in
1081 4676 1274 4720 terram
1302 4667 1415 4733 ibit,
1443 4667 1722 4737 pulvisque

147 4731 200 4806 in
231 4734 495 4801 pulverem
520 4736 809 4806 redigetur.
839 4735 1150 4805 Vigilemus,
1196 4731 1409 4801 fratres,
1444 4731 1680 4792 'obsccro
1700 4781 1714 4802 ,

147 4803 499 4875 iter_agamus,
535 4803 859 4875 respiremus
885 4803 922 4858 ε’
943 4807 1118 4860 veniet
1163 4809 1304 4860 enim
1338 4807 1489 4871 hora,
1515 4819 1567 4862 et
1590 4824 1716 4864 vere

143 4872 512 4935 veniet,exitus
543 4872 707 4930 nostri
741 4894 752 4925 :
785 4893 852 4932 ne
884 4891 980 4932 nos
1004 4877 1149 4946 ipsos
1170 4878 1521 4946 decipiamus.
1547 4880 1674 4932 Esto
1695 4922 1710 4946 ,

1527 401 1615 456 DE
1655 400 1926 458 SALUTK
1962 396 2225 454 ΑΝΙΜΑΞ.

3385 409 3491 464 Ἱῧλζ

1889 515 2097 588 dilecti,
2125 512 2472 588 deliciemnr;
2498 517 2635 574 esto,
2663 507 2864 588 divites
2890 507 3061 569 simus
3079 515 3486 588 quinquaginta,

1893 585 2000 636 imo
2041 593 2257 638 centnm
2300 583 2495 636 annis:
2533 591 2585 636 ct
2617 594 2738 651 post
2786 583 2900 638 ltrec
2948 583 3125 641 morbi
3153 599 3207 642 et
3234 583 3486 646 senectus

1890 654 2202 716 adveniunt,
2235 663 2289 708 et
2312 661 2428 720 post
2473 653 2588 706 hmc
2627 655 2800 723 quid?
2847 656 3132 710 lnfirmitas
3165 669 3218 711 et
3250 675 3397 716 mors
3427 674 3483 716 et

1892 723 2158 778 horrenda
2198 723 2283 777 illa
2335 723 2466 777 hora
2494 765 2506 782 .
2529 739 2646 792 qum.
2701 736 3048 791 exspectatur
3065 737 3117 780 et
3147 730 3365 782 timetur
3387 774 3401 792 ,
3432 745 3483 787 et

1891 803 2068 846 tamen
2111 795 2410 861 negligitur.
2436 794 2617 861 Magna
2639 795 2870 848 formido
2898 807 3022 850 tunc
3052 797 3238 861 instat,
3267 802 3480 862 fratres:

1889 879 2140 932 maguum
2171 864 2368 934 quippe
2387 874 2488 923 cst.
2522 864 2700 918 videre
2725 867 2956 919 animam
2984 881 3286 934 separatam
3305 887 3332 922 a
3356 888 3481 926 cor-

1887 949 2019 1004 pore
2047 953 2060 988 :
2094 949 2285 1003 magna
2310 935 2602 1012 necessitas
2652 934 2798 1012 hora:
2849 937 2989 991 illius
3009 980 3022 999 ,
3040 941 3274 1012 quando
3300 943 3479 1012 lingua

1888 1020 1993 1056 non
2023 1014 2197 1076 potest
2227 1006 2387 1058 verba
2418 1021 2549 1075 pure
2582 1005 2843 1070 proferre,
2872 1005 3090 1076 quando
3137 1013 3322 1064 oculos
3363 1005 3474 1067 fre-

1885 1085 2114 1140 quenter
2163 1074 2284 1127 hinc
2310 1084 2363 1128 et
2395 1074 2516 1127 inde
2543 1077 2804 1130 vertimus
2825 1119 2838 1140 ,
2877 1074 2926 1132 et
2958 1079 3233 1134 adstantes
3273 1082 3478 1139 amicos

1885 1143 2186 1220 fratresque
2219 1154 2437 1198 nostros
2469 1146 2666 1220 alloqui
2695 1163 2798 1199 nou
2833 1151 3472 1220 possumus.Noslugeu-

1887 1225 1968 1268 tes
1988 1215 2256 1292 audimus,
2288 1227 2336 1267 et
2357 1216 2753 1292 consolarinon
2811 1215 3098 1286 possumus
3126 1239 3136 1273 :
3171 1222 3309 1276 filios
3339 1215 3472 1292 ’νιο-

1883 1295 2063 1338 rantes
2093 1295 2146 1337 et
2177 1287 2535 1355 lacrymaules
2590 1287 2831 1340 videmus
2860 1329 2874 1348 .
2907 1299 3101 1342 etcum
3151 1292 3253 1346 hoc
3284 1287 3470 1349 latiore

1884 1356 2190 1430 Inigramus.
2224 1355 2424 1424 Ecquid
2460 1356 2595 1430 filios
2625 1360 2910 1430 memoro?
2935 1359 2986 1412 ltt
3013 1361 3097 1412 illa
3127 1363 3323 1430 quippe
3338 1364 3468 1420 hora

1884 1440 1988 1477 non
2021 1427 2156 1478 filios
2185 1441 2374 1480 curare
2401 1428 2642 1480 valemus
2663 1469 2677 1489 ,
2713 1445 2816 1481 non
2851 1429 3064 1488 fratres.
3101 1427 3198 1485 nec
3225 1427 3329 1486 alia
3358 1435 3467 1490 sol-

1880 1495 2101 1570 licitudo
2124 1511 2220 1549 nos
2252 1495 2918 1570 tenet,Attisipeccatortttn
2945 1510 3251 1556 nostrorum
3271 1506 3469 1570 cogita-

1882 1564 1975 1628 tio,
2009 1575 2064 1619 et
2089 1566 2446 1642 quomodond
2474 1566 2714 1642 .ludice‘m
2742 1572 3012 1642 accessuri
3062 1572 3231 1626 simus
3253 1615 3267 1637 ,
3300 1564 3462 1642 quam

1876 1636 2275 1712 escusationein
2325 1637 2557 1712 allaturi,
2582 1638 2767 1712 quisve
2796 1639 2944 1695 locus
2992 1656 3090 1694 nos
3139 1636 3466 1712 excepimus

1879 1705 1968 1782 sit.
2007 1706 2208 1782 Deinde
2237 1707 2362 1760 dum
2395 1707 2506 1760 lucc
2529 1705 2827 1782 cogitamus
2851 1753 2866 1776 ,
2900 1722 3120 1782 repente
3148 1705 3341 1768 adsunt
3364 1732 3462 1769 no-

1875 1774 1954 1850 bis
1975 1778 2146 1850 angeli
2172 1779 2434 1850 immanes
2461 1793 2474 1828 :
2501 1774 2626 1832 tunc
2643 1794 2743 1832 nos
2770 1774 2892 1834 illos
2940 1774 3340 1850 conspicientes
3362 1829 3374 1846 ,
3415 1790 3462 1843 si

1874 1844 2116 1914 imparati
2140 1849 2325 1922 simus,
2346 1847 2398 1900 in
2418 1859 2613 1917 quanta
2638 1852 3038 1922 perturbatione
3062 1844 3218 1906 futuri
3249 1844 3455 1922 sum-us,

1873 1930 1936 1969 ex
1967 1919 2104 1971 lecto
2135 1917 2315 1986 fugere
2359 1917 2754 1982 conantes,sed
2795 1921 2951 1975 irrito
2978 1934 3173 1976 conatu
3201 1942 3213 1983 ;
3247 1917 3460 1983 miseris

1871 1987 2038 2063 oculis
2057 1998 2106 2042 et
2131 1998 2324 2042 ntmsto
2343 1988 2489 2063 vultu
2522 1989 2828 2063 rogabimus
2856 1993 2975 2046 illos
2999 2035 3014 2058 ,
3044 1995 3407 2062 supplicantes
3432 2039 3449 2063 ,

1870 2056 2220 2135 deprecantes
2247 2073 2308 2135 ac
2337 2056 2606 2135 dicentes,
2627 2060 2951 2135 Miseremini
2983 2056 3085 2135 mei
3149 2056 3323 2135 angeli
3351 2056 3458 2122 tre:

1871 2128 2073 2191 tuendi,
2097 2129 2185 2197 qui
2217 2127 2441 2182 adstatis
2467 2138 2592 2184 ante
2621 2131 2871 2185 thronum
2907 2133 2998 2187 Dei
3026 2175 3041 2196 ,
3084 2127 3136 2188 et
3159 2127 3344 2189 ne'iue
3371 2139 3453 2192 itt-

1869 2197 2198 2252 frurtuosum
2244 2207 2298 2252 et
2332 2199 2596 2268 impurum
2645 2200 2818 2256 Judici
2851 2203 3091 2266 sistatis;
3127 2221 3192 2259 ne
3218 2221 3302 2260 me
3327 2223 3453 2273 pec-

1866 2277 2102 2342 catorem
2131 2286 2158 2318 a
2191 2284 2415 2342 corpore
2445 2273 2744 2342 separetis;
2777 2288 2861 2327 ne.
2893 2289 3075 2342 quaeso
3101 2287 3153 2329 et
3181 2278 3406 2332 obsecro
3437 2298 3450 2332 :

1867 2339 2076 2406 propitii
2104 2348 2274 2415 estote
2295 2349 2346 2415 et
2377 2339 2690 2415 ﬂectimini;
2738 2343 2898 2398 sinite
2913 2339 3015 2397 'tue
3047 2360 3141 2415 per
3178 2349 3444 2404 modicum

1868 2415 2074 2485 tempus
2102 2409 2165 2460 ad
2200 2411 2585 2485 [uenitendium
2615 2409 3095 2481 ingemiscendum,
3141 2417 3448 2485 lugendum,

1863 2478 2230 2548 elecntosyt‘ias
2282 2480 2582 2542 faciendas.
2632 2478 2753 2548 quia
2785 2486 2922 2538 male
2973 2478 3130 2539 vitam
3161 2478 3332 2540 uieam
3367 2478 3449 2543 in;

1862 2550 2392 2624 SAlllleSitPlll‘ﬂﬂfegi.
2428 2551 2549 2624 llare
2575 2554 2854 2608 audientes
2876 2556 3240 2624 angelidieeut
3274 2561 3447 2614 nobis;

1862 2617 1906 2670 Ο
1935 2620 2126 2699 misera
2155 2617 2383 2699 .auima,
2439 2621 2554 2699 dies
2599 2639 2789 2699 omnes
2838 2617 2972 2699 tuos
3021 2628 3073 2680 in
3127 2630 3448 2699 negligentia

1863 2689 2190 2765 trausegisti,
2221 2700 2274 2744 et
2293 2707 2432 2765 nunc
2461 2693 2540 2746 vis
2570 2693 2940 2765 ptenitentiam
2971 2711 3133 2765 agerc
3154 2698 3176 2748 ?
3198 2689 3243 2751 'o
3270 2689 3446 2754 infor-

1864 2766 2044 2838 ttntata
2074 2759 2276 2838 aniuta,
2311 2761 2390 2814 sol
2416 2772 2536 2814 tuus
2563 2759 2782 2828 occidit,
2828 2759 3039 2838 tempus
3073 2780 3218 2821 tuum
3249 2781 3444 2838 praetc-

1862 2827 1950 2904 r_iit
1981 2845 1994 2880 :
2021 2830 2182 2904 jussit
2213 2831 2348 2904 Deus
2374 2841 2429 2904 te
2449 2847 2477 2884 a
2505 2847 2732 2904 corpore
2759 2827 3020 2904 Separari.
3050 2838 3181 2892 Veni
3217 2827 3273 2893 ui
3310 2857 3445 2895 con-

1858 2897 2131 2956 detuueris
2159 2910 2212 2954 et
2241 2899 2545 2973 detrudaris
2582 2897 2634 2957 in
2666 2897 2838 2973 igneni
2863 2919 3123 2962 aeternum
3149 2911 3444 2966 secundum

1858 2982 2022 3048 opera
2053 2979 2176 3023 tua:
2215 2987 2318 3024 nou
2341 2972 2494 3048 enim
2517 2985 2600 3028 est
2624 2972 2717 3048 tibi
2770 2976 2994 3030 ulterius
3034 2992 3158 3048 spes
3209 2982 3399 3035 salutis
3426 3024 3443 3048 ,

1858 3042 1950 3092 sed
1973 3049 2232 3118 :ctcrnum
2271 3042 2767 3118 supplicinm._lla-c
2803 3042 3104 3110 audientes,
3134 3050 3340 3118 dilecti,
3392 3042 3446 3108 et

1859 3123 1982 3160 vera
2014 3111 2296 3165 credentes
2322 3152 2334 3173 ,
2369 3127 2473 3182 non
2501 3113 2706 3168 fabulas
2728 3155 2745 3182 ,
2773 3127 2896 3170 ante
2925 3118 3068 3172 illam
3113 3119 3297 3173 heram
3328 3111 3444 3176 'de-

1860 3186 2150 3255 certemus;
2182 3191 2236 3234 et
2266 3182 2308 3234 si
2337 3181 2475 3255 adsit
2503 3187 2834 3238 consuetudo
2859 3189 3135 3255 peccandi,
3162 3193 3445 3250 exsciuda-

1856 3263 1977 3324 inus
2003 3249 2165 3324 illam
2194 3265 2289 3320 per
2321 3253 2708 3324 ptenitcntiam.
2766 3249 3150 3321 Ne'erremus,
3187 3249 3381 3316 fratres
3418 3282 3432 3324 ;

1850 3318 2110 3400 judicium
2143 3318 2376 3400 futurum
2391 3321 2492 3388 est,
2517 3334 2887 3400 mteruumque
2919 3318 3272 3399 supplicium,
3305 3318 3444 3400 ignis

1854 3388 1944 3466 qui
1977 3404 2082 3443 non
2109 3393 2488 3466 esstinguitur,
2519 3397 2719 3448 vermis
2745 3388 2835 3466 qui
2866 3388 3269 3463 non't'noritur,
3293 3388 3444 3458 telite-

1855 3458 1964 3512 hrze
1996 3458 2315 3536 exteriores,
2357 3474 2632 3536 tartarus.
2681 3458 2880 3521 stridor
2934 3458 3217 3536 dentium
3249 3458 3441 3529 'luctus

1854 3543 2097 3599 magnus,
2129 3542 2182 3606 ut
2218 3533 2473 3606 Dominus
2514 3536 2566 3588 itt
2607 3536 2907 3606 Evangeliis
2951 3533 3435 3598 commemoravit:

1854 3613 1958 3652 n0u
2002 3603 2225 3675 mendax
2274 3605 2416 3675 enim
2459 3617 2573 3670 est,
2615 3609 2703 3675 qui
2755 3603 2936 3662 dixit:
2994 3609 3186 3664 Cwlmn
3217 3623 3261 3665 et
3304 3625 3439 3668 terra

1851 3670 2134 3750 iratisihunt
2153 3674 2348 3750 ,‘Arerba
2369 3685 2536 3750 autem
2567 3670 2676 3750 mea
2707 3695 2807 3730 non
2836 3682 3162 3746 praeteribunt
3191 3683 3210 3750 (
3244 3683 3432 3739 Matth.

1848 3738 1937 3793 Ξι.
1973 3741 2041 3796 55
2069 3745 2110 3809 ).
2165 3742 2523 3808 Quamobrem
2573 3738 2858 3803 timeamus
2888 3760 2941 3802 et
2981 3738 3433 3809 exltorrescautus

1846 3823 2055 3875 omnes,
2085 3814 2249 3891 quiin
2275 3815 2507 3891 peccatis
2534 3817 2781 3891 visimus,
2824 3821 3116 3891 etrsolliciti
3157 3823 3347 3891 simus,
3381 3837 3437 3880 ut

1844 3894 1964 3962 c‘um
1993 3883 2192 3935 sanctis
2215 3899 2310 3952 per
2329 3887 2696 3962 pcenitentiant
2722 3888 3079 3946 inveniamur.
3109 3891 3186 3948 Ne
3207 3883 3434 3962 dixeris,

1845 3949 2074 4039 Furatus
2096 3949 2249 4039 sum}.
2269 3949 2462 4039 occidi,
2497 3956 2790 4039 fornicatus
2811 3975 2952 4023 sum,
2984 3971 3038 4015 ct
3069 3978 3175 4039 non
3205 3949 3434 4039 accipici

1842 4034 1937 4104 mc.
1963 4022 2100 4074 Deus
2130 4040 2143 4075 :
2179 4023 2307 4077 nihil
2340 4026 2528 4104 horum
2561 4028 2761 4081 dixeris
2791 4047 2802 4082 :
2831 4022 3022 4086 mones
3048 4035 3191 4088 enim
3215 4022 3431 4104 accipit,

1842 4101 1895 4142 ut
1927 4091 2215 4166 latronem,
2247 4104 2304 4148 ut
2333 4097 2697 4166 publicanum,
2732 4111 2786 4152 ut
2811 4105 3174 4157 meretricem.
3203 4091 3431 4162 Taut'uni

1838 4175 1905 4214 ne
1932 4160 2306 4239 desperemus,
2334 4160 2544 4239 quzcso,
2581 4185 2647 4223 ne
2685 4160 2891 4239 segnes
2920 4173 3109 4226 simus.
3146 4160 3431 4232 Pulsemus

1840 4234 2332 4314 pcnptenitentiam
2363 4250 2410 4289 et
2444 4238 2722 4314 dicamus:
2752 4234 2912 4310 operi
2945 4243 3121 4307 nobis,
3155 4244 3379 4300 Domine
3411 4289 3426 4314 ,

1837 4301 2072 4367 indignis
2118 4313 2172 4357 et
2215 4308 2624 4372 peceatoribus:
2681 4301 2897 4380 propter
2944 4301 3140 4368 nomen
3178 4301 3424 4372 sanctuni

1835 4379 2074 4426 tuumne
2103 4380 2415 4455 avertarisa
2453 4380 2628 4455 nobis,
2661 4381 2754 4455 sed
2787 4383 3020 4450 placire,
3050 4393 3102 4438 et
3144 4400 3212 4439 ne
3244 4387 3422 4455 prives

1833 4458 1932 4495 nos
1965 4457 2136 4526 regno
2186 4454 2299 4526 tuo:
2324 4446 2412 4526 .Tu
2449 4464 2507 4502 es
2537 4451 2681 4504 enim
2715 4446 2860 4526 Deus
2891 4469 3108 4521 eorum,
3141 4446 3424 4526 qui'spem

1831 4512 2198 4593 nonhhabituri
2251 4516 2502 4571 videntur
2527 4561 2542 4584 ,
2575 4533 2628 4574 et
2659 4522 2804 4575 salus
2847 4512 3112 4589 omnium,
3145 4512 3236 4593 qui
3278 4512 3342 4580 a'd
3373 4540 3423 4582 te

1827 4586 2141 4667 confugiunt
2167 4603 2179 4640 :
2202 4601 2265 4667 ac
2297 4597 2441 4667 tuum
2470 4601 2552 4667 est
2568 4607 2805 4667 regnum
2836 4603 2888 4645 ct
2918 4586 3225 4662 potestas'et
3254 4599 3421 4667 gloria

1826 4669 1948 4734 cum
1981 4657 2138 4734 Patre
2161 4659 2389 4734 quisinen
2413 4657 2672 4734 principio
2701 4674 2804 4727 est,
2833 4673 2886 4718 et
2908 4657 3028 4718 cum
3053 4657 3419 4734 sanctissimo,

1824 4725 2042 4804 bono_et
2071 4725 2281 4804 vivitieo
2301 4725 2527 4798 Spiritu,
2558 4725 2701 4788 nunc
2725 4725 3039 4804 et'semper,
3070 4745 3125 4790 et
3145 4737 3198 4790 in
3226 4725 3422 4794 secula

1823 4796 2163 4850 8:l:Cllitirlllll.
2205 4796 2402 4856 Amen.

152 5031 3416 5083 mm

1345 5176 2225 5293 MONITUM

1186 5389 1265 5451 IN
1307 5388 1786 5453 ORATIONEM
1829 5391 2331 5464 SEQUENTEM.

203 5563 342 5618 llanc
366 5562 772 5624 oratiunculam,
799 5563 898 5617 ctsi
927 5562 1102 5616 minus
1126 5562 1358 5629 ineptam
1385 5577 1540 5630 quam
1567 5576 1689 5630 pra:-

132 5633 374 5694 ccdentcs
395 5673 410 5700 ,
439 5648 542 5689 non
572 5633 694 5690 licet
717 5634 1102 5704 Cltrysostomo
1139 5632 1469 5690 adscribere.
1514 5631 1706 5686 Recta-

1429 5810 1838 5867 '“ﬂb

1813 5569 1920 5648 [ρει
1937 5560 2079 5648 enim
2104 5561 2226 5632 styli
2248 5561 2552 5645 diversitas,
2575 5579 2695 5648 quae
2716 5565 2947 5648 masimc
2965 5566 3014 5622 in
3035 5566 3249 5648 ethicis,
3273 5571 3416 5642 apud

1817 5630 2260 5703 Clirysostomum
2282 5635 2393 5690 suis
2413 5649 2472 5692 sc
2495 5630 2638 5692 notis
2659 5635 2976 5710 iudiciisque
3007 5637 3203 5710 prodit.

1844 5835 2070 5852 ξ-
