4010 6482
153 427 287 483 τες)

164 545 428 600 incudira
456 542 606 598 boris
630 552 685 597 et
711 542 843 613 ignis
866 540 1114 605 cmlcstis,
1138 548 1260 613 sunt
1283 539 1469 613 triplex
1499 538 1762 613 baptispia

160 624 233 671 et.
264 629 403 669 crux
432 622 486 668 et
523 608 756 667 membra
788 612 982 666 Christi
1014 622 1067 665 et
1102 611 1327 665 celestis
1355 608 1629 677 splendor.
1659 608 1763 662 Ter

163 687 230 739 in
264 685 371 750 die,
394 685 597 747 Daniel,
625 683 822 751 apertis
849 682 1037 735 domus
1063 696 1173 735 sua:
1201 681 1465 742 fenestris,
1493 678 1558 731 ad
1586 678 1765 731 orien-

166 768 290 810 tem
346 769 566 823 precaris
590 794 604 819 ,
635 768 747 807 rem
789 757 1006 822 petitam
1052 763 1367 820 assequntus
1391 760 1507 823 est;
1539 751 1765 803 ducente

163 840 281 880 nos
332 821 588 895 mysterio
614 865 628 887 ,
660 821 923 895 oportere
953 837 1050 875 nos
1090 823 1282 895 mentis
1320 821 1487 895 oculis
1525 823 1762 895 apertis,

168 896 328 949 l’atri
361 889 416 947 ei
458 894 590 948 Filio
619 902 674 947 et
698 889 926 962 Spiritui
960 902 1145 946 sancto
1172 892 1237 962 ad
1268 893 1528 945 orientem
1561 889 1761 962 suppli-

164 981 331 1020 Care.
363 964 495 1019 Tres
542 963 688 1033 pueri
728 959 1055 1031 incorrupti,
1092 962 1141 1016 in
1166 960 1452 1033 fornacem
1491 959 1718 1033 eunjecti
1742 997 1759 1025 ,

166 1036 287 1104 ipsi
320 1031 695 1104 quideniuibil
723 1034 865 1103 paSsi
894 1044 1014 1086 sunt
1036 1073 1049 1095 ,
1085 1032 1175 1085 sed
1207 1031 1758 1104 Clialtl:ros_c0iitbtts-

166 1101 367 1159 seruiit
397 1124 409 1159 :
437 1116 542 1158 tres
576 1101 736 1172 pueri
754 1104 1064 1171 incorrupti,
1092 1104 1272 1156 fornax
1302 1112 1355 1156 et
1381 1101 1611 1172 (Jbaldwi
1638 1111 1759 1155 sunt

166 1175 420 1229 Trinitas
445 1171 745 1243 incorrUpta
768 1215 783 1239 ,
811 1174 1065 1243 judicium
1091 1182 1143 1227 et
1169 1174 1456 1225 darmones.
1489 1171 1622 1243 Tre_s
1652 1172 1759 1226 vir-

168 1256 327 1299 uites
369 1248 554 1300 beatus
599 1241 788 1297 l’a'ulus
816 1241 1079 1299 flecte-ire
1119 1243 1277 1297 tradit
1304 1243 1488 1296 dicens
1517 1260 1531 1295 :
1564 1241 1719 1296 Fides
1740 1283 1755 1305 ,

166 1333 318 1382 spes.
350 1317 533 1368 raritas
559 1316 576 1385 (
604 1315 652 1369 1.
681 1314 797 1369 Cor.
830 1316 912 1370 15.
947 1316 1050 1380 15)
1082 1334 1094 1368 :
1120 1314 1249 1385 lides
1278 1313 1565 1385 iuil’atrem
1592 1353 1606 1377 ,
1632 1326 1758 1385 Vspcs

166 1386 230 1439 in
268 1386 466 1441 Filium
489 1427 504 1451 ,
532 1383 585 1440 et
615 1385 885 1454 plenitudo
918 1384 1044 1453 lepis
1074 1384 1262 1437 caritas
1291 1384 1465 1454 (Rom.
1500 1384 1585 1437 15.
1622 1383 1706 1452 10)
1739 1402 1751 1437 :

168 1472 305 1510 nam
351 1455 569 1509 Fructus
605 1453 825 1524 Spiritus
858 1465 928 1508 est
967 1457 1169 1509 caritas.
1208 1454 1312 1508 Ter
1341 1464 1391 1506 et
1420 1453 1533 1524 ipse
1562 1454 1756 1507 Paulus

167 1529 405 1595 rogabat
433 1522 711 1579 Dominum
743 1526 947 1590 dicens,
983 1525 1193 1590 PrOpIer
1220 1525 1353 1594 quod
1381 1535 1453 1595 ter
1481 1522 1754 1595 Dominum

165 1594 356 1667 rogari
380 1597 454 1667 (2.
478 1597 592 1650 Cor.
619 1597 701 1649 12.
728 1596 802 1662 8).
828 1596 894 1649 Et
915 1596 1279 1667 animadverte
1299 1594 1397 1649 viri
1420 1594 1641 1667 sapienti
1661 1612 1749 1667 uti,

169 1665 252 1737 in,
284 1665 683 1737 simplicissime
720 1669 883 1720 verbo
918 1666 1376 1737 comprelieusam.
1423 1665 1711 1737 Notidixit
1735 1706 1750 1727 ,

170 1736 367 1791 Tertio
397 1735 688 1791 Dominum
732 1736 949 1805 rogavi,
977 1738 1068 1790 sed
1094 1778 1108 1801 ,
1136 1736 1253 1790 Ter.
1288 1737 1444 1790 Pater
1466 1775 1482 1799 ,
1509 1735 1675 1789 Filius
1701 1746 1755 1789 ct

170 1808 414 1873 Spiritus
443 1818 655 1862 sanctus
676 1849 689 1870 ,
722 1817 828 1861 tres
871 1807 1182 1877 liypostases
1207 1848 1219 1869 ,
1248 1823 1346 1860 uua
1374 1817 1547 1877 autem
1576 1805 1752 1877 dumi.

172 1878 347 1931 natio.
384 1880 447 1931 Et
472 1878 600 1943 Ter,
632 1878 799 1947 inquit
819 1920 831 1937 .
865 1875 1014 1948 virgis
1041 1895 1197 1931 cresus
1221 1894 1328 1929 smn
1358 1875 1515 1943 (Ibid.
1545 1895 1591 1930 υ.
1621 1876 1746 1944 9.5);

171 1949 233 2002 id
262 1960 364 2013 est,
398 1960 502 2002 tres
528 1948 737 2017 quidem
767 1950 1076 2019 liypostases
1103 1949 1376 2019 confessus
1402 1962 1518 2019 sum
1542 1990 1555 2019 ,
1585 1949 1748 2002 Semel

170 2028 360 2073 autem
402 2021 556 2073 lidetn
592 2018 863 2073 Trinitatis
902 2019 1072 2089 lapide
1108 2018 1457 2073 confessionis
1489 2018 1554 2089 ad
1588 2034 1747 2071 unum

172 2089 375 2142 anima:
397 2101 707 2143 concentum
737 2087 965 2144 lirmavi.‘
986 2091 1049 2142 Et
1078 2089 1189 2153 Ter,
1214 2090 1402 2157 inquit,
1426 2087 1748 2159 naufragium

173 2162 401 2226 pertuli;
441 2160 489 2213 id
521 2170 633 2221 est,
662 2159 999 2213 Jndaicm'um
1029 2176 1161 2213 (inus
1200 2160 1614 2229 peceatortttnin
1647 2174 1745 2212 no-

173 2230 325 2283 mine
355 2231 525 2283 l’atris
550 2242 603 2283 et
633 2230 749 2283 Filii
787 2241 839 2284 et
874 2231 1102 2297 Spiritus
1131 2230 1297 2284 sancti
1326 2230 1377 2283 in
1407 2229 1549 2282 fonte
1577 2229 1748 2296 bapti-

171 2300 367 2353 smatis
393 2301 639 2355 demersi.
685 2301 805 2354 Tria
834 2312 942 2354 sata
984 2301 1162 2355 farina:
1186 2341 1201 2366 ,
1228 2312 1280 2355 et
1309 2299 1457 2369 regni
1492 2299 1743 2353 cmlorntn

170 2370 474 2425 similitudo
512 2372 668 2424 allata
694 2412 709 2434 ,
751 2371 938 2425 mulier
973 2388 1090 2441 qnse
1118 2371 1356 2439 accepit,
1386 2382 1438 2425 et
1480 2371 1741 2441 modicum

170 2440 495 2495 fermentum
523 2442 795 2495 abscondit
824 2458 885 2495 ac
924 2439 1083 2495 totam
1112 2457 1338 2496 massam
1368 2439 1699 2495 fermentavit
1726 2457 1739 2493 :

174 2512 275 2563 tria
310 2528 434 2564 vero
461 2526 570 2565 szita
602 2512 804 2576 larium,
838 2514 1099 2566 modicum
1130 2512 1441 2567 fermentum
1471 2523 1525 2565 et
1555 2511 1744 2563 mulier

174 2583 522 2648 l'ermeutans,
549 2583 803 2648 sapientia
833 2584 919 2637 Dei
949 2595 1050 2647 est,
1077 2599 1193 2652 qua:
1222 2598 1313 2652 per
1332 2598 1525 2650 corpus
1545 2581 1742 2636 Christi

174 2662 344 2725 tutam
372 2654 650 2725 lnuuauam
681 2668 919 2707 naturam
952 2655 1003 2707 in
1032 2653 1303 2725 Trinitatis
1332 2654 1485 2707 fidem
1516 2666 1741 2708 Conver-

172 2721 259 2796 tit.
306 2721 396 2796 i‘lis
438 2724 682 2778 omnibus
713 2725 980 2796 inveteriis
1015 2725 1165 2793 quasi
1204 2724 1431 2793 sigillum
1470 2738 1740 2796 apponens

176 2791 430 2847 Dominus
476 2806 686 2856 noster,
730 2791 784 2849 iii
828 2796 994 2849 tribus
1033 2791 1464 2850 innuersiouibus
1501 2793 1739 2861 Corporis

173 2878 338 2915 unum
365 2865 615 2934 baptisma
640 2866 910 2934 discipulis
932 2866 1042 2921 sitis
1064 2865 1296 2933 tradidit,
1315 2866 1496 2920 dicens
1518 2883 1529 2917 :
1551 2864 1739 2917 Eunles

172 2936 345 3009 docete
364 2952 531 3009 omnes
555 2947 742 3005 gentes,
764 2937 1071 3009 baptisaiites
1090 2953 1179 3009 eos
1202 2938 1253 2989 in
1275 2939 1474 3009 nomine
1496 2935 1677 3009 Patris
1691 2946 1738 2989 et

172 3002 301 3055 Filii
329 3016 373 3078 et
417 3002 638 3074 Spiritus
681 3002 879 3074 sancti(
910 3008 1091 3060 Matth.
1120 3005 1210 3061 28.
1244 3009 1309 3063 19
1334 3012 1373 3078 ).
1405 3007 1570 3063 Unam
1616 3002 1737 3063 esse

169 3076 533 3141 Operationem
581 3077 733 3132 facile
787 3079 1269 3133 OCIIIOIISII‘ubllIIlIS
1317 3076 1341 3130 :8
1379 3094 1497 3132 cum
1558 3089 1733 3131 autem

172 3160 331 3197 unam
380 3164 499 3201 esse
528 3152 889 3217 operationem
938 3152 1107 3203 l’atris
1148 3161 1202 3204 et
1244 3150 1360 3203 Filii
1404 3160 1458 3203 et
1505 3147 1733 3216 Spiritus

170 3217 340 3269 sancti
372 3218 782 3280 demousuetur,
811 3235 1029 3274 necesse
1061 3222 1377 3274 cstmnnino
1408 3235 1562 3273 unam
1587 3221 1733 3273 credi

170 3286 514 3341 Substautiam
544 3308 555 3341 :
588 3306 810 3361 quorum
835 3291 975 3344 enim
997 3293 1232 3359 operatio
1251 3307 1374 3356 una,
1400 3306 1499 3343 una
1526 3306 1734 3358 quoque

171 3367 257 3410 est
297 3362 608 3415 substantia.
672 3361 988 3430 Incipiamus
1038 3378 1167 3430 ergo
1212 3362 1391 3415 dicere
1442 3362 1508 3414 de
1551 3362 1731 3414 mutuli

170 3433 477 3497 creatione,
509 3433 574 3486 de
600 3431 906 3501 adoptione.
942 3433 1011 3487 de
1040 3432 1314 3495 libettate,
1355 3432 1423 3484 de
1451 3432 1582 3485 caelo
1603 3472 1616 3493 ,
1666 3432 1732 3486 de

174 3508 328 3572 terrm
349 3503 721 3555 constitutione
740 3542 754 3564 .
783 3513 939 3572 atque
965 3519 1068 3555 nuo
1095 3504 1255 3556 verbo
1282 3504 1347 3557 de
1376 3504 1517 3554 omni
1548 3517 1728 3569 opere,

171 3570 345 3644 deque
373 3574 489 3624 aliis
528 3575 773 3626 omnibus
798 3570 866 3626 ad
893 3575 1010 3627 vita:
1039 3586 1232 3627 nostrae
1262 3590 1412 3626 nsum
1460 3575 1731 3644 pertinen-

174 3640 316 3712 tibus
349 3660 361 3694 :
390 3656 452 3696 ac
476 3646 663 3712 quibus
691 3646 1055 3697 occasiombos
1084 3660 1159 3697 ea:
1183 3659 1213 3697 a
1244 3644 1396 3697 Patre
1424 3640 1478 3697 ei
1516 3642 1649 3696 Filio
1679 3653 1732 3697 et

173 3710 370 3777 Spiritu
398 3710 581 3767 sancto
610 3716 851 3782 perlecta:
881 3716 1006 3769 sint.
1034 3718 1073 3768 Α
1106 3716 1287 3783 primis
1317 3716 1649 3782 incipiamus,
1677 3724 1733 3767 et

171 3782 241 3833 ad
284 3785 509 3838 secunda
561 3786 870 3848 veniamus;
923 3796 977 3839 et
1016 3782 1388 3853 sic’deinceps
1436 3787 1730 3839 orationem

176 3862 409 3907 nostram
447 3870 847 3924 persequamur.
874 3856 1074 3909 (Ia-lum
1106 3857 1226 3909 fecit
1270 3855 1423 3908 l’nter
1462 3873 1564 3907 non
1614 3873 1729 3910 sine

176 3924 350 3977 Verbo
395 3936 450 3979 et
473 3926 715 3993 Spiritu:
762 3942 881 3979 nam
943 3925 1101 3979 Verbo
1137 3926 1335 3979 Domini
1384 3927 1494 3979 ειειί
1544 3928 1731 3993 ﬁrmati

173 4004 288 4068 sunt
311 4033 341 4068 ,ᾗ
365 4007 409 4068 et
434 3998 614 4064 spiritu
659 3999 759 4049 oris
787 3999 893 4068 ejus
937 4002 1097 4050 omnis
1135 4000 1289 4049 virtus
1337 4013 1506 4049 eorum
1537 4002 1553 4065 (
1583 3996 1727 4050 l’sal.

175 4063 266 4120 52.
315 4063 634 4147 (1)..Τυιιιιιι
676 4063 856 4121 orbein
890 4068 1107 4147 replevit
1154 4068 1425 4147 Poterant
1458 4063 1727 4147 scriptum

176 4145 260 4207 est
287 4150 309 4207 εν
329 4136 515 4189 Civium
540 4149 586 4190 et
612 4147 794 4190 terram
833 4154 923 4206 ego
950 4139 1150 4205 impleo,
1174 4140 1291 4190 dicit
1322 4136 1566 4191 Dominus
1596 4136 1727 4207 (Jer.

174 4206 263 4260 25.
293 4206 402 4276 21).
437 4208 675 4276 Replevit
716 4219 771 4263 et
818 4209 978 4261 Filius
1008 4228 1020 4262 :
1056 4225 1174 4262 nam
1226 4209 1411 4269 Omnia
1452 4226 1539 4279 per
1568 4206 1731 4277 ipsum

177 4282 309 4351 facta
333 4288 463 4337 sunt.
496 4290 539 4332 et
565 4281 670 4334 sine
697 4280 805 4346 ipso
835 4286 1019 4347 [acrum
1065 4290 1137 4332 est
1179 4280 1304 4332 nihil
1348 4279 1525 4351 (Joan.
1560 4280 1605 4332 1.
1631 4281 1727 4351 _5).

176 4350 308 4403 Audi
344 4350 662 4417 Sapientiam
694 4351 955 4404 dicentem
984 4351 1050 4403 de
1074 4351 1267 4417 Spiritu
1303 4368 1314 4402 :
1360 4349 1589 4417 Spiritus
1623 4349 1728 4401 Do-

176 4422 296 4473 mini
316 4421 516 4491 repleuit
537 4422 703 4474 urbem
734 4421 885 4491 (Sup.
918 4422 969 4474 1.
998 4422 1069 4490 7).
1100 4422 1233 4489 Quid
1258 4436 1382 4491 vero
1403 4420 1424 4472 ’ἰ
1448 4421 1732 4473 Creatura-

179 4506 289 4544 rutn
329 4490 552 4543 maxima
580 4492 760 4553 homo,
793 4506 895 4544 non
924 4508 952 4544 a
982 4491 1137 4545 i‘atre
1179 4492 1293 4544 solo
1320 4490 1451 4543 facta
1477 4501 1595 4553 est,
1635 4491 1730 4545 sed

176 4570 489 4626 coOperaute
508 4562 660 4623 Filio,
679 4564 978 4629 complente
1005 4564 1199 4624 Spiritu
1230 4572 1413 4615 sancto
1440 4578 1452 4613 :
1487 4576 1606 4613 nam
1633 4563 1727 4628 ait,

179 4630 441 4685 Faciamus
466 4634 713 4685 hominem
749 4635 813 4685 ad
852 4633 1116 4702 imaginem
1140 4643 1185 4685 et
1227 4632 1601 4685 similitudinem
1642 4650 1733 4686 uo-

176 4716 327 4755 stram
348 4703 494 4773 (Gen.
522 4706 571 4756 1.
593 4704 705 4769 20).
732 4704 1026 4768 Faciamus,
1056 4704 1414 4773 non,Faciam
1441 4717 1560 4770 ego.
1600 4720 1727 4767 non,

178 4772 361 4828 Facias
384 4784 459 4836 tu,
491 4791 616 4841 non,
651 4774 827 4828 Faciat
858 4774 978 4837 ille;
1010 4774 1123 4835 sed,
1159 4772 1444 4827 Faciamus.
1488 4773 1543 4826 Si
1586 4776 1728 4827 enim

177 4846 412 4910 dixisset,
441 4845 545 4901 Fac
574 4856 647 4910 tu,
677 4845 1076 4898 SllblttilliSll‘llltt
1120 4843 1480 4898 declarasset:
1514 4846 1731 4911 aequali-

182 4924 333 4970 tatem
360 4930 485 4971 vero
529 4918 936 4977 demonstrans,
982 4916 1087 4979 ait,
1136 4913 1408 4968 Faciamus
1455 4916 1726 4969 hominem.

179 4987 478 5041 llommonis
528 4990 828 5051 sententia,
882 5000 1164 5040 commune
1216 5000 1389 5055 opus,
1448 5001 1731 5040 commune

183 5058 499 5124 ligmentum.
542 5058 692 5127 Quod
728 5067 903 5111 autem
938 5058 1091 5110 Pater
1126 5066 1181 5109 et
1207 5056 1368 5110 Filius
1407 5068 1460 5108 et
1504 5058 1730 5124 Spiritus

181 5138 385 5183 sanctus
416 5129 599 5183 fecerit
625 5130 913 5189 hominem,
946 5128 1105 5181 David
1133 5128 1259 5180 milii
1290 5133 1595 5180 testificatur
1625 5128 1731 5180 Deo

182 5198 353 5268 dicens
383 5217 397 5253 :
439 5200 623 5253 Manus
650 5211 747 5252 tute
774 5204 995 5268 fecerunt
1034 5214 1112 5250 me
1152 5208 1198 5250 et
1230 5199 1597 5265 plasmueerunt
1655 5214 1732 5250 me

185 5267 348 5335 (Psal.
383 5272 504 5325 1l8.
539 5272 662 5330 73).
698 5267 809 5323 Non
843 5280 896 5323 tu
928 5285 1011 5322 me
1052 5269 1199 5321 solus
1231 5270 1397 5323 iecisti
1431 5283 1445 5321 ε
1478 5284 1581 5319 non
1614 5284 1729 5321 ma-

186 5355 280 5403 nus
307 5352 385 5394 tua
416 5344 525 5396 Sola
558 5342 678 5396 fecit
706 5355 808 5403 me,
840 5356 957 5408 qua:
984 5352 1063 5393 est
1092 5338 1405 5407 Unigeuitus
1435 5350 1573 5392 tuus.
1617 5339 1707 5391 illa

187 5422 386 5465 nustwe
415 5417 633 5480 fecerunt
660 5427 770 5473 me;
818 5411 867 5463 id
897 5422 997 5475 est,
1034 5410 1259 5463 Verbum
1291 5420 1343 5462 et
1381 5412 1624 5477 Spiritus.
1660 5412 1733 5462 Ae

189 5482 231 5534 si
258 5479 466 5547 diceret,
493 5484 645 5537 Verbi
674 5482 885 5549 quidem
912 5482 1166 5549 sapientia
1198 5480 1441 5534 forniavit
1468 5497 1571 5543 me,
1613 5479 1732 5547 Spi-

189 5551 311 5605 ritus
334 5570 455 5606 vero
486 5554 826 5621 intelligentia
854 5554 977 5605 fecit
1000 5569 1102 5614 me,
1136 5564 1185 5603 te
1210 5553 1528 5619 complente.
1571 5549 1731 5602 Simi-

190 5623 300 5676 liter
324 5633 372 5677 et
412 5624 510 5678 Job
540 5626 646 5679 Deo
668 5624 792 5677 dicit
823 5639 835 5675 :
871 5621 1053 5674 Manus
1074 5634 1171 5674 tua:
1197 5626 1533 5691 fornmverunt
1561 5636 1656 5683 me,
1688 5630 1734 5672 et

210 5695 402 5747 iecerunt
430 5712 504 5747 me
531 5695 669 5759 (Job.
705 5695 786 5746 10.
815 5693 895 5762 8).
920 5692 1047 5744 Nam
1069 5702 1123 5745 et
1148 5693 1333 5744 eadunt
1365 5706 1416 5745 et
1440 5694 1611 5762 virtus
1630 5706 1733 5743 cura

193 5703 402 5818 fecerunt
430 5712 504 5747 me
531 5703 669 5759 (Job.
705 5703 786 5746 ιιι.
815 5703 895 5762 8).
920 5703 1047 5744 Nam
1069 5703 1123 5745 et
1148 5703 1333 5744 Caelum
1365 5706 1416 5745 et
1440 5703 1603 5743 Virtus
1630 5706 1733 5743 cata

212 5780 348 5817 orum
379 5781 471 5832 per
498 5767 666 5833 ipsum
706 5766 837 5819 facta
870 5773 991 5815 sunt
1012 5802 1027 5827 ,
1054 5762 1250 5814 Davidc
1293 5764 1537 5815 dicente:
1570 5760 1734 5833 l’erbo

194 5833 381 5888 Domini
407 5832 527 5888 caeli
541 5837 727 5900 ﬁrmati
756 5843 889 5898 sunt,
919 5844 962 5885 et
990 5834 1167 5897 spiritu
1194 5833 1294 5884 oris
1316 5849 1423 5899 ejus
1444 5832 1603 5883 onmis
1632 5833 1734 5882 vir-

199 5918 268 5959 tus
294 5920 457 5958 eorum
489 5905 666 5963 lPsal.
694 5906 781 5962 52.
815 5905 921 5973 6);
961 5902 1014 5956 iti
1045 5902 1295 5972 propheta
1340 5911 1514 5956 autent
1549 5902 1680 5954 Osea
1716 5917 1730 5953 :

1628 422 1714 478 DE
1754 420 1929 476 FIDE.

3348 425 3451 481 ’ΠΟ

1870 535 2029 608 Cujus
2055 552 2231 608 manus
2253 546 2543 589 creaverunt
2568 536 2840 608 eajercitum
2862 538 2993 590 creti.
3018 535 3152 608 Nam
3174 536 3258 592 hic
3278 538 3444 608 signi-

1869 606 1992 660 licat
2037 622 2134 676 per
2180 605 2434 673 Spiritum
2484 615 2535 660 et
2588 605 2818 660 Verbum
2855 607 3141 661 CXL‘l‘Cilllﬂl
3192 605 3445 663 calorum

1867 687 2103 730 creatum
2162 678 2342 731 fuisse.
2404 676 2676 729 Faciamus
2727 678 2981 731 hominem
3041 678 3110 729 ad
3172 679 3443 746 imaginem

1869 758 2128 809 nostram;
2172 762 2300 812 non,
2330 747 2407 800 Ad
2441 748 2697 816 imagines
2724 758 2967 811 nostras;
3015 748 3131 812 sed,
3174 747 3444 805 Faciamus

1868 818 2116 869 hominen:
2137 819 2205 869 ad
2224 818 2488 886 imaginem
2511 829 2734 870 nostram
2758 833 2776 870 :
2799 818 2949 883 illud,
2973 818 3241 888 faciamus,
3266 821 3442 888 plura-

1868 888 2022 951 liter;
2048 888 2200 950 illud,
2228 888 2295 939 ad
2321 888 2587 956 imaginem
2614 900 2858 953 nostram,
2887 890 3245 956 singulariter.
3280 891 3343 943 Et
3373 908 3440 946 ne

1867 960 2362 1026 quissuspicaretur
2384 959 2650 1011 hominem
2680 958 2744 1011 ad
2770 959 3048 1027 imaginem
3072 959 3242 1013 Patris
3269 962 3436 1016 solam

1864 1027 2060 1100 factum
2088 1029 2270 1090 fuisse,
2294 1029 2498 1081 addidit
2540 1029 2666 1100 illud
2690 1071 2703 1089 ,
2731 1042 2973 1083 nostrum.
3012 1030 3076 1082 Et
3107 1031 3227 1083 ideo
3249 1073 3262 1095 ,
3313 1035 3433 1100 quia

1866 1098 1952 1170 illa
1985 1100 2158 1168 imago
2190 1100 2498 1168 primigenia
2545 1099 2729 1152 Adami
2756 1140 2768 1161 ,
2821 1115 2914 1167 per
2960 1098 3435 1170 transgressionem

1865 1168 2076 1241 inimica
2123 1170 2254 1241 facta
2281 1212 2295 1233 ,
2344 1185 2480 1236 Opus
2510 1170 2735 1241 liabebat
2765 1168 3194 1225 renovationeet
3240 1187 3434 1241 purga-

1864 1239 2027 1305 tione,
2064 1254 2166 1293 uon
2197 1240 2250 1293 in
2281 1242 2495 1294 nomine
2522 1240 2696 1293 Patris
2724 1242 2889 1294 solius
2918 1242 2968 1295 in
2995 1242 3311 1309 baptismate
3341 1239 3432 1299 rc-

1861 1320 2165 1382 generatur,
2184 1311 2276 1365 sed
2299 1320 2352 1382 et
2376 1311 2490 1364 Filii
2514 1322 2565 1382 et
2583 1310 2808 1379 Spiritus
2822 1314 2988 1367 sancti
3015 1331 3028 1365 :
3050 1315 3171 1382 quia
3193 1313 3260 1367 ab
3284 1315 3431 1370 initio

1860 1381 1937 1434 sic
1968 1382 2133 1435 factus
2160 1390 2280 1453 est.
2314 1381 2449 1435 Vere
2496 1381 2653 1450 igitur
2690 1382 2932 1451 obsignat
2969 1381 3128 1438 Pater
3170 1385 3219 1435 iu
3260 1384 3431 1453 bapti-

1860 1462 2049 1525 smate.
2075 1460 2131 1505 ιιι
2160 1451 2350 1505 l’aulns
2370 1454 2442 1505 ait
2469 1469 2481 1506 :
2510 1454 2610 1517 Qui
2630 1462 2795 1505 autem
2819 1455 2937 1524 fecit
2959 1471 3049 1525 nos
3069 1455 3137 1507 ad
3156 1454 3248 1525 hoc
3264 1451 3429 1525 ipsum

1859 1518 2016 1597 gens,
2049 1532 2094 1575 et
2120 1527 2263 1575 unxit
2292 1539 2391 1597 nos
2409 1535 2453 1597 et
2482 1526 2695 1597 signavit
2725 1518 3069 1597 nos'(‘2.__Cor.
3106 1530 3155 1581 1.
3189 1518 3422 1597 21.92).

1858 1590 2041 1660 Signat
2070 1604 2245 1647 autem
2273 1598 2340 1647 et'
2360 1590 2587 1661 Spiritus
2614 1604 2829 1647 Sanctus
2855 1590 2875 1646 ἐ
2910 1592 3085 1648 Nolite
3130 1598 3261 1647 enim
3300 1590 3424 1650 con-

1858 1663 2056 1716 tristarc
2090 1663 2336 1733 Spiritum
2361 1675 2606 1724 sanctum,
2638 1666 2690 1716 in
2727 1681 2824 1733 quo
2849 1666 3032 1731 signati
3059 1668 3173 1719 estis
3200 1668 3251 1719 in
3291 1669 3423 1721 diem

1857 1734 2210 1805 redemptionis
2237 1733 2450 1805 (Ep/tes.
2490 1735 2542 1787 4.
2567 1735 2680 1803 50).
2711 1734 2912 1804 Signati
2936 1748 3111 1791 autem
3134 1754 3162 1789 a
3192 1736 3346 1793 Patre
3372 1752 3425 1794 et

1856 1802 2054 1869 Spiritu
2085 1802 2268 1858 Sancto
2296 1807 2344 1859 iii
2374 1805 2622 1859 cordibus
2644 1802 2845 1860 nostris
2866 1849 2880 1869 ,
2911 1823 3013 1859 non
3045 1811 3093 1859 iu
3124 1809 3253 1862 duas
3284 1813 3419 1864 ima-

1854 1874 2005 1941 gines
2036 1875 2493 1940 transformamur,
2517 1876 2609 1929 sed
2642 1877 2691 1928 in
2722 1892 2877 1929 unam
2908 1875 3023 1930 Filii
3052 1880 3185 1944 ejus.
3221 1879 3291 1932 Ex
3339 1882 3418 1935 liis

1853 1953 2028 2014 autem
2050 1946 2314 2014 colligitur
2342 1947 2490 2008 illud,
2524 1947 2575 1997 in
2599 1963 2771 2010 imam,
2803 1962 2920 2001 esse
2948 1950 3117 2001 Patris
3144 1960 3195 2003 ct
3224 1949 3338 2004 Filii
3367 1964 3421 2006 et

1853 2011 2083 2082 Spiritus
2108 2011 2296 2070 sancti.
2328 2018 2527 2085 Siguati
2561 2018 2610 2069 in
2655 2018 2907 2071 cordibus
2944 2022 3173 2081 uoSIris,
3202 2024 3418 2075 confor-

1853 2098 1966 2155 mes
1990 2085 2126 2140 Filio
2155 2086 2431 2148 efficimur,
2461 2098 2515 2141 et
2558 2090 2728 2155 imago
2758 2088 2877 2151 Dei,
2914 2098 2969 2142 ιιι
2993 2090 3185 2143 clamat
3224 2092 3418 2147 Paulus

1851 2152 2079 2233 dicetisi
2120 2152 2907 2233 _Vir_quident‘nongu'ebiftrelati,
2943 2178 3061 2233 cum
3075 2163 3137 2213 sit
3173 2163 3337 2233 imago
3371 2177 3418 2216 et

1847 2226 2011 2293 gloria
2036 2225 2133 2280 Dei
2172 2225 2252 2299 (1.
2279 2227 2396 2283 Cor.
2432 2231 2515 2282 11.
2551 2230 2623 2296 7).
2655 2229 2818 2282 Multo
2845 2233 3009 2299 magis
3036 2225 3414 2298 Spiritus'san-

1848 2306 1966 2368 ctus
1999 2309 2081 2351 est
2116 2300 2292 2368 imago
2323 2300 2432 2353 Dei.
2469 2300 2683 2368 Magnus
2720 2301 2876 2353 etiam
2914 2312 2997 2354 est
3028 2302 3220 2361 Filius.
3254 2304 3416 2358 inter-

1847 2366 2113 2422 minabilis
2156 2366 2248 2423 est
2289 2369 2516 2441 Spiritus
2558 2366 2775 2423 sanctus
2820 2390 2832 2424 :
2890 2371 3109 2441 Magnus
3164 2373 3414 2438 Dominus

1846 2446 2030 2510 noster,
2058 2449 2103 2491 et
2136 2437 2501 2510 magna'vi‘rtus
2529 2443 2638 2509 ejus
2691 2445 2706 2510 (
2734 2457 2852 2493 uani
2895 2437 3135 2495 (.‘Itiistus
3187 2447 3275 2497 Dei
3311 2437 3414 2499 vir-

1848 2507 1973 2585 tus),
1994 2519 2034 2562 et
2066 2507 2327 2585 sapientia:
2347 2512 2457 2582 ejus
2482 2507 2580 2585 non
2607 2522 2676 2564 est
2701 2507 2940 2585 nutrieras
2967 2512 3133 2581 (l’sal.
3170 2516 3291 2572 146.
3321 2520 3408 2585 ὓ).

1846 2575 1901 2651 id
1932 2575 2031 2641 est,
2062 2577 2294 2651 Spiritus
2321 2575 2533 2634 sanctus
2565 2583 2676 2641 Dei.
2702 2584 2927 2649 Spiritus
2956 2575 3036 2637 est
3063 2586 3333 2651 sapientim
3358 2575 3412 2641 et

1845 2648 2163 2705 intellectus.
2196 2650 2303 2704 Pax
2342 2667 2551 2722 quoque
2587 2665 2668 2705 est
2716 2648 2871 2705 l‘aler
2915 2671 2927 2705 :
2975 2648 3412 2711 Ecce-declinem

1841 2735 1995 2787 super
2038 2737 2152 2774 eam
2186 2724 2342 2797 guasi
2386 2724 2570 2797 ﬂuvias
2600 2725 2759 2797 paris
2799 2723 2967 2797 (leui.
2996 2726 3084 2780 66.
3134 2726 3250 2797 12).
3303 2729 3411 2783 Pax

1842 2803 2051 2865 quoque
2074 2804 2158 2845 εει
2184 2793 2367 2856 Filius,
2405 2803 2459 2845 ιιι
2487 2794 2676 2847 l’:mlus
2698 2796 2768 2846 ait
2800 2793 2814 2849 ἑ
2850 2794 2969 2864 Ipse
2998 2808 3067 2848 est
3088 2813 3191 2865 pax
3210 2793 3407 2858 nostra,

1840 2862 1931 2936 qui
1952 2863 2070 2936 [iecit
2091 2872 2299 2931 utraque
2321 2880 2487 2936 unum
2511 2865 2720 2933 (Ep/tes.
2741 2865 2793 2916 2.
2828 2868 2845 2919 1
2859 2862 2933 2935 ιι).
2966 2867 3065 2919 l‘ax
3088 2862 3308 2936 quoque
3327 2881 3411 2924 est

1843 2932 2071 3008 Spiritus
2115 2943 2387 3008 sanctus:
2441 2932 2867 3008 Eructusuautem
2894 2932 3183 3008 Spiritus—.7
3216 2932 3405 3008 inquit,

1840 3003 2041 3068 caritas,
2080 3019 2186 3073 pas;
2226 3003 2435 3073 (Ep/tes.
2469 3006 2520 3060 5.
2549 3006 2623 3073 9).
2657 3005 2797 3059 Fons
2818 3018 2899 3060 est
2929 3009 3083 3061 l’ater
3114 3026 3127 3060 :
3155 3003 3407 3074 Quoniam

1839 3074 1979 3145 apud
2000 3084 2047 3129 te
2065 3086 2141 3128 est
2179 3076 2291 3145 fons
2314 3079 2425 3129 vita:
2451 3076 2621 3145 (l’saf.
2655 3078 2743 3131 55.
2778 3078 2864 3142 10)
2899 3097 2910 3131 :
2945 3080 3061 3130 fons
3088 3088 3169 3132 est
3198 3079 3359 3133 Filius
3391 3101 3402 3133 :

1842 3142 2483 3222 illeettimdereliquerant,
2512 3152 2699 3217 fontem
2725 3165 2867 3215 aqua:
2889 3149 3009 3222 ciete
3030 3149 3159 3217 (Jer.
3298 3154 3405 3222 15).

1838 3214 1948 3287 ἕξεί
1971 3228 2116 3270 esset
2140 3214 2520 3284 funsSpiritus
2544 3214 2776 3280 Sanctus,
2807 3235 2909 3271 non
2939 3214 3158 3273 dixisset
3188 3214 3403 3287 Paulus,

1838 3283 1905 3338 Et
1932 3303 2098 3341 omne.<
2137 3289 2187 3340 in
2216 3283 2385 3340 eodem
2416 3288 2614 3355 Spiritu
2660 3289 2898 3355 baptismi
2926 3305 3098 3342 sumus
3139 3292 3153 3356 (
3179 3293 3230 3345 1.
3283 3283 3404 3348 Cor.

1839 3355 1925 3410 12.
1959 3358 2070 3428 15).
2105 3358 2374 3427 Liqttitlins
2400 3373 2575 3413 autem
2603 3374 2668 3413 ex
2693 3360 2898 3413 Domini
2929 3362 3099 3413 \ct'bis
3130 3355 3403 3428 adiscitur,

1838 3428 2091 3503 Spiritum
2134 3430 2263 3503 fonti
2311 3429 2475 3503 fuisse
2512 3441 2906 3503 comparatum.
2940 3430 3172 3485 Veniens
3214 3434 3408 3503 quippe

1835 3500 1989 3555 Jesus
2016 3501 2278 3553 clamabat
2303 3518 2315 3553 :
2345 3501 2405 3555 Si
2435 3501 2546 3565 quis
2591 3502 2731 3565 sitit,
2760 3503 2922 3554 veniat
2948 3506 3012 3552 ad
3049 3518 3126 3553 me
3148 3542 3163 3566 ,
3202 3515 3245 3554 et
3274 3500 3408 3555 bibat

1835 3586 2038 3640 aquam,
2070 3582 2143 3633 et,
2174 3572 2317 3625 Sicut
2361 3571 2487 3624 dixit
2524 3570 2793 3641 Scriptura
2817 3613 2832 3637 ,
2880 3574 3091 3639 [Iumina
3144 3574 3205 3624 de
3242 3585 3409 3627 vnittre

1835 3645 1943 3711 ejus
1972 3642 2127 3709 ﬂuent
2152 3657 2297 3709 aqua:
2332 3643 2470 3695 vim.
2506 3640 2618 3694 [loc
2645 3640 2817 3695 autem
2844 3641 3037 3713 dicebat
3079 3644 3141 3695 de
3182 3643 3403 3713 Spiritu,

1835 3730 1979 3778 quem
2004 3713 2254 3784 accepturi
2283 3723 2421 3784 erant
2447 3713 2788 3784 credentesiin
2834 3730 2946 3765 eum
2967 3715 2983 3780 (
3008 3712 3163 3765 Joan.
3197 3714 3247 3766 7.
3277 3717 3343 3767 57
3375 3745 3401 3754 -

1836 3783 1965 3850 59).
2016 3784 2129 3838 Lux
2179 3791 2260 3835 est
2310 3783 2487 3847 Pater,
2523 3783 2653 3848 Quia
2693 3783 2829 3836 Deus
2858 3785 2946 3835 tua;
2985 3793 3057 3835 est
3105 3786 3195 3851 (1,
3246 3784 3403 3838 Joan.

1836 3858 1889 3910 1.
1918 3856 1975 3923 5)
2009 3874 2022 3909 :
2054 3858 2137 3909 lux
2167 3854 2366 3923 Filius;
2418 3869 2560 3917 nam,
2592 3852 2705 3922 Ego
2740 3870 2851 3907 sum
2882 3855 2970 3905 tua:
2999 3855 3174 3906 mundi
3204 3854 3401 3921 (Joau.

1836 3927 1890 3980 8.
1933 3922 2058 3991 12);
2095 3928 2179 3979 lux
2211 3936 2265 3979 et
2291 3922 2517 3992 Spiritus
2547 3940 2561 3976 :
2611 3940 2715 3977 non
2743 3926 2884 3976 enim
2915 3925 3137 3979 dixisset
3170 3925 3360 3979 Paulus
3385 3968 3401 3990 ,

1837 3997 2083 4065 Spiritum
2112 3997 2263 4049 nolite
2288 3995 2685 4064 exstinguere“.
2711 3992 2883 4047 Thess.
2918 3995 2969 4049 5.
3010 3996 3121 4057 19).
3154 3994 3255 4047 Sed
3282 3999 3402 4065 quia

1836 4068 1937 4121 lioc
1963 4079 2019 4120 ut
2058 4068 2108 4120 vi
2137 4066 2381 4119 eductum
2410 4065 2622 4135 quidam
2654 4065 2866 4129 habent,
2899 4066 3060 4135 David
3092 4066 3299 4135 proprie
3325 4069 3406 4120 di-

1835 4148 1921 4191 cat
1952 4155 1965 4190 :
2001 4136 2065 4191 In
2100 4138 2285 4191 lumine
2310 4148 2395 4189 tuo
2428 4133 2710 4189 'videbimus
2738 4136 2906 4188 lumen
2953 4133 3125 4204 (Paul.
3157 4133 3243 4189 55.
3289 4138 3402 4205 10).

1837 4224 2025 4275 nempe
2052 4209 2304 4277 Spiritum
2328 4215 2590 4260 sanctum.
2622 4206 2834 4277 Liberat
2860 4206 3017 4259 Pater
3046 4207 3316 4261 redactum
3351 4209 3402 4262 in

1835 4276 2142 4334 servitutem
2170 4279 2369 4345 peccati
2403 4296 2415 4330 :
2449 4278 2633 4329 liberat
2664 4276 2866 4338 Filius;
2898 4278 3107 4329 dicebat
3145 4279 3285 4330 enim
3311 4278 3404 4333 ιυ-

1835 4349 1963 4405 (Ῐευίε
1986 4391 2000 4415 ,
2035 4350 2096 4405 Si
2121 4366 2237 4417 ergo
2265 4365 2348 4402 vos
2393 4346 2559 4400 Filius
2588 4347 2897 4405 liberaverit.
2941 4364 3052 4399 vere
3089 4349 3229 4400 liberi
3268 4351 3405 4402 eritis

1837 4420 2262 4542 (Joan..8..2'i_61.:
2309 4420 2499 4472 liberat
2535 4418 2810 4502 Spirittis_:
2858 4417 2955 4471 Ubi
3011 4422 3142 4503 enim
3182 4417 3404 4499 Spiritus

1837 4492 2062 4542 Donum.
2095 4492 2161 4542 ibi
2211 4490 2388 4542 ibertas
2410 4488 2487 4542 (2.
2509 4487 2627 4542 Cor.
2654 4490 2703 4542 5.
2730 4489 2816 4542 1ι)
2848 4506 2859 4540 :
2896 4490 2978 4541 lex
3009 4490 3237 4542 Spiritus
3268 4490 3402 4542 libe-

1835 4492 2062 4553 Domini,
2095 4492 2161 4543 ibi
2188 4487 2388 4542 libertas
2410 4488 2487 4556 (2.
2509 4487 2627 4542 Cor.
2654 4490 2703 4542 5.
2730 4489 2816 4556 17)
2848 4506 2859 4540 :
2896 4490 2978 4541 lex
3009 4490 3237 4557 Spiritus
3268 4490 3402 4542 libe-

1835 4574 1951 4616 rat:
1981 4561 2085 4615 Lea:
2106 4577 2217 4613 vero
2248 4560 2475 4627 Spiritus
2491 4560 2712 4611 liberabit
2738 4569 2784 4610 te
2806 4576 2835 4609 a
2864 4561 3093 4611 servitute
3117 4561 3402 4629 corruptio-

1835 4635 1911 4686 nis
1941 4633 2115 4702 (Rom.
2147 4630 2199 4684 8.
2229 4629 2310 4699 2).
2343 4630 2518 4683 Bonus
2546 4639 2627 4682 est
2658 4630 2812 4683 Pater
2841 4646 2853 4680 :
2884 4631 3053 4702 bonus
3092 4629 3291 4702 Filius:
3324 4632 3403 4685 An

1836 4700 2010 4756 oculus
2040 4714 2171 4762 tuus,
2225 4702 2412 4767 inquit,
2446 4716 2655 4770 nequam
2684 4710 2756 4751 est
2779 4741 2794 4763 ,
2836 4701 2953 4769 quia
2987 4716 3076 4768 ego
3104 4700 3261 4754 bonus
3292 4718 3403 4754 sum

1865 4772 2047 4826 Matth.
2098 4772 2189 4826 ‘20.
2224 4770 2354 4839 15)?
2383 4771 2551 4823 bonus
2580 4772 2738 4825 etiam
2766 4781 2847 4825 est
2872 4771 3099 4840 Spiritus
3138 4781 3352 4824 sanctus
3386 4791 3400 4825 :

1863 4844 2063 4912 ipiritns
2090 4854 2202 4895 tuus
2222 4845 2375 4895 bonus
2396 4842 2600 4912 deducet
2628 4856 2705 4893 me
2730 4841 2782 4893 in
2810 4852 2994 4893 terram
3015 4853 3201 4894 rectam
3229 4840 3398 4908 (l'sal.

1837 4911 1959 4970 142.
1994 4916 2105 4981 10).
2140 4912 2235 4967 Ubi
2270 4914 2381 4964 vult
2411 4922 2492 4965 est
2517 4911 2703 4972 Pater;
2738 4912 2933 4964 nemini
2964 4912 3102 4965 enim
3132 4913 3405 4980 subjectus

1836 4996 1947 5039 est:
1982 4986 2072 5039 ubi
2101 4981 2520 5043 voltestFiIius;
2558 4982 2690 5033 liber
2712 4983 2907 5051 quippe
2927 4992 3009 5035 est
3034 5000 3048 5033 :
3078 4983 3163 5035 tibi
3184 4985 3295 5036 vult
3321 4994 3406 5037 est.

1835 5057 2065 5125 Spiritus
2085 5066 2297 5108 sanctus
2323 5071 2337 5116 ;
2362 5070 2481 5105 natu
2503 5052 2723 5122 Spiritus
2740 5054 2819 5103 ubi
2844 5055 2946 5105 vult
2964 5053 3141 5125 spirat.
3166 5064 3212 5125 et
3235 5069 3404 5107 vocent

1835 5122 1945 5185 eius
1962 5126 2107 5179 audis
2122 5141 2140 5188 ;
2156 5125 2242 5177 sed
2259 5124 2418 5195 nescis
2431 5128 2561 5175 unde
2580 5126 2761 5195 veniat,
2781 5133 2864 5174 aut
2880 5140 2977 5195 quo
2990 5124 3139 5195 vadat
3154 5122 3329 5195 (Joan.
3348 5126 3401 5179 5.

1836 5198 1912 5253 ὃ).
1936 5196 2120 5251 Omnia
2143 5196 2377 5249 continet
2396 5194 2568 5259 Pater,
2596 5194 3021 5247 onmiacontiuet
3039 5194 3403 5254 Filius.omni.t

1834 5272 2072 5322 enminet
2092 5266 2321 5333 Spiritus
2337 5275 2578 5322 sanctus;
2607 5262 2768 5316 David
2789 5265 2932 5317 enim
2956 5265 3082 5318 dicit
3108 5283 3119 5317 :
3143 5266 3255 5333 Quo
3277 5266 3355 5318 ibo
3373 5284 3404 5317 a

1835 5340 2016 5406 spiritu
2045 5347 2161 5400 tuo,
2191 5347 2237 5389 et
2266 5354 2362 5404 quo
2389 5352 2419 5385 a
2449 5336 2576 5404 facie
2610 5345 2695 5406 tua
2720 5335 2921 5406 (fugiam
2952 5334 3124 5406 (Rcui.
3156 5338 3277 5391 158.
3312 5338 3408 5406 7)?

1835 5404 2182 5475 Oumipotens
2210 5420 2291 5461 est
2322 5406 2496 5467 Pater,
2543 5417 2601 5459 ut
2628 5404 2755 5457 dicit
2783 5405 2884 5458 Job
2912 5423 2925 5458 :
2973 5404 3128 5465 Novi,
3167 5404 3400 5472 Domine,

1834 5482 1969 5550 quod
1991 5479 2180 5550 omnia
2203 5547 2212 5550 _
2237 5478 2415 5546 possis,
2449 5477 2670 5550 iii/idque
2708 5475 2792 5527 tibi
2832 5477 2894 5550 sit
2922 5478 3226 5550 impossibile
3254 5477 3403 5545 (Job.

1837 5545 1923 5605 «12.
1953 5548 2029 5619 9.).
2062 5547 2407 5619 Omnipotens
2433 5556 2513 5599 est
2540 5545 2740 5619 Filius,
2760 5556 2815 5598 ut
2847 5546 2922 5601 ait
2953 5547 3029 5601 illi
3057 5549 3142 5616 qui
3176 5548 3258 5602 vix
3288 5564 3408 5601 cre-

1840 5616 1998 5675 debat
2047 5620 2096 5673 in
2154 5618 2435 5684 livangetio
2464 5636 2478 5671 :
2512 5616 2742 5670 llredcnti
2786 5620 2955 5669 onmiu
2994 5620 3251 5685 possibilia
3292 5633 3410 5673 sunt

1840 5691 2032 5755 (Marc.
2064 5691 2117 5743 9.
2149 5690 2260 5756 ‘22).
2293 5687 2643 5755 Omnipotens
2682 5697 2735 5740 ct
2764 5687 2992 5756 Spiritus
3023 5702 3239 5741 sanctus
3267 5707 3279 5741 :
3322 5701 3409 5745 est

1839 5760 2001 5818 enim.
2035 5759 2225 5825 inquit,
2253 5760 2340 5811 Dei
2372 5757 2796 5825 virtusSpiritus
2814 5771 3048 5818 sanctus,
3080 5759 3308 5820 Spiritus
3332 5762 3413 5815 iti-

1840 5824 2160 5899 telligt-ntige.
2192 5841 2423 5899 sanctus.
2449 5824 2817 5893 tnultil‘ortms,
2862 5830 3065 5895 tenuis,
3111 5831 3263 5884 facile
3294 5849 3413 5885 mo-

1842 5898 1982 5968 bilis,
2011 5902 2206 5965 clarus,
2228 5898 2558 5970 perspicuus,
2583 5910 2802 5963 llltusu‘a',
2826 5912 3033 5967 acutus,
3060 5916 3166 5956 non
3189 5902 3415 5975 impedi-
