4154 6188
2473 343 2524 352 ..-

1152 430 1848 607 Iusrriptio
1916 439 2729 574 habitatoris.

1747 660 2097 670 ._.__—_.———-

1591 755 2051 810 SANtLTISSIMU.
2105 755 2306 810 PA'l‘l’tl

1329 847 1449 905 ET.
1497 847 1572 906 D.
1619 848 1692 906 N.
1742 848 1892 907 PIO.
1941 848 2046 906 Vl.
2099 846 2328 906 PONT.
2377 848 2583 908 ΜΑΧ.

1210 944 1344 1010 QVI.
1391 947 1538 997 l‘liU.
1586 945 1840 1000 EXIMIU.
1889 947 1994 1002 ET.
2040 947 2424 1002 διδῦγιηιιιι.
2467 947 2715 1001 δ’ΠΙΙΜυ

1447 1035 2043 1092 ECCLESIASTICAE.
2088 1038 2472 1092 DOCTRINAF.

1079 1123 1552 1178 'CXCOLENDAE.
1613 1127 2180 1180 AMPLIFICANDAE.
2251 1125 2785 1184 COIiUNESTANDA
2799 1130 2838 1184 Ε

1381 1213 1694 1268 EDITIONI.
1759 1215 2106 1271 ROMANAE.
2165 1218 2468 1270 CAR.“le
2481 1221 2524 1272 Μ

1213 1304 1296 1362 M.
1347 1305 1699 1365 AVRELII.
1747 1307 2214 1368 CLEMENTlS.
2267 1311 2684 1372 PRUDENTII

1121 1403 1440 1459 TITVLVSI.
1492 1405 2328 1476 SACIiATlSSlMl.Nullus.
2381 1413 2780 1468 I’RAESCRIBI

1531 1495 2016 1551 BENIGNISSIME.
2061 1499 2368 1553 lNDVLSlT

1091 1584 1428 1640 VOLVMEN.
1485 1586 1830 1642 ALTERV“.
1882 1589 2038 1654 QVO.
2089 1589 2535 1645 CATiIULHWS.
2581 1591 2808 1646 POETA

951 1675 1372 1732 CONCVLCAT.
1423 1679 1667 1733 SHIRA.
1718 1679 2046 1734 CESTIVM.
2099 1681 2351 1736 LABEM.
2403 1682 2672 1738 INFERT.
2723 1685 2941 1740 lDOLlS

937 1766 1236 1824 CARMEN.
1299 1770 1761 1824 MABTYHIBVS.
1827 1771 2165 1826 DEVUVET.
2225 1775 2518 1829 LAYDAT.
2581 1776 2972 1833 APOS'l‘OLOS

1547 1861 1950 1917 FAVSTINVS.
2001 1863 2370 1918 AREVALVS

1123 1950 1308 2006 POST.
1355 1949 1750 2004 llVIlrllLLlli-IA.
1797 1950 2050 2006 PEDVM.
2091 1951 2376 2008 OSCV’LA.
2423 1955 2788 2011 BEATORVII

1367 2067 1374 2072 -
1599 2041 1658 2092 υ.
1741 2039 1803 2092 ι).
1885 2041 1944 2094 L.
2023 2042 2294 2096 MERITU.

1699 2319 2240 2398 PRIEFATIO.

385 2517 596 2584 Habes,
639 2517 698 2571 L.
737 2518 819 2582 8.,
851 2517 1289 2572 commentarium
1343 2517 1393 2568 in
1436 2517 1712 2570 Prudentii
1752 2519 2026 2580 carmina,
2067 2533 2185 2584 qua
2223 2531 2534 2584 supererant
2573 2521 2914 2586 excudenda,
2955 2525 3126 2579 serius
3163 2526 3388 2583 fortasse
3424 2545 3580 2599 quam

305 2614 605 2664 multorum
637 2609 839 2678 opinio,
869 2620 956 2661 aut
981 2609 1139 2662 etiam
1169 2608 1495 2676 exspectatio
1526 2607 1749 2675 ferebat,
1783 2621 1967 2660 verum
1998 2607 2162 2660 multo
2189 2608 2344 2662 citius
2366 2621 2522 2674 quam
2553 2619 2644 2662 aut
2671 2625 2756 2663 res
2789 2613 2898 2678 ipsa
2925 2615 3029 2681 pati
3059 2615 3254 2671 debere
3278 2619 3578 2681 videbatur,

305 2709 407 2754 aut
436 2716 592 2768 quam
621 2701 942 2755 destinatum
972 2699 1102 2752 mihi
1155 2709 1270 2751 erat
1311 2709 1367 2750 ut
1395 2712 1529 2768 Opus
1557 2713 1622 2750 ex
1649 2695 1810 2749 animi
1844 2695 1944 2750 mei
1976 2697 2240 2750 sententia
2274 2698 2326 2748 in
2359 2697 2530 2750 lucem
2561 2699 2817 2763 prodiret.
2861 2699 3116 2768 Equidem
3147 2705 3396 2760 volumen
3429 2709 3578 2775 prius

305 2808 340 2847 e
369 2794 618 2848 manibus
655 2795 784 2848 mihi
832 2793 992 2856 elabi,
1035 2801 1194 2860 atque
1239 2793 1290 2844 in
1341 2789 1534 2858 vulgus
1577 2787 1784 2854 venire,
1828 2787 1966 2840 baud
2003 2802 2142 2855 aegre
2185 2787 2430 2850 tuleram,
2480 2788 2618 2854 quod
2657 2788 2726 2841 ita
2761 2799 2974 2842 mecum
3039 2795 3419 2848 constitueram
3463 2799 3578 2852 ﬁeri

308 2899 480 2954 posse
511 2895 568 2938 ut
596 2885 821 2939 aliorum
861 2899 960 2951 qua
997 2883 1240 2949 monitis,
1283 2895 1382 2950 qua
1414 2876 1924 2947 reprehensionibus
1957 2876 2162 2929 doctior
2193 2876 2382 2940 factus,
2411 2885 2500 2928 aut
2530 2876 2782 2929 nonnulla
2809 2876 2916 2944 jam
2945 2877 3084 2932 dicta
3123 2890 3492 2951 retractarem,
3525 2885 3578 2940 in

307 2977 612 3041 meliusque
659 2985 1049 3038 converterem,
1101 2983 1192 3026 aut
1233 2972 1486 3040 deinceps
1538 2970 1766 3024 dicenda
1818 2968 1882 3020 ad
1932 2969 2256 3022 seieriorem
2302 2967 2576 3035 iudicandi
2625 2982 2866 3022 normam
2920 2970 3210 3038 exigerem.
3263 2975 3430 3044 Hujus
3476 2980 3582 3032 mei

307 3066 526 3120 consilii
553 3066 885 3120 exstiteritne
915 3064 1108 3133 aliquis
1137 3055 1368 3126 fructus,
1402 3063 1541 3115 ultro
1570 3061 1689 3113 aliis
1719 3057 2066 3127 judicandmn
2098 3056 2481 3123 relinquerem,
2523 3055 2624 3109 nisi
2657 3070 2769 3110 rem
2811 3059 2878 3111 ita
2919 3073 3038 3113 esse
3065 3062 3198 3127 grati
3229 3064 3390 3116 animi
3422 3080 3580 3119 causa

309 3166 599 3224 praestaret
638 3158 770 3226 proli
796 3157 892 3210 eri.
939 3155 1160 3218 Verum,
1200 3155 1244 3207 si
1276 3154 1416 3222 quod
1461 3153 1600 3206 aliud
1645 3151 1950 3219 scriptionis
1991 3163 2190 3217 genus,
2232 3149 2647 3203 commentarius
2688 3160 2832 3204 certe
2875 3150 2929 3203 in
2961 3151 3327 3209 doctissimum
3371 3168 3580 3226 poetam

307 3247 674 3302 Christianum
705 3247 938 3301 diuturni
968 3248 1222 3314 temporis
1252 3259 1396 3297 mora
1429 3243 1628 3311 ind'get
1655 3241 1718 3295 ad
1748 3242 2128 3295 maturitatem.
2159 3239 2288 3294 Nam
2319 3239 2372 3292 in
2405 3241 2664 3294 varietate
2693 3253 2743 3293 et
2771 3242 2924 3310 copia
2952 3257 3384 3313 argumentorum
3415 3267 3581 3320 prOpe

305 3338 520 3391 infinita
561 3353 716 3406 quam
759 3337 944 3398 multa,
984 3337 1142 3390 etiam
1178 3335 1303 3389 dum
1346 3333 1488 3386 aliud
1525 3334 1759 3402 agimus,
1794 3341 2002 3398 tempus
2041 3341 2094 3386 et
2134 3345 2289 3385 casus
2321 3329 2582 3394 oderunt,
2633 3348 2750 3398 qum
2789 3333 3053 3389 incassum
3099 3338 3232 3393 alias
3276 3357 3580 3409 qumreres,

307 3443 376 3482 ac
419 3444 486 3482 ne
509 3429 756 3498 cogitatio
798 3429 1010 3497 quidem
1053 3425 1324 3498 quaerendi
1367 3425 1522 3480 facile
1563 3426 1926 3479 excitaretur?
1969 3422 2104 3488 Quid
2153 3425 2203 3477 in
2251 3423 2364 3490 ipsa
2402 3421 2536 3477 adeo
2576 3421 2818 3479 familiari
2859 3435 2914 3480 et
2956 3429 3261 3495 quotidiana
3307 3436 3572 3490 sermonis

309 3519 800 3572 communicatione
834 3518 1054 3572 consilia
1085 3517 1361 3571 doctorum
1419 3515 1692 3568 hominum
1735 3525 1788 3568 et
1816 3514 2041 3582 cogitata
2074 3514 2530 3570 enimnemorem?
2577 3513 2756 3568 liomze
2797 3517 3122 3584 prmsertim,
3165 3518 3251 3572 ubi
3286 3529 3388 3575 tam
3421 3525 3574 3577 multi

311 3619 440 3665 sunt
473 3611 564 3679 qui
609 3611 664 3663 in
703 3610 1103 3678 antiquitatibus
1150 3608 1316 3662 sacris
1363 3617 1416 3662 et
1459 3608 1691 3677 profanis
1741 3607 2119 3675 invesngandis
2159 3606 2346 3673 juvare
2393 3616 2444 3660 te
2493 3605 2694 3673 possint
2736 3615 2790 3660 et
2828 3607 3011 3670 velint,
3054 3625 3312 3681 nusquam
3357 3625 3412 3668 ut
3452 3614 3579 3670 alibi

313 3707 520 3771 majora
563 3701 741 3756 adsint
786 3703 1082 3770 adiumenta
1137 3699 1201 3754 ai]
1254 3699 1554 3768 ltujusmodi
1605 3715 1783 3754 rerum
1835 3697 2315 3752 commentationes
2366 3697 2738 3763 perficiendas.
2799 3697 3064 3755 Cancrum
3114 3718 3182 3758 ne
3231 3705 3494 3760 tarditatis
3535 3714 3586 3761 et

313 3795 811 3866 procrastinationis
850 3810 1072 3864 arguar,
1107 3803 1210 3856 aut
1239 3807 1479 3848 cessasse
1514 3793 1689 3862 potius
1727 3792 1916 3846 videar
1978 3805 2134 3860 quam
2179 3791 2436 3858 temporis
2478 3793 2928 3858 Opportunitatem
2971 3794 3204 3849 voluisse
3241 3808 3586 3870 exspectare,

315 3886 494 3955 quoad
532 3902 664 3954 opus
693 3896 1090 3951 maturesceret,
1124 3885 1348 3939 aliorum
1378 3885 1592 3940 demum
1620 3887 1846 3938 consilio
1881 3883 2150 3952 acquievi,
2185 3897 2495 3952 moremque
2525 3881 2786 3936 voluntati
2813 3885 2974 3952 gessi.
3008 3885 3140 3939 Illud
3172 3889 3329 3940 etiam
3360 3888 3586 3945 addebat

315 3981 555 4038 animos.
593 3979 730 4046 quod
763 3978 1076 4031 industriam
1107 3991 1136 4030 a
1165 3991 1248 4030 me
1277 3977 1328 4030 in
1367 3977 1528 4044 priori
1559 3975 1831 4029 volumine
1861 3975 2084 4043 positam
2117 3973 2264 4026 multi
2301 3971 2398 4026 viri
2428 3985 2617 4040 graves
2655 3971 2753 4026 sibi
2785 3987 2888 4025 non
2919 3973 3092 4026 solum
3125 3985 3362 4043 gratam,
3397 3991 3585 4031 verum

263 4099 268 4104 -
315 4070 482 4125 etiam
513 4073 692 4123 ratam'
712 4070 874 4122 fuisse
913 4067 1049 4120 haud
1081 4069 1304 4120 obscura
1343 4065 1503 4120 animi
1535 4066 1923 4136 signiﬁcatione
1954 4065 2292 4119 dcclararunt
2330 4079 2343 4116 :
2381 4064 2514 4131 viri,
2549 4064 2793 4131 inquam,
2827 4077 3046 4132 graves,
3077 4075 3107 4118 a
3141 4064 3368 4133 partium
3409 4068 3584 4124 Studia

315 4163 542 4224 semoti,
573 4175 626 4216 et
654 4161 761 4214 acri
790 4159 984 4228 judicio
1013 4167 1356 4228 prarstantes,
1389 4159 1588 4227 quique
1618 4165 1876 4226 prasterea
1911 4157 2133 4210 liberam
2177 4155 2496 4210 sententiam
2531 4156 2770 4210 omnium
2803 4155 3034 4209 maxime
3069 4155 3314 4223 proferre
3344 4173 3585 4224 possunt.

315 4255 632 4324 Quan‘qnam
667 4253 734 4308 de
763 4269 848 4306 me
885 4254 1005 4322 quis
1035 4251 1304 4316 liberrime
1335 4267 1439 4304 non
1467 4251 1704 4318 judicet?
1743 4251 1832 4317 qui
1885 4250 2166 4304 liberiores
2193 4249 2549 4318 quorumlibet
2581 4248 2856 4302 hominum
2895 4262 3179 4316 censuras,
3213 4251 3584 4320 prmjudicatas

317 4345 486 4400 etiam
517 4359 618 4396 non
649 4343 934 4408 legentium
967 4341 1362 4409 castigationes,
1393 4340 1600 4392 fa-titlia
1631 4355 1816 4393 eorum
1849 4340 1960 4407 qui,
1986 4355 2105 4392 cum
2139 4339 2358 4392 meliora
2391 4340 2623 4394 fortasse
2653 4339 2828 4393 facere
2860 4341 2956 4408 ipsi
2985 4343 3213 4408 possint,
3243 4341 3372 4398 nihil
3407 4354 3582 4404 tamen

317 4435 606 4498 cxtricant,
637 4434 944 4498 maluntque
971 4429 1024 4481 in
1055 4429 1322 4496 republica
1353 4429 1610 4482 litteraria
1637 4427 1835 4495 judicia
1869 4427 2006 4482 ferre
2036 4441 2191 4494 quam
2224 4429 2424 4490 subire,
2455 4444 2556 4482 nec
2583 4427 2834 4483 cohibere
2867 4445 3086 4498 possrm,
3121 4431 3164 4484 si
3199 4432 3378 4495 velim,
3411 4452 3584 4505 neque

317 4523 458 4574 adeo
497 4521 672 4582 velim,
710 4519 754 4573 si
796 4520 1015 4588 possim.
1055 4521 1170 4584 Quo
1209 4519 1460 4586 majorem
1497 4519 1716 4584 gratiam
1761 4518 1843 4571 bis
1881 4517 2078 4572 habere
2105 4517 2294 4582 debeo,
2342 4520 2433 4587 qui
2472 4519 2606 4572 bene
2641 4520 2708 4572 de
2739 4535 2823 4574 me
2859 4533 2982 4575 sont
3023 4523 3218 4576 meriti.
3261 4525 3584 4595 Accedebat,

317 4613 466 4682 quod
509 4627 624 4664 cum
673 4609 878 4663 duobus
925 4607 1284 4662 voluminibus
1329 4607 1565 4662 carmina
1603 4605 1876 4660 Prudentii
1927 4607 2384 4676 comprehendere
2428 4608 2831 4673 decrevissem,
2888 4609 2958 4662 ita
3006 4624 3192 4664 eorum
3241 4613 3412 4670 moles
3455 4620 3585 4674 mibi

318 4699 662 4766 necopiuauti
699 4698 948 4761 accrevit,
983 4705 1039 4750 tit
1071 4697 1218 4766 plura
1260 4711 1532 4758 resecare,
1565 4695 1809 4764 qtmdzttn
1851 4695 1904 4747 in
1937 4695 2076 4748 aliud
2118 4711 2252 4763 opus
2285 4697 2504 4764 rejiccre
2541 4706 2756 4750 coactus
2795 4699 2914 4751 sint.
2963 4699 3136 4768 Atque
3175 4700 3226 4754 id
3259 4707 3580 4775 praecipuum

321 4789 458 4843 illud
483 4800 584 4852 est,
612 4787 750 4856 quod
782 4796 903 4840 ante
932 4799 1150 4840 monere
1178 4783 1340 4848 Volui,
1375 4798 1439 4836 ne
1468 4783 1584 4837 sine
1613 4799 1770 4838 causa
1794 4783 2006 4860 ‘praalari
2039 4783 2240 4837 videar.
2273 4785 2480 4853 Quippe
2534 4787 2794 4854 pollicitus
2823 4786 3024 4842 fueram
3053 4789 3184 4843 duas
3214 4805 3300 4846 me
3326 4793 3582 4851 diatribas

319 4877 708 4931 commentario
741 4883 872 4942 posti
893 4875 1049 4928 rioris
1079 4873 1235 4940 hujus
1263 4873 1546 4926 voluminis
1575 4873 2002 4941 pra-positurum,
2037 4873 2260 4928 alteram
2291 4877 2358 4928 de
2384 4876 2671 4930 Evcrsione
2701 4891 2806 4930 arte
2825 4877 3333 4944 Victoriae,alteratu
3363 4885 3428 4939 de
3449 4885 3579 4942 Fide

323 4965 598 5019 Prudentii
641 4965 690 5016 in
735 4965 862 5018 actis
916 4963 1014 5018 SS.
1041 4971 1330 5032 martyrum
1381 4961 1695 5015 referendis.
1737 4963 1938 5026 Quibus
1979 4965 2046 5015 de
2085 4968 2242 5016 rebus
2289 4977 2408 5017 cum
2452 4965 2598 5019 locus
2639 4983 2744 5020 non
2783 4968 2854 5022 sit
2898 4969 3115 5024 uberius
3155 4970 3482 5040 disserendi,
3526 4975 3578 5031 in

323 5057 721 5112 commentariis
763 5071 824 5108 ea
870 5055 984 5108 dixi
1033 5067 1150 5122 qua:
1196 5051 1492 5106 necessaria
1543 5053 1650 5104 ViSJ
1700 5063 1840 5116 sunt,
1887 5061 1940 5105 et
1974 5053 2102 5105 satis
2141 5065 2260 5105 esse
2294 5051 2488 5107 debent
2533 5054 2598 5108 ad
2645 5064 2852 5123 poetam
2896 5058 3319 5126 explanandum,
3359 5061 3579 5133 ejusque

323 5153 694 5208 auctoritatem
739 5147 1126 5204 vindicandam.
1179 5147 1292 5200 Alia
1335 5161 1454 5214 quae
1503 5147 1554 5197 in
1601 5153 1828 5214 utroque
1874 5155 2185 5213 argumento
2226 5144 2525 5199 distinctius
2571 5158 2624 5200 et
2666 5148 2981 5216 explicatius
3034 5152 3406 5218 pertractando
3453 5157 3576 5210 addi

323 5251 582 5312 possunt.
633 5243 702 5294 ita
749 5249 994 5309 separato
1047 5252 1210 5304 opere
1259 5235 1536 5304 complecti
1585 5243 1668 5288 est
1710 5235 1952 5298 animus,
2003 5245 2060 5287 ut.
2107 5235 2172 5286 ad
2203 5235 2473 5289 l’rodenti‘
2521 5238 3011 5306 interpretationem
3041 5243 3418 5297 absolvcndam
3469 5263 3576 5305 non

321 5349 714 5403 supervacanea
756 5334 884 5394 sint,
918 5329 962 5386 si
992 5331 1268 5394 accedant,
1305 5342 1496 5396 neque,
1530 5328 1574 5380 si
1605 5327 1800 5394 absint,
1833 5342 2152 5396 magnoPere
2182 5328 2572 5384 desiderentur.
2605 5329 2784 5399 Itaque
2815 5331 3156 5386 Prudentium
3189 5333 3410 5400 perinde
3440 5355 3580 5398 nunc

319 5426 450 5491 edo,
486 5438 548 5477 ac
574 5437 664 5475 sua
691 5436 856 5488 Opera
883 5419 1158 5472 absolvere
1183 5417 1358 5472 solent
1386 5417 1622 5471 nonnulli
1652 5417 1956 5484 architecti,
1989 5417 2076 5485 qui
2109 5417 2311 5472 aedibus
2339 5421 2581 5488 quamvis
2611 5423 2982 5490 amplissimis,
3010 5434 3062 5474 et
3090 5423 3283 5489 quibus
3310 5427 3440 5482 nihil
3469 5434 3578 5502 jam

320 5515 394 5567 ad
441 5512 816 5582 perfectionem
865 5519 918 5562 et
959 5508 1348 5562 absolutionem
1397 5506 1640 5560 videatur
1687 5507 1909 5571 deesse,
1961 5508 2030 5560 ita
2079 5519 2255 5562 tamen
2307 5509 2576 5578 fastigium
2629 5510 2934 5580 imponunt,
2981 5521 3038 5564 ut
3082 5529 3145 5567 ex
3189 5515 3365 5585 aliquo
3413 5521 3579 5581 latere,

315 5605 676 5678 prﬂjccmras.
716 5611 768 5656 ει
806 5599 1104 5668 crepidines
1147 5613 1444 5660 murorum,
1469 5597 1618 5666 quasi
1655 5597 1876 5664 vestigia
1921 5597 2264 5652 continuandi
2306 5600 2503 5666 aperis,
2549 5600 2868 5668 relinquant,
2909 5600 3048 5654 unde
3093 5603 3374 5662 aedilicium
3413 5615 3576 5679 possit

323 5701 414 5756 vel
448 5699 517 5754 ab
549 5695 710 5764 ipsis,
743 5694 822 5746 vel
858 5693 924 5744 ab
953 5692 1104 5752 aliis.
1138 5693 1182 5746 si
1216 5707 1344 5746 usus
1370 5690 1576 5756 veniat,
1607 5687 1885 5756 aliquando
1910 5681 2246 5758 a'mplilicari,
2271 5698 2323 5743 ct
2351 5689 2402 5743 in
2433 5689 2788 5758 augustiorem
2819 5689 3039 5744 formam
3073 5693 3258 5764 redigi.
3290 5697 3436 5753 Vale.

571 5789 842 5847 PATROL.
891 5782 1024 5842 LX.
2811 5820 2816 5824 ι
3270 5785 3297 5843 1
